  <div class='ocr_page' id='page_1' title='image "/cluster/home/n/w/nwhite01/storage/ocr_20150623/130/hvd.32044073502387/152.png"; bbox 0 0 3994 6204; ppageno 0'>
   <div class='ocr_carea' id='block_1_1' title="bbox 199 331 303 396">
    <p class='ocr_par' dir='ltr' id='par_1_1' title="bbox 199 331 303 396">
     <span class='ocr_line' id='line_1_1' title="bbox 199 331 303 396; baseline -0.019 0"><span class='ocrx_word' id='word_1_1' title='bbox 199 331 303 396; x_wconf 79' lang='lat'><strong>293</strong></span> 
     </span>
    </p>
   </div>
   <div class='ocr_carea' id='block_1_2' title="bbox 1161 336 2554 409">
    <p class='ocr_par' dir='ltr' id='par_1_2' title="bbox 1161 336 2554 409">
     <span class='ocr_line' id='line_1_2' title="bbox 1161 336 2554 409; baseline 0.006 -11"><span class='ocrx_word' id='word_1_2' title='bbox 1161 336 1544 398; x_wconf 72' lang='lat' dir='ltr'><strong>PA&#39;NOPLIA</strong></span> <span class='ocrx_word' id='word_1_3' title='bbox 1587 337 2052 403; x_wconf 80' lang='lat' dir='ltr'><strong>DOGMATICA.</strong></span> <span class='ocrx_word' id='word_1_4' title='bbox 2089 366 2158 379; x_wconf 72' lang='grc'><strong>’-</strong></span> <span class='ocrx_word' id='word_1_5' title='bbox 2196 344 2342 408; x_wconf 86' lang='lat' dir='ltr'><strong>TlT.</strong></span> <span class='ocrx_word' id='word_1_6' title='bbox 2388 345 2554 409; x_wconf 80' lang='grc' dir='ltr'><strong>νηι.</strong></span> 
     </span>
    </p>
   </div>
   <div class='ocr_carea' id='block_1_3' title="bbox 3368 356 3479 423">
    <p class='ocr_par' dir='ltr' id='par_1_3' title="bbox 3368 356 3479 423">
     <span class='ocr_line' id='line_1_3' title="bbox 3368 356 3479 423; baseline 0.018 -2"><span class='ocrx_word' id='word_1_7' title='bbox 3368 356 3479 423; x_wconf 68' lang='grc'><strong>294</strong></span> 
     </span>
    </p>
   </div>
   <div class='ocr_carea' id='block_1_4' title="bbox 201 442 1776 531">
    <p class='ocr_par' dir='ltr' id='par_1_4' title="bbox 201 442 1773 521">
     <span class='ocr_line' id='line_1_4' title="bbox 201 442 1773 521; baseline 0.005 -27"><span class='ocrx_word' id='word_1_8' title='bbox 201 459 365 513; x_wconf 79' lang='grc' dir='ltr'><strong>μοσιν</strong></span> <span class='ocrx_word' id='word_1_9' title='bbox 394 442 832 516; x_wconf 81' lang='grc' dir='ltr'><strong>ἀπεδείχθησαν.</strong></span> <span class='ocrx_word' id='word_1_10' title='bbox 863 446 937 501; x_wconf 84' lang='grc' dir='ltr'><strong>Τὸ</strong></span> <span class='ocrx_word' id='word_1_11' title='bbox 967 447 1099 521; x_wconf 78' lang='grc' dir='ltr'><strong>γὰρ,</strong></span> <span class='ocrx_word' id='word_1_12' title='bbox 1131 451 1246 502; x_wconf 68' lang='grc' dir='ltr'><strong>Οὐκ</strong></span> <span class='ocrx_word' id='word_1_13' title='bbox 1277 445 1444 520; x_wconf 72' lang='grc' dir='ltr'><strong>ἦλθον</strong></span> <span class='ocrx_word' id='word_1_14' title='bbox 1475 448 1664 520; x_wconf 83' lang='grc' dir='ltr'><strong>βαλεῖν</strong></span> <span class='ocrx_word' id='word_1_15' title='bbox 1723 449 1773 502; x_wconf 83' lang='grc' dir='ltr'><strong>εί</strong></span> 
     </span>
    </p>
   </div>
   <div class='ocr_carea' id='block_1_5' title="bbox 1879 442 3479 531">
    <p class='ocr_par' dir='ltr' id='par_1_5' title="bbox 1900 452 3479 531">
     <span class='ocr_line' id='line_1_5' title="bbox 1900 452 3479 531; baseline 0.014 -28"><span class='ocrx_word' id='word_1_16' title='bbox 1900 452 1989 506; x_wconf 84' lang='lat' dir='ltr'><strong>tibi</strong></span> <span class='ocrx_word' id='word_1_17' title='bbox 2021 454 2358 528; x_wconf 72' lang='lat' dir='ltr'><strong>divulgatum</strong></span> <span class='ocrx_word' id='word_1_18' title='bbox 2385 467 2470 515; x_wconf 88' lang='lat' dir='ltr'><strong>est</strong></span> <span class='ocrx_word' id='word_1_19' title='bbox 2503 459 2882 531; x_wconf 82' lang='lat' dir='ltr'><strong>Evangelium,</strong></span> <span class='ocrx_word' id='word_1_20' title='bbox 2915 478 3108 521; x_wconf 87' lang='lat' dir='ltr'><strong>omnes</strong></span> <span class='ocrx_word' id='word_1_21' title='bbox 3152 483 3320 522; x_wconf 89' lang='lat' dir='ltr'><strong>unum</strong></span> <span class='ocrx_word' id='word_1_22' title='bbox 3350 485 3479 525; x_wconf 86' lang='lat' dir='ltr'><strong>eor-</strong></span> 
     </span>
    </p>
   </div>
   <div class='ocr_carea' id='block_1_6' title="bbox 195 537 1793 612">
    <p class='ocr_par' dir='ltr' id='par_1_6' title="bbox 195 537 1793 612">
     <span class='ocr_line' id='line_1_6' title="bbox 195 537 1793 612; baseline 0.005 -26"><span class='ocrx_word' id='word_1_23' title='bbox 195 537 372 607; x_wconf 75' lang='grc' dir='ltr'><strong>ρήνην</strong></span> <span class='ocrx_word' id='word_1_24' title='bbox 400 537 501 589; x_wconf 69' lang='grc' dir='ltr'><strong>ἐπὶ</strong></span> <span class='ocrx_word' id='word_1_25' title='bbox 546 539 650 608; x_wconf 74' lang='grc' dir='ltr'><strong>τὴν</strong></span> <span class='ocrx_word' id='word_1_26' title='bbox 684 538 809 609; x_wconf 82' lang='grc' dir='ltr'><strong>γῆν,</strong></span> <span class='ocrx_word' id='word_1_27' title='bbox 838 539 977 594; x_wconf 79' lang='grc' dir='ltr'><strong>ἀλλὰ</strong></span> <span class='ocrx_word' id='word_1_28' title='bbox 1003 544 1305 612; x_wconf 79' lang='grc' dir='ltr'><strong>μάχαιραν,</strong></span> <span class='ocrx_word' id='word_1_29' title='bbox 1338 543 1402 596; x_wconf 80' lang='grc' dir='ltr'><strong>οὐ</strong></span> <span class='ocrx_word' id='word_1_30' title='bbox 1463 545 1594 612; x_wconf 73' lang='grc' dir='ltr'><strong>περὶ</strong></span> <span class='ocrx_word' id='word_1_31' title='bbox 1629 543 1793 596; x_wconf 83' lang='grc' dir='ltr'><strong>πολε-</strong></span> 
     </span>
    </p>
   </div>
   <div class='ocr_carea' id='block_1_7' title="bbox 194 625 1794 702">
    <p class='ocr_par' dir='ltr' id='par_1_7' title="bbox 194 625 1794 702">
     <span class='ocr_line' id='line_1_7' title="bbox 194 625 1794 702; baseline 0.006 -25"><span class='ocrx_word' id='word_1_32' title='bbox 194 625 369 695; x_wconf 82' lang='grc' dir='ltr'><strong>μικῆς</strong></span> <span class='ocrx_word' id='word_1_33' title='bbox 411 625 635 696; x_wconf 79' lang='grc' dir='ltr'><strong>εἴρηται</strong></span> <span class='ocrx_word' id='word_1_34' title='bbox 673 630 978 700; x_wconf 74' lang='grc' dir='ltr'><strong>μαχαίρας.</strong></span> <span class='ocrx_word' id='word_1_35' title='bbox 1039 632 1306 702; x_wconf 81' lang='grc' dir='ltr'><strong>Μάχαιρα</strong></span> <span class='ocrx_word' id='word_1_36' title='bbox 1340 633 1451 702; x_wconf 84' lang='grc' dir='ltr'><strong>γὰρ</strong></span> <span class='ocrx_word' id='word_1_37' title='bbox 1479 632 1550 702; x_wconf 80' lang='grc' dir='ltr'><strong>ἢν</strong></span> <span class='ocrx_word' id='word_1_38' title='bbox 1597 632 1794 686; x_wconf 77' lang='grc' dir='ltr'><strong>ἔϐαλεν</strong></span> 
     </span>
    </p>
   </div>
   <div class='ocr_carea' id='block_1_8' title="bbox 189 714 1793 791">
    <p class='ocr_par' dir='ltr' id='par_1_8' title="bbox 189 714 1793 791">
     <span class='ocr_line' id='line_1_8' title="bbox 189 714 1793 791; baseline 0.007 -26"><span class='ocrx_word' id='word_1_39' title='bbox 189 715 222 765; x_wconf 73' lang='grc' dir='ltr'><strong>ὁ</strong></span> <span class='ocrx_word' id='word_1_40' title='bbox 250 714 516 784; x_wconf 79' lang='grc' dir='ltr'><strong>Χριστὸς,</strong></span> <span class='ocrx_word' id='word_1_41' title='bbox 547 718 610 769; x_wconf 80' lang='grc' dir='ltr'><strong>τὸ</strong></span> <span class='ocrx_word' id='word_1_42' title='bbox 641 719 930 789; x_wconf 82' lang='grc' dir='ltr'><strong>κήρυγμα,</strong></span> <span class='ocrx_word' id='word_1_43' title='bbox 975 723 1070 774; x_wconf 81' lang='grc' dir='ltr'><strong>καὶ</strong></span> <span class='ocrx_word' id='word_1_44' title='bbox 1096 723 1129 791; x_wconf 79' lang='grc' dir='ltr'>ἡ</span> <span class='ocrx_word' id='word_1_45' title='bbox 1170 723 1366 776; x_wconf 83' lang='grc' dir='ltr'><strong>τούτου</strong></span> <span class='ocrx_word' id='word_1_46' title='bbox 1409 723 1618 786; x_wconf 68' lang='grc' dir='ltr'><strong>πίστις,</strong></span> <span class='ocrx_word' id='word_1_47' title='bbox 1650 723 1793 776; x_wconf 79' lang='grc' dir='ltr'><strong>διαιο</strong></span> 
     </span>
    </p>
   </div>
   <div class='ocr_carea' id='block_1_9' title="bbox 193 801 1794 884">
    <p class='ocr_par' dir='ltr' id='par_1_9' title="bbox 193 801 1794 884">
     <span class='ocr_line' id='line_1_9' title="bbox 193 801 1794 884; baseline 0.008 -31"><span class='ocrx_word' id='word_1_48' title='bbox 193 801 371 870; x_wconf 78' lang='grc' dir='ltr'><strong>ροῦσα</strong></span> <span class='ocrx_word' id='word_1_49' title='bbox 403 805 500 856; x_wconf 70' lang='grc' dir='ltr'><strong>τὸν</strong></span> <span class='ocrx_word' id='word_1_50' title='bbox 521 806 715 858; x_wconf 82' lang='grc' dir='ltr'><strong>πιστὸν</strong></span> <span class='ocrx_word' id='word_1_51' title='bbox 762 808 874 860; x_wconf 84' lang='grc' dir='ltr'><strong>ἀπὸ</strong></span> <span class='ocrx_word' id='word_1_52' title='bbox 921 809 1016 862; x_wconf 82' lang='grc' dir='ltr'><strong>τοῦ</strong></span> <span class='ocrx_word' id='word_1_53' title='bbox 1056 811 1312 875; x_wconf 77' lang='grc' dir='ltr'><strong>ἀπίστου,</strong></span> <span class='ocrx_word' id='word_1_54' title='bbox 1371 811 1466 864; x_wconf 79' lang='grc' dir='ltr'><strong>καὶ</strong></span> <span class='ocrx_word' id='word_1_55' title='bbox 1516 814 1794 884; x_wconf 78' lang='grc' dir='ltr'><strong>τέμνουσα</strong></span> 
     </span>
    </p>
   </div>
   <div class='ocr_carea' id='block_1_10' title="bbox 192 895 1791 970">
    <p class='ocr_par' dir='ltr' id='par_1_10' title="bbox 192 895 1791 970">
     <span class='ocr_line' id='line_1_10' title="bbox 192 895 1791 970; baseline 0.009 -25"><span class='ocrx_word' id='word_1_56' title='bbox 192 895 297 964; x_wconf 79' lang='grc' dir='ltr'><strong>τὴν</strong></span> <span class='ocrx_word' id='word_1_57' title='bbox 323 896 421 946; x_wconf 82' lang='grc' dir='ltr'><strong>ἐπὶ</strong></span> <span class='ocrx_word' id='word_1_58' title='bbox 451 897 612 968; x_wconf 81' lang='grc' dir='ltr'><strong>κακῷ</strong></span> <span class='ocrx_word' id='word_1_59' title='bbox 649 898 840 969; x_wconf 79' lang='grc' dir='ltr'><strong>σχέσιν</strong></span> <span class='ocrx_word' id='word_1_60' title='bbox 894 902 988 954; x_wconf 75' lang='grc' dir='ltr'><strong>καὶ</strong></span> <span class='ocrx_word' id='word_1_61' title='bbox 1016 903 1339 970; x_wconf 78' lang='grc' dir='ltr'><strong>συμφωνίαν</strong></span> <span class='ocrx_word' id='word_1_62' title='bbox 1396 905 1603 959; x_wconf 80' lang='grc' dir='ltr'><strong>αὐτῶν.</strong></span> <span class='ocrx_word' id='word_1_63' title='bbox 1646 905 1791 958; x_wconf 80' lang='grc' dir='ltr'><strong>Ἀλλ’</strong></span> 
     </span>
    </p>
   </div>
   <div class='ocr_carea' id='block_1_11' title="bbox 193 989 1793 1065">
    <p class='ocr_par' dir='ltr' id='par_1_11' title="bbox 193 989 1793 1065">
     <span class='ocr_line' id='line_1_11' title="bbox 193 989 1793 1065; baseline 0.008 -24"><span class='ocrx_word' id='word_1_64' title='bbox 193 989 342 1042; x_wconf 77' lang='grc' dir='ltr'><strong>οὕτω</strong></span> <span class='ocrx_word' id='word_1_65' title='bbox 376 989 482 1059; x_wconf 82' lang='grc' dir='ltr'><strong>μὲν</strong></span> <span class='ocrx_word' id='word_1_66' title='bbox 513 989 578 1042; x_wconf 80' lang='grc' dir='ltr'><strong>τὸ</strong></span> <span class='ocrx_word' id='word_1_67' title='bbox 595 992 739 1045; x_wconf 78' lang='grc' dir='ltr'><strong>κατὰ</strong></span> <span class='ocrx_word' id='word_1_68' title='bbox 763 994 1011 1064; x_wconf 82' lang='grc' dir='ltr'><strong>Μιχαίαν</strong></span> <span class='ocrx_word' id='word_1_69' title='bbox 1038 1008 1054 1024; x_wconf 84' lang='grc'><strong>⁸</strong></span> <span class='ocrx_word' id='word_1_70' title='bbox 1090 995 1293 1065; x_wconf 85' lang='grc' dir='ltr'><strong>ίδωμεν</strong></span> <span class='ocrx_word' id='word_1_71' title='bbox 1316 996 1373 1050; x_wconf 82' lang='grc' dir='ltr'><strong>δὲ</strong></span> <span class='ocrx_word' id='word_1_72' title='bbox 1405 999 1501 1050; x_wconf 72' lang='grc' dir='ltr'><strong>καὶ</strong></span> <span class='ocrx_word' id='word_1_73' title='bbox 1541 999 1608 1052; x_wconf 83' lang='grc' dir='ltr'><strong>τὸ</strong></span> <span class='ocrx_word' id='word_1_74' title='bbox 1647 999 1793 1052; x_wconf 83' lang='grc' dir='ltr'><strong>κατά</strong></span> 
     </span>
    </p>
   </div>
   <div class='ocr_carea' id='block_1_12' title="bbox 205 1081 1792 1164">
    <p class='ocr_par' dir='ltr' id='par_1_12' title="bbox 205 1081 1792 1164">
     <span class='ocr_line' id='line_1_12' title="bbox 205 1081 1792 1164; baseline 0.009 -31"><span class='ocrx_word' id='word_1_75' title='bbox 205 1081 511 1149; x_wconf 54' lang='grc' dir='ltr'><strong>Ἰερεμίαν.</strong></span> <span class='ocrx_word' id='word_1_76' title='bbox 546 1082 757 1154; x_wconf 78' lang='grc' dir='ltr'><strong>Σημεῖα</strong></span> <span class='ocrx_word' id='word_1_77' title='bbox 805 1087 917 1152; x_wconf 71' lang='grc' dir='ltr'><strong>γὰρ</strong></span> <span class='ocrx_word' id='word_1_78' title='bbox 949 1086 1122 1141; x_wconf 84' lang='grc' dir='ltr'><strong>πολλά</strong></span> <span class='ocrx_word' id='word_1_79' title='bbox 1153 1089 1248 1142; x_wconf 79' lang='grc' dir='ltr'><strong>καὶ</strong></span> <span class='ocrx_word' id='word_1_80' title='bbox 1285 1091 1500 1161; x_wconf 81' lang='grc' dir='ltr'><strong>μεγάλα</strong></span> <span class='ocrx_word' id='word_1_81' title='bbox 1531 1091 1628 1145; x_wconf 87' lang='grc' dir='ltr'><strong>τοῦ</strong></span> <span class='ocrx_word' id='word_1_82' title='bbox 1655 1095 1792 1164; x_wconf 85' lang='grc' dir='ltr'><strong>Χρι-</strong></span> 
     </span>
    </p>
   </div>
   <div class='ocr_carea' id='block_1_13' title="bbox 195 1174 1791 1257">
    <p class='ocr_par' dir='ltr' id='par_1_13' title="bbox 195 1174 1791 1257">
     <span class='ocr_line' id='line_1_13' title="bbox 195 1174 1791 1257; baseline 0.011 -31"><span class='ocrx_word' id='word_1_83' title='bbox 195 1174 326 1227; x_wconf 78' lang='grc' dir='ltr'><strong>στοῦ</strong></span> <span class='ocrx_word' id='word_1_84' title='bbox 399 1177 715 1243; x_wconf 85' lang='grc' dir='ltr'><strong>ποιοῦντος,</strong></span> <span class='ocrx_word' id='word_1_85' title='bbox 780 1179 834 1233; x_wconf 78' lang='lat' dir='ltr'><strong>oi</strong></span> <span class='ocrx_word' id='word_1_86' title='bbox 896 1183 1290 1253; x_wconf 78' lang='grc' dir='ltr'><strong>συντρέχοντες</strong></span> <span class='ocrx_word' id='word_1_87' title='bbox 1349 1187 1446 1240; x_wconf 79' lang='grc' dir='ltr'><strong>καὶ</strong></span> <span class='ocrx_word' id='word_1_88' title='bbox 1495 1187 1791 1257; x_wconf 75' lang='grc' dir='ltr'><strong>βλέποντες</strong></span> 
     </span>
    </p>
   </div>
   <div class='ocr_carea' id='block_1_14' title="bbox 191 1267 1787 1349">
    <p class='ocr_par' dir='ltr' id='par_1_14' title="bbox 191 1267 1787 1349">
     <span class='ocr_line' id='line_1_14' title="bbox 191 1267 1787 1349; baseline 0.012 -30"><span class='ocrx_word' id='word_1_89' title='bbox 191 1267 398 1334; x_wconf 78' lang='grc' dir='ltr'><strong>ταῦτα,</strong></span> <span class='ocrx_word' id='word_1_90' title='bbox 433 1269 642 1333; x_wconf 82' lang='grc' dir='ltr'><strong>πάντες</strong></span> <span class='ocrx_word' id='word_1_91' title='bbox 676 1271 786 1326; x_wconf 79' lang='grc' dir='ltr'><strong>ἀπὸ</strong></span> <span class='ocrx_word' id='word_1_92' title='bbox 811 1274 1015 1347; x_wconf 81' lang='grc' dir='ltr'><strong>μικροῦ</strong></span> <span class='ocrx_word' id='word_1_93' title='bbox 1049 1275 1156 1341; x_wconf 71' lang='grc' dir='ltr'><strong>ἕως</strong></span> <span class='ocrx_word' id='word_1_94' title='bbox 1207 1279 1456 1349; x_wconf 81' lang='grc' dir='ltr'><strong>μεγάλου</strong></span> <span class='ocrx_word' id='word_1_95' title='bbox 1489 1283 1620 1346; x_wconf 83' lang='grc' dir='ltr'><strong>τοὺς</strong></span> <span class='ocrx_word' id='word_1_96' title='bbox 1658 1284 1787 1337; x_wconf 80' lang='grc' dir='ltr'><strong>ἑαυ-</strong></span> 
     </span>
    </p>
   </div>
   <div class='ocr_carea' id='block_1_15' title="bbox 190 1361 1789 1445">
    <p class='ocr_par' dir='ltr' id='par_1_15' title="bbox 190 1361 1789 1445">
     <span class='ocr_line' id='line_1_15' title="bbox 190 1361 1789 1445; baseline 0.013 -34"><span class='ocrx_word' id='word_1_97' title='bbox 190 1361 302 1413; x_wconf 80' lang='grc' dir='ltr'><strong>τῶν</strong></span> <span class='ocrx_word' id='word_1_98' title='bbox 333 1361 660 1433; x_wconf 78' lang='grc' dir='ltr'><strong>ὀφθαλμοὺς</strong></span> <span class='ocrx_word' id='word_1_99' title='bbox 705 1362 858 1437; x_wconf 78' lang='grc' dir='ltr'><strong>εἶχον</strong></span> <span class='ocrx_word' id='word_1_100' title='bbox 879 1369 1244 1436; x_wconf 82' lang='grc' dir='ltr'><strong>διδασκάλους</strong></span> <span class='ocrx_word' id='word_1_101' title='bbox 1289 1374 1652 1445; x_wconf 83' lang='grc' dir='ltr'><strong>θεογνωσίας,</strong></span> <span class='ocrx_word' id='word_1_102' title='bbox 1696 1380 1789 1434; x_wconf 80' lang='grc' dir='ltr'><strong>καὶ</strong></span> 
     </span>
    </p>
   </div>
   <div class='ocr_carea' id='block_1_16' title="bbox 191 1456 1790 1538">
    <p class='ocr_par' dir='ltr' id='par_1_16' title="bbox 191 1456 1790 1538">
     <span class='ocr_line' id='line_1_16' title="bbox 191 1456 1790 1538; baseline 0.014 -33"><span class='ocrx_word' id='word_1_103' title='bbox 191 1456 607 1521; x_wconf 77' lang='grc' dir='ltr'><strong>κατανοοῦντες</strong></span> <span class='ocrx_word' id='word_1_104' title='bbox 634 1458 734 1523; x_wconf 79' lang='grc' dir='ltr'><strong>τὰς</strong></span> <span class='ocrx_word' id='word_1_105' title='bbox 772 1463 1105 1533; x_wconf 79' lang='grc' dir='ltr'><strong>θεοπρεπεῖς</strong></span> <span class='ocrx_word' id='word_1_106' title='bbox 1133 1467 1403 1538; x_wconf 84' lang='grc' dir='ltr'><strong>δυνάμεις</strong></span> <span class='ocrx_word' id='word_1_107' title='bbox 1439 1471 1630 1538; x_wconf 81' lang='grc' dir='ltr'><strong>αὐτοῦ,</strong></span> <span class='ocrx_word' id='word_1_108' title='bbox 1694 1490 1790 1526; x_wconf 85' lang='grc' dir='ltr'><strong>τα-</strong></span> 
     </span>
    </p>
   </div>
   <div class='ocr_carea' id='block_1_17' title="bbox 184 1546 1788 1629">
    <p class='ocr_par' dir='ltr' id='par_1_17' title="bbox 184 1546 1788 1629">
     <span class='ocr_line' id='line_1_17' title="bbox 184 1546 1788 1629; baseline 0.015 -32"><span class='ocrx_word' id='word_1_109' title='bbox 184 1546 332 1617; x_wconf 79' lang='grc' dir='ltr'><strong>χέως</strong></span> <span class='ocrx_word' id='word_1_110' title='bbox 360 1549 438 1602; x_wconf 77' lang='grc' dir='ltr'><strong>δι’</strong></span> <span class='ocrx_word' id='word_1_111' title='bbox 470 1549 686 1606; x_wconf 78' lang='grc' dir='ltr'><strong>ἑαυτῶν</strong></span> <span class='ocrx_word' id='word_1_112' title='bbox 710 1553 1044 1624; x_wconf 77' lang='grc' dir='ltr'><strong>ἐμάνθανον,</strong></span> <span class='ocrx_word' id='word_1_113' title='bbox 1078 1558 1162 1612; x_wconf 86' lang='grc' dir='ltr'><strong>ὄτι</strong></span> <span class='ocrx_word' id='word_1_114' title='bbox 1201 1560 1338 1625; x_wconf 80' lang='grc' dir='ltr'><strong>Θεός</strong></span> <span class='ocrx_word' id='word_1_115' title='bbox 1363 1564 1534 1629; x_wconf 76' lang='grc' dir='ltr'><strong>ἐστιν,</strong></span> <span class='ocrx_word' id='word_1_116' title='bbox 1557 1565 1634 1629; x_wconf 87' lang='grc' dir='ltr'><strong>ὡς</strong></span> <span class='ocrx_word' id='word_1_117' title='bbox 1669 1565 1788 1621; x_wconf 80' lang='grc' dir='ltr'><strong>ἔστι</strong></span> 
     </span>
    </p>
   </div>
   <div class='ocr_carea' id='block_1_18' title="bbox 179 1640 1788 1732">
    <p class='ocr_par' dir='ltr' id='par_1_18' title="bbox 179 1640 1788 1732">
     <span class='ocr_line' id='line_1_18' title="bbox 179 1640 1788 1732; baseline 0.017 -43"><span class='ocrx_word' id='word_1_118' title='bbox 179 1640 532 1732; x_wconf 69' lang='grc' dir='ltr'><strong>καταλαϐεῖν</strong></span> <span class='ocrx_word' id='word_1_119' title='bbox 561 1644 624 1696; x_wconf 82' lang='grc' dir='ltr'><strong>οὐ</strong></span> <span class='ocrx_word' id='word_1_120' title='bbox 667 1646 836 1714; x_wconf 85' lang='grc' dir='ltr'><strong>μόνον</strong></span> <span class='ocrx_word' id='word_1_121' title='bbox 855 1650 964 1703; x_wconf 77' lang='grc' dir='ltr'><strong>ἀπὸ</strong></span> <span class='ocrx_word' id='word_1_122' title='bbox 999 1651 1098 1720; x_wconf 79' lang='grc' dir='ltr'><strong>τῆς</strong></span> <span class='ocrx_word' id='word_1_123' title='bbox 1130 1654 1239 1706; x_wconf 85' lang='grc' dir='ltr'><strong>τῶν</strong></span> <span class='ocrx_word' id='word_1_124' title='bbox 1269 1655 1626 1726; x_wconf 83' lang='grc' dir='ltr'><strong>Εὐαγγελίων</strong></span> <span class='ocrx_word' id='word_1_125' title='bbox 1647 1676 1788 1732; x_wconf 84' lang='grc' dir='ltr'><strong>γρα-</strong></span> 
     </span>
    </p>
   </div>
   <div class='ocr_carea' id='block_1_19' title="bbox 181 1729 1786 1820">
    <p class='ocr_par' dir='ltr' id='par_1_19' title="bbox 181 1729 1786 1820">
     <span class='ocr_line' id='line_1_19' title="bbox 181 1729 1786 1820; baseline 0.013 -35"><span class='ocrx_word' id='word_1_126' title='bbox 181 1729 319 1799; x_wconf 70' lang='grc' dir='ltr'><strong>φῆς,</strong></span> <span class='ocrx_word' id='word_1_127' title='bbox 367 1733 515 1787; x_wconf 77' lang='grc' dir='ltr'><strong>ἀλλὰ</strong></span> <span class='ocrx_word' id='word_1_128' title='bbox 559 1735 654 1789; x_wconf 76' lang='grc' dir='ltr'><strong>καὶ</strong></span> <span class='ocrx_word' id='word_1_129' title='bbox 683 1738 796 1792; x_wconf 82' lang='grc' dir='ltr'><strong>ἀπὸ</strong></span> <span class='ocrx_word' id='word_1_130' title='bbox 837 1739 952 1793; x_wconf 85' lang='grc' dir='ltr'><strong>τῶν</strong></span> <span class='ocrx_word' id='word_1_131' title='bbox 1007 1742 1130 1795; x_wconf 79' lang='grc' dir='ltr'><strong>καθ’</strong></span> <span class='ocrx_word' id='word_1_132' title='bbox 1176 1745 1470 1818; x_wconf 80' lang='grc' dir='ltr'><strong>Ἐϐραίους</strong></span> <span class='ocrx_word' id='word_1_133' title='bbox 1513 1729 1786 1820; x_wconf 81' lang='grc' dir='ltr'><strong>χρονικῶν</strong></span> 
     </span>
    </p>
   </div>
   <div class='ocr_carea' id='block_1_20' title="bbox 1903 546 3475 627">
    <p class='ocr_par' dir='ltr' id='par_1_20' title="bbox 1903 546 3475 627">
     <span class='ocr_line' id='line_1_20' title="bbox 1903 546 3475 627; baseline 0.012 -31"><span class='ocrx_word' id='word_1_134' title='bbox 1903 558 2008 612; x_wconf 85' lang='lat' dir='ltr'><strong>pus</strong></span> <span class='ocrx_word' id='word_1_135' title='bbox 2041 546 2222 602; x_wconf 77' lang='lat' dir='ltr'><strong>ell&#39;ecti</strong></span> <span class='ocrx_word' id='word_1_136' title='bbox 2254 559 2405 613; x_wconf 89' lang='lat' dir='ltr'><strong>sunt,</strong></span> <span class='ocrx_word' id='word_1_137' title='bbox 2433 561 2488 606; x_wconf 89' lang='lat' dir='ltr'><strong>et</strong></span> <span class='ocrx_word' id='word_1_138' title='bbox 2518 568 2690 606; x_wconf 91' lang='lat' dir='ltr'><strong>unum</strong></span> <span class='ocrx_word' id='word_1_139' title='bbox 2747 553 2946 608; x_wconf 96' lang='lat' dir='ltr'><strong>habent</strong></span> <span class='ocrx_word' id='word_1_140' title='bbox 2968 569 3133 627; x_wconf 75' lang='lat' dir='ltr'><strong>caput</strong></span> <span class='ocrx_word' id='word_1_141' title='bbox 3173 558 3475 626; x_wconf 80' lang='lat' dir='ltr'><strong>Christum,</strong></span> 
     </span>
    </p>
   </div>
   <div class='ocr_carea' id='block_1_21' title="bbox 1897 635 3478 714">
    <p class='ocr_par' dir='ltr' id='par_1_21' title="bbox 1897 635 3478 714">
     <span class='ocr_line' id='line_1_21' title="bbox 1897 635 3478 714; baseline 0.011 -27"><span class='ocrx_word' id='word_1_142' title='bbox 1897 646 1952 687; x_wconf 90' lang='lat' dir='ltr'><strong>et</strong></span> <span class='ocrx_word' id='word_1_143' title='bbox 1978 635 2307 694; x_wconf 77' lang='lat' dir='ltr'><strong>lormidaudi</strong></span> <span class='ocrx_word' id='word_1_144' title='bbox 2365 642 2705 698; x_wconf 63' lang='lat' dir='ltr'><strong>daemonibus</strong></span> <span class='ocrx_word' id='word_1_145' title='bbox 2732 658 3046 700; x_wconf 85' lang='lat' dir='ltr'><strong>evaserunt.</strong></span> <span class='ocrx_word' id='word_1_146' title='bbox 3098 649 3255 714; x_wconf 84' lang='lat' dir='ltr'><strong>Quod</strong></span> <span class='ocrx_word' id='word_1_147' title='bbox 3292 662 3478 706; x_wconf 82' lang='lat' dir='ltr'><strong>autem</strong></span> 
     </span>
    </p>
   </div>
   <div class='ocr_carea' id='block_1_22' title="bbox 1896 726 3474 807">
    <p class='ocr_par' dir='ltr' id='par_1_22' title="bbox 1896 726 3474 807">
     <span class='ocr_line' id='line_1_22' title="bbox 1896 726 3474 807; baseline 0.011 -28"><span class='ocrx_word' id='word_1_148' title='bbox 1896 726 2016 796; x_wconf 88' lang='lat' dir='ltr'><strong>ipse</strong></span> <span class='ocrx_word' id='word_1_149' title='bbox 2045 730 2205 794; x_wconf 76' lang='lat' dir='ltr'><strong>dixit,</strong></span> <span class='ocrx_word' id='word_1_150' title='bbox 2239 748 2299 787; x_wconf 91' lang='lat' dir='ltr'><strong>se</strong></span> <span class='ocrx_word' id='word_1_151' title='bbox 2339 736 2573 800; x_wconf 76' lang='lat' dir='ltr'><strong>venisse,</strong></span> <span class='ocrx_word' id='word_1_152' title='bbox 2606 753 2714 790; x_wconf 90' lang='lat' dir='ltr'><strong>non</strong></span> <span class='ocrx_word' id='word_1_153' title='bbox 2778 746 2842 792; x_wconf 91' lang='lat' dir='ltr'><strong>ut</strong></span> <span class='ocrx_word' id='word_1_154' title='bbox 2897 755 3088 807; x_wconf 87' lang='lat' dir='ltr'><strong>pacem</strong></span> <span class='ocrx_word' id='word_1_155' title='bbox 3160 743 3213 794; x_wconf 90' lang='lat' dir='ltr'><strong>in</strong></span> <span class='ocrx_word' id='word_1_156' title='bbox 3269 753 3474 797; x_wconf 89' lang='lat' dir='ltr'><strong>terram</strong></span> 
     </span>
    </p>
   </div>
   <div class='ocr_carea' id='block_1_23' title="bbox 1831 817 3478 905">
    <p class='ocr_par' dir='ltr' id='par_1_23' title="bbox 1831 817 3478 905">
     <span class='ocr_line' id='line_1_23' title="bbox 1831 817 3478 905; baseline 0.012 -36"><span class='ocrx_word' id='word_1_157' title='bbox 1831 887 1834 890; x_wconf 8' lang='grc' dir='ltr'><em>ῃ</em></span> <span class='ocrx_word' id='word_1_158' title='bbox 1895 817 2140 876; x_wconf 72' lang='lat' dir='ltr'><strong>aﬂerret.</strong></span> <span class='ocrx_word' id='word_1_159' title='bbox 2169 823 2261 877; x_wconf 89' lang='lat' dir='ltr'><strong>sed</strong></span> <span class='ocrx_word' id='word_1_160' title='bbox 2303 825 2564 894; x_wconf 79' lang='lat' dir='ltr'><strong>gladium.</strong></span> <span class='ocrx_word' id='word_1_161' title='bbox 2589 828 2640 882; x_wconf 89' lang='lat' dir='ltr'><strong>id</strong></span> <span class='ocrx_word' id='word_1_162' title='bbox 2673 844 2780 882; x_wconf 91' lang='lat' dir='ltr'><strong>non</strong></span> <span class='ocrx_word' id='word_1_163' title='bbox 2817 831 3142 901; x_wconf 62' lang='lat' dir='ltr'><strong>intelligitur</strong></span> <span class='ocrx_word' id='word_1_164' title='bbox 3167 834 3234 888; x_wconf 89' lang='lat' dir='ltr'><strong>de</strong></span> <span class='ocrx_word' id='word_1_165' title='bbox 3289 835 3478 905; x_wconf 84' lang='lat' dir='ltr'><strong>gladio</strong></span> 
     </span>
    </p>
   </div>
   <div class='ocr_carea' id='block_1_24' title="bbox 1896 911 3474 990">
    <p class='ocr_par' dir='ltr' id='par_1_24' title="bbox 1896 911 3474 990">
     <span class='ocr_line' id='line_1_24' title="bbox 1896 911 3474 990; baseline 0.011 -24"><span class='ocrx_word' id='word_1_166' title='bbox 1896 911 2112 968; x_wconf 88' lang='lat' dir='ltr'><strong>bellico.</strong></span> <span class='ocrx_word' id='word_1_167' title='bbox 2146 913 2372 969; x_wconf 85' lang='lat' dir='ltr'><strong>Gladius</strong></span> <span class='ocrx_word' id='word_1_168' title='bbox 2406 919 2574 985; x_wconf 85' lang='lat' dir='ltr'><strong>enim,</strong></span> <span class='ocrx_word' id='word_1_169' title='bbox 2603 935 2764 988; x_wconf 86' lang='lat' dir='ltr'><strong>quem</strong></span> <span class='ocrx_word' id='word_1_170' title='bbox 2799 921 2914 990; x_wconf 85' lang='lat' dir='ltr'><strong>ipse</strong></span> <span class='ocrx_word' id='word_1_171' title='bbox 2951 924 3078 977; x_wconf 83' lang='lat' dir='ltr'><strong>tulit</strong></span> <span class='ocrx_word' id='word_1_172' title='bbox 3130 926 3267 980; x_wconf 88' lang='lat' dir='ltr'><strong>nihil</strong></span> <span class='ocrx_word' id='word_1_173' title='bbox 3323 929 3474 983; x_wconf 85' lang='lat' dir='ltr'><strong>aliud</strong></span> 
     </span>
    </p>
   </div>
   <div class='ocr_carea' id='block_1_25' title="bbox 1893 1005 3472 1082">
    <p class='ocr_par' dir='ltr' id='par_1_25' title="bbox 1893 1005 3472 1082">
     <span class='ocr_line' id='line_1_25' title="bbox 1893 1005 3472 1082; baseline 0.012 -26"><span class='ocrx_word' id='word_1_174' title='bbox 1893 1013 1997 1068; x_wconf 86' lang='lat' dir='ltr'><strong>est,</strong></span> <span class='ocrx_word' id='word_1_175' title='bbox 2042 1005 2149 1059; x_wconf 87' lang='lat' dir='ltr'><strong>nisi</strong></span> <span class='ocrx_word' id='word_1_176' title='bbox 2175 1007 2451 1078; x_wconf 82' lang='lat' dir='ltr'><strong>religionis</strong></span> <span class='ocrx_word' id='word_1_177' title='bbox 2483 1011 2602 1078; x_wconf 86' lang='lat' dir='ltr'><strong>ejus</strong></span> <span class='ocrx_word' id='word_1_178' title='bbox 2629 1011 2942 1082; x_wconf 73' lang='lat' dir='ltr'><strong>ilivulgatio,</strong></span> <span class='ocrx_word' id='word_1_179' title='bbox 2980 1024 3036 1068; x_wconf 85' lang='lat' dir='ltr'><strong>et</strong></span> <span class='ocrx_word' id='word_1_180' title='bbox 3068 1017 3118 1069; x_wconf 94' lang='lat' dir='ltr'><strong>iu</strong></span> <span class='ocrx_word' id='word_1_181' title='bbox 3155 1032 3281 1072; x_wconf 89' lang='lat' dir='ltr'><strong>eum</strong></span> <span class='ocrx_word' id='word_1_182' title='bbox 3337 1019 3472 1075; x_wconf 83' lang='lat' dir='ltr'><strong>ﬁdes</strong></span> 
     </span>
    </p>
   </div>
   <div class='ocr_carea' id='block_1_26' title="bbox 1893 1099 3475 1175">
    <p class='ocr_par' dir='ltr' id='par_1_26' title="bbox 1893 1099 3475 1175">
     <span class='ocr_line' id='line_1_26' title="bbox 1893 1099 3475 1175; baseline 0.013 -30"><span class='ocrx_word' id='word_1_183' title='bbox 1893 1109 2014 1163; x_wconf 69' lang='lat' dir='ltr'><strong>qua:</strong></span> <span class='ocrx_word' id='word_1_184' title='bbox 2041 1107 2264 1165; x_wconf 80' lang='lat' dir='ltr'><strong>sepaiat</strong></span> <span class='ocrx_word' id='word_1_185' title='bbox 2299 1099 2512 1154; x_wconf 87' lang='lat' dir='ltr'><strong>tidelem</strong></span> <span class='ocrx_word' id='word_1_186' title='bbox 2541 1101 2610 1155; x_wconf 81' lang='lat' dir='ltr'><strong>ab</strong></span> <span class='ocrx_word' id='word_1_187' title='bbox 2643 1102 2868 1167; x_wconf 79' lang='lat' dir='ltr'><strong>inﬁdeli,</strong></span> <span class='ocrx_word' id='word_1_188' title='bbox 2928 1108 3368 1175; x_wconf 87' lang='lat' dir='ltr'><strong>conjunctionem</strong></span> <span class='ocrx_word' id='word_1_189' title='bbox 3416 1123 3475 1166; x_wconf 89' lang='lat' dir='ltr'><strong>et</strong></span> 
     </span>
    </p>
   </div>
   <div class='ocr_carea' id='block_1_27' title="bbox 1895 1195 3475 1262">
    <p class='ocr_par' dir='ltr' id='par_1_27' title="bbox 1895 1195 3475 1262">
     <span class='ocr_line' id='line_1_27' title="bbox 1895 1195 3475 1262; baseline 0.013 -23"><span class='ocrx_word' id='word_1_190' title='bbox 1895 1202 2227 1243; x_wconf 89' lang='lat' dir='ltr'><strong>consensum</strong></span> <span class='ocrx_word' id='word_1_191' title='bbox 2289 1207 2478 1245; x_wconf 87' lang='lat' dir='ltr'><strong>eorum</strong></span> <span class='ocrx_word' id='word_1_192' title='bbox 2539 1195 2590 1246; x_wconf 91' lang='lat' dir='ltr'><strong>in</strong></span> <span class='ocrx_word' id='word_1_193' title='bbox 2629 1197 2909 1262; x_wconf 89' lang='lat' dir='ltr'><strong>peccando</strong></span> <span class='ocrx_word' id='word_1_194' title='bbox 2960 1198 3188 1253; x_wconf 89' lang='lat' dir='ltr'><strong>dirimit.</strong></span> <span class='ocrx_word' id='word_1_195' title='bbox 3240 1203 3304 1256; x_wconf 81' lang='lat' dir='ltr'><strong>Et</strong></span> <span class='ocrx_word' id='word_1_196' title='bbox 3358 1203 3475 1259; x_wconf 81' lang='lat' dir='ltr'><strong>haec</strong></span> 
     </span>
    </p>
   </div>
   <div class='ocr_carea' id='block_1_28' title="bbox 1893 1279 3474 1361">
    <p class='ocr_par' dir='ltr' id='par_1_28' title="bbox 1893 1279 3474 1361">
     <span class='ocr_line' id='line_1_28' title="bbox 1893 1279 3474 1361; baseline 0.011 -31"><span class='ocrx_word' id='word_1_197' title='bbox 1893 1279 2114 1347; x_wconf 85' lang='lat' dir='ltr'><strong>quidem</strong></span> <span class='ocrx_word' id='word_1_198' title='bbox 2141 1279 2285 1336; x_wconf 86' lang='lat' dir='ltr'><strong>dicta</strong></span> <span class='ocrx_word' id='word_1_199' title='bbox 2311 1283 2420 1338; x_wconf 88' lang='lat' dir='ltr'><strong>sint</strong></span> <span class='ocrx_word' id='word_1_200' title='bbox 2442 1284 2509 1338; x_wconf 89' lang='lat' dir='ltr'><strong>de</strong></span> <span class='ocrx_word' id='word_1_201' title='bbox 2545 1286 2832 1356; x_wconf 84' lang='lat' dir='ltr'><strong>prophetia</strong></span> <span class='ocrx_word' id='word_1_202' title='bbox 2857 1287 3118 1344; x_wconf 62' lang='lat' dir='ltr'><strong>Michaue.</strong></span> <span class='ocrx_word' id='word_1_203' title='bbox 3157 1292 3474 1361; x_wconf 75' lang='lat' dir='ltr'><strong>Videamus,</strong></span> 
     </span>
    </p>
   </div>
   <div class='ocr_carea' id='block_1_29' title="bbox 1892 1371 3478 1456">
    <p class='ocr_par' dir='ltr' id='par_1_29' title="bbox 1892 1371 3478 1456">
     <span class='ocr_line' id='line_1_29' title="bbox 1892 1371 3478 1456; baseline 0.013 -34"><span class='ocrx_word' id='word_1_204' title='bbox 1892 1388 2011 1442; x_wconf 68' lang='lat' dir='ltr'><strong>qua!</strong></span> <span class='ocrx_word' id='word_1_205' title='bbox 2037 1371 2331 1428; x_wconf 82' lang='lat' dir='ltr'><strong>aJereinia</strong></span> <span class='ocrx_word' id='word_1_206' title='bbox 2406 1377 2549 1430; x_wconf 90' lang='lat' dir='ltr'><strong>dicta</strong></span> <span class='ocrx_word' id='word_1_207' title='bbox 2585 1387 2736 1432; x_wconf 89' lang='lat' dir='ltr'><strong>sunt.</strong></span> <span class='ocrx_word' id='word_1_208' title='bbox 2770 1381 2907 1434; x_wconf 82' lang='lat' dir='ltr'><strong>Cum</strong></span> <span class='ocrx_word' id='word_1_209' title='bbox 2952 1381 3127 1436; x_wconf 87' lang='lat' dir='ltr'><strong>multa</strong></span> <span class='ocrx_word' id='word_1_210' title='bbox 3174 1399 3478 1456; x_wconf 82' lang='lat' dir='ltr'><strong>magnaque</strong></span> 
     </span>
    </p>
   </div>
   <div class='ocr_carea' id='block_1_30' title="bbox 1893 1463 3479 1542">
    <p class='ocr_par' dir='ltr' id='par_1_30' title="bbox 1893 1463 3479 1542">
     <span class='ocr_line' id='line_1_30' title="bbox 1893 1463 3479 1542; baseline 0.009 -24"><span class='ocrx_word' id='word_1_211' title='bbox 1893 1463 2045 1534; x_wconf 88' lang='lat' dir='ltr'><strong>signa</strong></span> <span class='ocrx_word' id='word_1_212' title='bbox 2105 1466 2309 1521; x_wconf 83' lang='lat' dir='ltr'><strong>faceret</strong></span> <span class='ocrx_word' id='word_1_213' title='bbox 2357 1467 2638 1534; x_wconf 81' lang='lat' dir='ltr'><strong>Christus,</strong></span> <span class='ocrx_word' id='word_1_214' title='bbox 2692 1471 2791 1533; x_wconf 90' lang='lat' dir='ltr'><strong>illi,</strong></span> <span class='ocrx_word' id='word_1_215' title='bbox 2838 1473 2929 1542; x_wconf 86' lang='lat' dir='ltr'><strong>qui</strong></span> <span class='ocrx_word' id='word_1_216' title='bbox 2987 1476 3386 1530; x_wconf 82' lang='lat' dir='ltr'><strong>concurrebant</strong></span> <span class='ocrx_word' id='word_1_217' title='bbox 3426 1487 3479 1532; x_wconf 84' lang='lat' dir='ltr'><strong>et</strong></span> 
     </span>
    </p>
   </div>
   <div class='ocr_carea' id='block_1_31' title="bbox 1893 1559 3476 1638">
    <p class='ocr_par' dir='ltr' id='par_1_31' title="bbox 1893 1559 3476 1638">
     <span class='ocr_line' id='line_1_31' title="bbox 1893 1559 3476 1638; baseline 0.008 -28"><span class='ocrx_word' id='word_1_218' title='bbox 1893 1559 2308 1626; x_wconf 78' lang='lat' dir='ltr'><strong>exspectabant,</strong></span> <span class='ocrx_word' id='word_1_219' title='bbox 2337 1575 2583 1616; x_wconf 89' lang='lat' dir='ltr'><strong>omnesa</strong></span> <span class='ocrx_word' id='word_1_220' title='bbox 2619 1579 2788 1631; x_wconf 80' lang='lat' dir='ltr'><strong>parvo</strong></span> <span class='ocrx_word' id='word_1_221' title='bbox 2841 1581 3014 1635; x_wconf 86' lang='lat' dir='ltr'><strong>usque</strong></span> <span class='ocrx_word' id='word_1_222' title='bbox 3077 1567 3142 1621; x_wconf 85' lang='lat' dir='ltr'><strong>ad</strong></span> <span class='ocrx_word' id='word_1_223' title='bbox 3219 1583 3476 1638; x_wconf 85' lang='lat' dir='ltr'><strong>magnum</strong></span> 
     </span>
    </p>
   </div>
   <div class='ocr_carea' id='block_1_32' title="bbox 1891 1649 3479 1730">
    <p class='ocr_par' dir='ltr' id='par_1_32' title="bbox 1891 1649 3479 1730">
     <span class='ocr_line' id='line_1_32' title="bbox 1891 1649 3479 1730; baseline 0.009 -28"><span class='ocrx_word' id='word_1_224' title='bbox 1891 1649 2082 1705; x_wconf 88' lang='lat' dir='ltr'><strong>oculos</strong></span> <span class='ocrx_word' id='word_1_225' title='bbox 2114 1652 2374 1720; x_wconf 88' lang='lat' dir='ltr'><strong>proprios</strong></span> <span class='ocrx_word' id='word_1_226' title='bbox 2418 1653 2698 1708; x_wconf 87' lang='lat' dir='ltr'><strong>habebant</strong></span> <span class='ocrx_word' id='word_1_227' title='bbox 2730 1657 2934 1712; x_wconf 73' lang='lat' dir='ltr'><strong>divina:</strong></span> <span class='ocrx_word' id='word_1_228' title='bbox 2979 1659 3310 1730; x_wconf 74' lang='lat' dir='ltr'><strong>cognitionis</strong></span> <span class='ocrx_word' id='word_1_229' title='bbox 3363 1677 3479 1716; x_wconf 89' lang='lat' dir='ltr'><strong>ma-</strong></span> 
     </span>
    </p>
   </div>
   <div class='ocr_carea' id='block_1_33' title="bbox 1893 1740 3473 1812">
    <p class='ocr_par' dir='ltr' id='par_1_33' title="bbox 1893 1740 3473 1812">
     <span class='ocr_line' id='line_1_33' title="bbox 1893 1740 3473 1812; baseline 0.006 -18"><span class='ocrx_word' id='word_1_230' title='bbox 1893 1740 2095 1810; x_wconf 83' lang='lat' dir='ltr'><strong>gistros</strong></span> <span class='ocrx_word' id='word_1_231' title='bbox 2128 1753 2182 1798; x_wconf 89' lang='lat' dir='ltr'><strong>ct</strong></span> <span class='ocrx_word' id='word_1_232' title='bbox 2210 1744 2444 1812; x_wconf 81' lang='lat' dir='ltr'><strong>judices.</strong></span> <span class='ocrx_word' id='word_1_233' title='bbox 2485 1755 2541 1800; x_wconf 88' lang='lat' dir='ltr'><strong>et</strong></span> <span class='ocrx_word' id='word_1_234' title='bbox 2593 1747 3101 1804; x_wconf 81' lang='lat' dir='ltr'><strong>animadvertentes</strong></span> <span class='ocrx_word' id='word_1_235' title='bbox 3155 1751 3371 1806; x_wconf 86' lang='lat' dir='ltr'><strong>divinas</strong></span> <span class='ocrx_word' id='word_1_236' title='bbox 3405 1748 3473 1804; x_wconf 66' lang='lat' dir='ltr'><strong>il-~</strong></span> 
     </span>
    </p>
   </div>
   <div class='ocr_carea' id='block_1_34' title="bbox 183 1819 1776 1914">
    <p class='ocr_par' dir='ltr' id='par_1_34' title="bbox 183 1819 1776 1913">
     <span class='ocr_line' id='line_1_34' title="bbox 183 1819 1776 1913; baseline 0.014 -36"><span class='ocrx_word' id='word_1_237' title='bbox 183 1825 456 1894; x_wconf 79' lang='grc' dir='ltr'><strong>Γραφῶν,</strong></span> <span class='ocrx_word' id='word_1_238' title='bbox 513 1830 608 1882; x_wconf 58' lang='grc' dir='ltr'><strong>καὶ⁵</strong></span> <span class='ocrx_word' id='word_1_239' title='bbox 658 1830 770 1884; x_wconf 81' lang='grc' dir='ltr'><strong>τῶν</strong></span> <span class='ocrx_word' id='word_1_240' title='bbox 815 1833 940 1887; x_wconf 80' lang='grc' dir='ltr'><strong>καθ’</strong></span> <span class='ocrx_word' id='word_1_241' title='bbox 989 1835 1264 1908; x_wconf 82' lang='grc' dir='ltr'><strong>Ἕλληνας</strong></span> <span class='ocrx_word' id='word_1_242' title='bbox 1322 1819 1776 1913; x_wconf 73' lang='grc' dir='ltr'><strong>ίστοριογράφων.</strong></span> 
     </span>
    </p>
   </div>
   <div class='ocr_carea' id='block_1_35' title="bbox 1879 1819 3476 1914">
    <p class='ocr_par' dir='ltr' id='par_1_35' title="bbox 1890 1835 3476 1914">
     <span class='ocr_line' id='line_1_35' title="bbox 1890 1835 3476 1914; baseline 0.006 -25"><span class='ocrx_word' id='word_1_243' title='bbox 1890 1835 1995 1891; x_wconf 88' lang='lat' dir='ltr'><strong>lius</strong></span> <span class='ocrx_word' id='word_1_244' title='bbox 2029 1837 2282 1901; x_wconf 85' lang='lat' dir='ltr'><strong>virtutes,</strong></span> <span class='ocrx_word' id='word_1_245' title='bbox 2332 1839 2620 1894; x_wconf 79' lang='lat' dir='ltr'><strong>confeStim</strong></span> <span class='ocrx_word' id='word_1_246' title='bbox 2678 1840 3056 1911; x_wconf 83' lang='lat' dir='ltr'><strong>intelligebant</strong></span> <span class='ocrx_word' id='word_1_247' title='bbox 3113 1844 3291 1914; x_wconf 87' lang='lat' dir='ltr'><strong>ipsum</strong></span> <span class='ocrx_word' id='word_1_248' title='bbox 3349 1859 3476 1899; x_wconf 84' lang='lat' dir='ltr'><strong>esse</strong></span> 
     </span>
    </p>
   </div>
   <div class='ocr_carea' id='block_1_36' title="bbox 185 1917 1787 2010">
    <p class='ocr_par' dir='ltr' id='par_1_36' title="bbox 185 1917 1787 2010">
     <span class='ocr_line' id='line_1_36' title="bbox 185 1917 1787 2010; baseline 0.014 -40"><span class='ocrx_word' id='word_1_249' title='bbox 185 1918 461 1974; x_wconf 79' lang='grc' dir='ltr'><strong>Δείπεται</strong></span> <span class='ocrx_word' id='word_1_250' title='bbox 481 1917 582 1975; x_wconf 75' lang='grc' dir='ltr'><strong>οὖν</strong></span> <span class='ocrx_word' id='word_1_251' title='bbox 612 1925 795 1978; x_wconf 81' lang='grc' dir='ltr'><strong>είπεῖν</strong></span> <span class='ocrx_word' id='word_1_252' title='bbox 821 1929 954 1998; x_wconf 80' lang='grc' dir='ltr'><strong>περὶ</strong></span> <span class='ocrx_word' id='word_1_253' title='bbox 976 1929 1074 1983; x_wconf 89' lang='grc' dir='ltr'><strong>τοῦ</strong></span> <span class='ocrx_word' id='word_1_254' title='bbox 1106 1933 1250 1986; x_wconf 73' lang='grc' dir='ltr'><strong>κατὰ</strong></span> <span class='ocrx_word' id='word_1_255' title='bbox 1281 1933 1376 1986; x_wconf 80' lang='grc' dir='ltr'><strong>τὸν</strong></span> <span class='ocrx_word' id='word_1_256' title='bbox 1426 1935 1660 1990; x_wconf 73' lang='grc' dir='ltr'><strong>Ἡσαΐαν</strong></span> <span class='ocrx_word' id='word_1_257' title='bbox 1689 1955 1787 2010; x_wconf 79' lang='grc' dir='ltr'><strong>ση-</strong></span> 
     </span>
    </p>
   </div>
   <div class='ocr_carea' id='block_1_37' title="bbox 189 2011 1786 2099">
    <p class='ocr_par' dir='ltr' id='par_1_37' title="bbox 189 2011 1786 2099">
     <span class='ocr_line' id='line_1_37' title="bbox 189 2011 1786 2099; baseline 0.014 -37"><span class='ocrx_word' id='word_1_258' title='bbox 189 2011 346 2078; x_wconf 80' lang='grc' dir='ltr'><strong>μείου</strong></span> <span class='ocrx_word' id='word_1_259' title='bbox 401 2017 511 2084; x_wconf 81' lang='grc' dir='ltr'><strong>τῆς</strong></span> <span class='ocrx_word' id='word_1_260' title='bbox 543 2017 855 2087; x_wconf 79' lang='grc' dir='ltr'><strong>παρουσίας</strong></span> <span class='ocrx_word' id='word_1_261' title='bbox 887 2019 1152 2091; x_wconf 81' lang='grc' dir='ltr'><strong>Χριστοῦ.</strong></span> <span class='ocrx_word' id='word_1_262' title='bbox 1211 2017 1384 2089; x_wconf 73' lang='grc' dir='ltr'><strong>Οὗτος</strong></span> <span class='ocrx_word' id='word_1_263' title='bbox 1422 2029 1543 2091; x_wconf 78' lang='grc' dir='ltr'><strong>ταῖς</strong></span> <span class='ocrx_word' id='word_1_264' title='bbox 1597 2029 1786 2099; x_wconf 80' lang='grc' dir='ltr'><strong>διαφοο</strong></span> 
     </span>
    </p>
   </div>
   <div class='ocr_carea' id='block_1_38' title="bbox 189 2108 1822 2196">
    <p class='ocr_par' dir='ltr' id='par_1_38' title="bbox 189 2108 1822 2196">
     <span class='ocr_line' id='line_1_38' title="bbox 189 2108 1822 2196; baseline 0.013 -38"><span class='ocrx_word' id='word_1_265' title='bbox 189 2109 310 2176; x_wconf 77' lang='grc' dir='ltr'><strong>ραῖς</strong></span> <span class='ocrx_word' id='word_1_266' title='bbox 338 2108 457 2161; x_wconf 80' lang='grc' dir='ltr'><strong>τῶν</strong></span> <span class='ocrx_word' id='word_1_267' title='bbox 477 2111 711 2181; x_wconf 76' lang='grc' dir='ltr'><strong>ἡμέρων</strong></span> <span class='ocrx_word' id='word_1_268' title='bbox 741 2130 802 2166; x_wconf 85' lang='grc' dir='ltr'><strong>τε</strong></span> <span class='ocrx_word' id='word_1_269' title='bbox 857 2116 953 2168; x_wconf 80' lang='grc' dir='ltr'><strong>καὶ</strong></span> <span class='ocrx_word' id='word_1_270' title='bbox 997 2117 1208 2187; x_wconf 86' lang='grc' dir='ltr'><strong>ἀγρίων</strong></span> <span class='ocrx_word' id='word_1_271' title='bbox 1242 2119 1398 2184; x_wconf 80' lang='grc' dir='ltr'><strong>ζώων</strong></span> <span class='ocrx_word' id='word_1_272' title='bbox 1429 2123 1498 2175; x_wconf 78' lang='grc' dir='ltr'><strong>τὰ</strong></span> <span class='ocrx_word' id='word_1_273' title='bbox 1546 2122 1784 2196; x_wconf 72' lang='grc' dir='ltr'><strong>διάφορα</strong></span> <span class='ocrx_word' id='word_1_274' title='bbox 1819 2161 1822 2163; x_wconf 51' lang='grc' dir='ltr'><strong>λ</strong></span> 
     </span>
    </p>
   </div>
   <div class='ocr_carea' id='block_1_39' title="bbox 184 2199 1785 2284">
    <p class='ocr_par' dir='ltr' id='par_1_39' title="bbox 184 2199 1785 2284">
     <span class='ocr_line' id='line_1_39' title="bbox 184 2199 1785 2284; baseline 0.011 -33"><span class='ocrx_word' id='word_1_275' title='bbox 184 2199 292 2252; x_wconf 76' lang='grc' dir='ltr'><strong>τῶν</strong></span> <span class='ocrx_word' id='word_1_276' title='bbox 318 2200 645 2271; x_wconf 82' lang='grc' dir='ltr'><strong>ἀνθρώπων</strong></span> <span class='ocrx_word' id='word_1_277' title='bbox 691 2204 800 2276; x_wconf 68' lang='grc' dir='ltr'><strong>ἢθη</strong></span> <span class='ocrx_word' id='word_1_278' title='bbox 850 2208 1240 2280; x_wconf 81' lang='grc' dir='ltr'><strong>παρεδήλωσε,</strong></span> <span class='ocrx_word' id='word_1_279' title='bbox 1274 2213 1372 2266; x_wconf 81' lang='grc' dir='ltr'><strong>καὶ</strong></span> <span class='ocrx_word' id='word_1_280' title='bbox 1398 2212 1491 2267; x_wconf 81' lang='grc' dir='ltr'><strong>διὰ</strong></span> <span class='ocrx_word' id='word_1_281' title='bbox 1507 2215 1607 2284; x_wconf 86' lang='grc' dir='ltr'><strong>τῆς</strong></span> <span class='ocrx_word' id='word_1_282' title='bbox 1637 2218 1785 2270; x_wconf 67' lang='grc' dir='ltr'><strong>ἐκεί-</strong></span> 
     </span>
    </p>
   </div>
   <div class='ocr_carea' id='block_1_40' title="bbox 185 2293 1784 2381">
    <p class='ocr_par' dir='ltr' id='par_1_40' title="bbox 185 2293 1784 2381">
     <span class='ocr_line' id='line_1_40' title="bbox 185 2293 1784 2381; baseline 0.011 -35"><span class='ocrx_word' id='word_1_283' title='bbox 185 2309 292 2346; x_wconf 82' lang='grc' dir='ltr'><strong>νων</strong></span> <span class='ocrx_word' id='word_1_284' title='bbox 321 2293 766 2366; x_wconf 80' lang='grc' dir='ltr'><strong>συνδιαιτήσεως</strong></span> <span class='ocrx_word' id='word_1_285' title='bbox 795 2300 897 2370; x_wconf 78' lang='grc' dir='ltr'><strong>τὴν</strong></span> <span class='ocrx_word' id='word_1_286' title='bbox 940 2300 1072 2370; x_wconf 87' lang='grc' dir='ltr'><strong>μίαν</strong></span> <span class='ocrx_word' id='word_1_287' title='bbox 1127 2302 1338 2358; x_wconf 83' lang='grc' dir='ltr'><strong>τούτων</strong></span> <span class='ocrx_word' id='word_1_288' title='bbox 1369 2307 1612 2379; x_wconf 85' lang='grc' dir='ltr'><strong>ποίμνην</strong></span> <span class='ocrx_word' id='word_1_289' title='bbox 1662 2310 1784 2381; x_wconf 74' lang='grc' dir='ltr'><strong>ᾐνί-</strong></span> 
     </span>
    </p>
   </div>
   <div class='ocr_carea' id='block_1_41' title="bbox 190 2386 1782 2475">
    <p class='ocr_par' dir='ltr' id='par_1_41' title="bbox 190 2386 1782 2475">
     <span class='ocr_line' id='line_1_41' title="bbox 190 2386 1782 2475; baseline 0.012 -36"><span class='ocrx_word' id='word_1_290' title='bbox 190 2386 334 2454; x_wconf 78' lang='grc' dir='ltr'><strong>ξατο,</strong></span> <span class='ocrx_word' id='word_1_291' title='bbox 375 2389 478 2442; x_wconf 77' lang='grc' dir='ltr'><strong>καὶ</strong></span> <span class='ocrx_word' id='word_1_292' title='bbox 513 2389 618 2453; x_wconf 78' lang='grc' dir='ltr'><strong>τὰς</strong></span> <span class='ocrx_word' id='word_1_293' title='bbox 651 2393 712 2444; x_wconf 82' lang='grc' dir='ltr'><strong>ὲκ</strong></span> <span class='ocrx_word' id='word_1_294' title='bbox 729 2393 944 2447; x_wconf 82' lang='grc' dir='ltr'><strong>τούτων</strong></span> <span class='ocrx_word' id='word_1_295' title='bbox 971 2400 1396 2468; x_wconf 83' lang='grc' dir='ltr'><strong>συστησομὲνας</strong></span> <span class='ocrx_word' id='word_1_296' title='bbox 1425 2399 1782 2475; x_wconf 82' lang='grc' dir='ltr'><strong>Ἐκκλησίας,</strong></span> 
     </span>
    </p>
   </div>
   <div class='ocr_carea' id='block_1_42' title="bbox 185 2479 1774 2565">
    <p class='ocr_par' dir='ltr' id='par_1_42' title="bbox 185 2479 1774 2565">
     <span class='ocr_line' id='line_1_42' title="bbox 185 2479 1774 2565; baseline 0.01 -33"><span class='ocrx_word' id='word_1_297' title='bbox 185 2479 350 2534; x_wconf 74' lang='grc' dir='ltr'><strong>λύκον</strong></span> <span class='ocrx_word' id='word_1_298' title='bbox 377 2480 488 2552; x_wconf 71' lang='grc' dir='ltr'><strong>μὲν</strong></span> <span class='ocrx_word' id='word_1_299' title='bbox 511 2482 756 2547; x_wconf 73' lang='grc' dir='ltr'><strong>καλέσας</strong></span> <span class='ocrx_word' id='word_1_300' title='bbox 781 2485 876 2538; x_wconf 78' lang='grc' dir='ltr'><strong>τὸν</strong></span> <span class='ocrx_word' id='word_1_301' title='bbox 899 2484 1030 2553; x_wconf 78' lang='grc' dir='ltr'><strong>ὀξὺν</strong></span> <span class='ocrx_word' id='word_1_302' title='bbox 1065 2490 1146 2552; x_wconf 80' lang='grc' dir='ltr'><strong>είς</strong></span> <span class='ocrx_word' id='word_1_303' title='bbox 1173 2491 1454 2562; x_wconf 79' lang='grc' dir='ltr'><strong>ἁρπαγὴν,</strong></span> <span class='ocrx_word' id='word_1_304' title='bbox 1519 2495 1660 2565; x_wconf 78' lang='grc' dir='ltr'><strong>ἄρνα</strong></span> <span class='ocrx_word' id='word_1_305' title='bbox 1715 2497 1774 2550; x_wconf 81' lang='grc' dir='ltr'><strong>δὲ</strong></span> 
     </span>
    </p>
   </div>
   <div class='ocr_carea' id='block_1_43' title="bbox 185 2574 1778 2654">
    <p class='ocr_par' dir='ltr' id='par_1_43' title="bbox 185 2574 1778 2654">
     <span class='ocr_line' id='line_1_43' title="bbox 185 2574 1778 2654; baseline 0.011 -29"><span class='ocrx_word' id='word_1_306' title='bbox 185 2574 276 2626; x_wconf 67' lang='grc' dir='ltr'><strong>τὴν</strong></span> <span class='ocrx_word' id='word_1_307' title='bbox 303 2574 758 2645; x_wconf 77' lang='grc' dir='ltr'><strong>εὐεπηρέαστον,</strong></span> <span class='ocrx_word' id='word_1_308' title='bbox 793 2581 888 2633; x_wconf 81' lang='grc' dir='ltr'><strong>καὶ</strong></span> <span class='ocrx_word' id='word_1_309' title='bbox 938 2581 1208 2651; x_wconf 78' lang='grc' dir='ltr'><strong>πάρδαλιν</strong></span> <span class='ocrx_word' id='word_1_310' title='bbox 1241 2585 1344 2654; x_wconf 77' lang='grc' dir='ltr'><strong>μὲν</strong></span> <span class='ocrx_word' id='word_1_311' title='bbox 1394 2589 1490 2640; x_wconf 83' lang='grc' dir='ltr'><strong>τὸν</strong></span> <span class='ocrx_word' id='word_1_312' title='bbox 1533 2589 1778 2644; x_wconf 76' lang='grc' dir='ltr'><strong>ποικιλό-</strong></span> 
     </span>
    </p>
   </div>
   <div class='ocr_carea' id='block_1_44' title="bbox 184 2669 1780 2753">
    <p class='ocr_par' dir='ltr' id='par_1_44' title="bbox 184 2669 1780 2753">
     <span class='ocr_line' id='line_1_44' title="bbox 184 2669 1780 2753; baseline 0.012 -35"><span class='ocrx_word' id='word_1_313' title='bbox 184 2683 429 2739; x_wconf 77' lang='grc' dir='ltr'><strong>τνωμον,</strong></span> <span class='ocrx_word' id='word_1_314' title='bbox 457 2669 658 2740; x_wconf 73' lang='grc' dir='ltr'><strong>ἔριφον</strong></span> <span class='ocrx_word' id='word_1_315' title='bbox 707 2672 766 2725; x_wconf 77' lang='grc' dir='ltr'><strong>δὲ</strong></span> <span class='ocrx_word' id='word_1_316' title='bbox 794 2674 886 2727; x_wconf 80' lang='grc' dir='ltr'><strong>τὸν</strong></span> <span class='ocrx_word' id='word_1_317' title='bbox 913 2675 1141 2732; x_wconf 79' lang='grc' dir='ltr'><strong>ἁπλοῦν.</strong></span> <span class='ocrx_word' id='word_1_318' title='bbox 1175 2680 1286 2732; x_wconf 79' lang='lat' dir='ltr'><strong>Kal</strong></span> <span class='ocrx_word' id='word_1_319' title='bbox 1336 2682 1638 2753; x_wconf 78' lang='grc' dir='ltr'><strong>μοσχάριον</strong></span> <span class='ocrx_word' id='word_1_320' title='bbox 1679 2684 1780 2753; x_wconf 80' lang='grc' dir='ltr'><strong>μὲν</strong></span> 
     </span>
    </p>
   </div>
   <div class='ocr_carea' id='block_1_45' title="bbox 183 2761 1775 2841">
    <p class='ocr_par' dir='ltr' id='par_1_45' title="bbox 183 2761 1775 2841">
     <span class='ocr_line' id='line_1_45' title="bbox 183 2761 1775 2841; baseline 0.011 -29"><span class='ocrx_word' id='word_1_321' title='bbox 183 2761 270 2813; x_wconf 64' lang='grc' dir='ltr'><strong>τὴν</strong></span> <span class='ocrx_word' id='word_1_322' title='bbox 295 2765 509 2829; x_wconf 76' lang='grc' dir='ltr'><strong>πρᾶον,</strong></span> <span class='ocrx_word' id='word_1_323' title='bbox 539 2763 746 2834; x_wconf 84' lang='grc' dir='ltr'><strong>ταῦρον</strong></span> <span class='ocrx_word' id='word_1_324' title='bbox 800 2767 860 2820; x_wconf 65' lang='grc' dir='ltr'><strong>δὲ</strong></span> <span class='ocrx_word' id='word_1_325' title='bbox 928 2769 1023 2822; x_wconf 75' lang='grc' dir='ltr'><strong>τὸν</strong></span> <span class='ocrx_word' id='word_1_326' title='bbox 1077 2770 1308 2841; x_wconf 80' lang='grc' dir='ltr'><strong>θρασὺν,</strong></span> <span class='ocrx_word' id='word_1_327' title='bbox 1369 2774 1557 2828; x_wconf 83' lang='grc' dir='ltr'><strong>λέοντα</strong></span> <span class='ocrx_word' id='word_1_328' title='bbox 1595 2777 1651 2828; x_wconf 84' lang='grc' dir='ltr'><strong>δὲ</strong></span> <span class='ocrx_word' id='word_1_329' title='bbox 1681 2779 1775 2830; x_wconf 82' lang='grc' dir='ltr'><strong>τὸν</strong></span> 
     </span>
    </p>
   </div>
   <div class='ocr_carea' id='block_1_46' title="bbox 184 2854 1772 2942">
    <p class='ocr_par' dir='ltr' id='par_1_46' title="bbox 184 2854 1772 2942">
     <span class='ocr_line' id='line_1_46' title="bbox 184 2854 1772 2942; baseline 0.011 -37"><span class='ocrx_word' id='word_1_330' title='bbox 184 2854 576 2924; x_wconf 71' lang='grc' dir='ltr'><strong>ὑπερήφανον,</strong></span> <span class='ocrx_word' id='word_1_331' title='bbox 597 2857 694 2922; x_wconf 84' lang='grc' dir='ltr'><strong>οὓς</strong></span> <span class='ocrx_word' id='word_1_332' title='bbox 729 2861 873 2926; x_wconf 73' lang='grc' dir='ltr'><strong>ἄξει,</strong></span> <span class='ocrx_word' id='word_1_333' title='bbox 910 2862 1010 2914; x_wconf 87' lang='grc' dir='ltr'><strong>καὶ</strong></span> <span class='ocrx_word' id='word_1_334' title='bbox 1034 2867 1298 2934; x_wconf 84' lang='grc' dir='ltr'><strong>ποιμανεῖ</strong></span> <span class='ocrx_word' id='word_1_335' title='bbox 1356 2867 1650 2938; x_wconf 76' lang='grc' dir='ltr'><strong>ἄνθρωπος</strong></span> <span class='ocrx_word' id='word_1_336' title='bbox 1706 2873 1772 2942; x_wconf 77' lang='grc' dir='ltr'><strong>τῇ</strong></span> 
     </span>
    </p>
   </div>
   <div class='ocr_carea' id='block_1_47' title="bbox 185 2945 1783 3030">
    <p class='ocr_par' dir='ltr' id='par_1_47' title="bbox 185 2945 1783 3030">
     <span class='ocr_line' id='line_1_47' title="bbox 185 2945 1783 3030; baseline 0.011 -33"><span class='ocrx_word' id='word_1_337' title='bbox 185 2945 286 3014; x_wconf 76' lang='grc' dir='ltr'><strong>μὲν</strong></span> <span class='ocrx_word' id='word_1_338' title='bbox 311 2948 598 3018; x_wconf 77' lang='grc' dir='ltr'><strong>φρονήσει</strong></span> <span class='ocrx_word' id='word_1_339' title='bbox 629 2949 842 3014; x_wconf 82' lang='grc' dir='ltr'><strong>πολιὸς,</strong></span> <span class='ocrx_word' id='word_1_340' title='bbox 876 2951 957 3024; x_wconf 81' lang='grc' dir='ltr'><strong>τῷ</strong></span> <span class='ocrx_word' id='word_1_341' title='bbox 985 2953 1042 3006; x_wconf 70' lang='grc' dir='ltr'><strong>δὲ</strong></span> <span class='ocrx_word' id='word_1_342' title='bbox 1070 2955 1246 3024; x_wconf 81' lang='grc' dir='ltr'><strong>ἀπονὴ</strong></span> <span class='ocrx_word' id='word_1_343' title='bbox 1258 2973 1338 3028; x_wconf 83' lang='grc' dir='ltr'><strong>ρῳ</strong></span> <span class='ocrx_word' id='word_1_344' title='bbox 1367 2957 1465 3010; x_wconf 74' lang='grc' dir='ltr'><strong>καὶ</strong></span> <span class='ocrx_word' id='word_1_345' title='bbox 1488 2962 1556 3030; x_wconf 83' lang='grc' dir='ltr'><strong>τῇ</strong></span> <span class='ocrx_word' id='word_1_346' title='bbox 1587 2977 1783 3014; x_wconf 85' lang='grc' dir='ltr'><strong>ταπει-</strong></span> 
     </span>
    </p>
   </div>
   <div class='ocr_carea' id='block_1_48' title="bbox 185 3041 1781 3124">
    <p class='ocr_par' dir='ltr' id='par_1_48' title="bbox 185 3041 1781 3124">
     <span class='ocr_line' id='line_1_48' title="bbox 185 3041 1781 3124; baseline 0.012 -34"><span class='ocrx_word' id='word_1_347' title='bbox 185 3041 505 3111; x_wconf 75' lang='grc' dir='ltr'><strong>νοφροσύνῃ</strong></span> <span class='ocrx_word' id='word_1_348' title='bbox 543 3043 782 3099; x_wconf 78' lang='grc' dir='ltr'><strong>παιδίον.</strong></span> <span class='ocrx_word' id='word_1_349' title='bbox 831 3045 939 3098; x_wconf 77' lang='grc' dir='ltr'><strong>Καὶ</strong></span> <span class='ocrx_word' id='word_1_350' title='bbox 988 3047 1165 3116; x_wconf 81' lang='grc' dir='ltr'><strong>μέγας</strong></span> <span class='ocrx_word' id='word_1_351' title='bbox 1198 3049 1300 3118; x_wconf 80' lang='grc' dir='ltr'><strong>μὲν</strong></span> <span class='ocrx_word' id='word_1_352' title='bbox 1347 3053 1414 3121; x_wconf 81' lang='grc' dir='ltr'><strong>τῇ</strong></span> <span class='ocrx_word' id='word_1_353' title='bbox 1449 3051 1643 3123; x_wconf 78' lang='grc' dir='ltr'><strong>ἀρετῇ,</strong></span> <span class='ocrx_word' id='word_1_354' title='bbox 1687 3072 1781 3124; x_wconf 86' lang='grc' dir='ltr'><strong>μι-</strong></span> 
     </span>
    </p>
   </div>
   <div class='ocr_carea' id='block_1_49' title="bbox 185 3131 1776 3238">
    <p class='ocr_par' dir='ltr' id='par_1_49' title="bbox 185 3131 1776 3213">
     <span class='ocr_line' id='line_1_49' title="bbox 185 3131 1776 3213; baseline 0.011 -32"><span class='ocrx_word' id='word_1_355' title='bbox 185 3131 316 3201; x_wconf 53' lang='lat' dir='ltr'><strong>apo;</strong></span> <span class='ocrx_word' id='word_1_356' title='bbox 361 3134 422 3188; x_wconf 78' lang='grc' dir='ltr'><strong>δὲ</strong></span> <span class='ocrx_word' id='word_1_357' title='bbox 457 3138 528 3206; x_wconf 82' lang='grc' dir='ltr'><strong>τῇ</strong></span> <span class='ocrx_word' id='word_1_358' title='bbox 553 3138 857 3210; x_wconf 72' lang='grc' dir='ltr'><strong>φαινομένῃ</strong></span> <span class='ocrx_word' id='word_1_359' title='bbox 884 3139 1134 3212; x_wconf 67' lang='grc' dir='ltr'><strong>εὐτελείᾳ</strong></span> <span class='ocrx_word' id='word_1_360' title='bbox 1163 3143 1254 3195; x_wconf 72' lang='grc' dir='ltr'><strong>καὶ</strong></span> <span class='ocrx_word' id='word_1_361' title='bbox 1291 3141 1560 3213; x_wconf 78' lang='grc' dir='ltr'><strong>λιτότητι.</strong></span> <span class='ocrx_word' id='word_1_362' title='bbox 1584 3146 1776 3200; x_wconf 82' lang='grc' dir='ltr'><strong>Τοιοῦ-</strong></span> 
     </span>
    </p>
   </div>
   <div class='ocr_carea' id='block_1_50' title="bbox 1879 3131 2921 3238">
    <p class='ocr_par' dir='ltr' id='par_1_50' title="bbox 1884 3135 2921 3206">
     <span class='ocr_line' id='line_1_50' title="bbox 1884 3135 2921 3206; baseline 0.004 -18"><span class='ocrx_word' id='word_1_363' title='bbox 1884 3135 2114 3189; x_wconf 85' lang='lat' dir='ltr'><strong>vitulum</strong></span> <span class='ocrx_word' id='word_1_364' title='bbox 2152 3135 2327 3197; x_wconf 88' lang='lat' dir='ltr'><strong>illum.</strong></span> <span class='ocrx_word' id='word_1_365' title='bbox 2361 3137 2451 3206; x_wconf 88' lang='lat' dir='ltr'><strong>qui</strong></span> <span class='ocrx_word' id='word_1_366' title='bbox 2487 3153 2574 3192; x_wconf 70' lang='grc' dir='ltr'><strong>εει</strong></span> <span class='ocrx_word' id='word_1_367' title='bbox 2601 3147 2921 3192; x_wconf 80' lang='lat' dir='ltr'><strong>inausuetus</strong></span> 
     </span>
    </p>
   </div>
   <div class='ocr_carea' id='block_1_51' title="bbox 1891 1924 3476 2001">
    <p class='ocr_par' dir='ltr' id='par_1_51' title="bbox 1891 1924 3476 2001">
     <span class='ocr_line' id='line_1_51' title="bbox 1891 1924 3476 2001; baseline 0.006 -20"><span class='ocrx_word' id='word_1_368' title='bbox 1891 1925 2088 1991; x_wconf 87' lang='lat' dir='ltr'><strong>Deum,</strong></span> <span class='ocrx_word' id='word_1_369' title='bbox 2133 1937 2193 1983; x_wconf 89' lang='lat' dir='ltr'><strong>ut</strong></span> <span class='ocrx_word' id='word_1_370' title='bbox 2222 1929 2410 2001; x_wconf 85' lang='lat' dir='ltr'><strong>colligi</strong></span> <span class='ocrx_word' id='word_1_371' title='bbox 2442 1940 2626 2001; x_wconf 84' lang='lat' dir='ltr'><strong>potest</strong></span> <span class='ocrx_word' id='word_1_372' title='bbox 2657 1924 2766 1986; x_wconf 79' lang='lat' dir='ltr'><strong>nun</strong></span> <span class='ocrx_word' id='word_1_373' title='bbox 2789 1935 2968 1987; x_wconf 89' lang='lat' dir='ltr'><strong>solum</strong></span> <span class='ocrx_word' id='word_1_374' title='bbox 3027 1949 3094 1989; x_wconf 78' lang='lat' dir='ltr'><strong>ex</strong></span> <span class='ocrx_word' id='word_1_375' title='bbox 3148 1951 3476 1990; x_wconf 87' lang='lat' dir='ltr'><strong>monumen-</strong></span> 
     </span>
    </p>
   </div>
   <div class='ocr_carea' id='block_1_52' title="bbox 1888 2020 3459 2090">
    <p class='ocr_par' dir='ltr' id='par_1_52' title="bbox 1888 2020 3459 2090">
     <span class='ocr_line' id='line_1_52' title="bbox 1888 2020 3459 2090; baseline 0.004 -16"><span class='ocrx_word' id='word_1_376' title='bbox 1888 2020 1962 2074; x_wconf 85' lang='lat' dir='ltr'><strong>tis</strong></span> <span class='ocrx_word' id='word_1_377' title='bbox 1988 2022 2432 2090; x_wconf 80' lang='lat' dir='ltr'><strong>Evangeliorum,</strong></span> <span class='ocrx_word' id='word_1_378' title='bbox 2457 2039 2648 2077; x_wconf 85' lang='lat' dir='ltr'><strong>verum</strong></span> <span class='ocrx_word' id='word_1_379' title='bbox 2683 2025 2849 2078; x_wconf 86' lang='lat' dir='ltr'><strong>etiam</strong></span> <span class='ocrx_word' id='word_1_380' title='bbox 2878 2039 2942 2078; x_wconf 70' lang='lat' dir='ltr'><strong>ev</strong></span> <span class='ocrx_word' id='word_1_381' title='bbox 2995 2026 3292 2080; x_wconf 83' lang='lat' dir='ltr'><strong>annalibus</strong></span> <span class='ocrx_word' id='word_1_382' title='bbox 3347 2026 3459 2081; x_wconf 86' lang='lat' dir='ltr'><strong>lle-</strong></span> 
     </span>
    </p>
   </div>
   <div class='ocr_carea' id='block_1_53' title="bbox 1889 2111 3474 2188">
    <p class='ocr_par' dir='ltr' id='par_1_53' title="bbox 1889 2111 3474 2188">
     <span class='ocr_line' id='line_1_53' title="bbox 1889 2111 3474 2188; baseline 0.004 -21"><span class='ocrx_word' id='word_1_383' title='bbox 1889 2111 2160 2168; x_wconf 72' lang='lat' dir='ltr'><strong>brteorum</strong></span> <span class='ocrx_word' id='word_1_384' title='bbox 2193 2122 2252 2169; x_wconf 89' lang='lat' dir='ltr'><strong>et</strong></span> <span class='ocrx_word' id='word_1_385' title='bbox 2307 2117 2551 2185; x_wconf 82' lang='lat' dir='ltr'><strong>gentium</strong></span> <span class='ocrx_word' id='word_1_386' title='bbox 2592 2115 2888 2170; x_wconf 86' lang='lat' dir='ltr'><strong>historicis.</strong></span> <span class='ocrx_word' id='word_1_387' title='bbox 2924 2115 3219 2188; x_wconf 80' lang='lat' dir='ltr'><strong>Reliquum</strong></span> <span class='ocrx_word' id='word_1_388' title='bbox 3268 2131 3372 2179; x_wconf 89' lang='lat' dir='ltr'><strong>est.</strong></span> <span class='ocrx_word' id='word_1_389' title='bbox 3414 2130 3474 2174; x_wconf 85' lang='lat' dir='ltr'><strong>nt</strong></span> 
     </span>
    </p>
   </div>
   <div class='ocr_carea' id='block_1_54' title="bbox 1887 2205 3476 2277">
    <p class='ocr_par' dir='ltr' id='par_1_54' title="bbox 1887 2205 3476 2277">
     <span class='ocr_line' id='line_1_54' title="bbox 1887 2205 3476 2277; baseline 0.003 -17"><span class='ocrx_word' id='word_1_390' title='bbox 1887 2205 2102 2277; x_wconf 83' lang='lat' dir='ltr'><strong>signum</strong></span> <span class='ocrx_word' id='word_1_391' title='bbox 2131 2207 2400 2262; x_wconf 85' lang='lat' dir='ltr'><strong>adventus</strong></span> <span class='ocrx_word' id='word_1_392' title='bbox 2446 2206 2648 2262; x_wconf 86' lang='lat' dir='ltr'><strong>Christi</strong></span> <span class='ocrx_word' id='word_1_393' title='bbox 2698 2209 3016 2276; x_wconf 68' lang='lat' dir='ltr'><strong>praedictum</strong></span> <span class='ocrx_word' id='word_1_394' title='bbox 3042 2211 3112 2264; x_wconf 85' lang='lat' dir='ltr'><strong>ab</strong></span> <span class='ocrx_word' id='word_1_395' title='bbox 3169 2211 3305 2264; x_wconf 88' lang='lat' dir='ltr'><strong>lsaia</strong></span> <span class='ocrx_word' id='word_1_396' title='bbox 3342 2227 3476 2264; x_wconf 82' lang='lat' dir='ltr'><strong>con-</strong></span> 
     </span>
    </p>
   </div>
   <div class='ocr_carea' id='block_1_55' title="bbox 1889 2299 3470 2357">
    <p class='ocr_par' dir='ltr' id='par_1_55' title="bbox 1889 2299 3470 2357">
     <span class='ocr_line' id='line_1_55' title="bbox 1889 2299 3470 2357; baseline 0.002 -4"><span class='ocrx_word' id='word_1_397' title='bbox 1889 2299 2213 2353; x_wconf 82' lang='lat' dir='ltr'><strong>sideretnus.</strong></span> <span class='ocrx_word' id='word_1_398' title='bbox 2277 2299 2378 2354; x_wconf 87' lang='lat' dir='ltr'><strong>Hic</strong></span> <span class='ocrx_word' id='word_1_399' title='bbox 2431 2301 2754 2356; x_wconf 83' lang='lat' dir='ltr'><strong>animalium</strong></span> <span class='ocrx_word' id='word_1_400' title='bbox 2828 2302 3074 2357; x_wconf 83' lang='lat' dir='ltr'><strong>cicurum</strong></span> <span class='ocrx_word' id='word_1_401' title='bbox 3121 2310 3176 2357; x_wconf 87' lang='lat' dir='ltr'><strong>et</strong></span> <span class='ocrx_word' id='word_1_402' title='bbox 3229 2303 3470 2356; x_wconf 82' lang='lat' dir='ltr'><strong>ferarqu</strong></span> 
     </span>
    </p>
   </div>
   <div class='ocr_carea' id='block_1_56' title="bbox 1886 2391 3471 2463">
    <p class='ocr_par' dir='ltr' id='par_1_56' title="bbox 1886 2391 3471 2463">
     <span class='ocr_line' id='line_1_56' title="bbox 1886 2391 3471 2463; baseline 0.003 -19"><span class='ocrx_word' id='word_1_403' title='bbox 1886 2391 2204 2446; x_wconf 82' lang='lat' dir='ltr'><strong>discrimine</strong></span> <span class='ocrx_word' id='word_1_404' title='bbox 2235 2391 2510 2463; x_wconf 78' lang='lat' dir='ltr'><strong>signiﬁcat</strong></span> <span class='ocrx_word' id='word_1_405' title='bbox 2538 2394 2787 2448; x_wconf 85' lang='lat' dir='ltr'><strong>diversos</strong></span> <span class='ocrx_word' id='word_1_406' title='bbox 2834 2395 3118 2450; x_wconf 89' lang='lat' dir='ltr'><strong>hominum</strong></span> <span class='ocrx_word' id='word_1_407' title='bbox 3162 2411 3366 2461; x_wconf 86' lang='lat' dir='ltr'><strong>mores,</strong></span> <span class='ocrx_word' id='word_1_408' title='bbox 3414 2404 3471 2448; x_wconf 82' lang='lat' dir='ltr'><strong>et</strong></span> 
     </span>
    </p>
   </div>
   <div class='ocr_carea' id='block_1_57' title="bbox 1889 2485 3470 2553">
    <p class='ocr_par' dir='ltr' id='par_1_57' title="bbox 1889 2485 3470 2553">
     <span class='ocr_line' id='line_1_57' title="bbox 1889 2485 3470 2553; baseline 0.003 -16"><span class='ocrx_word' id='word_1_409' title='bbox 1889 2499 1987 2553; x_wconf 88' lang='lat' dir='ltr'><strong>per</strong></span> <span class='ocrx_word' id='word_1_410' title='bbox 2013 2499 2363 2538; x_wconf 89' lang='lat' dir='ltr'><strong>communem</strong></span> <span class='ocrx_word' id='word_1_411' title='bbox 2431 2485 2656 2540; x_wconf 90' lang='lat' dir='ltr'><strong>illorum</strong></span> <span class='ocrx_word' id='word_1_412' title='bbox 2697 2487 2924 2552; x_wconf 86' lang='lat' dir='ltr'><strong>victum,</strong></span> <span class='ocrx_word' id='word_1_413' title='bbox 2987 2496 3044 2542; x_wconf 90' lang='lat' dir='ltr'><strong>et</strong></span> <span class='ocrx_word' id='word_1_414' title='bbox 3093 2497 3339 2542; x_wconf 83' lang='lat' dir='ltr'><strong>mutuam</strong></span> <span class='ocrx_word' id='word_1_415' title='bbox 3389 2489 3470 2542; x_wconf 81' lang='lat' dir='ltr'><strong>vi-</strong></span> 
     </span>
    </p>
   </div>
   <div class='ocr_carea' id='block_1_58' title="bbox 1888 2577 3468 2645">
    <p class='ocr_par' dir='ltr' id='par_1_58' title="bbox 1888 2577 3468 2645">
     <span class='ocr_line' id='line_1_58' title="bbox 1888 2577 3468 2645; baseline 0.003 -14"><span class='ocrx_word' id='word_1_416' title='bbox 1888 2577 2048 2632; x_wconf 81' lang='lat' dir='ltr'><strong>vendi</strong></span> <span class='ocrx_word' id='word_1_417' title='bbox 2105 2577 2589 2640; x_wconf 86' lang='lat' dir='ltr'><strong>consuetudinem,</strong></span> <span class='ocrx_word' id='word_1_418' title='bbox 2628 2594 2798 2634; x_wconf 88' lang='lat' dir='ltr'><strong>unum</strong></span> <span class='ocrx_word' id='word_1_419' title='bbox 2849 2578 3138 2634; x_wconf 88' lang='lat' dir='ltr'><strong>hominum</strong></span> <span class='ocrx_word' id='word_1_420' title='bbox 3188 2581 3353 2645; x_wconf 90' lang='lat' dir='ltr'><strong>ovile,</strong></span> <span class='ocrx_word' id='word_1_421' title='bbox 3411 2591 3468 2636; x_wconf 90' lang='lat' dir='ltr'><strong>et</strong></span> 
     </span>
    </p>
   </div>
   <div class='ocr_carea' id='block_1_59' title="bbox 1888 2669 3468 2745">
    <p class='ocr_par' dir='ltr' id='par_1_59' title="bbox 1888 2669 3468 2745">
     <span class='ocr_line' id='line_1_59' title="bbox 1888 2669 3468 2745; baseline 0.004 -21"><span class='ocrx_word' id='word_1_422' title='bbox 1888 2669 2162 2724; x_wconf 81' lang='lat' dir='ltr'><strong>Ecclesias</strong></span> <span class='ocrx_word' id='word_1_423' title='bbox 2233 2685 2298 2724; x_wconf 77' lang='lat' dir='ltr'><strong>ex</strong></span> <span class='ocrx_word' id='word_1_424' title='bbox 2356 2671 2442 2724; x_wconf 88' lang='lat' dir='ltr'><strong>his</strong></span> <span class='ocrx_word' id='word_1_425' title='bbox 2487 2671 2900 2726; x_wconf 86' lang='lat' dir='ltr'><strong>constituendas</strong></span> <span class='ocrx_word' id='word_1_426' title='bbox 2950 2673 3211 2735; x_wconf 86' lang='lat' dir='ltr'><strong>ostendit.</strong></span> <span class='ocrx_word' id='word_1_427' title='bbox 3277 2675 3468 2745; x_wconf 89' lang='lat' dir='ltr'><strong>lupum</strong></span> 
     </span>
    </p>
   </div>
   <div class='ocr_carea' id='block_1_60' title="bbox 1889 2762 3464 2836">
    <p class='ocr_par' dir='ltr' id='par_1_60' title="bbox 1889 2762 3464 2836">
     <span class='ocr_line' id='line_1_60' title="bbox 1889 2762 3464 2836; baseline 0.003 -19"><span class='ocrx_word' id='word_1_428' title='bbox 1889 2762 2109 2832; x_wconf 85' lang='lat' dir='ltr'><strong>quidem</strong></span> <span class='ocrx_word' id='word_1_429' title='bbox 2152 2763 2437 2834; x_wconf 82' lang='lat' dir='ltr'><strong>appellans</strong></span> <span class='ocrx_word' id='word_1_430' title='bbox 2484 2779 2608 2818; x_wconf 90' lang='lat' dir='ltr'><strong>eum</strong></span> <span class='ocrx_word' id='word_1_431' title='bbox 2645 2765 2738 2833; x_wconf 84' lang='lat' dir='ltr'><strong>qui</strong></span> <span class='ocrx_word' id='word_1_432' title='bbox 2763 2763 2831 2818; x_wconf 92' lang='lat' dir='ltr'><strong>ad</strong></span> <span class='ocrx_word' id='word_1_433' title='bbox 2876 2765 3099 2836; x_wconf 83' lang='lat' dir='ltr'><strong>rapinas</strong></span> <span class='ocrx_word' id='word_1_434' title='bbox 3129 2767 3284 2820; x_wconf 80' lang='lat' dir='ltr'><strong>velox</strong></span> <span class='ocrx_word' id='word_1_435' title='bbox 3329 2774 3464 2822; x_wconf 89' lang='lat' dir='ltr'><strong>est:</strong></span> 
     </span>
    </p>
   </div>
   <div class='ocr_carea' id='block_1_61' title="bbox 1891 2857 3464 2928">
    <p class='ocr_par' dir='ltr' id='par_1_61' title="bbox 1891 2857 3464 2928">
     <span class='ocr_line' id='line_1_61' title="bbox 1891 2857 3464 2928; baseline 0.003 -20"><span class='ocrx_word' id='word_1_436' title='bbox 1891 2871 2095 2926; x_wconf 82' lang='lat' dir='ltr'><strong>agnum</strong></span> <span class='ocrx_word' id='word_1_437' title='bbox 2143 2866 2326 2910; x_wconf 88' lang='lat' dir='ltr'><strong>autem</strong></span> <span class='ocrx_word' id='word_1_438' title='bbox 2353 2873 2502 2920; x_wconf 87' lang='lat' dir='ltr'><strong>cum,</strong></span> <span class='ocrx_word' id='word_1_439' title='bbox 2551 2858 2643 2927; x_wconf 88' lang='lat' dir='ltr'><strong>qui</strong></span> <span class='ocrx_word' id='word_1_440' title='bbox 2701 2857 2896 2927; x_wconf 67' lang='lat' dir='ltr'><strong>pra-dae</strong></span> <span class='ocrx_word' id='word_1_441' title='bbox 2941 2867 2996 2912; x_wconf 86' lang='lat' dir='ltr'><strong>ct</strong></span> <span class='ocrx_word' id='word_1_442' title='bbox 3023 2858 3318 2928; x_wconf 84' lang='lat' dir='ltr'><strong>direptioni</strong></span> <span class='ocrx_word' id='word_1_443' title='bbox 3373 2868 3464 2914; x_wconf 86' lang='lat' dir='ltr'><strong>est</strong></span> 
     </span>
    </p>
   </div>
   <div class='ocr_carea' id='block_1_62' title="bbox 1885 2948 3467 3020">
    <p class='ocr_par' dir='ltr' id='par_1_62' title="bbox 1885 2948 3467 3020">
     <span class='ocr_line' id='line_1_62' title="bbox 1885 2948 3467 3020; baseline 0.004 -18"><span class='ocrx_word' id='word_1_444' title='bbox 1885 2948 2206 3018; x_wconf 78' lang='lat' dir='ltr'><strong>expositus:</strong></span> <span class='ocrx_word' id='word_1_445' title='bbox 2265 2950 2490 3019; x_wconf 85' lang='lat' dir='ltr'><strong>pardum</strong></span> <span class='ocrx_word' id='word_1_446' title='bbox 2544 2950 2715 3014; x_wconf 89' lang='lat' dir='ltr'><strong>illum,</strong></span> <span class='ocrx_word' id='word_1_447' title='bbox 2761 2951 2855 3020; x_wconf 89' lang='lat' dir='ltr'><strong>qui</strong></span> <span class='ocrx_word' id='word_1_448' title='bbox 2901 2961 3116 3008; x_wconf 83' lang='lat' dir='ltr'><strong>astutus</strong></span> <span class='ocrx_word' id='word_1_449' title='bbox 3165 2962 3222 3006; x_wconf 87' lang='lat' dir='ltr'><strong>et</strong></span> <span class='ocrx_word' id='word_1_450' title='bbox 3280 2963 3467 3008; x_wconf 87' lang='lat' dir='ltr'><strong>mente</strong></span> 
     </span>
    </p>
   </div>
   <div class='ocr_carea' id='block_1_63' title="bbox 1885 3034 3466 3116">
    <p class='ocr_par' dir='ltr' id='par_1_63' title="bbox 1885 3034 3466 3116">
     <span class='ocr_line' id='line_1_63' title="bbox 1885 3034 3466 3116; baseline 0.004 -22"><span class='ocrx_word' id='word_1_451' title='bbox 1885 3043 2069 3096; x_wconf 87' lang='lat' dir='ltr'><strong>varius</strong></span> <span class='ocrx_word' id='word_1_452' title='bbox 2102 3058 2116 3094; x_wconf 90' lang='lat'><strong>:</strong></span> <span class='ocrx_word' id='word_1_453' title='bbox 2146 3042 2362 3096; x_wconf 72' lang='lat' dir='ltr'><strong>haedum</strong></span> <span class='ocrx_word' id='word_1_454' title='bbox 2401 3044 2578 3106; x_wconf 88' lang='lat' dir='ltr'><strong>illum,</strong></span> <span class='ocrx_word' id='word_1_455' title='bbox 2625 3044 2715 3113; x_wconf 90' lang='lat' dir='ltr'><strong>qui</strong></span> <span class='ocrx_word' id='word_1_456' title='bbox 2745 3034 3016 3098; x_wconf 84' lang='lat' dir='ltr'><strong>candidus</strong></span> <span class='ocrx_word' id='word_1_457' title='bbox 3057 3052 3112 3098; x_wconf 89' lang='lat' dir='ltr'><strong>et</strong></span> <span class='ocrx_word' id='word_1_458' title='bbox 3151 3044 3383 3116; x_wconf 78' lang='lat' dir='ltr'><strong>simplex</strong></span> <span class='ocrx_word' id='word_1_459' title='bbox 3446 3062 3466 3100; x_wconf 88' lang='lat'><strong>:</strong></span> 
     </span>
    </p>
   </div>
   <div class='ocr_carea' id='block_1_64' title="bbox 2983 3148 3462 3204">
    <p class='ocr_par' dir='ltr' id='par_1_64' title="bbox 2983 3148 3462 3204">
     <span class='ocr_line' id='line_1_64' title="bbox 2983 3148 3462 3204; baseline 0.004 -12"><span class='ocrx_word' id='word_1_460' title='bbox 2983 3156 2995 3192; x_wconf 94' lang='lat'>:</span> <span class='ocrx_word' id='word_1_461' title='bbox 3045 3148 3259 3193; x_wconf 87' lang='lat' dir='ltr'><strong>taurum</strong></span> <span class='ocrx_word' id='word_1_462' title='bbox 3309 3155 3462 3204; x_wconf 90' lang='lat' dir='ltr'><strong>cum,</strong></span> 
     </span>
    </p>
   </div>
   <div class='ocr_carea' id='block_1_65' title="bbox 184 3223 1776 3305">
    <p class='ocr_par' dir='ltr' id='par_1_65' title="bbox 184 3223 1773 3305">
     <span class='ocr_line' id='line_1_65' title="bbox 184 3223 1773 3305; baseline 0.011 -30"><span class='ocrx_word' id='word_1_463' title='bbox 184 3239 268 3275; x_wconf 80' lang='grc' dir='ltr'><strong>τοι</strong></span> <span class='ocrx_word' id='word_1_464' title='bbox 295 3223 352 3277; x_wconf 75' lang='grc' dir='ltr'><strong>δὲ</strong></span> <span class='ocrx_word' id='word_1_465' title='bbox 409 3226 462 3278; x_wconf 77' lang='lat' dir='ltr'><strong>oi.</strong></span> <span class='ocrx_word' id='word_1_466' title='bbox 512 3227 626 3280; x_wconf 82' lang='grc' dir='ltr'><strong>τῶν</strong></span> <span class='ocrx_word' id='word_1_467' title='bbox 688 3228 1001 3299; x_wconf 74' lang='grc' dir='ltr'><strong>ἐκκλησιῶν</strong></span> <span class='ocrx_word' id='word_1_468' title='bbox 1052 3232 1422 3302; x_wconf 79' lang='grc' dir='ltr'><strong>προεστῶτες,</strong></span> <span class='ocrx_word' id='word_1_469' title='bbox 1465 3235 1558 3305; x_wconf 79' lang='grc' dir='ltr'><strong>ὑφ’</strong></span> <span class='ocrx_word' id='word_1_470' title='bbox 1597 3231 1674 3290; x_wconf 83' lang='grc' dir='ltr'>ὧν</span> <span class='ocrx_word' id='word_1_471' title='bbox 1724 3241 1773 3292; x_wconf 91' lang='grc' dir='ltr'><strong>οί</strong></span> 
     </span>
    </p>
   </div>
   <div class='ocr_carea' id='block_1_66' title="bbox 1879 3223 3460 3305">
    <p class='ocr_par' dir='ltr' id='par_1_66' title="bbox 1879 3228 3460 3302">
     <span class='ocr_line' id='line_1_66' title="bbox 1879 3228 3460 3302; baseline 0.005 -22"><span class='ocrx_word' id='word_1_472' title='bbox 1879 3228 1972 3297; x_wconf 84' lang='lat' dir='ltr'><strong>qui</strong></span> <span class='ocrx_word' id='word_1_473' title='bbox 1997 3238 2083 3283; x_wconf 89' lang='lat' dir='ltr'><strong>est</strong></span> <span class='ocrx_word' id='word_1_474' title='bbox 2122 3228 2348 3284; x_wconf 80' lang='lat' dir='ltr'><strong>audax:</strong></span> <span class='ocrx_word' id='word_1_475' title='bbox 2396 3231 2609 3284; x_wconf 88' lang='lat' dir='ltr'><strong>leonem</strong></span> <span class='ocrx_word' id='word_1_476' title='bbox 2655 3231 2833 3292; x_wconf 87' lang='lat' dir='ltr'><strong>illum,</strong></span> <span class='ocrx_word' id='word_1_477' title='bbox 2875 3229 2967 3299; x_wconf 91' lang='lat' dir='ltr'><strong>qui</strong></span> <span class='ocrx_word' id='word_1_478' title='bbox 3028 3241 3112 3285; x_wconf 90' lang='lat' dir='ltr'><strong>est</strong></span> <span class='ocrx_word' id='word_1_479' title='bbox 3151 3233 3460 3302; x_wconf 86' lang='lat' dir='ltr'><strong>superbus;</strong></span> 
     </span>
    </p>
   </div>
   <div class='ocr_carea' id='block_1_67' title="bbox 189 3317 1777 3395">
    <p class='ocr_par' dir='ltr' id='par_1_67' title="bbox 189 3317 1777 3395">
     <span class='ocr_line' id='line_1_67' title="bbox 189 3317 1777 3395; baseline 0.01 -27"><span class='ocrx_word' id='word_1_480' title='bbox 189 3317 441 3387; x_wconf 62' lang='grc' dir='ltr'><strong>διάςοροι</strong></span> <span class='ocrx_word' id='word_1_481' title='bbox 483 3321 600 3382; x_wconf 77' lang='grc' dir='ltr'><strong>τοῖς</strong></span> <span class='ocrx_word' id='word_1_482' title='bbox 629 3320 823 3389; x_wconf 65' lang='grc' dir='ltr'><strong>ἤθεσιν</strong></span> <span class='ocrx_word' id='word_1_483' title='bbox 873 3324 1134 3392; x_wconf 81' lang='grc' dir='ltr'><strong>ἀγόμενοι</strong></span> <span class='ocrx_word' id='word_1_484' title='bbox 1167 3325 1531 3395; x_wconf 78' lang='grc' dir='ltr'><strong>ρυθμίξονταί</strong></span> <span class='ocrx_word' id='word_1_485' title='bbox 1583 3346 1641 3382; x_wconf 89' lang='grc' dir='ltr'><strong>τε</strong></span> <span class='ocrx_word' id='word_1_486' title='bbox 1683 3332 1777 3383; x_wconf 83' lang='grc' dir='ltr'><strong>καὶ</strong></span> 
     </span>
    </p>
   </div>
   <div class='ocr_carea' id='block_1_68' title="bbox 193 3412 1774 3502">
    <p class='ocr_par' dir='ltr' id='par_1_68' title="bbox 193 3412 1774 3502">
     <span class='ocr_line' id='line_1_68' title="bbox 193 3412 1774 3502; baseline 0.011 -40"><span class='ocrx_word' id='word_1_487' title='bbox 193 3412 660 3482; x_wconf 56' lang='grc' dir='ltr'><strong>συναρμόζονται.</strong></span> <span class='ocrx_word' id='word_1_488' title='bbox 710 3416 821 3466; x_wconf 81' lang='lat' dir='ltr'><strong>Kal</strong></span> <span class='ocrx_word' id='word_1_489' title='bbox 861 3415 1016 3479; x_wconf 81' lang='grc' dir='ltr'><strong>αὖθις</strong></span> <span class='ocrx_word' id='word_1_490' title='bbox 1052 3416 1182 3487; x_wconf 68' lang='grc' dir='ltr'><strong>βοῦν</strong></span> <span class='ocrx_word' id='word_1_491' title='bbox 1217 3422 1318 3486; x_wconf 78' lang='grc' dir='ltr'><strong>μὲν</strong></span> <span class='ocrx_word' id='word_1_492' title='bbox 1343 3424 1432 3476; x_wconf 68' lang='grc' dir='ltr'><strong>τὸν</strong></span> <span class='ocrx_word' id='word_1_493' title='bbox 1455 3425 1774 3502; x_wconf 68' lang='grc' dir='ltr'><strong>ἐργατικὸν,</strong></span> 
     </span>
    </p>
   </div>
   <div class='ocr_carea' id='block_1_69' title="bbox 187 3507 1773 3591">
    <p class='ocr_par' dir='ltr' id='par_1_69' title="bbox 187 3507 1773 3591">
     <span class='ocr_line' id='line_1_69' title="bbox 187 3507 1773 3591; baseline 0.011 -31"><span class='ocrx_word' id='word_1_494' title='bbox 187 3507 386 3574; x_wconf 75' lang='grc' dir='ltr'><strong>ἄρκτον</strong></span> <span class='ocrx_word' id='word_1_495' title='bbox 421 3509 480 3561; x_wconf 83' lang='grc' dir='ltr'><strong>δὲ</strong></span> <span class='ocrx_word' id='word_1_496' title='bbox 515 3509 611 3562; x_wconf 84' lang='grc' dir='ltr'><strong>τὸν</strong></span> <span class='ocrx_word' id='word_1_497' title='bbox 637 3510 1080 3582; x_wconf 75' lang='grc' dir='ltr'><strong>γαστρίμαργον.</strong></span> <span class='ocrx_word' id='word_1_498' title='bbox 1118 3515 1227 3567; x_wconf 81' lang='grc' dir='ltr'><strong>Καὶ</strong></span> <span class='ocrx_word' id='word_1_499' title='bbox 1251 3515 1416 3570; x_wconf 84' lang='grc' dir='ltr'><strong>πάλιν</strong></span> <span class='ocrx_word' id='word_1_500' title='bbox 1445 3518 1636 3574; x_wconf 84' lang='grc' dir='ltr'><strong>λέοντα</strong></span> <span class='ocrx_word' id='word_1_501' title='bbox 1673 3523 1773 3591; x_wconf 79' lang='grc' dir='ltr'><strong>μὲν</strong></span> 
     </span>
    </p>
   </div>
   <div class='ocr_carea' id='block_1_70' title="bbox 189 3601 1774 3676">
    <p class='ocr_par' dir='ltr' id='par_1_70' title="bbox 189 3601 1774 3676">
     <span class='ocr_line' id='line_1_70' title="bbox 189 3601 1774 3676; baseline 0.011 -26"><span class='ocrx_word' id='word_1_502' title='bbox 189 3601 273 3650; x_wconf 65' lang='grc' dir='ltr'><strong>ειη</strong></span> <span class='ocrx_word' id='word_1_503' title='bbox 311 3603 653 3670; x_wconf 77' lang='grc' dir='ltr'><strong>ἡγεμοτικόν</strong></span> <span class='ocrx_word' id='word_1_504' title='bbox 701 3619 761 3656; x_wconf 81' lang='grc' dir='ltr'><strong>τε</strong></span> <span class='ocrx_word' id='word_1_505' title='bbox 789 3603 886 3657; x_wconf 82' lang='grc' dir='ltr'><strong>καὶ</strong></span> <span class='ocrx_word' id='word_1_506' title='bbox 911 3605 1166 3675; x_wconf 85' lang='grc' dir='ltr'><strong>ἀρχικὸν,</strong></span> <span class='ocrx_word' id='word_1_507' title='bbox 1229 3607 1360 3676; x_wconf 82' lang='grc' dir='ltr'><strong>βοῦν</strong></span> <span class='ocrx_word' id='word_1_508' title='bbox 1393 3609 1451 3662; x_wconf 79' lang='grc' dir='ltr'><strong>δὲ</strong></span> <span class='ocrx_word' id='word_1_509' title='bbox 1508 3612 1604 3665; x_wconf 67' lang='grc' dir='ltr'><strong>τὸν</strong></span> <span class='ocrx_word' id='word_1_510' title='bbox 1668 3614 1774 3668; x_wconf 80' lang='grc' dir='ltr'><strong>ὑπὸ</strong></span> 
     </span>
    </p>
   </div>
   <div class='ocr_carea' id='block_1_71' title="bbox 190 3694 1770 3773">
    <p class='ocr_par' dir='ltr' id='par_1_71' title="bbox 190 3694 1770 3773">
     <span class='ocr_line' id='line_1_71' title="bbox 190 3694 1770 3773; baseline 0.01 -31"><span class='ocrx_word' id='word_1_511' title='bbox 190 3694 348 3758; x_wconf 67' lang='grc' dir='ltr'><strong>ζυγὸν</strong></span> <span class='ocrx_word' id='word_1_512' title='bbox 373 3695 648 3760; x_wconf 75' lang='grc' dir='ltr'><strong>δουλείας,</strong></span> <span class='ocrx_word' id='word_1_513' title='bbox 693 3697 790 3749; x_wconf 82' lang='grc' dir='ltr'><strong>καὶ</strong></span> <span class='ocrx_word' id='word_1_514' title='bbox 826 3697 1294 3765; x_wconf 83' lang='grc' dir='ltr'><strong>ὑποτεταγμένον.</strong></span> <span class='ocrx_word' id='word_1_515' title='bbox 1357 3701 1575 3772; x_wconf 81' lang='grc' dir='ltr'><strong>Ἀχυρα</strong></span> <span class='ocrx_word' id='word_1_516' title='bbox 1629 3703 1688 3757; x_wconf 72' lang='grc' dir='ltr'><strong>δὲ</strong></span> <span class='ocrx_word' id='word_1_517' title='bbox 1737 3707 1770 3773; x_wconf 85' lang='grc' dir='ltr'><strong>ὴ</strong></span> 
     </span>
    </p>
   </div>
   <div class='ocr_carea' id='block_1_72' title="bbox 190 3788 1770 3867">
    <p class='ocr_par' dir='ltr' id='par_1_72' title="bbox 190 3788 1770 3867">
     <span class='ocr_line' id='line_1_72' title="bbox 190 3788 1770 3867; baseline 0.008 -30"><span class='ocrx_word' id='word_1_518' title='bbox 190 3789 403 3857; x_wconf 64' lang='grc' dir='ltr'><strong>εὐτελὴς</strong></span> <span class='ocrx_word' id='word_1_519' title='bbox 434 3788 532 3840; x_wconf 85' lang='grc' dir='ltr'><strong>τοῦ</strong></span> <span class='ocrx_word' id='word_1_520' title='bbox 569 3789 674 3840; x_wconf 60' lang='grc' dir='ltr'><strong>ἐπει</strong></span> <span class='ocrx_word' id='word_1_521' title='bbox 713 3789 880 3857; x_wconf 82' lang='grc' dir='ltr'><strong>ζυγὸν</strong></span> <span class='ocrx_word' id='word_1_522' title='bbox 908 3792 1109 3860; x_wconf 80' lang='grc' dir='ltr'><strong>τροφή.</strong></span> <span class='ocrx_word' id='word_1_523' title='bbox 1144 3792 1623 3864; x_wconf 77' lang='grc' dir='ltr'><strong>Συσσιτηθήσεται</strong></span> <span class='ocrx_word' id='word_1_524' title='bbox 1659 3799 1770 3867; x_wconf 72' lang='grc' dir='ltr'><strong>γὰρ</strong></span> 
     </span>
    </p>
   </div>
   <div class='ocr_carea' id='block_1_73' title="bbox 187 3881 1770 3959">
    <p class='ocr_par' dir='ltr' id='par_1_73' title="bbox 187 3881 1770 3959">
     <span class='ocr_line' id='line_1_73' title="bbox 187 3881 1770 3959; baseline 0.008 -28"><span class='ocrx_word' id='word_1_525' title='bbox 187 3883 216 3930; x_wconf 79' lang='grc' dir='ltr'><strong><em>ὸ</em></strong></span> <span class='ocrx_word' id='word_1_526' title='bbox 250 3881 587 3935; x_wconf 68' lang='grc' dir='ltr'><strong>ὁποτάσσων</strong></span> <span class='ocrx_word' id='word_1_527' title='bbox 634 3883 714 3950; x_wconf 84' lang='grc' dir='ltr'><strong>τῷ</strong></span> <span class='ocrx_word' id='word_1_528' title='bbox 780 3883 1214 3953; x_wconf 80' lang='grc' dir='ltr'><strong>ὑποτασσομένῳ</strong></span> <span class='ocrx_word' id='word_1_529' title='bbox 1258 3885 1354 3959; x_wconf 8' lang='grc' dir='ltr'><strong>,διὰ</strong></span> <span class='ocrx_word' id='word_1_530' title='bbox 1400 3887 1502 3958; x_wconf 78' lang='grc' dir='ltr'><strong>τὴν</strong></span> <span class='ocrx_word' id='word_1_531' title='bbox 1538 3890 1770 3959; x_wconf 68' lang='grc' dir='ltr'><strong>ἑνότητα</strong></span> 
     </span>
    </p>
   </div>
   <div class='ocr_carea' id='block_1_74' title="bbox 189 3973 1772 4047">
    <p class='ocr_par' dir='ltr' id='par_1_74' title="bbox 189 3973 1772 4047">
     <span class='ocr_line' id='line_1_74' title="bbox 189 3973 1772 4047; baseline 0.007 -22"><span class='ocrx_word' id='word_1_532' title='bbox 189 3973 282 4041; x_wconf 66' lang='grc' dir='ltr'><strong>τῆς</strong></span> <span class='ocrx_word' id='word_1_533' title='bbox 353 3976 624 4039; x_wconf 81' lang='grc' dir='ltr'><strong>πίστεως.</strong></span> <span class='ocrx_word' id='word_1_534' title='bbox 683 3977 905 4030; x_wconf 76' lang='grc' dir='ltr'><strong>Παιδίον</strong></span> <span class='ocrx_word' id='word_1_535' title='bbox 973 3977 1034 4030; x_wconf 83' lang='grc' dir='ltr'><strong>δὲ</strong></span> <span class='ocrx_word' id='word_1_536' title='bbox 1101 3979 1297 4047; x_wconf 79' lang='grc' dir='ltr'><strong>νήπιον</strong></span> <span class='ocrx_word' id='word_1_537' title='bbox 1370 3979 1606 4045; x_wconf 68' lang='grc' dir='ltr'><strong>ἕκαστος</strong></span> <span class='ocrx_word' id='word_1_538' title='bbox 1661 3983 1772 4036; x_wconf 85' lang='grc' dir='ltr'><strong>τῶν</strong></span> 
     </span>
    </p>
   </div>
   <div class='ocr_carea' id='block_1_75' title="bbox 191 4069 1768 4150">
    <p class='ocr_par' dir='ltr' id='par_1_75' title="bbox 191 4069 1768 4150">
     <span class='ocr_line' id='line_1_75' title="bbox 191 4069 1768 4150; baseline 0.006 -28"><span class='ocrx_word' id='word_1_539' title='bbox 191 4075 575 4139; x_wconf 73' lang='grc' dir='ltr'><strong>προεστώτων,</strong></span> <span class='ocrx_word' id='word_1_540' title='bbox 623 4069 701 4132; x_wconf 88' lang='grc' dir='ltr'><strong>ὠς</strong></span> <span class='ocrx_word' id='word_1_541' title='bbox 769 4071 1013 4142; x_wconf 79' lang='grc' dir='ltr'><strong>εἴρηται,</strong></span> <span class='ocrx_word' id='word_1_542' title='bbox 1069 4075 1356 4141; x_wconf 76' lang='grc' dir='ltr'><strong>νηπιάζων</strong></span> <span class='ocrx_word' id='word_1_543' title='bbox 1438 4077 1498 4129; x_wconf 73' lang='grc' dir='ltr'><strong>ἐν</strong></span> <span class='ocrx_word' id='word_1_544' title='bbox 1575 4078 1768 4150; x_wconf 77' lang='grc' dir='ltr'><strong>κακίᾳ,</strong></span> 
     </span>
    </p>
   </div>
   <div class='ocr_carea' id='block_1_76' title="bbox 188 4156 1770 4242">
    <p class='ocr_par' dir='ltr' id='par_1_76' title="bbox 188 4156 1770 4242">
     <span class='ocr_line' id='line_1_76' title="bbox 188 4156 1770 4242; baseline 0.008 -29"><span class='ocrx_word' id='word_1_545' title='bbox 188 4156 244 4216; x_wconf 70' lang='grc' dir='ltr'><strong>οὗ</strong></span> <span class='ocrx_word' id='word_1_546' title='bbox 273 4165 399 4232; x_wconf 74' lang='grc' dir='ltr'><strong>χεὶρ</strong></span> <span class='ocrx_word' id='word_1_547' title='bbox 434 4161 470 4231; x_wconf 86' lang='grc' dir='ltr'>ἠ</span> <span class='ocrx_word' id='word_1_548' title='bbox 520 4161 853 4216; x_wconf 79' lang='grc' dir='ltr'><strong>διδασκαλία</strong></span> <span class='ocrx_word' id='word_1_549' title='bbox 889 4163 979 4216; x_wconf 76' lang='grc' dir='ltr'><strong>διὰ</strong></span> <span class='ocrx_word' id='word_1_550' title='bbox 1039 4165 1105 4217; x_wconf 73' lang='grc' dir='ltr'><strong>τὺ</strong></span> <span class='ocrx_word' id='word_1_551' title='bbox 1148 4166 1594 4236; x_wconf 76' lang='grc' dir='ltr'><strong>ἀνυσιμώτατον,</strong></span> <span class='ocrx_word' id='word_1_552' title='bbox 1643 4172 1770 4242; x_wconf 77' lang='grc' dir='ltr'><strong>ἥτις</strong></span> 
     </span>
    </p>
   </div>
   <div class='ocr_carea' id='block_1_77' title="bbox 188 4254 1768 4330">
    <p class='ocr_par' dir='ltr' id='par_1_77' title="bbox 188 4254 1768 4330">
     <span class='ocr_line' id='line_1_77' title="bbox 188 4254 1768 4330; baseline 0.008 -25"><span class='ocrx_word' id='word_1_553' title='bbox 188 4254 540 4308; x_wconf 64' lang='grc' dir='ltr'><strong>ἐπιϐάλλεται</strong></span> <span class='ocrx_word' id='word_1_554' title='bbox 570 4255 688 4318; x_wconf 74' lang='grc' dir='ltr'><strong>τοῖς</strong></span> <span class='ocrx_word' id='word_1_555' title='bbox 727 4255 1002 4320; x_wconf 80' lang='grc' dir='ltr'><strong>ἀπίστοις,</strong></span> <span class='ocrx_word' id='word_1_556' title='bbox 1025 4257 1224 4322; x_wconf 82' lang='grc' dir='ltr'><strong>οἰτινές</strong></span> <span class='ocrx_word' id='word_1_557' title='bbox 1257 4261 1368 4312; x_wconf 82' lang='grc' dir='ltr'><strong>εἰσι</strong></span> <span class='ocrx_word' id='word_1_558' title='bbox 1395 4260 1640 4330; x_wconf 82' lang='grc' dir='ltr'><strong>τρῶγλαι</strong></span> <span class='ocrx_word' id='word_1_559' title='bbox 1671 4263 1768 4317; x_wconf 78' lang='grc' dir='ltr'><strong>καὶ</strong></span> 
     </span>
    </p>
   </div>
   <div class='ocr_carea' id='block_1_78' title="bbox 185 4349 1767 4426">
    <p class='ocr_par' dir='ltr' id='par_1_78' title="bbox 185 4349 1767 4426">
     <span class='ocr_line' id='line_1_78' title="bbox 185 4349 1767 4426; baseline 0.006 -28"><span class='ocrx_word' id='word_1_560' title='bbox 185 4349 510 4412; x_wconf 72' lang='grc' dir='ltr'><strong>καταδύσεις</strong></span> <span class='ocrx_word' id='word_1_561' title='bbox 548 4349 646 4402; x_wconf 73' lang='grc' dir='ltr'><strong>καὶ</strong></span> <span class='ocrx_word' id='word_1_562' title='bbox 703 4349 1001 4421; x_wconf 73' lang='grc' dir='ltr'><strong>οίκητήρια</strong></span> <span class='ocrx_word' id='word_1_563' title='bbox 1062 4353 1156 4404; x_wconf 76' lang='grc' dir='ltr'><strong>καὶ</strong></span> <span class='ocrx_word' id='word_1_564' title='bbox 1207 4353 1594 4426; x_wconf 68' lang='grc' dir='ltr'><strong>ἀναπαυτήρια</strong></span> <span class='ocrx_word' id='word_1_565' title='bbox 1659 4356 1767 4408; x_wconf 82' lang='grc' dir='ltr'><strong>τῶν</strong></span> 
     </span>
    </p>
   </div>
   <div class='ocr_carea' id='block_1_79' title="bbox 187 4442 1764 4521">
    <p class='ocr_par' dir='ltr' id='par_1_79' title="bbox 187 4442 1764 4521">
     <span class='ocr_line' id='line_1_79' title="bbox 187 4442 1764 4521; baseline 0.007 -28"><span class='ocrx_word' id='word_1_566' title='bbox 187 4442 388 4510; x_wconf 80' lang='grc' dir='ltr'><strong>νοητῶν</strong></span> <span class='ocrx_word' id='word_1_567' title='bbox 445 4442 720 4506; x_wconf 80' lang='grc' dir='ltr'><strong>ἀσπίδων,</strong></span> <span class='ocrx_word' id='word_1_568' title='bbox 755 4443 878 4513; x_wconf 77' lang='grc' dir='ltr'><strong>ἦτοι</strong></span> <span class='ocrx_word' id='word_1_569' title='bbox 915 4443 1030 4496; x_wconf 87' lang='grc' dir='ltr'><strong>τῶν</strong></span> <span class='ocrx_word' id='word_1_570' title='bbox 1095 4443 1328 4499; x_wconf 66' lang='grc' dir='ltr'><strong>ἰοϐόλων</strong></span> <span class='ocrx_word' id='word_1_571' title='bbox 1379 4448 1475 4500; x_wconf 76' lang='grc' dir='ltr'><strong>καὶ</strong></span> <span class='ocrx_word' id='word_1_572' title='bbox 1523 4450 1764 4521; x_wconf 81' lang='grc' dir='ltr'><strong>θανατη-</strong></span> 
     </span>
    </p>
   </div>
   <div class='ocr_carea' id='block_1_80' title="bbox 1877 3321 3458 3393">
    <p class='ocr_par' dir='ltr' id='par_1_80' title="bbox 1877 3321 3458 3393">
     <span class='ocr_line' id='line_1_80' title="bbox 1877 3321 3458 3393; baseline 0.004 -20"><span class='ocrx_word' id='word_1_573' title='bbox 1877 3335 2015 3389; x_wconf 85' lang='lat' dir='ltr'><strong>quos</strong></span> <span class='ocrx_word' id='word_1_574' title='bbox 2043 3321 2208 3374; x_wconf 90' lang='lat' dir='ltr'><strong>ducet</strong></span> <span class='ocrx_word' id='word_1_575' title='bbox 2251 3329 2306 3374; x_wconf 90' lang='lat' dir='ltr'><strong>et</strong></span> <span class='ocrx_word' id='word_1_576' title='bbox 2345 3331 2532 3389; x_wconf 89' lang='lat' dir='ltr'><strong>pascet</strong></span> <span class='ocrx_word' id='word_1_577' title='bbox 2559 3323 2721 3375; x_wconf 89' lang='lat' dir='ltr'><strong>homo</strong></span> <span class='ocrx_word' id='word_1_578' title='bbox 2755 3322 3046 3392; x_wconf 89' lang='lat' dir='ltr'><strong>prudentia</strong></span> <span class='ocrx_word' id='word_1_579' title='bbox 3097 3324 3317 3393; x_wconf 86' lang='lat' dir='ltr'><strong>quidem</strong></span> <span class='ocrx_word' id='word_1_580' title='bbox 3367 3341 3458 3380; x_wconf 86' lang='lat' dir='ltr'><strong>se-</strong></span> 
     </span>
    </p>
   </div>
   <div class='ocr_carea' id='block_1_81' title="bbox 1884 3412 3464 3484">
    <p class='ocr_par' dir='ltr' id='par_1_81' title="bbox 1884 3412 3464 3484">
     <span class='ocr_line' id='line_1_81' title="bbox 1884 3412 3464 3484; baseline 0.004 -19"><span class='ocrx_word' id='word_1_581' title='bbox 1884 3427 2012 3469; x_wconf 82' lang='lat' dir='ltr'><strong>nex.</strong></span> <span class='ocrx_word' id='word_1_582' title='bbox 2042 3412 2363 3468; x_wconf 81' lang='lat' dir='ltr'><strong>innocentia</strong></span> <span class='ocrx_word' id='word_1_583' title='bbox 2421 3422 2605 3467; x_wconf 89' lang='lat' dir='ltr'><strong>autem</strong></span> <span class='ocrx_word' id='word_1_584' title='bbox 2637 3422 2694 3467; x_wconf 83' lang='lat' dir='ltr'><strong>et</strong></span> <span class='ocrx_word' id='word_1_585' title='bbox 2730 3415 2995 3469; x_wconf 83' lang='lat' dir='ltr'><strong>modestia</strong></span> <span class='ocrx_word' id='word_1_586' title='bbox 3026 3419 3308 3484; x_wconf 90' lang='lat' dir='ltr'><strong>puerulus,</strong></span> <span class='ocrx_word' id='word_1_587' title='bbox 3351 3434 3464 3472; x_wconf 83' lang='lat' dir='ltr'><strong>ma-</strong></span> 
     </span>
    </p>
   </div>
   <div class='ocr_carea' id='block_1_82' title="bbox 1875 3505 3458 3578">
    <p class='ocr_par' dir='ltr' id='par_1_82' title="bbox 1875 3505 3458 3578">
     <span class='ocr_line' id='line_1_82' title="bbox 1875 3505 3458 3578; baseline 0.005 -20"><span class='ocrx_word' id='word_1_588' title='bbox 1875 3520 2017 3576; x_wconf 86' lang='lat' dir='ltr'><strong>gnus</strong></span> <span class='ocrx_word' id='word_1_589' title='bbox 2051 3507 2274 3570; x_wconf 85' lang='lat' dir='ltr'><strong>virtute,</strong></span> <span class='ocrx_word' id='word_1_590' title='bbox 2303 3505 2401 3560; x_wconf 86' lang='lat' dir='ltr'><strong>sed</strong></span> <span class='ocrx_word' id='word_1_591' title='bbox 2433 3507 2742 3576; x_wconf 82' lang='lat' dir='ltr'><strong>frugalitate</strong></span> <span class='ocrx_word' id='word_1_592' title='bbox 2780 3515 2836 3562; x_wconf 87' lang='lat' dir='ltr'><strong>et</strong></span> <span class='ocrx_word' id='word_1_593' title='bbox 2867 3507 3216 3576; x_wconf 81' lang='lat' dir='ltr'><strong>simplicitate</strong></span> <span class='ocrx_word' id='word_1_594' title='bbox 3240 3526 3458 3578; x_wconf 88' lang='lat' dir='ltr'><strong>parvus.</strong></span> 
     </span>
    </p>
   </div>
   <div class='ocr_carea' id='block_1_83' title="bbox 1875 3597 3460 3672">
    <p class='ocr_par' dir='ltr' id='par_1_83' title="bbox 1875 3597 3460 3672">
     <span class='ocr_line' id='line_1_83' title="bbox 1875 3597 3460 3672; baseline 0.004 -20"><span class='ocrx_word' id='word_1_595' title='bbox 1875 3597 2035 3655; x_wconf 87' lang='lat' dir='ltr'><strong>Tales</strong></span> <span class='ocrx_word' id='word_1_596' title='bbox 2061 3609 2189 3654; x_wconf 84' lang='lat' dir='ltr'><strong>sunt</strong></span> <span class='ocrx_word' id='word_1_597' title='bbox 2221 3599 2584 3666; x_wconf 73' lang='lat' dir='ltr'><strong>Ecclesiarum</strong></span> <span class='ocrx_word' id='word_1_598' title='bbox 2640 3600 2902 3669; x_wconf 67' lang='lat' dir='ltr'><strong>prtel&#39;ecti,</strong></span> <span class='ocrx_word' id='word_1_599' title='bbox 2956 3602 3155 3671; x_wconf 89' lang='lat' dir='ltr'><strong>quibus</strong></span> <span class='ocrx_word' id='word_1_600' title='bbox 3213 3603 3460 3672; x_wconf 71' lang='lat' dir='ltr'><strong>regenti-</strong></span> 
     </span>
    </p>
   </div>
   <div class='ocr_carea' id='block_1_84' title="bbox 1876 3688 3453 3759">
    <p class='ocr_par' dir='ltr' id='par_1_84' title="bbox 1876 3688 3453 3759">
     <span class='ocr_line' id='line_1_84' title="bbox 1876 3688 3453 3759; baseline 0.002 -16"><span class='ocrx_word' id='word_1_601' title='bbox 1876 3688 1980 3743; x_wconf 88' lang='lat' dir='ltr'><strong>bus</strong></span> <span class='ocrx_word' id='word_1_602' title='bbox 2023 3699 2076 3742; x_wconf 86' lang='lat' dir='ltr'><strong>et</strong></span> <span class='ocrx_word' id='word_1_603' title='bbox 2101 3689 2557 3758; x_wconf 82' lang='lat' dir='ltr'><strong>gubernantibus,</strong></span> <span class='ocrx_word' id='word_1_604' title='bbox 2586 3691 2678 3759; x_wconf 88' lang='lat' dir='ltr'><strong>qui</strong></span> <span class='ocrx_word' id='word_1_605' title='bbox 2717 3691 2952 3746; x_wconf 82' lang='lat' dir='ltr'><strong>diversis</strong></span> <span class='ocrx_word' id='word_1_606' title='bbox 3001 3691 3245 3754; x_wconf 86' lang='lat' dir='ltr'><strong>moribus</strong></span> <span class='ocrx_word' id='word_1_607' title='bbox 3305 3703 3453 3758; x_wconf 91' lang='lat' dir='ltr'><strong>sunt,</strong></span> 
     </span>
    </p>
   </div>
   <div class='ocr_carea' id='block_1_85' title="bbox 1876 3780 3453 3852">
    <p class='ocr_par' dir='ltr' id='par_1_85' title="bbox 1876 3780 3453 3852">
     <span class='ocr_line' id='line_1_85' title="bbox 1876 3780 3453 3852; baseline 0.003 -19"><span class='ocrx_word' id='word_1_608' title='bbox 1876 3780 2022 3834; x_wconf 90' lang='lat' dir='ltr'><strong>inter</strong></span> <span class='ocrx_word' id='word_1_609' title='bbox 2042 3796 2100 3836; x_wconf 90' lang='lat' dir='ltr'><strong>se</strong></span> <span class='ocrx_word' id='word_1_610' title='bbox 2139 3783 2502 3848; x_wconf 82' lang='lat' dir='ltr'><strong>conveniunt,</strong></span> <span class='ocrx_word' id='word_1_611' title='bbox 2527 3791 2579 3835; x_wconf 92' lang='lat' dir='ltr'><strong>et</strong></span> <span class='ocrx_word' id='word_1_612' title='bbox 2603 3790 2787 3834; x_wconf 85' lang='lat' dir='ltr'><strong>mutua</strong></span> <span class='ocrx_word' id='word_1_613' title='bbox 2809 3782 3190 3837; x_wconf 66' lang='lat' dir='ltr'><strong>benevolentia</strong></span> <span class='ocrx_word' id='word_1_614' title='bbox 3220 3787 3453 3852; x_wconf 88' lang='lat' dir='ltr'><strong>conjun-</strong></span> 
     </span>
    </p>
   </div>
   <div class='ocr_carea' id='block_1_86' title="bbox 1874 3873 3457 3944">
    <p class='ocr_par' dir='ltr' id='par_1_86' title="bbox 1874 3873 3457 3944">
     <span class='ocr_line' id='line_1_86' title="bbox 1874 3873 3457 3944; baseline 0.002 -18"><span class='ocrx_word' id='word_1_615' title='bbox 1874 3882 2096 3942; x_wconf 83' lang='lat' dir='ltr'><strong>guutur.</strong></span> <span class='ocrx_word' id='word_1_616' title='bbox 2123 3873 2254 3944; x_wconf 76' lang='lat' dir='ltr'><strong>Item</strong></span> <span class='ocrx_word' id='word_1_617' title='bbox 2283 3888 2381 3942; x_wconf 89' lang='lat' dir='ltr'><strong>per</strong></span> <span class='ocrx_word' id='word_1_618' title='bbox 2406 3873 2598 3926; x_wconf 82' lang='lat' dir='ltr'><strong>bovem</strong></span> <span class='ocrx_word' id='word_1_619' title='bbox 2634 3874 2886 3928; x_wconf 85' lang='lat' dir='ltr'><strong>homines</strong></span> <span class='ocrx_word' id='word_1_620' title='bbox 2929 3874 3183 3944; x_wconf 82' lang='lat' dir='ltr'><strong>intelligit</strong></span> <span class='ocrx_word' id='word_1_621' title='bbox 3220 3876 3457 3931; x_wconf 81' lang='lat' dir='ltr'><strong>laborio-</strong></span> 
     </span>
    </p>
   </div>
   <div class='ocr_carea' id='block_1_87' title="bbox 1869 3965 3454 4032">
    <p class='ocr_par' dir='ltr' id='par_1_87' title="bbox 1869 3965 3454 4032">
     <span class='ocr_line' id='line_1_87' title="bbox 1869 3965 3454 4032; baseline 0.003 -13"><span class='ocrx_word' id='word_1_622' title='bbox 1869 3980 1984 4032; x_wconf 78' lang='lat' dir='ltr'><strong>sos.</strong></span> <span class='ocrx_word' id='word_1_623' title='bbox 2019 3965 2121 4019; x_wconf 81' lang='lat' dir='ltr'><strong>l‘er</strong></span> <span class='ocrx_word' id='word_1_624' title='bbox 2143 3981 2329 4020; x_wconf 88' lang='lat' dir='ltr'><strong>ursum</strong></span> <span class='ocrx_word' id='word_1_625' title='bbox 2364 3967 2539 4019; x_wconf 87' lang='lat' dir='ltr'><strong>ventri</strong></span> <span class='ocrx_word' id='word_1_626' title='bbox 2591 3965 2828 4020; x_wconf 87' lang='lat' dir='ltr'><strong>deditos.</strong></span> <span class='ocrx_word' id='word_1_627' title='bbox 2865 3965 2968 4019; x_wconf 84' lang='lat' dir='ltr'><strong>Per</strong></span> <span class='ocrx_word' id='word_1_628' title='bbox 3025 3967 3265 4032; x_wconf 83' lang='lat' dir='ltr'><strong>leonem,</strong></span> <span class='ocrx_word' id='word_1_629' title='bbox 3335 3986 3454 4030; x_wconf 87' lang='lat' dir='ltr'><strong>eus.</strong></span> 
     </span>
    </p>
   </div>
   <div class='ocr_carea' id='block_1_88' title="bbox 1871 4056 3458 4130">
    <p class='ocr_par' dir='ltr' id='par_1_88' title="bbox 1871 4056 3458 4130">
     <span class='ocr_line' id='line_1_88' title="bbox 1871 4056 3458 4130; baseline 0.003 -18"><span class='ocrx_word' id='word_1_630' title='bbox 1871 4059 1964 4130; x_wconf 89' lang='lat' dir='ltr'><strong>qui</strong></span> <span class='ocrx_word' id='word_1_631' title='bbox 1998 4067 2244 4129; x_wconf 69' lang='lat' dir='ltr'><strong>praesunt</strong></span> <span class='ocrx_word' id='word_1_632' title='bbox 2278 4069 2330 4112; x_wconf 88' lang='lat' dir='ltr'><strong>et</strong></span> <span class='ocrx_word' id='word_1_633' title='bbox 2367 4058 2660 4127; x_wconf 87' lang='lat' dir='ltr'><strong>imperant.</strong></span> <span class='ocrx_word' id='word_1_634' title='bbox 2696 4056 2799 4114; x_wconf 86' lang='lat' dir='ltr'><strong>Per</strong></span> <span class='ocrx_word' id='word_1_635' title='bbox 2829 4059 3047 4124; x_wconf 79' lang='lat' dir='ltr'><strong>bovem,</strong></span> <span class='ocrx_word' id='word_1_636' title='bbox 3073 4075 3188 4124; x_wconf 90' lang='lat' dir='ltr'><strong>eos,</strong></span> <span class='ocrx_word' id='word_1_637' title='bbox 3219 4061 3309 4129; x_wconf 86' lang='lat' dir='ltr'><strong>qui</strong></span> <span class='ocrx_word' id='word_1_638' title='bbox 3337 4077 3458 4116; x_wconf 85' lang='lat' dir='ltr'><strong>ser-</strong></span> 
     </span>
    </p>
   </div>
   <div class='ocr_carea' id='block_1_89' title="bbox 1873 4148 3457 4222">
    <p class='ocr_par' dir='ltr' id='par_1_89' title="bbox 1873 4148 3457 4222">
     <span class='ocr_line' id='line_1_89' title="bbox 1873 4148 3457 4222; baseline 0.002 -18"><span class='ocrx_word' id='word_1_639' title='bbox 1873 4148 2064 4204; x_wconf 89' lang='lat' dir='ltr'><strong>vitutis</strong></span> <span class='ocrx_word' id='word_1_640' title='bbox 2125 4157 2452 4218; x_wconf 90' lang='lat' dir='ltr'><strong>premuntur</strong></span> <span class='ocrx_word' id='word_1_641' title='bbox 2495 4149 2649 4220; x_wconf 82' lang='lat' dir='ltr'><strong>jugo,</strong></span> <span class='ocrx_word' id='word_1_642' title='bbox 2685 4159 2740 4202; x_wconf 92' lang='lat' dir='ltr'><strong>et</strong></span> <span class='ocrx_word' id='word_1_643' title='bbox 2793 4149 3020 4204; x_wconf 86' lang='lat' dir='ltr'><strong>alterius</strong></span> <span class='ocrx_word' id='word_1_644' title='bbox 3069 4150 3304 4222; x_wconf 90' lang='lat' dir='ltr'><strong>imperio</strong></span> <span class='ocrx_word' id='word_1_645' title='bbox 3355 4168 3457 4222; x_wconf 82' lang='lat' dir='ltr'><strong>pa-</strong></span> 
     </span>
    </p>
   </div>
   <div class='ocr_carea' id='block_1_90' title="bbox 1870 4243 3457 4313">
    <p class='ocr_par' dir='ltr' id='par_1_90' title="bbox 1870 4243 3457 4313">
     <span class='ocr_line' id='line_1_90' title="bbox 1870 4243 3457 4313; baseline 0.001 -16"><span class='ocrx_word' id='word_1_646' title='bbox 1870 4254 2014 4299; x_wconf 88' lang='lat' dir='ltr'><strong>rent.</strong></span> <span class='ocrx_word' id='word_1_647' title='bbox 2044 4243 2150 4299; x_wconf 86' lang='lat' dir='ltr'><strong>Per</strong></span> <span class='ocrx_word' id='word_1_648' title='bbox 2179 4243 2362 4313; x_wconf 87' lang='lat' dir='ltr'><strong>paleas</strong></span> <span class='ocrx_word' id='word_1_649' title='bbox 2389 4243 2655 4312; x_wconf 78' lang='lat' dir='ltr'><strong>frugaleni</strong></span> <span class='ocrx_word' id='word_1_650' title='bbox 2713 4259 2780 4298; x_wconf 87' lang='lat' dir='ltr'><strong>ac</strong></span> <span class='ocrx_word' id='word_1_651' title='bbox 2835 4251 3054 4298; x_wconf 81' lang='lat' dir='ltr'><strong>tenuem</strong></span> <span class='ocrx_word' id='word_1_652' title='bbox 3110 4245 3314 4300; x_wconf 81' lang='lat' dir='ltr'><strong>victum</strong></span> <span class='ocrx_word' id='word_1_653' title='bbox 3360 4263 3457 4301; x_wconf 84' lang='lat' dir='ltr'><strong>eo-</strong></span> 
     </span>
    </p>
   </div>
   <div class='ocr_carea' id='block_1_91' title="bbox 1873 4338 3450 4410">
    <p class='ocr_par' dir='ltr' id='par_1_91' title="bbox 1873 4338 3450 4410">
     <span class='ocr_line' id='line_1_91' title="bbox 1873 4338 3450 4410; baseline 0 -16"><span class='ocrx_word' id='word_1_654' title='bbox 1873 4356 2016 4404; x_wconf 89' lang='lat' dir='ltr'><strong>rum,</strong></span> <span class='ocrx_word' id='word_1_655' title='bbox 2062 4341 2154 4410; x_wconf 91' lang='lat' dir='ltr'><strong>qui</strong></span> <span class='ocrx_word' id='word_1_656' title='bbox 2187 4339 2391 4394; x_wconf 89' lang='lat' dir='ltr'><strong>subditi</strong></span> <span class='ocrx_word' id='word_1_657' title='bbox 2413 4348 2564 4393; x_wconf 89' lang='lat' dir='ltr'><strong>sunt.</strong></span> <span class='ocrx_word' id='word_1_658' title='bbox 2598 4338 2772 4393; x_wconf 90' lang='lat' dir='ltr'><strong>Simul</strong></span> <span class='ocrx_word' id='word_1_659' title='bbox 2801 4348 2981 4392; x_wconf 85' lang='lat' dir='ltr'><strong>autem</strong></span> <span class='ocrx_word' id='word_1_660' title='bbox 3017 4352 3309 4408; x_wconf 82' lang='lat' dir='ltr'><strong>pascentur</strong></span> <span class='ocrx_word' id='word_1_661' title='bbox 3350 4342 3450 4406; x_wconf 90' lang='lat' dir='ltr'><strong>il.i,</strong></span> 
     </span>
    </p>
   </div>
   <div class='ocr_carea' id='block_1_92' title="bbox 1869 4431 3454 4503">
    <p class='ocr_par' dir='ltr' id='par_1_92' title="bbox 1869 4431 3454 4503">
     <span class='ocr_line' id='line_1_92' title="bbox 1869 4431 3454 4503; baseline 0.001 -17"><span class='ocrx_word' id='word_1_662' title='bbox 1869 4435 1960 4503; x_wconf 88' lang='lat' dir='ltr'><strong>qui</strong></span> <span class='ocrx_word' id='word_1_663' title='bbox 1987 4441 2254 4501; x_wconf 86' lang='lat' dir='ltr'><strong>reguntur</strong></span> <span class='ocrx_word' id='word_1_664' title='bbox 2289 4444 2346 4486; x_wconf 88' lang='lat' dir='ltr'><strong>et</strong></span> <span class='ocrx_word' id='word_1_665' title='bbox 2373 4441 2589 4502; x_wconf 87' lang='lat' dir='ltr'><strong>parent.</strong></span> <span class='ocrx_word' id='word_1_666' title='bbox 2643 4441 2700 4486; x_wconf 89' lang='lat' dir='ltr'><strong>et</strong></span> <span class='ocrx_word' id='word_1_667' title='bbox 2762 4431 2836 4484; x_wconf 88' lang='lat' dir='ltr'><strong>illi</strong></span> <span class='ocrx_word' id='word_1_668' title='bbox 2872 4432 2965 4500; x_wconf 89' lang='lat' dir='ltr'><strong>qni</strong></span> <span class='ocrx_word' id='word_1_669' title='bbox 3002 4432 3312 4502; x_wconf 83' lang='lat' dir='ltr'><strong>gubernant</strong></span> <span class='ocrx_word' id='word_1_670' title='bbox 3371 4444 3454 4488; x_wconf 87' lang='lat' dir='ltr'><strong>at-</strong></span> 
     </span>
    </p>
   </div>
   <div class='ocr_carea' id='block_1_93' title="bbox 190 4525 1776 4610">
    <p class='ocr_par' dir='ltr' id='par_1_93' title="bbox 190 4529 1764 4610">
     <span class='ocr_line' id='line_1_93' title="bbox 190 4529 1764 4610; baseline 0.006 -24"><span class='ocrx_word' id='word_1_671' title='bbox 190 4537 361 4604; x_wconf 57' lang='grc' dir='ltr'><strong>ςῴρων</strong></span> <span class='ocrx_word' id='word_1_672' title='bbox 401 4537 703 4605; x_wconf 57' lang='grc' dir='ltr'><strong>δαιμόνων,</strong></span> <span class='ocrx_word' id='word_1_673' title='bbox 733 4529 809 4589; x_wconf 83' lang='grc' dir='ltr'><strong>ὧν</strong></span> <span class='ocrx_word' id='word_1_674' title='bbox 837 4535 1038 4604; x_wconf 73' lang='grc' dir='ltr'><strong>ἔκγονα</strong></span> <span class='ocrx_word' id='word_1_675' title='bbox 1100 4536 1168 4589; x_wconf 80' lang='grc' dir='ltr'><strong>τὰ</strong></span> <span class='ocrx_word' id='word_1_676' title='bbox 1206 4538 1380 4610; x_wconf 84' lang='grc' dir='ltr'><strong>πάθη.</strong></span> <span class='ocrx_word' id='word_1_677' title='bbox 1421 4540 1528 4593; x_wconf 79' lang='grc' dir='ltr'><strong>Καὶ</strong></span> <span class='ocrx_word' id='word_1_678' title='bbox 1585 4541 1764 4606; x_wconf 77' lang='grc' dir='ltr'><strong>ἄλλως</strong></span> 
     </span>
    </p>
   </div>
   <div class='ocr_carea' id='block_1_94' title="bbox 1879 4525 3450 4610">
    <p class='ocr_par' dir='ltr' id='par_1_94' title="bbox 1879 4525 3450 4606">
     <span class='ocr_line' id='line_1_94' title="bbox 1879 4525 3450 4606; baseline 0 -24"><span class='ocrx_word' id='word_1_679' title='bbox 1879 4542 1984 4598; x_wconf 76' lang='lat' dir='ltr'><strong>que</strong></span> <span class='ocrx_word' id='word_1_680' title='bbox 2059 4527 2354 4596; x_wconf 86' lang='lat' dir='ltr'><strong>imperant,</strong></span> <span class='ocrx_word' id='word_1_681' title='bbox 2422 4536 2642 4594; x_wconf 81' lang='lat' dir='ltr'><strong>propter</strong></span> <span class='ocrx_word' id='word_1_682' title='bbox 2704 4525 2828 4580; x_wconf 84' lang='lat' dir='ltr'><strong>lidei</strong></span> <span class='ocrx_word' id='word_1_683' title='bbox 2880 4527 3348 4606; x_wconf 63' lang='lat' dir='ltr'><strong>necessitudinem</strong></span> <span class='ocrx_word' id='word_1_684' title='bbox 3395 4536 3450 4582; x_wconf 84' lang='lat' dir='ltr'><strong>et</strong></span> 
     </span>
    </p>
   </div>
   <div class='ocr_carea' id='block_1_95' title="bbox 189 4628 1764 4702">
    <p class='ocr_par' dir='ltr' id='par_1_95' title="bbox 189 4628 1764 4702">
     <span class='ocr_line' id='line_1_95' title="bbox 189 4628 1764 4702; baseline 0.004 -22"><span class='ocrx_word' id='word_1_685' title='bbox 189 4628 240 4680; x_wconf 68' lang='grc' dir='ltr'><strong>ει</strong></span> <span class='ocrx_word' id='word_1_686' title='bbox 268 4631 313 4682; x_wconf 78' lang='lat' dir='ltr'><strong>ei</strong></span> <span class='ocrx_word' id='word_1_687' title='bbox 336 4629 485 4682; x_wconf 82' lang='grc' dir='ltr'><strong>κατά</strong></span> <span class='ocrx_word' id='word_1_688' title='bbox 519 4629 764 4699; x_wconf 71' lang='grc' dir='ltr'><strong>Χριστὸν</strong></span> <span class='ocrx_word' id='word_1_689' title='bbox 817 4628 1021 4693; x_wconf 83' lang='grc' dir='ltr'><strong>ζῶντες</strong></span> <span class='ocrx_word' id='word_1_690' title='bbox 1056 4631 1156 4700; x_wconf 76' lang='grc' dir='ltr'><strong>τὴν</strong></span> <span class='ocrx_word' id='word_1_691' title='bbox 1187 4633 1348 4701; x_wconf 84' lang='grc' dir='ltr'><strong>χεῖρα</strong></span> <span class='ocrx_word' id='word_1_692' title='bbox 1397 4635 1510 4695; x_wconf 78' lang='grc' dir='ltr'><strong>τοῖς</strong></span> <span class='ocrx_word' id='word_1_693' title='bbox 1574 4633 1764 4702; x_wconf 58' lang='grc' dir='ltr'><strong>δαίμο-</strong></span> 
     </span>
    </p>
   </div>
   <div class='ocr_carea' id='block_1_96' title="bbox 194 4719 1762 4791">
    <p class='ocr_par' dir='ltr' id='par_1_96' title="bbox 194 4719 1762 4791">
     <span class='ocr_line' id='line_1_96' title="bbox 194 4719 1762 4791; baseline 0.005 -21"><span class='ocrx_word' id='word_1_694' title='bbox 194 4737 270 4772; x_wconf 80' lang='grc' dir='ltr'><strong>σιν</strong></span> <span class='ocrx_word' id='word_1_695' title='bbox 296 4719 716 4784; x_wconf 76' lang='grc' dir='ltr'><strong>ἐπιϐάλλοντες,</strong></span> <span class='ocrx_word' id='word_1_696' title='bbox 750 4720 846 4774; x_wconf 74' lang='grc' dir='ltr'><strong>καὶ</strong></span> <span class='ocrx_word' id='word_1_697' title='bbox 873 4720 934 4773; x_wconf 85' lang='grc' dir='ltr'><strong>τὸ</strong></span> <span class='ocrx_word' id='word_1_698' title='bbox 961 4719 1054 4773; x_wconf 83' lang='grc' dir='ltr'><strong>τοῦ</strong></span> <span class='ocrx_word' id='word_1_699' title='bbox 1087 4721 1330 4791; x_wconf 81' lang='grc' dir='ltr'><strong>σταυροῦ</strong></span> <span class='ocrx_word' id='word_1_700' title='bbox 1367 4727 1595 4791; x_wconf 71' lang='grc' dir='ltr'><strong>σημεῖον</strong></span> <span class='ocrx_word' id='word_1_701' title='bbox 1623 4724 1734 4778; x_wconf 79' lang='grc' dir='ltr'><strong>ὲπά</strong></span> <span class='ocrx_word' id='word_1_702' title='bbox 1758 4759 1762 4762; x_wconf 92' lang='grc'><strong>-</strong></span> 
     </span>
    </p>
   </div>
   <div class='ocr_carea' id='block_1_97' title="bbox 191 4811 1766 4884">
    <p class='ocr_par' dir='ltr' id='par_1_97' title="bbox 191 4811 1766 4884">
     <span class='ocr_line' id='line_1_97' title="bbox 191 4811 1766 4884; baseline 0.002 -18"><span class='ocrx_word' id='word_1_703' title='bbox 191 4831 400 4880; x_wconf 82' lang='grc' dir='ltr'><strong>γοντες,</strong></span> <span class='ocrx_word' id='word_1_704' title='bbox 463 4814 566 4865; x_wconf 75' lang='grc' dir='ltr'><strong>οὐκ</strong></span> <span class='ocrx_word' id='word_1_705' title='bbox 591 4811 724 4864; x_wconf 81' lang='grc' dir='ltr'><strong>ἐῶσι</strong></span> <span class='ocrx_word' id='word_1_706' title='bbox 759 4812 891 4875; x_wconf 68' lang='grc' dir='ltr'><strong>τοὺς</strong></span> <span class='ocrx_word' id='word_1_707' title='bbox 929 4813 1286 4876; x_wconf 77' lang='grc' dir='ltr'><strong>ἐνοικοῦντας</strong></span> <span class='ocrx_word' id='word_1_708' title='bbox 1338 4813 1605 4884; x_wconf 83' lang='grc' dir='ltr'><strong>δαίμονας</strong></span> <span class='ocrx_word' id='word_1_709' title='bbox 1662 4835 1766 4869; x_wconf 79' lang='grc' dir='ltr'><strong>κα-</strong></span> 
     </span>
    </p>
   </div>
   <div class='ocr_carea' id='block_1_98' title="bbox 189 4907 1762 4980">
    <p class='ocr_par' dir='ltr' id='par_1_98' title="bbox 189 4907 1762 4980">
     <span class='ocr_line' id='line_1_98' title="bbox 189 4907 1762 4980; baseline 0.003 -20"><span class='ocrx_word' id='word_1_710' title='bbox 189 4911 422 4962; x_wconf 73' lang='grc' dir='ltr'><strong>κοποιεῖν</strong></span> <span class='ocrx_word' id='word_1_711' title='bbox 485 4909 571 4960; x_wconf 68' lang='grc' dir='ltr'><strong>ἔτι</strong></span> <span class='ocrx_word' id='word_1_712' title='bbox 621 4907 750 4970; x_wconf 81' lang='grc' dir='ltr'><strong>τοὺς</strong></span> <span class='ocrx_word' id='word_1_713' title='bbox 791 4907 1126 4976; x_wconf 75' lang='grc' dir='ltr'><strong>πάσχοντας.</strong></span> <span class='ocrx_word' id='word_1_714' title='bbox 1195 4908 1317 4962; x_wconf 88' lang='grc' dir='ltr'><strong>Ὅτι</strong></span> <span class='ocrx_word' id='word_1_715' title='bbox 1368 4907 1426 4961; x_wconf 67' lang='grc' dir='ltr'><strong>δὲ</strong></span> <span class='ocrx_word' id='word_1_716' title='bbox 1488 4908 1652 4980; x_wconf 83' lang='grc' dir='ltr'><strong>θηρία</strong></span> <span class='ocrx_word' id='word_1_717' title='bbox 1698 4913 1762 4964; x_wconf 67' lang='grc' dir='ltr'><strong>τὰ</strong></span> 
     </span>
    </p>
   </div>
   <div class='ocr_carea' id='block_1_99' title="bbox 192 4999 1808 5073">
    <p class='ocr_par' dir='ltr' id='par_1_99' title="bbox 192 4999 1808 5073">
     <span class='ocr_line' id='line_1_99' title="bbox 192 4999 1808 5073; baseline 0.005 -21"><span class='ocrx_word' id='word_1_718' title='bbox 192 5001 328 5073; x_wconf 72' lang='grc' dir='ltr'><strong>ἔθνη,</strong></span> <span class='ocrx_word' id='word_1_719' title='bbox 351 5002 508 5070; x_wconf 72' lang='grc' dir='ltr'><strong>λέγει</strong></span> <span class='ocrx_word' id='word_1_720' title='bbox 532 4999 800 5064; x_wconf 74' lang='grc' dir='ltr'><strong>πολλάκις</strong></span> <span class='ocrx_word' id='word_1_721' title='bbox 836 5002 868 5071; x_wconf 78' lang='grc' dir='ltr'>ἡ</span> <span class='ocrx_word' id='word_1_722' title='bbox 915 5001 1134 5072; x_wconf 80' lang='grc' dir='ltr'><strong>Γραφή.</strong></span> <span class='ocrx_word' id='word_1_723' title='bbox 1193 5003 1367 5072; x_wconf 75' lang='grc' dir='ltr'><strong>Φησὶν</strong></span> <span class='ocrx_word' id='word_1_724' title='bbox 1397 5003 1425 5055; x_wconf 77' lang='grc' dir='ltr'>ὁ</span> <span class='ocrx_word' id='word_1_725' title='bbox 1457 5003 1594 5066; x_wconf 70' lang='grc' dir='ltr'><strong>Θεὸς</strong></span> <span class='ocrx_word' id='word_1_726' title='bbox 1671 5004 1762 5058; x_wconf 68' lang='grc' dir='ltr'><strong>διὰ</strong></span> <span class='ocrx_word' id='word_1_727' title='bbox 1799 5055 1808 5061; x_wconf 88' lang='grc'>,</span> 
     </span>
    </p>
   </div>
   <div class='ocr_carea' id='block_1_100' title="bbox 201 5096 1760 5169">
    <p class='ocr_par' dir='ltr' id='par_1_100' title="bbox 201 5096 1760 5169">
     <span class='ocr_line' id='line_1_100' title="bbox 201 5096 1760 5169; baseline -0.001 -17"><span class='ocrx_word' id='word_1_728' title='bbox 201 5101 368 5168; x_wconf 66' lang='grc' dir='ltr'><strong>Ὠσηὲ·</strong></span> <span class='ocrx_word' id='word_1_729' title='bbox 399 5097 661 5169; x_wconf 75' lang='grc' dir='ltr'><strong>Διαθήσω</strong></span> <span class='ocrx_word' id='word_1_730' title='bbox 692 5096 967 5169; x_wconf 76' lang='grc' dir='ltr'><strong>διαθήκην</strong></span> <span class='ocrx_word' id='word_1_731' title='bbox 995 5099 1053 5150; x_wconf 67' lang='grc' dir='ltr'><strong>ὲν</strong></span> <span class='ocrx_word' id='word_1_732' title='bbox 1084 5099 1150 5168; x_wconf 74' lang='grc' dir='ltr'><strong>τῇ</strong></span> <span class='ocrx_word' id='word_1_733' title='bbox 1181 5096 1366 5167; x_wconf 71' lang='grc' dir='ltr'><strong>ἡμέρᾳ</strong></span> <span class='ocrx_word' id='word_1_734' title='bbox 1397 5097 1584 5168; x_wconf 74' lang='grc' dir='ltr'><strong>ἐκείνῃ</strong></span> <span class='ocrx_word' id='word_1_735' title='bbox 1617 5100 1760 5166; x_wconf 69' lang='grc' dir='ltr'><strong>μετὰ</strong></span> 
     </span>
    </p>
   </div>
   <div class='ocr_carea' id='block_1_101' title="bbox 191 5189 1757 5262">
    <p class='ocr_par' dir='ltr' id='par_1_101' title="bbox 191 5189 1757 5262">
     <span class='ocr_line' id='line_1_101' title="bbox 191 5189 1757 5262; baseline 0.001 -19"><span class='ocrx_word' id='word_1_736' title='bbox 191 5191 287 5243; x_wconf 79' lang='grc' dir='ltr'><strong>τῶν</strong></span> <span class='ocrx_word' id='word_1_737' title='bbox 339 5191 552 5262; x_wconf 80' lang='grc' dir='ltr'><strong>θηρίων</strong></span> <span class='ocrx_word' id='word_1_738' title='bbox 618 5189 715 5244; x_wconf 82' lang='grc' dir='ltr'><strong>τοῦ</strong></span> <span class='ocrx_word' id='word_1_739' title='bbox 776 5191 974 5261; x_wconf 80' lang='grc' dir='ltr'><strong>ἀγροῦ,</strong></span> <span class='ocrx_word' id='word_1_740' title='bbox 1023 5193 1117 5244; x_wconf 81' lang='grc' dir='ltr'><strong>καὶ</strong></span> <span class='ocrx_word' id='word_1_741' title='bbox 1181 5190 1290 5243; x_wconf 77' lang='grc' dir='ltr'><strong>τῶν</strong></span> <span class='ocrx_word' id='word_1_742' title='bbox 1341 5191 1610 5244; x_wconf 81' lang='grc' dir='ltr'><strong>πετεινῶν</strong></span> <span class='ocrx_word' id='word_1_743' title='bbox 1665 5192 1757 5244; x_wconf 76' lang='grc' dir='ltr'><strong>τοῦ</strong></span> 
     </span>
    </p>
   </div>
   <div class='ocr_carea' id='block_1_102' title="bbox 197 5279 1757 5353">
    <p class='ocr_par' dir='ltr' id='par_1_102' title="bbox 197 5279 1757 5353">
     <span class='ocr_line' id='line_1_102' title="bbox 197 5279 1757 5353; baseline -0.001 -20"><span class='ocrx_word' id='word_1_744' title='bbox 197 5284 441 5353; x_wconf 71' lang='grc' dir='ltr'><strong>οὐρανοῦ,</strong></span> <span class='ocrx_word' id='word_1_745' title='bbox 471 5283 571 5335; x_wconf 74' lang='grc' dir='ltr'><strong>καὶ</strong></span> <span class='ocrx_word' id='word_1_746' title='bbox 602 5281 716 5334; x_wconf 82' lang='grc' dir='ltr'><strong>τῶν</strong></span> <span class='ocrx_word' id='word_1_747' title='bbox 743 5281 1001 5352; x_wconf 66' lang='grc' dir='ltr'><strong>ἑρπετῶν</strong></span> <span class='ocrx_word' id='word_1_748' title='bbox 1025 5281 1125 5352; x_wconf 85' lang='grc' dir='ltr'><strong>τῆς</strong></span> <span class='ocrx_word' id='word_1_749' title='bbox 1165 5280 1296 5348; x_wconf 78' lang='grc' dir='ltr'><strong>γῆς,</strong></span> <span class='ocrx_word' id='word_1_750' title='bbox 1335 5279 1757 5350; x_wconf 61' lang='grc' dir='ltr'><strong>καθολικωτέέῳ</strong></span> 
     </span>
    </p>
   </div>
   <div class='ocr_carea' id='block_1_103' title="bbox 189 5372 1756 5447">
    <p class='ocr_par' dir='ltr' id='par_1_103' title="bbox 189 5372 1756 5447">
     <span class='ocr_line' id='line_1_103' title="bbox 189 5372 1756 5447; baseline 0 -22"><span class='ocrx_word' id='word_1_751' title='bbox 189 5372 318 5444; x_wconf 66' lang='grc' dir='ltr'><strong>λόγῳ</strong></span> <span class='ocrx_word' id='word_1_752' title='bbox 332 5375 502 5446; x_wconf 77' lang='grc' dir='ltr'><strong>θηρία</strong></span> <span class='ocrx_word' id='word_1_753' title='bbox 522 5373 624 5447; x_wconf 73' lang='grc' dir='ltr'><strong>μὲν</strong></span> <span class='ocrx_word' id='word_1_754' title='bbox 641 5374 737 5429; x_wconf 83' lang='grc' dir='ltr'><strong>τοῦ</strong></span> <span class='ocrx_word' id='word_1_755' title='bbox 749 5374 924 5444; x_wconf 81' lang='grc' dir='ltr'><strong>ἀγροῦ</strong></span> <span class='ocrx_word' id='word_1_756' title='bbox 940 5374 1070 5438; x_wconf 76' lang='grc' dir='ltr'><strong>τοὶις</strong></span> <span class='ocrx_word' id='word_1_757' title='bbox 1085 5374 1314 5444; x_wconf 84' lang='grc' dir='ltr'><strong>ἀγρίους</strong></span> <span class='ocrx_word' id='word_1_758' title='bbox 1332 5375 1425 5427; x_wconf 81' lang='grc' dir='ltr'><strong>καὶ</strong></span> <span class='ocrx_word' id='word_1_759' title='bbox 1441 5375 1629 5442; x_wconf 72' lang='grc' dir='ltr'><strong>ὠμοὺς</strong></span> <span class='ocrx_word' id='word_1_760' title='bbox 1641 5374 1756 5426; x_wconf 75' lang='grc' dir='ltr'><strong>ὀνο-</strong></span> 
     </span>
    </p>
   </div>
   <div class='ocr_carea' id='block_1_104' title="bbox 195 5463 1753 5536">
    <p class='ocr_par' dir='ltr' id='par_1_104' title="bbox 195 5463 1753 5536">
     <span class='ocr_line' id='line_1_104' title="bbox 195 5463 1753 5536; baseline -0.001 -18"><span class='ocrx_word' id='word_1_761' title='bbox 195 5468 388 5531; x_wconf 71' lang='grc' dir='ltr'><strong>μάζων,</strong></span> <span class='ocrx_word' id='word_1_762' title='bbox 405 5466 632 5519; x_wconf 83' lang='grc' dir='ltr'><strong>πετεινὰ</strong></span> <span class='ocrx_word' id='word_1_763' title='bbox 651 5465 710 5520; x_wconf 72' lang='grc' dir='ltr'><strong>δὲ</strong></span> <span class='ocrx_word' id='word_1_764' title='bbox 727 5467 852 5527; x_wconf 78' lang='grc' dir='ltr'><strong>τοὺς</strong></span> <span class='ocrx_word' id='word_1_765' title='bbox 874 5464 1270 5536; x_wconf 76' lang='grc' dir='ltr'><strong>ὑψηλοτέρους,</strong></span> <span class='ocrx_word' id='word_1_766' title='bbox 1297 5465 1506 5534; x_wconf 78' lang='grc' dir='ltr'><strong>ἑρπετά</strong></span> <span class='ocrx_word' id='word_1_767' title='bbox 1544 5465 1600 5518; x_wconf 78' lang='grc' dir='ltr'><strong>δὲ</strong></span> <span class='ocrx_word' id='word_1_768' title='bbox 1627 5463 1753 5526; x_wconf 79' lang='grc' dir='ltr'><strong>τοὺς</strong></span> 
     </span>
    </p>
   </div>
   <div class='ocr_carea' id='block_1_105' title="bbox 191 5555 1756 5628">
    <p class='ocr_par' dir='ltr' id='par_1_105' title="bbox 191 5555 1756 5628">
     <span class='ocr_line' id='line_1_105' title="bbox 191 5555 1756 5628; baseline 0.001 -24"><span class='ocrx_word' id='word_1_769' title='bbox 191 5559 591 5626; x_wconf 58' lang='grc' dir='ltr'><strong>πυκνοτέρους</strong></span> <span class='ocrx_word' id='word_1_770' title='bbox 616 5572 632 5586; x_wconf 73' lang='grc' dir='ltr'><strong>ο</strong></span> <span class='ocrx_word' id='word_1_771' title='bbox 671 5556 705 5628; x_wconf 81' lang='grc' dir='ltr'>ἢ</span> <span class='ocrx_word' id='word_1_772' title='bbox 746 5558 971 5609; x_wconf 70' lang='grc' dir='ltr'><strong>πετεινὰ</strong></span> <span class='ocrx_word' id='word_1_773' title='bbox 1013 5555 1113 5625; x_wconf 79' lang='grc' dir='ltr'><strong>μὲν</strong></span> <span class='ocrx_word' id='word_1_774' title='bbox 1150 5557 1275 5619; x_wconf 75' lang='grc' dir='ltr'><strong>τοὺς</strong></span> <span class='ocrx_word' id='word_1_775' title='bbox 1312 5557 1379 5624; x_wconf 80' lang='grc' dir='ltr'><strong>τῇ</strong></span> <span class='ocrx_word' id='word_1_776' title='bbox 1420 5555 1756 5626; x_wconf 61' lang='grc' dir='ltr'><strong>ἀστρολογία</strong></span> 
     </span>
    </p>
   </div>
   <div class='ocr_carea' id='block_1_106' title="bbox 192 5647 1752 5719">
    <p class='ocr_par' dir='ltr' id='par_1_106' title="bbox 192 5647 1752 5719">
     <span class='ocr_line' id='line_1_106' title="bbox 192 5647 1752 5719; baseline 0.001 -21"><span class='ocrx_word' id='word_1_777' title='bbox 192 5649 621 5717; x_wconf 59' lang='grc' dir='ltr'><strong>προσκειμένους,</strong></span> <span class='ocrx_word' id='word_1_778' title='bbox 641 5648 850 5719; x_wconf 76' lang='grc' dir='ltr'><strong>ἑρπετά</strong></span> <span class='ocrx_word' id='word_1_779' title='bbox 869 5647 927 5701; x_wconf 78' lang='grc' dir='ltr'><strong>δὲ</strong></span> <span class='ocrx_word' id='word_1_780' title='bbox 947 5649 1072 5710; x_wconf 74' lang='grc' dir='ltr'><strong>τοὺς</strong></span> <span class='ocrx_word' id='word_1_781' title='bbox 1101 5647 1537 5717; x_wconf 76' lang='grc' dir='ltr'><strong>ῥυπαινομένους</strong></span> <span class='ocrx_word' id='word_1_782' title='bbox 1561 5648 1618 5701; x_wconf 82' lang='grc' dir='ltr'><strong>ὲν</strong></span> <span class='ocrx_word' id='word_1_783' title='bbox 1641 5649 1752 5709; x_wconf 72' lang='grc' dir='ltr'><strong>τοῖς</strong></span> 
     </span>
    </p>
   </div>
   <div class='ocr_carea' id='block_1_107' title="bbox 193 5735 1750 5807">
    <p class='ocr_par' dir='ltr' id='par_1_107' title="bbox 193 5735 1750 5807">
     <span class='ocr_line' id='line_1_107' title="bbox 193 5735 1750 5807; baseline 0.001 -18"><span class='ocrx_word' id='word_1_784' title='bbox 193 5738 403 5790; x_wconf 62' lang='grc' dir='ltr'><strong>πάθεσι·</strong></span> <span class='ocrx_word' id='word_1_785' title='bbox 439 5740 534 5793; x_wconf 71' lang='grc' dir='ltr'><strong>καὶ</strong></span> <span class='ocrx_word' id='word_1_786' title='bbox 571 5735 727 5802; x_wconf 77' lang='grc' dir='ltr'><strong>αὖθις</strong></span> <span class='ocrx_word' id='word_1_787' title='bbox 777 5739 865 5793; x_wconf 76' lang='grc' dir='ltr'><strong>διὰ</strong></span> <span class='ocrx_word' id='word_1_788' title='bbox 919 5739 1169 5792; x_wconf 65' lang='grc' dir='ltr'><strong>Ἦσαῖουτ</strong></span> <span class='ocrx_word' id='word_1_789' title='bbox 1219 5737 1618 5806; x_wconf 67' lang='grc' dir='ltr'><strong>Εὑλογήσατέ</strong></span> <span class='ocrx_word' id='word_1_790' title='bbox 1672 5754 1750 5807; x_wconf 79' lang='grc' dir='ltr'><strong>με</strong></span> 
     </span>
    </p>
   </div>
   <div class='ocr_carea' id='block_1_108' title="bbox 192 5830 1748 5900">
    <p class='ocr_par' dir='ltr' id='par_1_108' title="bbox 192 5830 1748 5900">
     <span class='ocr_line' id='line_1_108' title="bbox 192 5830 1748 5900; baseline -0.002 -13"><span class='ocrx_word' id='word_1_791' title='bbox 192 5830 253 5880; x_wconf 79' lang='grc' dir='ltr'><strong>τὰ</strong></span> <span class='ocrx_word' id='word_1_792' title='bbox 283 5834 452 5900; x_wconf 57' lang='grc' dir='ltr'><strong>θηρία</strong></span> <span class='ocrx_word' id='word_1_793' title='bbox 480 5833 586 5887; x_wconf 83' lang='grc' dir='ltr'><strong>τοῦ</strong></span> <span class='ocrx_word' id='word_1_794' title='bbox 613 5833 823 5900; x_wconf 53' lang='lat' dir='ltr'><strong>(inter?</strong></span> <span class='ocrx_word' id='word_1_795' title='bbox 861 5834 958 5888; x_wconf 70' lang='grc' dir='ltr'><strong>καὶ</strong></span> <span class='ocrx_word' id='word_1_796' title='bbox 986 5832 1080 5887; x_wconf 73' lang='grc' dir='ltr'><strong>διὰ</strong></span> <span class='ocrx_word' id='word_1_797' title='bbox 1111 5830 1384 5898; x_wconf 81' lang='grc' dir='ltr'><strong>Ἱερεμίου</strong></span> <span class='ocrx_word' id='word_1_798' title='bbox 1431 5831 1615 5886; x_wconf 64' lang='grc' dir='ltr'><strong>πάλιν⁸</strong></span> <span class='ocrx_word' id='word_1_799' title='bbox 1653 5830 1748 5884; x_wconf 75' lang='grc' dir='ltr'><strong>Δέο</strong></span> 
     </span>
    </p>
   </div>
   <div class='ocr_carea' id='block_1_109' title="bbox 1870 4599 3450 4689">
    <p class='ocr_par' dir='ltr' id='par_1_109' title="bbox 1870 4599 3450 4689">
     <span class='ocr_line' id='line_1_109' title="bbox 1870 4599 3450 4689; baseline -0.003 -13"><span class='ocrx_word' id='word_1_800' title='bbox 1870 4618 2343 4689; x_wconf 86' lang='lat' dir='ltr'><strong>conjunctionem.</strong></span> <span class='ocrx_word' id='word_1_801' title='bbox 2382 4617 2604 4673; x_wconf 71' lang='lat' dir='ltr'><strong>[’uetuli</strong></span> <span class='ocrx_word' id='word_1_802' title='bbox 2641 4633 2790 4680; x_wconf 87' lang='lat' dir='ltr'><strong>vero,</strong></span> <span class='ocrx_word' id='word_1_803' title='bbox 2836 4599 3188 4672; x_wconf 29' lang='lat' dir='ltr'><strong>infantuli’ail</strong></span> <span class='ocrx_word' id='word_1_804' title='bbox 3224 4620 3450 4682; x_wconf 86' lang='lat' dir='ltr'><strong>malum,</strong></span> 
     </span>
    </p>
   </div>
   <div class='ocr_carea' id='block_1_110' title="bbox 1873 4709 3450 4778">
    <p class='ocr_par' dir='ltr' id='par_1_110' title="bbox 1873 4709 3450 4778">
     <span class='ocr_line' id='line_1_110' title="bbox 1873 4709 3450 4778; baseline -0.004 -10"><span class='ocrx_word' id='word_1_805' title='bbox 1873 4725 1932 4768; x_wconf 92' lang='lat' dir='ltr'><strong>ut</strong></span> <span class='ocrx_word' id='word_1_806' title='bbox 1960 4714 2170 4768; x_wconf 83' lang='lat' dir='ltr'><strong>dictum</strong></span> <span class='ocrx_word' id='word_1_807' title='bbox 2189 4721 2293 4772; x_wconf 86' lang='lat' dir='ltr'><strong>est.</strong></span> <span class='ocrx_word' id='word_1_808' title='bbox 2323 4719 2455 4764; x_wconf 90' lang='lat' dir='ltr'><strong>sunt</strong></span> <span class='ocrx_word' id='word_1_809' title='bbox 2493 4709 2860 4763; x_wconf 81' lang='lat' dir='ltr'><strong>Ecclesiarum</strong></span> <span class='ocrx_word' id='word_1_810' title='bbox 2894 4709 3158 4778; x_wconf 75' lang='lat' dir='ltr'><strong>pr:rl‘ecti,</strong></span> <span class='ocrx_word' id='word_1_811' title='bbox 3213 4726 3450 4778; x_wconf 82' lang='lat' dir='ltr'><strong>quorum</strong></span> 
     </span>
    </p>
   </div>
   <div class='ocr_carea' id='block_1_111' title="bbox 1870 4799 3455 4870">
    <p class='ocr_par' dir='ltr' id='par_1_111' title="bbox 1870 4799 3455 4870">
     <span class='ocr_line' id='line_1_111' title="bbox 1870 4799 3455 4870; baseline -0.005 -12"><span class='ocrx_word' id='word_1_812' title='bbox 1870 4819 2066 4858; x_wconf 89' lang='lat' dir='ltr'><strong>manus</strong></span> <span class='ocrx_word' id='word_1_813' title='bbox 2091 4803 2335 4856; x_wconf 83' lang='lat' dir='ltr'><strong>doctrina</strong></span> <span class='ocrx_word' id='word_1_814' title='bbox 2371 4811 2477 4866; x_wconf 86' lang='lat' dir='ltr'><strong>est,</strong></span> <span class='ocrx_word' id='word_1_815' title='bbox 2513 4809 2736 4870; x_wconf 86' lang='lat' dir='ltr'><strong>propter</strong></span> <span class='ocrx_word' id='word_1_816' title='bbox 2763 4814 3034 4853; x_wconf 87' lang='lat' dir='ltr'><strong>summam</strong></span> <span class='ocrx_word' id='word_1_817' title='bbox 3076 4815 3237 4870; x_wconf 90' lang='lat' dir='ltr'><strong>quam</strong></span> <span class='ocrx_word' id='word_1_818' title='bbox 3292 4799 3455 4851; x_wconf 86' lang='lat' dir='ltr'><strong>adhi-</strong></span> 
     </span>
    </p>
   </div>
   <div class='ocr_carea' id='block_1_112' title="bbox 1872 4891 3451 4969">
    <p class='ocr_par' dir='ltr' id='par_1_112' title="bbox 1872 4891 3451 4969">
     <span class='ocr_line' id='line_1_112' title="bbox 1872 4891 3451 4969; baseline -0.004 -17"><span class='ocrx_word' id='word_1_819' title='bbox 1872 4901 2003 4953; x_wconf 85' lang='lat' dir='ltr'><strong>bent</strong></span> <span class='ocrx_word' id='word_1_820' title='bbox 2037 4897 2377 4969; x_wconf 79' lang='lat' dir='ltr'><strong>diligentiam</strong></span> <span class='ocrx_word' id='word_1_821' title='bbox 2406 4913 2421 4961; x_wconf 89' lang='lat'>;</span> <span class='ocrx_word' id='word_1_822' title='bbox 2461 4912 2582 4965; x_wconf 69' lang='lat' dir='ltr'><strong>quae</strong></span> <span class='ocrx_word' id='word_1_823' title='bbox 2610 4894 2829 4960; x_wconf 75' lang='lat' dir='ltr'><strong>quidrm</strong></span> <span class='ocrx_word' id='word_1_824' title='bbox 2866 4909 3059 4946; x_wconf 84' lang='lat' dir='ltr'><strong>manus</strong></span> <span class='ocrx_word' id='word_1_825' title='bbox 3091 4892 3331 4962; x_wconf 88' lang='lat' dir='ltr'><strong>injicitur</strong></span> <span class='ocrx_word' id='word_1_826' title='bbox 3366 4891 3451 4945; x_wconf 84' lang='lat' dir='ltr'><strong>iu-</strong></span> 
     </span>
    </p>
   </div>
   <div class='ocr_carea' id='block_1_113' title="bbox 1873 4984 3452 5060">
    <p class='ocr_par' dir='ltr' id='par_1_113' title="bbox 1873 4984 3452 5060">
     <span class='ocr_line' id='line_1_113' title="bbox 1873 4984 3452 5060; baseline -0.005 -16"><span class='ocrx_word' id='word_1_827' title='bbox 1873 4991 2148 5055; x_wconf 83' lang='lat' dir='ltr'><strong>lldelibus,</strong></span> <span class='ocrx_word' id='word_1_828' title='bbox 2180 4990 2271 5060; x_wconf 90' lang='lat' dir='ltr'><strong>qui</strong></span> <span class='ocrx_word' id='word_1_829' title='bbox 2294 4997 2424 5043; x_wconf 90' lang='lat' dir='ltr'><strong>sunt</strong></span> <span class='ocrx_word' id='word_1_830' title='bbox 2456 4987 2619 5041; x_wconf 84' lang='lat' dir='ltr'><strong>veluti</strong></span> <span class='ocrx_word' id='word_1_831' title='bbox 2659 5001 2909 5040; x_wconf 67' lang='lat' dir='ltr'><strong>cavernas</strong></span> <span class='ocrx_word' id='word_1_832' title='bbox 2937 4992 2994 5039; x_wconf 89' lang='lat' dir='ltr'><strong>et</strong></span> <span class='ocrx_word' id='word_1_833' title='bbox 3053 4984 3344 5047; x_wconf 78' lang='lat' dir='ltr'><strong>foramina,</strong></span> <span class='ocrx_word' id='word_1_834' title='bbox 3395 4993 3452 5036; x_wconf 87' lang='lat' dir='ltr'><strong>et</strong></span> 
     </span>
    </p>
   </div>
   <div class='ocr_carea' id='block_1_114' title="bbox 1871 5077 3452 5147">
    <p class='ocr_par' dir='ltr' id='par_1_114' title="bbox 1871 5077 3452 5147">
     <span class='ocr_line' id='line_1_114' title="bbox 1871 5077 3452 5147; baseline -0.008 -8"><span class='ocrx_word' id='word_1_835' title='bbox 1871 5085 2110 5140; x_wconf 77' lang='lat' dir='ltr'><strong>ferarum</strong></span> <span class='ocrx_word' id='word_1_836' title='bbox 2157 5081 2380 5142; x_wconf 84' lang='lat' dir='ltr'><strong>cubilia,</strong></span> <span class='ocrx_word' id='word_1_837' title='bbox 2420 5092 2475 5134; x_wconf 82' lang='lat' dir='ltr'><strong>et</strong></span> <span class='ocrx_word' id='word_1_838' title='bbox 2506 5079 2781 5147; x_wconf 81' lang='lat' dir='ltr'><strong>aSpidum,</strong></span> <span class='ocrx_word' id='word_1_839' title='bbox 2820 5092 2916 5130; x_wconf 84' lang='lat' dir='ltr'><strong>seu</strong></span> <span class='ocrx_word' id='word_1_840' title='bbox 2968 5085 3358 5130; x_wconf 84' lang='lat' dir='ltr'><strong>venenatorum</strong></span> <span class='ocrx_word' id='word_1_841' title='bbox 3395 5077 3452 5126; x_wconf 78' lang='lat' dir='ltr'><strong>et</strong></span> 
     </span>
    </p>
   </div>
   <div class='ocr_carea' id='block_1_115' title="bbox 1869 5168 3449 5248">
    <p class='ocr_par' dir='ltr' id='par_1_115' title="bbox 1869 5168 3449 5248">
     <span class='ocr_line' id='line_1_115' title="bbox 1869 5168 3449 5248; baseline -0.007 -16"><span class='ocrx_word' id='word_1_842' title='bbox 1869 5177 2303 5248; x_wconf 75' lang='lat' dir='ltr'><strong>pernicies-orum</strong></span> <span class='ocrx_word' id='word_1_843' title='bbox 2361 5171 2671 5226; x_wconf 75' lang='lat' dir='ltr'><strong>dtemonum</strong></span> <span class='ocrx_word' id='word_1_844' title='bbox 2705 5169 3009 5226; x_wconf 81' lang='lat' dir='ltr'><strong>domicilia.</strong></span> <span class='ocrx_word' id='word_1_845' title='bbox 3060 5183 3294 5236; x_wconf 85' lang='lat' dir='ltr'><strong>quorum</strong></span> <span class='ocrx_word' id='word_1_846' title='bbox 3353 5168 3449 5222; x_wconf 86' lang='lat' dir='ltr'><strong>lilii</strong></span> 
     </span>
    </p>
   </div>
   <div class='ocr_carea' id='block_1_116' title="bbox 1865 5258 3454 5332">
    <p class='ocr_par' dir='ltr' id='par_1_116' title="bbox 1865 5258 3454 5332">
     <span class='ocr_line' id='line_1_116' title="bbox 1865 5258 3454 5332; baseline -0.005 -12"><span class='ocrx_word' id='word_1_847' title='bbox 1865 5263 2186 5321; x_wconf 89' lang='lat' dir='ltr'><strong>suntanimi</strong></span> <span class='ocrx_word' id='word_1_848' title='bbox 2223 5261 2668 5332; x_wconf 88' lang='lat' dir='ltr'><strong>perturbationes</strong></span> <span class='ocrx_word' id='word_1_849' title='bbox 2691 5271 2746 5314; x_wconf 86' lang='lat' dir='ltr'><strong>et</strong></span> <span class='ocrx_word' id='word_1_850' title='bbox 2776 5261 2932 5315; x_wconf 86' lang='lat' dir='ltr'><strong>vitia.</strong></span> <span class='ocrx_word' id='word_1_851' title='bbox 2963 5260 3132 5314; x_wconf 87' lang='lat' dir='ltr'><strong>Aliter</strong></span> <span class='ocrx_word' id='word_1_852' title='bbox 3158 5258 3454 5328; x_wconf 81' lang='lat' dir='ltr'><strong>etiamqui</strong></span> 
     </span>
    </p>
   </div>
   <div class='ocr_carea' id='block_1_117' title="bbox 1863 5351 3452 5419">
    <p class='ocr_par' dir='ltr' id='par_1_117' title="bbox 1863 5351 3452 5419">
     <span class='ocr_line' id='line_1_117' title="bbox 1863 5351 3452 5419; baseline -0.006 -4"><span class='ocrx_word' id='word_1_853' title='bbox 1863 5376 1930 5415; x_wconf 78' lang='lat' dir='ltr'><strong>ex</strong></span> <span class='ocrx_word' id='word_1_854' title='bbox 1993 5355 2192 5413; x_wconf 80' lang='lat' dir='ltr'><strong>Christi</strong></span> <span class='ocrx_word' id='word_1_855' title='bbox 2261 5354 2536 5409; x_wconf 89' lang='lat' dir='ltr'><strong>sententia</strong></span> <span class='ocrx_word' id='word_1_856' title='bbox 2597 5355 2831 5419; x_wconf 88' lang='lat' dir='ltr'><strong>vivunt,</strong></span> <span class='ocrx_word' id='word_1_857' title='bbox 2897 5367 3119 5408; x_wconf 89' lang='lat' dir='ltr'><strong>manum</strong></span> <span class='ocrx_word' id='word_1_858' title='bbox 3184 5351 3452 5406; x_wconf 63' lang='lat' dir='ltr'><strong>daemoni-</strong></span> 
     </span>
    </p>
   </div>
   <div class='ocr_carea' id='block_1_118' title="bbox 1861 5445 3448 5518">
    <p class='ocr_par' dir='ltr' id='par_1_118' title="bbox 1861 5445 3448 5518">
     <span class='ocr_line' id='line_1_118' title="bbox 1861 5445 3448 5518; baseline -0.004 -14"><span class='ocrx_word' id='word_1_859' title='bbox 1861 5451 1962 5505; x_wconf 90' lang='lat' dir='ltr'><strong>bus</strong></span> <span class='ocrx_word' id='word_1_860' title='bbox 2021 5447 2295 5518; x_wconf 84' lang='lat' dir='ltr'><strong>injiciunt,</strong></span> <span class='ocrx_word' id='word_1_861' title='bbox 2349 5456 2404 5501; x_wconf 88' lang='lat' dir='ltr'><strong>et</strong></span> <span class='ocrx_word' id='word_1_862' title='bbox 2445 5445 2622 5502; x_wconf 90' lang='lat' dir='ltr'><strong>crucis</strong></span> <span class='ocrx_word' id='word_1_863' title='bbox 2658 5445 2873 5516; x_wconf 84' lang='lat' dir='ltr'><strong>signum</strong></span> <span class='ocrx_word' id='word_1_864' title='bbox 2933 5452 3274 5513; x_wconf 79' lang='lat' dir='ltr'><strong>uppuneutes</strong></span> <span class='ocrx_word' id='word_1_865' title='bbox 3337 5459 3448 5498; x_wconf 91' lang='lat' dir='ltr'><strong>non</strong></span> 
     </span>
    </p>
   </div>
   <div class='ocr_carea' id='block_1_119' title="bbox 1858 5537 3448 5598">
    <p class='ocr_par' dir='ltr' id='par_1_119' title="bbox 1858 5537 3448 5598">
     <span class='ocr_line' id='line_1_119' title="bbox 1858 5537 3448 5598; baseline -0.003 0"><span class='ocrx_word' id='word_1_866' title='bbox 1858 5545 2050 5598; x_wconf 89' lang='lat' dir='ltr'><strong>sinunt</strong></span> <span class='ocrx_word' id='word_1_867' title='bbox 2123 5539 2440 5595; x_wconf 85' lang='lat' dir='ltr'><strong>obsidentes</strong></span> <span class='ocrx_word' id='word_1_868' title='bbox 2516 5540 2795 5595; x_wconf 68' lang='lat' dir='ltr'><strong>daemones</strong></span> <span class='ocrx_word' id='word_1_869' title='bbox 2864 5538 3117 5592; x_wconf 84' lang='lat' dir='ltr'><strong>obsessos</strong></span> <span class='ocrx_word' id='word_1_870' title='bbox 3194 5537 3448 5593; x_wconf 86' lang='lat' dir='ltr'><strong>homines</strong></span> 
     </span>
    </p>
   </div>
   <div class='ocr_carea' id='block_1_120' title="bbox 1856 5631 3448 5701">
    <p class='ocr_par' dir='ltr' id='par_1_120' title="bbox 1856 5631 3448 5701">
     <span class='ocr_line' id='line_1_120' title="bbox 1856 5631 3448 5701; baseline -0.004 -11"><span class='ocrx_word' id='word_1_871' title='bbox 1856 5637 2073 5692; x_wconf 81' lang='lat' dir='ltr'><strong>laedere.</strong></span> <span class='ocrx_word' id='word_1_872' title='bbox 2135 5633 2291 5701; x_wconf 85' lang='lat' dir='ltr'><strong>Quod</strong></span> <span class='ocrx_word' id='word_1_873' title='bbox 2351 5643 2532 5688; x_wconf 86' lang='lat' dir='ltr'><strong>autem</strong></span> <span class='ocrx_word' id='word_1_874' title='bbox 2590 5631 2878 5700; x_wconf 65' lang='lat' dir='ltr'><strong>Scriptura</strong></span> <span class='ocrx_word' id='word_1_875' title='bbox 2949 5641 3140 5700; x_wconf 81' lang='lat' dir='ltr'><strong>gentes</strong></span> <span class='ocrx_word' id='word_1_876' title='bbox 3193 5645 3448 5700; x_wconf 61' lang='lat' dir='ltr'><strong>sat-pend-</strong></span> 
     </span>
    </p>
   </div>
   <div class='ocr_carea' id='block_1_121' title="bbox 1858 5726 3445 5798">
    <p class='ocr_par' dir='ltr' id='par_1_121' title="bbox 1858 5726 3445 5798">
     <span class='ocr_line' id='line_1_121' title="bbox 1858 5726 3445 5798; baseline -0.004 -10"><span class='ocrx_word' id='word_1_877' title='bbox 1858 5748 2010 5788; x_wconf 89' lang='lat' dir='ltr'><strong>mero</strong></span> <span class='ocrx_word' id='word_1_878' title='bbox 2059 5731 2202 5786; x_wconf 81' lang='lat' dir='ltr'><strong>feras</strong></span> <span class='ocrx_word' id='word_1_879' title='bbox 2259 5739 2448 5791; x_wconf 88' lang='lat' dir='ltr'><strong>vocet,</strong></span> <span class='ocrx_word' id='word_1_880' title='bbox 2512 5731 2868 5798; x_wconf 75' lang='lat' dir='ltr'><strong>perspicuum</strong></span> <span class='ocrx_word' id='word_1_881' title='bbox 2946 5736 3048 5784; x_wconf 87' lang='lat' dir='ltr'><strong>est.</strong></span> <span class='ocrx_word' id='word_1_882' title='bbox 3111 5726 3254 5781; x_wconf 86' lang='lat' dir='ltr'><strong>Dicit</strong></span> <span class='ocrx_word' id='word_1_883' title='bbox 3296 5727 3445 5782; x_wconf 86' lang='lat' dir='ltr'><strong>enim</strong></span> 
     </span>
    </p>
   </div>
   <div class='ocr_carea' id='block_1_122' title="bbox 1859 5816 3443 5892">
    <p class='ocr_par' dir='ltr' id='par_1_122' title="bbox 1859 5816 3443 5892">
     <span class='ocr_line' id='line_1_122' title="bbox 1859 5816 3443 5892; baseline -0.009 -10"><span class='ocrx_word' id='word_1_884' title='bbox 1859 5827 2000 5884; x_wconf 84' lang='lat' dir='ltr'><strong>Deus</strong></span> <span class='ocrx_word' id='word_1_885' title='bbox 2072 5842 2167 5892; x_wconf 78' lang='lat' dir='ltr'><strong>per</strong></span> <span class='ocrx_word' id='word_1_886' title='bbox 2239 5824 2434 5881; x_wconf 75' lang='lat' dir='ltr'><strong>Oscam</strong></span> <span class='ocrx_word' id='word_1_887' title='bbox 2491 5843 2505 5880; x_wconf 89' lang='lat'><strong>:</strong></span> <span class='ocrx_word' id='word_1_888' title='bbox 2570 5823 2789 5878; x_wconf 81' lang='lat' dir='ltr'><strong>Faciam</strong></span> <span class='ocrx_word' id='word_1_889' title='bbox 2859 5821 3022 5883; x_wconf 65' lang='lat' dir='ltr'><strong>{tellus</strong></span> <span class='ocrx_word' id='word_1_890' title='bbox 3081 5819 3135 5872; x_wconf 84' lang='lat' dir='ltr'><strong>in</strong></span> <span class='ocrx_word' id='word_1_891' title='bbox 3201 5816 3294 5870; x_wconf 82' lang='lat' dir='ltr'><strong>i.’la</strong></span> <span class='ocrx_word' id='word_1_892' title='bbox 3356 5816 3443 5869; x_wconf 77' lang='lat' dir='ltr'><strong>die</strong></span> 
     </span>
    </p>
   </div>
  </div>
