3994 6204
557 285 665 348 299

543 394 646 459 iam
685 392 787 445 sub
826 392 961 462 lege,
1008 392 1100 447 sed
1135 392 1237 447 sub
1267 392 1440 462 gratia
1479 409 1491 443 :

547 482 719 534 solum
755 496 862 550 pne
889 490 1031 535 metu
1070 480 1300 533 Domino
1328 479 1644 544 servimus;
1692 479 1787 533 sed
1820 478 1885 532 ad
1933 490 2103 534 totum

542 580 758 641 tempus
793 572 839 625 ci
878 569 1308 625 consecrandum
1355 568 1545 623 sum'us
1593 570 1837 640 obligati,
1876 572 2010 625 adeo
2049 578 2106 626 ut

544 678 702 717 servo
741 663 842 726 illi,
869 663 979 723 irm,
1024 661 1268 728 inquam,
1310 668 1363 713 et
1400 660 1711 728 cupiditati,
1744 661 2029 731 quiescere
2076 676 2104 714 a

548 761 791 819 peccato,
829 749 1043 817 Deoque
1077 747 1332 800 feriatum
1366 764 1487 804 esse
1531 750 1869 818 iubeamus;
1925 761 2106 805 erecta

545 841 762 909 quidem
807 847 1073 908 perpetuo
1104 854 1303 893 versus
1335 839 1503 894 Deum
1535 841 1861 910 cupiditate,
1899 854 2105 895 armata

545 944 672 982 vero
719 936 910 983 contra
955 929 1046 982 Dei
1096 930 1283 984 hostes
1331 932 1656 986 iracundia:
1692 947 1754 984 ac
1802 932 2110 1002 iumentum

547 1020 694 1080 item,
722 1033 921 1088 corpus
946 1022 1225 1086 nimirum,
1247 1035 1273 1072 a
1304 1022 1514 1089 peccati
1546 1022 1811 1076 servitute
1843 1023 1970 1076 dato
1996 1023 2111 1075 otio

546 1125 878 1176 recreemus,
914 1121 965 1165 et
1003 1111 1068 1164 ad
1118 1112 1529 1167 inserviendum
1576 1112 1780 1168 divinis
1823 1114 2115 1183 praeceptis

544 1202 961 1270 compellamus.

620 1291 743 1346 [lare
771 1302 898 1347 sunt
933 1309 1053 1362 qua:
1086 1295 1392 1363 Spiritualis
1421 1293 1624 1350 Christi
1652 1295 1737 1349 lex
1783 1294 1943 1350 nobis
1976 1295 2112 1348 indi-

552 1383 645 1447 cit,
690 1401 874 1454 quam,
902 1385 991 1453 qui
1027 1383 1368 1445 custodiunt,
1396 1382 1628 1437 Mosaica
1661 1385 1778 1453 lege
1804 1387 2113 1455 superiores

545 1476 846 1529 exsistunt.
873 1475 1030 1537 Nam,
1073 1491 1135 1528 ex
1170 1489 1279 1544 quo
1317 1476 1464 1529 venit
1501 1476 1646 1544 quod
1679 1475 1977 1545 perfectum
2008 1488 2110 1545 est,

544 1574 872 1619 evacuatum
906 1576 990 1620 est
1022 1566 1165 1635 quod
1201 1581 1263 1619 ex
1300 1572 1453 1633 parte
1477 1573 1598 1618 erat
1648 1568 1701 1632 ¹;
1732 1580 1794 1618 ac
1820 1566 1996 1620 scisso
2019 1582 2113 1637 per

548 1656 859 1709 Salvatoris
893 1671 1115 1709 crucem
1160 1662 1477 1724 legumento

544 1748 650 1812 eis,
688 1755 994 1816 sanctoque
1029 1745 1232 1812 Spiritu
1271 1745 1444 1813 igneis
1488 1744 1685 1814 linguis
1728 1746 2108 1812 illucescente,

546 1838 729 1892 littera
764 1837 1059 1901 obsolevit,
1098 1835 1409 1904 corporalia
1457 1842 1767 1901 cessarunt,
1795 1842 1847 1888 et
1892 1835 2108 1905 impleta

545 1930 661 1998 lege
690 1928 995 1990 servitutis,
1031 1926 1117 1979 lex
1153 1924 1430 1980 libertatis
1468 1925 1631 1980 nobis
1651 1926 1849 1979 donata
1878 1934 1980 1979 est.
2016 1924 2111 1979 At—

545 2036 674 2088 que-
756 2017 1056 2088 perfectam
1088 2017 1339 2071 humana:
1364 2024 1581 2071 natura:
1607 2016 1852 2085 requiem
1879 2016 2115 2069 celebra-

547 2126 692 2176 mus,
726 2110 831 2164 hoc
865 2116 952 2165 est
980 2108 1408 2164 resurrectionis
1442 2108 1609 2171 diem,
1634 2106 1688 2160 in
1719 2121 1827 2176 qua
1854 2106 2115 2161 Dominus

544 2201 725 2261 Jesus.
763 2201 888 2255 vitae
917 2209 1110 2255 auctor
1138 2209 1192 2254 et
1229 2198 1501 2262 Salvator,
1548 2214 1648 2254 nos
1676 2198 1742 2251 ad
1785 2198 2113 2266 promissam

548 2292 655 2345 illis
683 2291 775 2361 qui
820 2290 1092 2360 spirituali
1128 2291 1278 2345 cultu
1310 2290 1421 2345 lteo
1444 2290 1716 2353 serviunt,
1742 2288 2113 2342 hereditatem

549 2383 884 2448 introduxit;
910 2383 962 2435 in
989 2398 1149 2452 quant
1177 2384 1434 2436 nimirum
1459 2382 1574 2451 ipse
1599 2395 1908 2451 prtecursor
1932 2387 2118 2434 noster

548 2474 836 2545 ingressus
870 2481 975 2536 est,
1015 2482 1307 2542 postquam
1337 2489 1365 2526 a
1408 2480 1585 2527 morte
1615 2471 1680 2525 ad
1715 2472 1880 2524 vitam
1929 2471 2115 2536 rediit,

548 2573 604 2621 et
636 2566 904 2620 reseratis
936 2563 1341 2633 patefactisque
1372 2562 1476 2617 sibi
1522 2562 1645 2616 emli
1682 2560 1890 2630 januis,
1934 2560 1986 2613 in
2016 2558 2118 2611 Pa-

552 2657 653 2710 tris
686 2656 911 2709 dextera
962 2653 1263 2708 secundum
1315 2668 1519 2722 corpus
1572 2654 1845 2717 consedit,
1895 2664 2005 2718 quo
2038 2648 2116 2703 illi

549 2747 716 2799 etiam
770 2744 862 2815 qui
916 2745 1018 2815 legi
1063 2743 1303 2814 Spiritus
1353 2758 1559 2798 morem
1606 2748 1825 2812 gerunt,
1858 2740 2117 2808 deinceps

552 2845 680 2890 sunt
708 2836 1009 2891 introituri.

819 2918 1086 2984 Quocirca
1128 2920 1195 2974 ad
1246 2934 1390 2985 nos,
1470 2921 1563 2991 qui
1620 2923 1843 2992 spiritu,
1884 2937 1949 2978 ac
2002 2936 2111 2976 non

545 3006 722 3060 littera
752 3006 1083 3074 incedimus,
1112 3012 1293 3063 omnis
1326 3011 1631 3064 carnalium
1663 3027 1844 3066 rerum
1875 3013 2113 3081 abjectio

545 3105 779 3164 spectat,
823 3099 1112 3167 cultusque
1147 3101 1476 3169 spiritualis,
1506 3108 1707 3157 etcum
1733 3102 1842 3157 Deo
1877 3104 2113 3174 conjun-

543 3187 673 3241 etio.
728 3186 1092 3243 Circumcisio
1153 3190 1393 3259 quippe,
1467 3206 1747 3262 corporea:
1810 3194 2111 3264 voluptatis

543 3292 839 3345 rerumque
870 3277 1267 3347 superﬂuarum
1303 3295 1367 3334 ac
1400 3282 1627 3337 minime
1675 3286 2112 3339 necessariarum

542 3375 627 3419 est
650 3366 904 3433 ahjeetio.
945 3366 1280 3438 Praeputium
1319 3386 1451 3425 vero
1480 3372 1615 3427 nihil
1655 3373 1803 3426 aliud
1851 3382 1957 3437 est,
1996 3374 2107 3429 nisi

544 3456 815 3527 superﬂua
858 3459 1002 3514 cutis
1038 3463 1268 3515 membri
1301 3463 1450 3518 illius
1483 3465 1537 3518 in
1572 3479 1683 3534 quo
1719 3465 1889 3519 libido
1908 3466 2108 3520 cietur.

543 3548 733 3603 Oumis
764 3565 928 3620 porro
957 3552 1232 3621 voluptas,
1258 3568 1378 3622 qua:
1408 3571 1507 3609 nec
1530 3572 1595 3610 ex
1628 3556 1756 3618 Deo,
1785 3571 1883 3610 nec
1912 3557 1965 3611 in
2001 3555 2112 3611 Deo

542 3640 775 3707 capitur,
801 3642 1097 3711 voluptatis
1121 3653 1202 3697 est
1228 3646 1502 3714 superﬂua
1526 3649 1726 3715 portio,
1746 3648 1906 3717 cujus
1933 3649 2105 3719 ligura

540 3732 864 3799 preeputium
894 3740 1023 3786 est:
1084 3734 1386 3789 Sabbatum
1445 3749 1623 3792 autem
1687 3748 1772 3793 est
1818 3742 2037 3809 requies
2078 3755 2111 3795 ι

542 3830 792 3890 peccato.
818 3822 1194 3889 Quamobrem
1222 3827 1333 3880 duo
1355 3828 1471 3881 haec
1497 3846 1666 3883 unum
1703 3846 1931 3900 prorsus
1959 3841 2110 3895 sunt,

540 3920 709 3979 atque
742 3914 815 3965 ita
845 3914 1007 3966 ambo
1038 3915 1223 3977 simul,
1254 3916 1301 3970 si
1334 3916 1404 3971 ab
1435 3918 1500 3972 iis
1554 3920 1646 3987 qui
1691 3921 1888 3987 Spiritu
1918 3929 2107 3990 agunt,

1770 292 2110 353 EU'I'HYMI
2132 297 2152 354 Ι
2213 298 2571 359 ZiGABENI

1543 404 1649 443 non
1684 391 1794 459 jam
1823 407 1887 445 ex
1944 402 2105 461 parte

2228 393 2422 463 χάριν*
2476 397 2658 451 οὑκέτι
2717 401 2958 470 μερικῶς
2993 404 3070 476 τῷ
3115 408 3296 481 Κυρίῳ
3343 414 3645 488 δουλεύοντες
3684 433 3736 485 ὲκ

3634 318 3719 384 3οθ

2229 486 2415 555 φόϐου,
2447 488 2579 542 ἀλλὰ
2610 491 2786 545 πάντα
2811 494 2900 548 τὸν
2929 498 3121 567 χρόνον
3148 504 3244 571 τῆς
3291 504 3426 574 ζωῆς
3464 514 3592 582 αὑτῷ
3630 486 3735 573 ἀνα.

2224 579 2429 677 τιθέναι
2446 581 2769 649 ὀφείλοντες,
2795 588 2884 638 καὶ
2907 588 2995 641 ἀεὶ
3022 590 3112 642 τὸν
3140 592 3337 662 δοῦλον,
3356 599 3440 652 τὸν
3456 579 3606 673 θυμον
3620 608 3738 677 λέγω

2224 670 2319 723 καὶ
2350 671 2450 741 τὴν
2491 673 2809 744 ἐπιθυμίαν,
2846 678 2954 731 ἀπὸ
3002 684 3102 751 τῆς
3142 685 3405 756 ἁμαρτίας
3449 670 3738 751 καταπαύον-

2221 777 2338 860 τες,
2361 762 2453 860 καλ
2490 763 2569 860 τῶ
2602 766 2718 833 Θεῷ
2758 769 3041 837 σχολάζειν
3096 774 3493 845 ὲπιτρέποντες’
3523 785 3611 856 τὴν
3657 793 3737 859 μὲν
3782 841 3789 860 ί

2218 848 2513 937 έπιθυμίαν
2545 851 2761 907 ἃπασαν
2789 856 2874 908 ἀεὶ
2903 860 3038 928 πρὸς
3060 861 3190 915 Θεὸν
3214 848 3673 937 ἀνατείνοντες,’τδν
3692 879 3735 933 δὲ

2214 936 2388 1007 θυμὸν
2422 942 2563 1011 κατὰ
2587 943 2694 995 τῶν
2727 946 2819 998 τοῦ
2868 947 2998 1001 Θεοῦ
3027 950 3303 1020 δυσμενῶν
3332 957 3733 1029 καθοπλίζοντεςο

2213 1032 2306 1083 καὶ
2356 1031 2417 1084 τὸ
2443 1033 2757 1104 ὑποζύγιον,
2815 1040 2933 1109 ἦτοι
2983 1042 3041 1093 τὸ
3074 1043 3252 1113 σῶμα,
3288 1048 3499 1117 ὁμοίως,
3529 1053 3615 1123 τὴν
3650 1056 3733 1123 μὲν

2208 1121 2454 1175 δουλείαν
2479 1126 2578 1195 τῆς
2607 1128 2885 1198 ἁμαρτίας
2919 1134 3317 1203 ἀναπαύοντες,
3353 1145 3465 1205 ταῖς
3507 1144 3557 1196 δὲ
3578 1121 3733 1212 θείαις

2220 1213 2458 1278 ἐντολαῖς
2494 1216 2947 1289 ἑξυπηρετεῖσθαι
2983 1227 3394 1296 προτρέποντες.

2288 1312 2475 1367 Ταῦτα
2514 1316 2541 1367 6
2565 1317 2931 1385 πνευματικὸς
2957 1319 3087 1388 ἡμῖν
3112 1321 3410 1376 ἐντέλλεται
3430 1325 3518 1378 τοῦ
3538 1329 3735 1394 Χριστοῦ

2212 1400 2397 1470 νόμος,
2428 1401 2521 1454 καὶ
2543 1402 2592 1453 οἱ
2616 1402 2802 1455 τοῦτον
2825 1406 3211 1471 φυλάσσοντες,
3236 1408 3511 1480 ὑπέρτεροι
3531 1410 3739 1464 105M02-

2214 1490 2407 1544 σαῖκοῦ
2435 1492 2602 1561 νόμου
2627 1494 2935 1559 γεγόνασιν.
2979 1496 3256 1561 Ἐλθόντος
3291 1499 3396 1569 γὰρ
3424 1500 3511 1553 τοῦ
3538 1502 3732 1565 τελείου,

2209 1580 2271 1632 τὸ
2301 1582 2364 1634 ὲκ
2395 1581 2594 1653 μέρους
2634 1585 3007 1655 κατήργηται,
3044 1586 3138 1639 καὶ
3181 1586 3274 1639 τοῦ
3309 1588 3638 1658 καλύμματος
3659 1590 3735 1642 τοῦ

1701 1656 1816 1710 sive
1867 1657 1987 1710 velo
2034 1657 2109 1712 le-

2212 1671 2398 1740 νόμου,
2426 1673 2544 1743 ἦτοι
2569 1673 2662 1725 τοῦ
2694 1677 3189 1745 καταπετάσματος
3217 1678 3307 1731 διὰ
3348 1679 3443 1747 τῆς
3467 1680 3551 1734 τοῦ
3582 1681 3737 1751 Σωτῆ-

2216 1776 2305 1831 ρος
2353 1761 2739 1832 διαρῤαγέντος
2790 1765 3165 1834 σταυρῶσεως,
3203 1767 3298 1820 καὶ
3343 1769 3431 1821 τοὺ
3462 1769 3738 1838 Πνεὺματος

2209 1850 2460 1924 πυρίναις
2476 1851 2747 1920 γλώσσαις
2767 1853 3160 1925 ἐκλάμψαντος,
3181 1857 3243 1910 τὸ
3257 1860 3481 1929 γράμμα
3499 1862 3741 1930 κατήργη-

2207 1959 2316 2002 ται,
2340 1943 2408 1995 τὰ
2428 1945 2711 2013 σωματικὰ
2740 1946 3035 2012 πέπαυται,
3064 1949 3157 2001 καὶ
3181 1952 3211 2002 6
3228 1952 3324 2021 τῆς
3350 1951 3577 2013 δουλείας
3603 1953 3738 2022 νόμος

2209 2033 2590 2103 πεπλήρωται,
2623 2034 2716 2087 καὶ
2745 2037 2908 2105 νόμος
2953 2038 3272 2109 ἐλευθερίας
3300 2042 3427 2111 ἡμῖν
3457 2041 3735 2111 δεδώρηται.

2208 2122 2316 2175 Καὶ
2350 2125 2678 2196 ἑορτάζομεν
2708 2126 2806 2195 τὴν
2836 2128 3044 2182 τελείαν
3075 2130 3170 2200 τῆς
3194 2132 3533 2202 ἀνθρωπίνης
3560 2132 3739 2199 φύσεως

2211 2215 2554 2268 κατάπαυσιν
2578 2233 2591 2247 ·
2628 2219 2769 2287 φημὶ
2800 2219 2855 2272 δὲ
2890 2220 2989 2283 τὴν
3015 2221 3114 2289 τῆς
3145 2224 3493 2281 ἀναστάσεως
3542 2223 3739 2293 ἡμέραν,

2210 2306 2268 2357 ὲν
2360 2308 2505 2375 ἡμᾶς
2535 2309 2562 2360 6
2588 2308 2791 2378 Κύριος
2832 2310 3059 2380 Ἰησοῦς,
3081 2313 3108 2364 6
3132 2313 3231 2382 τῆς
3254 2312 3397 2382 ζωῆς
3421 2314 3643 2383 ἀρχηγὸς
3665 2313 3739 2363 καὶ

2212 2396 2423 2466 Σωτὴρ,
2461 2400 2540 2460 εἰς
2568 2399 2664 2470 τὴν
2695 2401 3112 2473 ἐπηγγελμένην
3144 2406 3257 2464 τοῖς
3292 2402 3652 2472 πνευματικῶς
3678 2400 3742 2468 τῷ

2210 2487 2330 2557 Θεῷ
2355 2488 2680 2560 λατρεύουσι
2706 2492 3038 2562 κληρουχίαν
3083 2495 3397 2564 εισήγαγεν,
3414 2496 3488 2557 είς
3521 2494 3580 2563 ἦν
3606 2494 3741 2555 αὑτὶς

2210 2580 2512 2650 πρόδρομος
2546 2584 2702 2651 ἡμῶν
2737 2585 3005 2653 εἰσῆλθεν,
3041 2588 3284 2650 ἀναστὰς
3320 2588 3383 2639 ὲκ
3419 2586 3634 2656 νεκρῶν,
3664 2584 3743 2637 καὶ

2207 2668 2533 2737 ἀνοιγέντων
2580 2673 2726 2743 αὑτῷ
2750 2675 2861 2727 τῶν
2896 2677 3162 2742 οὐρανίων
3202 2678 3406 2741 πυλῶν,
3431 2679 3485 2729 ὲν
3511 2678 3646 2747 δεξιᾷ
3665 2674 3739 2726 τοῦ

2208 2763 2423 2832 Πατρὸς
2448 2764 2705 2818 κεκάθικε
2748 2767 3094 2837 σωματικῶς,
3123 2768 3255 2823 ἔνθα
3290 2771 3383 2823 καὶ
3412 2772 3458 2823 οἱ
3487 2770 3571 2822 τὸν
3602 2785 3741 2821 πνευ-

2149 2855 2191 2912 C
2210 2852 2437 2921 ματικδν
2467 2853 2759 2924 τηροῦντες
2784 2855 2947 2924 νόμον
2978 2857 3400 2915 εἰσελεύσονται.

2285 2941 2450 3013 Ἦμῖν
2479 2944 2659 2998 τοίνυν
2691 2948 2802 3009 τοῖς
2834 2945 2909 3015 τῷ
2945 2947 3219 3019 πνεύματι
3265 2948 3555 3018 στοιχοῦσι,
3587 2947 3669 3000 καλ¹
3693 2946 3743 2999 οὑ

2202 3032 2282 3102 τῷ
2315 3034 2625 3103 γράμματι,
2658 3038 2806 3089 πᾶσα
2840 3039 2873 3107 ἡ
2910 3038 3019 3090 τῶν
3067 3041 3357 3108 σαρκικῶν
3400 3042 3540 3093 ἔστιν
3575 3039 3749 3093 ἀπόθε-

2206 3139 2311 3187 σις,
2337 3124 2429 3177 καὶ
2460 3126 2493 3196 ἡ
2520 3128 2862 3198 πνευματικὴ
2901 3129 3143 3201 λατρεία,
3176 3134 3281 3186 καὶ
3301 3135 3333 3203 ἠ
3356 3134 3486 3204 πρὸς
3510 3133 3630 3186 Θεδν
3648 3149 3753 3185 συν-

2205 3212 2690 3286 άφεια.Περιτομὴ
2742 3217 2841 3285 μὲν
2872 3219 2980 3287 γάρ
3032 3222 3179 3273 ἐστιν
3235 3225 3281 3293 ἡ
3332 3224 3428 3292 τῆς
3472 3223 3753 3292 σωματικῆς

2204 3304 2416 3374 ἡδονῆς,
2449 3307 2541 3358 καὶ
2566 3307 2674 3359 τῶν
2705 3310 2995 3378 περιττῶν,
3028 3312 3121 3364 καὶ
3164 3313 3275 3368 οὑκ
3306 3314 3606 3384 ἀναγκαίων
3636 3312 3753 3365 ἀπό-

2204 3394 2371 3457 θεσις.
2417 3395 2773 3466 ’Ᾱκροὸυστία
2804 3399 2914 3471 γὰρ
3001 3403 3154 3455 οὐδὲν
3186 3403 3387 3475 ἕτερόν
3431 3408 3593 3464 ἐστιν,
3625 3405 3666 3455 εί
3690 3399 3757 3471 μὴ

2202 3484 2397 3554 δέρμα,
2427 3486 2672 3556 ἡδονικοῦ
2702 3490 2891 3560 μορίου
2940 3493 3291 3563 περίττωμα.
3335 3497 3487 3548 Πᾶσα
3527 3495 3578 3547 δὲ
3613 3490 3756 3563 ἡδονὴ

2206 3577 2282 3644 μὴ
2314 3577 2375 3627 ἐκ
2400 3575 2533 3629 Θεοῦ
2562 3579 2654 3630 καλ.
2678 3581 2733 3630 ὲν
2764 3580 2881 3650 Θεῷ
2914 3582 3172 3651 γινομένη
3218 3585 3550 3655 περίττωμα
3586 3584 3755 3654 ἡδονῆς

2202 3665 2349 3717 ἔστιν
2366 3682 2379 3696 ’
2413 3661 2479 3737 ἧς
2508 3668 2675 3732 τύπος
2699 3671 2730 3739 ἡ
2755 3672 3106 3741 ἀκροϐυστία.
3130 3674 3417 3729 Σάδδατον
3439 3677 3513 3736 δὲ,
3538 3678 3569 3745 ἡ
3592 3676 3648 3725 ἐκ
3668 3671 3754 3738 τῆς

2204 3756 2479 3829 ἁμαρτίας
2543 3762 2907 3827 κατάπαυσις.
2949 3766 3107 3817 Ὥστε
3154 3768 3450 3838 ἀμφότερα
3486 3767 3541 3818 ἓν
3575 3762 3756 3832 τυγχά-

2203 3865 2387 3911 νουσι,
2467 3854 2559 3905 καὶ
2581 3852 2753 3918 οὕτως
2779 3856 3069 3926 ἀμφότερα
3102 3856 3219 3928 ἅμα
3277 3860 3383 3911 ὑπὸ
3412 3859 3519 3910 τῶν
3541 3872 3755 3925 πνευμα-

2200 3940 2367 3992 τικῶν
2394 3942 2716 4015 τελούμενα,
2769 3947 2889 3999 οὑδὲ
2944 3948 3042 4018 τὴν
3103 3948 3388 4019 τυχοῦσαν
3433 3946 3758 4019 παρανομίαν

541 4002 931 4065 observentur,
982 4019 1049 4058 ne
1086 4007 1369 4061 minimam
1411 4009 1631 4078 quidem
1682 4009 1872 4080 ﬂagitii
1925 4021 2108 4066 notam

2207 4029 2549 4099 ἐργάζονται.

542 4102 751 4147 creant.

618 4182 758 4246 Quin
810 4181 944 4237 illud
1004 4198 1221 4254 quoque
1280 4189 1578 4245 notandum
1633 4202 1754 4259 est,
1799 4202 2108 4267 septenario

548 4288 779 4329 numero
838 4290 1077 4344 presens
1122 4293 1285 4335 omne
1322 4290 1536 4351 tempus
1599 4283 1913 4357 designari,
1954 4294 2111 4362 juxta

549 4375 715 4434 atque
766 4368 1208 4436 sapientissimus
1230 4370 1484 4426 Salomon
1531 4374 1689 4440 dixit,
1722 4383 1851 4433 dare
1904 4395 2109 4450 partem

544 4467 762 4525 πρίσω,
785 4468 943 4525 atque
975 4463 1130 4515 etiam
1170 4462 1341 4515 oclo’.
1368 4461 1436 4515 Et
1480 4464 1851 4536 diviniloquus
1886 4472 2049 4527 David
2074 4476 2116 4539 ³,

546 4561 672 4601 cum
732 4549 799 4604 de
847 4561 1035 4604 oetava
1071 4551 1338 4620 psalmum
1375 4553 1581 4618 ederet,
1629 4556 1696 4610 de
1752 4559 1935 4614 futura
1993 4574 2113 4629 post

551 4643 1011 4698 resurrectionem
1037 4643 1435 4700 instauratione
1465 4661 1647 4701 rerum
1672 4651 1923 4705 canebat.
1960 4655 2106 4720 Quo-

552 4734 719 4800 circa,
751 4734 1193 4803 quandoquidem
1221 4736 1305 4789 lex
1352 4735 1442 4791 die
1498 4738 1732 4807 septimo
1762 4756 1791 4793 a
1823 4736 2105 4811 corporeis

550 4826 717 4881 rebus
742 4841 961 4881 cessare
992 4828 1361 4897 praecipiebat,
1394 4838 1449 4883 et
1481 4829 1859 4897 Spiritualibus
1889 4850 2103 4900 vacare,

554 4931 683 4971 vero
712 4918 999 4981 Israelita,
1053 4934 1225 4988 eaque
1256 4930 1437 4975 mente
1486 4923 1719 4990 praedito
1748 4938 1870 4993 quae
1930 4927 2099 4981 Deum

557 5008 763 5072 videat,
793 5024 991 5062 arcana
1012 5009 1224 5064 ratione
1250 5009 1355 5065 hoc
1383 5011 1788 5078 subindicabat,
1824 5032 2099 5087 nunquam

546 5100 598 5153 id
624 5116 732 5155 non
773 5101 1043 5169 agendum
1066 5116 1204 5163 esse,
1233 5110 1293 5155 ut
1326 5117 1445 5158 sese
1470 5104 1579 5159 Deo
1611 5105 1830 5173 oﬂ‘erat,
1855 5117 1909 5162 et
1936 5124 2099 5180 supra

542 5205 627 5247 res
660 5206 951 5261 corporeas
983 5201 1251 5260 assurgat.

612 5360 627 5390 ⁸
662 5355 835 5411 lCor.
889 5371 1003 5423 xm,
1029 5354 1112 5411 10.
1192 5356 1209 5386 ’
1244 5355 1427 5412 Eccle.
1485 5374 1557 5423 XI,
1593 5359 1649 5413 Ξ.
1728 5359 1746 5391 ³
1783 5359 1920 5415 Psal.
1954 5375 2029 5424 vr,
2072 5360 2154 5413 ll.

2274 4214 2392 4267 Ἔτι
2447 4216 2504 4269 δὲ
2562 4220 2736 4272 ίστέον
2788 4222 2867 4274 δτι
2913 4226 2941 4276 6
2998 4226 3137 4280 ἑπτὰ
3189 4227 3434 4301 ἀριθμὸς
3462 4230 3634 4284 πάντα
3682 4226 3762 4280 τὸν

2201 4304 2444 4373 παρόντα
2471 4309 2661 4377 χρόνον
2683 4311 2851 4381 δηλοῖ,
2887 4316 2962 4377 ὡς
3002 4333 3164 4386 φησιν
3196 4319 3225 4371 6
3270 4323 3588 4389 σοφώτατος
3620 4317 3765 4371 Σολοί

2204 4396 2340 4464 μῶν,
2370 4397 2581 4452 δοῦναι
2605 4402 2813 4470 μερίδα
2854 4405 2993 4472 τοῖς(
3021 4408 3189 4473 ἑπτὰ,
3230 4413 3339 4464 καί
3370 4430 3439 4479 γε
3463 4412 3583 4477 τοῖς
3607 4407 3761 4463 ὀκτώ.

2198 4487 2306 4539 Καὶ
2332 4489 2359 4540 6
2394 4488 2658 4560 θεηγόρος
2690 4496 2855 4547 Δαϐὶδ
2884 4498 3014 4568 περὶ
3042 4499 3140 4568 τῆς
3173 4501 3378 4573 ὀγδόης·
3391 4502 3627 4571 ψάλλων,
3649 4497 3765 4567 περί

2197 4575 2295 4643 τῆς
2331 4576 2631 4650 μελλούσης
2669 4584 2807 4651 μετὰ
2830 4584 2929 4654 τὴν
2960 4587 3023 4639 ὲκ
3050 4588 3261 4659 νεκρῶν
3284 4592 3586 4645 ἀνάστασιν
3610 4605 3763 4642 κατα-

2198 4666 2443 4731 στάσεως
2499 4669 2719 4738 έψαλλε.
2773 4674 2882 4744 Τὴν
2920 4675 3156 4749 ἑϐδόμην
3180 4676 3276 4733 οὖν
3305 4683 3549 4753 ἡμέραν,
3580 4679 3766 4752 ἀργίαν

2199 4755 2298 4823 μὲν
2329 4755 2483 4823 ἄγειν
2507 4758 2570 4811 ἐκ
2598 4761 2708 4813 τῶν
2739 4767 3085 4833 σωματικῶν,
3112 4771 3225 4832 τοῖς
3280 4772 3343 4825 δὲ
3384 4772 3766 4841 πνευματικοῖς

2196 4847 2603 4918 ἔνασχολεῖσθαι
2640 4855 2997 4923 προστάσσων
3020 4858 3046 4909 6
3070 4859 3254 4929 νόμος,
3289 4863 3576 4931 μυστικῶς
3599 4864 3766 4914 πάντα

2194 4936 2286 4989 τδν
2332 4941 2522 5009 χρόνον
2578 4942 2657 5010 τῷ
2712 4945 2951 5016 ἀληθινῷ
2994 4946 3227 5019 Ἰσραὴλ,
3260 4954 3363 5006 καὶ
3408 4954 3539 5007 νοῦν
3568 4952 3767 5024 ὁρῶντα

2193 5027 2324 5080 Θεὸν
2351 5030 2548 5099 ἔχοντι,
2597 5034 2863 5104 ὑπέφηνε,
2920 5036 2997 5107 τῷ
3048 5039 3167 5109 Θεῷ
3203 5042 3409 5097 ἑαυτὸν
3455 5042 3764 5114 προσάγειν»

2194 5122 2286 5173 καὶ
2321 5121 2573 5197 ὑπεράνω
2598 5124 2706 5177 τῶν
2748 5129 3077 5198 σωματικῶν
3106 5132 3385 5195 γίνεσθαι.
