4024 6208
193 271 269 332 301
1116 268 1491 328 PANOPLIA
1531 268 1735 327 DOGM

1851 270 1988 332 lCA.
2023 296 2088 306 -
2135 275 2286 335 ΤΙΤ.
2321 275 2488 336 VIII.

3309 277 3418 342 302

188 385 300 462 Heg}
332 383 441 462 τῇς
497 381 838 462 Ἰουιξίίθιῆς
907 381 1269 462 περιτομῆς.
1298 382 1404 460 ’τοῇ
1461 380 1732 462 μεγάλου

1845 383 1915 437 De
1937 382 2166 441 Iudaica
2228 389 2641 462 circumcisione.
2697 391 2876 462 Magni
2920 388 3146 462 Joannis
3196 387 3423 461 Chrysa.

253 449 522 506 Ἰωάννου
557 453 662 504 τοῦ
682 449 1117 516 Χρυσοστόμοῠ
1157 452 1276 504 ἀπὸ
1326 449 1436 516 τῆς
1466 449 1472 450 ί
1507 449 1734 518 ἐξηγή-

239 539 380 588 σεως
410 522 521 588 τῆς
557 524 645 587 εἰς
666 521 781 587 τὴν
799 523 846 584 ,β
873 523 1021 574 ὅλον
1053 521 1160 587 τῆς
1190 522 1516 585 Γενέσεως.

237 635 383 698 Τίνος
413 635 627 696 ἕνεκεν,
661 635 786 686 είπὲ
823 651 937 704 μοι,
977 633 1073 686 νῦν
1104 633 1498 704 περιτέμνεσθε
1530 651 1544 697 ;
1600 635 1734 686 Τότε

177 730 291 800 γὰρ,
323 729 406 782 ἴνα
435 730 513 798 μὴ
540 730 654 790 τοῖς
714 728 1058 796 παρανόμοις
1112 728 1329 780 ἔθνεσιν
1368 729 1417 780 oi
1480 727 1735 795 πρόγονοι

177 820 314 889 ὑμῶν
371 818 825 886 συναναφυρῶσι,
864 817 1023 870 τοῦτο
1081 819 1456 889 ὲπετάγησαν.
1511 817 1622 870 Νῦν
1677 818 1734 870 δὲ

177 914 254 966 διὰ
287 911 384 981 τὴν
414 910 511 964 τοῦ
544 909 685 962 Θεοῦ
720 911 882 980 χάριν
916 910 1137 964 πάντων
1167 910 1305 980 πρὸς
1327 909 1427 979 τὴν
1472 908 1735 980 ἀλήθειαν

177 1003 259 1056 τοῦ
284 1002 457 1070 φωτδς
479 1002 1034 1074 χειραγωγηθέντων,
1061 1002 1214 1054 ποῖον
1275 1002 1374 1070 τῆς
1429 1004 1734 1072 περιτομῆς

178 1096 353 1161 δφελος
382 1110 396 1156 ;
429 1093 524 1163 Μὴ
568 1094 676 1162 γάρ
700 1093 837 1162 πρὸς
867 1093 964 1162 τὴν
1004 1093 1105 1163 τῆς
1150 1093 1330 1163 ψυχῆς
1408 1092 1733 1164 ἐλευθερίαν

179 1186 531 1254 συμϐάλλεταί
593 1201 645 1237 τι
714 1187 746 1253 ἡ
807 1185 906 1254 τῆς
977 1185 1182 1253 σαρκὸς
1251 1184 1552 1250 ἀπόθεσις;
1619 1185 1733 1238 Οὐκ

172 1278 427 1348 ἠκούσατε
456 1278 647 1346 σαφῶς
677 1275 770 1331 τοῦ
803 1275 937 1329 Θεοῦ
970 1276 1220 1342 λέγοντος
1241 1292 1256 1309 ο
1295 1276 1400 1330 Καί
1451 1275 1624 1330 ἔσται
1662 1276 1732 1329 ἐν

176 1363 391 1432 σημείῳ
415 1363 744 1431 altarium;
781 1365 1064 1433 μονονουχὶ
1102 1363 1433 1426 δεικνύντος,
1498 1365 1582 1417 ὅτι
1641 1365 1734 1419 διὰ

170 1457 258 1525 τὴν
289 1454 491 1522 πολλὴν
517 1455 703 1508 αὐτῶν
739 1453 1144 1524 ἀγνωμοσύνην
1176 1451 1270 1506 τοῦ
1323 1454 1570 1510 τοιούτου
1636 1475 1738 1528 ση-

173 1548 316 1616 μείου
347 1546 673 1616 ἐδεήθησαν.
703 1545 860 1599 Οὕτω
889 1547 998 1616 γάρ
1025 1545 1126 1598 καὶ
1155 1546 1250 1599 ἐπὶ
1281 1545 1390 1599 τῶν
1449 1547 1733 1618 ἀνθρωπίο

174 1655 264 1690 νων
295 1636 566 1699 πολλάκις
598 1637 810 1704 γίνεται
857 1634 1469 1706 πραγμάτων,ὲπειδάν
1499 1636 1574 1708 μὴ
1603 1637 1734 1708 θαρο

173 1727 340 1797 ρῶμιν
365 1744 504 1792 τισι,
513 1729 761 1809 ,σημεῖον
797 1725 1056 1798 ἑνεχύρου
1082 1727 1245 1798 χάριν
1269 1727 1573 1796 λαμϐάνειν
1605 1730 1737 1799 παρ’
1769 1713 1814 1773 Β

174 1819 340 1881 ὠῶν
370 1817 775 1887 σπουδάζομεν.
799 1817 954 1870 Οὕτω
981 1817 1074 1870 καὶ
1100 1818 1127 1870 ὁ
1175 1816 1284 1871 τῶν
1318 1817 1458 1872 ὅλων
1481 1817 1613 1882 Θεδς
1666 1821 1742 1874 εί·

173 1908 266 1972 at»;
293 1908 475 1962 αὐτῶν
505 1910 606 1978 τὴν
640 1907 894 1961 εὐκολίαν
961 1909 1063 1978 τῆς
1121 1909 1371 1980 γνώμης,
1412 1911 1474 1963 τὸ
1511 1912 1738 1982 σημεῖον

173 2001 320 2055 τοῦτο
347 2002 484 2070 παρ’
515 2001 699 2052 αὐτῶν
743 2002 1048 2070 ἀπαιτῆσαι
1106 2003 1455 2068 κατεδέξατο,
1505 2004 1604 2073 οὐχ
1655 2002 1743 2056 ἵνα

172 2093 419 2158 διηνεκῶς
457 2092 599 2164 μένῃ
628 2091 690 2144 τδ
714 2094 940 2162 σημεῖον
961 2091 1142 2157 τοῦτο,
1170 2093 1285 2147 ἀλλ’
1341 2092 1448 2161 ῐνα,
1483 2094 1594 2148 τῶν
1623 2095 1744 2149 τότε

183 2183 329 2246 τέλος
357 2182 770 2251 λαμϐανόντων,
799 2183 894 2234 καὶ
939 2185 971 2253 ἠ
1012 2183 1108 2236 τοῦ
1154 2185 1385 2254 σημείου
1445 2185 1604 2256 χρεία
1651 2203 1747 2239 πε-

177 2276 442 2349 ριαιρεθῇ.
475 2276 693 2346 Ὠσπερ
721 2277 828 2345 γὰρ
857 2277 984 2330 ὅταν
1013 2277 1243 2348 σημεῖόν
1266 2295 1410 2340 τινες
1446 2279 1741 2344 ἀπαιτῶσι,

181 2368 266 2423 καὶ
301 2369 557 2437 ἐνέχυρον
600 2366 881 2437 βούλονται
922 2367 1246 2436 λαμϐάνειν,
1303 2369 1524 2422 ἐπειδὰν
1566 2369 1622 2424 δὲ
1650 2369 1743 2424 τοῦ

178 2459 488 2529 πράγματος
535 2459 572 2528 ἠ
639 2457 891 2521 ὑπόθεσις
948 2459 1121 2528 πέρας
1179 2459 1339 2530 λάϐῃ,
1388 2461 1484 2513 καὶ
1529 2459 1590 2514 τὸ
1644 2477 1742 2530 ση-

179 2553 314 2619 μεῖον
364 2548 556 2601 λοιπὸν
611 2548 826 2618 αίρεται
858 2566 872 2580 ο
901 2549 1066 2615 οὕτω
1089 2549 1152 2618 δὴ
1180 2550 1276 2603 καὶ
1329 2550 1586 2615 ἐνταῦθα,
1644 2553 1745 2606 ὲπο

179 2640 280 2709 τιδὴ
324 2641 412 2693 διὰ
437 2640 501 2693 τὸ
540 2640 777 2710 φανερὸν
806 2635 944 2694 εἶναι
991 2641 1081 2694 τὸν
1108 2641 1238 2694 λαὸν
1267 2642 1361 2694 τοῦ
1403 2643 1744 2714 πατριάρχου

178 2733 229 2785 τὸ
286 2735 514 2802 σημεῖον
549 2730 709 2786 τοῦτο
763 2732 893 2803 παρ’
968 2733 1123 2804 ὑμῶν
1190 2733 1514 2805 εἰσηνέχθη,
1578 2737 1746 2806 ἐχρῆν

177 2824 272 2877 τῶν
306 2824 479 2878 ἐθνῶν
518 2823 768 2889 ἐκείνων,
825 2822 892 2877 δι’
947 2823 1041 2888 οὖς
1075 2825 1133 2878 τὸ
1184 2827 1411 2896 σημεῖον
1472 2826 1744 2894 ἐδέξασθε,

175 2916 271 2970 τῶν
324 2918 428 2987 μὲν
488 2917 663 2988 ἄρδην
709 2917 1136 2986 ἀφανισθέντων,
1177 2922 1286 2971 τῶν
1335 2921 1392 2973 δὲ
1452 2921 1565 2990 μετ’
1600 2921 1748 2974 ὲκεί-

2124 460 2276 511 εῑυηιὶ
2293 476 2355 512 ex
2380 460 2806 528 interpretatione
2828 463 2880 514 in
2905 460 3160 517 Ccitesint.

1908 633 2039 697 Cur,
2095 652 2301 704 quazso,
2362 655 2506 694 nunc
2564 640 3047 695 circumcidimiui?
3120 643 3253 698 Nam
3298 646 3425 700 olim

1838 736 2093 794 parentes
2123 728 2286 780 vestri
2343 729 2480 796 iussi
2531 738 2658 782 sunt
2689 731 3028 794 circumcidi,
3085 749 3152 787 ne
3174 736 3427 804 gentibus

1837 815 1940 868 illis
1968 830 1996 867 a
2038 817 2152 886 lege
2200 818 2394 872 alienis
2448 819 2959 875 commiscerentur.
3020 820 3178 878 Nunc
3219 805 3426 891 autem,

1836 920 1959 960 cum
1987 922 2178 960 omnes
2241 919 2432 979 gentes
2487 925 2582 980 per
2637 911 2860 979 gratiam
2922 913 3012 966 Dei
3066 915 3130 966 ad
3185 915 3428 970 Veritatis

1835 995 2010 1052 lucem
2076 999 2349 1068 perducta:
2397 1001 2526 1064 sint,
2593 1017 2840 1071 quaenam
2886 1005 3425 1060 estcircumcisionis

1837 1089 2252 1144 utilitas?Num
2311 1091 2376 1145 ad
2426 1093 2590 1147 animi
2646 1091 2949 1148 libertatem
2979 1096 3196 1164 expedit
3249 1097 3428 1152 carnis

1836 1180 2059 1249 reiectio
2088 1182 2112 1235 ?
2145 1181 2331 1236 Nonne
2365 1184 2654 1238 audivistis
2686 1185 2851 1238 Deum
2884 1195 3070 1254 aperte
3109 1185 3379 1242 dicentem
3408 1208 3424 1244 :

1836 1269 1902 1323 Et
1934 1272 2031 1325 erit
2066 1273 2205 1326 inter
2231 1290 2310 1328 me
2341 1283 2388 1328 et
2432 1290 2520 1328 vos
2558 1275 2612 1327 in
2646 1275 2850 1344 signum
2880 1277 3088 1346 {aderis
3125 1277 3139 1307 ⁸
3166 1277 3190 1329 ?
3217 1277 3430 1342 Quibus

1836 1360 2016 1415 verbis
2048 1370 2254 1416 tantum
2301 1377 2407 1416 non
2455 1363 2677 1430 indicat,
2709 1379 2805 1418 vos
2829 1376 3052 1434 propter
3077 1381 3326 1435 magnam
3359 1378 3433 1422 tc-

1837 1450 2138 1505 meritatem
2162 1453 2417 1523 etingrati
2439 1454 2606 1506 animi
2631 1453 2820 1508 vitium
2843 1454 3136 1525 indiguisse
3159 1457 3428 1524 ejusmodi

1835 1539 1990 1610 signo
2019 1551 2073 1596 et
2120 1553 2268 1597 nota.
2322 1543 2411 1598 Sic
2444 1546 2588 1598 enim
2637 1543 2695 1598 fit
2723 1559 2866 1613 saepe
2896 1548 3059 1599 etiam
3101 1546 3154 1600 in
3192 1548 3429 1617 negotiis

1841 1637 2113 1692 humanis.
2151 1633 2374 1700 Quoties
2405 1635 2549 1688 enim
2587 1634 2748 1688 alicui
2781 1650 2888 1688 non
2929 1635 3190 1690 habemus
3245 1638 3427 1704 tidem,

1844 1725 2085 1796 pignoris
2121 1723 2291 1794 gratia
2351 1723 2566 1794 signum
2612 1723 2828 1792 aliquod
2873 1725 2939 1778 ab
2979 1740 3043 1780 eo
3079 1725 3428 1794 flagitandum

1855 1817 2252 1871 existimamus.
2321 1815 2393 1870 lta
2469 1830 2650 1870 rerum
2709 1815 2954 1870 omnium
3009 1817 3272 1872 Dominus
3338 1835 3430 1871 co-

1843 1926 2114 1982 gnoscens
2171 1910 2384 1965 Judzeos
2419 1925 2540 1964 esse
2597 1910 2782 1964 animo
2845 1910 3107 1976 instabili,
3162 1920 3217 1964 et
3272 1911 3458 1968 facile"

1845 2007 2171 2060 sententiam
2221 2014 2450 2070 mutare,
2511 2004 2726 2071 signum
2772 2003 2874 2056 hoc
2931 2002 3001 2057 ab
3049 2003 3130 2058 eis
3182 2006 3432 2074 accipere

1845 2095 2038 2157 voluit,
2097 2110 2203 2147 non
2267 2103 2324 2146 ut
2377 2104 2642 2162 perpetuo
2699 2101 2961 2158 maneret,
3013 2093 3109 2148 sed
3148 2101 3208 2146 ut
3266 2095 3430 2149 rebus

1846 2185 1972 2251 illis,
2009 2201 2132 2254 quae
2186 2194 2316 2238 tunc
2386 2185 2788 2246 tractabantur,
2848 2183 3009 2238 finem
3075 2185 3428 2253 habentibus,

1846 2277 1984 2346 signi
2019 2259 2349 2328 etiam'ustts
2408 2274 2712 2327 tolleretur.
2765 2272 3238 2336 Quemadmodum
3278 2279 3428 2330 enim

1845 2368 1937 2437 qui
1985 2368 2223 2429 arrbam,
2271 2376 2326 2421 et
2355 2365 2550 2436 pignus
2605 2365 2822 2434 aliquod
2884 2375 3097 2436 petunt,
3129 2375 3182 2422 et
3240 2370 3431 2423 volunt

1846 2463 2114 2529 atc'pere,
2168 2472 2290 2512 cum
2339 2457 2552 2527 negotia
2595 2466 2864 2511 transacta
2924 2457 3146 2525 fuerint,
3210 2459 3264 2514 id
3319 2477 3431 2516 tzon

1846 2552 2079 2620 amplius
2109 2556 2322 2612 curant,
2354 2548 2544 2602 eodem
2578 2548 2738 2602 modo
2777 2549 3042 2620 contingit
3087 2549 3142 2604 in
3197 2551 3297 2605 bac
3345 2568 3428 2607 re.

1847 2644 1980 2699 Nam
2015 2642 2142 2711 quia
2180 2638 2616 2694 circumcisionis
2638 2639 2833 2708 pignus
2863 2655 2891 2693 a
2919 2640 3075 2696 vobis
3099 2643 3430 2712 postulatum

1848 2744 1950 2799 est,
1989 2742 2048 2786 ut
2075 2749 2140 2787 eo
2168 2731 2322 2803 signo
2354 2730 2681 2800 patriarcha:
2733 2733 2964 2801 p0pu|us
3016 2734 3432 2804 dignoscerctur

1847 2824 1916 2878 ab
1940 2822 2062 2877 aliis
2097 2821 2371 2892 gentibus,
2407 2829 2838 2874 consentaneum
2885 2831 3021 2887 erat,
3071 2833 3149 2890 ut,
3219 2835 3432 2894 postea-

1847 2931 2009 2986 quam
2043 2914 2145 2968 illte
2194 2914 2396 2984 partim
2446 2913 2636 2968 deletae
2679 2923 2884 2977 essent,
2925 2916 3122 2984 partim
3178 2918 3244 2972 ad
3285 2919 3433 2973 veri-

169 3026 283 3073 νους
305 3012 408 3081 τῆς
446 3007 712 3079 ἀληθείας
765 3009 844 3081 τῷ
879 3010 1020 3079 φωτὶ
1066 3011 1557 3081 προσδραμόντων,
1606 3028 1742 3084 μηκ-

1852 3008 1978 3060 tatis
2027 3008 2206 3060 lumen
2240 3005 2506 3070 adductae,
2548 3019 2645 3058 vos
2687 3005 3014 3062 temeritatis
3075 3017 3128 3062 et
3187 3010 3432 3066 stultitiae

171 3102 244 3155 ἐτι
281 3104 375 3156 τὸν
416 3101 644 3172 ἔλεγχον
687 3104 785 3174 τῆς
823 3103 1027 3167 οἰκείας
1081 3104 1478 3172 ἀγνωμοσύνης
1511 3106 1740 3174 περιφέο

168 3211 298 3266 ρειν,
329 3193 454 3248 di)!
522 3191 990 3257 ἀπαλλάττεσθαι,
1053 3193 1148 3246 καὶ
1196 3196 1277 3258 είς
1331 3195 1431 3262 τὴν
1472 3194 1744 3264 προτέραν

163 3282 898 3354 εὐγάνειανέπανατρέχειν.
944 3282 1235 3353 Ἐννόησον
1285 3286 1394 3355 γάρ
1453 3301 1544 3354 μοι
1598 3286 1680 3337 ὅτι
1716 3286 1746 3338 ὁ

164 3377 467 3448 θαυμάσιος
487 3379 706 3440 δκεϊνος
728 3377 1082 3449 πατριάρχης
1131 3379 1262 3448 πρὶν
1305 3377 1465 3448 ἢτῆς
1521 3396 1742 3450 περιτο-

168 3470 266 3540 μῆς
293 3469 675 3540 δέξισθαιτην
723 3465 966 3538 ἐντολὴν,
1029 3469 1359 3541 ἐνενήκοντα
1417 3469 1575 3524 ἐννέα
1627 3469 1737 3541 γὰρ

166 3560 294 3612 ἑτῶν
320 3556 418 3631 ἦν,
461 3557 628 3629 ⁴Ιινίκα
683 3555 840 3610 τοῦτο
898 3556 1249 3622 ὲπετάττετο,
1305 3559 1399 3613 καὶ
1449 3559 1744 3629 εὐάρεστος

168 3652 352 3718 γὶγονε
370 3649 453 3720 τῷ
491 3648 638 3720 Θεῷ,
666 3648 764 3703 καὶ
797 3649 1059 3719 μυριάκις
1083 3650 1436 3723 ἀνεκηρύχθη
1464 3654 1614 3724 παρὰ
1648 3652 1742 3708 τοῦ

175 3742 463 3796 Δεσπότου.
491 3741 604 3796 Καὶ
646 3739 837 3809 ἐπειδὴ
857 3739 1045 3794 λοιπὸν
1085 3743 1165 3806 είς
1208 3743 1372 3813 ἔργον
1393 3745 1621 3814 ἔμελλεν
1647 3747 1742 3800 ἐκ.

173 3831 374 3888 ϐαίνειν
395 3836 466 3888 τὰ
488 3837 590 3904 τῆς
627 3835 988 3905 ἐπαγγελίας,
1014 3834 1110 3888 καὶ
1133 3835 1412 3888 τίκτεσθαι
1443 3837 1470 3889 δ
1532 3837 1741 3904 Ἰσαὰκ,

175 3925 265 3976 nl
313 3924 736 3990 αὖξάνεσθαιτὸ
787 3927 969 3996 γένος,
1021 3927 1166 3979 καὶὸ
1211 3929 1556 3999 πατριάρχης
1616 3929 1747 3998 μεθ-

173 4014 420 4070 ίστασθαι
447 4018 551 4085 τῆς
607 4017 773 4088 ζωῆς,
805 4017 925 4070 τότε
968 4016 1187 4086 δέχεται
1217 4018 1317 4088 τὴν
1371 4019 1593 4092 ὶντολὴν
1645 4021 1744 4092 τῆς

168 4110 498 4180 περιτομῆς,
535 4112 633 4164 καὶ
687 4111 744 4162 ιν
799 4109 990 4180 ἡλικία
1044 4109 1269 4180 τοιαύτῃ
1325 4112 1739 4182 περιτέμνεται,

168 4196 254 4252 ίνα
312 4203 428 4264 τοίς
487 4201 618 4271 ἑξῆς
664 4203 842 4255 ἅπασι
901 4202 1062 4272 νόμος
1103 4219 1228 4269 τις,
1272 4205 1374 4255 καὶ
1417 4202 1598 4256 κανὼν
1655 4204 1747 4272 γέ-

161 4304 320 4358 νηται
385 4294 453 4346 τὰ
504 4293 655 4363 παρὰ
705 4293 800 4345 τοῦ
829 4293 1170 4362 πατριάρχου
1208 4294 1585 4363 γεγενημένα.
1631 4297 1744 4350 Καὶ

1847 3100 2059 3166 signum
2100 3097 2336 3166 amplius
2367 3111 2475 3150 non
2521 3097 2968 3161 circumferrctis,
3000 3100 3093 3154 sed
3125 3101 3194 3155 ad
3242 3102 3429 3172 pristi-

1848 3205 1971 3243 nam
2061 3187 2362 3243 nobilitatis
2437 3187 2758 3257 dignitatem
2815 3192 3250 3246 reverteremini.
3311 3193 3429 3247 Jam

1855 3276 1986 3336 illud
2005 3282 2136 3336 mihi
2153 3280 2456 3344 considera,
2477 3280 2851 3336 admirabilem
2871 3281 3019 3335 illum
3041 3284 3425 3352 patriarcha"),

1846 3374 2167 3445 priusquam
2233 3371 2670 3428 circumcisionis
2736 3373 3051 3428 mandatum
3132 3377 3424 3445 acciperet,

1848 3465 2018 3521 fuisse
2079 3466 2372 3537 nonaginta
2431 3479 2624 3520 novem
2694 3481 2990 3530 annorum,
3081 3475 3208 3521 ante
3279 3469 3428 3538 quod

1848 3569 2063 3628 tempus
2084 3567 2132 3611 et
2161 3558 2440 3628 placuerat
2467 3556 2597 3623 Deo,
2641 3565 2698 3611 et
2735 3558 3036 3626 saepissime
3111 3576 3144 3612 a
3195 3561 3427 3616 Domino

1847 3650 2024 3703 fuerat
2090 3647 2446 3716 approbatus,
2492 3661 2729 3715 cumque
2780 3649 2889 3717 jam
2956 3649 3028 3702 illi
3086 3652 3352 3718 promissa
3395 3668 3426 3705 a

1847 3740 1958 3794 Deo
1995 3748 2177 3793 essent
2204 3737 2556 3802 exsolvenda,
2595 3747 2654 3790 ut
2707 3747 2762 3791 et
2821 3739 2931 3792 ﬁlio
2992 3739 3137 3793 Isaac
3200 3756 3426 3810 augere-

1848 3840 1955 3894 tur,
1984 3839 2039 3884 et
2094 3827 2406 3899 progeniem
2468 3827 2878 3896 multiplicaret,
2944 3839 2993 3882 et
3066 3832 3253 3898 paucis
3301 3841 3426 3900 post

1847 3921 2004 3974 annis
2039 3928 2180 3974 esset
2227 3933 2258 3972 e
2286 3919 2396 3972 vita
2443 3917 2809 3982 discessurus,
2851 3927 2962 3972 tum
2991 3919 3210 3973 demum
3257 3919 3427 3976 fuisse

1843 4014 2054 4084 jussum
2115 4018 2174 4063 ut
2204 4023 2262 4062 se
2295 4007 2730 4067 circumcideret,
2757 4023 2819 4061 ea
2851 4007 3104 4061 nimirum
3140 4009 3207 4063 de
3236 4024 3423 4076 causa,

1849 4113 1908 4158 ut
1948 4117 2068 4173 qua:
2114 4101 2230 4171 ipse
2259 4109 2499 4170 gesserat
2529 4108 2785 4168 tanquam
2838 4099 2921 4154 lex
2971 4109 3026 4154 et
3053 4103 3235 4171 regula
3279 4120 3427 4172 quie-

1847 4193 1971 4251 dam
2005 4193 2244 4263 posteris
2281 4204 2464 4247 essent
2496 4193 2792 4263 proposita.
2827 4191 2962 4248 Nam
3008 4195 3150 4263 quod
3191 4195 3324 4248 nihil
3358 4197 3426 4250 ad

1849 4285 2012 4341 animi
2045 4286 2301 4339 virtutem
2340 4284 2592 4353 expediat
2657 4284 3021 4351 circumcisio,
3050 4302 3114 4340 ex
3170 4287 3256 4351 iis,
3310 4303 3428 4356 quae

162 4380 248 4434 ινα
276 4384 497 4453 μάθητε
528 4383 798 4450 ἀκριϐῶς,
833 4385 908 4448 ὠς
937 4385 1090 4438 οὐδὲν
1117 4384 1278 4439 τοῦτο
1313 4386 1450 4456 πρὸς
1507 4388 1607 4456 τὴν
1636 4389 1740 4458 ψυ-

1849 4377 1987 4433 facta
2021 4385 2168 4440 sunt,
2207 4390 2350 4430 nunc
2409 4391 2697 4445 possumus
2737 4375 3068 4448 intelligere.
3126 4377 3235 4430 Cur
3277 4378 3420 4430 cnim

159 4471 258 4542 χῆς
290 4476 504 4546 ἀρετὴν
563 4476 808 4528 συντελεί
858 4476 917 4542 ἐξ
977 4476 1157 4530 αὐτῶν
1240 4476 1350 4529 τῶν
1413 4478 1738 4547 γινομένων,

158 4567 270 4616 νυνὶ
309 4568 548 4622 συνιδεῖν
572 4567 819 4621 δυνατόν.
844 4567 910 4620 Τί
937 4567 1046 4635 γάρ
1071 4566 1257 4636 φησὶν,
1280 4567 1470 4620 Ὀκτὼ
1501 4568 1743 4636 ἡμερῶν

159 4656 408 4711 παιδίον
436 4656 939 4726 περιτμηθήσεται
969 4675 990 4724 ;
1017 4657 1122 4709 Τὸν
1171 4657 1229 4709 δὲ
1301 4657 1492 4727 χρόνον
1551 4658 1744 4712 τοῦτον

158 4741 316 4816 οἶμαι
372 4749 605 4819 ὡρίσθαι
659 4749 811 4818 παρὰ
857 4749 952 4802 τοῦ
1011 4748 1396 4820 φιλανθρώπου
1453 4748 1589 4802 Θεοῦ
1646 4750 1742 4804 δύο

157 4837 377 4893 τούτων
426 4841 614 4906 ἕνεκα,
677 4841 792 4904 ἐνὸς
833 4841 955 4910 μὲν,
991 4841 1080 4894 ῐνα
1109 4843 1178 4911 τῇ
1201 4841 1366 4912 ἀώρῳ
1411 4840 1597 4912 ἡλικίᾳ
1619 4860 1744 4896 κου-

159 4929 395 5001 φότερον
424 4935 674 5001 ἐνεγκεῖν
706 4933 804 5003 τῆς
837 4933 1142 5003 περιτομῆς
1169 4934 1259 4986 τὸν
1296 4934 1458 4986 πόνον
1495 4933 1697 5004 δυνηθῇ
1725 4952 1740 4966 ’

160 5017 418 5094 δεύτερον
441 5026 518 5091 δὲ,
553 5027 640 5079 ἴνα
672 5025 742 5080 δι’
770 5025 951 5079 αὐτῶν
982 5027 1090 5079 τῶν
1123 5025 1300 5097 ἔργων
1334 5025 1738 5096 παιδευθῶμεν,

163 5108 231 5175 ὡς
256 5117 366 5166 οὐκ
389 5119 467 5180 είς
493 5116 676 5187 ψυχήν
701 5134 754 5170 τι
783 5118 1029 5170 συντελεί
1052 5116 1112 5168 τὸ
1137 5117 1441 5185 γινόμενον,
1476 5115 1613 5172 ἀλλὰ
1635 5134 1738 5186 ση-

171 5203 328 5265 μείου
361 5207 520 5277 χάριν
548 5206 705 5261 τοῦτο
737 5206 969 5275 γίνεται.
999 5205 1068 5259 Τὸ
1097 5206 1204 5276 γὰρ
1235 5207 1412 5276 ἄωρον
1441 5205 1653 5261 παιδίον
1680 5206 1740 5260 τὸ

171 5292 242 5363 μὴ
269 5297 547 5362 γινῶσκον
575 5297 644 5350 τά
669 5299 949 5368 γινόμενα,
985 5297 1120 5368 μηδὲ
1153 5296 1403 5368 αἴσθησίν
1438 5314 1560 5350 τινα
1592 5297 1739 5368 ἔχον,

172 5387 332 5442 ποίαν
353 5389 614 5460 ὠφέλειαν
652 5393 730 5454 είς
753 5390 852 5460 τὴν
879 5389 1054 5461 ψυχὴν
1071 5390 1135 5442 ὲκ
1158 5389 1347 5442 τούτου
1368 5388 1624 5453 δέξασθαι
1652 5389 1744 5440 δυ-

171 5479 392 5546 νήσεται
416 5500 433 5550 ;
468 5485 641 5536 Ἐκεῖν
660 5500 678 5534 ι
712 5484 824 5554 γάρ
850 5487 964 5536 ἐστι
1001 5481 1100 5552 τῆς
1124 5481 1302 5552 ψυχῆς
1337 5481 1520 5542 ἱδικῶς
1542 5497 1743 5550 κατορ-

171 5568 422 5644 θώματα,
441 5579 507 5631 τά
531 5579 595 5630 ἐκ
616 5578 990 5648 προαιρέσεως
1007 5573 1483 5645 γινόμενα.¹1”υχῆς
1500 5575 1608 5644 γάρ
1626 5576 1741 5626 ἐστι

240 5689 256 5715 ⁸
291 5687 433 5740 Gen.
468 5703 600 5754 mi,
638 5688 722 5742 ll.

1845 4477 2170 4540 paceptum
2203 4475 2308 4530 est,
2336 4475 2394 4520 ut
2425 4482 2558 4535 puer
2575 4475 2698 4523 octo
2721 4469 2932 4522 dierum
2965 4467 3421 4523 clrcumcidatur?

1844 4563 1956 4620 Cur
1984 4573 2201 4632 tempus
2240 4561 2344 4617 hoc
2383 4575 2411 4613 a
2460 4561 2792 4632 benignitate
2820 4561 3002 4616 divina
3042 4563 3143 4616 fuit
3184 4564 3421 4632 praefini-

1844 4664 1979 4722 tum,
2004 4656 2130 4720 nisi.
2169 4665 2228 4710 ut
2257 4671 2356 4725 ego
2388 4658 2585 4720 sentio,
2621 4656 2706 4709 bis
2759 4656 2971 4710 duabus
3014 4656 3082 4711 de
3104 4658 3323 4711 eausis:
3363 4666 3422 4709 ut

1845 4745 2277 4801 circumcisionis
2370 4743 2527 4797 dolor
2596 4746 2647 4798 in
2695 4745 2785 4798 illa
2833 4755 3018 4798 tenera
3064 4754 3228 4798 aztate
3288 4745 3420 4798 faci-

1844 4834 1952 4888 lius
1988 4831 2337 4901 perferretur,
2369 4842 2425 4887 et
2449 4849 2505 4887 re
2535 4831 2646 4902 ipsa
2685 4841 2981 4898 constaret,
3039 4833 3237 4887 factum
3291 4831 3421 4886 illud

1843 4926 2028 4980 animo
2050 4926 2184 4979 nihil
2207 4933 2484 4995 prodesse,
2501 4927 2592 4980 sed
2608 4925 2747 4996 signi
2775 4935 2984 4979 tantum
3009 4925 3114 4979 vim
3133 4925 3381 4979 obtinere
3397 4925 3418 4963 ⁸)

1845 5019 2017 5085 Quam
2063 5018 2209 5072 enim
2266 5017 2552 5072 utilitatem
2591 5019 2714 5073 inde
2746 5018 3008 5089 percipiat
3041 5017 3272 5072 tenellus
3330 5017 3418 5071 ille

1843 5110 2125 5180 puerulus,
2163 5108 2252 5178 qui
2310 5125 2472 5164 sensu
2514 5125 2651 5180 pene
2697 5125 2908 5172 carens,
2965 5126 3024 5164 ca
3072 5125 3192 5179 quae
3260 5109 3414 5174 ﬁunt,

1844 5206 2065 5274 penitus
2100 5201 2354 5269 ignorat?
2386 5200 2516 5255 Nam
2549 5201 2634 5255 illa
2665 5210 2790 5254 sunt
2818 5201 3034 5270 proprie
3073 5209 3217 5254 recta
3249 5201 3416 5252 animi

1845 5294 2041 5358 ofﬁcia,
2065 5308 2183 5362 quae
2204 5308 2268 5346 ex
2297 5293 2593 5348 voluntate‘
2617 5294 3056 5364 proficiscuntur.
3109 5293 3415 5346 Perfectum

1844 5387 2012 5442 animi
2035 5401 2193 5456 opus,
2211 5395 2266 5440 et
2292 5385 2528 5440 ofﬁcium
2543 5398 2648 5449 est,
2672 5396 2728 5440 ut
2757 5386 3011 5438 virtutem
3039 5385 3414 5454 amplectatur,

1844 5492 1899 5537 et
1929 5483 2116 5535 vitium
2171 5479 2382 5550 fugiat;
2443 5486 2502 5532 ιιι
2538 5479 2688 5548 plura
2747 5493 2815 5532 ne
2879 5479 3255 5546 concupiscat,
3318 5479 3414 5532 sed

1846 5590 1931 5638 ea,
1960 5573 2280 5643 qtuzlnbct,
2335 5571 2622 5641 egentibus
2666 5572 2895 5640 benigne
2970 5571 3262 5625 distribuat
3297 5589 3310 5635 ;
3347 5588 3416 5625 ne
