3994 6204
595 284 698 344 3¹)3

1835 279 2219 341 EUTHYMII
2260 277 2620 338 ZlGABENI

3704 296 3793 360 301

606 411 788 453 rerum
835 396 1189 465 praesentium
1244 393 1513 449 desiderio
1559 394 1933 459 contabescat,
1975 392 2068 447 sed
2104 392 2176 446 his

2290 388 2689 460 κατορθώματα
2711 388 2769 442 τὸ
2802 389 3003 459 ἀρετὴν
3035 388 3272 456 ἑλέσθαι,
3304 393 3386 447 καὶ
3413 397 3588 449 κακίαν
3608 407 3788 471 φ’δγεῖἸ.

601 491 799 561 spretis
846 497 1010 557 atque
1059 486 1406 556 contemptis,
1442 485 1654 539 futuras
1679 492 1917 555 expetat,
1953 493 2006 539 et
2046 482 2182 539 assi-

606 584 712 636 due
758 580 981 651 cogitet.
1006 583 1064 633 ln
1095 576 1517 632 circumcisione
1562 592 1690 631 vero
1732 576 1884 647 quid,
1929 585 1987 631 ut
2011 585 2178 642 recte,

598 686 653 731 ct
721 674 1003 729 voluntate
1093 669 1295 724 factum
1377 670 1711 724 laudabitur?
1772 670 1879 725 Sed
1936 682 2181 726 amentes

596 784 660 821 ac
712 781 875 819 sensu
939 769 1194 833 expertes
1230 761 1400 816 Judaei
1451 763 1679 817 veritate
1752 763 1861 832 jam
1911 764 2178 832 patefacta

600 861 654 911 in
687 855 877 909 umbra
902 854 1083 909 adhuc
1111 852 1322 916 sedent,
1371 868 1605 919 cumque
1676 854 1756 909 sol
1802 854 1987 908 radios
2052 870 2180 908 suos

594 950 648 1001 in
687 962 879 1000 omnes
912 955 1099 1015 partes
1150 943 1424 1009 eliuderit,
1489 945 1667 999 adhuc
1713 946 2181 1015 exiguaelucernae

594 1038 785 1091 lumini
824 1038 1119 1091 inhaerent.
1149 1036 1217 1088 Et
1248 1035 1563 1105 postulante
1617 1036 1728 1105 jam
1806 1045 2052 1106 tempore
2124 1046 2182 1090 ut

593 1131 765 1184 solido
797 1130 919 1184 cibo
945 1129 1287 1191 nutriantur,
1325 1143 1433 1182 non
1496 1140 1726 1197 possunt.
1756 1144 1785 1182 a
1810 1128 1947 1183 lacte
2008 1128 2182 1183 diato-

594 1224 726 1285 veri,
758 1238 861 1276 nec
915 1222 1131 1275 beatum
1199 1220 1425 1275 Paulum
1488 1221 1681 1275 audire
1712 1221 1901 1275 volunt
1954 1221 2027 1275 ita
2074 1223 2182 1276 cla-

592 1326 852 1380 mantem,
903 1322 957 1367 et
992 1314 1261 1367 dicentem
1304 1313 1371 1368 de
1430 1314 1741 1383 patriarcha
1780 1331 1793 1366 :
1857 1314 1924 1367 Et
1972 1316 2180 1384 signum

599 1408 800 1475 acrepit
850 1407 1264 1459 circnmcisionis
1319 1406 1653 1476 signaculum
1698 1406 1925 1475 justitite
1973 1407 2094 1474 ﬁdei
2126 1407 2181 1459 in

592 1502 851 1568 pt'tt'putio
912 1501 949 1553 ί.
1031 1497 1195 1553 Vides
1262 1498 1534 1567 quomodo
1586 1497 1675 1553 hic
1736 1514 1836 1553 nos
1891 1510 2182 1570 utrumque

591 1592 858 1657 docuerit,
917 1607 1115 1661 nempe
1148 1592 1512 1661 patriarcham
1553 1601 1604 1645 et
1637 1592 1779 1664 signi
1836 1595 2011 1662 gratia
2075 1592 2181 1646 eir-

590 1682 985 1737 cumcisionem
1027 1684 1327 1753 accepisse,
1356 1693 1410 1737 et
1453 1698 1576 1737 cum
1608 1695 1754 1739 esset
1812 1684 1865 1739 in
1915 1684 2181 1755 prazputio

600 1773 869 1842 justitiam
902 1788 967 1828 ex
1008 1774 1113 1827 llde
1145 1789 1256 1843 prae
1297 1788 1356 1828 se
1397 1774 1589 1829 tulisse
1619 1774 1642 1827 ?
1698 1773 1832 1828 Nam
1860 1789 1926 1829 ne
1958 1774 2178 1830 Judazus

601 1865 948 1935 impudenter
975 1873 1264 1929 assereret,
1295 1873 1351 1919 et
1390 1864 1867 1920 eireumcisionem
1924 1865 2028 1935 ipsi
2086 1867 2177 1937 ju-

594 1957 798 2011 stitiam
826 1957 1092 2022 attulisse,
1125 1957 1326 2011 idcirco
1354 1956 1546 2012 beatus
1575 1955 1665 2011 hic
1692 1956 1758 2012 ad
1788 1957 1954 2028 pedes
1977 1957 2177 2014 Gama-

591 2050 729 2105 lielis
764 2050 994 2105 edoctus
1025 2065 1086 2104 ea
1135 2066 1255 2119 quae
1295 2050 1360 2105 ad
1394 2050 1718 2120 exquisitam
1760 2052 1892 2122 legis
1925 2054 2177 2123 peritiam

590 2143 882 2211 pertinent,
902 2141 980 2196 Ne
1010 2144 1233 2211 putetis,
1272 2143 1467 2212 inquit,
1492 2142 2173 2212 impudentissimilndaei,

587 2234 1058 2288 circumclsionem
1075 2232 1370 2303 quidquam
1393 2237 1443 2288 ei
1469 2234 1534 2288 ad
1556 2234 1823 2303 justitiam
1844 2236 2173 2303 contulisse;

590 2326 791 2380 etenim
839 2340 947 2394 quo
1006 2335 1254 2394 tempore
1320 2326 1647 2394 prmputium
1715 2325 1971 2391 habebat,
2055 2345 2173 2384 eam

590 2418 747 2471 ﬁdem
805 2432 916 2486 prae
979 2431 1039 2471 se
1092 2418 1232 2483 tulit,
1265 2427 1324 2471 ut
1376 2417 1638 2473 meruerit
1706 2417 1837 2473 illud
1929 2420 2172 2477 audire:

596 2506 836 2561 Credidit
904 2507 1172 2560 Abraham
1246 2507 1377 2571 Deo,
1415 2518 1463 2561 et
1513 2518 1834 2577 reputatum.
1864 2511 1943 2564 illi
1971 2522 2048 2565 est
2108 2515 2177 2566 ad

582 2600 859 2668 justitiam
887 2600 928 2654 ³.
969 2599 1105 2654 Cum
1141 2600 1303 2669 igitur
1327 2602 1437 2670 jam
1465 2610 1609 2656 esset
1640 2603 1693 2656 in
1720 2602 1928 2671 justitia
1955 2613 2176 2675 prepter

589 2693 772 2755 tidem,
826 2702 954 2747 tunc
991 2692 1127 2763 signi
1185 2707 1351 2746 causa
1429 2694 1913 2750 circumcisionem
1939 2698 2172 2767 accepit.

589 2787 719 2838 ltem
757 2787 877 2853 ejus
921 2785 1129 2837 nomini
1162 2784 1303 2838 Deus
1371 2784 1703 2839 elementum
1768 2786 2039 2858 adjungit,
2121 2797 2176 2843 et

589 2886 777 2945 postea
814 2875 1080 2946 prtecipit,
1143 2886 1199 2929 ut
1246 2876 1690 2941 circumeidatur,
1729 2887 1782 2932 et
1831 2878 2085 2934 ostendat
2115 2896 2174 2936 se

590 2976 808 3035 propter
837 2979 1086 3033 magnam
1135 2964 1266 3032 justi
1306 2964 1563 3019 virtutem
1597 2965 1698 3019 sibi
1748 2966 1899 3021 illum
1934 2968 2170 3024 amicum

589 3057 929 3127 adjunxisse,
961 3067 1017 3112 et
1046 3068 1267 3126 propter
1295 3057 1449 3111 illum
1495 3069 1748 3128 posteros
1779 3060 1943 3114 etiam
1979 3061 2172 3132 ipsius.
2202 3086 2245 3147 ρ

589 3154 688 3214 Ac,

591 3258 790 3297 nomen
823 3243 993 3312 ipsius
1028 3251 1081 3297 et
1115 3241 1360 3296 habitum
1418 3242 1740 3313 plerumque
1769 3255 2090 3311 commutat,
2121 3256 2176 3301 et

589 3336 773 3387 ontnia
842 3334 993 3395 facit,
1028 3341 1087 3386 ut
1139 3332 1228 3386 ille
1265 3341 1626 3402 cognoscatur
1658 3349 1827 3404 seque
1890 3336 2173 3391 dominum

588 3425 707 3491 ejus
740 3438 860 3477 esse
883 3422 1123 3478 declaret
1153 3439 1166 3476 :
1208 3422 1286 3476 sic
1316 3423 1448 3477 item
1498 3439 1680 3478 rerum
1732 3425 1978 3480 omnium
2004 3426 2170 3491 Deus,

589 3532 713 3570 cum
786 3516 948 3570 vellet
1040 3515 1407 3584 patriarcham
1475 3530 1506 3569 a
1566 3516 1795 3587 reliquis
1857 3517 2175 3575 hominibus

591 3608 951 3679 distinguere,
985 3615 1040 3662 et.
1073 3607 1314 3662 litteram
1369 3624 1532 3662 unam
1574 3613 1693 3679 ejus
1724 3610 1930 3664 nomini
1978 3611 2174 3680 adjun-

590 3719 721 3774 gens
805 3716 931 3756 eum
986 3700 1102 3755 fore
1166 3701 1459 3755 multarum
1536 3702 1776 3772 gentium
1827 3716 2035 3773 patrem
2089 3705 2175 3758 in-

589 3793 810 3856 dicavit,
867 3800 921 3846 et
957 3806 1052 3861 per
1083 3789 1558 3845 circumcisionem
1627 3792 1871 3847 ostendit
1908 3793 2011 3849 sibi
2080 3809 2176 3865 ρο·

588 3886 778 3957 pulum
804 3884 1085 3946 eximium,
1119 3891 1174 3936 et
1206 3898 1234 3936 a
1300 3883 1526 3953 reliquis
1583 3884 1895 3955 sejunctum
1958 3888 2176 3957 populis

591 3996 657 4033 ex
691 3979 903 4033 semine
932 3979 1053 4045 ejus
1075 3975 1341 4030 futurum.
1373 3977 1440 4030 At
1467 3976 1541 4030 illi
1574 3977 1883 4048 ignorantia
1916 3979 2177 4035 obcaecati

591 4069 773 4123 carnis
830 4066 1308 4122 circumeisionem
1364 4067 1544 4122 adhuc
1619 4069 1980 4126 observantes
2057 4084 2168 4124 non

593 4158 823 4211 audiunt
910 4156 1138 4211 Paulum
1199 4158 1281 4212 sic
1338 4172 1435 4212 eos
1487 4157 1686 4213 iterum
1749 4160 2174 4230 alloquentem:

591 4252 651 4306 Si
675 4250 1149 4313 circnmcidamini,
1184 4249 1415 4304 Christus
1442 4252 1582 4303 vobis
1611 4252 1739 4304 nihil
1764 4254 1990 4320 proderit
2013 4256 2032 4285 ³
2060 4270 2074 4318 ;
2108 4254 2178 4308 oh

590 4343 644 4396 id
671 4343 815 4396 enim
852 4350 1012 4395 natus
1029 4350 1112 4395 est
1146 4340 1425 4406 Dominus,
1445 4352 1504 4395 ut
1537 4341 1651 4398 haec
1680 4346 1862 4399 omnia
1914 4346 2175 4403 auferret.

592 4433 659 4488 Et
695 4433 900 4488 idcirco
928 4433 1043 4503 ipse
1081 4441 1191 4487 tota
1206 4448 1254 4485 m
1291 4432 1462 4503 legem
1510 4433 1774 4503 implevit,
1808 4446 1865 4489 ut
1890 4438 2025 4511 legis
2080 4439 2178 4494 ob-

594 4524 957 4580 servationem
986 4538 1095 4576 non
1126 4525 1334 4578 sineret
1380 4524 1606 4579 ulterius
1662 4528 1941 4596 progredi.
2028 4528 2175 4595 Qua-

589 4628 812 4687 plOplel‘
878 4625 933 4670 et
978 4616 1170 4671 beatus
1201 4614 1409 4671 Paulus
1444 4615 1717 4672 clamabat
1751 4617 1893 4683 :Qui
1925 4620 1979 4673 in
2038 4625 2170 4691 lege,

590 4707 1271 4778 inquiens,justiﬁeamini,
1305 4724 1337 4760 a
1370 4710 1545 4777 gratia
1578 4709 1843 4765 excidisti:
1876 4711 1919 4764 ⁵.

766 3149 1226 3219 quemadmodum
1279 3149 1368 3218 qui
1434 3165 1651 3204 servum
1705 3154 2057 3222 comparavit,
2121 3167 2174 3210 et

2286 483 2478 553 Ψυχῆς
2500 482 2831 552 κατόρθωμα
2859 483 2916 534 τὸ
2936 483 3011 551 μὴ
3029 483 3136 536 τῶν
3156 484 3405 539 πλειόνων
3432 490 3668 560 ἐφίεσθαι,
3682 497 3793 553 ἀλλᾶ

2288 576 2380 626 καὶ
2440 573 2508 625 τὰ
2559 573 2689 626 ὄντα
2723 574 2985 643 προέσθαι
3017 577 3127 638 τοῖς
3188 575 3466 645 δεομένοις.
3498 581 3666 651 Ψυχῆς
3697 587 3790 641 ἐστι

2286 665 2621 735 κατόρθωμα
2672 666 2822 736 τὸμὴ
2853 669 2964 729 τοῖς
2991 670 3222 739 παροῦσι
3249 675 3665 742 προστετηκέναι,
3688 679 3793 734 ἀλλὰ

2284 757 2493 809 τούτων
2527 758 2625 826 μὲν
2651 758 2950 828 ὑπερορᾷν,
2976 761 3041 811 τὰ
3084 760 3347 829 μέλλοντα
3372 763 3423 815 δὲ
3473 765 3793 841 καθ’ἑκάστην

2284 850 2498 918 ἡμέραν
2528 849 2919 917 φαντάζεσθαι.
2959 849 3021 903 Ἢ
3056 855 3326 923 περιτομὴ
3380 856 3431 906 δὲ
3462 860 3600 911 ποῖον
3648 862 3703 913 ἂν
3729 862 3792 932 είη
3830 917 3833 926 1

2286 941 2655 1009 κατόρθωμα;
2741 941 2880 994 Ἀλλ“
2938 945 2985 995 oi
3070 945 3381 1013 ἀγνώμονες
3431 949 3520 1000 καὶ
3558 951 3794 1021 ἁχὲριστιι

2298 1032 2544 1085 Ἰουδκῖοι
2574 1034 2669 1098 τῆς
2701 1035 2959 1104 ἀληθείας
2984 1039 3268 1107 φανείσης,
3304 1039 3379 1091 ἔτι
3402 1044 3466 1111 τῇ
3497 1046 3612 1114 σκιᾷ
3647 1062 3794 1113 παρα-

2287 1122 2610 1192 καθήμενοι,
2645 1125 2739 1177 καὶ
2767 1126 2859 1178 τοῦ
2885 1127 3039 1195 ἡλίου
3074 1129 3172 1195 τῆς
3202 1130 3537 1201 δικαιοσύνης
3589 1133 3794 1203 λάμψαν-

2284 1232 2398 1279 τος,
2420 1217 2513 1266 καὶ
2541 1217 2638 1278 τὰς
2678 1219 2901 1280 ἀκτῖνας
2930 1218 3023 1270 τοῦ
3074 1220 3248 1288 φωτὸς
3280 1223 3542 1293 πανταχοῦ
3570 1225 3793 1294 ἀφιέντος,

2290 1307 2370 1358 ἔτι
2414 1308 2491 1376 τῷ
2516 1307 2780 1377 λυχνιαίῳ
2814 1311 2953 1376 φωτὶ
2983 1309 3415 1380 προσηλωμένοι,
3443 1306 3530 1366 καὶ
3575 1317 3695 1385 μετὰ
3722 1318 3793 1370 τὸν

2286 1399 2479 1466 καιρὸν
2507 1398 2603 1465 τῆς
2640 1402 2872 1467 στερεᾶς
2902 1400 3114 1470 τροφῆς
3149 1402 3230 1454 ἔτι
3257 1402 3332 1473 τῷ
3379 1405 3595 1472 γάλακτι
3638 1407 3794 1477 τρεφό-

2288 1505 2465 1557 μενοι,
2500 1488 2620 1540 οὐδὲ
2651 1488 2745 1540 τοῦ
2773 1490 3052 1560 μακαρίου
3108 1489 3322 1544 Παύλου
3386 1492 3590 1545 ἀκούειν
3614 1495 3794 1562 ἀνέχον·

2285 1597 2374 1633 ται
2404 1581 2659 1650 βοῶντος,
2683 1584 2776 1634 καὶ
2795 1583 3044 1650 λέγοντος
3077 1600 3143 1636 πε
3155 1585 3207 1655 pl
3232 1585 3325 1637 τοῦ
3352 1585 3682 1656 πατριάρχου·
3711 1587 3796 1642 Kal

2285 1673 2539 1741 σημεῖον
2560 1676 2739 1729 ἔλαϐε
2776 1674 3122 1744 περιτομῆς,
3155 1677 3421 1748 σφραγῖδα
3472 1677 3574 1747 τῆς
3623 1678 3799 1733 δικαιο-

2209 1752 2255 1811 Β
2283 1768 2481 1833 σύνης
2518 1766 2627 1835 τῆς
2652 1769 2912 1831 πίστεως
2945 1768 3055 1836 τῆς
3122 1770 3194 1823 ἐν
3266 1771 3629 1838 ἀκροϐυστίᾳ.
3685 1771 3801 1840 ’θρα

2279 1861 2396 1921 πῶς
2430 1859 2719 1928 ἁμοότερα
2770 1861 2919 1929 ἡμᾶς
2964 1860 3199 1914 ἐνταῦθα
3243 1863 3482 1929 ἐδίδαξε,
3530 1866 3614 1916 καὶ
3632 1864 3800 1933 ὅτιση-

2283 1947 2435 2018 μείου
2485 1948 2645 2017 χάριν
2700 1948 2798 2018 τὴν
2850 1949 3156 2021 περιτομὴν
3203 1952 3542 2017 κατεδέξατο,
3596 1952 3678 2005 καὶ
3737 1951 3801 2004 ὅτι

2280 2041 2444 2110 ἡνίκα
2497 2044 2836 2110 ἁκρὶσυστον
2874 2039 2965 2115 ἦν,
3007 2043 3104 2115 τὴν
3165 2044 3505 2117 δικαιοσύνην
3550 2046 3638 2117 τὴν
3656 2046 3711 2098 ικ
3733 2045 3801 2098 πί-

2289 2151 2461 2197 στεως
2502 2134 2836 2201 ἐπεδείξατο.
2888 2136 3007 2191 Ἵνα
3054 2136 3163 2207 γὰρ
3200 2139 3280 2209 μὴ
3314 2137 3793 2210 ἀναισχυντῇὀίου-

2277 2225 2445 2291 δαίος,
2513 2228 2607 2280 καὶ
2634 2228 2803 2299 λέγῃ,
2856 2228 3001 2299 ὅτιή
3043 2230 3320 2301 περιτομὴ
3374 2229 3467 2300 τὴν
3511 2227 3800 2298 δικαιοσύνην

2281 2317 2430 2387 αὐτῴ
2461 2318 2821 2391 προεξένησε,
2854 2320 2943 2373 διὰ
3003 2320 3166 2374 τοῦτο
3220 2325 3250 2377 ὁ
3310 2323 3567 2392 μακάριος
3619 2313 3800 2386 οὖτος,ὀ

2283 2411 2433 2480 MP“:
2465 2411 2591 2472 τοὺς
2639 2411 2807 2475 πόδας
2850 2412 3132 2483 Γαμαλιήλ
3187 2413 3563 2483 μαθητευθεὶς,
3622 2414 3646 2465 ὁ
3687 2412 3800 2466 κατὰ

2279 2501 2564 2571 ἀκρίϐειαν
2632 2503 2725 2555 τοῦ
2780 2504 2945 2575 νόμου
2987 2505 3297 2570 παιδευθεὶς
3333 2507 3504 2577 φησί·
3536 2504 3622 2573 Μὴ
3668 2504 3797 2572 νομί·
3882 2513 3886 2517 ’

2277 2607 2447 2659 σητε,
2498 2588 2546 2646 ὦ
2591 2594 2987 2663 ἀναίσχυντοι
3048 2596 3350 2664 Ἰουδαῖοι,
3380 2597 3464 2651 ὅτι
3499 2597 3533 2663 ἠ
3560 2592 3796 2666 περιτομή

2279 2701 2329 2737 τι
2370 2686 2457 2751 εὶς
2507 2686 2910 2756 δικαιοσύνην
2962 2687 3122 2751 αὐτῷ
3150 2691 3536 2744 συνετέλεσε.
3573 2690 3666 2741 Καὶ
3713 2686 3800 2753 γὰρ

2277 2778 2335 2828 ἐν
2385 2776 2462 2847 τῷ
2522 2778 2696 2849 καιρῷ
2750 2779 2851 2847 τῆς
2895 2779 3268 2850 ἀκροϐυστίας
3323 2783 3420 2851 τὴν
3472 2780 3637 2833 πίστιν
3698 2780 3795 2831 ἐπι·

2278 2867 2587 2938 δειξάμενος
2653 2871 2888 2938 ἤκουσεν
2911 2886 2926 2901 ·
3001 2870 3356 2926 Ἐπίστευσε
3380 2871 3446 2923 δὲ
3484 2868 3705 2938 Ἀὕραὰμ
3736 2864 3797 2929 τῷ

2283 2960 2441 3027 Θεῷ,
2520 2962 2617 3013 καὶ
2689 2961 2976 3031 ἐλογίσθη
3047 2963 3210 3028 αὐτῷ
3286 2968 3371 3030 είς
3437 2962 3797 3027 δικαιοσύνην.

2278 3052 2571 3123 Γενόμενος
2601 3053 2692 3106 οὖν
2717 3056 2774 3108 ἑν
2802 3058 2869 3126 τῇ
2896 3056 3216 3131 δικαιοσύνῃ
3235 3057 3329 3111 διὰ
3357 3062 3452 3128 τὴν
3482 3056 3667 3121 πίστιν,
3706 3054 3801 3106 τότε

2283 3143 2500 3214 δέχεται
2558 3147 2786 3215 σημείου
2828 3148 2991 3218 χάριν
3052 3148 3151 3219 τὴν
3216 3151 3538 3221 περιτομὴν,
3572 3149 3657 3203 κα)Ι
3697 3143 3804 3218 ὁμοῦ

2281 3243 2374 3295 καὶ
2402 3242 2479 3311 τῷ
2514 3243 2740 3313 ὀνόματι
2764 3244 2933 3296 αὑτοῦ
2994 3244 3056 3297 τὸ
3083 3249 3361 3314 στοιχεῖον
3391 3245 3670 3314 ἐπιτίθησι,
3730 3238 3804 3294 καὶ

2280 3336 2417 3405 μετὰ
2447 3336 2622 3390 ταῦτα
2648 3337 2749 3407 τὴν
2776 3337 3081 3408 περιτομὴν
3114 3340 3425 3405 ἐπιτάττει,
3453 3340 3533 3393 ἵνα
3559 3335 3707 3407 δείξῃ,
3741 3335 3803 3387 ὅτι

2276 3428 2361 3481 διὰ
2384 3428 2481 3498 τὴν
2513 3429 2722 3498 πολλὴν
2741 3430 2941 3499 ἀρετὴν
2961 3430 3149 3483 λοιπὸν
3178 3430 3282 3485 τὸν
3299 3432 3499 3487 δίκαιον
3522 3428 3802 3501 ᾠκειώσατο,

2277 3521 2371 3574 καὶ
2402 3520 2470 3572 δι’
2499 3523 2704 3574 ἐκεῖνον
2741 3523 2833 3576 καὶ
2866 3524 2994 3585 τοὺς
3022 3524 3081 3588 ἐξ
3137 3523 3316 3579 αὑτοῦ
3372 3526 3664 3594 ἐσομένους.
3720 3516 3805 3571 Καὶ

2278 3612 2533 3683 καθάπερ
2566 3632 2651 3677 τις
2699 3617 2920 3685 οἰκέτην
2944 3616 3318 3686 κτησάμενος,
3352 3617 3599 3678 πολλάκις
3655 3612 3732 3666 καὶ
3757 3608 3804 3661 τὸ

2277 3704 2451 3775 ὄνομα
2498 3707 2669 3761 αὑτοῦ
2706 3707 3052 3778 μετατίθησι,
3082 3709 3178 3761 καὶ
3201 3707 3267 3760 τὸ
3298 3709 3501 3778 σχῆμα,
3535 3707 3622 3761 καὶ
3660 3702 3806 3757 πάντα

2285 3804 2454 3865 ποιεῖ,
2481 3800 2620 3853 ὥστε
2654 3802 2963 3872 κατάδηλον
2987 3804 3150 3856 αὑτὸν
3179 3807 3434 3875 ποιῆσαι,
3463 3804 3542 3856 ἵνα
3594 3800 3672 3853 διὰ
3699 3796 3808 3849 πάνυ

2283 3909 2392 3946 των
2424 3894 2672 3964 κηρύττῃ
2729 3895 2830 3964 τὴν
2865 3895 3185 3950 δεσποτείαν
3213 3911 3227 3927 ⁶
3248 3898 3397 3951 οὓτω
3445 3897 3507 3967 δὴ
3557 3894 3642 3949 καὶ
3673 3888 3807 3945 ὁτῶν

2282 3987 2423 4038 ὅλων
2460 3988 2613 4052 Θεὸς,
2667 3988 2860 4060 ὥσπερ
2883 3993 3121 4061 χωρίσαι
3154 3992 3267 4045 τῶν
3312 3994 3484 4049 ἄλλων
3548 3986 3808 4058 ἀνθρώπων

2282 4078 2448 4130 αὑτὸν
2473 4078 2815 4148 βουλόμενος,
2851 4080 2940 4133 διὰ
2972 4082 3071 4150 μὲν
3103 4082 3202 4152 τῆς
3230 4084 3547 4155 προσθήκης
3576 4076 3660 4132 τοῦ
3690 4089 3809 4127 στοι-

2281 4169 2452 4237 χείου,
2487 4171 2569 4222 ὅτι
2595 4170 2808 4223 πολλῶν
2846 4173 3016 4224 ἐθνῶν
3042 4175 3227 4245 πατὴρ
3261 4176 3417 4227 ἔσται
3465 4173 3706 4240 ἐμήνυσε,
3739 4162 3810 4216 διὶ

2278 4260 2334 4313 δὲ
2366 4262 2461 4330 τῆς
2498 4263 2823 4333 περιτομῆς,
2861 4264 2943 4317 ὅτι
2971 4264 3249 4335 ἐξαίρετος
3299 4264 3466 4319 αὑτοῦ
3522 4263 3661 4314 ἔσται
3685 4254 3807 4315 λαὸς,

2281 4355 2374 4406 καὶ
2405 4355 2513 4406 τῶν
2541 4354 2744 4408 λοιπῶν
2804 4357 2976 4409 ἐθνῶν
3011 4359 3432 4429 κεχωρισμένον
3486 4356 3544 4409 τὸ
3596 4353 3650 4416 ἐξ
3674 4344 3809 4403 αὐτοῦ

2213 4456 2252 4511 υ
2288 4444 2478 4513 μέλλον
2510 4446 2797 4500 τίκτεσθαι
2832 4447 3054 4517 σπέρμα
3084 4463 3099 4477 ⁸
3134 4452 3181 4501 εί
3213 4452 3312 4502 καὶ
3360 4450 3554 4503 ἐκεῖνοι
3594 4444 3674 4496 διὰ
3733 4436 3812 4505 τὴν

2282 4534 2487 4586 οἰκείαν
2517 4534 2777 4605 πώρωσιν
2811 4536 2889 4589 ἔτι
2916 4541 3016 4600 τὴν
3041 4538 3352 4607 περιτομὴν
3391 4541 3488 4606 τῆς
3517 4532 3705 4604 σαρκὸς
3732 4544 3816 4597 φν⁹

2283 4623 2497 4679 λάττειν
2540 4626 2842 4696 βούλονται,
2889 4630 2989 4682 οὐκ
3039 4630 3332 4695 ἀκούοντες
3412 4630 3569 4684 πάλιν
3632 4621 3813 4678 Παύλου

2282 4718 2531 4787 λέγοντος
2554 4739 2568 4754 ·
2587 4722 2728 4776 Ἐὰν
2754 4723 3206 4793 περιτέμνησθε,
3228 4724 3484 4793 Χριστὸς
3500 4712 3817 4792 ὑμᾶς-,οὐδὲν

588 4802 910 4871 ὠφελήσει.
940 4802 1037 4853 Διὰ
1082 4800 1189 4871 γὰρ
1222 4800 1381 4854 τοῦτο
1412 4803 1745 4895 παρεγένετο
1795 4805 1823 4855 ὁ
1865 4804 2163 4877 Δεσπότης,
2201 4809 2284 4861 ἵνα
2303 4813 2476 4880 ταῦτα
2502 4815 2664 4886 ἀνέλῃ
2693 4830 2706 4844 ·
2746 4818 2840 4868 καὶ
2864 4817 2954 4869 διὰ
2985 4818 3143 4870 τοῦτο
3162 4818 3343 4873 πάντα
3379 4822 3471 4895 τὺγ
3507 4817 3661 4885 νόμον
3675 4810 3816 4877 ὲπλή⁶

594 4912 787 4965 ρωσεν,
815 4897 902 4947 ἵνα
932 4896 1107 4966 στήσῃ
1136 4893 1322 4963 λοιπὸν
1348 4894 1443 4946 τοῦ
1457 4895 1623 4965 νόμου
1655 4894 1754 4964 τὴν
1781 4898 2189 4968 παρατήρησιν.

589 5006 691 5054 rec
716 4988 785 5039 ἐν
813 4989 974 5056 νόμῳ
1002 4986 1353 5040 δικαιοῦσθε
1378 4986 1488 5055 τῆς
1524 4987 1763 5055 χάριτος
1792 4988 2135 5052 ἐξεπέσετε.

659 5102 684 5154 Ι
695 5116 790 5156 tem
818 5108 879 5155 de
913 5101 1323 5163 circumcisione.
1350 5101 1431 5154 Ex
1472 5101 1821 5167 Damasccuo,
1852 5122 1969 5175 cap.
2008 5108 2099 5161 54.

660 5257 789 5313 I‘ost
823 5258 1015 5327 legem,
1055 5266 1176 5326 post
1206 5257 1665 5325 benedictionem,
1701 5271 1823 5329 post
1852 5263 2169 5331 promissio-

592 5366 717 5405 nem
763 5350 1107 5405 eircumcisio
1159 5350 1284 5403 data
1335 5360 1418 5404 est
1466 5352 1762 5417 Abraham,
1809 5356 1885 5409 uti
1930 5356 2165 5424 signum,

591 5444 734 5510 quod
765 5458 910 5508 cum,
946 5454 1002 5497 et
1034 5443 1172 5497 ﬁlios
1199 5450 1363 5512 atque
1392 5442 1724 5501 domesticos
1754 5447 1896 5516 ejus,
1938 5462 1966 5500 a
1999 5450 2175 5515 genti-

590 5533 714 5602 bus,
747 5534 1067 5604 quibuscum
1087 5535 1424 5602 versabatur,
1445 5536 1821 5607 distingueret.
1857 5540 1969 5593 [loc
1993 5549 2173 5594 autem

668 5695 684 5727 ⁸
724 5696 881 5750 Rom.
939 5715 1011 5767 tv,
1065 5703 1147 5757 ll.
1228 5707 1246 5737 ³
1278 5702 1413 5758 Gen.
1450 5719 1538 5771 xv,
1568 5705 1632 5771 G;
1666 5705 1822 5760 Rom.
1852 5719 1925 5773 tv,
1953 5704 2003 5761 3.
2086 5705 2103 5737 ³
2141 5705 2253 5761 Gal.
2293 5725 2339 5775 v,

2224 4904 2320 4956 Atii
2356 4906 2514 4959 τοῦτο
2542 4906 2693 4975 ἐϐόα,
2727 4911 2820 4961 καὶ
2858 4907 3044 4977 ἔλεγεν
3066 4912 3094 4963 ὁ
3123 4910 3403 4980 μακάριος
3434 4906 3656 4970 Παῦλο,·
3687 4903 3816 4957 012t-

2283 5108 2627 5174 Κεφάλαιον
2651 5108 2763 5162 εἶδ’.
2802 5110 2941 5176 Περὶ
2974 5110 3085 5177 τῆς
3124 5111 3315 5179 αὐτῆς
3364 5109 3694 5183 περιτομῆςι
3723 5101 3811 5158 τοῦ

2863 5186 2959 5247 Λα,
2972 5183 3284 5248 ςασκηνοῦ.

2366 5274 2427 5326 Ἠ
2449 5273 2725 5343 περιτομὴ
2763 5273 2868 5343 πρὸ
2900 5272 2993 5326 τοῦ
3018 5275 3182 5344 νόμου
3215 5276 3375 5346 ἐδόθη
3435 5274 3515 5341 τῷ
3575 5265 3811 5340 Ἀϐραὰμ,

2281 5366 2421 5433 μετὰ
2480 5367 2580 5427 τὰς
2631 5367 2904 5433 εὐλογίας,
2976 5368 3116 5435 μετὰ
3169 5369 3265 5437 τὴν
3327 5365 3692 5435 ἐπαγγελίαν,
3733 5371 3813 5422 σθ’

2290 5459 2446 5524 μεῖον
2499 5458 2920 5511 ἁποδιαστέλλον
2972 5460 3155 5525 αὐτὸν,
3231 5459 3327 5511 καὶ
3376 5460 3505 5520 τοὺς
3569 5457 3622 5521 ἐξ
3651 5445 3810 5507 αὐτοῦ,

2287 5549 2379 5600 καὶ
2437 5549 2563 5610 τοὺς
2624 5550 2789 5602 aito-3
2847 5552 3144 5618 οἰκογενεῖς
3199 5553 3261 5604 ὲκ
3319 5550 3429 5607 τῶν
3474 5548 3658 5612 ἐθνῶν,
3712 5535 3810 5613 μεθ’

2378 5709 2410 5741 ι)

2381 5744 2433 5765 αι

2532 5709 2704 5764 “illd.
2745 5711 2799 5765 4.
