4024 6208
585 333 689 395 307

1823 338 2143 401 ΕυΤΗΥΜ
2156 340 2209 400 Π
2254 343 2614 405 ZlGABENl

3746 348 3859 411 308

585 450 701 501 mali
751 458 800 502 et
832 457 987 504 terrm
1020 451 1059 504 ¹.
1110 448 1242 515 Qure
1302 464 1425 503 cum
1474 446 1547 503 ita
1584 448 1714 514 sint,
1757 452 2032 520 quomodo
2072 452 2172 506 erit

2291 455 2803 526 Ἐξομολογοῦμαί
2845 470 2965 519 σοι,
2999 458 3187 525 Πάτερ
3229 458 3400 525 Κύριε
3442 455 3549 511 τοῦ
3592 458 3859 525 οὐρανοῦ

586 541 726 594 alter
750 552 947 611 pra-ter
979 542 1125 595 hunc
1152 541 1335 595 Deus?
1363 542 1469 594 Aut
1503 542 1722 595 ubinam
1748 543 1852 596 erit
1884 556 2170 597 commen-

590 634 743 687 titius
775 635 1001 689 istorum
1043 635 1206 696 Deus,
1242 648 1365 688 eum
1407 636 1554 689 solus
1600 634 1707 699 hic,
1738 642 1793 688 et
1826 649 1987 688 verus
2028 632 2170 687 Deus

588 737 786 779 runcta
837 727 956 781 creti
1028 736 1295 794 terraeque
1344 727 1629 796 complexu
1681 726 1955 795 compleat
2003 725 2174 778 lAnt

588 818 861 883 quomodo
900 818 970 870 sit
1004 833 1190 871 earum
1226 834 1406 871 rerum
1441 818 1755 881 fabricator,
1791 833 2020 887 quarum
2059 817 2172 885 ipse

587 908 730 962 Deus
755 917 808 961 et
831 907 994 961 l'ater
1015 909 1217 964 Christi
1242 910 1505 965 Dominus
1534 920 1637 974 est,
1663 922 1721 963 ut
1748 926 1842 964 ore
1876 924 1974 963 suo
2011 907 2172 962 Chri-

587 1010 707 1054 stus
749 1009 980 1055 testatur
1010 1004 1032 1055 ?
1064 1001 1174 1057 Nisi
1201 1019 1321 1073 qua:
1369 1003 1458 1057 Dei
1504 1004 1631 1057 boni
1679 1012 1825 1066 sunt,
1874 1017 2063 1057 eorum
2107 1015 2171 1053 ex

587 1109 745 1162 aequo
779 1102 832 1147 ct
867 1095 1069 1148 malum
1100 1111 1221 1151 esse
1255 1110 1414 1165 posse
1444 1096 1727 1150 dominum
1764 1096 1990 1150 dicant?
2020 1092 2171 1158 Quod

588 1186 629 1239 si
666 1185 922 1251 dixerint,
956 1187 1201 1251 attende,
1230 1187 1282 1241 in
1321 1196 1580 1258 quantam
1618 1187 1960 1256 impietatem
1994 1185 2176 1239 incur-

592 1288 735 1334 rent.
785 1280 841 1333 ln
886 1281 952 1335 iis
988 1281 1156 1346 enim,
1192 1297 1425 1350 quorum
1457 1296 1608 1350 a'qua
1640 1288 1884 1349 potestas
1913 1285 2016 1343 est,
2055 1287 2177 1332 uter

593 1372 939 1439 prmstantior
983 1373 1073 1434 sit,
1121 1372 1348 1442 reperiri
1388 1386 1495 1426 non
1538 1381 1737 1442 potest.
1791 1372 1927 1426 Nam
1968 1371 2011 1426 si
2067 1385 2177 1425 uno

592 1463 763 1517 invito
791 1464 929 1517 alter
988 1472 1092 1527 est,
1122 1463 1347 1533 aequalis
1381 1473 1436 1518 et
1470 1476 1567 1533 par
1596 1474 1681 1517 est
1737 1464 2027 1532 utriusque
2062 1472 2175 1517 tum

593 1554 695 1619 vis,
728 1564 841 1608 tum
874 1555 1241 1611 imbecillitas.
1273 1556 1520 1626 Equalis
1541 1557 1687 1611 enim
1714 1556 1797 1611 vis
1826 1572 1889 1610 ex
1917 1571 1984 1611 eo
2048 1570 2178 1625 per-

588 1644 776 1713 Spicua
819 1656 924 1711 est,
953 1646 1096 1715 quod
1129 1662 1188 1700 se
1219 1647 1455 1701 vicissim
1486 1656 1770 1716 superant,
1794 1662 1918 1700 cum
1961 1645 2181 1700 nolente

588 1738 762 1791 altero
793 1747 1023 1805 uterque
1046 1747 1162 1804 est;
1198 1753 1296 1807 par
1322 1748 1502 1792 autem
1536 1739 1881 1792 imbecillitas
1910 1738 2037 1792 inde
2062 1737 2178 1791 col-

2276 548 2375 601 καέ
2400 547 2512 614 τῆς
2539 547 2671 617 γῆς.
2701 549 2761 601 Ei
2789 549 2843 601 δὲ
2875 543 2953 609 εἷς
2977 551 3124 602 ἐστιν
3155 552 3182 603 ό
3204 549 3362 612 Θεὸς,
3388 550 3481 601 καὶ
3512 543 3668 611 οὗτος
3690 551 3862 620 ούραο

2279 639 2370 693 νοῦ
2419 643 2514 694 καὶ
2559 641 2664 709 γῆς
2695 641 2921 709 Κύριος,
2965 642 3083 704 πῶς
3120 641 3278 704 ἄλλος
3310 642 3376 694 ἂν
3413 643 3497 710 εἴη
3537 641 3671 703 Θεὸς
3707 643 3860 711 παρά

2277 730 2499 796 τοῦτονς
2548 731 2656 785 Ποῦ
2701 733 2755 784 δὲ
2804 735 2899 785 καὶ
2924 732 3080 786 ἔσται
3118 734 3146 784 ὁ
3192 732 3316 785 κατ’
3354 734 3555 796 αὐτοὺς
3591 732 3747 799 Θεδς,
3791 735 3862 786 τὰ

2280 818 2461 872 πάντα
2490 819 2585 872 τοῦ
2618 821 2779 889 μόνου
2811 822 2907 874 καὶ
2932 822 3190 891 ἀληθινοῦ
3219 824 3326 889 πλη
3338 822 3559 891 ροίντος
3586 824 3732 876 κατὰ
3758 823 3862 882 τὴν

2279 908 2374 962 τοῦ
2396 910 2628 979 οὐρανοῦ
2654 911 2746 963 καὶ
2764 911 2867 977 γῆς
2894 911 3190 981 περίληψιν
3220 930 3234 976 ;
3263 912 3385 972 Πῶς
3411 912 3467 964 δὲ
3496 914 3591 964 καὶ
3614 913 3775 975 ἄλλος
3795 912 3863 965 ἄν

2281 998 2370 1068 εἴη
2395 999 2644 1069 ποιητὴς,
2664 995 2741 1053 ὧν
2773 1001 2935 1062 αὐτὸς
2958 1005 2984 1054 ὁ
3008 1002 3139 1062 Θεὸς
3164 1002 3256 1054 καὶ
3278 1002 3470 1072 Πατὴρ
3497 1002 3591 1054 τοῦ
3619 1003 3864 1071 Χριστοῦ

2283 1092 2400 1143 ἐστι
2441 1089 2659 1159 Κύριος,
2696 1092 2839 1144 κατά
2869 1092 2969 1160 τὴν
2996 1092 3092 1144 τοῦ
3130 1092 3384 1162 Σωτῆρος
3417 1093 3643 1159 φωνήνς
3689 1092 3751 1144 El
3792 1094 3865 1161 μὴ

2283 1184 2389 1249 ἄρα
2421 1177 2555 1236 ὦσιν
2604 1186 2660 1237 ὲν
2701 1185 3024 1256 ἰσοστισίῳ,
3057 1186 3155 1239 καὶ
3191 1184 3300 1238 τῶν
3357 1185 3451 1238 τοῦ
3483 1183 3695 1252 ἀγαθοῦ
3725 1184 3865 1237 Θεοῦ

2283 1273 2375 1326 τὸν
2406 1274 2609 1343 φαῦλον
2632 1277 2893 1331 δύνασθαι
2923 1277 3177 1344 γενέσθαι
3209 1280 3417 1347 Κύριον
3448 1280 3678 1331 εἴποιεν.
3724 1277 3867 1329 Ἀλλ’

2287 1367 2382 1419 ἐὰν
2411 1367 2570 1419 τοῦτο
2602 1368 2856 1434 λέγωσιν,
2881 1369 2982 1438 ὅρα
3006 1373 3086 1433 εις
3115 1370 3248 1440 ὅσην
3278 1370 3535 1423 ἀσέϐειαν
3563 1370 3870 1423 ἐκπιπτου-

2291 1476 2395 1513 σιν.
2439 1446 2531 1513 Ἐν⁴
2554 1462 2664 1532 γὰρ
2692 1465 2803 1525 τοῖς
2823 1464 2891 1516 τὰ
2923 1462 3012 1516 ἶσα
3037 1464 3358 1530 δυναμένοις
3385 1463 3449 1515 τὸ
3477 1462 3747 1532 ὑπερέχον
3770 1462 3871 1515 καὶ

2287 1554 2533 1620 κρεῖττον
2581 1554 2681 1605 οὐκ
2714 1553 2780 1607 ἂν
2826 1554 3099 1626 εὑρεθείη.
3133 1556 3241 1609 Καὶ
3271 1555 3379 1625 γὰρ
3410 1557 3461 1608 εἰ
3500 1556 3573 1625 μὴ
3618 1555 3873 1618 θέλοντος

2288 1644 2379 1697 τοῦ
2416 1644 2604 1715 ἐτέρου
2643 1645 2699 1697 τὸ
2738 1646 2923 1714 ἕτερόν
2961 1648 3131 1707 ἐστιν,
3165 1647 3254 1715 ῐση
3286 1648 3610 1717 ἀμφοτέρων
3639 1647 3674 1715 ὴ
3705 1645 3874 1699 δύνα-

2292 1754 2404 1805 μις,
2440 1736 2533 1789 καὶ
2563 1736 2818 1790 ἀσθένειά
2853 1738 2999 1790 ἐστιν
3024 1752 3041 1770 ο
3075 1738 3163 1805 ῐση
3195 1737 3293 1806 μὲν
3333 1739 3364 1807 ἠ
3390 1736 3641 1805 δύναμις,
3668 1736 3754 1790 ὅτι
3786 1755 3874 1789 νι-

589 1827 798 1897 ligitur,
832 1830 973 1899 quod
1008 1846 1093 1884 res
1124 1842 1321 1899 praeter
1344 1830 1631 1899 utriusque
1665 1830 1992 1885 sententiam
2022 1830 2169 1883 acci-

2291 1828 2445 1881 ιῶσιν
2498 1828 2745 1898 ἀλλήλων
2793 1831 2893 1898 τὴν
2937 1828 3191 1899 βούλησιν
3244 1831 3301 1883 ὲν
3324 1828 3399 1900 τῷ
3443 1826 3587 1881 εἶναι
3623 1846 3637 1862 ·
3674 1830 3767 1898 ἴση
3821 1830 3878 1882 δὲ

591 1920 728 1972 dunt
748 1959 764 1984 ,
800 1919 1067 1989 siquidem
1098 1930 1151 1975 et
1179 1921 1399 1976 nolente
1423 1921 1564 1974 malo
1592 1922 1765 1975 bonus
1796 1930 1898 1985 est,
1931 1929 1984 1974 et
2006 1921 2177 1974 malus

591 2012 764 2066 invito
796 2011 963 2066 bono.
1004 2010 1296 2078 Prmterca,
1334 2014 1379 2067 si
1413 2016 1586 2068 malus
1614 2014 1795 2069 elfecit
1820 2029 1881 2066 ea
1912 2028 2032 2082 quae
2061 2028 2181 2066 cer-

590 2104 796 2171 nimus,
832 2104 1041 2173 ecquod
1082 2104 1209 2159 boni
1247 2106 1463 2160 tandem
1489 2105 1592 2159 erit
1619 2105 1805 2175 Opus?
1855 2102 1998 2157 Nihil
2035 2103 2177 2157 enim

591 2195 840 2250 cernitur
864 2206 1063 2264 praeter
1088 2194 1351 2249 mundum
1380 2197 1526 2250 hunc
1546 2195 1613 2249 ab
1635 2195 1826 2264 epilice
1853 2195 2179 2265 perlectum.

593 2289 716 2357 Quo
754 2290 920 2359 igitur
952 2289 1155 2344 indicio
1187 2304 1307 2343 esse
1337 2297 1698 2359 cognoscetur
1729 2289 1836 2352 ille,
1873 2289 1963 2357 qui
2010 2288 2183 2342 bonus

592 2398 698 2447 est,
728 2397 850 2436 cum
879 2381 1029 2435 nulla
1069 2390 1286 2436 exstent
1319 2396 1483 2450 opera
1513 2379 1703 2450 ipsius,
1740 2394 1802 2432 ex
1834 2379 2035 2448 quibus
2069 2377 2183 2445 ipse

590 2473 831 2543 dignosei
868 2473 1082 2542 queat?
1123 2472 1328 2527 Artifex
1368 2473 1512 2527 enim
1565 2488 1630 2526 ex
1663 2473 1924 2542 operibus
1976 2485 2180 2539 cogno-

592 2564 789 2618 scitur.
814 2563 932 2618 Jam
965 2564 1240 2633 quomodo
1265 2563 1423 2617 simul
1456 2578 1576 2617 esse
1608 2570 1866 2632 poterunt
1896 2562 2006 2614 duo
2037 2560 2181 2613 inter

593 2673 654 2712 se
688 2659 1011 2713 contraria?
1041 2660 1147 2712 Aut
1172 2657 1298 2726 quid
1333 2673 1394 2711 ea
1427 2657 1658 2719 dividet,
1684 2664 1743 2709 ut
1767 2653 2187 2725 disiungantur?

593 2751 731 2806 Nam
768 2760 827 2805 ut
866 2752 1027 2807 simul
1048 2752 1177 2815 sint,
1213 2752 1325 2805 ﬁeri
1358 2766 1467 2805 non
1503 2758 1705 2820 potest,
1738 2766 1858 2803 cum
1890 2760 2182 2817 utrumque

595 2844 827 2898 alterum
866 2845 1039 2899 tollat.
1078 2845 1270 2913 Neque
1300 2855 1357 2898 ut
1388 2859 1557 2898 unum
1604 2843 1656 2896 in
1705 2842 1878 2895 altero
1912 2841 2004 2905 sit,
2045 2855 2186 2909 quo-

594 2944 742 3000 niam
778 2954 968 2997 eorum
1012 2948 1205 2993 natura
1257 2936 1535 2991 dissimilis
1570 2950 1678 2989 non
1725 2934 1927 3003 patitur
1963 2932 2192 3000 conjun-

593 3039 854 3095 ctionem.
878 3035 1123 3090 Tertium
1153 3033 1317 3103 igitur
1347 3031 1472 3097 erit,
1500 3028 1642 3099 quod
1667 3044 1725 3083 ea
1759 3029 1994 3087 dirimat,
2015 3030 2185 3095 quod.

2281 1924 2313 1989 ἠ
2340 1920 2615 1983 ἀσθένεια,
2654 1922 2736 1973 ὅτι
2763 1921 2837 1991 μὴ
2870 1920 3218 1991 βουλομένοις
3239 1922 3423 1982 αὐτοῖς
3458 1922 3610 1990 παρᾶ
3638 1920 3879 1989 γνώμην

2282 2013 2571 2065 ἀποϐαίνει
2614 2013 2681 2065 τὰ
2730 2013 3057 2082 πράγματα.
3102 2015 3261 2066 Ἔστι
3312 2016 3421 2083 γὰρ
3469 2016 3561 2067 καὶ
3598 2016 3625 2067 ὁ
3667 2013 3880 2080 ἀγαθὸς

2284 2102 2439 2172 παρά
2480 2102 2705 2172 γνώμην
2748 2102 2842 2155 τοῦ
2886 2102 3121 2171 φαύλου.
3173 2103 3330 2155 Ἐστι
3368 2103 3423 2155 δὲ
3468 2104 3560 2156 καὶ
3603 2105 3632 2156 ό
3673 2103 3881 2171 φαῦλος

2286 2193 2437 2261 παρὰ
2463 2192 2720 2260 βούλησιν
2739 2193 2831 2246 τοῦ
2856 2192 3085 2260 ἀγαθοῦ.
3110 2194 3323 2256 ’Ἄλλως
3349 2211 3431 2257 τε,
3467 2192 3749 2247 καὶτοῦτο
3772 2196 3881 2262 γὰρ

2287 2287 2353 2339 ἄν
2386 2303 2471 2347 τις
2506 2286 2691 2348 αὐτοῖς
2719 2285 2886 2351 εἴποι,
2921 2287 2970 2338 ει
3004 2285 3073 2338 τὰ
3099 2286 3403 2356 φαινόμενα
3431 2286 3569 2353 ἔργα
3594 2284 3694 2338 τοῦ
3730 2285 3881 2352 φαύ-

2289 2377 2379 2429 λου
2424 2377 2560 2440 ἐστὶ,
2609 2378 2661 2428 τί
2713 2377 2774 2429 τὸ
2828 2377 2990 2446 ἔργον
3036 2379 3130 2430 τοῦ
3176 2377 3421 2446 ἀγαθούς
3469 2376 3728 2431 Φαίνεται
3773 2378 3883 2445 γὰρ

2288 2471 2444 2523 οὐδὲν
2482 2471 2626 2539 πλὴν
2662 2471 2761 2537 τῆς
2794 2470 2889 2523 τοῦ
2923 2470 3263 2541 δημιουργοῦ
3298 2473 3554 2532 κτίσεως.
3584 2472 3651 2522 Τί
3683 2471 3743 2523 δὲ
3788 2470 3884 2523 καὶ

2289 2564 2383 2616 τοῦ
2431 2558 2573 2616 εἶναι
2612 2564 2703 2615 τὸν
2745 2563 2948 2631 ἀγαθὸν
2994 2564 3308 2632 γνώρισμα,
3355 2565 3457 2615 οῦκ
3491 2564 3662 2617 ὄντων
3709 2563 3883 2615 αὐτοῦ

2291 2659 2499 2726 ἔργων,
2536 2656 2603 2709 δι’
2635 2649 2708 2709 ὧν
2746 2657 2812 2709 ἂν
2858 2656 3165 2727 γνωσθείη;
3214 2656 3309 2708 Ἐκ
3346 2657 3454 2725 γὰρ
3490 2655 3599 2708 τῶν
3633 2656 3825 2724 ἔργων
3863 2658 3889 2707 ό

2291 2749 2630 2819 δημιουργὸς
2654 2749 3007 2816 γινώσκεται.
3041 2750 3165 2810 Πῶς
3193 2749 3248 2802 δὲ
3273 2748 3411 2810 ὅλως
3447 2749 3542 2800 καὶ
3576 2748 3672 2801 δύο
3696 2748 3771 2801 ἂν
3801 2750 3886 2818 εἴη

2293 2838 2513 2892 ἐναντία
2540 2838 2824 2908 ἁλλήλων;
2860 2838 2927 2891 Ἣ
2962 2839 3015 2891 τί
3046 2839 3107 2891 τὺ
3137 2836 3385 2905 διαιροῦν
3416 2840 3533 2890 ἐστι
3573 2837 3760 2890 ταῦτα
3794 2838 3887 2889 ἵνα

2296 2932 2468 3002 χωρὶς
2520 2932 2765 3001 ἀλλήὶων
2817 2932 3127 2999 γένωνταις
3183 2925 3326 2985 εἶναι
3377 2933 3487 3001 γὰρ
3537 2928 3717 2984 ταῦτα
3775 2930 3893 2998 ἅμα

2300 3021 2562 3074 ἀδύνατον
2587 3060 2601 3086 ,
2642 3022 2732 3074 διὰ
2766 3021 2826 3073 τὸ
2860 3019 3186 3090 ἁναιρετικὰ
3226 3021 3478 3089 ἀλλήλων
3518 3014 3685 3072 εἶναι.
3744 3020 3893 3071 Ἀλλ’

594 3146 704 3201 que
733 3130 804 3185 sit
844 3137 899 3183 et
941 3127 1118 3198 ipsum
1154 3124 1317 3180 Deus.
1355 3124 1424 3177 At
1452 3122 1766 3193 qualisnam
1803 3120 1905 3173 erit
1944 3128 1997 3171 et
2041 3116 2183 3171 tertii

2300 3115 2418 3168 οὐδὲ
2449 3115 2638 3183 ἕτερον
2669 3117 2725 3169 ὲν
2750 3115 2922 3185 ἑτέρῳ
2946 3113 3198 3183 δυνηθείη
3233 3114 3301 3165 ἂν
3360 3107 3501 3164 εἶναι
3534 3110 3623 3163 διὰ
3663 3110 3729 3162 τὸ
3765 3110 3894 3179 ἆμι-

596 3222 837 3281 natura?
881 3221 1086 3276 Bonive
1127 3217 1347 3280 similis,
1380 3231 1447 3270 an
1486 3215 1655 3268 mali?
1696 3213 1991 3279 Utriusque
2033 3212 2180 3264 enim

594 3333 719 3372 esse
776 3331 885 3370 non
934 3320 1135 3383 potest.
1185 3307 1328 3377 Ergo
1375 3324 1497 3363 cum
1544 3309 1768 3361 istorum
1815 3313 2184 3359 commentum

597 3410 846 3481 putidum
880 3421 1005 3462 esse
1041 3404 1418 3467 convincatur,
1459 3400 1825 3455 necessarium
1871 3406 1956 3451 est
2009 3405 2067 3449 ut
2100 3410 2189 3449 ec—

598 3502 921 3560 clesiasticae
967 3497 1231 3554 doctrinae
1279 3496 1485 3550 veritas
1531 3494 1765 3556 eluceat,
1854 3506 1974 3561 qum
2028 3489 2190 3543 tradit

601 3599 805 3652 malum
836 3609 939 3649 nec
970 3597 1000 3647 a
1039 3592 1151 3645 Deo
1181 3589 1509 3660 profectum,
1540 3603 1641 3641 nec
1674 3586 1726 3639 in
1771 3584 1880 3638 Deo
1914 3599 2058 3650 csse,
2090 3597 2190 3637 nec

606 3692 676 3745 ab
705 3689 861 3744 initio
894 3687 1066 3742 fuisse
1103 3684 1328 3747 factum,
1361 3696 1537 3750 neque
1573 3689 1846 3743 naturam,
1878 3688 1970 3732 aut
1998 3691 2187 3730 essen—

598 3786 731 3840 tiam
768 3783 890 3852 ejus
918 3781 1081 3835 ullam
1114 3777 1402 3841 exsistere,
1436 3776 1527 3828 sed
1549 3773 1797 3827 homines
1831 3770 2187 3841 privationem

596 3875 729 3934 boni
757 3874 1085 3945 cogitantes,
1116 3869 1347 3940 empisse
1370 3883 1457 3930 ea,
1484 3882 1606 3936 qua:
1631 3882 1740 3920 non
1774 3874 1922 3924 sunt,
1958 3877 2188 3932 qumque

598 3970 698 4037 ipsi
747 3968 958 4034 volunt,
1007 3964 1108 4019 sibi
1155 3963 1286 4032 ipsis
1332 3960 1647 4031 conﬁngere
1675 3999 1689 4020 ,
1737 3966 1792 4012 et
1822 3954 2188 4011 comminisci.

602 4057 1076 4127 Quemadmodum
1109 4054 1255 4108 enim
1291 4052 1332 4105 si
1362 4053 1483 4119 quis
1514 4052 1729 4101 lucente
1760 4048 1892 4112 sole,
1935 4058 1989 4101 et
2022 4046 2190 4100 radiis

603 4152 721 4205 suis
749 4161 949 4203 terram
983 4145 1293 4199 universam
1328 4142 1632 4196 illustrante
1663 4138 1921 4195 clauserit
1968 4138 2181 4204 oculos,

599 4237 703 4294 sibi
738 4238 857 4305 Ipse
890 4235 1161 4294 tenebras,
1193 4244 1315 4299 qua:
1344 4228 1512 4284 nulla:
1551 4240 1698 4297 sunt,
1732 4229 1943 4300 pariet;
1977 4243 2041 4283 ex
2081 4244 2190 4298 quo

601 4329 718 4393 lict,
746 4337 803 4382 ut
831 4342 1022 4383 errans
1054 4326 1108 4378 in
1137 4321 1377 4378 tenebris
1412 4322 1672 4386 ambulet,
1714 4334 1768 4377 et
1803 4337 1944 4391 sape
1972 4321 2190 4386 titubet,

602 4431 659 4475 et
689 4420 870 4485 cadat,
903 4428 959 4474 et
997 4434 1027 4473 e
1057 4419 1195 4473 locis
1226 4418 1518 4488 pneruptis
1547 4433 1787 4487 prazccps
1824 4425 1969 4483 ruat,
2001 4416 2188 4469 existi-

2297 3224 2426 3259 κτον
2449 3207 2537 3259 mi
2562 3207 2814 3274 ἀνόμοιον
2840 3205 3021 3258 αὐτῶν
3048 3204 3148 3274 τῆς
3177 3203 3411 3271 φύσεως.
3436 3201 3650 3258 Ούκοῦν
3676 3203 3751 3253 ἐκ
3777 3203 3892 3270 τρε-

2292 3315 2384 3351 του
2437 3298 2496 3351 τὸ
2543 3296 2787 3367 διαιροῦν
2826 3298 3151 3365 φανήσεται,
3185 3298 3280 3349 καὶ
3333 3295 3467 3348 αὐτὸ
3506 3293 3663 3355 Θεός.
3727 3294 3893 3347 Ἀλλὰ

2299 3394 2455 3456 ποίας
2482 3392 2547 3446 ἂν
2578 3394 2661 3462 εἴη
2694 3394 2786 3446 καὶ
2812 3392 2871 3444 τὸ
2902 3392 3087 3462 τρίτον
3113 3390 3364 3459 φύσεω;;
3400 3390 3636 3457 Πότερον
3661 3389 3769 3457 τῆς
3800 3387 3893 3440 τοῦ

2292 3481 2482 3548 καλοῦ,
2510 3483 2542 3553 ἢ
2576 3484 2671 3549 τῆς
2696 3481 2790 3533 τοῦ
2827 3480 3030 3549 φαύλου
3061 3497 3075 3544 ;
3108 3480 3203 3549 τῆς
3236 3480 3346 3549 γὰρ
3376 3479 3712 3550 ἀμφοτέρων
3744 3475 3889 3535 εἶναι

2293 3576 2423 3627 αὐτὸ
2455 3574 2739 3627 ἀδύνατον.
2780 3572 2993 3643 Σαθρᾶς
3022 3570 3086 3641 δὴ
3127 3572 3309 3623 τοίνυν
3339 3571 3436 3640 τῆς
3467 3571 3736 3638 τοιαύτης
3772 3571 3895 3622 δια·

2297 3669 2446 3732 νοέας
2482 3668 2662 3721 αὐτῶν
2698 3667 3051 3737 φαινομένης,
3088 3666 3304 3733 ἀνάγκη
3335 3665 3434 3736 τὴν
3470 3665 3741 3734 ἀλήθειαν
3772 3666 3894 3719 διαο

2296 3764 2536 3831 λάμπειν
2566 3762 2665 3830 τῆς
2694 3759 3165 3828 ἐκκλησιαστικῆς
3195 3760 3476 3825 γνώσεως,
3510 3759 3592 3811 ὅτι
3624 3759 3687 3810 τὸ
3720 3760 3897 3813 κακὸν

2297 3855 2359 3908 οὐ
2393 3855 2545 3924 παρὰ
2574 3852 2730 3912 Θεοῦ,
2763 3852 2885 3905 οὐδὲ
2922 3852 2978 3903 ἐν
3005 3849 3144 3918 Θεῷ,
3176 3848 3300 3900 οῦτε
3335 3848 3394 3911 ἐξ
3428 3848 3606 3916 ἀρχῆς
3636 3848 3899 3914 γέγονεν,

2293 3946 2416 3999 οῦτε
2440 3945 2597 3998 οὐσία
2617 3944 2700 4005 τίς
2722 3944 2869 3995 ἐστιν
2906 3940 3093 4001 αὐτοῦ,
3120 3938 3257 3994 ἀλλὰ
3278 3938 3554 4007 ἄνθρωποι
3600 3940 3750 3991 κατὰ
3778 3940 3905 3991 στέ-

2299 4055 2457 4111 ρησιν
2486 4037 2589 4104 τῆς
2621 4036 2715 4088 τοῦ
2746 4033 2917 4088 καλοῦ
2952 4032 3258 4102 φαντασίας
3289 4033 3503 4092 ἑαυτοῖς
3531 4034 3780 4083 ἐπινοεῖν
3804 4032 3906 4101 ἧρ-

2298 4136 2458 4196 ξαντο
2485 4131 2579 4183 καὶ
2604 4128 2972 4182 ἀναπλάττειν
2994 4126 3062 4181 τὰ
3085 4126 3184 4178 οὐκ
3206 4125 3352 4187 ὅντα,
3378 4125 3472 4177 καὶ
3501 4122 3608 4177 ἀπε
3617 4143 3648 4193 ρ
3678 4123 3905 4193 βούλον-

2296 4242 2407 4278 ται.
2456 4223 2545 4286 Ὠς
2580 4222 2687 4290 γὰρ
2716 4221 2782 4274 ἄν
2806 4238 2891 4283 τις
2923 4219 3078 4290 ἡλίου
3113 4219 3423 4289 φαίνοντος,
3452 4217 3548 4269 καὶ
3578 4217 3771 4285 πάσης
3803 4216 3909 4284 τῆς

2297 4317 2401 4383 γῆς
2427 4315 2504 4384 τῷ
2531 4315 2671 4382 φωτὶ
2691 4313 2881 4367 τούτου
2904 4310 3434 4381 καταλαμπομένης,
3461 4308 3747 4377 καμμύων
3776 4307 3910 4368 τοὺς

2298 4407 2618 4477 ὀφθαλμοὺς
2642 4405 2834 4466 σκότος
2863 4402 3040 4472 ἐαυτῷ
3069 4403 3299 4462 ἐπινοεῖ,
3332 4400 3432 4452 οὐκ
3454 4398 3610 4460 ὄντος
3640 4399 3907 4460 σκότους,

603 4530 761 4569 mans
802 4514 979 4569 lucem
1023 4528 1132 4568 non
1182 4514 1392 4579 adesse,
1441 4513 1536 4568 sed
1580 4512 1853 4579 tenebras,
1886 4527 2022 4582 quas
2059 4526 2183 4565 cum

2295 4504 2387 4556 καὶ
2426 4499 2613 4552 λοιπίν
2643 4498 2717 4561 ὼς
2758 4499 2815 4550 ὲν
2849 4499 3033 4548 σκότει
3056 4492 3406 4561 πλανώμενος
3437 4491 3743 4558 περιπατεῖ
3776 4488 3911 4538 πολε

601 4608 802 4663 intueri
846 4624 905 4663 se
938 4617 1110 4678 putet,
1150 4608 1285 4662 nihil
1317 4606 1461 4661 videt
1490 4624 1502 4659 :
1548 4605 1628 4660 sic
1666 4614 1721 4658 et
1752 4604 2035 4659 hominum
2068 4602 2187 4657 ani-

604 4716 727 4755 mus
773 4700 1036 4755 claudens
1081 4701 1280 4756 mentis
1316 4698 1523 4761 oculos,
1560 4696 1761 4767 quibus
1795 4704 1973 4765 potest
2012 4694 2185 4750 Deum

606 4808 856 4858 cernere,
889 4793 991 4848 sibi
1024 4794 1143 4862 ipse
1189 4794 1328 4846 mala
1359 4789 1706 4860 excogitavit,
1738 4788 1791 4842 in
1825 4787 2028 4857 quibus
2061 4802 2183 4842 sese

608 4900 855 4950 movens,
884 4896 1060 4940 nescit
1093 4900 1173 4949 se,
1211 4885 1339 4938 dum
1376 4884 1588 4939 videtur
1617 4880 1716 4935 sibi
1747 4880 1927 4935 facere
1963 4879 2188 4948 aliquid,

2289 4591 2448 4654 λάκις
2496 4592 2730 4653 πίπτων,
2759 4587 2855 4641 καὶ
2896 4585 3038 4639 κατά
3060 4584 3323 4654 κρημνῶν
3361 4581 3611 4647 ὑπάγων,
3655 4578 3911 4647 νομίζων

2292 4682 2394 4734 οὐκ
2422 4677 2561 4732 εἶναι
2592 4678 2726 4747 φῶς,
2755 4676 2892 4730 ἀλλά
2920 4676 3135 4738 σκότος,
3181 4677 3353 4728 δοκων
3400 4672 3511 4742 γὰρ
3545 4669 3776 4739 βλέπειν
3798 4668 3910 4718 οὐδ’

2296 4773 2432 4835 ὅλως
2464 4772 2604 4841 ὁρᾷ·
2641 4768 2784 4822 οὕτω
2815 4768 2909 4820 καὶ
2941 4766 3140 4837 ἡψυχὴ
3170 4765 3277 4817 τῶν
3314 4762 3621 4833 ἀνθρώπων
3670 4758 3914 4828 καμμύο

2304 4885 2443 4921 σασα
2486 4867 2578 4917 τὸν
2608 4861 2890 4931 ὀφθαλμὸν
2912 4901 2926 4925 ,
2964 4860 3032 4913 δι’
3066 4855 3127 4912 οῦ
3162 4859 3253 4912 τὸν
3288 4858 3422 4910 Θεὸν
3456 4856 3590 4925 όρᾷν
3628 4854 3875 4905 δύναται
3896 4890 3910 4911 .

2303 4958 2473 5027 ἑαυτῇ
2507 4957 2572 5008 τὰ
2600 4957 2745 5007 κακά
2775 4952 3123 5019 ὲπενεόησεν,
3156 4951 3213 5001 ὲν
3244 4942 3326 5010 οἷς
3353 4947 3656 5013 κινουμένη
3689 4944 3802 4994 οῦκ
3831 4936 3897 4993 οἶ-

607 4978 971 5033 nihilfacere.
1007 4978 1187 5047 Fingit
1230 4976 1376 5031 enim
1418 4991 1539 5045 quae
1577 4990 1684 5029 non
1737 4983 1885 5035 sunt,
1932 4988 2034 5027 nec
2073 4972 2195 5026 talis

608 5081 815 5132 manet,
862 5067 1039 5138 qualis
1070 5068 1246 5121 factus
1274 5074 1379 5129 est,
1445 5064 1537 5119 sed
1571 5062 1783 5133 qualem
1812 5078 1870 5117 se
1900 5062 2015 5129 ipse
2045 5075 2192 5114 com-

612 5162 854 5222 miscuit,
884 5160 1005 5215 talis
1027 5160 1188 5213 etiam
1221 5168 1468 5229 apparet.
1498 5156 1632 5210 Nam
1665 5156 1755 5225 qui
1789 5156 1965 5208 factus
1990 5164 2094 5214 est,
2130 5163 2191 5207 ut

612 5249 782 5307 Deum
811 5251 1101 5321 aspiceret,
1126 5260 1180 5303 et
1205 5250 1577 5309 illustraretur
1601 5263 1629 5300 a
1668 5249 1797 5308 Deo,
1823 5246 1926 5301 sibi
1962 5246 2076 5315 ipse
2105 5259 2188 5306 ea,

613 5357 735 5411 qum
792 5351 1246 5408 corrumpuntur,
1301 5350 1356 5394 et
1407 5339 1660 5393 tenebras
1704 5337 2067 5407 conquisivit.
2119 5337 2194 5392 Ut

613 5434 845 5504 quodam
881 5435 999 5489 loco
1042 5432 1319 5501 Scriptura
1368 5429 1634 5500 significat
1662 5449 1675 5485 :
1708 5427 1875 5493 Fecit,
1914 5429 2192 5497 inquiens.

614 5528 756 5583 Deus
778 5528 1040 5583 houiinem
1066 5537 1261 5581 rectum
1286 5528 1327 5591 ³,
1344 5540 1423 5578 'ac
1458 5524 1571 5593 ipse
1595 5524 1695 5577 sibi
1722 5523 1961 5577 rationes
1993 5520 2197 5575 multas

611 5620 957 5689 excogitavit.

2299 5051 2390 5104 δεν
2418 5050 2500 5102 ὅτι
2541 5047 2777 5103 δοκοῦσά
2811 5063 2863 5098 τι
2904 5049 3078 5098 ποιεῖν
3117 5043 3271 5095 οὐδὲν
3305 5042 3472 5093 ποιεῖ.
3504 5038 3586 5089 Τὰ
3629 5037 3737 5089 οῦκ
3771 5036 3911 5087 ὄντα

2301 5142 2410 5212 γὰρ
2440 5140 2871 5198 ἀναπλάττεται,
2921 5137 3017 5193 καὶ
3053 5136 3152 5207 οὐχ
3193 5134 3355 5189 ὁποία
3403 5130 3638 5199 λέγομεν
3664 5126 3917 5191 τοιαύτη

2299 5235 2397 5287 καὶ
2465 5232 2704 5302 ἔμεινεν,
2758 5228 2874 5282 ἀλλ’
2924 5231 3115 5281 ὁποίαν
3167 5224 3368 5294 ἑαυτὴν
3416 5225 3614 5290 ἀνέφυε
3669 5218 3913 5287 τοιαύτη

2301 5327 2397 5381 καὶ
2429 5326 2707 5396 φαίνεται.
2745 5323 2944 5391 Γέγονε
2984 5321 3083 5390 μὲν
3114 5319 3224 5388 γὰρ
3264 5321 3344 5378 εἰς
3378 5316 3438 5369 τὸ
3475 5316 3609 5384 όρᾷν
3639 5314 3736 5363 τὸν
3769 5312 3918 5363 Θεὸν

2304 5421 2402 5473 καὶ
2432 5419 2524 5472 ὑπ’
2554 5417 2721 5470 αὑτοῦ
2754 5414 3107 5485 φωτίζεσθαι,
3138 5412 3280 5481 αῦτη
3307 5411 3364 5464 δὲ
3397 5409 3517 5463 ἀντὶ
3545 5406 3640 5460 τοῦ
3671 5405 3820 5457 Θεοῦ
3846 5408 3920 5459 τὰ

2311 5512 2555 5583 φθαρτὰ,
2614 5511 2710 5564 καὶ
2752 5509 2815 5562 τὸ
2868 5507 3057 5569 σκότος
3092 5505 3383 5577 ἐζήτησεν,
3441 5503 3516 5566 ὥς
3560 5517 3663 5554 που
3710 5500 3820 5552 καὶ
3883 5498 3923 5567 ἡ

2309 5607 2500 5677 Γραφή
2526 5622 2691 5674 φησιν
2717 5618 2732 5633 ’
2775 5603 2838 5675 έΟ
2868 5601 3041 5675 [Θεὸς
3077 5600 3186 5655 τὸν
3241 5599 3562 5667 ἄνθρωπον
3608 5596 3928 5661 ἐποίησεν

2314 5699 2481 5768 εἰνθῆ,
2521 5699 2672 5751 αὐτοὶ
2707 5696 2763 5752 δὲ
2793 5697 3063 5768 ἐζήτησαν
3090 5694 3389 5764 λογισμοὺς
3416 5688 3661 5750 πολλούς.

697 5798 713 5831 ⁸
748 5797 933 5853 Matt-Ii.
963 5816 1039 5864 xu,
1073 5801 1158 5852 25.
1241 5802 1259 5830 ²
1296 5801 1467 5855 Ecclc.
1509 5816 1602 5863 vit,
1637 5798 1726 5856 30.
