4024 6208
416 335 515 399 311

1649 336 1854 397 EUTIl
1869 337 2031 397 ΥΜΙΙ
2075 335 2436 395 ZlGABENI

3569 331 3680 394 3l2

415 449 582 519 idque
612 463 797 518 perse
827 448 1149 516 consistere,
1176 463 1285 502 non
1317 456 1496 502 autem
1543 463 1572 502 a
1629 447 1740 504 Deo
1789 448 1988 503 factum

2100 447 2188 501 τοῦ
2221 447 2500 516 προφήτου
2555 445 2732 514 λόγων
2773 445 3174 513 ἐξαπατῶνται.
3228 443 3323 497 Ἐκ
3364 443 3428 515 δὴ
3480 443 3676 497 τούτου

415 556 559 606 esse,
587 556 651 595 ex
703 541 832 610 ipsis
865 542 1146 611 pr0phetie
1195 539 1388 596 verbis:
1425 539 1719 612 significari
1779 542 1989 604 dicunt,

413 631 506 685 sed
556 630 836 685 falluntur.
870 629 946 683 Ex
993 629 1099 683 hoc
1153 629 1318 684 verbo
1369 645 1488 699 qua:
1531 647 1640 685 non
1692 647 1890 702 pravae,
1940 642 1995 687 et

414 723 596 792 impiae
649 722 933 790 Opiniones
994 720 1240 776 conficta.-
1295 723 1462 776 sunt?
1511 724 1586 778 Ex
1655 724 1756 779 hac
1825 740 1992 794 prava

413 815 607 869 vocula
643 827 801 880 quam
850 825 1043 882 graves
1069 812 1182 882 lupi
1230 814 1569 869 occasionem
1617 816 1992 886 arripuerunt,

414 914 474 958 ut
507 905 600 958 Dei
643 918 857 974 gregem
896 903 1274 970 tlilacerarent,
1309 915 1364 960 et
1394 906 1606 962 animos
1640 907 1995 963 invaderent?

411 993 604 1048 Nonne
657 993 960 1048 Marciones
1014 995 1140 1050 hinc
1211 998 1548 1065 eruperunt?
1601 1013 1787 1054 nonne
1862 1000 1994 1054 hinc

414 1086 684 1140 Valentini
741 1087 918 1141 exorti
973 1087 1144 1141 sunt?
1212 1103 1396 1141 nonne
1466 1089 1592 1143 hinc
1661 1091 1995 1144 exsecranda

413 1177 834 1232 Manichzeorum
876 1177 1097 1232 haeresis
1129 1178 1366 1248 profecta
1405 1179 1522 1234 est?
1567 1195 1729 1250 quam
1782 1181 1827 1235 si
1874 1183 1997 1248 quis

414 1281 627 1338 putrem
661 1268 1024 1324 Ecclesiarum
1057 1269 1263 1324 saniem
1311 1270 1565 1342 appellet,
1612 1287 1723 1326 non
1769 1273 1992 1329 errabit.

414 1363 569 1428 Quod
605 1372 744 1415 terra
777 1369 920 1414 esset
947 1359 1256 1420 invisibilis,
1302 1375 1368 1414 ex
1415 1375 1500 1424 eo,
1536 1361 1677 1430 quod
1725 1362 1993 1432 sequitur,

414 1453 786 1509 confirmatur.
820 1451 1086 1516 Quoniam
1126 1453 1370 1524 abyssus,
1410 1468 1530 1526 qua:
1571 1454 1642 1508 illi
1673 1455 1994 1521 inhaerebat,

412 1557 528 1602 erat
545 1548 658 1617 ipsa
679 1561 893 1617 quoque
915 1547 1149 1601 tenebris
1168 1547 1425 1602 involuta.
1463 1549 1824 1614 Quamobrem
1849 1548 1998 1620 abys-

411 1653 507 1694 sus
539 1653 648 1693 non
683 1647 767 1692 est
821 1638 1113 1692 multitudo
1140 1638 1543 1694 adversantium
1564 1650 1918 1710 potestatum,
1940 1649 1999 1696 ut

413 1731 632 1795 quidam
671 1730 874 1800 Opinati
925 1738 1073 1784 sunt.
1134 1728 1242 1784 Nec
1295 1732 1534 1786 tenebrae
1581 1742 1708 1787 sunt
1756 1735 1996 1803 potentia

413 1823 656 1893 quaedam
693 1824 964 1892 princeps,
1000 1832 1052 1877 et
1087 1823 1355 1893 improba,
1401 1841 1522 1896 quae
1576 1825 1778 1879 bonum
1818 1826 1993 1896 ipsum
2029 1803 2068 1858 Β

415 1918 712 1987 impugnet.
747 1917 863 1970 Duo
891 1916 1058 1980 enim,
1089 1932 1209 1986 qua:
1240 1917 1343 1972 sibi
1373 1917 1610 1972 vicissim
1653 1918 1823 1987 aequis
1867 1917 1997 1972 viri-

413 2008 516 2062 bus
546 2007 765 2077 praedita
809 2009 1188 2073 adversentur,
1241 2024 1360 2066 sese
1409 2018 1597 2063 mutuo
1647 2019 1998 2080 corrumpent

413 2101 656 2163 omnino,
712 2108 765 2155 et
822 2110 1087 2171 perpetuo
1145 2101 1287 2156 bello
1341 2102 1416 2157 sic
1486 2102 1877 2165 distrahentur,
1938 2111 1996 2168 ut

410 2193 685 2260 negotium
718 2209 995 2262 nunquam
1041 2208 1150 2247 non
1191 2193 1446 2260 habeant,
1499 2205 1553 2249 et
1600 2196 1706 2250 sibi
1756 2197 1995 2250 vicissim

411 2284 725 2338 exhibeant.
763 2283 916 2350 Quod
955 2287 997 2340 si
1045 2285 1255 2341 vitibus
1287 2302 1453 2340 unum
1504 2288 1996 2355 pra'stiterit,alte-

409 2390 532 2430 rum
566 2391 790 2445 prorsus
843 2377 1108 2432 abolebit.
1157 2377 1344 2447 Itaque
1407 2377 1450 2432 si
1506 2393 1693 2447 parem
1742 2379 1888 2442 mali,
1941 2387 1996 2433 et

408 2471 534 2526 boni
571 2472 674 2524 vim
713 2484 832 2526 esse
863 2479 1126 2535 statuunt,
1155 2469 1432 2525 assiduum
1484 2471 1708 2534 bellum,
1762 2481 1816 2525 et
1869 2487 1994 2542 per-

407 2571 632 2630 petuum
665 2561 942 2616 interitum
986 2560 1361 2625 introducunt,
1389 2577 1510 2616 eum
1541 2565 1743 2632 pariter
1777 2571 1832 2616 et
1878 2563 1997 2616 vin-

408 2664 497 2709 cat
526 2666 840 2722 utrumque,
875 2663 929 2708 et
963 2653 1213 2708 vincatur
1243 2654 1309 2708 ab
1341 2652 1536 2708 altero.
1591 2654 1683 2708 Sin
1733 2653 1860 2708 boni
1913 2655 1994 2710 vis

408 2747 706 2807 antecellit.
733 2745 861 2816 quid
885 2746 1083 2811 obstat,
1103 2746 1394 2815 quominus
1412 2755 1603 2800 natura
1629 2746 1750 2800 mali
1771 2748 1991 2816 penitus

408 2839 692 2896 deleatur?
724 2839 819 2892 Sin
855 2847 1066 2902 contra,
1099 2836 1243 2906 quod
1275 2836 1438 2892 nefas
1464 2849 1547 2893 est
1574 2839 1778 2903 dicere,
1802 2840 1989 2906 miror,

408 2947 506 2986 cur
541 2945 648 2985 non
681 2943 712 2983 a
741 2944 799 2983 se
853 2927 1070 2998 ipsimet
1111 2927 1345 2997 fugiant,
1400 2937 1453 2982 ct
1500 2929 1850 2995 abhorreant,
1897 2931 1990 3000 qui

407 3034 518 3077 tam
553 3023 716 3093 impia
745 3030 800 3077 et
854 3020 1176 3076 detestanda
1228 3021 1518 3075 maledicta
1572 3022 1996 3077 comminiscun-

406 3127 517 3177 tur.
549 3115 657 3171 Nec
689 3126 871 3171 tamen
923 3115 1071 3186 pium
1102 3121 1184 3169 est
1233 3114 1413 3168 dicere
1451 3113 1519 3169 ab
1565 3115 1682 3185 ipso
1725 3115 1835 3169 Deo
1883 3131 1995 3169 ma-

405 3209 518 3264 lum
578 3208 730 3263 oriri.
791 3205 1246 3277 Quandoquidem
1299 3206 1506 3260 nullum
1571 3207 1901 3260 contrarium
1964 3224 1992 3261 a

407 3295 683 3358 contrario
737 3301 818 3356 iit.
885 3300 1072 3370 Neque
1113 3300 1258 3354 enim
1297 3300 1405 3352 vita
1465 3309 1693 3352 mortem
1751 3309 1992 3370 generat.

404 3396 517 3451 Nec
573 3395 810 3450 tenebrat
865 3393 1042 3447 lucem
1100 3391 1335 3462 pariunt.
1395 3389 1504 3444 Nec
1567 3389 1786 3444 morbus
1840 3391 1990 3444 vale-

409 3485 654 3538 tudinem
712 3483 893 3540 ellicit.
931 3484 998 3538 At
1033 3483 1076 3537 si
1129 3481 1352 3543 malum,
1415 3480 1691 3549 inquiunt,
1745 3495 1848 3535 nec
1909 3479 1992 3532 in-

406 3577 652 3648 genitum
699 3585 803 3640 est,
869 3591 970 3632 nec
1003 3575 1242 3646 genitum
1294 3590 1324 3628 a
1376 3573 1506 3638 Deo,
1561 3573 1702 3626 unde
1745 3583 1992 3627 naturam

407 3667 611 3722 habet?
637 3666 770 3722 Nam
812 3667 949 3722 mala
974 3667 1189 3738 quidem
1219 3682 1339 3721 esse
1387 3667 1569 3721 nullus
1611 3665 1847 3736 negabit,
1901 3663 1993 3734 qui

348 3745 357 3756 ’
404 3762 530 3815 vita:
576 3775 802 3816 munere
837 3760 1115 3831 fungatur.
1169 3759 1309 3823 Quid
1346 3758 1508 3831 igitur
1561 3758 1844 3814 dicemus?
1880 3757 1993 3810 Ma-

407 3853 519 3908 lum
571 3868 681 3906 non
733 3867 852 3906 esse
914 3862 1165 3906 naturam
1205 3851 1408 3914 vivam,
1466 3859 1627 3920 atque
1673 3851 1992 3914 animatam,

408 3946 502 4000 sed
542 3945 885 4000 aﬂectionem
915 3945 1203 4015 quamdam
1230 3944 1282 3998 in
1319 3944 1524 4008 animo,
1578 3961 1696 4013 qua:
1737 3941 1992 4011 quoniam

407 4037 476 4090 ab
514 4037 746 4090 honesto
774 4036 1010 4099 decedit,
1059 4045 1142 4090 est
1180 4034 1362 4088 virtuti
1389 4034 1682 4094 contraria,
1706 4042 1758 4085 et
1786 4031 1994 4101 ignavis

409 4127 734 4181 innascitur.
774 4129 953 4191 Quare
986 4143 1097 4181 non
1130 4135 1233 4187 est,
1277 4143 1375 4180 cur
1417 4127 1616 4178 malum
1669 4123 1995 4178 intrinsecus

411 4216 760 4288 pervestiges,
791 4228 883 4272 aut
911 4219 1210 4287 principem
1239 4217 1398 4270 ullam
1427 4216 1791 4285 improbitatis
1824 4225 1991 4269 natu-

407 4325 526 4364 ram
577 4309 842 4379 opineris,
882 4311 974 4364 sed
1001 4298 1112 4365 sua‘
1136 4310 1368 4379 quisque
1393 4309 1608 4363 malitiae
1637 4325 1693 4363 se
1715 4319 1991 4364 auctorem

407 4414 686 4474 agnoscat.
722 4403 958 4458 Proinde
996 4419 1225 4474 quorum
1269 4413 1324 4459 tu
1371 4404 1626 4458 dominus
1675 4418 1754 4464 es,
1805 4419 1992 4458 eorum

409 4495 623 4550 aliunde
657 4512 725 4551 ne
752 4512 966 4566 quzeras
1011 4495 1182 4551 initia.
1221 4495 1328 4550 Sed
1380 4495 1636 4564 intelligc,
1675 4496 1816 4564 quod
1869 4511 1994 4564 pro-

408 4588 548 4656 prie.
603 4597 658 4643 et
687 4603 814 4644 vere
859 4589 1059 4644 malum
1112 4596 1215 4652 est,
1270 4588 1323 4643 id
1357 4603 1420 4640 ex
1474 4587 1780 4641 voluntario
1837 4586 1989 4657 lapsu

412 4679 740 4748 principium
799 4680 1024 4735 dueere.
1090 4679 1222 4735 Nam
1277 4683 1320 4736 si
1385 4690 1578 4751 prmter
1659 4685 1992 4735 voluntatem

409 4769 705 4830 accideret,
743 4786 852 4825 non
888 4779 1071 4826 tantus
1102 4787 1167 4825 ex
1213 4770 1420 4840 legibus
1457 4771 1618 4824 timor
1669 4770 1992 4839 delinquen-

2095 540 2149 593 τί
2181 540 2301 608 οὐχὶ
2329 539 2674 607 συνεπλάσθη
2695 539 2803 590 τῶν
2830 537 3086 609 πονηρῶν
3128 538 3226 591 καὶ
3259 536 3435 589 ἀθέων
3468 535 3680 606 δογμάο

2095 649 2232 696 των;
2269 633 2418 685 Ποῖοι
2469 631 2626 684 λύκοι
2667 630 2856 702 βαρεῖς
2912 629 3250 692 διασπῶντες
3312 627 3372 681 τδ
3425 627 3682 698 ποίμνιον

2095 723 2189 776 τοῦ
2218 721 2355 775 Θεοῦ
2389 723 2508 792 οὐχὶ
2534 723 2642 775 ἀπὸ
2681 721 2780 790 τῆς
2814 722 3020 791 μικρᾶς
3070 721 3277 790 ταύτης
3333 720 3520 790 φωνῆς
3576 720 3680 788 τὴν

2096 813 2269 883 ἀρχὴν
2295 812 2552 875 λαϐόντες
2599 811 2949 864 ἐπεπόλασαν
2995 813 3115 874 ταῖς
3141 811 3343 881 ψυχαῖς
3373 826 3388 875 ;
3428 812 3489 864 οὑ
3521 813 3682 882 Μαρ-

2098 906 2328 970 κίωνες;
2353 904 2454 958 οὑκ
2489 903 2838 958 Οὐαλεντίνοι
2861 920 2873 934 ⁸
2911 903 3010 974 οὑχ
3036 906 3066 973 ἡ
3092 903 3358 974 βδελυκτὴ
3375 903 3484 956 τῶν
3496 905 3681 957 Μανι-

2097 999 2265 1068 χαίων
2313 996 2563 1066 αἵρεσις;
2615 996 2681 1065 ἢν
2741 994 3010 1064 σηπεδόνα
3059 1012 3144 1058 τις
3188 997 3297 1047 τῶν
3335 995 3680 1064 Ἐκκλησιῶν

2099 1087 2415 1159 προσειπὼν
2453 1087 2551 1156 οὑχ
2605 1087 2916 1157 ἁμαρτήσει
2980 1087 3073 1139 τοῦ
3132 1089 3526 1157 προσήκοντος.
3567 1085 3678 1140 Τοῦ

2098 1183 2327 1250 ἀόρατον
2352 1174 2494 1233 εἶναι
2551 1179 2650 1248 τῆν
2719 1179 2823 1247 γῆν
2884 1179 3390 1231 κατασκευαστικόν
3444 1179 3561 1230 ἐστι
3617 1176 3682 1230 τὸ

2098 1274 2464 1342 ἐπαγόμενον,
2501 1271 2583 1324 ὅτι
2611 1270 2851 1333 ἄϐυσσος
2894 1264 3023 1342 ἧνή
3060 1271 3358 1339 ἐπέχουσα,
3394 1270 3488 1323 καὶ
3535 1266 3680 1337 αὐτὴ

2099 1364 2478 1436 ἐσκοτισμένη.
2518 1364 2655 1418 Οὔτε
2705 1363 2797 1417 οὖν
2851 1363 3086 1426 ἄϐυσσος
3128 1361 3411 1431 δυνάμεων
3474 1360 3679 1430 πλῆθος

2098 1459 2514 1528 ἀντικειμένων,
2557 1457 2632 1520 ὣς
2657 1474 2800 1520 τινες
2841 1455 3288 1524 ἐφαντάσοησαν,
3319 1453 3441 1508 οὔτε
3485 1454 3678 1517 σκότος

2100 1551 2304 1620 ἀρχική
2337 1567 2419 1613 τις
2456 1549 2551 1602 καὶ
2581 1554 2796 1620 πονηρὰ
2842 1548 3079 1619 δύναμις
3129 1547 3541 1618 άντεξαγομένη
3598 1546 3679 1616 τῷ

2099 1641 2312 1709 ἀγαθῷ.
2356 1640 2460 1694 Δύο
2494 1642 2603 1710 γὰρ
2636 1640 2958 1706 ἐξισάζοντα
2989 1639 3240 1710 ἀλλήλοις
3268 1638 3392 1691 κατ’
3423 1640 3680 1691 ἐναντῖωο

2104 1752 2185 1787 σιν
2209 1732 2484 1802 φθαρτικὰ
2516 1733 2666 1786 ἔσται
2696 1733 2912 1796 πάντως
2938 1735 3044 1804 τῆς
3069 1732 3314 1803 ἀλλήλων
3340 1731 3677 1795 συστάσεως,

2100 1833 2194 1880 καὶ
2230 1825 2532 1895 πράγματα
2558 1825 2667 1891 ἕξει
2695 1823 2983 1896 διηνεκῶς,
3023 1824 3118 1876 καὶ
3152 1823 3380 1893 παρέξει
3412 1821 3682 1893 ἀπαύστῳ

2101 1917 2235 1987 προς
2256 1916 2461 1986 άλληλα
2483 1917 2815 1987 συνεχόμενοι
2840 1916 2914 1986 τῷ
2943 1915 3184 1984 πολέμῳ.
3217 1914 3335 1967 Κᾶν
3360 1913 3682 1983 ὑπερϐάλλῃ

2099 2010 2331 2079 δυνάμει
2350 2007 2458 2060 τῶν
2491 2009 2892 2076 ἀντικειμένων
2920 2000 2980 2060 τδ
3029 2007 3240 2077 ἕτερον.
3303 2005 3681 2077 δαπανητικδν

2100 2101 2399 2166 ἐξάπαντος
2432 2101 2523 2154 τοῦ
2567 2101 2936 2172 κρατηθέντος
2994 2101 3229 2164 γίνεται.
3265 2100 3428 2154 Ὥστε
3477 2100 3525 2152 εἰ
3577 2097 3680 2167 μὲν

2103 2193 2392 2263 ἰσόρροπον
2423 2191 2643 2260 λέγουσι
2665 2189 2760 2243 τοῦ
2801 2190 2976 2245 κακοῦ
3008 2189 3108 2260 τὴν
3157 2189 3292 2260 πρὸς
3346 2190 3407 2242 τδ
3472 2191 3681 2259 άγαοὺν

2099 2288 2440 2348 ἐναντίωσιν,
2495 2285 2776 2339 ἄπαυστον
2837 2284 3118 2352 εἰσάγουσι
3155 2285 3416 2356 πόλεμον,
3449 2285 3542 2338 καὶ
3565 2284 3682 2356 διηο

2100 2382 2235 2452 νεκῆ
2262 2381 2364 2452 τὴν
2400 2378 2628 2449 φθορὰν,
2653 2377 3002 2448 κρατούντων
3049 2379 3108 2430 ἐν
3149 2379 3330 2449 μέρει,
3390 2379 3486 2432 καὶ
3535 2395 3678 2450 κρα-

2097 2474 2376 2542 τουμένων
2398 2489 2410 2502 ·
2448 2472 2495 2522 εἰ
2537 2471 2590 2522 δέ
2621 2469 2880 2539 ὑπερέχει
2913 2469 3150 2538 δυνάμει
3184 2471 3244 2522 τὸ
3273 2469 3496 2536 ἀγαθὸν,
3531 2469 3616 2530 τίς
3644 2467 3677 2536 ἡ

2098 2566 2246 2618 αἰτία
2278 2563 2370 2618 τοῦ
2400 2565 2496 2634 τὴν
2528 2564 2692 2633 φύσιν
2719 2562 2890 2617 κακοῦ
2928 2565 3001 2632 μὴ
3039 2561 3316 2621 παντελῶς
3349 2561 3675 2634 ἀνῃρῆσθαις

2099 2657 2161 2710 Εἰ
2188 2656 2266 2719 δὲ,
2297 2655 2323 2707 ὃ
2355 2655 2430 2724 μὴ
2482 2655 2637 2722 Θέμις
2666 2656 2862 2716 εἰπεῖν,
2899 2652 3184 2722 Θαυμάζω,
3215 2651 3334 2714 πῶς
3373 2653 3492 2724 οὑχὶ
3549 2652 3683 2720 φεύ-

2098 2765 2284 2815 γουσιν
2309 2747 2464 2800 αὐτοὶ
2499 2747 2727 2809 ἑαυτοὺς
2759 2745 2897 2816 πρὸς
2959 2743 3102 2796 οὕτω
3157 2742 3512 2814 βλασφημίας
3547 2743 3680 2796 ἀθε-

2100 2840 2290 2911 μίτους
2320 2841 2724 2910 ὑποφερόμενοι
2751 2857 2766 2906 ;
2793 2841 2867 2894 υὺ
2904 2837 3008 2909 μὴν
3045 2836 3164 2890 οὐδὲ
3230 2835 3382 2904 παρὰ
3427 2833 3563 2887 Θεοῦ
3615 2836 3679 2888 τὸ

2097 2935 2267 2989 κακὸν
2300 2936 2396 3004 τὴν
2430 2936 2647 3004 γένεσιν
2687 2934 2832 3005 ἔχειν
2867 2931 3088 2994 εὐσεϐές
3122 2933 3239 2983 ἐστι
3268 2930 3473 2997 λέγειν,
3500 2928 3586 2981 διὰ
3615 2928 3677 2981 τὸ

2099 3028 2264 3098 μηδὲν
2287 3028 2394 3080 τῶν
2421 3027 2677 3080 ἐναντίων
2732 3024 2885 3092 παρά
2947 3022 3042 3077 τοῦ
3097 3025 3349 3075 ἐναντίου
3400 3021 3674 3090 γίνεσθαι.

2099 3119 2236 3172 Οὔτε
2267 3120 2375 3190 γὰρ
2401 3120 2432 3190 ἡ
2457 3117 2570 3189 ζωὴ
2603 3119 2832 3172 Θάνατον
2871 3117 3056 3186 γεννᾷ,
3092 3113 3216 3168 οὕτε
3253 3115 3311 3168 τὺ
3342 3116 3533 3176 σκότος
3565 3132 3680 3183 φω-

2100 3213 2190 3274 τός
2218 3213 2366 3264 ἐστιν
2393 3210 2560 3281 ἀρχὴ,
2588 3209 2714 3263 οὔτε
2744 3211 2776 3280 ἡ
2805 3209 2959 3271 νόσος
2975 3207 3298 3276 ὑγείαςέστὶ
3321 3206 3678 3277 δημιουργός.

2097 3305 2159 3358 Ei
2186 3304 2386 3368 τοίνυν,
2417 3304 2572 3372 φησὶ,
2632 3303 2766 3372 μήτε
2801 3301 3083 3370 ἀγένητον,
3147 3301 3284 3370 μήτε
3332 3299 3485 3370 παρά
3541 3299 3679 3354 θεοῦ

2102 3392 2349 3460 γεγονὸς,
2382 3395 2546 3446 πόθεν
2599 3391 2709 3461 ἔχει
2740 3391 2837 3461 τὴν
2897 3391 3091 3460 quam;
3156 3389 3232 3442 Τὸ
3277 3389 3386 3462 γάρ
3424 3385 3564 3444 εἶναι
3609 3391 3680 3448 τά

2103 3485 2252 3538 κακά
2285 3485 2459 3547 οὐδεὶς
2487 3485 2706 3551 ἀντερεῖ
2732 3483 2838 3536 τῶν
2874 3483 3212 3552 μετεχόντων
3239 3481 3333 3535 τοῦ
3354 3482 3564 3551 βίου.Τί
3583 3481 3678 3536 οὖν

2098 3594 2315 3646 φαμεν;
2347 3577 2470 3630 "Ott
2503 3575 2563 3629 τὸ
2599 3578 2768 3629 κακὸν
2793 3576 2891 3628 οὑκ
2927 3575 3072 3628 ἐστιν
3101 3575 3260 3628 οὐσία
3291 3575 3439 3639 ζῶσα
3461 3577 3553 3629 καὶ
3579 3575 3680 3642 ἔμ-

2096 3669 2290 3739 ψυχος,
2330 3667 2464 3720 ἀλλὰ
2487 3667 2730 3730 διάθεσις
2750 3667 2806 3718 ἐν
2826 3667 2972 3736 ψυχῇ
3008 3668 3267 3730 ἐναντίως
3299 3667 3498 3737 ἔχουσα
3535 3667 3678 3736 πρὸς

2095 3761 2300 3832 ἀρετὴν
2324 3762 2408 3814 διὰ
2434 3762 2532 3831 τὴν
2557 3760 2663 3813 ἀπὸ
2694 3759 2786 3812 τοῦ
2817 3759 2984 3812 καλοῦ
3013 3761 3332 3814 ἀπόπτωσιν
3361 3762 3470 3822 τοῖς
3504 3756 3675 3828 ρᾳούσ

2099 3867 2220 3921 μοις
2250 3851 2598 3920 ἐγγινομένη.
2636 3849 2726 3919 Μὴ
2744 3847 2924 3901 τοίνυν
2956 3849 3062 3915 ἔξω
3112 3849 3211 3920 μέν
3243 3849 3306 3902 τὺ
3354 3848 3522 3902 κακον
3575 3865 3677 3900 πε-

2101 3943 2374 4013 ρισκόπει,
2412 3941 2548 4012 μηδέ
2577 3941 2872 4012 άρχέγονόν
2893 3959 3015 3994 τινα
3047 3941 3213 4009 φύσιν
3237 3942 3504 4011 πονηρίας
3539 3957 3677 4010 (ραν,-

2094 4034 2282 4098 τάζου,
2314 4033 2451 4088 ἀλλὰ
2491 4035 2587 4104 τῆς
2620 4035 2676 4086 ἐν
2729 4033 2878 4102 αὑτῷ
2933 4033 3131 4098 κακίας
3192 4034 3423 4096 ἕκαστος
3487 4034 3678 4086 ἐαυτὸν

2097 4125 2344 4196 ἀρχηγὸν
2402 4126 2738 4195 γνωριξέτω.
2781 4121 2884 4178 Ὠν
2941 4127 3120 4178 τοίνυν
3163 4123 3328 4187 αὐτὸς
3377 4121 3425 4176 εί
3463 4122 3675 4189 κύριος,

2095 4218 2304 4270 τούτων
2334 4220 2432 4281 τὰς
2465 4218 2640 4288 ἀρχὰς
2675 4217 2748 4289 μὴ
2773 4217 3019 4290 ζητήσῃς
3049 4216 3337 4287 ἑτέρωθεν,
3376 4215 3513 4269 ἀλλά
3538 4232 3603 4284 γν
3626 4217 3681 4267 ὑ-

2102 4311 2214 4378 ριζε
2242 4311 2301 4364 τὸ
2331 4311 2538 4381 κυρίως
2561 4312 2731 4364 κακον
2756 4312 2821 4364 ἐκ
2845 4311 2953 4363 τῶν
2977 4308 3380 4381 προαιρετικῶν
3411 4309 3677 4361 ἀποπτω-

2105 4401 2290 4475 μάτων
2323 4402 2422 4472 τὴν
2455 4400 2630 4472 ἀρχὴν
2653 4400 2898 4470 εἰληφός.
2926 4401 3002 4453 Οὐ
3035 4401 3140 4471 γάρ
3195 4401 3281 4465 ἂν,
3319 4401 3479 4468 εἴπερ
3520 4398 3682 4451 ἀκού-

2103 4513 2219 4548 σιον
2241 4490 2330 4564 ἦν,
2355 4495 2448 4547 καὶ
2479 4495 2553 4565 μὴ
2575 4495 2658 4562 ἐφ’
2684 4495 2838 4564 ἡμῖν,
2857 4494 3111 4558 τοσοῦτος
3147 4493 3246 4563 μὲν
3271 4494 3336 4546 ἐκ
3369 4492 3478 4545 τῶν
3497 4491 3681 4559 νόμων

2100 4589 2126 4640 ό
2151 4586 2315 4656 φόϐος
2355 4589 2467 4647 τοῖς
2499 4586 2913 4656 πλημμελοῦσιν
2948 4588 3253 4657 ἐπήρτητο,
3291 4585 3436 4638 οὕτω
3458 4584 3514 4637 δὲ
3545 4585 3682 4636 ἀπαο

2101 4680 2344 4752 ραίτητοι
2377 4679 2486 4733 τῶν
2518 4680 2881 4753 δικαστηρίων
2915 4681 2968 4732 αἱ
2997 4679 3246 4744 κολάσεις
3277 4677 3338 4731 τὸ
3373 4677 3509 4747 πρὸς
3526 4674 3681 4738 ἀξίαν

2099 4774 2208 4833 τοῖς
2241 4770 2573 4841 κακούργοις
2607 4772 3028 4843 ἐπιμετροῐσαι.

411 4861 555 4916 tibus
583 4861 943 4930 impenderet.
986 4861 1140 4916 Nunc
1190 4863 1673 4932 autent,qnoniam
1722 4877 1751 4914 a
1797 4861 2077 4918 voluntate
2127 4863 2508 4933 proﬁciscitur,
2561 4873 2708 4918 certa
2746 4863 3074 4934 judiciorum
3127 4864 3416 4935 supplicia.
3471 4864 3680 4924 facino-

409 4953 552 5009 rosis
582 4953 893 5010 hominibus
941 4970 1038 5024 pro
1090 4956 1353 5024 cujusque
1399 4955 1607 5010 meritis
1656 4955 1986 5026 irrogantur.

409 5048 542 5104 Item
572 5049 626 5104 in
654 5051 882 5102 eosdem.
918 5049 997 5100 Ea:
1032 5049 1186 5108 libra,
1215 5050 1304 5118 qui
1332 5049 1583 5118 Gregorio
1625 5048 1808 5116 Nysam
1861 5065 1996 5116 pan-

687 5120 810 5188 tiﬁci
841 5120 1149 5183 asa-ibitur,
1189 5118 1262 5172 De
1291 5120 1581 5190 cognitione
1610 5119 1728 5173 Dei.

483 5276 551 5330 Et
587 5278 828 5337 tenebrw,
874 5275 1048 5345 lnquit
1087 5275 1282 5335 Moses.
1334 5285 1484 5328 erant
1528 5293 1682 5344 super
1725 5277 1988 5346 abyssum.

413 5370 492 5423 Ex
535 5384 644 5439 quo
702 5369 973 5423 malitiose
1023 5369 1112 5421 isti
1168 5369 1554 5422 ratiocinantes
1601 5370 1786 5423 dicunt
1841 5380 1990 5422 tene-

412 5460 542 5514 bras
597 5460 784 5526 fuisse,
841 5475 1072 5529 quarum
1131 5459 1370 5512 eiTeetrix
1435 5476 1594 5514 causa
1660 5462 1730 5514 sit
1785 5459 1986 5513 malum

413 5552 761 5620 principium.
795 5552 998 5606 Deinde
1031 5562 1082 5607 et
1111 5552 1292 5606 divisit
1323 5553 1467 5607 Deus
1513 5553 1654 5605 inter
1705 5552 1876 5605 lucrm
1934 5561 1988 5605 et

415 5645 688 5698 tenebras.
719 5644 774 5698 Si
805 5646 890 5698 ltu'
929 5657 1031 5709 est,
1063 5657 1117 5699 et
1164 5647 1399 5700 tenewa
1445 5655 1591 5704 sunt,
1624 5661 1759 5712 quas
1806 5660 1834 5698 a
1868 5645 1988 5699 luce

420 5737 701 5800 sejunctas
751 5737 1026 5803 intelligis.
1087 5737 1212 5791 Ilzee
1260 5737 1584 5791 tenebricosi
1645 5736 1751 5799 isti,
1797 5737 1886 5804 qui
1935 5737 1986 5789 in

417 5827 540 5885 luce
571 5825 878 5881 excutiunt.
915 5827 1020 5883 Nos
1051 5842 1228 5885 autem
1280 5832 1529 5898 dicimus,
1589 5830 1837 5885 tenebras
1882 5848 1988 5888 non

2109 5047 2231 5098 Ἔτι
2260 5047 2408 5100 κατὰ
2438 5047 2558 5100 τῶν
2620 5045 2820 5100 αὐτῶν
2865 5048 2934 5101 ἐκ
2978 5047 3091 5115 τῆς
3131 5048 3466 5115 λεγομένης
3523 5047 3679 5106 εῖναι

2176 5117 2282 5204 τοῦ
2310 5118 2564 5183 Sucrone
2593 5119 2840 5185 βίϐλου,
2878 5117 2973 5171 καὶ
3003 5118 3386 5188 καλουμένης
3417 5123 3682 5190 Gem-rw-

2175 5203 2335 5252 σίας.

2173 5278 2277 5330 Kal.
2330 5281 2552 5345 σκότος
2583 5279 2783 5333 ἐπάνω
2819 5279 2930 5346 τῆς
2965 5280 3265 5345 ἀϐύσσου,
3334 5284 3467 5352 φησὶ
3514 5285 3682 5338 Μωῡ-

2103 5373 2224 5440 σῆς.
2261 5371 2426 5424 ’Όοεν
2467 5365 2613 5425 οὗτοι
2646 5371 2977 5442 κακούργως
3031 5373 3349 5443 ὁρμώμενοι
3382 5393 3546 5441 φασιν
3597 5378 3677 5431 ὅτι

2099 5457 2166 5532 ἦν
2197 5463 2256 5513 τὸ
2296 5463 2508 5524 σκότος,
2546 5459 2606 5516 οὑ
2641 5466 2927 5534 ποιητικὸν
2985 5465 3218 5534 αἴτιονὴ
3264 5464 3480 5536 πονηρά
3511 5467 3673 5536 ἀρχή.

2100 5549 2228 5607 Εἶτα
2255 5555 2350 5607 καὶ
2378 5555 2695 5626 διεχώρισεν
2729 5561 2755 5608 ὁ
2779 5557 2915 5620 Θεὸς
2946 5557 3049 5609 ἀνὰ
3103 5557 3270 5626 μέσον
3323 5557 3417 5609 τοῦ
3477 5561 3654 5625 (gon-5;

2099 5649 2193 5699 ml
2223 5650 2325 5701 ἁνᾶ
2363 5649 2528 5717 μέσον
2556 5650 2649 5701 τοῦ
2681 5651 2932 5713 σκότους.
2964 5649 3024 5701 Εἰ
3055 5649 3148 5702 civ
3178 5648 3232 5701 τὸ
3267 5647 3382 5716 φῶς
3444 5648 3524 5713 ὃν,
3584 5665 3650 5700 κα

2098 5741 2159 5790 τὸ
2190 5743 2376 5802 σκότος
2429 5741 2510 5802 ὃν,
2545 5743 2648 5812 ἄρα
2697 5743 2758 5794 τὸ
2814 5741 3100 5796 διασταλέν
3156 5743 3264 5794 ἀπο
3326 5739 3420 5794 τοῦ
3476 5741 3653 5808 ςωτός

2101 5832 2281 5887 Ταῦτα
2319 5833 2485 5903 μὲνοὶ
2518 5834 2782 5892 amur/el.
2830 5837 2953 5906 περῖ
3009 5836 3068 5887 τὸ
3129 5837 3243 5904 φῶς
3293 5851 3456 5887 omet.
3519 5833 3584 5884 ΤΞ
3621 5831 3678 5884 δὲ
