4024 6208
412 282 521 349 313

1397 283 1771 345 ΡΑΝΟΡΙᾸΑ
1816 282 2277 344 DOGMATICA.
2319 311 2388 322 —
2425 285 2573 348 TIT.
2620 286 2726 349 IX.

409 409 579 479 ἡμεῖς
601 422 618 469 ;
641 406 717 460 Οὐ
742 404 804 459 τὸ
827 404 1017 468 σκότος
1037 404 1194 458 obuia
1210 420 1314 466 τις,
1342 383 1477 457 ἀλλὰ
1505 401 1872 473 συμϐεϐηκὸς,
1897 400 1984 454 καῖ

2095 413 2214 453 esse
2244 408 2495 455 naturam
2534 403 2719 468 ullam,
2767 401 2864 458 sed
2915 402 3190 470 accidens,
3243 412 3298 461 et
3347 405 3488 461 nihil
3532 405 3678 462 aliud

411 498 571 552 οὐδὲν
600 498 793 567 ἕτερον
834 496 868 566 ἢ
916 497 1096 566 φωτὸς
1119 496 1382 550 ἀπουσία.
1421 495 1771 564 Γυρωθὲντος
1793 494 1905 562 γὰρ
1936 494 1993 544 ὲν

409 589 555 659 om
582 588 677 640 τοῦ
705 585 1304 657 οὗρανοῦ,παρυπέστη
1339 586 1532 648 σκότος
1564 583 1623 649 ἐξ
1662 583 1994 654 ὲμφράξεως

407 680 521 733 τῶν
559 681 725 750 πέριξ
748 679 985 750 συμϐὰν,
1009 679 1039 732 δ
1072 680 1166 732 καὶ
1205 677 1302 732 νῦν
1325 678 1517 732 εἴωθεν
1543 679 1636 730 ἐπὶ
1665 675 1776 729 τῶν
1817 677 1993 746 ἐμπε-

410 772 753 842 φραγμένων
789 771 1061 840 γίνεσθαι.
1115 772 1338 825 Τούτων
1400 771 1456 824 δὲ
1508 770 1879 842 διαχωρισμδς
1927 771 1991 825 τὸ

413 864 690 935 μετρητὸν
710 863 992 936 διάστημα
1020 865 1118 936 τῆς
1169 865 1267 919 τοῦ
1318 863 1496 933 φωτὸς
1552 865 1841 927 ἀπουσίας.
1879 865 1990 917 Kal

406 958 622 1026 γίνεται
659 957 866 1023 τρόπον
909 959 1036 1010 τινὰ
1058 957 1154 1010 τοῦ
1189 958 1369 1026 φωτὸς
1398 960 1432 1028 ἠ
1469 956 1707 1010 ἀπουσία
1734 959 1828 1010 καὶ
1860 958 1989 1011 στέ-

409 1065 574 1119 ρησις
597 1048 713 1113 ἕξις
743 1049 837 1102 καὶ
863 1049 1221 1119 παρὺπαρξις
1254 1050 1332 1121 τῷ
1390 1050 1596 1104 σκότει.
1652 1051 1880 1121 Πονηρὰ
1932 1050 1989 1104 δὲ

406 1140 579 1210 ἀρχὴ,
603 1141 850 1193 τουτέστι
884 1140 1119 1211 πονηρὸς
1134 1141 1287 1205 Θεὸς,
1314 1142 1416 1195 οὐκ
1455 1141 1623 1195 ἐστιν.
1656 1144 1717 1197 El
1749 1143 1849 1211 μὲν
1879 1142 1989 1212 γὰρ

406 1231 571 1296 Θεὸς.
602 1232 663 1286 οὐ
714 1234 972 1302 πονηρὸς,
1024 1233 1161 1285 ἀλλὰ
1220 1233 1373 1302 πηγὴ
1426 1232 1798 1302 ἀγαθὸτητοςθ
1839 1235 1887 1286 εί
1932 1233 1989 1287 δὲ

405 1327 749 1396 πονηρόςωύ
779 1325 936 1389 Θεός.
972 1327 1093 1390 Πῶς
1122 1325 1232 1396 γὰρ
1260 1325 1396 1387 Θεὸς
1428 1326 1458 1395 ἡ
1491 1326 1662 1379 κακία
1695 1325 1987 1397 καὶἁμαρ-

411 1418 536 1480 ria;
580 1416 640 1468 Et
672 1417 729 1469 δέ
755 1415 931 1470 ταῦτα
965 1416 1124 1484 Θεὸς,
1158 1418 1364 1488 οἴχεται
1396 1416 1598 1480 πάντα,
1643 1416 1738 1469 καὶ
1796 1416 1988 1470 ἁνατέ-

406 1522 677 1576 τραπται.

962 1601 1065 1657 Εκ
1100 1601 1207 1672 τῆς
1237 1602 1450 1672 αὐτῆς.

480 1688 607 1752 Πῶς
639 1688 855 1745 ἔσονται
887 1691 980 1746 δύο
1007 1695 1408 1768 ἁρχαἰ,οάγαθὴ
1438 1699 1532 1752 καὶ
1566 1678 1813 1769 πονηράς
1865 1698 1986 1750 Ἐν-

401 1774 569 1827 αντία
589 1776 698 1847 γὰρ
733 1777 983 1848 ἀλλήλοις
1017 1760 1356 1850 τὸῃάγαθδν,
1396 1760 1514 1837 ’καὶ
1573 1760 1811 1855 «aut;th
1874 1785 1989 1854 ἤτοι
2020 1760 2062 1816 Β

404 1870 608 1936 κακὸν,
649 1869 745 1922 καὶ
776 1871 1024 1940 ἀλλήλων
1056 1873 1357 1943 φθαρτικὰ,
1389 1879 1484 1932 καὶ
1523 1879 1838 1950 ἀσύμϐατα.
1876 1878 1989 1933 Kal

401 1962 600 2016 λοιπὸν
632 1964 691 2015 ἐν
722 1963 884 2035 μέρει
940 1963 1039 2018 τοῦ
1097 1969 1301 2032 παντὸς
1339 1969 1601 2044 ἑκάτερον
1662 1970 1838 2035 ἔσται,
1892 1972 1988 2027 καὶ

400 2053 516 2106 ὑπὸ
562 2053 655 2107 τοῦ
688 2056 893 2126 μέρους
938 2056 1134 2110 τούτου
1157 2063 1637 2131 περιγραφήσεται
1658 2080 1673 2093 ο
1705 2062 1799 2116 καὶ
1830 2065 1861 2136 ἢ
1890 2064 1986 2119 ἁλ-

400 2146 587 2217 λήλων
619 2148 870 2217 ἅψονται,
904 2150 999 2203 καὶ
1035 2152 1129 2206 ὑπ’
1186 2152 1438 2223 ἀλλήλων
1492 2154 1984 2226 δαφθαρήσονται,

400 2241 438 2310 ἢ
469 2243 640 2309 μέσον
668 2243 821 2297 ἔσται
854 2262 907 2297 τι
939 2236 1292 2316 διατειχίζον,
1328 2246 1422 2300 καὶ
1455 2247 1564 2301 ίδοὺ
1603 2252 1755 2320 τρεῖς
1793 2249 1984 2321 ἀρχαί.

402 2335 521 2387 Kal
588 2331 746 2400 αὖθις
790 2336 822 2408 ῆ
874 2337 1266 2409 είρηνεύουσιν,
1333 2338 1472 2411 ὅπερ
1523 2340 1584 2393 τὸ
1640 2344 1876 2413 πονηρὶν
1923 2343 1984 2396 οὐ

397 2426 650 2492 δύναται,
697 2429 732 2501 ἢ
807 2430 1155 2500 μαχέσονται,
1188 2431 1326 2502 ὅπερ
1361 2432 1422 2484 τὸ
1481 2433 1685 2502 ἀγαθὸν
1735 2434 1796 2487 οὐ
1858 2433 1983 2503 βού-

398 2521 586 2581 λεται,
617 2522 739 2575 οὐδὲ
764 2523 1009 2576 δυναται.
1049 2522 1127 2577 Τὸ
1160 2524 1259 2591 μὲν
1297 2523 1404 2593 γὰρ
1429 2525 1667 2595 πονηρὸν
1699 2520 1985 2595 εἰρηνεῦον

400 2614 465 2666 οὐ
502 2615 739 2685 πονηρόν
761 2630 775 2645 ⁸
804 2616 866 2669 τὸ
890 2615 946 2668 δὲ
972 2615 1180 2684 ἀγαθὸν
1244 2620 1574 2687 μαχόμενον,
1620 2619 1717 2671 οὐκ
1750 2619 1979 2687 ἀγαθόν.

400 2703 524 2761 Οὐκ
554 2708 660 2777 ἄρα
686 2708 780 2761 δύο
816 2709 1004 2779 ἁρχαὶ,
1041 2711 1138 2761 καὶ
1170 2710 1344 2763 ταῦτα
1388 2711 1651 2776 ἐναντίαι,
1686 2712 1778 2763 καὶ
1825 2709 1985 2762 πολε-

400 2798 700 2868 μιώταται.
743 2800 858 2852 Μία
891 2800 948 2853 δὲ
980 2800 1195 2862 πάντως
1250 2799 1453 2867 ἀγαθή.
1512 2800 1584 2853 Τὸ
1643 2800 1700 2852 δὲ
1744 2800 1984 2869 πονηρὸν

397 2887 508 2940 οὐκ
537 2888 701 2959 ἀρχὴ,
728 2888 866 2942 ἀλλὰ
903 2889 997 2943 τοῦ
1036 2889 1243 2960 ἀγαθοῦ
1275 2892 1529 2962 στέρησις
1562 2891 1656 2944 καὶ
1688 2891 1977 2960 ἁποτλχία.

960 3088 1063 3143 Ἐκ
1088 3090 1198 3158 τῆς
1230 3089 1443 3155 αὑτης.

476 3170 652 3259 Εῐειερ
681 3180 849 3251 ἄμφω
882 3178 995 3236 θεοὶ
1031 3184 1342 3251 πεφύκασιν
1376 3184 1404 3236 6
1432 3183 1634 3251 ἀγαθὸς
1668 3183 1761 3237 καὶ
1810 3199 1981 3253 πονη-

398 3273 519 3345 ρδς,
546 3271 739 3343 ἑτέραν
769 3271 983 3338 ἱξουσιν
1015 3271 1215 3341 ἀρχήν.
1244 3271 1354 3325 Καὶ
1373 3270 1503 3334 δυὰς
1524 3272 1623 3325 οὐκ
1646 3269 1812 3341 ἀρχὴ,
1845 3269 1981 3323 ἀλλὰ

395 3365 720 3421 τούναντίον
751 3366 784 3436 ἡ
814 3365 985 3434 μονὰς
1013 3362 1161 3434 ἀρχὴ
1195 3365 1293 3433 τῆς
1337 3361 1552 3426 δυάδος.
1596 3363 1763 3433 Ἀρχὴ
1795 3363 1850 3415 δὲ
1903 3359 1981 3431 μὴ

396 3459 579 3525 ὅντες,
606 3457 728 3512 οὐδὲ
749 3457 873 3511 Geel
906 3457 1125 3521 πάντως
1157 3454 1394 3514 ἔσονται.
1437 3453 1593 3509 Ἐπεὶ
1621 3455 1714 3509 οὖν
1748 3457 1782 3524 ἠ
1812 3455 1981 3525 μονὰς

394 3550 549 3622 ἀρχὴ
583 3549 829 3615 πάντων,
848 3544 929 3613 εἷς
947 3550 1056 3622 ἄρα
1081 3547 1178 3604 καὶ
1206 3546 1359 3616 Θεὸς,
1385 3548 1414 3602 6
1439 3546 1655 3602 πάντων
1684 3546 1856 3611 αἴτιος
1887 3546 1981 3600 καὶ

393 3643 761 3715 δημιουργός.

960 3894 1064 3947 Ἐκ
1091 3889 1203 3960 τῆς
1228 3887 1440 3958 αὐτῆς.

470 3991 539 4045 El
571 3989 672 4061 μὶν
703 3989 765 4044 τὸ
785 3988 988 4059 ἀγαθδν
1008 3988 1091 4055 δν,
1122 3988 1183 4042 τὸ
1221 3987 1460 4059 πονηρὸν
1499 3986 1599 4040 οὐκ
1627 3984 1707 4042 δν.
1743 3985 1806 4039 El
1839 3984 1895 4038 δὲ
1919 3982 1979 4038 τδ

396 4084 642 4155 πονηρὸν
658 4083 739 4151 ὃν,
772 4083 831 4136 τὸ
864 4081 1078 4153 ἀγαθὸν
1100 4082 1203 4137 οὐκ
1230 4080 1309 4149 ὃν,
1349 4080 1490 4137 κατὰ
1520 4080 1613 4134 τὸν
1667 4077 1829 4148 λόγον
1869 4078 1979 4133 τῶν

395 4175 934 4247 ἀμέσωνὲναντίων,
966 4173 1155 4244 ὑγείας
1205 4175 1297 4229 καὶ
1327 4174 1505 4241 νόσου,
1541 4171 1687 4245 ζωῆς
1736 4171 1828 4225 καὶ
1879 4171 1980 4227 θα-

398 4270 589 4324 νάτου.
622 4268 736 4323 Οὐκ
766 4268 878 4339 ἄρα
910 4267 1045 4333 Θεὸς
1079 4268 1336 4338 πονηρός.

959 4446 1061 4502 Ἐκ
1079 4446 1185 4516 τῆς
1220 4444 1429 4515 αὐτῆς.

477 4543 541 4598 '0
574 4541 675 4613 μὲν
693 4539 902 4612 ἀγαθὸς
950 4540 1084 4603 Θεὸς
1136 4539 1371 4610 οὑσιώδη
1434 4538 1530 4592 καὶ
1571 4536 1809 4609 φυσικὴν
1860 4536 1975 4607 ἔχει

396 4638 502 4708 τὴν
527 4635 861 4704 ἀγαοότητα,
893 4634 921 4686 6
944 4632 1001 4686 δὲ
1036 4630 1267 4701 πονηρὸς
1296 4630 1395 4703 τὴν
1423 4630 1680 4704 στέρησιν
1706 4630 1805 4701 τῆς
1832 4630 1974 4700 ἀγα-

396 4734 626 4805 θότητος
651 4729 894 4798 ἒξινὲξει
923 4730 1161 4793 πάντως.
1188 4727 1299 4781 Καὶ
1320 4726 1436 4791 πῶς
1464 4725 1597 4790 Θεὸς
1627 4725 1687 4792 ἐξ
1718 4725 1977 4781 ἀποπτῶ-

400 4836 544 4884 σεως
574 4820 669 4874 καὶ
691 4818 1019 4890 ἐλλείψεως-ς

960 4913 1054 4965 Ἐκ
1079 4910 1187 4980 τῆς
1216 4911 1430 4981 αὐτῆς.

473 5001 539 5056 Εἰ
562 5002 656 5057 δύο
693 4998 835 5075 ἦσαν
861 5003 1009 5071 Θεοὶ,
1037 5005 1261 5075 ἢτρεῖς,
1299 5006 1332 5077 ἤ
1360 5003 1549 5069 ἁπλῶς
1572 5004 1775 5072 πολλοὶ,
1807 5003 1976 5059 πάλαι

402 5094 472 5147 ἄν
507 5094 536 5146 6
562 5094 768 5163 κόσμος
805 5093 1094 5149 ἀπωλώλει
1125 5093 1316 5149 ἄλλοτε
1357 5095 1553 5160 ἄλλως,
1582 5097 1674 5150 καὶ
1703 5095 1975 5168 διαφόρως

402 5185 935 5256 ὲνεργούμενος,καὶ
960 5185 1300 5252 κινούμενος.
1346 5188 1419 5241 Τὸ
1477 5187 1535 5241 δὲ
1592 5186 1735 5241 κατὰ
1774 5187 1970 5251 tanta,

402 5278 501 5329 καὶ
534 5278 795 5341 ὡσαύτως
829 5279 917 5332 ἀεὶ
949 5278 1243 5344 κινεῖσθαι,
1299 5280 1393 5333 καὶ
1451 5280 1819 5349 διεξάγεσθαι,
1879 5281 1974 5335 καὶ

400 5369 438 5438 ἡ
458 5367 547 5420 διὰ
574 5370 795 5422 πάντων
825 5369 1192 5439 εὐαρμοστία,
1225 5369 1317 5423 καὶ
1345 5370 1653 5441 συμφωνία,
1673 5370 1768 5424 καὶ
1796 5370 1969 5437 τάξις,

402 5462 498 5513 καὶ
515 5460 768 5531 διαμονή,
786 5460 881 5515 καὶ
908 5463 1244 5533 συντήρησις
1277 5460 1372 5514 ἕνα
1400 5461 1496 5517 καὶ
1526 5463 1619 5516 τὸν
1669 5462 1832 5516 αὐτὸν
1868 5479 1971 5535 κη-

406 5549 592 5616 ρύττει
627 5552 721 5605 τὸν
746 5554 946 5621 αἴτεον,
980 5555 1076 5607 καὶ
1104 5553 1460 5626 δημιουργὸν,
1512 5554 1607 5609 καὶ
1641 5555 1968 5627 προνοητὴν,

404 5642 499 5696 καὶ
523 5646 770 5717 συνοχέα,
1366 5654 1371 5659 ’

2099 491 2203 545 nisi
2257 494 2394 549 lueis
2453 495 2782 551 absentiam.
2832 497 3047 554 Etenim
3104 514 3229 555 cum
3280 500 3476 555 coelum
3523 500 3681 555 initio

2099 583 2467 641 involveretur
2513 603 2729 655 eorum,
2780 605 2906 658 quae
2960 590 3168 646 circum
3194 588 3383 648 ‘erant
3435 593 3678 663 objet-tu,

2100 677 2339 732 tenebrae
2368 679 2717 736 exstiterunt.
2750 680 2906 747 Quod
2940 682 3103 737 etiam
3148 699 3296 739 nunc
3322 685 3377 739 in
3422 684 3511 750 iis,
3561 702 3682 754 qua:

2098 768 2481 835 obstruuntur,
2509 773 2731 826 evenire
2776 777 3084 830 consuevit.
3123 778 3190 829 At
3239 777 3433 831 harum
3481 778 3680 834 divisio

2099 868 2183 912 est
2214 861 2453 929 spatium
2508 861 2663 920 illud.
2700 864 2841 932 quod
2888 864 3022 920 lucis
3062 867 3308 921 absentia
3359 868 3681 925 demetitur.

2096 949 2227 1017 Quae
2252 950 2473 1021 quidem
2510 953 2647 1008 lucis
2677 957 2947 1022 absentia,
2977 967 3029 1013 et
3059 960 3291 1029 privatio
3332 968 3416 1014 est
3464 960 3681 1015 habitus

2096 1044 2494 1112 quodammodo
2538 1053 2592 1099 et
2631 1049 2868 1102 essentia
2912 1050 3279 1104 tenebrarum.
3338 1048 3675 1112 Principium

2094 1145 2274 1189 autem
2308 1138 2529 1200 malum,
2559 1138 2662 1193 hoc
2695 1148 2799 1203 est,
2837 1140 2980 1195 Deus
3017 1142 3193 1195 malus
3240 1155 3348 1195 non
3383 1152 3483 1197 est.
3539 1139 3673 1196 Nam

2094 1230 2137 1282 si
2176 1227 2318 1281 Deus
2339 1237 2443 1293 cst,
2474 1244 2581 1283 non
2613 1240 2695 1284 cst
2734 1231 2928 1296 malus,
2963 1247 3086 1286 cum
3132 1232 3391 1286 bonitatis
3420 1233 3489 1287 sit
3525 1232 3673 1289 fons.

2094 1317 2188 1373 Sin
2241 1320 2433 1383 malus,
2469 1336 2574 1374 non
2632 1330 2716 1376 est
2773 1320 2935 1378 Deus.
2996 1323 3279 1390 Quomodo
3332 1325 3477 1379 enim
3535 1325 3675 1380 Deus

2095 1406 2315 1469 malitia.
2366 1417 2461 1463 aut
2512 1419 2792 1479 peet-atum
2843 1427 2963 1467 esse
3015 1415 3239 1483 potest?
3274 1414 3406 1480 Quae
3453 1414 3676 1485 quidem

2095 1496 2138 1550 si
2173 1497 2312 1552 Deus
2337 1506 2440 1565 est,
2473 1500 2658 1555 omnia
2700 1511 2952 1571 pereunt,
2990 1511 3047 1557 et
3071 1513 3417 1566 evertuntur.

2739 1592 2821 1647 Ea:
2865 1600 3067 1649 eodem.

2163 1679 2408 1748 Quonam
2443 1692 2600 1756 pacto
2629 1686 2739 1742 duo
2792 1698 3023 1757 possunt
3066 1704 3187 1744 esse
3231 1690 3522 1760 principia,
3569 1692 3672 1747 bo-

2092 1788 2221 1828 num
2286 1791 2480 1842 unum,
2548 1778 2776 1833 alterum
2827 1779 3068 1834 malum?
3122 1781 3329 1837 Donum
3394 1783 3560 1847 enim,
3618 1790 3676 1840 et

2092 1869 2293 1924 malum
2334 1871 2609 1927 contraria
2640 1882 2789 1933 sunt.
2826 1890 2995 1944 seque
3041 1875 3279 1930 vicissim
3327 1876 3673 1943 interimunt,

2090 1970 2145 2015 ct
2177 1972 2454 2032 nequeunt
2485 1964 2647 2018 simul
2681 1965 2999 2021 consistere.
3048 1966 3227 2032 Quare
3272 1976 3367 2021 aut
3413 1967 3468 2021 in
3518 1975 3674 2036 parte

2093 2053 2462 2108 universitatis
2522 2054 2752 2110 alterum
2798 2057 2923 2124 erit,
2976 2067 3031 2113 ct
3073 2058 3142 2114 ab
3196 2073 3260 2113 ea
3332 2057 3675 2112 circumscri-

2088 2143 2268 2211 betur,
2302 2152 2395 2200 aut
2429 2159 2550 2201 sese
2577 2147 2914 2218 contingent,
2960 2159 3255 2218 mutuoque
3295 2154 3669 2217 corrumpent,

2087 2247 2179 2290 aut
2234 2237 2379 2290 inter
2412 2236 2804 2293 illa'mcdium
2861 2238 3077 2309 aliquod
3131 2239 3451 2301 intercedet,
3511 2249 3673 2304 atque

2088 2326 2161 2380 ita
2211 2311 2314 2380 ttia
2361 2327 2473 2397 jam
2516 2337 2681 2382 erunt
2742 2329 3031 2399 principia.
3098 2326 3364 2385 Prmterea
3406 2335 3500 2384 aut
3539 2344 3673 2400 pace

2089 2426 2329 2481 utuntur,
2363 2417 2507 2487 quod
2537 2418 2737 2472 malum
2775 2433 2885 2472 non
2918 2426 3099 2489 potest
3146 2437 3161 2473 :
3193 2427 3288 2473 aut
3330 2419 3668 2490 pugnabunt,

2086 2509 2229 2576 quod
2258 2506 2462 2563 bonum
2497 2520 2732 2564 recusat.
2783 2508 2917 2565 Nam
2949 2511 3079 2566 illud
3123 2493 3368 2580 quidem,
3394 2510 3440 2566 si
3487 2520 3672 2565 utatur

2086 2610 2240 2666 pace,
2279 2614 2386 2652 non
2435 2600 2541 2653 erit
2572 2600 2810 2665 malum;
2849 2600 2954 2654 hoc
2986 2615 3138 2665 vero,
3166 2601 3211 2655 si
3242 2600 3447 2656 bellum
3506 2600 3668 2673 gerit,

2085 2700 2194 2743 non
2227 2690 2328 2745 erit
2364 2691 2586 2745 bonum.
2632 2690 2998 2757 Quamobrem
3047 2709 3157 2747 non
3201 2705 3330 2748 sunt
3372 2694 3482 2749 duo
3511 2693 3669 2763 prin-

2088 2780 2252 2850 cipia,
2287 2784 2586 2850 praesertim
2606 2784 2750 2838 inter
2785 2799 2843 2839 se
2880 2786 3175 2848 contraria,
3197 2793 3249 2839 et
3269 2784 3665 2849 inimicissima,

2096 2874 2190 2927 sed
2248 2888 2436 2931 unum.
2490 2874 2648 2944 idque
2711 2876 2936 2931 bonum.
2994 2875 3189 2930 Malum
3245 2879 3391 2930 enim
3428 2890 3541 2931 non
3585 2883 3670 2931 est

2090 2965 2447 3036 principium,
2477 2966 2573 3021 sed
2598 2966 2828 3037 privatio
2858 2976 2916 3022 et
2961 2967 3182 3022 amissio
3225 2966 3377 3023 boni.

2724 3080 2803 3131 Ea:
2837 3078 3037 3131 eodem.

2160 3168 2217 3224 Si
2277 3168 2385 3223 duo
2447 3178 2577 3224 sunt
2629 3168 2749 3233 Dei,
2810 3170 2985 3225 bonus
3039 3168 3256 3240 quidem
3312 3183 3477 3232 unus,
3533 3166 3669 3223 alter

2084 3268 2264 3312 autem
2301 3260 2491 3323 malus,
2524 3259 2668 3315 aliud
2704 3259 2979 3317 habebunt
3023 3260 3389 3332 principium.‘
3413 3258 3668 3314 Binarius

2084 3351 2229 3405 enim
2286 3368 2548 3408 numerus
2593 3368 2703 3409 non
2754 3362 2935 3425 potest
2977 3368 3097 3409 esse
3147 3353 3495 3425 principium,
3541 3365 3664 3406 cum

2085 3444 2202 3517 ipse
2254 3446 2323 3501 ab
2373 3446 2581 3502 unitate
2630 3446 2900 3518 principio
2950 3447 3353 3518 proﬁciscatur.
3403 3444 3562 3514 Quod
3616 3442 3665 3501 si

2085 3538 2410 3609 principium
2439 3555 2547 3593 non
2584 3548 2733 3603 sunt,
2771 3556 2838 3595 ne
2869 3541 2960 3594 Dei
2988 3539 3206 3609 quidem
3234 3545 3395 3594 erunt
3414 3536 3663 3593 omnino.

2082 3630 2347 3696 Quoniam
2400 3630 2564 3700 igitur
2630 3630 2811 3685 unitas
2861 3639 2945 3685 est
2997 3644 3178 3683 rerum
3218 3628 3460 3683 omnium
3515 3628 3667 3701 prin-

2082 3719 2304 3788 cipium,
2353 3735 2495 3774 unus
2557 3720 2746 3790 utique
2788 3729 2844 3774 et
2890 3720 3034 3775 Deus
3080 3728 3162 3774 est
3217 3733 3400 3773 rerum
3447 3723 3662 3784 auctor,

2082 3821 2137 3867 et
2160 3810 2384 3866 effector
2417 3812 2686 3866 omnium.

2722 3897 2806 3953 Ea:
2833 3900 3033 3954 eodem.

2150 3989 2206 4045 Si
2238 3990 2438 4044 bonum
2470 4004 2569 4060 per
2598 4005 2658 4046 se
2686 4001 2789 4055 est,
2826 3990 3025 4045 malum
3058 4003 3168 4044 non
3212 3996 3315 4044 est.
3365 3988 3421 4044 Si
3462 3986 3663 4044 malum

2078 4094 2179 4152 per
2213 4094 2273 4136 se
2307 4089 2411 4140 est.
2444 4096 2553 4135 non
2582 4089 2669 4135 est
2700 4082 2924 4136 bonum.
2976 4080 3100 4135 llaec
3126 4087 3209 4134 est
3256 4077 3403 4134 enim
3448 4088 3663 4135 contra-

2082 4174 2290 4231 rioriim
2348 4174 2525 4229 medio
2585 4176 2887 4229 carentium
2959 4175 3098 4229 ratio
3160 4184 3323 4243 atque
3364 4171 3661 4231 conditio:

2083 4266 2421 4338 qualia-sunt
2460 4268 2734 4334 valetudo,
2783 4276 2836 4322 et
2888 4266 3175 4339 aegritudo,
3236 4266 3346 4321 vita
3392 4273 3463 4325 et.
3492 4279 3661 4321 mors.

2080 4360 2200 4416 Non
2250 4359 2415 4431 igitur
2463 4359 2607 4416 Deus
2640 4359 2851 4416 malus.

2716 4447 2798 4502 Ea:
2826 4447 3027 4503 eodem.

2151 4536 2299 4594 Deus
2328 4536 2505 4594 bonus
2533 4539 2772 4594 essentia
2810 4550 2865 4594 et
2890 4548 3084 4594 natura
3115 4536 3435 4595 bonitatem'
3468 4538 3659 4601 habet,

2081 4633 2258 4688 malus
2283 4632 2548 4689 bonitatis
2580 4632 2941 4704 privationem
2991 4640 3050 4687 ut
3079 4633 3323 4687 habitum
3372 4628 3657 4685 obtinebit.

2079 4724 2363 4792 Quomodo
2389 4732 2571 4778 autem
2618 4724 2783 4786 Deus,
2837 4723 2930 4793 qui
2986 4737 3053 4778 eo
3103 4731 3312 4777 tantum
3357 4732 3459 4782 est,
3514 4718 3662 4789 quod

2079 4818 2282 4884 deﬁcit,
2331 4823 2504 4881 caret,
2551 4829 2662 4870 non
2712 4813 3039 4882 assequitur,
3093 4820 3147 4868 et
3190 4826 3303 4865 non
3343 4807 3467 4864 est?

2708 4903 2792 4958 Ex
2820 4904 3020 4958 eodem.

2152 5001 2210 5056 Si
2242 5001 2372 5065 duo,
2403 5008 2499 5054 aut
2531 5007 2662 5061 tres,
2694 4996 2949 5067 pluresve
2980 5002 3167 5049 essent
3201 4991 3322 5057 Dei,
3348 5005 3472 5046 cum
3517 4988 3662 5055 alius

2078 5091 2185 5145 alio
2213 5090 2374 5145 modo
2399 5099 2452 5145 et
2479 5078 2691 5143 diversa
2740 5087 2956 5142 ratione
3003 5092 3279 5156 ageretur,
3318 5092 3373 5138 et
3404 5092 3659 5137 moveree

2081 5191 2188 5248 tur,
2222 5182 2457 5236 mundus
2486 5183 2593 5255 jam
2639 5179 2850 5252 pridem
2879 5179 3260 5234 intercidisset.
3292 5174 3447 5230 Nunc
3473 5180 3656 5239 autem

2076 5290 2200 5330 cum
2232 5274 2413 5328 omnia
2443 5273 2653 5328 ratione
2682 5283 2828 5327 certa
2858 5282 2914 5328 et
2936 5270 3113 5326 stabili
3148 5283 3367 5337 semper
3396 5279 3657 5321 moveatis

2077 5376 2186 5431 tur,
2233 5378 2289 5420 et.
2351 5364 2734 5434 disponantur,
2795 5363 2948 5417 ﬁrma
2998 5362 3135 5424 haec,
3189 5367 3352 5429 atque
3392 5363 3657 5428 perpetua

2078 5470 2258 5513 rerum
2287 5455 2531 5511 omnium
2573 5453 2936 5518 concinnitas,
2967 5461 3023 5506 et
3044 5450 3201 5516 ordo,
3243 5457 3298 5505 et
3330 5446 3653 5512 moderatio,

2076 5565 2131 5606 et
2184 5549 2524 5605 conservatio
2586 5562 2771 5609 unam,
2841 5544 3200 5614 eamdemque
3241 5542 3477 5597 clamant
3529 5550 3656 5593 esse

2076 5658 2316 5706 causam,
2345 5658 2514 5696 unutn
2555 5648 2857 5706 auctorem,
2887 5655 2915 5692 a
2945 5652 3053 5707 quo
3102 5646 3156 5691 et
3209 5640 3493 5706 procreata
3541 5629 3654 5699 sint

2076 5735 2278 5801 omnia,
2309 5744 2360 5790 et
2396 5745 2672 5805 rogantur,
2718 5741 2769 5788 ct
2817 5740 3228 5788 conserventur.

3574 285 3683 351 θιι
3760 340 3763 343 .
