3994 6204
362 298 479 377 315
1602 302 1982 365 EUTIIYMH
2031 302 2395 361 ZlGABENI
3515 293 3620 357 316

1015 423 1096 476 Ex
1130 422 1303 474 eodem
1314 457 1327 471 .
1976 418 2021 471 Α
2586 410 2592 430 ¹

1976 418 2021 471 Α
2586 410 2685 462 Ἐκ
2738 406 2849 475 τῆς
2876 404 3088 472 αὐτῆς.

442 516 499 572 Si
530 515 721 576 malus.
756 522 811 569 et
848 514 1110 568 scelestus
1159 522 1240 566 est
1290 511 1378 564 hic
1423 509 1656 563 mundus
1698 507 1941 569 inferior,

2121 500 2182 553 Εἰ
2221 501 2323 571 μὲν
2350 501 2584 571 πονηρὸς
2612 503 2638 553 ὁ
2689 499 2837 552 κάτω
2875 500 3077 566 κόσμος
3107 513 3289 562 ουτος,
3336 495 3429 550 καὶ
3460 496 3623 567 ἡμεῖς

377 620 434 666 et
472 624 569 664 vos
600 608 855 662 nimirum
886 605 1033 667 mali,
1070 604 1414 671 scelestique,
1459 603 1658 671 quippe
1692 602 1783 671 qui
1819 616 1944 670 pars

2049 595 2157 663 ἄρα
2190 594 2443 664 πονηροὶ,
2485 594 2651 663 μέρος
2676 595 2827 654 ὄντες
2858 591 3045 645 αὑτοῦ.
3083 592 3342 659 Πονηροῖς
3370 590 3425 643 δὲ
3490 592 3624 659 ἡμῖν

372 698 494 753 sitis
531 697 717 763 ipsius,
758 693 908 759 Quod
940 694 980 746 si
1016 702 1206 746 natura
1238 693 1368 746 (stis
1414 691 1669 760 improbi,
1714 699 1768 744 et
1796 689 1945 753 mali,

2223 687 2384 754 φύσιν
2421 682 2574 739 οῦσιν
2625 685 2686 737 οὐ
2740 683 3040 748 πρόσεστιν
3089 682 3338 751 ἀλήθεια.
3395 682 3460 734 Ἥ
3511 681 3625 751 γὰρ
3714 671 3778 745 ρ’

374 789 580 843 veritas
609 802 711 839 non
745 785 897 838 adest
927 782 1102 836 vobis.
1135 781 1347 837 Veritas
1375 785 1517 837 enim
1555 784 1758 837 bonum
1788 783 1949 851 plane

2055 775 2282 845 ἀλήθεια
2329 776 2516 843 σαφῶς
2582 774 2786 842 ἀγαθόν
2806 792 2836 809 ··
2870 773 2930 825 τὸ
2980 774 3036 826 δὲ
3082 773 3287 840 ἀγαθὸν
3342 772 3624 840 ἀλλότριον

376 888 482 933 est.
517 878 720 930 Bonum
771 883 949 928 autem
982 882 1065 929 est
1112 874 1348 928 alienum
1395 891 1423 929 a
1483 875 1642 928 malo.
1693 875 1809 929 Jam
1857 873 1947 941 qui

2054 866 2312 936 πονηροῦ.
2343 868 2435 936 Μὴ
2458 865 2814 936 κεκτημένοις
2851 864 2908 918 δὲ
2938 864 3197 933 ἀλήθειαν
3224 862 3289 915 τὰ
3316 864 3628 930 δεδογμένα

378 967 605 1020 veritate
652 972 860 1026 carent,
910 978 1097 1018 eorum
1133 965 1377 1021 doctrina
1424 966 1554 1020 falsa
1585 964 1733 1019 nullo
1777 964 1951 1021 solido

2053 956 2225 1026 ψευδῆ
2264 974 2320 1009 τε
2359 959 2451 1010 καί¹
2498 957 2872 1011 ἀνυπόστατα.
2938 957 3000 1009 Εἰ
3054 956 3109 1007 δὲ
3148 955 3352 1023 ἀγαθὸς
3387 958 3416 1008 ὁ
3452 955 3630 1025 δηλω-

377 1056 629 1110 innititur
695 1056 1076 1111 fundamento.
2057 1047 2171 1102 θεὶς
2229 1049 2458 1119 κόσμος,
2513 1048 2715 1117 ἀγαθοῦ
2778 1050 3001 1110 πάντως
3058 1046 3155 1100 καὶ
3204 1046 3628 1119 δημιούργημα.

2068 1139 2300 1207 Ἀγαθοῦ
2325 1140 2433 1211 γὰρ
2459 1140 2706 1195 αἰτιατοῦ
2736 1141 2944 1210 ἀγαθὸν
2976 1141 3035 1194 τὸ
3091 1140 3287 1208 αἴτιον,
3320 1141 3509 1212 ὥσπερ
3532 1141 3633 1194 καὶ

2057 1232 2299 1302 πονηροῦ
2330 1236 2590 1303 πονηρόν.

1003 1319 1087 1373 Ex
1114 1319 1311 1374 eodem.

2601 1321 2701 1376 Ἐκ
2738 1321 2838 1390 τῆς
2875 1321 3086 1391 αὐτῆς.

455 1407 511 1462 Si
548 1408 809 1463 mundum
842 1410 987 1465 hunc
1020 1411 1218 1465 bonum
1249 1426 1366 1469 esse
1397 1412 1753 1479 conﬁtemini,
1784 1414 1951 1470 Deum

2129 1414 2304 1485 Εἴπερ
2342 1414 2442 1483 μὲν
2473 1412 2564 1467 τὸν
2592 1414 2795 1484 κόσμον
2825 1413 3383 1484 ἂγαθσ.·όμολνογεῖτι,
3428 1414 3522 1471 τὸν
3570 1416 3630 1470 δὲ

384 1509 563 1554 autem
595 1508 650 1554 et
681 1508 884 1570 patrem
918 1501 1118 1555 malum
1156 1518 1265 1555 non
1310 1504 1537 1572 hujusce
1565 1506 1752 1559 mundi
1785 1506 1953 1561 eﬁ‘ec-

2059 1505 2190 1559 Θεὸν
2221 1507 2316 1559 καὶ
2345 1506 2567 1576 Πατέρα
2599 1507 2857 1577 πονηρὸν,
2891 1508 2987 1559 καὶ
3016 1507 3080 1559 οὐ
3126 1505 3223 1559 τοῦ
3273 1508 3483 1576 κόσμου
3507 1510 3635 1562 τού-

386 1602 583 1652 torem.
614 1593 719 1645 erit
766 1580 949 1660 utique
988 1592 1222 1646 mundus
1268 1593 1405 1649 alter
1447 1594 1618 1649 malus
1655 1612 1684 1650 a
1713 1598 1823 1650 Deo
1867 1597 1956 1651 illo

2058 1613 2155 1649 τοι)
2187 1597 2544 1667 δημιουργὸν,
2585 1598 2741 1651 ἔσται
2770 1598 2994 1661 πάντως
3033 1601 3129 1652 καί
3180 1601 3418 1669 πονηρὸς
3470 1601 3634 1663 ἄλλος

386 1682 669 1736 coniectus
721 1682 881 1735 male.
938 1681 1103 1750 Atqui
1158 1684 1395 1737 mundus
1490 1685 1789 1741 istiusmodi
1848 1703 1956 1740 non

2061 1690 2266 1758 κόσμος
2289 1687 2383 1741 τοῦ
2419 1688 2658 1759 πονηροῦ
2683 1688 2818 1741 Θεοῦ
2855 1687 3269 1760 δημιούργημα.
3324 1691 3481 1744 Ἀλλὰ
3530 1692 3637 1757 μὲν

387 1780 490 1834 est,
551 1785 619 1824 ne
668 1771 810 1823 Deus
872 1770 1036 1840 igitur
1091 1772 1305 1840 quidem
1370 1774 1563 1829 malus.
1621 1775 1752 1830 Nam
1816 1778 1959 1833 Deus

2064 1782 2163 1834 οὐκ
2189 1780 2356 1834 ἔστιν.
2385 1780 2517 1833 Οὐδὲ
2549 1778 2683 1841 Θεός
2712 1780 2859 1833 ἐστιν
2884 1780 2991 1850 ἄρα
3014 1781 3270 1849 πονηρός.
3307 1781 3365 1834 Ὀ
3395 1782 3493 1851 μὲν
3520 1784 3638 1850 γὰρ

388 1860 713 1929 principium
784 1868 886 1925 est,
937 1860 1296 1932 eﬁ'ectrixque
1355 1880 1543 1920 causa.
1606 1867 1785 1932 Quare
1835 1884 1959 1922 cum

2064 1871 2195 1933 Θεὸς
2220 1870 2361 1941 ἀρχὴ
2390 1872 2484 1923 καὶ
2510 1872 2790 1941 ποιητικὸν
2818 1873 2989 1924 αἴτιον
3018 1888 3034 1903 ο
3058 1872 3380 1942 ἀρχομένων
3430 1873 3486 1926 δὲ
3537 1876 3636 1926 καὶ

390 1970 495 2008 non
536 1957 818 2018 exsistant,
852 1971 971 2029 qua:
1011 1970 1040 2010 a
1086 1959 1353 2029 principio
1400 1960 1589 2015 eﬁecta
1641 1972 1695 2015 et
1744 1962 1959 2016 condita

2064 1963 2453 2033 πεποιημένων
2483 1964 2585 2016 οὐκ
2609 1963 2799 2027 ὄντων,
2828 1963 2948 2015 οὐδὲ
2976 1963 3123 2035 ἀρχὴ
3177 1965 3393 2029 πάντως
3452 1964 3636 2020 ἔσται.

389 2046 520 2111 sint,
577 2064 646 2103 ne
671 2050 997 2123 principium
1041 2054 1257 2123 quidem
1293 2062 1397 2122 est,
1446 2069 1547 2108 nec
1605 2052 1747 2109 Deus
1798 2053 1962 2117 igitur

1456 2069 1547 2108 nec
1605 2052 1747 2109 Deus
1798 2053 1962 2117 igitur
2066 2056 2180 2110 Οὐκ
2202 2055 2310 2125 ἄρα
2331 2053 2422 2107 οὖν
2446 2053 2682 2124 πονηρός
2729 2055 2845 2107 ἐστι
2882 2055 3033 2119 Θεός.

388 2137 583 2194 malus.

1022 2231 1105 2288 Ex
1132 2233 1329 2288 eodem.
2597 2228 2599 2237 ⁴

2597 2226 2697 2281 Ἐκ
2740 2229 2853 2296 τῆς
2890 2230 3105 2297 αὐτῆς.

461 2320 691 2389 Veteris,
711 2323 1334 2395 inquiunt,Testamenti
1351 2326 1493 2382 Deus
1514 2342 1621 2381 non
1644 2343 1707 2382 ea
1726 2336 1811 2383 est
1832 2342 1959 2397 pro-

2152 2320 2211 2373 'O
2246 2320 2347 2391 τῆς
2380 2320 2646 2385 Παλαιᾶς,
2698 2324 2852 2391 φασὶ,
2875 2324 3157 2394 Διαθήκης
3204 2325 3339 2390 Θεὸς
3369 2326 3468 2380 οὐκ
3519 2328 3640 2397 ἔχει

389 2412 657 2479 videntia,
708 2417 1069 2485 etgscienlia,
1128 2433 1247 2487 quae
1303 2420 1484 2473 omnia
1540 2420 1955 2489 complectatur.

2062 2412 2161 2483 τὴν
2199 2414 2605 2485 περιληπτικὴν
2662 2417 2881 2469 πάντων
2933 2416 3031 2467 καὶ
3085 2415 3239 2470 θείαν
3294 2418 3638 2489 πρόγνωσιν.

392 2504 694 2578 lnterrogat
752 2509 919 2574 enim,
970 2508 1168 2576 Adam,
1218 2512 1325 2577 ubi,
1373 2512 1645 2582 inquiens,
1694 2530 1746 2566 es
1785 2514 1842 2563 ’Υ
1893 2514 1957 2567 Et

2073 2504 2289 2575 Ἐρωτᾷ
2310 2506 2415 2575 γὰρ
2445 2506 2533 2559 τὸν
2572 2505 2771 2574 Ἀδὰμ,
2792 2506 2914 2560 Ποῦ
2943 2501 3031 2571 εἷ;
3065 2508 3161 2560 καὶ
3182 2508 3276 2562 τὸν
3308 2510 3468 2575 Κάῖν,
3504 2509 3638 2564 Ποῦ

389 2594 545 2663 Cain,
582 2597 680 2652 Ubi
718 2610 815 2663 est,
853 2601 1121 2671 inquiens,
1183 2604 1351 2672 frater
1400 2612 1519 2657 tuus
1550 2606 1571 2635 ¹
1606 2605 1629 2658 ?
1682 2602 1749 2657 Et
1787 2606 1960 2659 Abra-

2066 2597 2309 2650 ’Δὸελό
2358 2596 2626 2665 ἀδελφός
2680 2611 2843 2661 σου;
2903 2599 2999 2651 καί
3063 2599 3154 2651 τὸν
3198 2598 3466 2668 Ἀϐραὰμ,
3508 2602 3637 2655 Ποῦ

395 2689 547 2756 ham,
594 2691 688 2747 Ubi
722 2701 818 2756 est,
873 2692 1151 2762 inquiens,
1187 2695 1327 2750 Sara
1361 2713 1493 2750 uxor
1543 2706 1633 2751 tua
1663 2697 1719 2750 '?
1748 2698 1815 2751 Et
1848 2698 1957 2753 alia

2063 2686 2261 2755 Σάρρα
2289 2686 2327 2754 ἠ
2362 2687 2517 2757 γυνή
2546 2702 2701 2751 σου;
2727 2688 2819 2740 καὶ
2853 2688 3027 2740 πολλὰ
3060 2688 3306 2744 τοιαῦτα.
3365 2691 3508 2760 Πρὸς
3538 2691 3640 2755 οῦς

393 2781 563 2835 multa
593 2782 659 2836 ad
689 2783 940 2838 eumdem
972 2784 1213 2839 modum.
1240 2786 1331 2841 llis
1365 2788 1781 2857 respondemus,
1812 2790 1959 2858 ejus-

2065 2797 2267 2850 φαμεν.
2334 2780 2448 2832 Οὐκ
2499 2780 2722 2846 ἀγνοίας
2796 2781 2854 2832 αἰ
2904 2779 3226 2849 δηλωθεῖσαι
3310 2782 3637 2852 ἐρωτήσεις,

395 2872 541 2926 modi
582 2874 913 2946 interrogata
974 2892 1084 2931 non
1141 2878 1208 2933 ab
1266 2880 1591 2950 ignorantia,
1636 2881 1731 2936 sed
1784 2885 1963 2952 potius

2066 2873 2199 2926 ἀλλὰ
2244 2871 2447 2942 μᾶλλον
2474 2873 2753 2941 γνώσεως.
2820 2874 2883 2925 Εἰ
2939 2873 3013 2943 μὴ
3067 2874 3174 2941 γὰρ
3227 2872 3368 2941 ἔγνω
3402 2875 3494 2926 καὶ
3541 2876 3643 2927 τὸν

394 2979 425 3017 a
461 2965 773 3035 cognitione
816 2968 1108 3037 proﬁcisci.
1162 2969 1275 3026 Nisi
1335 2973 1481 3025 enim
1537 2972 1879 3039 cognovisset
1906 2980 1961 3026 et

2076 2964 2265 3033 Ἀδὰμ,
2294 2964 2388 3017 καὶ
2419 2967 2511 3015 τὸν
2544 2962 2678 3016 Κάῖν
2710 2963 3129 3032 ἁμαρτήσαντα,
3191 2962 3293 3017 οὐκ
3356 2963 3423 3015 ἂν
3472 2962 3641 3026 εὐθὺς

394 3053 588 3119 Adam,
616 3064 669 3110 et
704 3056 837 3110 Cain
869 3072 1149 3126 peccasse,
1181 3075 1291 3114 non
1322 3074 1417 3115 eos
1475 3060 1740 3115 continuo
1797 3059 1965 3114 inter-

2067 3057 2365 3127 ἠρώτησε⁶
2415 3059 2507 3109 καὶ
2544 3056 2702 3125 δῆλον
2731 3057 2842 3110 ἀπὸ
2901 3056 3009 3108 τῶν
3070 3056 3217 3125 ἑξῆς.
3270 3055 3471 3127 Είρηκε
3526 3059 3641 3129 γὰρ

394 3156 658 3218 rogasset.
685 3146 1016 3219 Cognovisse
1044 3161 1224 3206 autem
1255 3167 1320 3206 ex
1369 3150 1456 3211 iis,
1488 3167 1608 3221 quae
1639 3163 1964 3222 sequuntur,

2070 3151 2207 3220 πρὸς
2243 3152 2344 3219 μὲν
2366 3151 2456 3203 τὸν
2500 3150 2693 3220 Ἀδὰμ,
2719 3154 2901 3203 καίτοι
2927 3151 3096 3220 μήπω
3139 3150 3307 3220 μηδὲν
3360 3150 3489 3221 περί
3537 3151 3641 3219 τῆς

396 3240 747 3309 perspicuum
787 3251 893 3297 est.
928 3243 1016 3298 Sic
1050 3243 1195 3297 enim
1229 3244 1525 3314 alloquitur
1563 3244 1736 3298 Adam
1788 3243 1962 3314 prius,

2071 3243 2325 3314 βρώσεως
2372 3241 2784 3311 ὁμολογήσαντα
2816 3254 2832 3271 '
2894 3240 2991 3307 Τίς
3040 3239 3326 3309 ἀνήγειλέ
3381 3254 3500 3303 σοι,
3546 3237 3644 3293 ὅτι

396 3345 561 3402 quam
585 3331 676 3387 ille
707 3347 766 3387 se
824 3335 1126 3388 comedisse
1160 3335 1459 3390 fateretur:
1494 3334 1687 3405 Ecquis
1718 3335 1967 3388 indicavit

2068 3336 2297 3408 γυμνὸς
2324 3330 2411 3400 εἷ,
2471 3337 2521 3388 εἰ
2546 3335 2633 3402 μὴ
2668 3334 2784 3389 ἀπὸ
2817 3335 2924 3389 τοῦ
2960 3333 3153 3398 ξύλου
3214 3329 3287 3389 οὗ
3340 3334 3645 3387 ἐνετειλὰ-

399 3425 514 3489 tibi,
557 3434 605 3479 te
629 3426 827 3479 nudum
847 3441 978 3491 esse,
1027 3428 1128 3480 nisi
1156 3428 1294 3494 quod
1337 3443 1363 3479 e
1389 3427 1552 3496 ligno,
1595 3428 1661 3480 de
1711 3444 1810 3497 quo
1859 3426 1969 3480 solo

2068 3445 2194 3498 μην
2224 3443 2323 3481 σοι
2346 3429 2541 3496 μόνου
2569 3425 2653 3495 μὴ
2702 3425 2938 3494 φαγεῖν,
2997 3424 3100 3479 ἀπ’
3144 3424 3330 3479 αὑτοῦ
3378 3426 3645 3494 ἕραγες;

394 3516 621 3582 ῃτωεερί
652 3516 768 3580 tibi,
801 3532 863 3569 ne
890 3517 1205 3581 comederes,
1247 3518 1519 3569 comedisti
1543 3515 1604 3570 ‘Y
1634 3516 1764 3570 Cain
1816 3530 1966 3581 vero,

2071 3520 2214 3590 Πρὸς
2240 3520 2297 3573 δὲ
2325 3520 2415 3573 τὸν
2450 3520 2611 3580 Κάῖν,
2666 3518 2848 3571 καίτοι
2911 3517 3006 3569 καὶ
3064 3516 3230 3570 αὑτὸν
3293 3519 3646 3588 πειρώμενον

399 3605 494 3675 qui
533 3604 834 3660 conabatur
863 3616 918 3662 et
946 3607 1061 3675 ipse
1095 3607 1330 3672 latitare,
1388 3608 1677 3677 compellat
1726 3607 1811 3661 bis
1851 3623 1972 3661 ver-

2071 3612 2252 3667 λαθεῖν
2272 3627 2284 3639 ·
2312 3610 2482 3678 Φωνὴ
2510 3612 2757 3679 αἵματος
2785 3607 2891 3662 τοῦ
2918 3608 3184 3678 ἀδελφοῦ
3204 3624 3320 3663 σου
3341 3608 3464 3675 ,ϐοᾷ
3493 3611 3648 3677 πρός

400 3695 535 3751 his:
577 3695 689 3751 Vox
740 3698 1013 3768 sanguinis
1052 3699 1237 3768 fratris
1287 3700 1364 3751 tui
1418 3700 1616 3753 clamat
1671 3700 1741 3753 ad
1799 3716 1879 3753 me
1925 3701 1969 3754 ⁸.

2068 3724 2163 3777 με.
2193 3706 2380 3759 Ταῦτα
2400 3693 2499 3757 καὶ
2544 3704 2667 3756 λίαν
2725 3701 2822 3771 μὲν
2863 3701 3063 3762 εἰδότος
3119 3701 3251 3764 εἰσὶ,
3316 3696 3645 3770 βουλομένου

400 3790 531 3847 Haec
554 3806 663 3846 non
692 3791 993 3863 ignorantis
1032 3802 1182 3855 sunt,
1225 3793 1320 3847 sed
1352 3793 1512 3863 plane
1577 3802 1634 3849 et
1683 3796 1972 3864 perspicue

2073 3801 2129 3854 δὲ
2160 3798 2246 3852 διὰ
2276 3798 2377 3866 τῆς
2405 3796 2781 3865 προσποιήτου
2840 3794 3171 3865 ἐρωτήσεως
3221 3795 3299 3857 εἰς
3346 3794 3647 3861 μετάνοιαν

402 3884 803 3955 cognoscentis,
831 3882 924 3952 qui
953 3898 1015 3938 ea
1061 3884 1241 3952 specie
1275 3884 1723 3955 interrogationis
1747 3888 1859 3941 vult
1884 3890 1969 3954 iis,

2074 3892 2302 3960 ἀγαγεῖν
2346 3889 2473 3952 τοὺς
2523 3886 2939 3958 ἡμαρτηκότας,
2981 3885 3305 3953 ἑπιγνόντας
3343 3887 3425 3938 ὅτι
3450 3884 3645 3954 πεφώ-

402 3975 498 4047 qui
533 3983 912 4045 peccaverant,
964 3976 1322 4044 persuadere,
1379 3986 1437 4030 ut
1467 3977 1816 4046 resipiscam,
1847 3995 1971 4035 cum

2077 4002 2292 4057 ρανται.
2323 3983 2493 4036 Πάλιν
2524 3981 2579 4035 δὲ
2615 3982 2709 4033 καὶ
2733 3982 2794 4034 τό
2823 3997 2835 4010 ·
2865 3979 2989 4034 Ποῦ
3016 3978 3217 4046 Σάρῤα
3240 3978 3278 4046 ἠ
3302 3975 3454 4047 γυνή
3479 3993 3601 4030 σου
3626 3991 3646 4038 ;

404 4086 464 4127 se
485 4069 855 4140 deprehensos
879 4068 1337 4123 animadvertant.
1364 4068 1603 4141 Ea.item
1637 4072 1801 4126 verba
1838 4091 1851 4126 :
1879 4074 1974 4129 Ubi

2078 4074 2550 4147 προγινώσκοντος
2577 4066 2646 4143 ἦν
2669 4072 2751 4123 ὅτι
2785 4070 2882 4125 καὶ
2914 4072 3145 4139 γυναῖκα
3165 4068 3300 4139 ἔχει,
3334 4069 3427 4121 καί
3453 4068 3644 4139 Σάρῤα

406 4172 482 4218 est
508 4160 648 4217 Sara
678 4176 813 4213 uxor
848 4160 986 4213 tua’
1038 4161 1318 4233 declarant
1372 4177 1496 4215 eum
1563 4176 1671 4216 non
1723 4162 1976 4235 ignorare

2077 4165 2361 4232 κέκληται.
2400 4164 2459 4216 Ὀ
2486 4163 2544 4217 δὲ
2572 4160 2747 4215 ταῦτα
2791 4159 2946 4225 εἰδὼς
2985 4162 3079 4214 καὶ
3110 4162 3243 4214 ὅπου
3278 4156 3345 4231 ἦν
3374 4159 3645 4228 ἐγίνωσκε

406 4252 684 4309 Abraham
715 4265 939 4305 uxorem
974 4250 1196 4317 habere,
1225 4266 1455 4321 eamque
1519 4253 1698 4307 vocari
1760 4255 1973 4311 Saram.

2079 4258 2315 4318 πάντως.
2345 4254 2419 4307 Οὐ
2450 4254 2560 4323 γὰρ
2578 4253 2644 4306 ἂν
2671 4251 2896 4307 ὄπισθεν
2929 4254 3027 4323 τῆς
3054 4251 3221 4323 θύρας
3252 4251 3517 4321 ἑστώσης,
3548 4253 3651 4306 καὶ

408 4345 513 4412 Qui
542 4332 725 4398 autem
756 4345 872 4396 haec
916 4343 1040 4407 scit,
1075 4344 1120 4396 is
1151 4342 1397 4412 profecto
1418 4357 1527 4397 non
1588 4354 1705 4399 erat
1757 4349 1978 4405 nescius

2085 4350 2224 4420 μετὰ
2253 4348 2351 4418 τὴν
2374 4349 2473 4417 τῆς
2530 4345 2881 4412 τεκνογονίας
2943 4342 3279 4411 ἐπαγγελίαν
3334 4342 3655 4412 γελασάσης

409 4437 502 4493 ubi
530 4445 678 4493 esset
713 4434 865 4490 Sara.
908 4434 1095 4503 Neque
1133 4434 1301 4499 enim,
1362 4450 1485 4489 cum
1519 4435 1651 4492 Sara
1711 4449 1835 4508 post
1886 4457 1977 4497 os-

2084 4441 2346 4513 κρύϐδην,
2380 4438 2532 4505 ἔλεγε
2550 4454 2565 4468 ο
2594 4437 2653 4490 Τί
2676 4434 3036 4505 ὅτιέγέλαονε
3066 4434 3299 4502 Σὰρῤα;
3332 4430 3462 4487 Εἰτα
3479 4447 3658 4503 προσ-

410 4532 546 4586 tium
570 4536 759 4592 staret,
823 4526 1141 4593 risissetque
1191 4525 1329 4579 clam
1379 4529 1608 4584 audiens
1653 4546 1711 4585 se
1746 4542 1974 4588 matrem

2084 4534 2267 4604 τίθησι
2297 4531 2392 4585 καὶ
2419 4530 2519 4600 τὴν
2544 4530 2721 4585 αἰτίαν
2757 4526 2853 4580 τοῦ
2886 4525 3148 4593 γέλωτος.
3175 4523 3459 4595 Δέγουσα
3515 4524 3654 4594 γὰρ,

410 4625 550 4689 fore,
572 4620 822 4686 dixisset,
855 4617 964 4673 Cur
1000 4618 1117 4670 risit
1150 4617 1328 4672 Sara?
1360 4619 1501 4673 risus
1545 4622 1703 4674 etiam
1758 4638 1975 4677 causam

2085 4624 2271 4694 φησιν,
2300 4621 2367 4675 ἐν
2391 4616 2595 4685 ἑαυτῇ,
2618 4613 2759 4685 Ἀρά
2793 4631 2858 4685 τε
2886 4614 3121 4679 ἀληθῶς
3148 4613 3389 4681 τέξομαι
3413 4631 3432 4678 ;
3463 4612 3660 4666 Ταῦτα

410 4715 669 4787 subjecit,
732 4727 916 4769 secum
975 4711 1089 4782 ipsa
1144 4711 1415 4781 inquiens,
1476 4711 1688 4767 Verene
1734 4716 1977 4782 pariam?

2088 4718 2198 4784 γὰρ
2224 4715 2318 4767 καὶ
2366 4711 2841 4781 καρδιογνώστου.
2894 4706 3178 4777 Ἠρώτησε
3204 4705 3260 4758 δὲ
3285 4706 3409 4759 Ποῦ
3453 4703 3659 4772 Σάρῤα

412 4810 539 4864 Haec
568 4806 714 4862 enim
746 4805 892 4861 illius
917 4813 1063 4870 sunt,
1103 4804 1194 4873 qui
1218 4818 1313 4858 cor
1344 4804 1504 4858 etiam
1546 4815 1707 4872 atque
1736 4805 1975 4859 animum

2087 4806 2125 4872 ἠ
2168 4804 2322 4873 γυνή
2347 4818 2495 4864 00v;
2526 4802 2650 4856 κατ’
2684 4800 3021 4870 οἰκονομίαν,
3050 4798 3138 4851 ἵνα
3180 4796 3370 4867 μαθὼν
3402 4796 3662 4849 ἐντεῦθεν

411 4900 585 4956 novit.
614 4896 973 4968 Interrogavit
1017 4905 1220 4959 autem,
1262 4893 1357 4948 Ubi
1397 4904 1471 4950 est
1503 4893 1640 4949 Sara
1669 4912 1800 4949 uxor
1836 4907 1928 4949 tua
1957 4899 1982 4952 .9

2101 4898 2351 4969 Ἀϐραὰμ
2378 4897 2461 4950 ὅτι
2492 4895 2853 4965 προγνὼστης
2910 4893 3048 4956 ἐστὶ,
3088 4892 3186 4943 καὶ
3239 4891 3419 4945 πάντα
3469 4888 3655 4953 εἰδὼς,

414 5008 481 5050 eo
511 4991 763 5054 consilio,
797 4998 858 5044 ut
886 4989 1160 5044 Abraham
1188 5002 1545 5059 cognoscens,
1609 5003 1667 5042 se
1701 4998 1830 5043 ante
1892 5005 1986 5043 co-

2090 4986 2163 5049 tb;
2198 4986 2469 5055 κρείττονι
2510 4984 2777 5054 προσέχῃ,
2818 4984 2914 5035 καί⁵
2941 4980 3036 5033 τοῦ
3073 4978 3263 5031 λοιποῦ
3285 4978 3514 5047 πιστεύῃ
3546 4979 3661 5030 τιᾶ-

416 5097 702 5155 gnoscere,
732 5090 788 5135 et
819 5081 1001 5135 omnia
1035 5081 1198 5145 scire,
1220 5079 1323 5134 sibi
1350 5089 1409 5134 ut
1440 5081 1798 5149 praestantiori
1832 5098 1987 5136 vaca-

2092 5094 2197 5143 σιν,
2236 5068 2315 5137 οἷς
2340 5075 2405 5129 ἂν
2438 5076 2571 5143 ἐρεῖ.
2619 5075 2724 5125 Καὶ
2750 5072 2812 5125 τὸ
2838 5073 2969 5141 περὶ
3015 5070 3129 5124 τῶν
3158 5069 3412 5138 Σοδόμων
3460 5068 3516 5121 δὲ
3564 5069 3663 5121 καὶ¹

415 5186 523 5240 ret,
552 5184 606 5231 et
637 5175 917 5237 omnibus,
968 5187 1087 5241 quae
1136 5172 1394 5240 deinceps
1447 5172 1775 5236 dicerentur,
1826 5176 1983 5230 ﬁdem

2090 5167 2383 5238 Γομόρρων
2414 5164 2721 5235 εἰρημένον,
2750 5164 2831 5215 ὄτι
2875 5160 3145 5225 Καταὸὰς
3179 5160 3403 5229 ὄψομαι
3426 5160 3477 5213 εἰ
3506 5162 3666 5215 κατὰ

416 5266 723 5322 adhiberet.
747 5266 925 5334 Atque
954 5264 1117 5317 etiam
1168 5262 1323 5325 illud,
1400 5262 1544 5328 quod
1605 5264 1671 5316 de
1729 5262 1986 5330 Sodoma,

2092 5260 2201 5329 τὴν
2233 5256 2504 5327 κραυγὴν
2530 5253 2728 5310 αὐτῶν
2785 5252 3266 5309 συντελοῦνται·
3322 5255 3372 5306 εἰ
3430 5252 3499 5305 δὲ
3542 5250 3662 5320 μὴν

417 5366 474 5413 et
533 5356 836 5413 Gomorrba
899 5353 1103 5408 dictum
1156 5360 1273 5405 est:
1336 5352 1655 5406 Descendunt
1700 5364 1748 5407 et
1783 5356 1981 5419 videbo,

2092 5350 2194 5403 ἵνα
2231 5349 2372 5420 γνῶ,
2404 5347 2522 5402 κατ’
2550 5347 2868 5418 οἰκονομίαν
2902 5349 3142 5417 εἴρηται,
3203 5345 3475 5399 παιδεύων
3513 5346 3668 5413 ἡμᾶς

420 5459 602 5504 utrum
640 5468 695 5504 re
718 5450 856 5519 ipsa,
892 5463 1008 5518 qua:
1049 5446 1249 5500 clamor
1308 5446 1541 5507 ipsorum
1601 5447 1800 5500 indicat
1850 5463 1989 5500 com-

2097 5442 2174 5514 μὴ
2217 5442 2471 5507 κολάζειν
2503 5425 2622 5494 ἀπο
2636 5444 3022 5513 προγνώσεως,
3057 5440 3173 5493 ἀλλ’
3236 5438 3531 5507 ἀναμένειν
3562 5437 3668 5504 τὴν

420 5542 693 5611 eiecerint,
743 5558 813 5596 an
859 5558 981 5608 non,
1034 5550 1091 5596 ut
1155 5540 1317 5595 ariam
1348 5541 1391 5606 ⁸,
1455 5539 1587 5609 quid
1620 5540 1765 5594 aliud
1818 5538 1987 5610 signi-

2096 5536 2494 5608 πραγματικὴν
2522 5537 2830 5607 διάγνωσιν.
2860 5535 2922 5588 Εἰ
2968 5536 3075 5604 γὰρ
3103 5533 3177 5603 μὴ
3218 5532 3506 5599 ἐγίνωσκε,
3540 5527 3668 5594 πῶς

496 5722 513 5754 ⁸
549 5719 685 5776 Ceu.
711 5736 790 5780 tu.
819 5719 871 5773 9.
950 5720 969 5749 ¹
999 5717 1131 5771 Gen.
1173 5735 1246 5778 tv.
1269 5717 1320 5772 9.
1402 5718 1418 5748 ³
1452 5715 1584 5772 Gen.
1613 5728 1765 5769 mu.
1798 5714 1849 5768 9.
1929 5714 1949 5744 ‘
1973 5714 2073 5769 Ger

1811 5714 1849 5768 ).
1929 5714 2106 5769 ‘Gen.
2145 5728 2224 5779 ιιι,
2262 5714 2340 5769 Η.
2417 5716 2437 5746 ⁸
2464 5714 2598 5769 Gen.
2636 5729 2709 5780 tv,
2744 5714 2823 5768 10.
2901 5714 2919 5743 ⁶
2951 5711 3086 5767 Gen.
3119 5726 3267 5774 mu,
3298 5709 3388 5764 ει.
