3994 6204
327 352 435 418 319

1559 352 1871 414 EUTIIYM
1885 351 1943 411 ΙΙ
1987 352 2025 409 Ζ
2038 351 2159 409 [GA
2172 350 2347 410 BENI

3478 340 3574 404 320

327 471 374 525 si
413 468 548 522 nihil
573 466 841 536 ejusmodi
878 464 1079 520 factum
1109 474 1276 523 esset.
1330 472 1535 532 quanto
1579 464 1751 533 magis
1795 464 1898 516 im-

2037 479 2125 516 :m:
2152 464 2211 516 οὐ
2252 462 2457 532 μᾶλλον
2489 461 2553 515 τὰ
2590 459 2803 530 πονηρὰ
2852 457 3026 511 ταῦτα
3090 455 3155 511 ειν
3198 455 3419 526 ἔσπειρε
3455 456 3578 525 δόγ-

333 563 565 632 probam
624 562 784 615 istam
850 559 1149 628 impietatis
1196 556 1502 609 doctrinam
1553 556 1908 609 disseminas-

337 653 503 710 sent?

390 765 641 835 Ejusdem
688 779 750 816 ea:
776 759 1206 827 interpretatione
1234 760 1284 810 in
1318 760 1590 828 mysticam
1618 774 1841 811 (mnam.

404 916 668 982 Quoniam
722 913 1029 973 Marcionis,
1069 922 1122 964 et
1166 912 1457 973 Valentini,
1519 922 1573 964 et
1628 910 1904 965 Manichmi

337 1011 575 1062 fautores
627 1014 781 1058 erant
850 1006 1106 1068 venturi,
1163 1006 1252 1074 qui
1302 1006 1441 1058 hanc
1490 1004 1898 1073 dispositionem

335 1106 621 1165 negarent,
666 1098 866 1152 idcirco
915 1097 1133 1151 assidue
1184 1098 1374 1150 mortis
1422 1112 1535 1149 suae
1567 1096 1898 1149 mentionem

340 1190 488 1250 fecit,
524 1192 686 1243 etiam
733 1206 831 1258 per
858 1190 1132 1260 mysteria,
1173 1199 1231 1243 ut
1287 1204 1448 1242 nemo
1479 1188 1630 1241 falsis
1677 1188 1907 1241 rationi-

338 1282 443 1336 bus
479 1282 931 1351 argnmentisque
964 1284 1140 1351 decipi
1190 1290 1392 1351 posset,
1426 1282 1521 1335 sed
1573 1296 1671 1350 per
1702 1296 1911 1334 sacram

339 1372 487 1426 illam
525 1388 766 1426 mensam
800 1373 961 1426 simul
991 1382 1043 1426 et
1074 1382 1333 1435 servaret,
1381 1381 1435 1423 et
1488 1373 1819 1427 institueret.

551 1462 801 1529 Ejusdem
834 1480 896 1516 ex
922 1465 1347 1531 interpretatione
1385 1464 1439 1516 in
1502 1481 1703 1534 magos.

430 1552 729 1608 Erubescat
818 1556 1018 1609 Paulus
1105 1556 1546 1619 Samosatensis,
1626 1556 1912 1610 erubescat

346 1644 567 1707 Marcio,
606 1646 693 1714 qui
738 1646 1031 1700 noluerunt
1060 1647 1268 1707 videre,
1309 1646 1453 1713 quod
1492 1646 1627 1717 magi
1660 1646 1912 1701 Ecclesia:

347 1738 723 1805 progenitores
742 1748 1181 1806 conspexerunt:
1212 1754 1388 1807 neque
1423 1740 1564 1791 enim
1596 1753 1787 1791 vereor
1820 1753 1915 1791 eos

2018 574 2160 626 ματα
2190 556 2289 625 τῆς
2320 555 2575 618 ἀσεϐείας
2600 571 2614 619 ;

2016 747 2125 802 Τοῦ
2156 748 2343 802 αὑτοῦ
2367 748 2435 800 ἐκ
2474 746 2581 815 τῆς
2611 749 2697 813 εἰς
2724 747 2830 801 τὸν
2848 747 3150 815 μυστικὸν
3179 743 3436 799 δεῖπνον
3488 746 3586 813 ἐρ-

2643 819 2919 885 μηνείιις.

2101 910 2317 972 Ἐπειδὴ
2380 911 2488 980 γὰρ
2544 909 2768 978 ἔμελλον
2802 912 2850 961 οί
2894 910 3025 979 περὶ
3092 909 3417 977 Μαρκίωνα,
3489 910 3587 960 καὶ

2021 1002 2392 1064 Ούαλεντῖνον,
2431 1003 2525 1054 καὶ
2559 1003 2862 1071 Μακλιχαῖον
2890 1000 3120 1069 φύεσθαι
3146 1001 3352 1070 ταύτην
3384 1002 3588 1071 ἀρνού-

2023 1110 2176 1163 μενοι
2207 1094 2305 1161 τὴν
2330 1093 2666 1161 οἰκονομίαν,
2735 1094 3001 1162 διηνεκῶς
3036 1096 3450 1161 ἀναμιμνήσκει
3491 1094 3588 1146 τοῦ

2020 1184 2250 1247 πάθους,
2284 1186 2377 1238 καὶ
2408 1184 2497 1237 διὰ
2526 1184 2632 1238 τῶν
2663 1186 3002 1255 μυστηρίων,
3050 1186 3191 1239 ὥστε
3237 1188 3441 1256 μηδὲνα
3480 1206 3585 1239 παρ

2023 1276 2414 1347 ραλογισθῆναι
2437 1318 2450 1340 ,
2485 1276 2620 1345 ὁμοῦ
2656 1278 2755 1346 μὲν
2808 1278 3019 1342 σώζων,
3055 1278 3194 1349 ὁμοῦ
3230 1280 3285 1331 δὲ
3314 1278 3588 1333 παιδεύων

2019 1370 2107 1424 διὰ
2144 1372 2241 1441 τῆς
2268 1374 2421 1441 ίερᾶς
2452 1373 2733 1442 τραπέζης
2772 1372 3008 1443 ἐκείνης.

2060 1458 2173 1514 Τοῦ
2202 1459 2388 1514 αὑτοῦ
2423 1461 2492 1513 ἐκ
2530 1459 2641 1526 τῆς
2664 1462 2752 1526 είς
2776 1460 2919 1524 τοὺς
2943 1461 3178 1532 μάγους
3204 1462 3547 1529 ἑρμηνείας.

2092 1552 2440 1622 Αίσχυνέσθω
2490 1553 2700 1615 Παῦλος
2753 1555 2781 1604 ὁ
2814 1553 3189 1621 Σαμοσατεὺς,
3238 1553 3585 1623 αἰσχυνέσθω

2024 1645 2307 1714 Μαρκίων,
2344 1643 2417 1715 μὴ
2447 1644 2799 1714 βουληθέντες
2827 1644 2955 1697 [δεῖν
2982 1644 3125 1712 ἅπερ
3154 1646 3203 1697 οἱ
3233 1645 3397 1713 μάγοι
3422 1638 3590 1704 εἶδον,

2024 1737 2071 1789 οἱ
2104 1740 2204 1803 τῆς
2244 1736 2572 1806 Ἐκκλησίας
2624 1736 2875 1804 πρόγονοι
2911 1749 2927 1764 ⁸
2986 1735 3046 1787 ού
3084 1738 3192 1802 γὰρ
3261 1732 3590 1803 αἰσχύνομαι

346 1824 425 1879 sic
451 1827 745 1895 appellare.
794 1828 1093 1883 Erubescat
1118 1828 1379 1893 Marcion,
1415 1829 1603 1882 videns
1635 1828 1801 1881 Deum
1860 1828 1915 1881 in

2037 1827 2196 1890 ›ὖτ‹υς
2228 1805 2442 1892 αὐτοὺς
2488 1830 2694 1882 καλεῖν.
2761 1830 3111 1898 Δίσχυνέσθω
3142 1831 3403 1899 Μαρκίων
3448 1827 3591 1897 ὀρῶν

347 1931 510 1971 carne
564 1918 798 1972 adorari.
860 1918 994 1971 Nam
1049 1920 1189 1987 quod
1245 1920 1296 1972 in
1325 1935 1490 1974 carne
1546 1919 1632 1982 sit,
1668 1918 1833 1986 panni
1866 1928 1919 1973 et

348 2022 598 2076 prmsepe
657 2019 952 2063 testantur.
1007 2010 1160 2075 Quod
1226 2022 1410 2063 autem
1473 2011 1621 2063 illum
1686 2026 1794 2065 non
1862 2018 1921 2063 ut

326 2114 548 2169 .purum
584 2108 636 2152 et
676 2100 975 2169 simplicem
1002 2102 1276 2155 hominem
1310 2102 1507 2165 colan‘t,
1537 2118 1601 2154 ex
1659 2118 1724 2156 eo
1775 2111 1921 2171 patet

347 2191 494 2259 quod
538 2192 590 2245 in
621 2201 807 2246 tenera
838 2203 997 2247 aetate
1044 2195 1329 2248 exsistenti
1379 2211 1607 2249 munera
1661 2196 1919 2259 offerunt,

347 2295 469 2351 quae
492 2284 827 2338 conveniunt
864 2285 993 2340 Deo.

350 2395 605 2466 Ejusdem
634 2414 696 2451 ex
720 2400 1151 2465 interpretatione
1176 2402 1229 2453 in
1254 2401 1343 2454 illa
1377 2404 1529 2455 verba
1567 2417 1585 2455 :
1634 2421 1651 2453 ι
1685 2401 1751 2455 In
1772 2403 1923 2470 prin-

570 2470 706 2537 cipio
739 2471 859 2538 fecit
897 2472 1033 2524 Deus
1058 2471 1244 2525 coelum
1272 2484 1317 2526 et
1345 2484 1541 2525 terram
1572 2476 1609 2527 ¹.
1656 2492 1675 2525 ι

423 2641 580 2708 Quod
614 2641 656 2697 si
700 2641 1033 2697 Monii-limus
1062 2644 1304 2708 accedat,
1340 2653 1395 2698 et
1433 2645 1599 2711 dicat,
1642 2648 1923 2703 materiam

349 2744 481 2789 ante
516 2736 809 2799 exstitisse,
841 2746 895 2790 et
921 2736 1180 2799 Marcion,
1226 2747 1281 2791 et
1318 2738 1654 2799 Valentinus,
1690 2747 1742 2793 et
1775 2738 1923 2794 Grae-

351 2826 421 2887 ci,
457 2837 510 2879 tu
531 2825 635 2879 illis
660 2826 775 2879 bzec
798 2828 961 2881 verba
984 2843 1197 2896 oppone
1230 2827 1322 2881 :In
1354 2830 1610 2900 principio
1635 2830 1754 2896 fecit
1791 2830 1927 2884 Deus

352 2916 539 2969 caelum
596 2925 645 2969 et
674 2926 892 2971 terram.
941 2918 1009 2972 At
1046 2920 1133 2973 ille
1160 2918 1455 2989 Scriptura:
1499 2938 1610 2975 non
1647 2923 1840 2987 credit,
1873 2933 1927 2978 et

354 3017 414 3063 tu
444 3024 571 3062 eum
606 3019 664 3062 ut
700 3010 973 3073 insanum,
1014 3021 1068 3065 et
1099 3022 1283 3067 mente
1329 3024 1547 3083 captum
1589 3016 1761 3070 evita.
1824 3016 1926 3083 Qui

359 3095 508 3151 enim
540 3112 718 3151 rerum
747 3099 990 3152 onmium
1028 3102 1362 3170 procreatori
1398 3103 1561 3157 fidem
1594 3119 1703 3159 non
1740 3106 1925 3171 habet,
1954 3141 1998 3204 Ο

357 3197 414 3243 et
443 3189 711 3243 mendacii
754 3191 1040 3246 veritatem
1081 3195 1277 3263 arguit,
1342 3211 1503 3265 quam
1550 3212 1790 3267 unquam
1840 3216 1931 3255 ve-

359 3279 509 3332 niam
563 3284 932 3352 assequctur?
999 3285 1095 3340 Sin
1154 3288 1398 3342 veritatis
1456 3290 1644 3345 hostes
1703 3303 1931 3364 pergant

360 3372 660 3439 adversari,
696 3377 942 3433 dicentes
978 3378 1095 3433 fieri
1142 3396 1253 3435 non
1306 3398 1489 3453 posse,
1543 3393 1603 3439 ut
1651 3400 1716 3439 ex
1758 3386 1931 3443 nihilo

356 3465 655 3535 quidquam
690 3467 801 3535 fiat,
837 3485 931 3524 eos
963 3470 1254 3543 interroga,
1292 3485 1474 3529 utrum
1527 3478 1734 3547 primus
1766 3479 1931 3534 homo

356 3572 423 3612 ex
465 3566 632 3621 terra,
658 3574 729 3613 an
759 3575 826 3615 ex
860 3561 964 3616 alia
996 3578 1052 3617 re
1097 3564 1366 3620 conflatus
1396 3567 1488 3620 sit.
1545 3566 1620 3621 Ex
1656 3578 1802 3624 terra
1846 3586 1933 3625 re-

357 3649 733 3720 spondebunt,
754 3662 805 3706 et
829 3653 1239 3711 confitebuntur
1265 3660 1513 3713 omnino.
1543 3660 1737 3716 Dicant
1769 3662 1933 3733 igitur

358 3741 519 3797 nobis
556 3744 835 3812 quomodo
885 3760 952 3800 ex
999 3755 1146 3802 terra
1188 3751 1373 3805 carnis
1416 3760 1613 3807 natura
1664 3753 1807 3809 facta
1839 3758 1930 3811 sit.

360 3831 439 3887 Ex
497 3843 642 3889 terra
670 3836 817 3891 enim
874 3836 1075 3903 lutum,
1131 3850 1185 3895 et
1222 3841 1441 3906 lateres,
1499 3845 1714 3915 tegulas,
1775 3854 1935 3916 atque

356 3926 477 3981 olla:
509 3925 623 3980 ﬁeri
686 3928 886 3983 solent.
952 3930 1237 3996 Quomodo
1288 3934 1452 4003 igitur
1504 3936 1686 3989 carnis
1737 3948 1933 3991 natura

356 4016 502 4072 facta
530 4027 614 4073 est
644 4028 700 4073 et
749 4022 924 4084 nervi,
963 4032 1019 4077 et
1046 4024 1284 4089 arterias,
1331 4035 1387 4079 et
1434 4026 1625 4095 adeps,
1680 4036 1733 4081 et
1766 4030 1932 4095 cut-is,

360 4120 416 4165 et
478 4125 706 4181 ungues,
738 4122 793 4166 et
819 4114 1042 4182 capilli?
1086 4116 1165 4169 Ad
1198 4117 1311 4170 hcce
1370 4118 1445 4171 illi
1504 4118 1649 4188 quod
1705 4135 1933 4189 respon-

360 4204 544 4265 deant,
576 4202 712 4256 nihil
746 4204 1045 4269 habebunt,
1074 4208 1167 4261 sed
1193 4208 1594 4264 obmutescent.
1656 4211 1803 4277 Quid
1832 4228 1933 4265 au-

362 4304 472 4349 tem
526 4295 721 4364 loquor
760 4296 827 4350 de
859 4305 1046 4353 nostro
1094 4314 1324 4369 corpore
1360 4300 1382 4353 ?
1416 4301 1601 4355 dicant
1651 4304 1809 4358 nobis
1866 4304 1935 4358 de

360 4401 522 4455 pane,
552 4400 713 4455 quem
766 4387 1014 4455 quotidie
1064 4391 1424 4455 comedimus,
1474 4395 1774 4461 quomodo,
1808 4410 1931 4449 cum

2021 1922 2153 1973 Θεὸν
2187 1922 2243 1973 ὲν
2276 1923 2442 1991 σαρκὶ
2504 1924 2998 1993 προσκυνούμενον.
3038 1924 3157 1975 Ὀτι
3208 1924 3307 1991 μὲν
3362 1922 3470 1991 γὰρ
3532 1922 3594 1972 ἐν

2026 2012 2212 2081 σαρκὶ,
2246 2012 2315 2064 τὰ
2348 2013 2639 2080 σπάργανα
2663 2014 2930 2077 δείκνυσι,
2966 2016 3058 2066 καὶ
3090 2014 3123 2083 ἡ
3159 2014 3334 2083 φάτνη
3365 2031 3377 2043 ’
3410 2014 3489 2065 ὅτι
3531 2011 3592 2063 δὲ

2022 2105 2121 2173 οὐχ
2149 2105 2221 2166 ώς
2246 2102 2404 2173 ψιλὸν
2459 2104 2747 2175 ἄνθρωπον
2807 2106 3203 2175 προσεκύνουν,
3235 2105 3493 2177 δηλοῦσιν
3534 2107 3597 2157 ἐν

2023 2195 2185 2265 ἀώρῳ
2218 2199 2317 2266 τῆς
2379 2197 2595 2266 ἡλικίας
2628 2197 2856 2250 τοιαῦτα
2917 2197 3072 2269 δῶρα
3118 2199 3516 2268 προσάγοντες,
3558 2198 3597 2253 ἃ.

2024 2288 2141 2357 Θεῷ
2176 2291 2477 2361 προσάγειν
2510 2290 2655 2353 είκδς
2680 2286 2767 2361 ἦν.

2032 2382 2139 2438 Τοῦ
2173 2382 2360 2436 αὑτοῦ
2398 2384 2465 2436 ἐκ
2517 2384 2626 2449 τῆς
2652 2384 2969 2450 ἑρμηνείας
3011 2382 3120 2448 τῆς
3162 2386 3249 2450 είς
3280 2385 3383 2438 τό·
3420 2403 3439 2436 ι
3490 2386 3600 2439 Ἔν

2098 2452 2254 2534 ἀρχῇ
2280 2454 2569 2521 ἐποίησεν
2611 2458 2642 2508 ό
2693 2455 2985 2524 Θεὸς-,τὸν
3013 2457 3296 2523 οίῬανὸν,
3334 2456 3433 2509 καὶ
3480 2454 3600 2524 τὴν

2097 2540 2236 2591 την.
2280 2543 2297 2575 ι

2098 2616 2219 2668 Κᾶν
2248 2615 2357 2683 γὰρ
2388 2615 2688 2684 Μανιχαϊος
2716 2616 3013 2687 ὑπεισὲλθῃ
3074 2617 3249 2683 λέγων
3299 2614 3399 2683 τὴν
3460 2614 3604 2683 ὕλην

2027 2708 2429 2778 προϋπάρχειν,
2466 2709 2570 2760 κᾶν
2595 2709 2887 2779 Μαρκίων,
2936 2708 3039 2762 κᾶν
3075 2708 3451 2772 Οὐαλεντίνος,
3488 2708 3600 2761 κᾶν

2038 2799 2310 2869 Ἑλλήνων
2366 2800 2574 2865 παῖδες,
2640 2800 2763 2867 λέγε
2807 2801 2945 2872 πρὸς
3008 2800 3204 2862 αὐτούς
3234 2815 3249 2831 ο
3297 2799 3401 2853 Ἔν
3437 2799 3601 2866 ἀρχῇ

2029 2892 2323 2961 ἐποίησεν
2349 2897 2381 2948 ό
2405 2895 2547 2959 Θεὸς
2572 2895 2678 2947 τὸν
2708 2894 2973 2962 οὐρανὸν
3005 2894 3102 2946 καὶ
3138 2890 3253 2957 τὴν
3286 2889 3424 2959 γῆν.
3449 2890 3603 2942 Ἀλλ’

2031 2987 2092 3040 οῦ
2125 2987 2373 3039 πιστεύει
2405 2989 2471 3056 τῇ
2503 2986 2693 3057 Γραφῇ
2720 3002 2733 3017 ο
2758 2984 3149 3056 ἀποστράφηθι
3188 2984 3378 3035 λοιπον
3433 2982 3604 3034 αὑτὸν

2032 3074 2107 3138 ὡς
2172 3078 2502 3145 μαινόμενον
2567 3078 2658 3131 καὶ
2722 3076 3075 3147 ἐξεστηκότα.
3114 3076 3175 3129 ὐ
3214 3075 3326 3145 γὰρ
3385 3074 3462 3143 τῷ
3507 3074 3606 3143 δη-

2037 3169 2284 3241 μιουργῷ
2332 3170 2441 3223 τῶν
2473 3169 2609 3223 ὅλων
2645 3171 2916 3234 ἀπιστῶν,
2975 3169 3051 3230 ὡς
3104 3170 3201 3221 καὶ
3254 3167 3451 3237 ψεῦδος
3500 3169 3607 3235 τῆς

2032 3262 2292 3331 ἀληθείας
2326 3263 2777 3331 καταγινώσκων,
2813 3262 2973 3322 ποίας
2999 3261 3065 3315 ἂν
3086 3259 3224 3332 τύχῃ
3265 3258 3608 3329 συγγνώμης

2034 3354 2163 3406 ποτέ
2188 3369 2203 3420 ;
2233 3354 2291 3405 Ei
2313 3354 2368 3405 δὲ
2400 3353 2798 3422 ὲπιμένοιενιοὶ
2827 3353 2926 3423 τῆς
2954 3352 3215 3422 ἀληθείας
3272 3350 3457 3422 ἐχθροὶ
3507 3350 3609 3403 λέ-

2032 3462 2224 3514 γοντες
2249 3444 2512 3498 ἀδύνατον
2551 3442 2691 3499 εἶναι
2718 3446 2774 3512 ἐξ
2817 3446 2918 3499 οῦκ
2932 3446 3121 3541 ⁸ὄντων
3155 3462 3207 3498 τι
3240 3444 3606 3515 προαχθῆναι,

2035 3538 2292 3610 ἐρώμεθα
2328 3539 2543 3604 αὐτοὺς,
2575 3541 2635 3595 '0
2661 3542 2878 3611 πρῶτος
2902 3537 3185 3611 ἄνθρωπος
3214 3541 3277 3592 ἐκ
3307 3539 3409 3609 γῆς
3437 3537 3609 3590 ἐπλά-

2037 3633 2160 3704 σθη,
2189 3633 2220 3705 ἢ
2255 3633 2525 3704 ἑτέρωθεν
2556 3635 2720 3687 ποθεν
2744 3651 2758 3700 ;
2792 3634 3016 3696 Πάντως
3039 3632 3256 3703 ἐροῦσιν
3277 3633 3359 3686 ὅτι
3384 3632 3449 3684 ὲκ
3474 3631 3606 3699 γῆς,

2036 3723 2130 3778 καὶ
2166 3726 2717 3797 συνομολογήσουσιν.
2759 3726 3089 3779 Είπάτωσαν
3115 3720 3208 3778 οὖν
3234 3726 3368 3795 ἡμῖν
3395 3722 3512 3786 πῶς
3541 3726 3611 3775 ἐκ

2036 3822 2140 3890 γῆς
2172 3822 2393 3889 ἐγένετο
2426 3818 2618 3888 φύσιες
2652 3818 2789 3871 Ἀπδ
2814 3818 2920 3887 γῆς
2942 3815 3051 3888 γὰρ
3085 3816 3275 3885 πηλὸς,
3330 3818 3426 3870 καὶ
3454 3816 3609 3868 πλίν-

2038 3914 2151 3978 θος,
2186 3914 2282 3966 καὶ
2325 3912 2590 3985 κέραμος,
2652 3913 2744 3964 καὶ
2788 3912 3057 3982 ὄστρακον
3113 3910 3179 3963 ἂν
3211 3911 3441 3978 γένοιτο.
3478 3909 3612 3973 Πῶς

2036 4003 2131 4058 οὖν
2167 4005 2365 4075 σαρκὸς
2416 4004 2578 4071 φύσις
2628 4004 2890 4072 ἐγένετος
2948 4004 3063 4066 πῶς
3099 4004 3254 4069 ὀστᾶ,
3286 4002 3379 4055 καὶ
3410 4000 3613 4072 νεῦρα,

2038 4097 2132 4150 καὶ
2166 4096 2447 4166 ἀρτηρίαι,
2491 4096 2585 4149 καὶ
2613 4096 2841 4167 πιμελὴ,
2881 4096 2972 4149 καὶ
3006 4095 3202 4166 δέρμα,
3260 4094 3356 4148 καὶ
3390 4095 3610 4165 ὄνυχες,

2040 4189 2135 4243 καὶ
2160 4189 2366 4259 τρίχες,
2394 4188 2487 4240 καὶ
2510 4189 2573 4241 ὲκ
2607 4189 2734 4258 μιᾶς
2759 4188 3135 4258 ὑποκειμένης
3169 4186 3302 4257 ὕλης
3332 4186 3613 4256 διαφόρων

2038 4284 2239 4337 οὐσιῶν
2274 4282 2593 4351 ποιότητεςς
2627 4282 2765 4335 Ἀλλ’
2804 4280 2914 4335 οὐδ’
2941 4281 3007 4335 ἆν
3034 4280 3317 4349 δυνηθεῖεν
3344 4282 3401 4333 τδ
3430 4281 3613 4350 στόμα

2039 4376 2223 4447 διᾶραι
2259 4376 2393 4446 πρὸς
2416 4375 2588 4427 ταῦτά
2634 4391 2789 4427 ποτε.
2836 4373 2902 4425 Τί
2933 4372 2989 4424 δὲ
3023 4372 3169 4440 λέγω
3208 4372 3336 4441 περὶ
3370 4371 3464 4423 τοῦ
3500 4368 3614 4423 σώ-

361 4478 523 4532 unius
550 4479 766 4549 generis
789 4480 876 4542 sit,
903 4481 954 4533 in
983 4483 1328 4552 sanguinem,
1363 4483 1635 4554 pituitam,
1664 4496 1721 4541 et
1747 4488 1928 4553 bilem,

2043 4487 2213 4539 ματος
2236 4469 2330 4521 τοῦ
2364 4470 2672 4539 ἡμετέρους
2702 4466 2950 4538 περὶτοῦ
2980 4466 3147 4536 ἄρτου
3195 4457 3258 4517 οὖ
3302 4462 3425 4517 καθ’
3477 4465 3616 4515 ἐκα-

361 4578 418 4627 et
451 4570 634 4626 varios
666 4572 928 4627 humores
960 4582 1352 4639 commutetur,
1386 4586 1443 4630 et
1488 4592 1587 4631 cur
1618 4593 1743 4633 eum
1775 4580 1934 4649 panis

363 4662 625 4717 frumenti
655 4663 898 4717 colorem
927 4663 1183 4728 retineat,
1237 4667 1458 4737 sanguis
1483 4666 1599 4737 ipse
1635 4667 1709 4721 sit
1753 4668 1935 4733 rufus,

364 4762 460 4808 aut
488 4756 666 4827 niger.
704 4755 862 4821 Quod
893 4756 942 4809 si
976 4758 1111 4821 hate,
1146 4774 1264 4826 qua:
1293 4759 1537 4827 quotidie
1586 4768 1715 4814 ante
1751 4760 1938 4814 oculos

365 4849 652 4913 habemus,
677 4849 834 4903 nobis
861 4865 1136 4920 nunquam
1169 4859 1425 4920 poterunt
1450 4850 1745 4919 explicare,
1771 4851 1941 4906 multo

366 4946 547 4997 minus
580 4943 786 5013 reliqua
828 4943 921 4996 Dei
970 4959 1133 5012 Opera
1169 4943 1545 4997 declarabunt.
1617 4945 1685 4995 At
1718 4943 1762 4997 si
1819 4953 1941 5012 post

368 5046 573 5093 tantam
634 5049 1084 5109 argumentorum
1154 5037 1366 5106 copiam
1422 5037 1698 5091 obstinate
1756 5037 1942 5091 volent

369 5143 696 5198 repugnare,
746 5140 801 5183 et
847 5131 982 5183 tueri
1018 5128 1345 5183 sententiam
1390 5145 1565 5194 suam,
1618 5144 1718 5183 nos
1761 5138 1940 5183 tamen

366 5236 473 5275 non
502 5222 827 5277 desistemus
860 5224 969 5276 lucc
1001 5224 1186 5277 eadem
1220 5223 1349 5292 ipsis
1386 5232 1659 5290 repetere:
1691 5221 1756 5275 In
1798 5224 1945 5293 prin-

365 5314 498 5380 cipio
539 5316 656 5384 fecit
700 5316 836 5369 Deus
886 5317 1069 5369 arium
1095 5326 1141 5369 et
1185 5326 1381 5369 terram
1415 5318 1451 5369 '.
1482 5316 1591 5369 ιιυιτ
1624 5316 1769 5370 enim
1823 5333 1939 5370 ver-

364 5406 493 5469 bum
523 5408 740 5461 unicum
780 5416 954 5476 potest
986 5425 1175 5464 omnes
1204 5424 1388 5461 eorum
1425 5418 1623 5471 turres,
1655 5418 1710 5461 et
1736 5424 1937 5477 propu-

364 5500 591 5566 gnacula
650 5512 920 5564 evertere,
968 5503 1259 5571 omniaque
1323 5502 1559 5555 humana
1616 5509 1935 5571 argumenta

367 5590 589 5661 penitus
622 5592 888 5660 refellere,
929 5605 982 5648 et
1018 5595 1327 5659 confutare,
1387 5603 1443 5648 et
1477 5606 1590 5658 eos,
1642 5592 1684 5647 si
1715 5592 1933 5645 tandem

443 5769 458 5799 ¹
486 5768 617 5822 Gen-
658 5780 692 5825 ι.
731 5769 777 5820 l.

2040 4580 2172 4633 στην
2200 4563 2413 4633 ἡμέραν
2444 4559 2742 4630 σιτούμεθα
2775 4559 3095 4612 εἰπάτωσαν
3122 4558 3277 4626 ἡμῖν,
3306 4555 3425 4618 πῶς
3454 4572 3617 4623 μονο-

2038 4658 2186 4727 ειδὴς
2221 4656 2294 4708 ῶν
2335 4654 2733 4724 μεταϐάλλεται
2765 4653 2845 4713 εἰς
2879 4647 3043 4720 αἷμα,
3104 4650 3199 4701 καὶ
3226 4648 3468 4717 φλέγμα,
3518 4647 3618 4707 καὶ

2038 4748 2218 4818 χολὴν,
2249 4748 2340 4800 καὶ
2367 4747 2660 4816 διαφόρους
2685 4744 2898 4814 χυμούς
2929 4763 2943 4809 ;
2978 4744 3072 4795 καὶ
3103 4743 3129 4794 ὀ
3163 4742 3262 4810 μὲν
3322 4738 3617 4807 σιτόχρους

2045 4840 2304 4901 πολλάκις
2331 4840 2470 4901 ἐστὶ,
2499 4838 2559 4889 τὸ
2588 4837 2643 4889 δὲ
2672 4830 2812 4905 αἷμα
2847 4835 3056 4906 πυρρὸν
3088 4834 3121 4905 ἢ
3163 4832 3359 4903 μέλαν.
3398 4832 3459 4882 Ei
3498 4830 3620 4882 τοί-

2041 4946 2135 4983 νυν
2165 4928 2335 4982 ταῦτα
2365 4928 2429 4980 τὰ
2455 4928 2577 4981 καθ’
2609 4927 2847 4993 ἑκάστην
2881 4924 3095 4994 ἡμέραν
3137 4925 3245 4994 πρὸ
3273 4924 3381 4977 τῶν
3408 4922 3621 4991 ὀφθαλ-

2048 5023 2166 5092 μῶν
2196 5021 2453 5091 ὁρώμενα
2486 5020 2661 5071 είπεϊν
2716 5019 2848 5088 ἡμῖν
2907 5017 3006 5068 ούκ
3034 5014 3098 5069 ἂν
3151 5013 3403 5069 δύναιντό
3458 5031 3618 5080 ποτε,

2045 5115 2207 5185 σχολῇ
2251 5114 2303 5181 γ’
2337 5113 2401 5166 ἂν
2433 5113 2639 5164 εἴποιεν
2683 5110 2810 5179 περὶ
2848 5109 2955 5161 τῶν
2985 5109 3163 5161 ἄλλων
3200 5108 3317 5189 ’τοῦ
3350 5106 3485 5161 θεοῦ
3526 5107 3623 5178 δη-

2046 5205 2502 5278 μιουργημάτων.
2548 5200 2688 5255 Ἀλλ’
2754 5202 2803 5252 εί
2852 5202 2948 5254 καὶ
2999 5199 3138 5270 μετᾶ
3196 5199 3471 5269 τοσαύτην
3509 5199 3619 5252 τῶν

2044 5299 2377 5363 ἀποδείξεων
2411 5293 2731 5365 περιουσίαν
2755 5293 3063 5361 ὲπιμένοιεν
3094 5293 3191 5362 τὴν
3222 5292 3432 5345 οἰκείαν
3461 5291 3619 5360 φιλο-

2046 5394 2255 5447 νεικίαν
2307 5390 2597 5460 κρατύνειν
2650 5387 2998 5457 βουλόμενοι,
3054 5385 3216 5455 ἡμεῖς
3262 5385 3396 5455 μηδὲ
3469 5384 3618 5437 οὕτω

2048 5486 2371 5554 παυσόμεθα
2402 5480 2465 5538 τᾶ
2502 5482 2642 5536 αὐτὰ
2696 5481 2859 5534 πάλιν
2908 5480 3162 5548 λέγοντες
3198 5479 3334 5549 πρὸς
3376 5479 3609 5540 αὐτούς’

2059 5584 2161 5635 Ἐν
2189 5576 2346 5648 ἀρχῇ
2382 5578 2679 5645 ἐποίησεν
2703 5578 2733 5630 ὀ
2760 5574 2903 5641 Θεὸς
2934 5575 3039 5629 τὸν
3065 5573 3328 5643 οὐρανὸν
3370 5571 3466 5626 καὶ
3505 5569 3622 5641 τὴν
