3994 6204
327 286 422 352 321

1303 290 1674 350 PANOI'LIA
1723 289 2184 350 DOGMATICA.
2221 315 2292 327 ·-
2325 290 2474 353 ΤΙΤ.
2521 293 2623 352 ΙΧ.

3472 295 3590 360 322

325 404 455 473 γῆν.
488 404 665 456 Τοῦτο
695 401 808 472 γὰρ
846 400 1036 455 ἱκανὸν
1079 399 1241 469 μόνον
1278 401 1339 452 τὸ
1373 402 1525 470 ῥῆμα
1558 402 1766 462 πάντας
1789 403 1896 454 τῶν

2007 402 2292 472 aliquando
2328 404 2596 457 voluerint
2637 402 2980 473 resipiscere,
3042 405 3097 458 in
3155 405 3402 461 veritatis
3433 406 3582 461 viam

320 495 579 549 ἐναντίων
647 497 778 556 τοὺς
816 495 1064 562 πύργους
1126 489 1488 554 καταϐαλεῖν,
1551 493 1644 546 καὶ
1683 491 1896 555 πάντας

2005 494 2301 549 adducere.

321 592 444 651 τοὺς
470 590 853 659 ἀνθρωπίνους
881 583 1184 653 λογισμοὺς
1214 582 1274 646 ἐξ
1305 580 1486 634 αὐτῶν
1517 585 1626 638 τῶν
1664 587 1882 656 βάθρων
1921 584 2254 646 ἀνασπάσαι,
2312 586 2406 637 καὶ
2462 587 2509 638 εί
2567 587 2878 656 βουληθεῖεν
2923 589 3019 659 ὀψέ
3056 606 3184 643 ποτε
3210 590 3311 662 τῆς
3346 588 3570 660 φιλονει-

322 685 442 748 κίας
472 685 840 754 ἀποσχέσθαι,
882 689 1021 755 πρὸς
1048 690 1149 758 τὴν
1179 695 1280 763 τῆς
1309 689 1572 760 ἀληθείας
1607 685 1724 739 ὁδὸν
1784 680 1982 743 αὐτοὺς
2024 682 2444 750 χειραγωγῆσαι
2481 679 2791 750 δυνήσεται.

672 775 773 829 Ἐκ
801 778 915 845 τῆς
943 778 1138 846 αὐτῆς
1166 780 1554 844 ἀκολουθίας.

403 866 547 920 Ἀλλ’
598 867 650 920 οἱ
675 869 741 938 τῇ
790 868 967 940 πλάνῃ
1019 870 1559 941 προκατειλημμένοι
1618 867 1680 920 οὐ
1729 881 1901 935 προσ-

250 980 257 986 ’
323 959 538 1030 ἔχοντες
569 963 636 1030 τῇ
667 961 962 1032 ἀκολουθίᾳ
991 962 1099 1013 τῶν
1136 963 1468 1032 εὲρημένων,
1502 961 1625 1014 οὐδὲ
1672 959 1899 1013 ἀκούον-

321 1071 407 1114 τες
461 1054 560 1105 τοῦ
608 1054 884 1123 μακαρίου
913 1056 1194 1120 Μωῦσέως
1254 1058 1507 1124 λέγοντος
1542 1071 1556 1084 °
1603 1054 1705 1107 Ἐγ
1740 1049 1901 1119 ἀρχῇ

321 1145 574 1212 ἐποίησε
607 1147 718 1198 τὸν
746 1147 1013 1213 οὐρανὸν
1047 1148 1143 1201 καὶ
1177 1147 1292 1216 τὴν
1318 1147 1456 1216 γῆν,
1501 1147 1594 1199 καὶ
1642 1145 1765 1198 τότε
1797 1145 1894 1196 tr:-

320 1239 566 1305 ἄγοντος.
615 1237 677 1292 Ἠ
706 1237 776 1290 δὲ
803 1235 880 1308 γῆ
911 1237 991 1310 ἦν
1020 1240 1278 1308 ἀόρατος
1342 1241 1436 1292 καὶ
1483 1236 1899 1291 ἀκατασκεύα-

322 1344 467 1394 στος
501 1328 602 1382 διὰ
632 1329 700 1382 τὸ
730 1328 807 1394 τῷ
843 1333 1047 1395 σκότῳ
1103 1331 1201 1384 καὶ
1232 1330 1358 1396 τοῖς
1409 1330 1591 1383 ὕδασι
1641 1327 1900 1382 κεκαλύ-

322 1426 462 1489 goat
493 1437 508 1451 ⁶
544 1422 692 1475 οὕτω
713 1423 822 1493 γὰρ
857 1421 1004 1487 ἔδοξε
1035 1422 1112 1491 τῷ
1139 1424 1385 1494 Δεσπότῃ
1421 1423 1478 1488 ἐξ
1511 1422 1686 1492 ἀρχῆς
1718 1435 1897 1490 παρα-

324 1519 518 1583 γαγεῖν
561 1531 576 1546 ⁶
610 1521 800 1585 φασιν,
833 1517 917 1569 ὃτι
948 1517 1315 1587 προῦπέκειτο
1343 1516 1374 1585 ἡ
1403 1513 1527 1582 ὕλη,
1564 1514 1659 1566 καὶ
1690 1512 1748 1565 τὸ
1774 1513 1898 1564 σκό-

321 1625 408 1670 τος
429 1608 774 1680 προϋπῆρχε.
799 1609 868 1662 Τί
905 1608 1110 1678 ταύτης
1140 1609 1242 1677 τῆς
1274 1606 1460 1672 ἀνοίας
1487 1609 1669 1678 χεῖρον
1700 1605 1894 1674 γένοιτ’

320 1699 420 1761 de;
466 1698 716 1762 Ἀκούεις
747 1700 826 1751 ὅτι
860 1700 920 1751 ὲν
951 1700 1089 1769 ἀρχῇ
1129 1698 1390 1767 ἐποίησεν
1421 1699 1448 1750 ὁ
1482 1696 1614 1759 Θεὸς
1655 1695 1746 1748 τὸν
1796 1693 1892 1747 οὐ·

320 1793 482 1860 ρανὺν
513 1793 608 1842 καὶ
642 1791 741 1858 τὴν
765 1793 890 1861 γῆν,
961 1791 1057 1843 καὶ
1091 1793 1177 1844 ὃτι
1210 1790 1269 1854 ἐξ
1309 1790 1413 1842 οὐκ
1447 1789 1619 1842 όντων
1675 1787 1894 1854 ἐγένετο

319 1885 382 1938 τὰ
403 1883 558 1948 ὄντα,
594 1885 688 1936 καὶ
719 1883 900 1954 λέγεις
930 1884 1013 1937 ὅτι
1043 1883 1406 1954 προϋπῆρχεν
1432 1883 1465 1953 ἡ
1492 1882 1629 1950 ὕλης
1669 1879 1780 1934 Καὶ
1807 1879 1893 1943 τίς

319 1977 608 2044 ἀνάσχοιτο
644 1977 915 2048 τοσαύτης
954 1978 1242 2047 παροινίας
1301 1976 1410 2028 τῶν
1452 1973 1577 2028 νοῦν
1621 1973 1890 2045 ἐχόντων;

2568 795 2651 845 Ea:
2677 798 2853 846 eodem
2890 793 3022 847 loco.

2077 882 2184 938 Sed
2223 882 2316 952 qui
2356 899 2544 938 errore
2571 893 2827 939 tenentur
2857 885 3124 954 Oppressi,
3163 900 3272 940 non
3330 886 3576 941 animad-

2006 984 2286 1028 vertentes
2334 989 2419 1039 ea,
2474 990 2594 1043 quae
2639 991 2705 1030 ex
2751 976 2833 1030 Itis
2888 977 3069 1032 verbis
3125 989 3576 1046 consequuntur,

2007 1080 2181 1132 neque
2213 1067 2502 1120 audientes
2550 1066 2755 1122 Mosem
2815 1067 3138 1122 dicentem:
3202 1067 3263 1122 In
3314 1069 3576 1134 principio

2003 1155 2124 1224 fecit
2149 1155 2284 1210 Deus
2315 1157 2496 1211 cretum
2521 1167 2569 1212 et
2618 1167 2836 1221 terram,
2883 1158 3390 1228 subjicientemque,
3419 1159 3598 1213 Terra,

2005 1254 2182 1298 autem
2222 1255 2334 1298 erat
2366 1246 2639 1300 invisibilis
2668 1257 2716 1300 et
2766 1248 3014 1300 inornata
3037 1248 3052 1278 ¹
3085 1263 3101 1312 ;
3135 1249 3388 1316 quoniam
3420 1257 3578 1304 tene-

2004 1335 2135 1400 bris,
2171 1344 2225 1390 et
2270 1337 2426 1406 aquis
2457 1338 2825 1408 operiebatur,
2890 1340 3133 1395 nendum
3165 1339 3311 1394 enim
3337 1340 3579 1394 voluerat

2001 1427 2144 1482 Deus
2183 1444 2212 1481 a
2241 1430 2512 1499 principio
2563 1446 2684 1484 eam
2753 1431 3028 1486 educere:
3066 1432 3257 1487 dicunt
3293 1433 3578 1486 materiam

2004 1530 2130 1575 ante
2165 1520 2350 1588 fuisse,
2380 1531 2546 1591 atque
2577 1523 2708 1577 item
2743 1526 3015 1579 tenebras.
3049 1524 3190 1590 Quid
3215 1523 3318 1578 hac
3349 1523 3579 1578 demen-

2003 1613 2076 1664 tia
2113 1610 2354 1664 deterius
2392 1612 2505 1664 tieri
2534 1612 2760 1680 potest?
2793 1612 2963 1666 Audis
3007 1613 3175 1667 Deum
3217 1615 3270 1666 in
3305 1611 3578 1682 principio

2002 1699 2198 1755 fecisse
2227 1703 2425 1754 coelum
2462 1711 2515 1756 et
2544 1711 2768 1766 terram,
2793 1712 2847 1757 et
2871 1718 2935 1756 ex
2967 1703 3158 1764 nihilo,
3188 1714 3243 1758 et
3272 1704 3413 1760 dicis
3442 1709 3572 1757 ante

2007 1793 2292 1846 materiam
2359 1795 2678 1849 exstitisse?
2737 1795 2934 1863 Ecquis
2985 1794 3206 1864 sapiens
3268 1794 3578 1863 mentisque

1998 1898 2224 1953 compos
2251 1885 2324 1938 ita
2358 1885 2598 1940 deliret?
2624 1887 2762 1941 Num
2785 1887 2948 1942 homo
2977 1897 3081 1952 est,
3119 1889 3210 1957 qui
3233 1887 3366 1956 agit,
3394 1897 3455 1941 ut
3479 1901 3576 1954 pa-

1995 1985 2110 2030 rata
2161 1977 2387 2032 materia
2417 1978 2678 2048 indigeat,
2739 1995 2848 2049 quo
2894 1994 3060 2050 opera
3129 1979 3383 2034 ostendat
3434 1977 3578 2033 sua?

319 2070 407 2135 Μὴ
437 2069 550 2140 γὰρ
585 2069 874 2133 ἄνθρωπός
909 2071 1061 2121 ἐστιν
1118 2071 1146 2122 ὀ
1204 2067 1576 2138 δημιουργῶν,
1607 2067 1696 2120 ἵνα
1727 2063 1893 2136 δεηθῇ

2007 2066 2136 2122 Deus
2159 2077 2264 2134 est,
2312 2068 2400 2123 cui
2431 2070 2612 2125 omnia
2648 2079 2864 2140 parent,
2916 2072 3008 2141 qui
3066 2071 3252 2134 verbo,
3305 2077 3361 2125 et
3409 2069 3574 2138 jussu

317 2175 462 2222 τινος
525 2159 1028 2228 προθποκειμένου,
1060 2161 1156 2214 καὶ
1193 2157 1338 2212 οὕτω
1403 2157 1474 2210 τὰ
1540 2161 1640 2223 τῆς
1699 2157 1896 2226 τέχνης

319 2251 662 2322 ἐπιδείξηται
689 2269 704 2317 ;
730 2253 864 2315 Θεός
914 2257 1085 2314 ἐστιν,
1121 2247 1164 2320 ᾧ
1207 2253 1384 2304 πάντα
1417 2251 1576 2313 εἴκει,
1616 2248 1762 2319 λόγῳ
1801 2249 1899 2301 καὶ

1996 2170 2195 2216 cuncta
2222 2160 2373 2216 fecit.
2405 2160 2544 2218 Ecce
2587 2164 2735 2217 enim
2798 2164 2933 2218 dixit
2971 2164 3168 2231 solum,
3203 2172 3258 2218 et
3307 2162 3449 2218 facta
3489 2169 3578 2218 est

1998 2255 2114 2316 lux,
2148 2263 2204 2309 et
2229 2255 2472 2310 tenebrze
2507 2255 2898 2311 discesserunt.

317 2347 708 2416 προστάγματι
749 2345 928 2397 πάντα
989 2343 1362 2416 δημιουργῶν.
1417 2343 1560 2414 Ὅρα
1613 2343 1741 2413 γὰρ,
1796 2336 1919 2395 εἶπε
1961 2347 2143 2415 μόνον,
2198 2347 2294 2400 καὶ
2349 2347 2608 2418 παρήχθη
2672 2345 2733 2400 τὸ
2777 2346 2913 2416 φῶς,
2959 2346 3056 2401 καὶ
3103 2345 3470 2419 παρεχώρησε
3506 2342 3574 2398 τὸ

319 2439 538 2498 σκότος.

328 2529 434 2582 Ἐκ
471 2527 585 2596 τῆς
614 2529 938 2598 ἑρμηνείας
969 2531 1080 2599 τῆς
1113 2532 1202 2596 είς
1231 2530 1374 2595 τοὺς
1424 2533 1606 2582 πέντε
1650 2530 1894 2597 ἄρτους.

390 2619 501 2669 Καὶ
530 2617 673 2670 διατί
704 2619 766 2669 οὐ
795 2621 943 2671 ποιεί
969 2621 1032 2672 ἐκ
1085 2620 1160 2690 μὴ
1213 2619 1402 2682 ὀντων,
1461 2619 1794 2688 ὲμφρὰττων
1833 2619 1894 2670 τὸ

314 2711 653 2779 Μαρκίωνος
711 2711 807 2762 καὶ
866 2710 1173 2780 Μανιχαίου
1213 2710 1411 2780 στόμα,
1441 2709 1551 2763 τῶν
1580 2710 1679 2782 τὴν
1716 2710 1896 2762 κτίσιν

317 2802 756 2873 ἀλλοτριούντων
816 2803 1009 2868 αὐτοῦ,
1047 2804 1142 2856 καὶ
1191 2802 1280 2856 διὰ
1315 2803 1424 2855 τῶν
1464 2801 1645 2872 ἔργων
1716 2801 1898 2854 αὐτῶν

315 2896 600 2950 παιδεύων
631 2897 714 2950 ὅτι
747 2896 816 2949 τὰ
846 2895 1101 2966 ὁρώμενα
1128 2895 1343 2950 ᾶπαντα
1397 2894 1567 2948 αὐτοῦ
1601 2895 1761 2964 ἔργα,
1803 2895 1900 2948 καὶ

317 2990 603 3060 κτίσματά
641 2993 748 3042 εἰσι
771 3006 786 3022 ·
816 2993 909 3042 καὶ
935 2988 1150 3052 δεικνὺς
1177 2990 1261 3042 ὅτι
1293 2987 1461 3051 αὐτός
1508 2988 1658 3040 ἐστιν
1697 2991 1726 3040 ὁ
1769 2987 1897 3049 τοὺς

317 3081 576 3152 καρποὺς
596 3081 798 3146 διδοὺς,
831 3083 858 3134 ὁ
888 3083 1059 3135 εἰπὼν
1093 3079 1151 3145 ἐξ
1178 3082 1389 3152 ἀρχῆςο
1419 3077 1834 3146 Βλαστησάτω
1860 3079 1898 3146 ἠ

2103 2525 2378 2595 Ejusdem,
2407 2541 2472 2580 ea:
2501 2527 2930 2596 interpretatione
2953 2527 3006 2580 in
3029 2530 3258 2599 quinque
3279 2544 3466 2596 partes.

2066 2619 2181 2676 Cur
2210 2629 2393 2674 autem
2423 2633 2530 2673 non
2557 2634 2652 2674 eos
2685 2619 2900 2674 facile:
2929 2619 3124 2686 nihilo,
3156 2633 3213 2674 ut
3243 2622 3489 2676 obstruat
3511 2637 3575 2680 os

1996 2711 2309 2774 Marcionis,
2360 2719 2415 2764 et
2463 2710 2782 2775 Manichaai,
2837 2711 2930 2780 qui
2985 2711 3234 2767 adimunt
3291 2711 3340 2766 ei
3385 2727 3572 2768 rerum

2000 2804 2481 2876 procreationem?
2523 2804 2636 2858 lino
2689 2818 2820 2860 vero
2871 2804 3028 2859 factis
3075 2804 3334 2870 ostendit,
3387 2806 3596 2860 omnia.

1998 2913 2120 2968 qua:
2152 2905 2472 2959 cernuntur.
2514 2910 2544 2951 a
2588 2910 2649 2951 se
2704 2895 2872 2952 fuisse
2895 2897 3132 2962 condita,
3170 2906 3226 2951 et
3262 2911 3571 2968 procreata,

1997 3006 2167 3060 seque
2204 2990 2359 3044 illum
2391 3004 2532 3054 esse,
2565 2989 2660 3058 qui
2688 2987 2900 3043 fructus
2927 2988 3211 3059 elargitur,
3239 2987 3333 3058 qui
3367 2989 3435 3043 ab
3462 2989 3574 3043 ini-

1998 3085 2074 3138 tio
2100 3083 2244 3139 dixit
2279 3101 2293 3138 :
2332 3082 2597 3137 Germinet
2627 3091 2768 3135 terra
2797 3081 3010 3134 herbam
3041 3080 3166 3150 feni,
3189 3088 3239 3134 et
3269 3080 3570 3147 producant

318 3173 700 3243 τῆβοτὰνην
725 3175 966 3243 χόρτου,
1033 3172 1134 3227 καὶ
1189 3173 1528 3241 ὲξαγαγέτω
1583 3170 1657 3223 τὰ
1709 3168 1896 3226 ὕδατα

2007 3192 2153 3246 aqua:
2203 3175 2413 3244 reptilia
2443 3176 2748 3228 animarum
2789 3173 3141 3226 viventium’.
3188 3172 3378 3241 Neque
3421 3171 3570 3227 enim

316 3268 542 3336 ἑρπετὰ
565 3265 787 3336 ψυχῶν
813 3263 1039 3326 ζωσῶν.
1085 3266 1200 3319 Οὐκ
1243 3265 1466 3317 ἔλαττον
1518 3262 1626 3331 γὰρ
1657 3260 1754 3315 τοῦ
1789 3261 1899 3314 ἀπὸ

318 3363 424 3430 γῆς
455 3361 630 3427 δεῖξαι
673 3358 906 3429 καρπὸν,
935 3361 1028 3412 καὶ
1068 3359 1178 3412 ἀπὸ
1203 3357 1412 3411 ὑδάτων
1441 3357 1650 3425 ἑρπετὰ
1676 3354 1897 3425 ἔμψυχα

316 3456 384 3508 τὺ
410 3456 520 3509 ἀπὸ
550 3456 715 3509 πέντε
746 3455 930 3526 ἄρτων
955 3452 1182 3523 ποιῆσαι
1221 3452 1420 3522 ἄρτους
1441 3448 1756 3511 τοσούτους,
1800 3445 1898 3500 καὶ

315 3547 429 3601 ἀπὸ
477 3546 679 3616 ἰχθύων
720 3547 906 3610 πάλιν,
957 3545 986 3598 ὃ
1029 3548 1256 3617 σημεῖον
1289 3540 1357 3616 ἦν
1397 3542 1491 3598 τοῦ
1523 3543 1618 3596 καὶ
1656 3541 1755 3612 τῆς
1793 3539 1899 3610 γῆς

320 3638 420 3690 καὶ
448 3639 548 3707 τῆς
576 3635 862 3707 θαλάσσης
888 3634 1053 3690 αὑτὸν
1082 3636 1327 3705 κρατεῖν.

324 3795 437 3851 Τοῦ
467 3792 656 3848 αὐτοῦ
681 3792 751 3846 ἐκ
779 3791 889 3858 τῆς
915 3791 1238 3860 ἑρμηνείας
1279 3787 1388 3856 τῆς
1420 3791 1508 3860 εις
1532 3789 1599 3842 τό
1624 3805 1638 3820 ο
1675 3806 1694 3839 ι
1723 3787 1897 3860 Πᾶσα

391 3867 628 3936 φυτεία,
673 3863 752 3930 ἢν
775 3866 887 3917 οὐκ
920 3858 1262 3933 ἐφύτευσεν
1285 3863 1316 3913 o'
1339 3858 1542 3928 Πατήρ
1565 3876 1708 3928 μου,
1739 3859 1896 3926 ἐκρι-

393 3937 502 3998 (to!)
514 3939 752 4003 ιὶσεται.
792 3952 812 3985 ι

391 4103 566 4157 Τοῦτο
593 4099 726 4170 περὶ
755 4097 850 4151 τοῦ
881 4097 1048 4167 νόμου
1091 4096 1258 4164 φασὶν
1292 4091 1550 4164 εἰρῆσθαι
1578 4093 1629 4146 οἱ
1661 4091 1729 4147 τὰ
1770 4092 1896 4146 Μα-

315 4197 548 4267 νιχαίων
576 4190 888 4252 νοσοῦντες.
943 4187 1082 4242 Ἀλλ’
1109 4185 1457 4255 ἐπιστομίζει
1488 4185 1556 4237 τὰ
1583 4182 1898 4254 ἔμπροσθεν

317 4289 594 4360 εἰρημένα
620 4285 839 4348 αὐτούς.
872 4283 936 4336 El
965 4281 1070 4352 γὰρ
1107 4280 1236 4350 περὶ
1261 4278 1358 4333 τοῦ
1381 4277 1549 4348 νόμου
1583 4277 1758 4342 ἔλεγε,
1780 4275 1898 4339 πῶς

313 4380 586 4446 ἀνωτέρω
610 4375 965 4442 ἀπολογεῖται
1004 4369 1146 4441 ὑπὲρ
1176 4369 1369 4434 αὑτοῦ,
1404 4368 1502 4422 καὶ
1530 4369 1766 4438 μάχεται
1807 4365 1897 4419 λέ-

315 4490 437 4540 γων
462 4484 477 4500 ν
508 4467 674 4521 Atad
707 4464 1106 4533 παραϐαίνετε
1143 4460 1260 4528 τὴν
1309 4458 1574 4526 ἐντολὴν
1615 4456 1720 4510 τοῦ
1746 4456 1896 4511 Θεοῦ

2001 3269 2184 3322 minus
2218 3277 2303 3322 est
2342 3282 2406 3321 ex
2443 3266 2684 3336 quinque
2731 3265 2964 3334 panibus
3008 3265 3189 3318 facere
3229 3273 3338 3318 tam
3372 3264 3574 3320 multos

2006 3376 2200 3431 panes,
2286 3367 2382 3414 aut
2438 3375 2505 3414 ex
2585 3359 2800 3413 duobus
2877 3356 3126 3426 piscibus
3213 3365 3321 3411 tam
3377 3356 3576 3413 multos

2002 3453 2208 3520 pisces,
2264 3450 2408 3520 quod
2461 3449 2700 3505 declarat
2729 3463 2856 3502 eum
2898 3462 3021 3502 esse
3071 3459 3251 3512 terrae,
3297 3449 3576 3518 marisque

2003 3542 2331 3605 Dominum,
2361 3556 2523 3611 quam
2580 3541 2817 3594 fructum
2845 3555 2877 3595 e
2908 3548 3073 3604 terra,
3107 3547 3163 3594 et
3211 3540 3426 3608 reptilia
3451 3539 3577 3594 ani-

2001 3643 2146 3690 mata
2173 3649 2241 3689 ex
2272 3634 2430 3704 aquis
2457 3632 2784 3688 ostendisse.

1999 3791 2374 3861 Ejusdem._ex
2403 3787 2831 3861 interpretatione
2868 3786 3052 3861 in‘il_la
3087 3787 3278 3842 verba:
3311 3806 3330 3840 ι
3389 3786 3574 3861 Omnis

2070 3859 2349 3930 plantatio,
2382 3873 2662 3930 quamnon
2695 3856 2958 3926 plantavit
2978 3856 3138 3909 Pater
3162 3873 3303 3910 meus
3328 3856 3568 3926 calcatis,

2077 3930 2449 3984 eradicabitur.
2480 3927 2500 3958 ⁸
2532 3945 2550 3978 ι

2067 4087 2182 4143 lloc
2215 4089 2282 4143 de
2314 4087 2434 4156 lege
2482 4085 2687 4140 dictum
2714 4098 2836 4138 esse
2868 4083 3080 4146 volunt.
3117 4083 3209 4153 qui
3243 4083 3572 4139 Manichaeo-

1999 4195 2120 4234 rum
2155 4179 2402 4234 laborant
2432 4175 2647 4241 morbo,
2693 4173 2787 4230 sed
2816 4174 3131 4244 opinionem
3184 4189 3375 4230 eorum
3408 4175 3575 4230 refel-
3620 4188 3637 4200 ‘

1999 4272 2117 4326 lunt
2148 4287 2232 4334 ea,
2272 4285 2394 4340 quae
2426 4268 2678 4338 superius
2726 4266 2872 4322 dicta
2903 4277 3055 4322 sunt.
3103 4267 3238 4322 Nam
3267 4267 3312 4322 si
3366 4268 3472 4324 hoc
3504 4269 3578 4324 de

1999 4365 2116 4434 lege
2155 4363 2413 4432 loquitur,
2446 4375 2545 4414 cur
2575 4373 2696 4414 eam
2727 4366 2858 4413 ante
2887 4358 3134 4414 defendit
3155 4359 3178 4413 ?
3199 4359 3312 4414 Cur
3348 4373 3450 4432 pro
3479 4362 3575 4417 illo

2001 4454 2342 4527 propugnat?
2388 4449 2546 4517 Quid,
2577 4450 2856 4520 inquiens,
2883 4452 3313 4521 transgredimini
3345 4454 3575 4507 manda-

313 4560 418 4613 διὰ
437 4558 554 4624 τὴν
584 4552 930 4622 παράδοσιν
957 4549 1161 4620 ὐμῶν;
1215 4549 1339 4611 Πῶς
1368 4548 1424 4602 δὲ
1468 4549 1561 4601 τὶν
1606 4547 1891 4618 προφήτην

2007 4557 2107 4600 tum
2134 4545 2232 4600 Dei
2250 4553 2462 4614 propter
2485 4543 2822 4598 traditionem
2839 4552 3068 4597 uestram
3086 4544 3108 4576 ι
3125 4543 3148 4597 ?
3166 4542 3278 4598 Cur
3294 4543 3579 4614 prOpbeta

314 4651 540 4717 εἰσάγει
597 4651 679 4708 εἰς
739 4645 904 4716 μέσον
951 4643 1185 4711 λέγοντα
1210 4656 1226 4673 ⁶
1269 4641 1333 4695 '0
1361 4639 1514 4706 λαὸς
1549 4634 1732 4705 οὗτος
1769 4636 1890 4703 τοῖς

314 4742 566 4815 χείλεσι
613 4756 693 4809 με
727 4735 884 4807 τιμᾷ,
911 4738 1007 4790 καὶ
1034 4737 1104 4788 τα
1149 4733 1276 4802 ἑξῆς
1297 4748 1312 4797 ;
1337 4731 1503 4786 Ἀλλὰ
1552 4730 1682 4800 περὶ
1717 4728 1898 4782 αὐτῶν

239 4821 249 4831 ’
315 4837 572 4896 ἐκείνων,
602 4835 697 4885 καὶ
730 4831 841 4884 τῶν
875 4828 1234 4898 παραδόσεων
1264 4825 1444 4879 αὐτῶν
1475 4823 1654 4876 ταῦτά
1703 4838 1894 4891 φησιν.

313 4933 386 4985 Et
422 4931 534 4998 γὰρ
568 4928 596 4979 ὁ
625 4924 759 4988 Θεὸς
786 4919 931 4976 εἷπε·
958 4921 1100 4989 Tata
1124 4921 1231 4974 τὸν
1252 4918 1481 4985 πατέρα
1508 4931 1626 4972 σου
1652 4917 1751 4969 καί
1784 4914 1901 4983 τὴν

223 5061 234 5068 .
311 5019 549 5092 μητέρα
579 5033 719 5080 σου,
758 5014 875 5077 πῶς
923 5015 1023 5066 οὐκ
1065 5012 1184 5064 ἔστι
1230 5011 1426 5078 φυτεία
1483 5007 1619 5062 Θεοῦ
1650 5006 1712 5060 τὸ
1743 5006 1896 5076 παρὰ

314 5113 463 5168 Θεοῦ
494 5110 818 5180 εἰρημένον;
853 5106 960 5159 Καὶ
989 5103 1052 5157 τὸ
1076 5102 1204 5173 ἑξῆς
1231 5102 1287 5155 δὲ
1316 5102 1591 5154 δείκνυσιν
1635 5099 1718 5152 ὅτι
1765 5096 1896 5165 περὶ

315 5203 862 5273 αὖτῶνείρτγταιμαὶ
885 5199 993 5252 τῶν
1019 5195 1373 5264 παραδόσεων
1390 5193 1594 5248 αὐτῶν.
1615 5191 1894 5258 Ἑπήγαγε

316 5300 460 5368 γοῦν
483 5316 499 5331 ο
541 5295 782 5362 Ὀδητοί
813 5295 932 5347 εισι
963 5289 1232 5359 τυφλῶν.
1271 5288 1332 5341 Εἰ
1364 5287 1420 5340 δὲ
1446 5285 1686 5355 περὶτοῦ
1730 5283 1894 5352 νόμου

316 5394 507 5460 ἔλεγε,
529 5389 688 5444 τοῦτο
721 5384 878 5441 εἶπεν
903 5383 1239 5460 ἄν”Οδηγός
1279 5382 1394 5434 ἐστι
1423 5378 1622 5448 τυφλὸς
1657 5375 1895 5444 τυφλῶν.

330 5486 484 5542 Ἀλλ’
515 5485 614 5556 οὐχ
645 5483 822 5546 οὕτως
855 5477 1030 5548 εἶπεν,
1063 5479 1181 5535 ἀλλ’
1219 5475 1433 5545 Ὀδηγοι
1454 5475 1559 5527 εἰσι
1591 5471 1783 5540 τυφλοὶ
1802 5487 1894 5523 τυ-

1996 4637 2322 4694 seutentiatn
2353 4637 2407 4690 in
2440 4635 2678 4692 medium
2716 4636 2947 4705 profert,
2981 4635 3218 4691 dicentis
3251 4653 3270 4693 :
3335 4635 3576 4704 Populus

1996 4732 2081 4784 hic
2141 4731 2296 4785 labiis
2347 4746 2429 4784 me
2469 4730 2693 4783 honorat
2725 4730 2770 4791 ⁸,
2818 4737 2873 4782 ει
2903 4743 3026 4797 quae
3064 4727 3409 4796 sequuntur?
3451 4725 3573 4781 Non

1997 4823 2161 4893 igitur
2185 4828 2253 4878 de
2281 4822 2418 4894 lege,
2447 4821 2541 4876 sed
2565 4821 2633 4875 de
2665 4821 2771 4876 illis
2797 4819 2952 4890 ipsis,
2986 4833 3286 4887 eorumque
3318 4816 3569 4872 doctrina

1998 4919 2113 4972 haec
2134 4918 2277 4972 dicta
2309 4923 2457 4972 sunt.
2491 4913 2624 4968 Nam
2661 4915 2705 4968 si
2736 4913 2878 4968 Deus
2908 4912 3041 4968 dicit
3068 4929 3080 4964 :
3121 4909 3339 4963 Honora
3366 4918 3572 4978 patrem

2001 5021 2170 5075 tuum,
2207 5019 2254 5064 et
2281 5021 2502 5063 matrem
2537 5017 2684 5060 tuam
2724 5006 2764 5068 ⁸,
2821 5004 2912 5073 qui
2941 5002 3055 5057 fieri
3113 5009 3312 5070 potest.
3363 5006 3424 5054 ut
3475 4999 3570 5054 Dei

1996 5103 2258 5173 plantatio
2291 5116 2402 5154 non
2432 5100 2524 5162 sit,
2555 5097 2701 5168 quod
2737 5113 2764 5150 a
2802 5097 2915 5151 Deo
2941 5096 3146 5150 dictum
3178 5099 3260 5146 est
3286 5093 3308 5146 ?
3337 5089 3402 5144 Et
3425 5091 3574 5160 quod

1997 5199 2273 5266 sequitur,
2309 5191 2556 5248 ostendit
2607 5191 2675 5245 de
2717 5190 2877 5258 ipsis,
2926 5196 2981 5242 et
3025 5185 3272 5241 doctrina
3327 5183 3574 5253 ipsorum

1998 5290 2169 5344 fuisse
2213 5286 2464 5349 dictum;
2523 5282 2746 5353 subjicit
2787 5281 2936 5336 enim
2973 5297 2986 5333 :
3044 5278 3211 5332 Duces
3249 5285 3372 5330 sunt
3420 5276 3572 5340 caeci,

2000 5396 2258 5436 ca'corum
2293 5377 2335 5428 ⁷.
2363 5375 2519 5442 Quod
2563 5374 2608 5428 si
2641 5375 2708 5430 de
2739 5373 2857 5444 lege
2892 5371 3154 5426 voluisset
3199 5369 3450 5439 intelligi,
3494 5368 3577 5422 di~

2002 5472 2175 5528 sisset
2216 5485 2232 5524 :
2264 5467 2418 5523 Cazca
2445 5476 2528 5524 est
2557 5480 2935 5535 caecorumque
2959 5465 3087 5519 dux.
3137 5461 3259 5516 Non
3287 5470 3466 5516 autem
3497 5459 3574 5516 ita
3608 5479 3614 5498 ε

404 5687 424 5717 ¹
455 5683 587 5741 Gen.
620 5701 659 5754 ι,
682 5684 738 5740 2.
803 5684 823 5714 ¹
847 5681 980 5737 ibid.
1014 5679 1098 5735 Η.
1177 5678 1197 5712 ³
1219 5677 1410 5733 Matth.
1443 5693 1532 5746 xv,
1578 5677 1660 5732 l3.
1741 5675 1762 5709 ⁸
1786 5673 1896 5731 ibid

2007 5712 2014 5730 μ
2095 5673 2114 5705 ⁸
2147 5671 2280 5729 ibid.
2315 5670 2367 5727 6.
2476 5668 2498 5702 ⁵
2524 5665 2700 5724 Exod.
2738 5682 2831 5720 xx.
2887 5664 2971 5719 ΓΞ..
3084 5662 3321 5718 τΜειιὺ.
3363 5660 3570 5730 nu“,
