3994 6204
369 292 481 356 323

1607 277 1998 338 EUTHYMII
2038 278 2401 342 ZlGABENI

3522 285 3621 348 32l

369 406 524 465 dixit,
555 402 650 458 sed
681 416 748 457 eo
774 401 955 472 potius
984 398 1145 453 modo
1180 416 1192 452 :
1232 394 1371 451 (ὶωοί
1405 402 1562 454 s‘unt,
1591 400 1645 443 et
1679 401 1947 443 cacorum

2054 392 2223 460 φλῶν,
2250 397 2458 448 ἐκεῖνον
2492 395 2593 464 μὲν
2622 395 2983 449 ἀπαλλάττων
3018 397 3118 468 τῆς
3157 396 3514 468 κατηγορίας,
3543 402 3618 461 εἰς

370 501 561 561 duces,
620 507 680 550 ut
709 503 764 549 et
795 495 942 549 illam
992 507 1021 545 a
1062 487 1500 561 reprehensione
1553 483 1829 545 liberaret,
1894 488 1948 534 et

368 590 583 661 culpam
640 587 697 642 in
744 601 838 641 eos
893 597 1108 637 omnem
1149 577 1441 633 conferret.

928 806 1012 860 Ea:
1035 806 1214 859 eodem
1242 802 1373 857 loco.

440 904 842 969 lnterrogemus
874 897 1039 967 igitur
1079 912 1195 959 eos,
1229 895 1324 965 qui
1358 896 1531 961 legem
1572 892 1940 962 insectantur,

370 1005 551 1048 utrum
598 1000 931 1061 praeceptum
986 987 1140 1048 illud,
1172 992 1295 1056 “quo
1351 987 1710 1056 prohibemur
1760 984 1943 1047 irasci,

369 1084 701 1139 contrarium
732 1082 801 1135 sit
829 1080 900 1144 ei,
938 1094 1048 1147 quo
1079 1089 1327 1132 vetamur
1348 1077 1622 1140 occidere,
1663 1091 1731 1129 an
1766 1076 1946 1145 potius

374 1175 541 1243 hujus
564 1175 616 1227 id
644 1174 909 1242 perfectio
937 1175 1031 1236 sit,
1072 1180 1126 1226 et
1166 1169 1534 1225 conﬁrmatio.
1588 1169 1943 1237 PerSpicuum

367 1275 472 1330 est,
504 1266 634 1319 illud
666 1280 785 1319 esse
819 1262 1213 1334 perfectionem
1238 1260 1402 1330 hujus
1432 1268 1486 1314 et
1518 1259 1943 1325 absolutionem,

367 1366 424 1411 et
450 1369 737 1427 propterea
788 1357 966 1425 majus
1017 1370 1160 1409 esse.
1194 1354 1299 1420 Qui
1332 1352 1478 1407 enim
1517 1351 1584 1406 ad
1639 1353 1780 1407 iram
1832 1366 1943 1406 non

367 1446 649 1508 incitatur,
672 1461 701 1499 a
738 1447 885 1500 czede
914 1445 1124 1500 facilius
1147 1444 1461 1499 abstinebit.
1493 1441 1556 1497 Et
1587 1442 1678 1512 qui
1701 1442 1943 1496 animum

369 1537 597 1591 cohibet
651 1552 838 1601 suum,
895 1534 1069 1589 multo
1128 1535 1299 1605 magis
1355 1549 1553 1588 manus
1612 1534 1943 1588 continebit.

364 1628 501 1683 Nam
532 1630 610 1683 ira
642 1630 805 1685 caedis
839 1640 921 1684 est
954 1630 1130 1695 radix,
1178 1643 1342 1698 quam
1389 1627 1480 1696 qui
1514 1627 1719 1689 evellit,
1770 1628 1943 1681 multo

366 1722 538 1787 magis
565 1722 817 1775 concidet
852 1737 1053 1788 ramos,

366 1812 488 1867 illos
522 1813 821 1882 permittet.
858 1812 1225 1878 Quamobrem
1261 1812 1376 1865 haec
1407 1826 1513 1866 non
1551 1811 1618 1865 ad
1645 1810 1778 1881 legis
1800 1810 1942 1865 inte-

366 1904 531 1958 ritum
564 1905 807 1974 iubebat,
836 1906 930 1959 sed
947 1905 1013 1959 ad
1044 1905 1305 1973 majorem
1336 1903 1478 1958 illius
1511 1903 1940 1957 observantiam.

367 1996 486 2062 Quo
503 2010 738 2065 namque
772 1996 1002 2050 consilio
1029 1996 1145 2050 hzec
1172 1995 1455 2049 sanciebat
1483 1994 1598 2063 ipsa
1634 1994 1716 2047 lex
1739 1994 1761 2046 ?
1784 1992 1945 2048 Non-

368 2101 458 2149 ne,
496 2096 557 2140 ut
584 2102 744 2141 nemo
797 2088 1108 2156 proximum
1146 2086 1539 2140 interﬁceret?
1601 2085 1726 2156 Legi
1780 2086 1945 2157 igitur

370 2178 719 2233 adversantia
777 2179 1154 2248 praecepisset,
1186 2178 1279 2247 qui
1332 2178 1586 2248 jussisset
1615 2178 1941 2234 interﬁcere.

366 2272 481 2324 Hoc
510 2269 677 2332 enim,
709 2269 906 2333 occide,
962 2270 1058 2331 illi,
1105 2284 1168 2322 ne
1208 2268 1435 2333 occidas,
1474 2270 1809 2323 contrarium
1838 2278 1940 2323 est.

370 2363 556 2432 Itaque
585 2362 630 2416 si
661 2378 729 2417 ne
764 2363 929 2417 irasci
961 2362 1184 2431 quidem
1212 2362 1482 2429 concedit,
1515 2362 1566 2417 id
1591 2363 1734 2432 quod
1768 2378 1796 2416 a
1827 2364 1944 2435 lege

360 2453 590 2523 jubetur
670 2454 843 2509 multo
914 2454 1085 2525 magis
1149 2455 1455 2508 conﬁrmat.
1533 2454 1723 2524 Neque
1794 2456 1940 2510 enim

366 2546 593 2618 perinde
625 2546 731 2601 sibi
771 2546 1101 2616 temperabit
1150 2562 1179 2600 a
1219 2546 1385 2608 caede,
1427 2546 1518 2616 qui
1567 2549 1809 2603 studiose
1852 2566 1945 2605 ca-

372 2643 479 2698 vet,
509 2649 580 2689 ne
615 2635 925 2706 quempiam
952 2636 1189 2699 occidat,
1232 2645 1293 2689 ut
1334 2634 1427 2690 ille
1465 2636 1554 2705 qui
1581 2636 1751 2705 ipsam
1789 2654 1941 2707 quo-

374 2740 479 2794 que
506 2726 765 2781 interﬁcit
794 2727 1153 2781 iracundiam.
1190 2726 1289 2783 llic
1338 2727 1480 2781 enim
1529 2728 1739 2800 longius
1769 2732 1943 2785 multo

382 2815 539 2871 abest
568 2817 635 2869 ab
679 2819 796 2885 ipso
840 2826 1060 2871 conatu.
1118 2816 1316 2873 Verum
1361 2826 1418 2872 ut
1448 2833 1543 2872 eos
1575 2820 1749 2889 magis
1776 2822 1940 2875 etiam

372 2905 785 2971 wnvincamus,
810 2908 993 2962 omnia
1030 2922 1153 2977 quae
1180 2908 1248 2962 ab
1270 2908 1405 2978 ipsis
1432 2909 1710 2975 dicuntur,
1743 2911 1797 2964 in
1824 2928 1941 2966 me-

370 2994 523 3049 dium
550 2994 862 3051 efferamus.
894 2998 1153 3064 Quaznam
1177 3007 1355 3052 autem
1395 2999 1498 3053 ista
1550 3002 1715 3055 sunt?
1772 3002 1939 3057 Deum

369 3086 543 3153 illum,
580 3088 672 3159 qui
700 3089 967 3143 mundum
1007 3090 1150 3144 hunc
1182 3091 1479 3145 fabricatus
1506 3102 1617 3158 est,
1651 3094 1742 3162 qui
1774 3093 1939 3149 solent

370 3195 529 3236 suum
558 3180 692 3235 oriri
725 3181 856 3236 facit
883 3196 1051 3251 super
1082 3180 1274 3245 malos,
1312 3188 1367 3235 et
1410 3182 1615 3247 bonos;
1667 3184 1757 3253 qui
1808 3186 1945 3254 pluit

373 3285 537 3340 super
559 3272 738 3340 juStos
762 3280 818 3326 et
847 3272 1103 3340 injustos,
1135 3270 1334 3324 malum
1364 3286 1486 3326 esse
1511 3273 1804 3329 afﬁrmant.
1843 3262 1945 3341 Qui

373 3370 551 3417 autem
581 3378 645 3417 ex
680 3362 784 3416 illis
814 3362 1062 3417 mitiores
1089 3370 1237 3427 sunt,
1263 3377 1376 3416 rem
1407 3364 1477 3416 ita
1537 3374 1858 3436 temperant,
1891 3378 1947 3423 ut

373 3468 495 3509 eum
536 3455 745 3525 justum
777 3468 900 3508 esse
925 3456 1191 3510 duntaxat
1219 3455 1545 3519 concedant,
1580 3457 1783 3513 bonum
1848 3476 1950 3514 au-

369 3554 479 3601 tem
506 3557 728 3619 negent.
778 3548 1026 3602 Alterum
1079 3558 1260 3603 autem
1314 3549 1625 3617 quemdam,
1683 3551 1777 3620 qui
1840 3568 1949 3606 non

364 3641 459 3705 sit,
493 3640 694 3710 quique
718 3641 856 3695 nihil
902 3657 1114 3707 eorum,
1159 3657 1281 3712 qua:
1310 3648 1477 3710 sunt,‘
1501 3644 1763 3711 effecerit,
1794 3644 1951 3700 Chri-

374 3740 460 3783 sto
486 3740 696 3800 patrem
728 3731 1031 3802 assignant.
1065 3733 1131 3787 Et
1159 3748 1309 3800 eum,
1340 3734 1429 3804 qui
1460 3734 1634 3790 bonus
1686 3750 1794 3789 non
1846 3746 1947 3802 est,

367 3822 426 3877 in
457 3823 661 3878 suisse
722 3824 973 3879 terminis
1033 3825 1340 3890 continere,
1389 3834 1443 3881 et
1497 3842 1620 3896 qum
1675 3842 1772 3881 sua
1796 3837 1946 3892 sunt,

372 3914 512 3968 tueri
542 3912 755 3969 dicunt.
790 3914 947 3969 Hunc
976 3930 1129 3977 vero.
1162 3917 1255 3986 qui
1290 3917 1466 3971 bonus
1492 3928 1596 3983 est,
1663 3919 1863 3983 aliena,
1896 3930 1953 3973 et

372 4020 493 4073 quae
530 4004 649 4074 ipse
674 4020 780 4060 non
814 4006 964 4072 fecit,
999 4017 1281 4076 appetere.
1323 4010 1587 4078 Agnoscis
1640 4010 1779 4063 ﬁlios
1830 4012 1950 4064 dia-

375 4094 520 4148 boli?
582 4094 868 4160 Quomodo
920 4110 953 4150 e
1008 4098 1177 4166 patris
1231 4098 1383 4154 fonte
1444 4101 1606 4155 verba
1670 4100 1963 4167 hauriant,»

374 4199 495 4254 qua:
520 4185 838 4254 loquantur,
872 4186 1001 4240 dum
1037 4188 1295 4244 auferunt
1334 4190 1442 4244 Deo
1477 4192 1663 4246 mundi
1718 4193 1953 4249 fabrica-

376 4275 623 4338 tionem,
677 4290 803 4329 cum
851 4274 1093 4333 Joannes
1125 4280 1439 4335 exclamet:
1480 4279 1546 4333 In
1595 4285 1810 4351 propria
1870 4300 1954 4338 ve-

375 4364 473 4424 nit,
504 4371 581 4429 et,
619 4363 849 4419 Hundus
896 4384 988 4436 per
1021 4384 1136 4422 eum
1167 4370 1341 4439 factus
1399 4380 1472 4425 est
1511 4372 1552 4424 ¹.
1601 4371 1719 4428 lam
1780 4376 1950 4447 legem

371 4456 692 4511 examinant
730 4470 784 4512 et
812 4460 1129 4529 expendunt
1164 4462 1220 4515 in
1264 4462 1445 4518 Veteri
1479 4463 1829 4521 Testamento
1852 4467 1942 4537 ju-
1977 4491 2024 4549 ο

373 4549 618 4614 bentem,
650 4561 709 4606 ut
738 4552 928 4607 oculus
957 4569 1055 4623 pro
1076 4555 1257 4622 oculo,
1311 4565 1365 4609 et
1423 4556 1559 4611 dens
1618 4573 1717 4627 pro
1784 4560 1947 4614 dente

372 4640 661 4698 evellatur.
712 4645 890 4714 Atque
948 4645 1020 4700 ita
1066 4646 1233 4717 impie
1286 4648 1581 4712 irruentes,
1639 4651 1953 4719 Quomodo,

372 4736 652 4806 inquiunt,
688 4736 867 4793 bonus
900 4739 971 4793 sit
1003 4739 1050 4794 is
1078 4742 1171 4809 qui
1201 4740 1328 4795 talia
1363 4742 1647 4812 praecipit?
1673 4744 1813 4809 Quid
1840 4760 1942 4803 nos

372 4830 440 4885 ad
475 4830 592 4885 haec
641 4830 1141 4901 respondebimus?
1202 4833 1497 4887 Maximam
1564 4834 1618 4888 id
1677 4834 1769 4891 Dei
1820 4854 1948 4912 erga

374 4936 477 4977 nos
508 4920 947 4976 benevolentiam
977 4922 1241 4978 indicare.
1308 4923 1496 4994 Neque
1555 4926 1700 4980 enim
1765 4935 1948 4987 sanxit

374 5013 517 5069 hanc
545 5014 743 5086 legem,
778 5023 839 5068 ut
881 5016 1042 5069 nobis
1071 5017 1259 5071 oculos
1288 5017 1524 5074 vicissim
1564 5019 1949 5089 eﬁ'oderemus,

373 5106 469 5159 sed
514 5109 697 5175 petius
732 5114 794 5159 ut
817 5121 881 5159 ea
925 5106 1197 5170 deterriti,
1260 5122 1329 5160 ne
1360 5110 1830 5165 committeremus
1894 5114 1949 5167 in

372 5194 628 5259 alterum,
654 5197 801 5267 quod
847 5196 1009 5251 nobis
1068 5197 1170 5265 ipsi
1210 5197 1545 5255 timeremus.
1588 5203 1951 5266 Quemadmo-

374 5287 505 5341 dum
535 5295 593 5341 et
628 5286 893 5342 Ninivitis
920 5290 1287 5343 comminatus
1312 5300 1396 5343 est
1445 5293 1805 5361 eversionem,
1837 5312 1946 5351 non

373 5388 562 5436 uteos
604 5382 956 5438 exscinderet
1009 5391 1066 5437 et
1115 5380 1398 5436 aboleret:
1457 5386 1742 5439 tacendum
1801 5390 1944 5444 enim

2053 485 2111 539 δὲ
2144 487 2369 552 τούτους
2391 488 2451 542 τὺ
2480 491 2587 543 πᾶν
2620 489 2949 561 περιέλκων.

2400 754 2501 808 Ἐκ
2530 754 2641 822 τῆς
2671 754 2864 823 αὐτῆς
2893 756 3282 821 ἀκολουθίας.

2138 844 2541 917 Ἐρωτήσωμεν
2562 848 2743 900 τοίνυν
2775 849 2899 911 τοὺς
2932 848 3022 901 τὸν
3044 849 3209 917 νόμον
3230 847 3627 916 ἐμϐάλλοντας,

2051 937 2113 989 τὸ
2181 937 2257 1009 μὴ
2326 937 2646 1009 ὀργίζεσθαι
2704 938 2799 991 τοῦ
2852 940 2925 1008 μὴ
2973 939 3225 1008 φονεύειν
3278 939 3543 1002 ἐναντίον,
3592 940 3625 1011 ἢ

2056 1028 2261 1096 μᾶλλον
2314 1030 2526 1083 ἐκείνου
2585 1031 2869 1093 τελείωσις
2928 1029 3111 1095 τοῦτο,
3149 1030 3243 1082 καὶ
3272 1030 3626 1098 κατασκευῆς

2053 1119 2292 1190 Εὔδηλον
2340 1122 2424 1175 ὅτι
2486 1121 2649 1175 τοῦτο
2693 1122 2907 1174 ἐκείνου
2940 1122 3244 1192 πλήρωσις,
3308 1121 3405 1172 καὶ
3440 1120 3630 1190 μεῖζον

2052 1213 2247 1267 τούτου
2270 1214 2480 1268 ἕνεκεν.
2535 1214 2594 1268 '0
2626 1219 2738 1286 γάρ
2773 1216 2910 1285 πρὸς
2942 1217 3115 1285 ὀργὴν
3152 1217 3254 1269 οὐκ
3318 1216 3631 1285 ἐκφερόμε-

2052 1322 2143 1369 νος
2174 1305 2357 1377 πολλῷ
2418 1306 2621 1376 μᾶλλον
2676 1307 2838 1377 φόνου
2907 1308 3194 1375 ἀφέξεταν
3246 1308 3343 1361 καὶ
3385 1309 3412 1360 ὁ
3453 1306 3631 1376 θυμὸν

2052 1396 2287 1467 χαλινῶν
2313 1396 2495 1468 πολλῷ
2527 1397 2728 1465 μᾶλλον
2756 1398 2854 1461 τὰς
2877 1400 3068 1468 χεῖρας
3095 1398 3318 1464 καθέξει
3343 1414 3460 1461 πως
3488 1398 3630 1451 ὲαυ·

2051 1487 2169 1542 τοῦ.
2211 1488 2364 1553 Ῥίξα
2420 1489 2531 1560 γὰρ
2592 1489 2687 1542 τοῦ
2750 1490 2914 1558 φόνου
2978 1488 3173 1559 θυμός.
3209 1489 3269 1543 '0
3308 1490 3490 1542 τοίνυν
3524 1488 3632 1555 τὴν

2054 1580 2212 1651 ῥίζαν
2234 1582 2520 1636 ἐκκόπτων
2559 1579 2741 1651 πολλῷ
2783 1580 2983 1649 μᾶλλον
3013 1582 3299 1651 ἀναιρήσει
3331 1583 3459 1644 τοὺς
3486 1580 3631 1635 κλά-

2051 1672 2196 1736 δους,
2227 1673 2429 1742 μᾶλλον
2450 1673 2507 1725 δὲ
2542 1673 2663 1727 οὐδὲ
2694 1673 2858 1743 φῦναι
2916 1673 3016 1742 τὴν
3050 1674 3225 1744 ἀρχὴν
3277 1674 3450 1727 ἐάσει.
3484 1674 3634 1726 Οὐκ-

1093 1724 1204 1775 ἰιιιο
1245 1734 1377 1773 vero
1410 1733 1479 1773 ne
1524 1719 1673 1772 nasci
1722 1718 1941 1787 quidem

1093 1827 1222 1838 nm...
1261 1812 1374 1838 ιιι-υ.
1407 1826 1512 1838 ...ι-ι..
1552 1811 1615 1838 ..Α
1645 1810 1775 1838 Ιηηζι.
1800 1810 1912 1838 ἵησι..

2056 1718 2196 1736 *⁷⁷’.ῖ
2227 1718 2424 1742 r""""
2454 1718 2507 1725 "
2546 1718 2663 1727 ""
2697 1718 2858 1743 ‘I'""'
2927 1718 3009 1742 "l'
3051 1718 3218 1744 ν”ΙἈἸ⁷
3277 1718 3450 1727 ⁷⁷⁸⁷⁷⁷⁵
3489 1718 3601 1726 ""

2050 1767 2142 1821 οῦν
2173 1768 2281 1821 οὐκ
2315 1768 2402 1820 ἐπ’
2432 1769 2713 1838 ἀναιρέσει
2743 1767 2836 1821 τοῦ
2867 1767 3059 1838 νόμου,
3121 1766 3243 1820 ἀλλ’
3288 1767 3382 1820 ἐπὶ
3413 1766 3631 1819 πλείονι

2047 1860 2223 1913 ταῦτα
2256 1860 2573 1929 ἐνομοθέτει
2634 1860 2876 1930 φὐλακῇ.
2947 1860 3013 1913 Τί
3049 1860 3158 1931 γὰρ
3223 1859 3557 1930 βουλόμενος
3597 1862 3631 1911 6

2046 1953 2209 2021 νόμος
2246 1953 2419 2006 ταῦτα
2460 1952 2764 2020 ὲπέταξεν;
2806 1955 2918 2023 Οὐχ
2950 1955 3036 2007 ἵνα
3078 1953 3267 2024 μηδεὶς
3294 1952 3496 2024 φονεύῃ
3532 1951 3632 2006 τὸν

2048 2045 2309 2115 πλησίονς
2344 2044 2557 2099 Οὐκοῦν
2590 2046 2685 2100 τοῦ
2744 2048 3058 2117 μαχομένου
3091 2046 3170 2116 τῷ
3220 2046 3370 2116 νόμῳ
3419 2048 3479 2101 τὸ
3520 2064 3625 2098 κε-

2048 2135 2228 2190 λεύειν
2252 2137 2481 2207 φονεῦον
2510 2133 2599 2208 ἦν.
2629 2137 2703 2192 Τδ
2740 2139 2848 2210 γὰρ
2884 2139 3134 2208 φονεύειν
3165 2139 3434 2192 ἐναντίον.
3476 2138 3538 2191 El
3566 2139 3632 2192 δὲ

2051 2228 2126 2299 μὴ
2155 2229 2474 2299 ὀργίζεσθαι
2508 2231 2825 2302 ἐπιτρέπει,
2888 2232 3027 2301 ὅπερ
3070 2233 3097 2284 6
3151 2231 3314 2299 νόμος
3340 2230 3627 2294 ἐϐούλετο,

2047 2321 2211 2374 τοῦτο
2278 2322 2480 2392 μᾶλλον
2540 2324 2783 2393 ἵστησιν.
2815 2323 2892 2377 Οὐ
2924 2324 3031 2393 γὰρ
3079 2324 3281 2393 ὁμοίως
3345 2322 3622 2390 ἀφέξεται

2049 2416 2210 2483 φόνου
2274 2416 2302 2467 6
2367 2415 2605 2486 μελετῶν
2641 2416 2715 2486 μὴ
2748 2416 3001 2486 φονεύειν
3070 2415 3146 2486 τῷ
3178 2417 3272 2469 καί⁵
3302 2414 3401 2485 τὴν
3450 2416 3631 2487 ὀργὴν

2047 2508 2369 2580 ἀνῃρηκότι.
2401 2509 2748 2580 Πορῤωτέρω
2790 2510 2898 2579 γὰρ
2930 2502 3086 2572 οὗτος
3116 2508 3318 2576 ἕστηκε
3343 2507 3440 2560 τοῦ
3478 2510 3607 2560 τολ-

2050 2600 2326 2669 μήματος.
2357 2598 2476 2650 Ἵνα
2527 2598 2585 2651 δὲ
2622 2600 2717 2652 καὶ
2747 2598 2953 2668 ἑτέρως
2997 2597 3197 2660 αὐτοὺς
3261 2598 3494 2666 ἕλωμεν,
3536 2599 3622 2659 εἰς

2051 2692 2215 2759 μέσον
2250 2690 2285 2743 ἃ
2312 2691 2563 2759 λέγουσιν
2590 2691 2891 2760 ἀγάγωμεν
2918 2690 3161 2745 ἅπαντα.
3184 2690 3317 2744 Τίνα
3351 2685 3445 2742 οῦν
3468 2691 3628 2741 ἔστιν

2049 2782 2085 2835 ἆ
2116 2798 2315 2849 φασιν;
2344 2783 2425 2835 ὅτι
2448 2784 2475 2835 6
2497 2782 2588 2833 τὸν
2610 2784 2815 2851 κόσμον
2844 2785 3079 2853 ποιήσας
3111 2781 3266 2847 Θεὸς,
3298 2783 3325 2834 6
3350 2780 3441 2833 τὸν
3461 2780 3627 2849 ἥλιον

2046 2872 2356 2926 ἀνατέλλων
2395 2877 2488 2927 ἐπὶ
2524 2875 2800 2945 πονηροὺς
2871 2875 2967 2926 καὶ
3002 2874 3265 2942 ἀγαθοὺς,
3328 2875 3356 2926 6
3405 2872 3626 2943 βρέχων

2048 2968 2141 3019 ἐπὶ
2181 2969 2425 3031 δικαίους
2458 2969 2554 3021 καὶ
2589 2969 2815 3031 ἀδίκους
2865 2968 3103 3038 πονηρός
3135 2969 3220 3030 τίς
3252 2968 3421 3021 ἐστιν.
3456 2968 3520 3020 Ol
3559 2966 3627 3019 δὲ

2052 3061 2455 3130 ἐπιεικέστεροι
2489 3062 2652 3130 δῆθεν
2707 3062 2887 3114 αὐτῶν
2946 3060 3109 3115 τοῦτο
3183 3060 3625 3131 παραιτοῦνται.

1971 3148 2014 3204 C
2049 3156 2273 3208 Δίκαιον
2308 3155 2364 3208 δὲ
2396 3155 2563 3206 αὑτὸν
2619 3153 2764 3208 εἶναι
2793 3155 3046 3223 λέγοντες
3103 3153 3476 3225 ἀποστεροῦσι
3520 3154 3623 3205 τοῦ

2050 3243 2191 3300 εἶναι
2220 3247 2445 3314 ἀγαθόν.
2488 3246 2720 3315 Ἕτερον
2748 3246 2803 3300 δὲ
2834 3247 2924 3300 τὸν
2955 3247 3056 3299 οὐκ
3089 3246 3240 3306 ὄντα,
3270 3245 3393 3297 οὔτε
3450 3245 3619 3313 ποιή-

2052 3338 2223 3391 σαντά
2247 3355 2298 3389 τι
2321 3337 2428 3389 τῶν
2464 3338 2635 3390 ὄντων
2664 3338 2879 3408 πατέρα
2900 3337 3105 3389 διδόασι
3137 3337 3215 3406 τῷ
3244 3335 3481 3405 Χριστῷ.
3507 3338 3628 3390 Καὶ

2050 3430 2143 3481 τὸν
2171 3430 2271 3498 μὲν
2298 3430 2398 3482 οὐκ
2426 3430 2631 3497 ἀγαθὸν
2688 3429 2747 3483 ἐν
2808 3432 2920 3491 τοῖς
2979 3420 3147 3482 αὑτοῦ
3184 3428 3389 3498 μένειν,
3431 3430 3525 3480 καὶ
3551 3428 3633 3482 τὰ

2051 3524 2215 3575 αὑτοῦ
2238 3524 2518 3593 διατηρεῖν
2547 3539 2679 3590 φασι
2697 3538 2710 3551 ’
2765 3520 2854 3575 τὸν
2885 3522 2939 3574 δὲ
2963 3521 3163 3589 ἀγαθὸν
3195 3520 3303 3572 τῶν
3321 3520 3632 3590 ἀλλοτρίων

2052 3616 2328 3685 ἐφίεσθαι,
2391 3616 2487 3669 καὶ
2546 3608 2621 3668 ὧν
2671 3614 2772 3667 οὐκ
2811 3614 3033 3682 ἐγένετο
3071 3612 3426 3683 δημιουργός.
3460 3610 3629 3677 Εἶδες

2052 3708 2146 3760 τοῦ
2174 3708 2422 3761 διαϐόλου
2481 3708 2551 3760 τὰ
2579 3706 2771 3765 τέκνα.
2828 3705 2949 3767 πῶς
3013 3704 3122 3757 ἀπὸ
3154 3705 3255 3774 τῆς
3298 3704 3485 3773 πηγῆς
3526 3706 3629 3759 τοῦ

2054 3798 2264 3869 πατρὸς
2331 3798 2661 3866 φθέγγονται
2718 3794 3130 3865 ἁλλοτριοῦντες
3193 3794 3289 3847 τοῦ
3322 3794 3456 3847 Θεοῦ
3518 3797 3630 3866 τὴν

2052 3891 2415 3961 δημιουργίαν
2436 3906 2452 3956 ;
2477 3889 2573 3942 τοῦ
2610 3889 2856 3943 Ἰωάννου
2893 3888 3126 3957 βοῶντος
3147 3889 3230 3941 ὅτι
3261 3890 3370 3955 Είς
3400 3889 3470 3942 τὰ
3498 3888 3634 3943 ιδια

2052 3980 2224 4054 ἦλθε,
2257 3984 2352 4037 καὶ
2394 3984 2455 4035 '0
2485 3984 2713 4052 κόσμος
2742 3983 2818 4035 δι’
2856 3981 3043 4036 αὐτοῦ
3072 3983 3331 4051 ἐγένετο.
3369 3977 3503 4035 Εἶτα
3534 3984 3635 4035 τὸν

2054 4075 2218 4143 νόμον
2251 4074 2596 4138 ἐξετάζοντες
2622 4076 2713 4127 τὸν
2744 4077 2801 4127 ὲν
2830 4075 2897 4143 τῇ
2938 4076 3172 4146 Παλαιᾷ,
3202 4074 3296 4127 τὸν
3328 4074 3636 4130 κελεύοντα

2052 4168 2338 4239 ὀφθαλμὸν
2367 4169 2490 4222 ἀντὶ
2524 4168 2833 4238 ὀφθαλμοῦ,
2871 4172 2967 4222 καὶ
3005 4169 3201 4222 ὀδόντα
3249 4170 3374 4222 ἀντὶ
3407 4166 3633 4230 ὀδόντος

2053 4263 2370 4327 ἐκϐάλλειν,
2404 4262 2831 4332 ἐπεμϐαίνουσιν
2849 4263 3022 4326 ἀθέως
3044 4264 3294 4330 λέγοντες
3317 4277 3332 4291 ·
3362 4260 3471 4314 Καὶ
3508 4262 3636 4325 πῶς

2056 4355 2123 4409 ἂν
2160 4354 2377 4408 δύναιτο
2423 4355 2629 4423 ἀγαθὸς
2667 4350 2810 4407 εἶναι
2874 4357 2901 4408 6
2949 4354 3123 4407 ταῦτα
3179 4354 3385 4423 λέγων;
3427 4352 3491 4405 Τί
3527 4353 3631 4407 οῦν

2054 4449 2191 4519 πρὸς
2218 4448 2397 4503 ταῦτά
2422 4466 2642 4519 φαμεν;
2676 4449 2799 4502 Ὅτι
2828 4449 3087 4519 μέγιστον
3141 4445 3278 4510 εἶδος
3306 4447 3632 4516 φιλανθρω-

2052 4543 2184 4604 πίας
2210 4543 2384 4599 ὲστίν.
2439 4541 2514 4594 Οὐ
2572 4546 2681 4610 γὰρ
2740 4541 2826 4593 ἵνα
2857 4542 2983 4602 τοὺς
3014 4540 3265 4610 ἀλλήλων
3325 4539 3627 4607 κόπτωμεν

2052 4631 2369 4702 ὀφθαλμοὺς
2389 4630 2608 4684 τέθεικε
2637 4630 2730 4683 τὸν
2762 4631 2927 4699 νόμον
2962 4629 3178 4694 τοῦτον,
3209 4628 3324 4682 ἀλλ’
3351 4630 3439 4683 ἵνα
3472 4631 3631 4701 φόϐῳ

2062 4724 2159 4778 τοῦ
2195 4726 2270 4794 μὴ
2299 4724 2496 4777 παθεῖν
2517 4722 2607 4791 ὑφ’
2634 4724 2837 4793 ἑτέρων
2868 4721 3202 4791 ἀπεχώμεθα
3232 4721 3325 4774 τοῦ
3353 4722 3551 4791 δρᾶσαί
3576 4740 3633 4776 τι

2052 4820 2296 4872 τοιοῦτον
2326 4818 2591 4887 ἑταίροις.
2620 4818 2831 4886 Ὠσπερ
2860 4812 2954 4871 οὖν
2974 4818 3087 4879 τοῖς
3119 4815 3430 4877 Νινευϊταις
3462 4816 3631 4883 ὴπείς-

2054 4911 2187 4982 λησε
2210 4912 2620 4980 καταστροφὴν,
2686 4910 2784 4979 οὐχ
2844 4909 3171 4971 ῖναάὑτοὺς
3219 4908 3383 4978 ἀνέλῃ
3408 4908 3630 4979 (είγάρ

2059 5002 2220 5056 τοῦτο
2254 5002 2530 5065 ἐϐούλετο,
2604 5003 2767 5072 σιγᾷν
2834 5004 3049 5073 ἐχρῆν),
3086 5001 3200 5054 ἀλλ’
3239 5002 3327 5055 ’ίνα
3369 5000 3448 5070 τῷ
3472 5003 3629 5071 φόϐῳ

2059 5095 2300 5165 βελτίους
2326 5098 2559 5164 ποιήσας
2604 5096 2791 5165 παύσῃ
2820 5095 2919 5165 τὴν
2955 5096 3129 5165 ὀργήν
3164 5111 3177 5125 ο
3212 5094 3357 5147 οὕτω
3387 5097 3479 5147 καὶ
3512 5097 3629 5157 τοῖς

2061 5191 2374 5261 προχείρως
2429 5192 2737 5259 ἐπιπηδῶσι
2782 5193 2895 5253 τοῖς
2947 5191 3151 5259 ἑτέρων
3207 5188 3511 5257 ὀφθαλμοῖς
3540 5204 3629 5240 τι·

2060 5288 2273 5358 μωρίαν
2312 5287 2531 5356 έθηκεν,
2568 5289 2674 5349 ἵνα,
2711 5286 2817 5339 κᾶν
2846 5286 2956 5340 ἀπὸ
2993 5285 3369 5354 προαιρέσεως
3402 5280 3627 5350 ἀγαθῆς

2070 5386 2147 5455 μὴ
2173 5384 2496 5454 βούλωνται,
2532 5382 2849 5450 ἀπέχωνται
2874 5380 2975 5445 τῆς
3006 5376 3314 5447 ὠμότητος.

372 5474 567 5542 fuerat,
598 5477 646 5531 εἰ
669 5477 721 5532 id
751 5478 975 5533 omnino
1004 5477 1217 5533 eilicere
1262 5476 1615 5543 decrevisset,
1667 5481 1762 5535 sed
1818 5493 1875 5537 ut
1930 5500 2026 5541 eos
2094 5500 2268 5555 poena:
2330 5480 2622 5535 formidine
2675 5477 2927 5532 meliores
3003 5474 3275 5535 redderet,
3334 5481 3499 5542 atque
3550 5469 3625 5524 ita

373 5565 535 5634 iram,
561 5585 669 5639 qua
703 5570 758 5625 in
813 5585 910 5627 eos
938 5585 1223 5640 _accensus
1255 5578 1394 5639 erat,
1421 5573 1817 5644 exstingueret.
1875 5579 1964 5636 Sic
2000 5589 2056 5637 et
2109 5579 2195 5647 iis,
2249 5576 2342 5647 qui
2392 5583 2637 5646 prompte
2689 5570 2758 5626 ad
2823 5568 3096 5626 eruendos
3151 5565 3381 5623 aliorum
3434 5565 3624 5620 oculos

448 5688 467 5721 ⁸
498 5683 657 5742 Joan.
694 5703 730 5754 t,
762 5688 849 5756 to,
881 5688 969 5743 ll.
