  <div class='ocr_page' id='page_1' title='image "/cluster/home/n/w/nwhite01/storage/ocr_20150623/130/hvd.32044073502387/168.png"; bbox 0 0 4024 6208; ppageno 0'>
   <div class='ocr_carea' id='block_1_1' title="bbox 265 905 293 965">
    <p class='ocr_par' dir='ltr' id='par_1_1' title="bbox 265 905 293 965">
     <span class='ocr_line' id='line_1_1' title="bbox 265 905 293 965; baseline 0 0"><span class='ocrx_word' id='word_1_1' title='bbox 265 905 293 965; x_wconf 66' lang='lat' dir='ltr'><strong>‘i</strong></span> 
     </span>
    </p>
   </div>
   <div class='ocr_carea' id='block_1_2' title="bbox 359 296 468 357">
    <p class='ocr_par' dir='ltr' id='par_1_2' title="bbox 359 296 468 357">
     <span class='ocr_line' id='line_1_2' title="bbox 359 296 468 357; baseline -0.009 0"><span class='ocrx_word' id='word_1_2' title='bbox 359 296 468 357; x_wconf 76' lang='lat'><strong>325</strong></span> 
     </span>
    </p>
   </div>
   <div class='ocr_carea' id='block_1_3' title="bbox 1338 300 2662 373">
    <p class='ocr_par' dir='ltr' id='par_1_3' title="bbox 1338 300 2662 373">
     <span class='ocr_line' id='line_1_3' title="bbox 1338 300 2662 373; baseline 0.011 -15"><span class='ocrx_word' id='word_1_3' title='bbox 1338 300 1712 363; x_wconf 79' lang='lat' dir='ltr'><strong>PANOPLIA</strong></span> <span class='ocrx_word' id='word_1_4' title='bbox 1753 303 2216 368; x_wconf 80' lang='lat' dir='ltr'><strong>DOGMATICA.</strong></span> <span class='ocrx_word' id='word_1_5' title='bbox 2258 335 2326 346; x_wconf 92' lang='lat'><em>--</em></span> <span class='ocrx_word' id='word_1_6' title='bbox 2366 311 2512 373; x_wconf 83' lang='lat' dir='ltr'><strong>TIT.</strong></span> <span class='ocrx_word' id='word_1_7' title='bbox 2559 315 2662 373; x_wconf 81' lang='lat' dir='ltr'><strong>1X.</strong></span> 
     </span>
    </p>
   </div>
   <div class='ocr_carea' id='block_1_4' title="bbox 3467 321 3614 387">
    <p class='ocr_par' dir='ltr' id='par_1_4' title="bbox 3467 321 3614 387">
     <span class='ocr_line' id='line_1_4' title="bbox 3467 321 3614 387; baseline 0.02 -4"><span class='ocrx_word' id='word_1_8' title='bbox 3467 331 3482 338; x_wconf 79' lang='grc'><em>’</em></span> <span class='ocrx_word' id='word_1_9' title='bbox 3507 321 3614 387; x_wconf 67' lang='lat'><strong>326</strong></span> 
     </span>
    </p>
   </div>
   <div class='ocr_carea' id='block_1_5' title="bbox 359 407 3613 500">
    <p class='ocr_par' dir='ltr' id='par_1_5' title="bbox 359 407 3613 500">
     <span class='ocr_line' id='line_1_5' title="bbox 359 407 3613 500; baseline 0.01 -41"><span class='ocrx_word' id='word_1_10' title='bbox 359 407 631 469; x_wconf 83' lang='lat' dir='ltr'><strong>involant,</strong></span> <span class='ocrx_word' id='word_1_11' title='bbox 656 408 987 478; x_wconf 80' lang='lat' dir='ltr'><strong>supplicium</strong></span> <span class='ocrx_word' id='word_1_12' title='bbox 1041 413 1345 478; x_wconf 71' lang='lat' dir='ltr'><strong>proposuit,</strong></span> <span class='ocrx_word' id='word_1_13' title='bbox 1405 422 1462 467; x_wconf 94' lang='lat' dir='ltr'><strong>ut</strong></span> <span class='ocrx_word' id='word_1_14' title='bbox 1493 413 1616 481; x_wconf 85' lang='lat' dir='ltr'><strong>ejus</strong></span> <span class='ocrx_word' id='word_1_15' title='bbox 1675 415 1975 471; x_wconf 83' lang='lat' dir='ltr'><strong>acerbitate</strong></span> <span class='ocrx_word' id='word_1_16' title='bbox 2029 433 2147 484; x_wconf 90' lang='lat' dir='ltr'><strong>eos,</strong></span> <span class='ocrx_word' id='word_1_17' title='bbox 2200 420 2246 481; x_wconf 85' lang='lat' dir='ltr'><strong>si</strong></span> <span class='ocrx_word' id='word_1_18' title='bbox 2285 421 2429 476; x_wconf 88' lang='lat' dir='ltr'><strong>bono</strong></span> <span class='ocrx_word' id='word_1_19' title='bbox 2457 425 2625 477; x_wconf 87' lang='lat' dir='ltr'><strong>animi</strong></span> <span class='ocrx_word' id='word_1_20' title='bbox 2656 426 2935 494; x_wconf 83' lang='lat' dir='ltr'><strong>proposito</strong></span> <span class='ocrx_word' id='word_1_21' title='bbox 2965 443 3075 483; x_wconf 91' lang='lat' dir='ltr'><strong>non</strong></span> <span class='ocrx_word' id='word_1_22' title='bbox 3113 440 3483 500; x_wconf 82' lang='lat' dir='ltr'><strong>moverentur,</strong></span> <span class='ocrx_word' id='word_1_23' title='bbox 3515 435 3613 491; x_wconf 81' lang='lat' dir='ltr'><strong>de-</strong></span> 
     </span>
    </p>
   </div>
   <div class='ocr_carea' id='block_1_6' title="bbox 361 507 615 552">
    <p class='ocr_par' dir='ltr' id='par_1_6' title="bbox 361 507 615 552">
     <span class='ocr_line' id='line_1_6' title="bbox 361 507 615 552; baseline 0.008 -4"><span class='ocrx_word' id='word_1_24' title='bbox 361 507 615 552; x_wconf 85' lang='lat' dir='ltr'><strong>terreret.</strong></span> 
     </span>
    </p>
   </div>
   <div class='ocr_carea' id='block_1_7' title="bbox 364 613 1933 699">
    <p class='ocr_par' dir='ltr' id='par_1_7' title="bbox 364 613 1933 699">
     <span class='ocr_line' id='line_1_7' title="bbox 364 613 1933 699; baseline 0.003 -33"><span class='ocrx_word' id='word_1_25' title='bbox 364 616 487 669; x_wconf 82' lang='grc' dir='ltr'><strong>Ἔτι</strong></span> <span class='ocrx_word' id='word_1_26' title='bbox 514 613 686 699; x_wconf 48' lang='grc' dir='ltr'>κατὰ·</span> <span class='ocrx_word' id='word_1_27' title='bbox 713 613 835 699; x_wconf 50' lang='lat' dir='ltr'><strong>ut»:</strong></span> <span class='ocrx_word' id='word_1_28' title='bbox 879 618 1258 699; x_wconf 40' lang='lat' dir='ltr'><strong>aliubi-Leo?</strong></span> <span class='ocrx_word' id='word_1_29' title='bbox 1300 620 1474 699; x_wconf 59' lang='lat' dir='ltr'><strong>(il-(0v</strong></span> <span class='ocrx_word' id='word_1_30' title='bbox 1527 620 1828 688; x_wconf 72' lang='grc' dir='ltr'>ΚιῬίλλου</span> <span class='ocrx_word' id='word_1_31' title='bbox 1871 618 1933 672; x_wconf 74' lang='grc' dir='ltr'>ἐκ</span> 
     </span>
    </p>
   </div>
   <div class='ocr_carea' id='block_1_8' title="bbox 2033 613 3614 699">
    <p class='ocr_par' dir='ltr' id='par_1_8' title="bbox 2043 617 3614 699">
     <span class='ocr_line' id='line_1_8' title="bbox 2043 617 3614 699; baseline 0.017 -27"><span class='ocrx_word' id='word_1_32' title='bbox 2043 617 2174 672; x_wconf 85' lang='lat' dir='ltr'><strong>Item</strong></span> <span class='ocrx_word' id='word_1_33' title='bbox 2203 621 2447 699; x_wconf 48' lang='lat' dir='ltr'><strong>adtingas</strong></span> <span class='ocrx_word' id='word_1_34' title='bbox 2496 626 2718 699; x_wconf 74' lang='lat' dir='ltr'><strong>eosdem.</strong></span> <span class='ocrx_word' id='word_1_35' title='bbox 2784 625 2971 681; x_wconf 82' lang='lat' dir='ltr'><strong>Sancti</strong></span> <span class='ocrx_word' id='word_1_36' title='bbox 3035 627 3226 699; x_wconf 68' lang='lat' dir='ltr'><strong>Cyr-illi</strong></span> <span class='ocrx_word' id='word_1_37' title='bbox 3258 651 3322 692; x_wconf 70' lang='lat' dir='ltr'><strong>ea;</strong></span> <span class='ocrx_word' id='word_1_38' title='bbox 3370 635 3501 694; x_wconf 84' lang='lat' dir='ltr'><strong>libro</strong></span> <span class='ocrx_word' id='word_1_39' title='bbox 3541 646 3614 698; x_wconf 84' lang='lat' dir='ltr'><strong>ad</strong></span> 
     </span>
    </p>
   </div>
   <div class='ocr_carea' id='block_1_9' title="bbox 434 686 1943 766">
    <p class='ocr_par' dir='ltr' id='par_1_9' title="bbox 434 686 1943 766">
     <span class='ocr_line' id='line_1_9' title="bbox 434 686 1943 766; baseline 0.004 -29"><span class='ocrx_word' id='word_1_40' title='bbox 434 686 543 737; x_wconf 80' lang='grc' dir='ltr'><strong>τοῦ</strong></span> <span class='ocrx_word' id='word_1_41' title='bbox 577 686 729 766; x_wconf 64' lang='grc' dir='ltr'>Ξτρὸς</span> <span class='ocrx_word' id='word_1_42' title='bbox 777 687 884 738; x_wconf 82' lang='grc' dir='ltr'><strong>τὸν</strong></span> <span class='ocrx_word' id='word_1_43' title='bbox 904 687 1175 751; x_wconf 75' lang='grc' dir='ltr'><strong>βασιλέα</strong></span> <span class='ocrx_word' id='word_1_44' title='bbox 1212 689 1540 745; x_wconf 75' lang='grc' dir='ltr'><strong>Θεοδόσιον</strong></span> <span class='ocrx_word' id='word_1_45' title='bbox 1583 686 1943 760; x_wconf 66' lang='grc' dir='ltr'>σὲροσφωνη-</span> 
     </span>
    </p>
   </div>
   <div class='ocr_carea' id='block_1_10' title="bbox 433 772 628 809">
    <p class='ocr_par' dir='ltr' id='par_1_10' title="bbox 433 772 628 809">
     <span class='ocr_line' id='line_1_10' title="bbox 433 772 628 809; baseline 0.021 -4"><span class='ocrx_word' id='word_1_46' title='bbox 433 772 628 809; x_wconf 82' lang='grc' dir='ltr'>τικου.</span> 
     </span>
    </p>
   </div>
   <div class='ocr_carea' id='block_1_11' title="bbox 438 872 1937 948">
    <p class='ocr_par' dir='ltr' id='par_1_11' title="bbox 438 872 1937 948">
     <span class='ocr_line' id='line_1_11' title="bbox 438 872 1937 948; baseline 0.005 -25"><span class='ocrx_word' id='word_1_47' title='bbox 438 872 513 924; x_wconf 80' lang='grc' dir='ltr'><strong>Τὸ</strong></span> <span class='ocrx_word' id='word_1_48' title='bbox 543 873 902 928; x_wconf 74' lang='grc' dir='ltr'>ἀποστολικδν</span> <span class='ocrx_word' id='word_1_49' title='bbox 931 875 1097 946; x_wconf 77' lang='grc' dir='ltr'>ῥητὸν</span> <span class='ocrx_word' id='word_1_50' title='bbox 1119 876 1181 930; x_wconf 79' lang='grc' dir='ltr'><strong>τὸ</strong></span> <span class='ocrx_word' id='word_1_51' title='bbox 1195 877 1351 944; x_wconf 83' lang='grc' dir='ltr'>λέγον</span> <span class='ocrx_word' id='word_1_52' title='bbox 1379 878 1507 948; x_wconf 78' lang='grc' dir='ltr'>περὶ</span> <span class='ocrx_word' id='word_1_53' title='bbox 1530 876 1622 931; x_wconf 79' lang='grc' dir='ltr'><strong>τοῦ</strong></span> <span class='ocrx_word' id='word_1_54' title='bbox 1651 877 1899 948; x_wconf 83' lang='grc' dir='ltr'><strong>Σωτῆρος</strong></span> <span class='ocrx_word' id='word_1_55' title='bbox 1921 894 1937 913; x_wconf 80' lang='grc' dir='ltr'><strong>ο</strong></span> 
     </span>
    </p>
   </div>
   <div class='ocr_carea' id='block_1_12' title="bbox 376 961 1943 1038">
    <p class='ocr_par' dir='ltr' id='par_1_12' title="bbox 376 961 1943 1038">
     <span class='ocr_line' id='line_1_12' title="bbox 376 961 1943 1038; baseline 0.02 -32"><span class='ocrx_word' id='word_1_56' title='bbox 376 961 483 1016; x_wconf 77' lang='grc' dir='ltr'>ἐν</span> <span class='ocrx_word' id='word_1_57' title='bbox 526 963 847 1032; x_wconf 70' lang='grc' dir='ltr'>ὁμοιώματι</span> <span class='ocrx_word' id='word_1_58' title='bbox 902 966 1222 1033; x_wconf 80' lang='grc' dir='ltr'>ἀνθρώπου</span> <span class='ocrx_word' id='word_1_59' title='bbox 1275 973 1621 1038; x_wconf 74' lang='grc' dir='ltr'><strong>γενόμενος,</strong></span> <span class='ocrx_word' id='word_1_60' title='bbox 1653 969 1750 1022; x_wconf 81' lang='grc' dir='ltr'>καὶ</span> <span class='ocrx_word' id='word_1_61' title='bbox 1785 969 1943 1036; x_wconf 67' lang='grc' dir='ltr'><strong>σχή·</strong></span> 
     </span>
    </p>
   </div>
   <div class='ocr_carea' id='block_1_13' title="bbox 356 1055 1940 1130">
    <p class='ocr_par' dir='ltr' id='par_1_13' title="bbox 356 1055 1940 1130">
     <span class='ocr_line' id='line_1_13' title="bbox 356 1055 1940 1130; baseline 0.004 -25"><span class='ocrx_word' id='word_1_62' title='bbox 356 1070 502 1120; x_wconf 66' lang='lat' dir='ltr'><strong>yart</strong></span> <span class='ocrx_word' id='word_1_63' title='bbox 531 1055 801 1122; x_wconf 76' lang='grc' dir='ltr'>εὑρεθείς</span> <span class='ocrx_word' id='word_1_64' title='bbox 840 1058 922 1124; x_wconf 84' lang='grc' dir='ltr'>ὡς</span> <span class='ocrx_word' id='word_1_65' title='bbox 969 1059 1304 1127; x_wconf 76' lang='grc' dir='ltr'>ἄνθρωπος,</span> <span class='ocrx_word' id='word_1_66' title='bbox 1343 1060 1784 1130; x_wconf 72' lang='grc' dir='ltr'>προϐαλλόμενος</span> <span class='ocrx_word' id='word_1_67' title='bbox 1812 1060 1940 1112; x_wconf 75' lang='grc' dir='ltr'>ἔκα-</span> 
     </span>
    </p>
   </div>
   <div class='ocr_carea' id='block_1_14' title="bbox 362 1149 1937 1222">
    <p class='ocr_par' dir='ltr' id='par_1_14' title="bbox 362 1149 1937 1222">
     <span class='ocr_line' id='line_1_14' title="bbox 362 1149 1937 1222; baseline 0.006 -26"><span class='ocrx_word' id='word_1_68' title='bbox 362 1161 490 1207; x_wconf 84' lang='grc' dir='ltr'>στος</span> <span class='ocrx_word' id='word_1_69' title='bbox 520 1149 632 1200; x_wconf 82' lang='grc' dir='ltr'><strong>τῶν</strong></span> <span class='ocrx_word' id='word_1_70' title='bbox 652 1149 950 1220; x_wconf 80' lang='grc' dir='ltr'>αίρετικῶν</span> <span class='ocrx_word' id='word_1_71' title='bbox 972 1151 1083 1204; x_wconf 84' lang='grc' dir='ltr'>τῶν</span> <span class='ocrx_word' id='word_1_72' title='bbox 1115 1151 1390 1222; x_wconf 81' lang='grc' dir='ltr'><strong>βδελυρῶν</strong></span> <span class='ocrx_word' id='word_1_73' title='bbox 1431 1153 1723 1222; x_wconf 81' lang='grc' dir='ltr'><strong>δογμάτων</strong></span> <span class='ocrx_word' id='word_1_74' title='bbox 1761 1169 1937 1206; x_wconf 86' lang='grc' dir='ltr'>κατα-</span> 
     </span>
    </p>
   </div>
   <div class='ocr_carea' id='block_1_15' title="bbox 361 1239 1938 1315">
    <p class='ocr_par' dir='ltr' id='par_1_15' title="bbox 361 1239 1938 1315">
     <span class='ocr_line' id='line_1_15' title="bbox 361 1239 1938 1315; baseline 0.004 -24"><span class='ocrx_word' id='word_1_75' title='bbox 361 1239 627 1302; x_wconf 74' lang='grc' dir='ltr'>σκευάζει</span> <span class='ocrx_word' id='word_1_76' title='bbox 647 1241 709 1294; x_wconf 83' lang='grc' dir='ltr'><strong>τὸ</strong></span> <span class='ocrx_word' id='word_1_77' title='bbox 748 1242 965 1311; x_wconf 76' lang='grc' dir='ltr'>ψεῦδος.</span> <span class='ocrx_word' id='word_1_78' title='bbox 1002 1245 1221 1315; x_wconf 81' lang='grc' dir='ltr'>Ἀρειος</span> <span class='ocrx_word' id='word_1_79' title='bbox 1246 1245 1366 1314; x_wconf 74' lang='grc' dir='ltr'>μὲν,</span> <span class='ocrx_word' id='word_1_80' title='bbox 1391 1245 1485 1298; x_wconf 74' lang='grc' dir='ltr'>καὶ</span> <span class='ocrx_word' id='word_1_81' title='bbox 1519 1245 1810 1314; x_wconf 80' lang='grc' dir='ltr'>Εὑνὸμιος,</span> <span class='ocrx_word' id='word_1_82' title='bbox 1845 1245 1938 1298; x_wconf 74' lang='grc' dir='ltr'>καὶ</span> 
     </span>
    </p>
   </div>
   <div class='ocr_carea' id='block_1_16' title="bbox 373 1331 1935 1405">
    <p class='ocr_par' dir='ltr' id='par_1_16' title="bbox 373 1331 1935 1405">
     <span class='ocr_line' id='line_1_16' title="bbox 373 1331 1935 1405; baseline 0.003 -23"><span class='ocrx_word' id='word_1_83' title='bbox 373 1331 804 1401; x_wconf 77' lang='grc' dir='ltr'>’Λπολλινάριος,</span> <span class='ocrx_word' id='word_1_84' title='bbox 841 1338 932 1387; x_wconf 78' lang='grc' dir='ltr'>καὶ</span> <span class='ocrx_word' id='word_1_85' title='bbox 971 1335 1032 1389; x_wconf 81' lang='grc' dir='ltr'><strong>τὸ</strong></span> <span class='ocrx_word' id='word_1_86' title='bbox 1077 1337 1350 1405; x_wconf 82' lang='grc' dir='ltr'>ὁμοίωμα,</span> <span class='ocrx_word' id='word_1_87' title='bbox 1384 1337 1478 1388; x_wconf 76' lang='grc' dir='ltr'>καὶ</span> <span class='ocrx_word' id='word_1_88' title='bbox 1524 1336 1586 1388; x_wconf 71' lang='grc' dir='ltr'>τὸ</span> <span class='ocrx_word' id='word_1_89' title='bbox 1613 1336 1800 1405; x_wconf 74' lang='grc' dir='ltr'>σχῆμα</span> <span class='ocrx_word' id='word_1_90' title='bbox 1840 1334 1935 1387; x_wconf 83' lang='grc' dir='ltr'><strong>τοῦ</strong></span> 
     </span>
    </p>
   </div>
   <div class='ocr_carea' id='block_1_17' title="bbox 358 1423 1936 1498">
    <p class='ocr_par' dir='ltr' id='par_1_17' title="bbox 358 1423 1936 1498">
     <span class='ocr_line' id='line_1_17' title="bbox 358 1423 1936 1498; baseline 0.003 -24"><span class='ocrx_word' id='word_1_91' title='bbox 358 1423 655 1494; x_wconf 85' lang='grc' dir='ltr'>ἀνθρώπου</span> <span class='ocrx_word' id='word_1_92' title='bbox 700 1426 762 1476; x_wconf 79' lang='grc' dir='ltr'><strong>τὸ</strong></span> <span class='ocrx_word' id='word_1_93' title='bbox 817 1427 1148 1496; x_wconf 80' lang='grc' dir='ltr'>φαινόμενον</span> <span class='ocrx_word' id='word_1_94' title='bbox 1213 1430 1314 1498; x_wconf 79' lang='grc' dir='ltr'><strong>τῆς</strong></span> <span class='ocrx_word' id='word_1_95' title='bbox 1362 1429 1647 1497; x_wconf 66' lang='grc' dir='ltr'>ἡμετέρας</span> <span class='ocrx_word' id='word_1_96' title='bbox 1717 1426 1936 1496; x_wconf 77' lang='grc' dir='ltr'>φύσεως</span> 
     </span>
    </p>
   </div>
   <div class='ocr_carea' id='block_1_18' title="bbox 361 1517 1934 1591">
    <p class='ocr_par' dir='ltr' id='par_1_18' title="bbox 361 1517 1934 1591">
     <span class='ocr_line' id='line_1_18' title="bbox 361 1517 1934 1591; baseline 0.003 -24"><span class='ocrx_word' id='word_1_97' title='bbox 361 1517 531 1586; x_wconf 79' lang='grc' dir='ltr'>μόνον</span> <span class='ocrx_word' id='word_1_98' title='bbox 585 1518 875 1587; x_wconf 74' lang='grc' dir='ltr'>σημαίνειν</span> <span class='ocrx_word' id='word_1_99' title='bbox 937 1520 1393 1590; x_wconf 73' lang='grc' dir='ltr'>διαγορεύοντεςο</span> <span class='ocrx_word' id='word_1_100' title='bbox 1445 1523 1493 1574; x_wconf 82' lang='lat' dir='ltr'><strong>oi</strong></span> <span class='ocrx_word' id='word_1_101' title='bbox 1553 1519 1610 1573; x_wconf 81' lang='grc' dir='ltr'>δὲ</span> <span class='ocrx_word' id='word_1_102' title='bbox 1646 1521 1748 1591; x_wconf 81' lang='grc' dir='ltr'>τῆς</span> <span class='ocrx_word' id='word_1_103' title='bbox 1824 1520 1934 1573; x_wconf 87' lang='grc' dir='ltr'>τῶν</span> 
     </span>
    </p>
   </div>
   <div class='ocr_carea' id='block_1_19' title="bbox 356 1610 1934 1683">
    <p class='ocr_par' dir='ltr' id='par_1_19' title="bbox 356 1610 1934 1683">
     <span class='ocr_line' id='line_1_19' title="bbox 356 1610 1934 1683; baseline 0.003 -23"><span class='ocrx_word' id='word_1_104' title='bbox 356 1610 602 1663; x_wconf 86' lang='grc' dir='ltr'>Δοκιτῶν</span> <span class='ocrx_word' id='word_1_105' title='bbox 656 1610 936 1679; x_wconf 76' lang='grc' dir='ltr'><strong>φάλαγγος</strong></span> <span class='ocrx_word' id='word_1_106' title='bbox 985 1611 1086 1683; x_wconf 87' lang='lat'><strong>(8),</strong></span> <span class='ocrx_word' id='word_1_107' title='bbox 1147 1612 1242 1666; x_wconf 80' lang='grc' dir='ltr'>καὶ</span> <span class='ocrx_word' id='word_1_108' title='bbox 1291 1612 1352 1666; x_wconf 86' lang='grc' dir='ltr'><strong>τδ</strong></span> <span class='ocrx_word' id='word_1_109' title='bbox 1405 1613 1682 1683; x_wconf 84' lang='grc' dir='ltr'>ὁμοίωμα,</span> <span class='ocrx_word' id='word_1_110' title='bbox 1731 1610 1827 1666; x_wconf 79' lang='grc' dir='ltr'>καὶ</span> <span class='ocrx_word' id='word_1_111' title='bbox 1872 1610 1934 1664; x_wconf 88' lang='grc' dir='ltr'><strong>τδ</strong></span> 
     </span>
    </p>
   </div>
   <div class='ocr_carea' id='block_1_20' title="bbox 358 1703 1932 1773">
    <p class='ocr_par' dir='ltr' id='par_1_20' title="bbox 358 1703 1932 1773">
     <span class='ocr_line' id='line_1_20' title="bbox 358 1703 1932 1773; baseline 0.002 -19"><span class='ocrx_word' id='word_1_112' title='bbox 358 1703 551 1772; x_wconf 79' lang='grc' dir='ltr'>σχῆμα</span> <span class='ocrx_word' id='word_1_113' title='bbox 579 1705 660 1766; x_wconf 86' lang='grc' dir='ltr'><strong>εἰς</strong></span> <span class='ocrx_word' id='word_1_114' title='bbox 691 1704 852 1757; x_wconf 76' lang='grc' dir='ltr'>σκιάν</span> <span class='ocrx_word' id='word_1_115' title='bbox 881 1719 1026 1767; x_wconf 87' lang='grc' dir='ltr'>τινα,</span> <span class='ocrx_word' id='word_1_116' title='bbox 1060 1706 1153 1758; x_wconf 82' lang='grc' dir='ltr'>καὶ</span> <span class='ocrx_word' id='word_1_117' title='bbox 1179 1704 1456 1770; x_wconf 72' lang='grc' dir='ltr'>εἰκασίαν,</span> <span class='ocrx_word' id='word_1_118' title='bbox 1500 1707 1593 1758; x_wconf 74' lang='grc' dir='ltr'><strong>καὶ</strong></span> <span class='ocrx_word' id='word_1_119' title='bbox 1624 1703 1932 1773; x_wconf 72' lang='grc' dir='ltr'>φαντασίαν</span> 
     </span>
    </p>
   </div>
   <div class='ocr_carea' id='block_1_21' title="bbox 358 1793 1930 1864">
    <p class='ocr_par' dir='ltr' id='par_1_21' title="bbox 358 1793 1930 1864">
     <span class='ocr_line' id='line_1_21' title="bbox 358 1793 1930 1864; baseline 0.002 -19"><span class='ocrx_word' id='word_1_120' title='bbox 358 1793 582 1864; x_wconf 84' lang='grc' dir='ltr'>σώματι</span> <span class='ocrx_word' id='word_1_121' title='bbox 649 1797 892 1848; x_wconf 77' lang='grc' dir='ltr'>ἐοικυῖαν</span> <span class='ocrx_word' id='word_1_122' title='bbox 959 1793 1352 1861; x_wconf 74' lang='grc' dir='ltr'>λαμϐάνοντες.</span> <span class='ocrx_word' id='word_1_123' title='bbox 1391 1795 1500 1848; x_wconf 71' lang='grc' dir='ltr'><strong>Καὶ</strong></span> <span class='ocrx_word' id='word_1_124' title='bbox 1571 1794 1691 1863; x_wconf 82' lang='grc' dir='ltr'>μεθ’</span> <span class='ocrx_word' id='word_1_125' title='bbox 1745 1795 1930 1864; x_wconf 77' lang='grc' dir='ltr'>’ἐτεραο</span> 
     </span>
    </p>
   </div>
   <div class='ocr_carea' id='block_1_22' title="bbox 367 1883 1930 1957">
    <p class='ocr_par' dir='ltr' id='par_1_22' title="bbox 367 1883 1930 1957">
     <span class='ocr_line' id='line_1_22' title="bbox 367 1883 1930 1957; baseline 0.002 -20"><span class='ocrx_word' id='word_1_126' title='bbox 367 1883 567 1953; x_wconf 84' lang='grc' dir='ltr'>Ἡμεῖς</span> <span class='ocrx_word' id='word_1_127' title='bbox 600 1885 656 1937; x_wconf 78' lang='grc' dir='ltr'>δὲ</span> <span class='ocrx_word' id='word_1_128' title='bbox 688 1885 751 1939; x_wconf 82' lang='grc' dir='ltr'>τὺ</span> <span class='ocrx_word' id='word_1_129' title='bbox 776 1888 835 1938; x_wconf 75' lang='grc' dir='ltr'>ἐν</span> <span class='ocrx_word' id='word_1_130' title='bbox 865 1886 1175 1957; x_wconf 75' lang='grc' dir='ltr'><strong>ὁμοιώματι</strong></span> <span class='ocrx_word' id='word_1_131' title='bbox 1202 1887 1494 1957; x_wconf 83' lang='grc' dir='ltr'>ἀνθρώπου</span> <span class='ocrx_word' id='word_1_132' title='bbox 1531 1886 1808 1956; x_wconf 85' lang='grc' dir='ltr'>γενέσθαι,</span> <span class='ocrx_word' id='word_1_133' title='bbox 1838 1890 1930 1940; x_wconf 80' lang='grc' dir='ltr'>καὶ</span> 
     </span>
    </p>
   </div>
   <div class='ocr_carea' id='block_1_23' title="bbox 2343 691 3306 771">
    <p class='ocr_par' dir='ltr' id='par_1_23' title="bbox 2343 691 3306 771">
     <span class='ocr_line' id='line_1_23' title="bbox 2343 691 3306 771; baseline 0.015 -27"><span class='ocrx_word' id='word_1_134' title='bbox 2343 691 2680 748; x_wconf 76' lang='lat' dir='ltr'><strong>Theodosium</strong></span> <span class='ocrx_word' id='word_1_135' title='bbox 2701 691 3306 771; x_wconf 40' lang='lat' dir='ltr'><strong>imperatoremvscnpto.</strong></span> 
     </span>
    </p>
   </div>
   <div class='ocr_carea' id='block_1_24' title="bbox 2109 870 3616 950">
    <p class='ocr_par' dir='ltr' id='par_1_24' title="bbox 2109 870 3616 950">
     <span class='ocr_line' id='line_1_24' title="bbox 2109 870 3616 950; baseline 0.018 -27"><span class='ocrx_word' id='word_1_136' title='bbox 2109 870 2183 924; x_wconf 86' lang='lat' dir='ltr'><strong>Ea</strong></span> <span class='ocrx_word' id='word_1_137' title='bbox 2214 872 2460 942; x_wconf 46' lang='lat' dir='ltr'><strong>Apostoli‘</strong></span> <span class='ocrx_word' id='word_1_138' title='bbox 2481 875 2643 930; x_wconf 82' lang='lat' dir='ltr'><strong>verba</strong></span> <span class='ocrx_word' id='word_1_139' title='bbox 2672 878 2739 932; x_wconf 83' lang='lat' dir='ltr'><strong>de</strong></span> <span class='ocrx_word' id='word_1_140' title='bbox 2793 877 3081 937; x_wconf 86' lang='lat' dir='ltr'><strong>Servatore</strong></span> <span class='ocrx_word' id='word_1_141' title='bbox 3113 901 3126 938; x_wconf 90' lang='lat'>:</span> <span class='ocrx_word' id='word_1_142' title='bbox 3178 883 3241 938; x_wconf 86' lang='lat' dir='ltr'><strong>In</strong></span> <span class='ocrx_word' id='word_1_143' title='bbox 3268 887 3616 950; x_wconf 76' lang='lat' dir='ltr'><strong>similitudine</strong></span> 
     </span>
    </p>
   </div>
   <div class='ocr_carea' id='block_1_25' title="bbox 2038 963 3619 1050">
    <p class='ocr_par' dir='ltr' id='par_1_25' title="bbox 2038 963 3619 1050">
     <span class='ocr_line' id='line_1_25' title="bbox 2038 963 3619 1050; baseline 0.015 -36"><span class='ocrx_word' id='word_1_144' title='bbox 2038 963 2304 1016; x_wconf 81' lang='lat' dir='ltr'><strong>hominum</strong></span> <span class='ocrx_word' id='word_1_145' title='bbox 2341 966 2537 1035; x_wconf 79' lang='lat' dir='ltr'><strong>factus,</strong></span> <span class='ocrx_word' id='word_1_146' title='bbox 2560 977 2608 1020; x_wconf 87' lang='lat' dir='ltr'><strong>et</strong></span> <span class='ocrx_word' id='word_1_147' title='bbox 2661 969 2846 1022; x_wconf 80' lang='lat' dir='ltr'><strong>habitu</strong></span> <span class='ocrx_word' id='word_1_148' title='bbox 2881 973 3117 1029; x_wconf 79' lang='lat' dir='ltr'><strong>inventus</strong></span> <span class='ocrx_word' id='word_1_149' title='bbox 3149 993 3226 1050; x_wconf 10' lang='lat' dir='ltr'><strong>uti</strong></span> <span class='ocrx_word' id='word_1_150' title='bbox 3253 981 3406 1034; x_wconf 78' lang='lat' dir='ltr'><strong>homo</strong></span> <span class='ocrx_word' id='word_1_151' title='bbox 3438 984 3478 1050; x_wconf 77' lang='lat'><strong>’,</strong></span> <span class='ocrx_word' id='word_1_152' title='bbox 3527 1001 3619 1038; x_wconf 84' lang='lat' dir='ltr'><strong>ar-</strong></span> 
     </span>
    </p>
   </div>
   <div class='ocr_carea' id='block_1_26' title="bbox 2039 1049 3615 1127">
    <p class='ocr_par' dir='ltr' id='par_1_26' title="bbox 2039 1049 3615 1127">
     <span class='ocr_line' id='line_1_26' title="bbox 2039 1049 3615 1127; baseline 0.016 -23"><span class='ocrx_word' id='word_1_153' title='bbox 2039 1052 2242 1122; x_wconf 90' lang='lat' dir='ltr'><strong>ripiunt</strong></span> <span class='ocrx_word' id='word_1_154' title='bbox 2276 1055 2534 1120; x_wconf 74' lang='lat' dir='ltr'><strong>hazretici,</strong></span> <span class='ocrx_word' id='word_1_155' title='bbox 2569 1066 2626 1110; x_wconf 90' lang='lat' dir='ltr'><strong>ut</strong></span> <span class='ocrx_word' id='word_1_156' title='bbox 2659 1062 3004 1116; x_wconf 61' lang='lat' dir='ltr'><strong>exsecranda;</strong></span> <span class='ocrx_word' id='word_1_157' title='bbox 3042 1049 3302 1121; x_wconf 65' lang='lat' dir='ltr'><strong>doctrinae</strong></span> <span class='ocrx_word' id='word_1_158' title='bbox 3323 1084 3433 1125; x_wconf 70' lang='lat' dir='ltr'><strong>suae</strong></span> <span class='ocrx_word' id='word_1_159' title='bbox 3462 1049 3615 1127; x_wconf 86' lang='lat' dir='ltr'><strong>men-</strong></span> 
     </span>
    </p>
   </div>
   <div class='ocr_carea' id='block_1_27' title="bbox 2037 1142 3615 1228">
    <p class='ocr_par' dir='ltr' id='par_1_27' title="bbox 2037 1142 3615 1228">
     <span class='ocr_line' id='line_1_27' title="bbox 2037 1142 3615 1228; baseline 0.012 -32"><span class='ocrx_word' id='word_1_160' title='bbox 2037 1142 2191 1196; x_wconf 87' lang='lat' dir='ltr'><strong>dacia</strong></span> <span class='ocrx_word' id='word_1_161' title='bbox 2221 1153 2474 1198; x_wconf 86' lang='lat' dir='ltr'><strong>tueantur</strong></span> <span class='ocrx_word' id='word_1_162' title='bbox 2508 1156 2671 1215; x_wconf 78' lang='lat' dir='ltr'><strong>atque</strong></span> <span class='ocrx_word' id='word_1_163' title='bbox 2704 1149 3057 1206; x_wconf 82' lang='lat' dir='ltr'><strong>confirment.</strong></span> <span class='ocrx_word' id='word_1_164' title='bbox 3105 1151 3241 1207; x_wconf 83' lang='lat' dir='ltr'><strong>Nam</strong></span> <span class='ocrx_word' id='word_1_165' title='bbox 3271 1157 3438 1211; x_wconf 85' lang='lat' dir='ltr'><strong>Arius</strong></span> <span class='ocrx_word' id='word_1_166' title='bbox 3491 1160 3615 1228; x_wconf 80' lang='lat' dir='ltr'><strong>qui-</strong></span> 
     </span>
    </p>
   </div>
   <div class='ocr_carea' id='block_1_28' title="bbox 2036 1231 3614 1308">
    <p class='ocr_par' dir='ltr' id='par_1_28' title="bbox 2036 1231 3614 1308">
     <span class='ocr_line' id='line_1_28' title="bbox 2036 1231 3614 1308; baseline 0.012 -23"><span class='ocrx_word' id='word_1_167' title='bbox 2036 1231 2185 1298; x_wconf 87' lang='lat' dir='ltr'><strong>dem,</strong></span> <span class='ocrx_word' id='word_1_168' title='bbox 2218 1243 2272 1288; x_wconf 89' lang='lat' dir='ltr'><strong>et</strong></span> <span class='ocrx_word' id='word_1_169' title='bbox 2294 1232 2616 1298; x_wconf 85' lang='lat' dir='ltr'><strong>Eunomius,</strong></span> <span class='ocrx_word' id='word_1_170' title='bbox 2685 1247 2736 1292; x_wconf 85' lang='lat' dir='ltr'><strong>et</strong></span> <span class='ocrx_word' id='word_1_171' title='bbox 2769 1238 3138 1308; x_wconf 83' lang='lat' dir='ltr'><strong>Apollinarius</strong></span> <span class='ocrx_word' id='word_1_172' title='bbox 3203 1244 3614 1303; x_wconf 84' lang='lat' dir='ltr'><strong>similitudinem</strong></span> 
     </span>
    </p>
   </div>
   <div class='ocr_carea' id='block_1_29' title="bbox 2035 1319 3616 1409">
    <p class='ocr_par' dir='ltr' id='par_1_29' title="bbox 2035 1319 3616 1409">
     <span class='ocr_line' id='line_1_29' title="bbox 2035 1319 3616 1409; baseline 0.01 -31"><span class='ocrx_word' id='word_1_173' title='bbox 2035 1331 2091 1378; x_wconf 91' lang='lat' dir='ltr'><strong>et</strong></span> <span class='ocrx_word' id='word_1_174' title='bbox 2117 1323 2360 1379; x_wconf 88' lang='lat' dir='ltr'><strong>habitum</strong></span> <span class='ocrx_word' id='word_1_175' title='bbox 2401 1326 2480 1381; x_wconf 91' lang='lat' dir='ltr'><strong>sic</strong></span> <span class='ocrx_word' id='word_1_176' title='bbox 2508 1327 2809 1398; x_wconf 88' lang='lat' dir='ltr'><strong>accipiunt,</strong></span> <span class='ocrx_word' id='word_1_177' title='bbox 2844 1319 2904 1383; x_wconf 86' lang='lat' dir='ltr'><strong>ut</strong></span> <span class='ocrx_word' id='word_1_178' title='bbox 2967 1340 3178 1388; x_wconf 84' lang='lat' dir='ltr'><strong>naturae</strong></span> <span class='ocrx_word' id='word_1_179' title='bbox 3227 1343 3435 1390; x_wconf 82' lang='lat' dir='ltr'><strong>nostrae</strong></span> <span class='ocrx_word' id='word_1_180' title='bbox 3490 1352 3616 1409; x_wconf 89' lang='lat' dir='ltr'><strong>spe-</strong></span> 
     </span>
    </p>
   </div>
   <div class='ocr_carea' id='block_1_30' title="bbox 2033 1420 3616 1500">
    <p class='ocr_par' dir='ltr' id='par_1_30' title="bbox 2033 1420 3616 1500">
     <span class='ocr_line' id='line_1_30' title="bbox 2033 1420 3616 1500; baseline 0.011 -28"><span class='ocrx_word' id='word_1_181' title='bbox 2033 1420 2172 1474; x_wconf 88' lang='lat' dir='ltr'><strong>ciem</strong></span> <span class='ocrx_word' id='word_1_182' title='bbox 2223 1421 2488 1476; x_wconf 81' lang='lat' dir='ltr'><strong>duntaxat</strong></span> <span class='ocrx_word' id='word_1_183' title='bbox 2537 1425 2824 1491; x_wconf 81' lang='lat' dir='ltr'><strong>quamdam</strong></span> <span class='ocrx_word' id='word_1_184' title='bbox 2863 1426 3190 1496; x_wconf 74' lang='lat' dir='ltr'><strong>signiﬁcent.</strong></span> <span class='ocrx_word' id='word_1_185' title='bbox 3222 1427 3466 1500; x_wconf 78' lang='lat' dir='ltr'><strong>Reliquas</strong></span> <span class='ocrx_word' id='word_1_186' title='bbox 3518 1447 3616 1488; x_wconf 91' lang='lat' dir='ltr'><strong>au-</strong></span> 
     </span>
    </p>
   </div>
   <div class='ocr_carea' id='block_1_31' title="bbox 2035 1513 3614 1588">
    <p class='ocr_par' dir='ltr' id='par_1_31' title="bbox 2035 1513 3614 1588">
     <span class='ocr_line' id='line_1_31' title="bbox 2035 1513 3614 1588; baseline 0.008 -23"><span class='ocrx_word' id='word_1_187' title='bbox 2035 1519 2143 1565; x_wconf 84' lang='lat' dir='ltr'><strong>tem</strong></span> <span class='ocrx_word' id='word_1_188' title='bbox 2209 1513 2594 1568; x_wconf 62' lang='lat' dir='ltr'><strong>haereticorum</strong></span> <span class='ocrx_word' id='word_1_189' title='bbox 2639 1517 2813 1585; x_wconf 67' lang='lat' dir='ltr'><strong>copim</strong></span> <span class='ocrx_word' id='word_1_190' title='bbox 2853 1533 2952 1588; x_wconf 90' lang='lat' dir='ltr'><strong>per</strong></span> <span class='ocrx_word' id='word_1_191' title='bbox 2997 1519 3410 1576; x_wconf 87' lang='lat' dir='ltr'><strong>similitudinem</strong></span> <span class='ocrx_word' id='word_1_192' title='bbox 3439 1532 3493 1579; x_wconf 89' lang='lat' dir='ltr'><strong>et</strong></span> <span class='ocrx_word' id='word_1_193' title='bbox 3515 1523 3614 1580; x_wconf 74' lang='lat' dir='ltr'><strong>ha-</strong></span> 
     </span>
    </p>
   </div>
   <div class='ocr_carea' id='block_1_32' title="bbox 2031 1602 3613 1681">
    <p class='ocr_par' dir='ltr' id='par_1_32' title="bbox 2031 1602 3613 1681">
     <span class='ocr_line' id='line_1_32' title="bbox 2031 1602 3613 1681; baseline 0.008 -23"><span class='ocrx_word' id='word_1_194' title='bbox 2031 1602 2205 1658; x_wconf 86' lang='lat' dir='ltr'><strong>hitum</strong></span> <span class='ocrx_word' id='word_1_195' title='bbox 2237 1604 2485 1658; x_wconf 87' lang='lat' dir='ltr'><strong>umbram</strong></span> <span class='ocrx_word' id='word_1_196' title='bbox 2511 1607 2827 1675; x_wconf 86' lang='lat' dir='ltr'><strong>quamdam,</strong></span> <span class='ocrx_word' id='word_1_197' title='bbox 2890 1617 2949 1663; x_wconf 91' lang='lat' dir='ltr'><strong>et</strong></span> <span class='ocrx_word' id='word_1_198' title='bbox 3012 1610 3330 1681; x_wconf 78' lang='lat' dir='ltr'><strong>imaginem,</strong></span> <span class='ocrx_word' id='word_1_199' title='bbox 3377 1623 3434 1668; x_wconf 88' lang='lat' dir='ltr'><strong>et</strong></span> <span class='ocrx_word' id='word_1_200' title='bbox 3493 1613 3613 1671; x_wconf 77' lang='lat' dir='ltr'><strong>for-</strong></span> 
     </span>
    </p>
   </div>
   <div class='ocr_carea' id='block_1_33' title="bbox 2031 1697 3612 1776">
    <p class='ocr_par' dir='ltr' id='par_1_33' title="bbox 2031 1697 3612 1776">
     <span class='ocr_line' id='line_1_33' title="bbox 2031 1697 3612 1776; baseline 0.01 -28"><span class='ocrx_word' id='word_1_201' title='bbox 2031 1710 2173 1749; x_wconf 88' lang='lat' dir='ltr'><strong>mam</strong></span> <span class='ocrx_word' id='word_1_202' title='bbox 2201 1697 2416 1766; x_wconf 88' lang='lat' dir='ltr'><strong>corpori</strong></span> <span class='ocrx_word' id='word_1_203' title='bbox 2446 1697 2676 1753; x_wconf 87' lang='lat' dir='ltr'><strong>similem</strong></span> <span class='ocrx_word' id='word_1_204' title='bbox 2709 1699 3165 1770; x_wconf 87' lang='lat' dir='ltr'><strong>interpretantur.</strong></span> <span class='ocrx_word' id='word_1_205' title='bbox 3197 1705 3264 1759; x_wconf 90' lang='lat' dir='ltr'><strong>Et</strong></span> <span class='ocrx_word' id='word_1_206' title='bbox 3319 1717 3440 1776; x_wconf 90' lang='lat' dir='ltr'><strong>post</strong></span> <span class='ocrx_word' id='word_1_207' title='bbox 3461 1707 3566 1763; x_wconf 88' lang='lat' dir='ltr'><strong>alia</strong></span> <span class='ocrx_word' id='word_1_208' title='bbox 3593 1724 3612 1764; x_wconf 91' lang='lat'><strong>:</strong></span> 
     </span>
    </p>
   </div>
   <div class='ocr_carea' id='block_1_34' title="bbox 2029 1787 3610 1860">
    <p class='ocr_par' dir='ltr' id='par_1_34' title="bbox 2029 1787 3610 1860">
     <span class='ocr_line' id='line_1_34' title="bbox 2029 1787 3610 1860; baseline 0.008 -19"><span class='ocrx_word' id='word_1_209' title='bbox 2029 1787 2138 1842; x_wconf 87' lang='lat' dir='ltr'><strong>Nos</strong></span> <span class='ocrx_word' id='word_1_210' title='bbox 2163 1797 2345 1842; x_wconf 89' lang='lat' dir='ltr'><strong>autem</strong></span> <span class='ocrx_word' id='word_1_211' title='bbox 2377 1789 2431 1842; x_wconf 90' lang='lat' dir='ltr'><strong>in</strong></span> <span class='ocrx_word' id='word_1_212' title='bbox 2461 1790 2818 1845; x_wconf 82' lang='lat' dir='ltr'><strong>similitudine</strong></span> <span class='ocrx_word' id='word_1_213' title='bbox 2853 1791 3089 1847; x_wconf 86' lang='lat' dir='ltr'><strong>hominis</strong></span> <span class='ocrx_word' id='word_1_214' title='bbox 3123 1793 3349 1860; x_wconf 79' lang='lat' dir='ltr'><strong>factum,</strong></span> <span class='ocrx_word' id='word_1_215' title='bbox 3385 1807 3443 1852; x_wconf 87' lang='lat' dir='ltr'><strong>et</strong></span> <span class='ocrx_word' id='word_1_216' title='bbox 3507 1799 3610 1854; x_wconf 85' lang='lat' dir='ltr'><strong>ha-</strong></span> 
     </span>
    </p>
   </div>
   <div class='ocr_carea' id='block_1_35' title="bbox 2029 1878 3614 1953">
    <p class='ocr_par' dir='ltr' id='par_1_35' title="bbox 2029 1878 3614 1953">
     <span class='ocr_line' id='line_1_35' title="bbox 2029 1878 3614 1953; baseline 0.009 -22"><span class='ocrx_word' id='word_1_217' title='bbox 2029 1878 2145 1932; x_wconf 90' lang='lat' dir='ltr'><strong>bitu</strong></span> <span class='ocrx_word' id='word_1_218' title='bbox 2189 1878 2470 1934; x_wconf 82' lang='lat' dir='ltr'><strong>inventum</strong></span> <span class='ocrx_word' id='word_1_219' title='bbox 2504 1881 2619 1936; x_wconf 83' lang='lat' dir='ltr'><strong>sive</strong></span> <span class='ocrx_word' id='word_1_220' title='bbox 2667 1881 2942 1952; x_wconf 86' lang='lat' dir='ltr'><strong>cognitum</strong></span> <span class='ocrx_word' id='word_1_221' title='bbox 2983 1893 3045 1937; x_wconf 91' lang='lat' dir='ltr'><strong>ut</strong></span> <span class='ocrx_word' id='word_1_222' title='bbox 3081 1883 3381 1953; x_wconf 84' lang='lat' dir='ltr'><strong>hominem,</strong></span> <span class='ocrx_word' id='word_1_223' title='bbox 3417 1887 3496 1944; x_wconf 88' lang='lat' dir='ltr'><strong>sic</strong></span> <span class='ocrx_word' id='word_1_224' title='bbox 3529 1891 3614 1945; x_wconf 87' lang='lat' dir='ltr'><strong>in-</strong></span> 
     </span>
    </p>
   </div>
   <div class='ocr_carea' id='block_1_36' title="bbox 353 1966 1933 2050">
    <p class='ocr_par' dir='ltr' id='par_1_36' title="bbox 353 1977 1931 2050">
     <span class='ocr_line' id='line_1_36' title="bbox 353 1977 1931 2050; baseline 0.001 -23"><span class='ocrx_word' id='word_1_225' title='bbox 353 1977 605 2048; x_wconf 71' lang='grc' dir='ltr'>σχήματι</span> <span class='ocrx_word' id='word_1_226' title='bbox 635 1977 946 2048; x_wconf 82' lang='grc' dir='ltr'>εὑρεθῆναι,</span> <span class='ocrx_word' id='word_1_227' title='bbox 977 1979 1095 2048; x_wconf 71' lang='grc' dir='ltr'><strong>ἦτοι</strong></span> <span class='ocrx_word' id='word_1_228' title='bbox 1125 1980 1496 2050; x_wconf 82' lang='grc' dir='ltr'>γνωρισθῆναι</span> <span class='ocrx_word' id='word_1_229' title='bbox 1528 1980 1602 2041; x_wconf 82' lang='grc' dir='ltr'><strong>ὡ;</strong></span> <span class='ocrx_word' id='word_1_230' title='bbox 1623 1979 1931 2050; x_wconf 79' lang='grc' dir='ltr'>ἄνθρωπον,</span> 
     </span>
    </p>
   </div>
   <div class='ocr_carea' id='block_1_37' title="bbox 2033 1966 3612 2050">
    <p class='ocr_par' dir='ltr' id='par_1_37' title="bbox 2040 1966 3612 2047">
     <span class='ocr_line' id='line_1_37' title="bbox 2040 1966 3612 2047; baseline 0.01 -27"><span class='ocrx_word' id='word_1_231' title='bbox 2040 1966 2355 2037; x_wconf 87' lang='lat' dir='ltr'><strong>telligimus,</strong></span> <span class='ocrx_word' id='word_1_232' title='bbox 2403 1979 2463 2023; x_wconf 89' lang='lat' dir='ltr'><strong>ut</strong></span> <span class='ocrx_word' id='word_1_233' title='bbox 2512 1978 2763 2024; x_wconf 88' lang='lat' dir='ltr'><strong>naturam</strong></span> <span class='ocrx_word' id='word_1_234' title='bbox 2829 1981 3073 2026; x_wconf 88' lang='lat' dir='ltr'><strong>nostram</strong></span> <span class='ocrx_word' id='word_1_235' title='bbox 3133 1979 3507 2047; x_wconf 89' lang='lat' dir='ltr'><strong>assumpserit,</strong></span> <span class='ocrx_word' id='word_1_236' title='bbox 3555 1989 3612 2035; x_wconf 88' lang='lat' dir='ltr'><strong>et</strong></span> 
     </span>
    </p>
   </div>
   <div class='ocr_carea' id='block_1_38' title="bbox 351 2068 1934 2141">
    <p class='ocr_par' dir='ltr' id='par_1_38' title="bbox 351 2068 1934 2141">
     <span class='ocr_line' id='line_1_38' title="bbox 351 2068 1934 2141; baseline 0.003 -21"><span class='ocrx_word' id='word_1_237' title='bbox 351 2069 504 2122; x_wconf 75' lang='grc' dir='ltr'><strong>οὕτω</strong></span> <span class='ocrx_word' id='word_1_238' title='bbox 540 2071 829 2141; x_wconf 81' lang='grc' dir='ltr'>νοήσωμεν</span> <span class='ocrx_word' id='word_1_239' title='bbox 855 2083 870 2098; x_wconf 90' lang='grc'><strong>·</strong></span> <span class='ocrx_word' id='word_1_240' title='bbox 912 2070 996 2124; x_wconf 85' lang='grc' dir='ltr'>ὅτι</span> <span class='ocrx_word' id='word_1_241' title='bbox 1044 2071 1144 2139; x_wconf 82' lang='grc' dir='ltr'><strong>τὴν</strong></span> <span class='ocrx_word' id='word_1_242' title='bbox 1180 2073 1462 2140; x_wconf 76' lang='grc' dir='ltr'><strong>ἡμετέραν</strong></span> <span class='ocrx_word' id='word_1_243' title='bbox 1493 2068 1657 2139; x_wconf 86' lang='grc' dir='ltr'>φύσιν</span> <span class='ocrx_word' id='word_1_244' title='bbox 1693 2068 1934 2140; x_wconf 74' lang='grc' dir='ltr'>προσλα-</span> 
     </span>
    </p>
   </div>
   <div class='ocr_carea' id='block_1_39' title="bbox 353 2161 1933 2235">
    <p class='ocr_par' dir='ltr' id='par_1_39' title="bbox 353 2161 1933 2235">
     <span class='ocr_line' id='line_1_39' title="bbox 353 2161 1933 2235; baseline 0.001 -19"><span class='ocrx_word' id='word_1_245' title='bbox 353 2164 490 2230; x_wconf 69' lang='grc' dir='ltr'>ϐὼν,</span> <span class='ocrx_word' id='word_1_246' title='bbox 530 2165 621 2217; x_wconf 73' lang='grc' dir='ltr'>καὶ</span> <span class='ocrx_word' id='word_1_247' title='bbox 652 2165 766 2228; x_wconf 71' lang='lat' dir='ltr'><strong>tuo;</strong></span> <span class='ocrx_word' id='word_1_248' title='bbox 822 2166 961 2234; x_wconf 81' lang='grc' dir='ltr'>ἡμῖν</span> <span class='ocrx_word' id='word_1_249' title='bbox 1013 2161 1101 2235; x_wconf 80' lang='grc' dir='ltr'>ἦν,</span> <span class='ocrx_word' id='word_1_250' title='bbox 1150 2166 1245 2217; x_wconf 77' lang='grc' dir='ltr'>καὶ</span> <span class='ocrx_word' id='word_1_251' title='bbox 1289 2165 1508 2234; x_wconf 81' lang='grc' dir='ltr'>ὃμοιος⁶</span> <span class='ocrx_word' id='word_1_252' title='bbox 1560 2166 1672 2228; x_wconf 74' lang='lat' dir='ltr'><strong>tuo;</strong></span> <span class='ocrx_word' id='word_1_253' title='bbox 1706 2167 1826 2235; x_wconf 82' lang='grc' dir='ltr'>μὲν,</span> <span class='ocrx_word' id='word_1_254' title='bbox 1857 2166 1933 2229; x_wconf 81' lang='grc' dir='ltr'>ὡς</span> 
     </span>
    </p>
   </div>
   <div class='ocr_carea' id='block_1_40' title="bbox 355 2254 1926 2329">
    <p class='ocr_par' dir='ltr' id='par_1_40' title="bbox 355 2254 1926 2329">
     <span class='ocr_line' id='line_1_40' title="bbox 355 2254 1926 2329; baseline 0 -19"><span class='ocrx_word' id='word_1_255' title='bbox 355 2259 580 2329; x_wconf 73' lang='grc' dir='ltr'>μορφὴν</span> <span class='ocrx_word' id='word_1_256' title='bbox 633 2259 823 2311; x_wconf 84' lang='grc' dir='ltr'>δούλου</span> <span class='ocrx_word' id='word_1_257' title='bbox 893 2254 1098 2320; x_wconf 76' lang='grc' dir='ltr'>λαδὼν,</span> <span class='ocrx_word' id='word_1_258' title='bbox 1139 2256 1308 2326; x_wconf 71' lang='grc' dir='ltr'>ἤγουν</span> <span class='ocrx_word' id='word_1_259' title='bbox 1379 2257 1544 2327; x_wconf 72' lang='grc' dir='ltr'>φύσιν</span> <span class='ocrx_word' id='word_1_260' title='bbox 1595 2257 1926 2328; x_wconf 83' lang='grc' dir='ltr'>ἀνθρώπου·</span> 
     </span>
    </p>
   </div>
   <div class='ocr_carea' id='block_1_41' title="bbox 351 2351 1933 2423">
    <p class='ocr_par' dir='ltr' id='par_1_41' title="bbox 351 2351 1933 2423">
     <span class='ocr_line' id='line_1_41' title="bbox 351 2351 1933 2423; baseline -0.002 -16"><span class='ocrx_word' id='word_1_261' title='bbox 351 2356 547 2423; x_wconf 77' lang='grc' dir='ltr'>ὅμοιος</span> <span class='ocrx_word' id='word_1_262' title='bbox 604 2351 680 2414; x_wconf 84' lang='grc' dir='ltr'>δὲ,</span> <span class='ocrx_word' id='word_1_263' title='bbox 720 2352 798 2415; x_wconf 82' lang='grc' dir='ltr'><strong>ὡς</strong></span> <span class='ocrx_word' id='word_1_264' title='bbox 846 2352 966 2422; x_wconf 83' lang='grc' dir='ltr'>δίχα</span> <span class='ocrx_word' id='word_1_265' title='bbox 1023 2353 1361 2422; x_wconf 79' lang='grc' dir='ltr'>σπέρματος.</span> <span class='ocrx_word' id='word_1_266' title='bbox 1419 2352 1492 2404; x_wconf 67' lang='lat' dir='ltr'><strong>To</strong></span> <span class='ocrx_word' id='word_1_267' title='bbox 1549 2352 1648 2421; x_wconf 87' lang='grc' dir='ltr'><strong>μὲν</strong></span> <span class='ocrx_word' id='word_1_268' title='bbox 1709 2353 1818 2422; x_wconf 86' lang='grc' dir='ltr'>γὰρ</span> <span class='ocrx_word' id='word_1_269' title='bbox 1865 2353 1933 2404; x_wconf 74' lang='grc' dir='ltr'>ἐκ</span> 
     </span>
    </p>
   </div>
   <div class='ocr_carea' id='block_1_42' title="bbox 353 2443 1932 2515">
    <p class='ocr_par' dir='ltr' id='par_1_42' title="bbox 353 2443 1932 2515">
     <span class='ocr_line' id='line_1_42' title="bbox 353 2443 1932 2515; baseline -0.002 -17"><span class='ocrx_word' id='word_1_270' title='bbox 353 2444 620 2515; x_wconf 78' lang='grc' dir='ltr'>γυναικὸς</span> <span class='ocrx_word' id='word_1_271' title='bbox 672 2443 1037 2515; x_wconf 80' lang='grc' dir='ltr'>ἀνθρώπινον,</span> <span class='ocrx_word' id='word_1_272' title='bbox 1095 2444 1156 2498; x_wconf 85' lang='grc' dir='ltr'><strong>τὸ</strong></span> <span class='ocrx_word' id='word_1_273' title='bbox 1205 2445 1263 2498; x_wconf 78' lang='grc' dir='ltr'>δὲ</span> <span class='ocrx_word' id='word_1_274' title='bbox 1321 2447 1385 2498; x_wconf 81' lang='grc' dir='ltr'>ὲκ</span> <span class='ocrx_word' id='word_1_275' title='bbox 1440 2445 1716 2514; x_wconf 79' lang='grc' dir='ltr'><strong>παρθένου</strong></span> <span class='ocrx_word' id='word_1_276' title='bbox 1789 2443 1932 2512; x_wconf 75' lang='grc' dir='ltr'>ὑπὲρ</span> 
     </span>
    </p>
   </div>
   <div class='ocr_carea' id='block_1_43' title="bbox 351 2529 1932 2608">
    <p class='ocr_par' dir='ltr' id='par_1_43' title="bbox 351 2529 1932 2608">
     <span class='ocr_line' id='line_1_43' title="bbox 351 2529 1932 2608; baseline -0.004 -16"><span class='ocrx_word' id='word_1_277' title='bbox 351 2537 668 2608; x_wconf 80' lang='grc' dir='ltr'>ἄνθρωπον.</span> <span class='ocrx_word' id='word_1_278' title='bbox 731 2535 823 2588; x_wconf 84' lang='grc' dir='ltr'>Ἐν</span> <span class='ocrx_word' id='word_1_279' title='bbox 883 2535 1191 2606; x_wconf 84' lang='grc' dir='ltr'><strong>ὁμοιώματι</strong></span> <span class='ocrx_word' id='word_1_280' title='bbox 1246 2537 1345 2606; x_wconf 85' lang='grc' dir='ltr'>μὲν</span> <span class='ocrx_word' id='word_1_281' title='bbox 1404 2530 1498 2588; x_wconf 80' lang='grc' dir='ltr'>οὖν</span> <span class='ocrx_word' id='word_1_282' title='bbox 1551 2531 1694 2600; x_wconf 83' lang='grc' dir='ltr'>εἷπε,</span> <span class='ocrx_word' id='word_1_283' title='bbox 1729 2529 1816 2586; x_wconf 79' lang='grc' dir='ltr'><strong>διὰ</strong></span> <span class='ocrx_word' id='word_1_284' title='bbox 1870 2533 1932 2585; x_wconf 70' lang='grc' dir='ltr'>τὺ</span> 
     </span>
    </p>
   </div>
   <div class='ocr_carea' id='block_1_44' title="bbox 347 2622 1932 2698">
    <p class='ocr_par' dir='ltr' id='par_1_44' title="bbox 347 2622 1932 2698">
     <span class='ocr_line' id='line_1_44' title="bbox 347 2622 1932 2698; baseline -0.003 -16"><span class='ocrx_word' id='word_1_285' title='bbox 347 2629 526 2682; x_wconf 74' lang='grc' dir='ltr'>τᾶλλα</span> <span class='ocrx_word' id='word_1_286' title='bbox 575 2628 676 2698; x_wconf 77' lang='grc' dir='ltr'><strong>μὲν</strong></span> <span class='ocrx_word' id='word_1_287' title='bbox 733 2628 845 2680; x_wconf 74' lang='grc' dir='ltr'>ἴσον</span> <span class='ocrx_word' id='word_1_288' title='bbox 898 2629 1031 2697; x_wconf 79' lang='grc' dir='ltr'>ἡμῖν</span> <span class='ocrx_word' id='word_1_289' title='bbox 1075 2622 1217 2680; x_wconf 74' lang='grc' dir='ltr'>εἶναι</span> <span class='ocrx_word' id='word_1_290' title='bbox 1276 2626 1418 2681; x_wconf 63' lang='grc' dir='ltr'>κατὰ</span> <span class='ocrx_word' id='word_1_291' title='bbox 1465 2627 1565 2698; x_wconf 85' lang='grc' dir='ltr'>τὴν</span> <span class='ocrx_word' id='word_1_292' title='bbox 1608 2627 1793 2696; x_wconf 83' lang='grc' dir='ltr'>φύσιν,</span> <span class='ocrx_word' id='word_1_293' title='bbox 1830 2626 1932 2679; x_wconf 76' lang='grc' dir='ltr'>οὐκ</span> 
     </span>
    </p>
   </div>
   <div class='ocr_carea' id='block_1_45' title="bbox 350 2720 1931 2792">
    <p class='ocr_par' dir='ltr' id='par_1_45' title="bbox 350 2720 1931 2792">
     <span class='ocr_line' id='line_1_45' title="bbox 350 2720 1931 2792; baseline -0.002 -17"><span class='ocrx_word' id='word_1_294' title='bbox 350 2725 471 2792; x_wconf 73' lang='grc' dir='ltr'><strong>ἔχει</strong></span> <span class='ocrx_word' id='word_1_295' title='bbox 494 2722 549 2774; x_wconf 82' lang='grc' dir='ltr'>δὲ</span> <span class='ocrx_word' id='word_1_296' title='bbox 596 2723 658 2774; x_wconf 74' lang='grc' dir='ltr'><strong>τὸ</strong></span> <span class='ocrx_word' id='word_1_297' title='bbox 711 2723 775 2774; x_wconf 83' lang='grc' dir='ltr'>ὲκ</span> <span class='ocrx_word' id='word_1_298' title='bbox 821 2723 1136 2792; x_wconf 79' lang='grc' dir='ltr'>σπέρματος</span> <span class='ocrx_word' id='word_1_299' title='bbox 1181 2721 1530 2775; x_wconf 77' lang='grc' dir='ltr'><strong>συνεστάναι.</strong></span> <span class='ocrx_word' id='word_1_300' title='bbox 1570 2721 1644 2773; x_wconf 79' lang='grc' dir='ltr'>Τὸ</span> <span class='ocrx_word' id='word_1_301' title='bbox 1693 2720 1825 2775; x_wconf 80' lang='grc' dir='ltr'><strong>αὐτὸ</strong></span> <span class='ocrx_word' id='word_1_302' title='bbox 1873 2720 1931 2772; x_wconf 84' lang='grc' dir='ltr'>δὲ</span> 
     </span>
    </p>
   </div>
   <div class='ocr_carea' id='block_1_46' title="bbox 347 2811 1929 2884">
    <p class='ocr_par' dir='ltr' id='par_1_46' title="bbox 347 2811 1929 2884">
     <span class='ocr_line' id='line_1_46' title="bbox 347 2811 1929 2884; baseline -0.001 -18"><span class='ocrx_word' id='word_1_303' title='bbox 347 2815 508 2884; x_wconf 81' lang='grc' dir='ltr'>δηλοῖ</span> <span class='ocrx_word' id='word_1_304' title='bbox 553 2813 648 2866; x_wconf 84' lang='grc' dir='ltr'>καὶ</span> <span class='ocrx_word' id='word_1_305' title='bbox 710 2813 770 2865; x_wconf 76' lang='grc' dir='ltr'><strong>τὸ</strong></span> <span class='ocrx_word' id='word_1_306' title='bbox 828 2812 1095 2882; x_wconf 80' lang='grc' dir='ltr'><strong>Σχήματι</strong></span> <span class='ocrx_word' id='word_1_307' title='bbox 1169 2811 1427 2880; x_wconf 73' lang='grc' dir='ltr'>εὑρεθεὶς</span> <span class='ocrx_word' id='word_1_308' title='bbox 1475 2813 1556 2878; x_wconf 84' lang='grc' dir='ltr'>ὼς</span> <span class='ocrx_word' id='word_1_309' title='bbox 1598 2811 1929 2880; x_wconf 81' lang='grc' dir='ltr'>ἅνθρωπος.</span> 
     </span>
    </p>
   </div>
   <div class='ocr_carea' id='block_1_47' title="bbox 349 2904 1932 2976">
    <p class='ocr_par' dir='ltr' id='par_1_47' title="bbox 349 2904 1932 2976">
     <span class='ocr_line' id='line_1_47' title="bbox 349 2904 1932 2976; baseline -0.001 -17"><span class='ocrx_word' id='word_1_310' title='bbox 349 2907 552 2976; x_wconf 78' lang='grc' dir='ltr'>Σχῆμα</span> <span class='ocrx_word' id='word_1_311' title='bbox 585 2924 617 2974; x_wconf 89' lang='grc' dir='ltr'><strong>γ</strong></span> <span class='ocrx_word' id='word_1_312' title='bbox 660 2924 692 2974; x_wconf 89' lang='grc' dir='ltr'><strong>ρ</strong></span> <span class='ocrx_word' id='word_1_313' title='bbox 720 2907 882 2959; x_wconf 74' lang='grc' dir='ltr'>πάλιν</span> <span class='ocrx_word' id='word_1_314' title='bbox 911 2905 1055 2974; x_wconf 84' lang='grc' dir='ltr'>εἷπε,</span> <span class='ocrx_word' id='word_1_315' title='bbox 1083 2907 1219 2960; x_wconf 82' lang='grc' dir='ltr'><strong>διότι</strong></span> <span class='ocrx_word' id='word_1_316' title='bbox 1253 2909 1302 2959; x_wconf 85' lang='grc' dir='ltr'>εί</span> <span class='ocrx_word' id='word_1_317' title='bbox 1353 2908 1448 2960; x_wconf 78' lang='grc' dir='ltr'>καὶ</span> <span class='ocrx_word' id='word_1_318' title='bbox 1487 2905 1546 2959; x_wconf 82' lang='grc' dir='ltr'><strong>τὸ</strong></span> <span class='ocrx_word' id='word_1_319' title='bbox 1587 2904 1932 2976; x_wconf 84' lang='grc' dir='ltr'>ἀνθρώπινον</span> 
     </span>
    </p>
   </div>
   <div class='ocr_carea' id='block_1_48' title="bbox 351 2992 1932 3070">
    <p class='ocr_par' dir='ltr' id='par_1_48' title="bbox 351 2992 1932 3070">
     <span class='ocr_line' id='line_1_48' title="bbox 351 2992 1932 3070; baseline -0.002 -18"><span class='ocrx_word' id='word_1_320' title='bbox 351 2995 496 3064; x_wconf 81' lang='grc' dir='ltr'>εἶδος</span> <span class='ocrx_word' id='word_1_321' title='bbox 529 2994 663 3068; x_wconf 72' lang='grc' dir='ltr'>εἶχε,</span> <span class='ocrx_word' id='word_1_322' title='bbox 689 2999 783 3052; x_wconf 75' lang='grc' dir='ltr'>καὶ</span> <span class='ocrx_word' id='word_1_323' title='bbox 809 2999 1028 3070; x_wconf 81' lang='grc' dir='ltr'>ἀληθῶς</span> <span class='ocrx_word' id='word_1_324' title='bbox 1068 3000 1200 3054; x_wconf 76' lang='grc' dir='ltr'>αὐτὸ</span> <span class='ocrx_word' id='word_1_325' title='bbox 1231 2997 1644 3069; x_wconf 72' lang='grc' dir='ltr'>περιεϐέϐλητο,</span> <span class='ocrx_word' id='word_1_326' title='bbox 1680 2996 1796 3051; x_wconf 82' lang='grc' dir='ltr'>ἀλλ’</span> <span class='ocrx_word' id='word_1_327' title='bbox 1839 2992 1932 3050; x_wconf 81' lang='grc' dir='ltr'>οὖν</span> 
     </span>
    </p>
   </div>
   <div class='ocr_carea' id='block_1_49' title="bbox 350 3087 1929 3164">
    <p class='ocr_par' dir='ltr' id='par_1_49' title="bbox 350 3087 1929 3164">
     <span class='ocr_line' id='line_1_49' title="bbox 350 3087 1929 3164; baseline -0.001 -19"><span class='ocrx_word' id='word_1_328' title='bbox 350 3093 521 3147; x_wconf 73' lang='grc' dir='ltr'><strong>⁴πλέον</strong></span> <span class='ocrx_word' id='word_1_329' title='bbox 557 3090 704 3162; x_wconf 72' lang='grc' dir='ltr'>εἶχεν</span> <span class='ocrx_word' id='word_1_330' title='bbox 753 3093 1045 3164; x_wconf 81' lang='grc' dir='ltr'>ἀνθρώπου</span> <span class='ocrx_word' id='word_1_331' title='bbox 1092 3093 1169 3163; x_wconf 81' lang='grc' dir='ltr'><strong>τῷ</strong></span> <span class='ocrx_word' id='word_1_332' title='bbox 1223 3094 1297 3163; x_wconf 78' lang='grc' dir='ltr'><strong>μὴ</strong></span> <span class='ocrx_word' id='word_1_333' title='bbox 1347 3093 1504 3163; x_wconf 70' lang='grc' dir='ltr'>ψιλὸν</span> <span class='ocrx_word' id='word_1_334' title='bbox 1558 3091 1718 3145; x_wconf 67' lang='grc' dir='ltr'>αὑτὸν</span> <span class='ocrx_word' id='word_1_335' title='bbox 1766 3087 1929 3156; x_wconf 76' lang='grc' dir='ltr'>εἶναι,</span> 
     </span>
    </p>
   </div>
   <div class='ocr_carea' id='block_1_50' title="bbox 352 3186 1924 3261">
    <p class='ocr_par' dir='ltr' id='par_1_50' title="bbox 352 3186 1924 3261">
     <span class='ocr_line' id='line_1_50' title="bbox 352 3186 1924 3261; baseline -0.003 -19"><span class='ocrx_word' id='word_1_336' title='bbox 352 3187 477 3243; x_wconf 79' lang='grc' dir='ltr'>ἀλλ’</span> <span class='ocrx_word' id='word_1_337' title='bbox 513 3190 796 3261; x_wconf 73' lang='grc' dir='ltr'>ἡνωμένον</span> <span class='ocrx_word' id='word_1_338' title='bbox 825 3187 1060 3248; x_wconf 81' lang='grc' dir='ltr'><strong>θεότητι.</strong></span> <span class='ocrx_word' id='word_1_339' title='bbox 1092 3187 1228 3242; x_wconf 79' lang='grc' dir='ltr'>Είδὲ</span> <span class='ocrx_word' id='word_1_340' title='bbox 1262 3189 1400 3242; x_wconf 86' lang='grc' dir='ltr'>κατὰ</span> <span class='ocrx_word' id='word_1_341' title='bbox 1429 3186 1730 3255; x_wconf 79' lang='grc' dir='ltr'><strong>φαντασίαν</strong></span> <span class='ocrx_word' id='word_1_342' title='bbox 1774 3186 1924 3239; x_wconf 75' lang='grc' dir='ltr'>ἐναν-</span> 
     </span>
    </p>
   </div>
   <div class='ocr_carea' id='block_1_51' title="bbox 352 3276 2006 3350">
    <p class='ocr_par' dir='ltr' id='par_1_51' title="bbox 352 3276 2006 3350">
     <span class='ocr_line' id='line_1_51' title="bbox 352 3276 2006 3350; baseline -0.002 -16"><span class='ocrx_word' id='word_1_343' title='bbox 352 3280 648 3350; x_wconf 77' lang='grc' dir='ltr'>θρωπῆσαι</span> <span class='ocrx_word' id='word_1_344' title='bbox 700 3281 793 3332; x_wconf 80' lang='grc' dir='ltr'>τὸν</span> <span class='ocrx_word' id='word_1_345' title='bbox 817 3279 1045 3348; x_wconf 78' lang='grc' dir='ltr'><strong>Σωτῆρα</strong></span> <span class='ocrx_word' id='word_1_346' title='bbox 1094 3278 1574 3348; x_wconf 73' lang='grc' dir='ltr'>δεξόμεθα,μάτην</span> <span class='ocrx_word' id='word_1_347' title='bbox 1616 3278 1664 3330; x_wconf 90' lang='grc' dir='ltr'><strong>οί</strong></span> <span class='ocrx_word' id='word_1_348' title='bbox 1707 3276 1936 3330; x_wconf 78' lang='grc' dir='ltr'>ἁπόστο·</span> <span class='ocrx_word' id='word_1_349' title='bbox 1965 3291 2006 3350; x_wconf 81' lang='lat' dir='ltr'>c</span> 
     </span>
    </p>
   </div>
   <div class='ocr_carea' id='block_1_52' title="bbox 355 3369 1937 3442">
    <p class='ocr_par' dir='ltr' id='par_1_52' title="bbox 355 3369 1937 3442">
     <span class='ocr_line' id='line_1_52' title="bbox 355 3369 1937 3442; baseline -0.003 -17"><span class='ocrx_word' id='word_1_350' title='bbox 355 3374 467 3439; x_wconf 87' lang='grc' dir='ltr'>λοι,</span> <span class='ocrx_word' id='word_1_351' title='bbox 500 3373 681 3442; x_wconf 78' lang='grc' dir='ltr'>μάτην</span> <span class='ocrx_word' id='word_1_352' title='bbox 700 3371 761 3422; x_wconf 73' lang='grc' dir='ltr'><strong>τὸ</strong></span> <span class='ocrx_word' id='word_1_353' title='bbox 801 3371 1088 3439; x_wconf 82' lang='grc' dir='ltr'>κήρυγμα,</span> <span class='ocrx_word' id='word_1_354' title='bbox 1123 3370 1216 3423; x_wconf 76' lang='grc' dir='ltr'>καὶ</span> <span class='ocrx_word' id='word_1_355' title='bbox 1241 3371 1519 3440; x_wconf 84' lang='grc' dir='ltr'><strong>συντόμως</strong></span> <span class='ocrx_word' id='word_1_356' title='bbox 1555 3370 1731 3423; x_wconf 78' lang='grc' dir='ltr'>εἰπεῖν</span> <span class='ocrx_word' id='word_1_357' title='bbox 1759 3369 1814 3422; x_wconf 84' lang='grc' dir='ltr'><strong>οί</strong></span> <span class='ocrx_word' id='word_1_358' title='bbox 1846 3385 1937 3439; x_wconf 86' lang='grc' dir='ltr'><strong>χε-</strong></span> 
     </span>
    </p>
   </div>
   <div class='ocr_carea' id='block_1_53' title="bbox 350 3463 1245 3535">
    <p class='ocr_par' dir='ltr' id='par_1_53' title="bbox 350 3463 1245 3535">
     <span class='ocr_line' id='line_1_53' title="bbox 350 3463 1245 3535; baseline -0.002 -17"><span class='ocrx_word' id='word_1_359' title='bbox 350 3483 446 3519; x_wconf 69' lang='lat' dir='ltr'><strong>ut</strong></span> <span class='ocrx_word' id='word_1_360' title='bbox 483 3466 654 3518; x_wconf 80' lang='grc' dir='ltr'>πᾶσιν</span> <span class='ocrx_word' id='word_1_361' title='bbox 685 3465 720 3535; x_wconf 76' lang='grc' dir='ltr'>ἡ</span> <span class='ocrx_word' id='word_1_362' title='bbox 754 3466 1027 3535; x_wconf 72' lang='grc' dir='ltr'><strong>σωτηρίας</strong></span> <span class='ocrx_word' id='word_1_363' title='bbox 1068 3463 1245 3526; x_wconf 77' lang='grc' dir='ltr'>ἐλπίς.</span> 
     </span>
    </p>
   </div>
   <div class='ocr_carea' id='block_1_54' title="bbox 890 3707 1397 3780">
    <p class='ocr_par' dir='ltr' id='par_1_54' title="bbox 890 3707 1397 3780">
     <span class='ocr_line' id='line_1_54' title="bbox 890 3707 1397 3780; baseline -0.002 -15"><span class='ocrx_word' id='word_1_364' title='bbox 890 3710 1240 3780; x_wconf 72' lang='grc' dir='ltr'><strong>Κεφάλαιον</strong></span> <span class='ocrx_word' id='word_1_365' title='bbox 1285 3707 1397 3765; x_wconf 68' lang='grc' dir='ltr'><strong>κϐ.</strong></span> 
     </span>
    </p>
   </div>
   <div class='ocr_carea' id='block_1_55' title="bbox 499 3780 1804 3851">
    <p class='ocr_par' dir='ltr' id='par_1_55' title="bbox 499 3780 1804 3851">
     <span class='ocr_line' id='line_1_55' title="bbox 499 3780 1804 3851; baseline 0.001 -14"><span class='ocrx_word' id='word_1_366' title='bbox 499 3785 635 3838; x_wconf 82' lang='grc' dir='ltr'><strong>Ἔτι</strong></span> <span class='ocrx_word' id='word_1_367' title='bbox 667 3780 818 3836; x_wconf 81' lang='grc' dir='ltr'>κατὰ</span> <span class='ocrx_word' id='word_1_368' title='bbox 846 3781 964 3835; x_wconf 79' lang='grc' dir='ltr'><strong>τῶν</strong></span> <span class='ocrx_word' id='word_1_369' title='bbox 992 3780 1211 3845; x_wconf 80' lang='grc' dir='ltr'>αὐτῶν,</span> <span class='ocrx_word' id='word_1_370' title='bbox 1244 3782 1349 3835; x_wconf 84' lang='grc' dir='ltr'><strong>τοῦ</strong></span> <span class='ocrx_word' id='word_1_371' title='bbox 1381 3783 1804 3851; x_wconf 77' lang='grc' dir='ltr'><strong>Δαμασκηνοῦ.</strong></span> 
     </span>
    </p>
   </div>
   <div class='ocr_carea' id='block_1_56' title="bbox 429 3873 1931 3948">
    <p class='ocr_par' dir='ltr' id='par_1_56' title="bbox 429 3873 1931 3948">
     <span class='ocr_line' id='line_1_56' title="bbox 429 3873 1931 3948; baseline 0.001 -17"><span class='ocrx_word' id='word_1_372' title='bbox 429 3875 557 3932; x_wconf 86' lang='grc' dir='ltr'>Ὀτι</span> <span class='ocrx_word' id='word_1_373' title='bbox 595 3878 658 3930; x_wconf 79' lang='grc' dir='ltr'><strong>οὐ</strong></span> <span class='ocrx_word' id='word_1_374' title='bbox 693 3875 791 3930; x_wconf 86' lang='grc' dir='ltr'>δύο</span> <span class='ocrx_word' id='word_1_375' title='bbox 820 3877 1006 3946; x_wconf 78' lang='grc' dir='ltr'>ἀρχαὶ,</span> <span class='ocrx_word' id='word_1_376' title='bbox 1045 3874 1147 3944; x_wconf 89' lang='grc' dir='ltr'>μία</span> <span class='ocrx_word' id='word_1_377' title='bbox 1179 3873 1382 3946; x_wconf 78' lang='grc' dir='ltr'>ἀγαθὴ,</span> <span class='ocrx_word' id='word_1_378' title='bbox 1421 3875 1516 3928; x_wconf 78' lang='grc' dir='ltr'>καὶ</span> <span class='ocrx_word' id='word_1_379' title='bbox 1556 3876 1656 3946; x_wconf 86' lang='grc' dir='ltr'>μία</span> <span class='ocrx_word' id='word_1_380' title='bbox 1696 3876 1931 3948; x_wconf 84' lang='grc' dir='ltr'>πονηρὰ,</span> 
     </span>
    </p>
   </div>
   <div class='ocr_carea' id='block_1_57' title="bbox 353 3965 1936 4037">
    <p class='ocr_par' dir='ltr' id='par_1_57' title="bbox 353 3965 1936 4037">
     <span class='ocr_line' id='line_1_57' title="bbox 353 3965 1936 4037; baseline -0.003 -14"><span class='ocrx_word' id='word_1_381' title='bbox 353 3969 616 4026; x_wconf 68' lang='grc' dir='ltr'>ἐντεῦθεν</span> <span class='ocrx_word' id='word_1_382' title='bbox 649 3965 928 4037; x_wconf 75' lang='grc' dir='ltr'>εἰσόμεθα.</span> <span class='ocrx_word' id='word_1_383' title='bbox 979 3965 1224 4019; x_wconf 83' lang='grc' dir='ltr'>Ἐναντία</span> <span class='ocrx_word' id='word_1_384' title='bbox 1259 3965 1397 4020; x_wconf 85' lang='grc' dir='ltr'>είσὶν</span> <span class='ocrx_word' id='word_1_385' title='bbox 1427 3966 1679 4036; x_wconf 81' lang='grc' dir='ltr'>ἀλλήλοις</span> <span class='ocrx_word' id='word_1_386' title='bbox 1708 3968 1769 4021; x_wconf 82' lang='grc' dir='ltr'><strong>τὸ</strong></span> <span class='ocrx_word' id='word_1_387' title='bbox 1798 3970 1936 4037; x_wconf 85' lang='grc' dir='ltr'>ἀγα-</span> 
     </span>
    </p>
   </div>
   <div class='ocr_carea' id='block_1_58' title="bbox 357 4057 1931 4130">
    <p class='ocr_par' dir='ltr' id='par_1_58' title="bbox 357 4057 1931 4130">
     <span class='ocr_line' id='line_1_58' title="bbox 357 4057 1931 4130; baseline -0.001 -14"><span class='ocrx_word' id='word_1_388' title='bbox 357 4063 478 4125; x_wconf 79' lang='grc' dir='ltr'>θὸν,</span> <span class='ocrx_word' id='word_1_389' title='bbox 510 4060 606 4114; x_wconf 78' lang='grc' dir='ltr'>καὶ</span> <span class='ocrx_word' id='word_1_390' title='bbox 630 4060 692 4114; x_wconf 80' lang='grc' dir='ltr'>τὺ</span> <span class='ocrx_word' id='word_1_391' title='bbox 725 4060 983 4130; x_wconf 74' lang='grc' dir='ltr'>πονηρὸν,</span> <span class='ocrx_word' id='word_1_392' title='bbox 1015 4060 1110 4112; x_wconf 80' lang='grc' dir='ltr'>καὶ</span> <span class='ocrx_word' id='word_1_393' title='bbox 1140 4057 1386 4128; x_wconf 76' lang='grc' dir='ltr'>ἀλλήλων</span> <span class='ocrx_word' id='word_1_394' title='bbox 1425 4057 1722 4128; x_wconf 81' lang='grc' dir='ltr'>φθαρτικὰ,</span> <span class='ocrx_word' id='word_1_395' title='bbox 1751 4061 1846 4114; x_wconf 74' lang='grc' dir='ltr'>καὶ</span> <span class='ocrx_word' id='word_1_396' title='bbox 1875 4062 1931 4116; x_wconf 80' lang='grc' dir='ltr'>ὲν</span> 
     </span>
    </p>
   </div>
   <div class='ocr_carea' id='block_1_59' title="bbox 353 4149 1932 4224">
    <p class='ocr_par' dir='ltr' id='par_1_59' title="bbox 353 4149 1932 4224">
     <span class='ocr_line' id='line_1_59' title="bbox 353 4149 1932 4224; baseline -0.002 -16"><span class='ocrx_word' id='word_1_397' title='bbox 353 4153 635 4222; x_wconf 72' lang='grc' dir='ltr'>ἀλλήλοις,</span> <span class='ocrx_word' id='word_1_398' title='bbox 667 4152 700 4221; x_wconf 75' lang='grc' dir='ltr'>ἢ</span> <span class='ocrx_word' id='word_1_399' title='bbox 724 4153 822 4204; x_wconf 73' lang='grc' dir='ltr'><strong>σὺν</strong></span> <span class='ocrx_word' id='word_1_400' title='bbox 850 4149 1099 4220; x_wconf 76' lang='grc' dir='ltr'>ἀλλήλοις</span> <span class='ocrx_word' id='word_1_401' title='bbox 1125 4149 1222 4220; x_wconf 87' lang='grc' dir='ltr'><strong>οὐχ</strong></span> <span class='ocrx_word' id='word_1_402' title='bbox 1256 4150 1616 4220; x_wconf 80' lang='grc' dir='ltr'>ὑφιστάμενα.</span> <span class='ocrx_word' id='word_1_403' title='bbox 1657 4151 1746 4206; x_wconf 86' lang='grc' dir='ltr'>Ἐν</span> <span class='ocrx_word' id='word_1_404' title='bbox 1774 4152 1932 4224; x_wconf 81' lang='grc' dir='ltr'><strong>μέρει</strong></span> 
     </span>
    </p>
   </div>
   <div class='ocr_carea' id='block_1_60' title="bbox 353 4240 1930 4314">
    <p class='ocr_par' dir='ltr' id='par_1_60' title="bbox 353 4240 1930 4314">
     <span class='ocr_line' id='line_1_60' title="bbox 353 4240 1930 4314; baseline -0.001 -13"><span class='ocrx_word' id='word_1_405' title='bbox 353 4243 454 4301; x_wconf 81' lang='grc' dir='ltr'>οὖν</span> <span class='ocrx_word' id='word_1_406' title='bbox 482 4248 688 4299; x_wconf 86' lang='grc' dir='ltr'>τούτων</span> <span class='ocrx_word' id='word_1_407' title='bbox 725 4243 955 4298; x_wconf 68' lang='grc' dir='ltr'>ἕκαστον</span> <span class='ocrx_word' id='word_1_408' title='bbox 984 4241 1138 4295; x_wconf 70' lang='grc' dir='ltr'>ἔσται</span> <span class='ocrx_word' id='word_1_409' title='bbox 1180 4240 1273 4296; x_wconf 82' lang='grc' dir='ltr'><strong>τοῦ</strong></span> <span class='ocrx_word' id='word_1_410' title='bbox 1313 4244 1531 4307; x_wconf 84' lang='grc' dir='ltr'>παντός.</span> <span class='ocrx_word' id='word_1_411' title='bbox 1571 4245 1681 4298; x_wconf 76' lang='grc' dir='ltr'><strong>Καὶ</strong></span> <span class='ocrx_word' id='word_1_412' title='bbox 1714 4245 1930 4314; x_wconf 85' lang='grc' dir='ltr'>πρῶτον</span> 
     </span>
    </p>
   </div>
   <div class='ocr_carea' id='block_1_61' title="bbox 357 4333 1930 4409">
    <p class='ocr_par' dir='ltr' id='par_1_61' title="bbox 357 4333 1930 4409">
     <span class='ocr_line' id='line_1_61' title="bbox 357 4333 1930 4409; baseline 0.001 -18"><span class='ocrx_word' id='word_1_413' title='bbox 357 4339 464 4409; x_wconf 78' lang='grc' dir='ltr'>μὲν</span> <span class='ocrx_word' id='word_1_414' title='bbox 508 4339 1016 4407; x_wconf 78' lang='grc' dir='ltr'>περιγραφησονται</span> <span class='ocrx_word' id='word_1_415' title='bbox 1056 4333 1154 4404; x_wconf 83' lang='grc' dir='ltr'><strong>οὐχ</strong></span> <span class='ocrx_word' id='word_1_416' title='bbox 1202 4333 1310 4387; x_wconf 81' lang='grc' dir='ltr'><strong>ὑπὸ</strong></span> <span class='ocrx_word' id='word_1_417' title='bbox 1352 4335 1446 4387; x_wconf 75' lang='grc' dir='ltr'><strong>τοῦ</strong></span> <span class='ocrx_word' id='word_1_418' title='bbox 1498 4335 1698 4400; x_wconf 80' lang='grc' dir='ltr'>παντὸς</span> <span class='ocrx_word' id='word_1_419' title='bbox 1748 4338 1930 4406; x_wconf 82' lang='grc' dir='ltr'>μόνον,</span> 
     </span>
    </p>
   </div>
   <div class='ocr_carea' id='block_1_62' title="bbox 352 4427 1929 4499">
    <p class='ocr_par' dir='ltr' id='par_1_62' title="bbox 352 4427 1929 4499">
     <span class='ocr_line' id='line_1_62' title="bbox 352 4427 1929 4499; baseline -0.001 -15"><span class='ocrx_word' id='word_1_420' title='bbox 352 4432 500 4485; x_wconf 73' lang='grc' dir='ltr'>ἀλλὰ</span> <span class='ocrx_word' id='word_1_421' title='bbox 536 4431 631 4484; x_wconf 80' lang='grc' dir='ltr'>καὶ</span> <span class='ocrx_word' id='word_1_422' title='bbox 674 4430 778 4482; x_wconf 71' lang='grc' dir='ltr'><strong>ὑπὸ</strong></span> <span class='ocrx_word' id='word_1_423' title='bbox 816 4429 1022 4499; x_wconf 81' lang='grc' dir='ltr'>μέρους</span> <span class='ocrx_word' id='word_1_424' title='bbox 1053 4427 1147 4480; x_wconf 76' lang='grc' dir='ltr'><strong>τοῦ</strong></span> <span class='ocrx_word' id='word_1_425' title='bbox 1184 4427 1384 4490; x_wconf 81' lang='grc' dir='ltr'>παντὸς</span> <span class='ocrx_word' id='word_1_426' title='bbox 1417 4429 1624 4482; x_wconf 82' lang='grc' dir='ltr'>τούτων</span> <span class='ocrx_word' id='word_1_427' title='bbox 1663 4429 1891 4483; x_wconf 75' lang='grc' dir='ltr'>ἕκαστον</span> <span class='ocrx_word' id='word_1_428' title='bbox 1913 4445 1929 4461; x_wconf 79' lang='grc'><strong><em>⁸</em></strong></span> 
     </span>
    </p>
   </div>
   <div class='ocr_carea' id='block_1_63' title="bbox 352 4519 1929 4591">
    <p class='ocr_par' dir='ltr' id='par_1_63' title="bbox 352 4519 1929 4591">
     <span class='ocr_line' id='line_1_63' title="bbox 352 4519 1929 4591; baseline 0 -15"><span class='ocrx_word' id='word_1_429' title='bbox 352 4523 552 4576; x_wconf 72' lang='grc' dir='ltr'>ικειτα</span> <span class='ocrx_word' id='word_1_430' title='bbox 589 4521 670 4585; x_wconf 88' lang='grc' dir='ltr'><strong>τίς</strong></span> <span class='ocrx_word' id='word_1_431' title='bbox 707 4522 737 4575; x_wconf 81' lang='grc' dir='ltr'><strong>ὁ</strong></span> <span class='ocrx_word' id='word_1_432' title='bbox 768 4520 868 4589; x_wconf 79' lang='grc' dir='ltr'><strong>τὴν</strong></span> <span class='ocrx_word' id='word_1_433' title='bbox 908 4519 1091 4591; x_wconf 84' lang='grc' dir='ltr'>χώραν</span> <span class='ocrx_word' id='word_1_434' title='bbox 1127 4519 1342 4590; x_wconf 78' lang='grc' dir='ltr'><strong>ἑκάστῳ</strong></span> <span class='ocrx_word' id='word_1_435' title='bbox 1381 4521 1816 4591; x_wconf 62' lang='grc' dir='ltr'><strong>ἀποτεμόμενος</strong></span> <span class='ocrx_word' id='word_1_436' title='bbox 1853 4523 1929 4576; x_wconf 82' lang='grc' dir='ltr'><strong>Οὐ</strong></span> 
     </span>
    </p>
   </div>
   <div class='ocr_carea' id='block_1_64' title="bbox 2032 2057 3630 2137">
    <p class='ocr_par' dir='ltr' id='par_1_64' title="bbox 2032 2057 3630 2137">
     <span class='ocr_line' id='line_1_64' title="bbox 2032 2057 3630 2137; baseline 0.011 -28"><span class='ocrx_word' id='word_1_437' title='bbox 2032 2057 2256 2126; x_wconf 68' lang='lat' dir='ltr'><strong>aequalis</strong></span> <span class='ocrx_word' id='word_1_438' title='bbox 2285 2059 2445 2114; x_wconf 89' lang='lat' dir='ltr'><strong>nobis</strong></span> <span class='ocrx_word' id='word_1_439' title='bbox 2467 2075 2530 2115; x_wconf 87' lang='lat' dir='ltr'><strong>ac</strong></span> <span class='ocrx_word' id='word_1_440' title='bbox 2558 2061 2752 2126; x_wconf 88' lang='lat' dir='ltr'><strong>similis</strong></span> <span class='ocrx_word' id='word_1_441' title='bbox 2787 2061 2972 2120; x_wconf 80' lang='lat' dir='ltr'><strong>fuerit.</strong></span> <span class='ocrx_word' id='word_1_442' title='bbox 3005 2063 3280 2135; x_wconf 67' lang='lat' dir='ltr'><strong>)Equalis,</strong></span> <span class='ocrx_word' id='word_1_443' title='bbox 3311 2069 3437 2137; x_wconf 89' lang='lat' dir='ltr'><strong>quia</strong></span> <span class='ocrx_word' id='word_1_444' title='bbox 3463 2071 3630 2126; x_wconf 61' lang='lat' dir='ltr'><strong>servi»</strong></span> 
     </span>
    </p>
   </div>
   <div class='ocr_carea' id='block_1_65' title="bbox 2033 2147 3606 2229">
    <p class='ocr_par' dir='ltr' id='par_1_65' title="bbox 2033 2147 3606 2229">
     <span class='ocr_line' id='line_1_65' title="bbox 2033 2147 3606 2229; baseline 0.01 -27"><span class='ocrx_word' id='word_1_445' title='bbox 2033 2147 2287 2215; x_wconf 81' lang='lat' dir='ltr'><strong>formam,</strong></span> <span class='ocrx_word' id='word_1_446' title='bbox 2321 2165 2418 2206; x_wconf 92' lang='lat' dir='ltr'><strong>seu</strong></span> <span class='ocrx_word' id='word_1_447' title='bbox 2442 2161 2694 2222; x_wconf 80' lang='lat' dir='ltr'><strong>naturam</strong></span> <span class='ocrx_word' id='word_1_448' title='bbox 2726 2155 3023 2211; x_wconf 86' lang='lat' dir='ltr'><strong>humanam</strong></span> <span class='ocrx_word' id='word_1_449' title='bbox 3077 2159 3314 2228; x_wconf 89' lang='lat' dir='ltr'><strong>accepit.</strong></span> <span class='ocrx_word' id='word_1_450' title='bbox 3377 2159 3606 2229; x_wconf 89' lang='lat' dir='ltr'><strong>Similis,</strong></span> 
     </span>
    </p>
   </div>
   <div class='ocr_carea' id='block_1_66' title="bbox 2033 2239 3610 2320">
    <p class='ocr_par' dir='ltr' id='par_1_66' title="bbox 2033 2239 3610 2320">
     <span class='ocr_line' id='line_1_66' title="bbox 2033 2239 3610 2320; baseline 0.011 -29"><span class='ocrx_word' id='word_1_451' title='bbox 2033 2239 2159 2307; x_wconf 89' lang='lat' dir='ltr'><strong>quia</strong></span> <span class='ocrx_word' id='word_1_452' title='bbox 2193 2240 2312 2294; x_wconf 90' lang='lat' dir='ltr'><strong>sine</strong></span> <span class='ocrx_word' id='word_1_453' title='bbox 2341 2243 2570 2297; x_wconf 90' lang='lat' dir='ltr'><strong>semine.</strong></span> <span class='ocrx_word' id='word_1_454' title='bbox 2597 2242 2730 2299; x_wconf 87' lang='lat' dir='ltr'><strong>Nam</strong></span> <span class='ocrx_word' id='word_1_455' title='bbox 2765 2246 2908 2314; x_wconf 88' lang='lat' dir='ltr'><strong>quod</strong></span> <span class='ocrx_word' id='word_1_456' title='bbox 2943 2261 3012 2302; x_wconf 77' lang='lat' dir='ltr'><strong>ex</strong></span> <span class='ocrx_word' id='word_1_457' title='bbox 3058 2249 3288 2304; x_wconf 88' lang='lat' dir='ltr'><strong>muliere</strong></span> <span class='ocrx_word' id='word_1_458' title='bbox 3323 2260 3485 2308; x_wconf 89' lang='lat' dir='ltr'><strong>natus</strong></span> <span class='ocrx_word' id='word_1_459' title='bbox 3515 2254 3610 2320; x_wconf 88' lang='lat' dir='ltr'><strong>sit,</strong></span> 
     </span>
    </p>
   </div>
   <div class='ocr_carea' id='block_1_67' title="bbox 2035 2332 3613 2410">
    <p class='ocr_par' dir='ltr' id='par_1_67' title="bbox 2035 2332 3613 2410">
     <span class='ocr_line' id='line_1_67' title="bbox 2035 2332 3613 2410; baseline 0.011 -26"><span class='ocrx_word' id='word_1_460' title='bbox 2035 2332 2334 2385; x_wconf 87' lang='lat' dir='ltr'><strong>humanum</strong></span> <span class='ocrx_word' id='word_1_461' title='bbox 2364 2332 2416 2386; x_wconf 91' lang='lat' dir='ltr'><strong>id</strong></span> <span class='ocrx_word' id='word_1_462' title='bbox 2447 2343 2550 2388; x_wconf 90' lang='lat' dir='ltr'><strong>est.</strong></span> <span class='ocrx_word' id='word_1_463' title='bbox 2575 2333 2732 2400; x_wconf 84' lang='lat' dir='ltr'><strong>Quod</strong></span> <span class='ocrx_word' id='word_1_464' title='bbox 2762 2346 2945 2391; x_wconf 88' lang='lat' dir='ltr'><strong>autem</strong></span> <span class='ocrx_word' id='word_1_465' title='bbox 2981 2352 3047 2392; x_wconf 85' lang='lat' dir='ltr'><strong>ex</strong></span> <span class='ocrx_word' id='word_1_466' title='bbox 3079 2339 3312 2410; x_wconf 78' lang='lat' dir='ltr'><strong>virgine.</strong></span> <span class='ocrx_word' id='word_1_467' title='bbox 3369 2342 3424 2398; x_wconf 92' lang='lat' dir='ltr'><strong>id</strong></span> <span class='ocrx_word' id='word_1_468' title='bbox 3478 2359 3613 2401; x_wconf 81' lang='lat' dir='ltr'><strong>vero</strong></span> 
     </span>
    </p>
   </div>
   <div class='ocr_carea' id='block_1_68' title="bbox 2034 2423 3612 2497">
    <p class='ocr_par' dir='ltr' id='par_1_68' title="bbox 2034 2423 3612 2497">
     <span class='ocr_line' id='line_1_68' title="bbox 2034 2423 3612 2497; baseline 0.009 -19"><span class='ocrx_word' id='word_1_469' title='bbox 2034 2423 2272 2478; x_wconf 86' lang='lat' dir='ltr'><strong>humana</strong></span> <span class='ocrx_word' id='word_1_470' title='bbox 2326 2425 2644 2480; x_wconf 83' lang='lat' dir='ltr'><strong>conditione</strong></span> <span class='ocrx_word' id='word_1_471' title='bbox 2703 2430 3076 2497; x_wconf 65' lang='lat' dir='ltr'><strong>praestantius.</strong></span> <span class='ocrx_word' id='word_1_472' title='bbox 3133 2431 3191 2486; x_wconf 88' lang='lat' dir='ltr'><strong>In</strong></span> <span class='ocrx_word' id='word_1_473' title='bbox 3251 2433 3612 2496; x_wconf 86' lang='lat' dir='ltr'><strong>similitudine</strong></span> 
     </span>
    </p>
   </div>
   <div class='ocr_carea' id='block_1_69' title="bbox 2035 2515 3613 2593">
    <p class='ocr_par' dir='ltr' id='par_1_69' title="bbox 2035 2515 3613 2593">
     <span class='ocr_line' id='line_1_69' title="bbox 2035 2515 3613 2593; baseline 0.008 -24"><span class='ocrx_word' id='word_1_474' title='bbox 2035 2515 2196 2586; x_wconf 89' lang='lat' dir='ltr'><strong>igitur</strong></span> <span class='ocrx_word' id='word_1_475' title='bbox 2227 2515 2385 2579; x_wconf 79' lang='lat' dir='ltr'><strong>dixit,</strong></span> <span class='ocrx_word' id='word_1_476' title='bbox 2411 2517 2674 2586; x_wconf 90' lang='lat' dir='ltr'><strong>quoniam</strong></span> <span class='ocrx_word' id='word_1_477' title='bbox 2709 2534 2832 2573; x_wconf 91' lang='lat' dir='ltr'><strong>cum</strong></span> <span class='ocrx_word' id='word_1_478' title='bbox 2880 2520 2933 2573; x_wconf 92' lang='lat' dir='ltr'><strong>in</strong></span> <span class='ocrx_word' id='word_1_479' title='bbox 2965 2521 3192 2591; x_wconf 88' lang='lat' dir='ltr'><strong>reliquis</strong></span> <span class='ocrx_word' id='word_1_480' title='bbox 3215 2539 3312 2593; x_wconf 90' lang='lat' dir='ltr'><strong>par</strong></span> <span class='ocrx_word' id='word_1_481' title='bbox 3335 2535 3481 2580; x_wconf 90' lang='lat' dir='ltr'><strong>esset</strong></span> <span class='ocrx_word' id='word_1_482' title='bbox 3510 2541 3613 2581; x_wconf 89' lang='lat' dir='ltr'><strong>no-</strong></span> 
     </span>
    </p>
   </div>
   <div class='ocr_carea' id='block_1_70' title="bbox 2033 2608 3611 2684">
    <p class='ocr_par' dir='ltr' id='par_1_70' title="bbox 2033 2608 3611 2684">
     <span class='ocr_line' id='line_1_70' title="bbox 2033 2608 3611 2684; baseline 0.006 -21"><span class='ocrx_word' id='word_1_483' title='bbox 2033 2608 2117 2663; x_wconf 88' lang='lat' dir='ltr'><strong>bis</strong></span> <span class='ocrx_word' id='word_1_484' title='bbox 2158 2617 2214 2663; x_wconf 91' lang='lat' dir='ltr'><strong>et</strong></span> <span class='ocrx_word' id='word_1_485' title='bbox 2237 2609 2479 2678; x_wconf 78' lang='lat' dir='ltr'><strong>aequalis,</strong></span> <span class='ocrx_word' id='word_1_486' title='bbox 2509 2618 2773 2680; x_wconf 90' lang='lat' dir='ltr'><strong>quantum</strong></span> <span class='ocrx_word' id='word_1_487' title='bbox 2834 2611 2901 2666; x_wconf 90' lang='lat' dir='ltr'><strong>ad</strong></span> <span class='ocrx_word' id='word_1_488' title='bbox 2929 2620 3179 2668; x_wconf 87' lang='lat' dir='ltr'><strong>naturam</strong></span> <span class='ocrx_word' id='word_1_489' title='bbox 3212 2616 3472 2684; x_wconf 86' lang='lat' dir='ltr'><strong>pertinet,</strong></span> <span class='ocrx_word' id='word_1_490' title='bbox 3498 2631 3611 2672; x_wconf 89' lang='lat' dir='ltr'><strong>non</strong></span> 
     </span>
    </p>
   </div>
   <div class='ocr_carea' id='block_1_71' title="bbox 2034 2703 3612 2777">
    <p class='ocr_par' dir='ltr' id='par_1_71' title="bbox 2034 2703 3612 2777">
     <span class='ocr_line' id='line_1_71' title="bbox 2034 2703 3612 2777; baseline 0.007 -24"><span class='ocrx_word' id='word_1_491' title='bbox 2034 2709 2219 2756; x_wconf 84' lang='lat' dir='ltr'><strong>tamen</strong></span> <span class='ocrx_word' id='word_1_492' title='bbox 2246 2717 2311 2756; x_wconf 76' lang='lat' dir='ltr'><strong>ex</strong></span> <span class='ocrx_word' id='word_1_493' title='bbox 2351 2703 2559 2757; x_wconf 88' lang='lat' dir='ltr'><strong>semine</strong></span> <span class='ocrx_word' id='word_1_494' title='bbox 2613 2714 2920 2774; x_wconf 89' lang='lat' dir='ltr'><strong>conceptus</strong></span> <span class='ocrx_word' id='word_1_495' title='bbox 2970 2713 3076 2760; x_wconf 87' lang='lat' dir='ltr'><strong>est.</strong></span> <span class='ocrx_word' id='word_1_496' title='bbox 3140 2706 3400 2777; x_wconf 87' lang='lat' dir='ltr'><strong>Idemque</strong></span> <span class='ocrx_word' id='word_1_497' title='bbox 3427 2709 3612 2766; x_wconf 87' lang='lat' dir='ltr'><strong>verbis</strong></span> 
     </span>
    </p>
   </div>
   <div class='ocr_carea' id='block_1_72' title="bbox 2033 2791 3611 2869">
    <p class='ocr_par' dir='ltr' id='par_1_72' title="bbox 2033 2791 3611 2869">
     <span class='ocr_line' id='line_1_72' title="bbox 2033 2791 3611 2869; baseline 0.005 -23"><span class='ocrx_word' id='word_1_498' title='bbox 2033 2791 2141 2848; x_wconf 91' lang='lat' dir='ltr'><strong>illis</strong></span> <span class='ocrx_word' id='word_1_499' title='bbox 2165 2793 2526 2860; x_wconf 72' lang='lat' dir='ltr'><strong>signiﬁcatur,</strong></span> <span class='ocrx_word' id='word_1_500' title='bbox 2560 2795 2633 2850; x_wconf 87' lang='lat' dir='ltr'><strong>Et</strong></span> <span class='ocrx_word' id='word_1_501' title='bbox 2663 2796 2867 2860; x_wconf 84' lang='lat' dir='ltr'><strong>habitu,</strong></span> <span class='ocrx_word' id='word_1_502' title='bbox 2901 2811 2994 2852; x_wconf 88' lang='lat' dir='ltr'><strong>seu</strong></span> <span class='ocrx_word' id='word_1_503' title='bbox 3029 2797 3221 2869; x_wconf 81' lang='lat' dir='ltr'><strong>ﬁgura,</strong></span> <span class='ocrx_word' id='word_1_504' title='bbox 3268 2800 3510 2854; x_wconf 74' lang='lat' dir='ltr'><strong>inventus</strong></span> <span class='ocrx_word' id='word_1_505' title='bbox 3553 2808 3611 2854; x_wconf 86' lang='lat' dir='ltr'><strong>ut</strong></span> 
     </span>
    </p>
   </div>
   <div class='ocr_carea' id='block_1_73' title="bbox 2032 2879 3611 2955">
    <p class='ocr_par' dir='ltr' id='par_1_73' title="bbox 2032 2879 3611 2955">
     <span class='ocr_line' id='line_1_73' title="bbox 2032 2879 3611 2955; baseline 0.006 -22"><span class='ocrx_word' id='word_1_506' title='bbox 2032 2879 2206 2934; x_wconf 82' lang='lat' dir='ltr'><strong>homo.</strong></span> <span class='ocrx_word' id='word_1_507' title='bbox 2241 2880 2491 2951; x_wconf 82' lang='lat' dir='ltr'><strong>Figuram</strong></span> <span class='ocrx_word' id='word_1_508' title='bbox 2549 2883 2695 2937; x_wconf 88' lang='lat' dir='ltr'><strong>enim</strong></span> <span class='ocrx_word' id='word_1_509' title='bbox 2743 2885 2899 2950; x_wconf 77' lang='lat' dir='ltr'><strong>dixit,</strong></span> <span class='ocrx_word' id='word_1_510' title='bbox 2961 2887 3089 2955; x_wconf 89' lang='lat' dir='ltr'><strong>quia</strong></span> <span class='ocrx_word' id='word_1_511' title='bbox 3145 2886 3271 2943; x_wconf 87' lang='lat' dir='ltr'><strong>licet</strong></span> <span class='ocrx_word' id='word_1_512' title='bbox 3313 2887 3611 2943; x_wconf 88' lang='lat' dir='ltr'><strong>humanam</strong></span> 
     </span>
    </p>
   </div>
   <div class='ocr_carea' id='block_1_74' title="bbox 2034 2969 3610 3040">
    <p class='ocr_par' dir='ltr' id='par_1_74' title="bbox 2034 2969 3610 3040">
     <span class='ocr_line' id='line_1_74' title="bbox 2034 2969 3610 3040; baseline 0.004 -16"><span class='ocrx_word' id='word_1_513' title='bbox 2034 2969 2297 3039; x_wconf 87' lang='lat' dir='ltr'><strong>speciem,</strong></span> <span class='ocrx_word' id='word_1_514' title='bbox 2323 2981 2379 3026; x_wconf 91' lang='lat' dir='ltr'><strong>et</strong></span> <span class='ocrx_word' id='word_1_515' title='bbox 2420 2981 2668 3026; x_wconf 87' lang='lat' dir='ltr'><strong>naturam</strong></span> <span class='ocrx_word' id='word_1_516' title='bbox 2709 2974 2960 3038; x_wconf 76' lang='lat' dir='ltr'><strong>haberet,</strong></span> <span class='ocrx_word' id='word_1_517' title='bbox 3020 2989 3256 3040; x_wconf 82' lang='lat' dir='ltr'><strong>vereque</strong></span> <span class='ocrx_word' id='word_1_518' title='bbox 3305 2975 3462 3031; x_wconf 90' lang='lat' dir='ltr'><strong>illam</strong></span> <span class='ocrx_word' id='word_1_519' title='bbox 3521 2977 3610 3032; x_wconf 80' lang='lat' dir='ltr'><strong>in-</strong></span> 
     </span>
    </p>
   </div>
   <div class='ocr_carea' id='block_1_75' title="bbox 2032 3055 3608 3134">
    <p class='ocr_par' dir='ltr' id='par_1_75' title="bbox 2032 3055 3608 3134">
     <span class='ocr_line' id='line_1_75' title="bbox 2032 3055 3608 3134; baseline 0.006 -25"><span class='ocrx_word' id='word_1_520' title='bbox 2032 3055 2264 3123; x_wconf 83' lang='lat' dir='ltr'><strong>duisset,</strong></span> <span class='ocrx_word' id='word_1_521' title='bbox 2298 3058 2521 3114; x_wconf 90' lang='lat' dir='ltr'><strong>homine</strong></span> <span class='ocrx_word' id='word_1_522' title='bbox 2554 3068 2747 3115; x_wconf 79' lang='lat' dir='ltr'><strong>tamen&#39;</strong></span> <span class='ocrx_word' id='word_1_523' title='bbox 2795 3060 3034 3118; x_wconf 87' lang='lat' dir='ltr'><strong>habebat</strong></span> <span class='ocrx_word' id='word_1_524' title='bbox 3089 3063 3298 3134; x_wconf 86' lang='lat' dir='ltr'><strong>aliquid</strong></span> <span class='ocrx_word' id='word_1_525' title='bbox 3330 3065 3608 3122; x_wconf 84' lang='lat' dir='ltr'><strong>excellen-</strong></span> 
     </span>
    </p>
   </div>
   <div class='ocr_carea' id='block_1_76' title="bbox 2036 3150 3610 3225">
    <p class='ocr_par' dir='ltr' id='par_1_76' title="bbox 2036 3150 3610 3225">
     <span class='ocr_line' id='line_1_76' title="bbox 2036 3150 3610 3225; baseline 0.004 -20"><span class='ocrx_word' id='word_1_526' title='bbox 2036 3153 2160 3216; x_wconf 89' lang='lat' dir='ltr'><strong>tius,</strong></span> <span class='ocrx_word' id='word_1_527' title='bbox 2197 3150 2324 3220; x_wconf 89' lang='lat' dir='ltr'><strong>quia</strong></span> <span class='ocrx_word' id='word_1_528' title='bbox 2354 3165 2465 3206; x_wconf 89' lang='lat' dir='ltr'><strong>non</strong></span> <span class='ocrx_word' id='word_1_529' title='bbox 2504 3167 2674 3221; x_wconf 91' lang='lat' dir='ltr'><strong>purus</strong></span> <span class='ocrx_word' id='word_1_530' title='bbox 2703 3162 2820 3208; x_wconf 88' lang='lat' dir='ltr'><strong>erat</strong></span> <span class='ocrx_word' id='word_1_531' title='bbox 2870 3165 2926 3210; x_wconf 89' lang='lat' dir='ltr'><strong>et</strong></span> <span class='ocrx_word' id='word_1_532' title='bbox 2987 3155 3217 3225; x_wconf 80' lang='lat' dir='ltr'><strong>simplex</strong></span> <span class='ocrx_word' id='word_1_533' title='bbox 3277 3155 3462 3222; x_wconf 90' lang='lat' dir='ltr'><strong>homo,</strong></span> <span class='ocrx_word' id='word_1_534' title='bbox 3509 3156 3610 3212; x_wconf 78' lang='lat' dir='ltr'><strong>sed</strong></span> 
     </span>
    </p>
   </div>
   <div class='ocr_carea' id='block_1_77' title="bbox 2039 3245 3605 3317">
    <p class='ocr_par' dir='ltr' id='par_1_77' title="bbox 2039 3245 3605 3317">
     <span class='ocr_line' id='line_1_77' title="bbox 2039 3245 3605 3317; baseline 0.001 -17"><span class='ocrx_word' id='word_1_535' title='bbox 2039 3259 2163 3300; x_wconf 85' lang='lat' dir='ltr'><strong>cum</strong></span> <span class='ocrx_word' id='word_1_536' title='bbox 2198 3245 2481 3300; x_wconf 81' lang='lat' dir='ltr'><strong>divinitate</strong></span> <span class='ocrx_word' id='word_1_537' title='bbox 2511 3245 2857 3316; x_wconf 84' lang='lat' dir='ltr'><strong>conjunctus.</strong></span> <span class='ocrx_word' id='word_1_538' title='bbox 2882 3246 3038 3312; x_wconf 88' lang='lat' dir='ltr'><strong>Quod</strong></span> <span class='ocrx_word' id='word_1_539' title='bbox 3077 3248 3122 3302; x_wconf 89' lang='lat' dir='ltr'><strong>si</strong></span> <span class='ocrx_word' id='word_1_540' title='bbox 3159 3248 3340 3317; x_wconf 87' lang='lat' dir='ltr'><strong>specie</strong></span> <span class='ocrx_word' id='word_1_541' title='bbox 3365 3257 3605 3311; x_wconf 89' lang='lat' dir='ltr'><strong>tantum,</strong></span> 
     </span>
    </p>
   </div>
   <div class='ocr_carea' id='block_1_78' title="bbox 2039 3335 3608 3408">
    <p class='ocr_par' dir='ltr' id='par_1_78' title="bbox 2039 3335 3608 3408">
     <span class='ocr_line' id='line_1_78' title="bbox 2039 3335 3608 3408; baseline -0.001 -17"><span class='ocrx_word' id='word_1_542' title='bbox 2039 3346 2095 3391; x_wconf 91' lang='lat' dir='ltr'><strong>et</strong></span> <span class='ocrx_word' id='word_1_543' title='bbox 2125 3335 2360 3408; x_wconf 88' lang='lat' dir='ltr'><strong>imagine</strong></span> <span class='ocrx_word' id='word_1_544' title='bbox 2402 3335 2660 3405; x_wconf 87' lang='lat' dir='ltr'><strong>quadam,</strong></span> <span class='ocrx_word' id='word_1_545' title='bbox 2717 3349 2782 3390; x_wconf 88' lang='lat' dir='ltr'><strong>ac</strong></span> <span class='ocrx_word' id='word_1_546' title='bbox 2847 3336 3196 3390; x_wconf 88' lang='lat' dir='ltr'><strong>simulatione</strong></span> <span class='ocrx_word' id='word_1_547' title='bbox 3258 3337 3608 3392; x_wconf 83' lang='lat' dir='ltr'><strong>Servatorem</strong></span> 
     </span>
    </p>
   </div>
   <div class='ocr_carea' id='block_1_79' title="bbox 2035 3426 3605 3499">
    <p class='ocr_par' dir='ltr' id='par_1_79' title="bbox 2035 3426 3605 3499">
     <span class='ocr_line' id='line_1_79' title="bbox 2035 3426 3605 3499; baseline -0.003 -14"><span class='ocrx_word' id='word_1_548' title='bbox 2035 3430 2275 3485; x_wconf 87' lang='lat' dir='ltr'><strong>hominis</strong></span> <span class='ocrx_word' id='word_1_549' title='bbox 2301 3427 2665 3499; x_wconf 86' lang='lat' dir='ltr'><strong>assumpsisse</strong></span> <span class='ocrx_word' id='word_1_550' title='bbox 2699 3436 2949 3483; x_wconf 88' lang='lat' dir='ltr'><strong>naturam</strong></span> <span class='ocrx_word' id='word_1_551' title='bbox 2998 3427 3360 3493; x_wconf 88' lang='lat' dir='ltr'><strong>admittimus,</strong></span> <span class='ocrx_word' id='word_1_552' title='bbox 3421 3426 3605 3482; x_wconf 89' lang='lat' dir='ltr'><strong>inanis</strong></span> 
     </span>
    </p>
   </div>
   <div class='ocr_carea' id='block_1_80' title="bbox 2037 3507 3608 3592">
    <p class='ocr_par' dir='ltr' id='par_1_80' title="bbox 2037 3507 3608 3592">
     <span class='ocr_line' id='line_1_80' title="bbox 2037 3507 3608 3592; baseline -0.001 -16"><span class='ocrx_word' id='word_1_553' title='bbox 2037 3507 2156 3576; x_wconf 47' lang='lat' dir='ltr'><strong>fuit.</strong></span> <span class='ocrx_word' id='word_1_554' title='bbox 2175 3521 2329 3576; x_wconf 88' lang='lat' dir='ltr'><strong>labor</strong></span> <span class='ocrx_word' id='word_1_555' title='bbox 2357 3521 2751 3590; x_wconf 82' lang='lat' dir='ltr'><strong>apostolorum,</strong></span> <span class='ocrx_word' id='word_1_556' title='bbox 2803 3520 2986 3575; x_wconf 89' lang='lat' dir='ltr'><strong>inanis</strong></span> <span class='ocrx_word' id='word_1_557' title='bbox 3022 3531 3106 3576; x_wconf 91' lang='lat' dir='ltr'><strong>est</strong></span> <span class='ocrx_word' id='word_1_558' title='bbox 3152 3520 3428 3592; x_wconf 70' lang='lat' dir='ltr'><strong>Evangelii</strong></span> <span class='ocrx_word' id='word_1_559' title='bbox 3478 3533 3608 3592; x_wconf 78' lang='lat' dir='ltr'><strong>pro-</strong></span> 
     </span>
    </p>
   </div>
   <div class='ocr_carea' id='block_1_81' title="bbox 2034 3609 3219 3683">
    <p class='ocr_par' dir='ltr' id='par_1_81' title="bbox 2034 3609 3219 3683">
     <span class='ocr_line' id='line_1_81' title="bbox 2034 3609 3219 3683; baseline 0 -17"><span class='ocrx_word' id='word_1_560' title='bbox 2034 3609 2320 3683; x_wconf 84' lang='lat' dir='ltr'><strong>mulgatio,</strong></span> <span class='ocrx_word' id='word_1_561' title='bbox 2349 3610 2528 3666; x_wconf 88' lang='lat' dir='ltr'><strong>inanis</strong></span> <span class='ocrx_word' id='word_1_562' title='bbox 2555 3611 2793 3682; x_wconf 90' lang='lat' dir='ltr'><strong>denique</strong></span> <span class='ocrx_word' id='word_1_563' title='bbox 2839 3611 3032 3667; x_wconf 86' lang='lat' dir='ltr'><strong>salutis</strong></span> <span class='ocrx_word' id='word_1_564' title='bbox 3071 3625 3219 3681; x_wconf 88' lang='lat' dir='ltr'><strong>spes.</strong></span> 
     </span>
    </p>
   </div>
   <div class='ocr_carea' id='block_1_82' title="bbox 2243 3741 3331 3805">
    <p class='ocr_par' dir='ltr' id='par_1_82' title="bbox 2243 3741 3331 3805">
     <span class='ocr_line' id='line_1_82' title="bbox 2243 3741 3331 3805; baseline 0.006 -7"><span class='ocrx_word' id='word_1_565' title='bbox 2243 3741 2379 3798; x_wconf 84' lang='lat' dir='ltr'><strong>Item</strong></span> <span class='ocrx_word' id='word_1_566' title='bbox 2409 3753 2591 3799; x_wconf 86' lang='lat' dir='ltr'><strong>contra</strong></span> <span class='ocrx_word' id='word_1_567' title='bbox 2625 3746 2852 3802; x_wconf 77' lang='lat' dir='ltr'><strong>eosdem.</strong></span> <span class='ocrx_word' id='word_1_568' title='bbox 2883 3746 3194 3804; x_wconf 79' lang='lat' dir='ltr'><strong>Damasccni</strong></span> <span class='ocrx_word' id='word_1_569' title='bbox 3244 3750 3331 3805; x_wconf 73' lang='lat'><strong>29.</strong></span> 
     </span>
    </p>
   </div>
   <div class='ocr_carea' id='block_1_83' title="bbox 2111 3899 3602 3975">
    <p class='ocr_par' dir='ltr' id='par_1_83' title="bbox 2111 3899 3602 3975">
     <span class='ocr_line' id='line_1_83' title="bbox 2111 3899 3602 3975; baseline 0.011 -21"><span class='ocrx_word' id='word_1_570' title='bbox 2111 3899 2229 3956; x_wconf 91' lang='lat' dir='ltr'><strong>Duo</strong></span> <span class='ocrx_word' id='word_1_571' title='bbox 2270 3915 2379 3954; x_wconf 91' lang='lat' dir='ltr'><strong>non</strong></span> <span class='ocrx_word' id='word_1_572' title='bbox 2404 3915 2523 3955; x_wconf 81' lang='lat' dir='ltr'><strong>esse.</strong></span> <span class='ocrx_word' id='word_1_573' title='bbox 2550 3900 2835 3971; x_wconf 84' lang='lat' dir='ltr'><strong>principia,</strong></span> <span class='ocrx_word' id='word_1_574' title='bbox 2865 3919 3032 3958; x_wconf 91' lang='lat' dir='ltr'><strong>unum</strong></span> <span class='ocrx_word' id='word_1_575' title='bbox 3048 3905 3270 3975; x_wconf 90' lang='lat' dir='ltr'><strong>bonum,</strong></span> <span class='ocrx_word' id='word_1_576' title='bbox 3301 3920 3355 3966; x_wconf 88' lang='lat' dir='ltr'><strong>et</strong></span> <span class='ocrx_word' id='word_1_577' title='bbox 3374 3912 3602 3971; x_wconf 84' lang='lat' dir='ltr'><strong>alterum</strong></span> 
     </span>
    </p>
   </div>
   <div class='ocr_carea' id='block_1_84' title="bbox 2034 3993 3604 4065">
    <p class='ocr_par' dir='ltr' id='par_1_84' title="bbox 2034 3993 3604 4065">
     <span class='ocr_line' id='line_1_84' title="bbox 2034 3993 3604 4065; baseline 0.011 -18"><span class='ocrx_word' id='word_1_578' title='bbox 2034 3993 2259 4058; x_wconf 89' lang='lat' dir='ltr'><strong>malum,</strong></span> <span class='ocrx_word' id='word_1_579' title='bbox 2288 3993 2370 4049; x_wconf 88' lang='lat' dir='ltr'><strong>sic</strong></span> <span class='ocrx_word' id='word_1_580' title='bbox 2403 3993 2783 4065; x_wconf 82' lang='lat' dir='ltr'><strong>intelligemus.</strong></span> <span class='ocrx_word' id='word_1_581' title='bbox 2827 3997 3035 4052; x_wconf 88' lang='lat' dir='ltr'><strong>Bonum</strong></span> <span class='ocrx_word' id='word_1_582' title='bbox 3093 4011 3149 4055; x_wconf 90' lang='lat' dir='ltr'><strong>et</strong></span> <span class='ocrx_word' id='word_1_583' title='bbox 3217 4004 3416 4060; x_wconf 90' lang='lat' dir='ltr'><strong>malum</strong></span> <span class='ocrx_word' id='word_1_584' title='bbox 3471 4021 3604 4064; x_wconf 88' lang='lat' dir='ltr'><strong>con-</strong></span> 
     </span>
    </p>
   </div>
   <div class='ocr_carea' id='block_1_85' title="bbox 2037 4086 3602 4159">
    <p class='ocr_par' dir='ltr' id='par_1_85' title="bbox 2037 4086 3602 4159">
     <span class='ocr_line' id='line_1_85' title="bbox 2037 4086 3602 4159; baseline 0.01 -18"><span class='ocrx_word' id='word_1_585' title='bbox 2037 4086 2199 4141; x_wconf 88' lang='lat' dir='ltr'><strong>traria</strong></span> <span class='ocrx_word' id='word_1_586' title='bbox 2232 4094 2384 4152; x_wconf 91' lang='lat' dir='ltr'><strong>sunt,</strong></span> <span class='ocrx_word' id='word_1_587' title='bbox 2432 4100 2600 4155; x_wconf 88' lang='lat' dir='ltr'><strong>seque</strong></span> <span class='ocrx_word' id='word_1_588' title='bbox 2629 4087 2868 4142; x_wconf 88' lang='lat' dir='ltr'><strong>vicissim</strong></span> <span class='ocrx_word' id='word_1_589' title='bbox 2914 4089 3260 4159; x_wconf 88' lang='lat' dir='ltr'><strong>interimunt,</strong></span> <span class='ocrx_word' id='word_1_590' title='bbox 3287 4106 3343 4150; x_wconf 93' lang='lat' dir='ltr'><strong>et</strong></span> <span class='ocrx_word' id='word_1_591' title='bbox 3412 4113 3602 4156; x_wconf 88' lang='lat' dir='ltr'><strong>eorum</strong></span> 
     </span>
    </p>
   </div>
   <div class='ocr_carea' id='block_1_86' title="bbox 2034 4178 3606 4260">
    <p class='ocr_par' dir='ltr' id='par_1_86' title="bbox 2034 4178 3606 4260">
     <span class='ocr_line' id='line_1_86' title="bbox 2034 4178 3606 4260; baseline 0.01 -27"><span class='ocrx_word' id='word_1_592' title='bbox 2034 4187 2326 4247; x_wconf 86' lang='lat' dir='ltr'><strong>utrumque</strong></span> <span class='ocrx_word' id='word_1_593' title='bbox 2362 4192 2464 4232; x_wconf 87' lang='lat' dir='ltr'><strong>nec</strong></span> <span class='ocrx_word' id='word_1_594' title='bbox 2495 4178 2552 4232; x_wconf 90' lang='lat' dir='ltr'><strong>in</strong></span> <span class='ocrx_word' id='word_1_595' title='bbox 2600 4179 2799 4243; x_wconf 82' lang='lat' dir='ltr'><strong>altero,</strong></span> <span class='ocrx_word' id='word_1_596' title='bbox 2847 4195 2951 4236; x_wconf 90' lang='lat' dir='ltr'><strong>nec</strong></span> <span class='ocrx_word' id='word_1_597' title='bbox 3009 4198 3134 4238; x_wconf 92' lang='lat' dir='ltr'><strong>cum</strong></span> <span class='ocrx_word' id='word_1_598' title='bbox 3191 4185 3364 4244; x_wconf 89' lang='lat' dir='ltr'><strong>altero</strong></span> <span class='ocrx_word' id='word_1_599' title='bbox 3425 4188 3606 4260; x_wconf 85' lang='lat' dir='ltr'><strong>p0test</strong></span> 
     </span>
    </p>
   </div>
   <div class='ocr_carea' id='block_1_87' title="bbox 2035 4267 3602 4346">
    <p class='ocr_par' dir='ltr' id='par_1_87' title="bbox 2035 4267 3602 4346">
     <span class='ocr_line' id='line_1_87' title="bbox 2035 4267 3602 4346; baseline 0.01 -24"><span class='ocrx_word' id='word_1_600' title='bbox 2035 4268 2357 4322; x_wconf 89' lang='lat' dir='ltr'><strong>consistere.</strong></span> <span class='ocrx_word' id='word_1_601' title='bbox 2408 4267 2710 4337; x_wconf 83' lang='lat' dir='ltr'><strong>Separatim</strong></span> <span class='ocrx_word' id='word_1_602' title='bbox 2743 4269 2906 4341; x_wconf 87' lang='lat' dir='ltr'><strong>igitur</strong></span> <span class='ocrx_word' id='word_1_603' title='bbox 2934 4283 3115 4335; x_wconf 89' lang='lat' dir='ltr'><strong>erunt.</strong></span> <span class='ocrx_word' id='word_1_604' title='bbox 3159 4274 3212 4329; x_wconf 92' lang='lat' dir='ltr'><strong>in</strong></span> <span class='ocrx_word' id='word_1_605' title='bbox 3249 4277 3364 4346; x_wconf 87' lang='lat' dir='ltr'><strong>ipsa</strong></span> <span class='ocrx_word' id='word_1_606' title='bbox 3420 4295 3602 4338; x_wconf 88' lang='lat' dir='ltr'><strong>rerum</strong></span> 
     </span>
    </p>
   </div>
   <div class='ocr_carea' id='block_1_88' title="bbox 2035 4358 3606 4438">
    <p class='ocr_par' dir='ltr' id='par_1_88' title="bbox 2035 4358 3606 4438">
     <span class='ocr_line' id='line_1_88' title="bbox 2035 4358 3606 4438; baseline 0.011 -25"><span class='ocrx_word' id='word_1_607' title='bbox 2035 4358 2414 4426; x_wconf 86' lang='lat' dir='ltr'><strong>universitate,</strong></span> <span class='ocrx_word' id='word_1_608' title='bbox 2450 4367 2502 4414; x_wconf 85' lang='lat' dir='ltr'><strong>et</strong></span> <span class='ocrx_word' id='word_1_609' title='bbox 2547 4360 2785 4430; x_wconf 90' lang='lat' dir='ltr'><strong>primum</strong></span> <span class='ocrx_word' id='word_1_610' title='bbox 2836 4361 2907 4416; x_wconf 90' lang='lat' dir='ltr'><strong>ita</strong></span> <span class='ocrx_word' id='word_1_611' title='bbox 2963 4364 3500 4438; x_wconf 85' lang='lat' dir='ltr'><strong>circumscribentur,</strong></span> <span class='ocrx_word' id='word_1_612' title='bbox 3545 4385 3606 4431; x_wconf 93' lang='lat' dir='ltr'><strong>ut</strong></span> 
     </span>
    </p>
   </div>
   <div class='ocr_carea' id='block_1_89' title="bbox 2033 4449 3604 4521">
    <p class='ocr_par' dir='ltr' id='par_1_89' title="bbox 2033 4449 3604 4521">
     <span class='ocr_line' id='line_1_89' title="bbox 2033 4449 3604 4521; baseline 0.012 -18"><span class='ocrx_word' id='word_1_613' title='bbox 2033 4464 2143 4503; x_wconf 90' lang='lat' dir='ltr'><strong>non</strong></span> <span class='ocrx_word' id='word_1_614' title='bbox 2185 4451 2357 4503; x_wconf 90' lang='lat' dir='ltr'><strong>solum</strong></span> <span class='ocrx_word' id='word_1_615' title='bbox 2391 4449 2445 4502; x_wconf 89' lang='lat' dir='ltr'><strong>in</strong></span> <span class='ocrx_word' id='word_1_616' title='bbox 2491 4451 2695 4507; x_wconf 90' lang='lat' dir='ltr'><strong>mundo</strong></span> <span class='ocrx_word' id='word_1_617' title='bbox 2723 4453 2849 4518; x_wconf 88' lang='lat' dir='ltr'><strong>sint,</strong></span> <span class='ocrx_word' id='word_1_618' title='bbox 2881 4453 2978 4510; x_wconf 88' lang='lat' dir='ltr'><strong>sed</strong></span> <span class='ocrx_word' id='word_1_619' title='bbox 3005 4472 3172 4512; x_wconf 90' lang='lat' dir='ltr'><strong>unum</strong></span> <span class='ocrx_word' id='word_1_620' title='bbox 3197 4460 3253 4514; x_wconf 90' lang='lat' dir='ltr'><strong>in</strong></span> <span class='ocrx_word' id='word_1_621' title='bbox 3281 4476 3386 4517; x_wconf 88' lang='lat' dir='ltr'><strong>una</strong></span> <span class='ocrx_word' id='word_1_622' title='bbox 3416 4467 3604 4521; x_wconf 90' lang='lat' dir='ltr'><strong>mundi</strong></span> 
     </span>
    </p>
   </div>
   <div class='ocr_carea' id='block_1_90' title="bbox 2034 4541 3602 4628">
    <p class='ocr_par' dir='ltr' id='par_1_90' title="bbox 2034 4541 3602 4628">
     <span class='ocr_line' id='line_1_90' title="bbox 2034 4541 3602 4628; baseline 0.015 -38"><span class='ocrx_word' id='word_1_623' title='bbox 2034 4551 2214 4610; x_wconf 81' lang='lat' dir='ltr'><strong>parte,</strong></span> <span class='ocrx_word' id='word_1_624' title='bbox 2253 4541 2484 4596; x_wconf 88' lang='lat' dir='ltr'><strong>alterum</strong></span> <span class='ocrx_word' id='word_1_625' title='bbox 2533 4542 2590 4596; x_wconf 84' lang='lat' dir='ltr'><strong>in</strong></span> <span class='ocrx_word' id='word_1_626' title='bbox 2641 4543 2765 4597; x_wconf 88' lang='lat' dir='ltr'><strong>alia.</strong></span> <span class='ocrx_word' id='word_1_627' title='bbox 2795 4543 2912 4599; x_wconf 83' lang='lat' dir='ltr'><strong>Jam</strong></span> <span class='ocrx_word' id='word_1_628' title='bbox 2969 4548 3096 4617; x_wconf 89' lang='lat' dir='ltr'><strong>quis</strong></span> <span class='ocrx_word' id='word_1_629' title='bbox 3153 4552 3369 4623; x_wconf 86' lang='lat' dir='ltr'><strong>utrique</strong></span> <span class='ocrx_word' id='word_1_630' title='bbox 3423 4558 3602 4628; x_wconf 83' lang='lat' dir='ltr'><strong>regio-</strong></span> 
     </span>
    </p>
   </div>
   <div class='ocr_carea' id='block_1_91' title="bbox 355 4612 1933 4702">
    <p class='ocr_par' dir='ltr' id='par_1_91' title="bbox 355 4612 1932 4688">
     <span class='ocr_line' id='line_1_91' title="bbox 355 4612 1932 4688; baseline -0.001 -19"><span class='ocrx_word' id='word_1_631' title='bbox 355 4620 474 4686; x_wconf 78' lang='grc' dir='ltr'>γὰρ</span> <span class='ocrx_word' id='word_1_632' title='bbox 506 4613 758 4684; x_wconf 78' lang='grc' dir='ltr'>ἀλλήλοις</span> <span class='ocrx_word' id='word_1_633' title='bbox 799 4612 1200 4683; x_wconf 81' lang='grc' dir='ltr'>συνενεχθῆναι,</span> <span class='ocrx_word' id='word_1_634' title='bbox 1235 4615 1328 4667; x_wconf 80' lang='grc' dir='ltr'>καὶ</span> <span class='ocrx_word' id='word_1_635' title='bbox 1361 4615 1796 4685; x_wconf 75' lang='grc' dir='ltr'>συμδισασθῆναι</span> <span class='ocrx_word' id='word_1_636' title='bbox 1826 4617 1932 4688; x_wconf 81' lang='grc' dir='ltr'><strong>φή-</strong></span> 
     </span>
    </p>
   </div>
   <div class='ocr_carea' id='block_1_92' title="bbox 2033 4612 3603 4702">
    <p class='ocr_par' dir='ltr' id='par_1_92' title="bbox 2037 4612 3603 4702">
     <span class='ocr_line' id='line_1_92' title="bbox 2037 4612 3603 4702; baseline 0.01 -19"><span class='ocrx_word' id='word_1_637' title='bbox 2037 4644 2162 4684; x_wconf 89' lang='lat' dir='ltr'><strong>nem</strong></span> <span class='ocrx_word' id='word_1_638' title='bbox 2190 4629 2480 4700; x_wconf 85' lang='lat' dir='ltr'><strong>descripsit</strong></span> <span class='ocrx_word' id='word_1_639' title='bbox 2507 4630 2909 4702; x_wconf 73' lang='lat' dir='ltr'><strong>suamiNeque</strong></span> <span class='ocrx_word' id='word_1_640' title='bbox 2961 4635 3105 4690; x_wconf 90' lang='lat' dir='ltr'><strong>enim</strong></span> <span class='ocrx_word' id='word_1_641' title='bbox 3141 4612 3294 4692; x_wconf 50' lang='lat' dir='ltr'><strong>inter.</strong></span> <span class='ocrx_word' id='word_1_642' title='bbox 3308 4655 3367 4694; x_wconf 93' lang='lat' dir='ltr'><strong>se</strong></span> <span class='ocrx_word' id='word_1_643' title='bbox 3399 4612 3603 4698; x_wconf 48' lang='lat' dir='ltr'><strong>conive-</strong></span> 
     </span>
    </p>
   </div>
   <div class='ocr_carea' id='block_1_93' title="bbox 355 4705 1932 4779">
    <p class='ocr_par' dir='ltr' id='par_1_93' title="bbox 355 4705 1932 4779">
     <span class='ocr_line' id='line_1_93' title="bbox 355 4705 1932 4779; baseline -0.001 -17"><span class='ocrx_word' id='word_1_644' title='bbox 355 4725 569 4762; x_wconf 80' lang='grc' dir='ltr'>σουσιν.</span> <span class='ocrx_word' id='word_1_645' title='bbox 619 4705 772 4760; x_wconf 79' lang='grc' dir='ltr'><strong>Ἐπεὶ</strong></span> <span class='ocrx_word' id='word_1_646' title='bbox 802 4705 863 4759; x_wconf 85' lang='grc' dir='ltr'><strong>οὐ</strong></span> <span class='ocrx_word' id='word_1_647' title='bbox 894 4706 1065 4759; x_wconf 82' lang='grc' dir='ltr'>κακὸν</span> <span class='ocrx_word' id='word_1_648' title='bbox 1092 4706 1154 4759; x_wconf 85' lang='grc' dir='ltr'><strong>τὸ</strong></span> <span class='ocrx_word' id='word_1_649' title='bbox 1183 4705 1352 4760; x_wconf 79' lang='grc' dir='ltr'>κακὸν</span> <span class='ocrx_word' id='word_1_650' title='bbox 1382 4708 1605 4778; x_wconf 80' lang='grc' dir='ltr'>ειρήνην</span> <span class='ocrx_word' id='word_1_651' title='bbox 1632 4707 1766 4777; x_wconf 76' lang='grc' dir='ltr'>ἄγον</span> <span class='ocrx_word' id='word_1_652' title='bbox 1797 4708 1932 4779; x_wconf 80' lang='grc' dir='ltr'>πρὸς</span> 
     </span>
    </p>
   </div>
   <div class='ocr_carea' id='block_1_94' title="bbox 352 4796 1932 4869">
    <p class='ocr_par' dir='ltr' id='par_1_94' title="bbox 352 4796 1932 4869">
     <span class='ocr_line' id='line_1_94' title="bbox 352 4796 1932 4869; baseline 0.002 -16"><span class='ocrx_word' id='word_1_653' title='bbox 352 4799 419 4853; x_wconf 73' lang='grc' dir='ltr'>τὸ</span> <span class='ocrx_word' id='word_1_654' title='bbox 467 4796 702 4869; x_wconf 80' lang='grc' dir='ltr'>ἀγαθὸν,</span> <span class='ocrx_word' id='word_1_655' title='bbox 747 4798 843 4850; x_wconf 76' lang='grc' dir='ltr'>καὶ</span> <span class='ocrx_word' id='word_1_656' title='bbox 886 4797 1358 4868; x_wconf 76' lang='grc' dir='ltr'>συμσιὸαζόμενον</span> <span class='ocrx_word' id='word_1_657' title='bbox 1384 4815 1399 4832; x_wconf 76' lang='grc' dir='ltr'><strong>ο</strong></span> <span class='ocrx_word' id='word_1_658' title='bbox 1445 4799 1568 4854; x_wconf 77' lang='grc' dir='ltr'>οὐδὲ</span> <span class='ocrx_word' id='word_1_659' title='bbox 1612 4801 1817 4869; x_wconf 78' lang='grc' dir='ltr'>ἀγαθὸν</span> <span class='ocrx_word' id='word_1_660' title='bbox 1870 4801 1932 4856; x_wconf 76' lang='grc' dir='ltr'>τὸ</span> 
     </span>
    </p>
   </div>
   <div class='ocr_carea' id='block_1_95' title="bbox 351 4889 1928 4964">
    <p class='ocr_par' dir='ltr' id='par_1_95' title="bbox 351 4889 1928 4964">
     <span class='ocr_line' id='line_1_95' title="bbox 351 4889 1928 4964; baseline 0.003 -18"><span class='ocrx_word' id='word_1_661' title='bbox 351 4891 562 4960; x_wconf 70' lang='grc' dir='ltr'>ἀγαθὸν</span> <span class='ocrx_word' id='word_1_662' title='bbox 614 4889 844 4961; x_wconf 79' lang='grc' dir='ltr'><strong>φιλικῶς</strong></span> <span class='ocrx_word' id='word_1_663' title='bbox 904 4892 1044 4961; x_wconf 80' lang='grc' dir='ltr'>πρὸς</span> <span class='ocrx_word' id='word_1_664' title='bbox 1101 4889 1164 4944; x_wconf 83' lang='grc' dir='ltr'>τὸ</span> <span class='ocrx_word' id='word_1_665' title='bbox 1223 4891 1393 4946; x_wconf 83' lang='grc' dir='ltr'>κακὸν</span> <span class='ocrx_word' id='word_1_666' title='bbox 1444 4891 1808 4964; x_wconf 87' lang='grc' dir='ltr'>διακείμενον.</span> <span class='ocrx_word' id='word_1_667' title='bbox 1863 4896 1928 4950; x_wconf 83' lang='lat' dir='ltr'><strong>El</strong></span> 
     </span>
    </p>
   </div>
   <div class='ocr_carea' id='block_1_96' title="bbox 354 4980 1927 5056">
    <p class='ocr_par' dir='ltr' id='par_1_96' title="bbox 354 4980 1927 5056">
     <span class='ocr_line' id='line_1_96' title="bbox 354 4980 1927 5056; baseline 0.001 -18"><span class='ocrx_word' id='word_1_668' title='bbox 354 4985 405 5038; x_wconf 84' lang='grc' dir='ltr'>δ’</span> <span class='ocrx_word' id='word_1_669' title='bbox 454 4985 640 5054; x_wconf 69' lang='grc' dir='ltr'>ἕτερος</span> <span class='ocrx_word' id='word_1_670' title='bbox 685 4985 716 5036; x_wconf 82' lang='grc' dir='ltr'><strong>ὁ</strong></span> <span class='ocrx_word' id='word_1_671' title='bbox 760 4980 967 5036; x_wconf 79' lang='grc' dir='ltr'>τούτων</span> <span class='ocrx_word' id='word_1_672' title='bbox 1011 4981 1228 5052; x_wconf 72' lang='grc' dir='ltr'>ἑκάστῳ</span> <span class='ocrx_word' id='word_1_673' title='bbox 1268 4983 1368 5054; x_wconf 79' lang='grc' dir='ltr'><strong>τὴν</strong></span> <span class='ocrx_word' id='word_1_674' title='bbox 1410 4984 1621 5041; x_wconf 72' lang='grc' dir='ltr'>οἰκείαν</span> <span class='ocrx_word' id='word_1_675' title='bbox 1658 4986 1927 5056; x_wconf 80' lang='grc' dir='ltr'>ἀφορίσας</span> 
     </span>
    </p>
   </div>
   <div class='ocr_carea' id='block_1_97' title="bbox 349 5073 1928 5149">
    <p class='ocr_par' dir='ltr' id='par_1_97' title="bbox 349 5073 1928 5149">
     <span class='ocr_line' id='line_1_97' title="bbox 349 5073 1928 5149; baseline 0.002 -20"><span class='ocrx_word' id='word_1_676' title='bbox 349 5074 661 5146; x_wconf 76' lang='grc' dir='ltr'>διατριϐὴν,</span> <span class='ocrx_word' id='word_1_677' title='bbox 711 5073 916 5136; x_wconf 67' lang='grc' dir='ltr'>ἐκεῖνος</span> <span class='ocrx_word' id='word_1_678' title='bbox 963 5073 1166 5143; x_wconf 80' lang='grc' dir='ltr'>μᾶλλον</span> <span class='ocrx_word' id='word_1_679' title='bbox 1203 5075 1353 5129; x_wconf 73' lang='grc' dir='ltr'>ἔσται</span> <span class='ocrx_word' id='word_1_680' title='bbox 1395 5075 1544 5139; x_wconf 80' lang='grc' dir='ltr'>Θεός.</span> <span class='ocrx_word' id='word_1_681' title='bbox 1593 5077 1830 5149; x_wconf 77' lang='grc' dir='ltr'>Ἀνάγκη</span> <span class='ocrx_word' id='word_1_682' title='bbox 1870 5078 1928 5132; x_wconf 69' lang='grc' dir='ltr'>δὲ</span> 
     </span>
    </p>
   </div>
   <div class='ocr_carea' id='block_1_98' title="bbox 352 5166 1924 5242">
    <p class='ocr_par' dir='ltr' id='par_1_98' title="bbox 352 5166 1924 5242">
     <span class='ocr_line' id='line_1_98' title="bbox 352 5166 1924 5242; baseline 0.003 -19"><span class='ocrx_word' id='word_1_683' title='bbox 352 5173 452 5224; x_wconf 73' lang='grc' dir='ltr'>καὶ</span> <span class='ocrx_word' id='word_1_684' title='bbox 469 5171 615 5222; x_wconf 75' lang='grc' dir='ltr'>δυοῖν</span> <span class='ocrx_word' id='word_1_685' title='bbox 641 5169 890 5237; x_wconf 77' lang='grc' dir='ltr'>θάτερον,</span> <span class='ocrx_word' id='word_1_686' title='bbox 914 5167 944 5236; x_wconf 79' lang='grc' dir='ltr'>ἢ</span> <span class='ocrx_word' id='word_1_687' title='bbox 997 5166 1288 5227; x_wconf 76' lang='grc' dir='ltr'>ἅπτεσθαι.</span> <span class='ocrx_word' id='word_1_688' title='bbox 1321 5169 1414 5223; x_wconf 79' lang='grc' dir='ltr'>καὶ</span> <span class='ocrx_word' id='word_1_689' title='bbox 1437 5169 1680 5238; x_wconf 72' lang='grc' dir='ltr'>φθείρειν</span> <span class='ocrx_word' id='word_1_690' title='bbox 1701 5170 1924 5242; x_wconf 76' lang='grc' dir='ltr'>ἄλληλα,</span> 
     </span>
    </p>
   </div>
   <div class='ocr_carea' id='block_1_99' title="bbox 354 5252 1928 5332">
    <p class='ocr_par' dir='ltr' id='par_1_99' title="bbox 354 5252 1928 5332">
     <span class='ocr_line' id='line_1_99' title="bbox 354 5252 1928 5332; baseline 0.003 -20"><span class='ocrx_word' id='word_1_691' title='bbox 354 5261 389 5329; x_wconf 83' lang='grc' dir='ltr'><strong>ῆ</strong></span> <span class='ocrx_word' id='word_1_692' title='bbox 421 5255 563 5312; x_wconf 84' lang='grc' dir='ltr'>εἷναί</span> <span class='ocrx_word' id='word_1_693' title='bbox 593 5276 648 5312; x_wconf 88' lang='grc' dir='ltr'>τι</span> <span class='ocrx_word' id='word_1_694' title='bbox 679 5260 871 5329; x_wconf 66' lang='grc' dir='ltr'>μέσον,</span> <span class='ocrx_word' id='word_1_695' title='bbox 901 5259 958 5312; x_wconf 71' lang='grc' dir='ltr'>ὲν</span> <span class='ocrx_word' id='word_1_696' title='bbox 990 5252 1034 5327; x_wconf 83' lang='grc' dir='ltr'>ᾧ</span> <span class='ocrx_word' id='word_1_697' title='bbox 1066 5258 1187 5312; x_wconf 77' lang='grc' dir='ltr'>οὐδὲ</span> <span class='ocrx_word' id='word_1_698' title='bbox 1220 5259 1282 5312; x_wconf 80' lang='grc' dir='ltr'><strong>τὸ</strong></span> <span class='ocrx_word' id='word_1_699' title='bbox 1320 5259 1512 5323; x_wconf 70' lang='grc' dir='ltr'>κακὸν,</span> <span class='ocrx_word' id='word_1_700' title='bbox 1543 5260 1664 5314; x_wconf 83' lang='grc' dir='ltr'>οὐδὲ</span> <span class='ocrx_word' id='word_1_701' title='bbox 1697 5263 1758 5316; x_wconf 82' lang='grc' dir='ltr'><strong>τὸ</strong></span> <span class='ocrx_word' id='word_1_702' title='bbox 1787 5264 1928 5332; x_wconf 76' lang='grc' dir='ltr'>ἀγα-</span> 
     </span>
    </p>
   </div>
   <div class='ocr_carea' id='block_1_100' title="bbox 353 5351 1927 5426">
    <p class='ocr_par' dir='ltr' id='par_1_100' title="bbox 353 5351 1927 5426">
     <span class='ocr_line' id='line_1_100' title="bbox 353 5351 1927 5426; baseline 0.002 -19"><span class='ocrx_word' id='word_1_703' title='bbox 353 5353 450 5407; x_wconf 85' lang='grc' dir='ltr'><strong>θόν</strong></span> <span class='ocrx_word' id='word_1_704' title='bbox 478 5352 652 5419; x_wconf 72' lang='grc' dir='ltr'>ἔσται,</span> <span class='ocrx_word' id='word_1_705' title='bbox 677 5351 869 5421; x_wconf 83' lang='grc' dir='ltr'>ὥσπερ</span> <span class='ocrx_word' id='word_1_706' title='bbox 905 5367 959 5404; x_wconf 84' lang='grc' dir='ltr'>τι</span> <span class='ocrx_word' id='word_1_707' title='bbox 985 5351 1310 5422; x_wconf 82' lang='grc' dir='ltr'>διάφραγμα</span> <span class='ocrx_word' id='word_1_708' title='bbox 1338 5351 1575 5424; x_wconf 83' lang='grc' dir='ltr'>διεῖργον</span> <span class='ocrx_word' id='word_1_709' title='bbox 1600 5353 1658 5420; x_wconf 77' lang='grc' dir='ltr'><strong>ἐξ</strong></span> <span class='ocrx_word' id='word_1_710' title='bbox 1681 5353 1927 5426; x_wconf 76' lang='grc' dir='ltr'>ἀλλήλων</span> 
     </span>
    </p>
   </div>
   <div class='ocr_carea' id='block_1_101' title="bbox 433 5468 902 5540">
    <p class='ocr_par' dir='ltr' id='par_1_101' title="bbox 433 5468 902 5540">
     <span class='ocr_line' id='line_1_101' title="bbox 433 5468 902 5540; baseline -0.004 -17"><span class='ocrx_word' id='word_1_711' title='bbox 433 5471 452 5501; x_wconf 76' lang='grc'>⁸</span> <span class='ocrx_word' id='word_1_712' title='bbox 483 5468 718 5540; x_wconf 88' lang='lat' dir='ltr'><strong>Philipp.</strong></span> <span class='ocrx_word' id='word_1_713' title='bbox 764 5482 822 5534; x_wconf 81' lang='grc' dir='ltr'><strong>ιι,</strong></span> <span class='ocrx_word' id='word_1_714' title='bbox 850 5470 902 5522; x_wconf 87' lang='grc'><strong>7.</strong></span> 
     </span>
    </p>
   </div>
   <div class='ocr_carea' id='block_1_102' title="bbox 375 5575 1923 5655">
    <p class='ocr_par' dir='ltr' id='par_1_102' title="bbox 375 5575 1923 5655">
     <span class='ocr_line' id='line_1_102' title="bbox 375 5575 1923 5655; baseline 0.029 -54"><span class='ocrx_word' id='word_1_715' title='bbox 375 5595 381 5601; x_wconf 88' lang='grc'><strong>.</strong></span> <span class='ocrx_word' id='word_1_716' title='bbox 432 5585 515 5655; x_wconf 75' lang='grc'><strong>(8)</strong></span> <span class='ocrx_word' id='word_1_717' title='bbox 545 5584 624 5638; x_wconf 64' lang='lat' dir='ltr'><strong>Ad</strong></span> <span class='ocrx_word' id='word_1_718' title='bbox 647 5583 837 5649; x_wconf 60' lang='lat' dir='ltr'><strong>verba,</strong></span> <span class='ocrx_word' id='word_1_719' title='bbox 869 5583 930 5655; x_wconf 63' lang='grc' dir='ltr'><strong>οι</strong></span> <span class='ocrx_word' id='word_1_720' title='bbox 971 5579 1028 5634; x_wconf 71' lang='grc' dir='ltr'>δὲ</span> <span class='ocrx_word' id='word_1_721' title='bbox 1069 5578 1169 5655; x_wconf 75' lang='grc' dir='ltr'>τῆς</span> <span class='ocrx_word' id='word_1_722' title='bbox 1198 5578 1306 5655; x_wconf 67' lang='grc' dir='ltr'><strong>τῷν</strong></span> <span class='ocrx_word' id='word_1_723' title='bbox 1353 5575 1923 5655; x_wconf 41' lang='grc' dir='ltr'>Δοκιτῷγφάλαγζίοςο</span> 
     </span>
    </p>
   </div>
   <div class='ocr_carea' id='block_1_103' title="bbox 2036 4721 3602 4799">
    <p class='ocr_par' dir='ltr' id='par_1_103' title="bbox 2036 4721 3602 4799">
     <span class='ocr_line' id='line_1_103' title="bbox 2036 4721 3602 4799; baseline 0.008 -23"><span class='ocrx_word' id='word_1_724' title='bbox 2036 4722 2208 4787; x_wconf 87' lang='lat' dir='ltr'><strong>nisse,</strong></span> <span class='ocrx_word' id='word_1_725' title='bbox 2237 4731 2292 4777; x_wconf 88' lang='lat' dir='ltr'><strong>et</strong></span> <span class='ocrx_word' id='word_1_726' title='bbox 2321 4721 2500 4778; x_wconf 69' lang='lat' dir='ltr'><strong>lmdus</strong></span> <span class='ocrx_word' id='word_1_727' title='bbox 2529 4723 2716 4779; x_wconf 88' lang='lat' dir='ltr'><strong>iniisse</strong></span> <span class='ocrx_word' id='word_1_728' title='bbox 2755 4724 2955 4779; x_wconf 90' lang='lat' dir='ltr'><strong>dicent.</strong></span> <span class='ocrx_word' id='word_1_729' title='bbox 2985 4724 3431 4799; x_wconf 86' lang='lat' dir='ltr'><strong>Quandoquidem</strong></span> <span class='ocrx_word' id='word_1_730' title='bbox 3481 4749 3602 4788; x_wconf 86' lang='lat' dir='ltr'><strong>ma-</strong></span> 
     </span>
    </p>
   </div>
   <div class='ocr_carea' id='block_1_104' title="bbox 2034 4811 3596 4880">
    <p class='ocr_par' dir='ltr' id='par_1_104' title="bbox 2034 4811 3596 4880">
     <span class='ocr_line' id='line_1_104' title="bbox 2034 4811 3596 4880; baseline 0.007 -13"><span class='ocrx_word' id='word_1_731' title='bbox 2034 4811 2145 4868; x_wconf 90' lang='lat' dir='ltr'><strong>lum</strong></span> <span class='ocrx_word' id='word_1_732' title='bbox 2179 4829 2287 4870; x_wconf 89' lang='lat' dir='ltr'><strong>non</strong></span> <span class='ocrx_word' id='word_1_733' title='bbox 2314 4823 2460 4872; x_wconf 87' lang='lat' dir='ltr'><strong>esset</strong></span> <span class='ocrx_word' id='word_1_734' title='bbox 2491 4816 2712 4880; x_wconf 89' lang='lat' dir='ltr'><strong>malum,</strong></span> <span class='ocrx_word' id='word_1_735' title='bbox 2749 4817 2793 4872; x_wconf 92' lang='lat' dir='ltr'><strong>si</strong></span> <span class='ocrx_word' id='word_1_736' title='bbox 2823 4817 3063 4872; x_wconf 90' lang='lat' dir='ltr'><strong>amicitia</strong></span> <span class='ocrx_word' id='word_1_737' title='bbox 3094 4835 3218 4873; x_wconf 92' lang='lat' dir='ltr'><strong>cum</strong></span> <span class='ocrx_word' id='word_1_738' title='bbox 3277 4822 3422 4877; x_wconf 89' lang='lat' dir='ltr'><strong>bono</strong></span> <span class='ocrx_word' id='word_1_739' title='bbox 3464 4837 3596 4878; x_wconf 88' lang='lat' dir='ltr'><strong>con-</strong></span> 
     </span>
    </p>
   </div>
   <div class='ocr_carea' id='block_1_105' title="bbox 2029 4905 3594 4977">
    <p class='ocr_par' dir='ltr' id='par_1_105' title="bbox 2029 4905 3594 4977">
     <span class='ocr_line' id='line_1_105' title="bbox 2029 4905 3594 4977; baseline 0.006 -18"><span class='ocrx_word' id='word_1_740' title='bbox 2029 4905 2277 4976; x_wconf 77' lang='lat' dir='ltr'><strong>iunctum</strong></span> <span class='ocrx_word' id='word_1_741' title='bbox 2322 4917 2500 4966; x_wconf 80' lang='lat' dir='ltr'><strong>esset;</strong></span> <span class='ocrx_word' id='word_1_742' title='bbox 2533 4922 2636 4964; x_wconf 88' lang='lat' dir='ltr'><strong>nec</strong></span> <span class='ocrx_word' id='word_1_743' title='bbox 2685 4908 2890 4964; x_wconf 88' lang='lat' dir='ltr'><strong>bonum</strong></span> <span class='ocrx_word' id='word_1_744' title='bbox 2923 4918 3068 4964; x_wconf 84' lang='lat' dir='ltr'><strong>esset</strong></span> <span class='ocrx_word' id='word_1_745' title='bbox 3126 4909 3352 4977; x_wconf 89' lang='lat' dir='ltr'><strong>bonum,</strong></span> <span class='ocrx_word' id='word_1_746' title='bbox 3407 4913 3453 4968; x_wconf 90' lang='lat' dir='ltr'><strong>si</strong></span> <span class='ocrx_word' id='word_1_747' title='bbox 3520 4914 3594 4969; x_wconf 92' lang='lat' dir='ltr'><strong>illi</strong></span> 
     </span>
    </p>
   </div>
   <div class='ocr_carea' id='block_1_106' title="bbox 2030 4997 3596 5071">
    <p class='ocr_par' dir='ltr' id='par_1_106' title="bbox 2030 4997 3596 5071">
     <span class='ocr_line' id='line_1_106' title="bbox 2030 4997 3596 5071; baseline 0.003 -16"><span class='ocrx_word' id='word_1_748' title='bbox 2030 5014 2156 5055; x_wconf 90' lang='lat' dir='ltr'><strong>cum</strong></span> <span class='ocrx_word' id='word_1_749' title='bbox 2204 4999 2346 5053; x_wconf 88' lang='lat' dir='ltr'><strong>malo</strong></span> <span class='ocrx_word' id='word_1_750' title='bbox 2401 4999 2738 5056; x_wconf 88' lang='lat' dir='ltr'><strong>conveniret.</strong></span> <span class='ocrx_word' id='word_1_751' title='bbox 2800 4997 2896 5052; x_wconf 88' lang='lat' dir='ltr'><strong>Sin</strong></span> <span class='ocrx_word' id='word_1_752' title='bbox 2961 5001 3153 5055; x_wconf 90' lang='lat' dir='ltr'><strong>tertius</strong></span> <span class='ocrx_word' id='word_1_753' title='bbox 3193 5001 3390 5071; x_wconf 88' lang='lat' dir='ltr'><strong>aliquis</strong></span> <span class='ocrx_word' id='word_1_754' title='bbox 3438 5021 3596 5060; x_wconf 90' lang='lat' dir='ltr'><strong>suum</strong></span> 
     </span>
    </p>
   </div>
   <div class='ocr_carea' id='block_1_107' title="bbox 2034 5089 3598 5163">
    <p class='ocr_par' dir='ltr' id='par_1_107' title="bbox 2034 5089 3598 5163">
     <span class='ocr_line' id='line_1_107' title="bbox 2034 5089 3598 5163; baseline 0.006 -18"><span class='ocrx_word' id='word_1_755' title='bbox 2034 5091 2250 5160; x_wconf 89' lang='lat' dir='ltr'><strong>utrique</strong></span> <span class='ocrx_word' id='word_1_756' title='bbox 2307 5090 2643 5146; x_wconf 88' lang='lat' dir='ltr'><strong>domicilium</strong></span> <span class='ocrx_word' id='word_1_757' title='bbox 2701 5089 3036 5159; x_wconf 74' lang='lat' dir='ltr'><strong>praellnivit,</strong></span> <span class='ocrx_word' id='word_1_758' title='bbox 3098 5092 3186 5146; x_wconf 92' lang='lat' dir='ltr'><strong>ille</strong></span> <span class='ocrx_word' id='word_1_759' title='bbox 3242 5095 3420 5163; x_wconf 87' lang='lat' dir='ltr'><strong>potius</strong></span> <span class='ocrx_word' id='word_1_760' title='bbox 3494 5098 3598 5154; x_wconf 88' lang='lat' dir='ltr'><strong>erit</strong></span> 
     </span>
    </p>
   </div>
   <div class='ocr_carea' id='block_1_108' title="bbox 2030 5182 3594 5252">
    <p class='ocr_par' dir='ltr' id='par_1_108' title="bbox 2030 5182 3594 5252">
     <span class='ocr_line' id='line_1_108' title="bbox 2030 5182 3594 5252; baseline 0.001 -13"><span class='ocrx_word' id='word_1_761' title='bbox 2030 5184 2192 5239; x_wconf 89' lang='lat' dir='ltr'><strong>Deus.</strong></span> <span class='ocrx_word' id='word_1_762' title='bbox 2293 5182 2631 5236; x_wconf 83' lang='lat' dir='ltr'><strong>Alterutrum</strong></span> <span class='ocrx_word' id='word_1_763' title='bbox 2716 5191 2898 5236; x_wconf 88' lang='lat' dir='ltr'><strong>autem</strong></span> <span class='ocrx_word' id='word_1_764' title='bbox 2986 5190 3072 5236; x_wconf 92' lang='lat' dir='ltr'><strong>est</strong></span> <span class='ocrx_word' id='word_1_765' title='bbox 3175 5186 3542 5241; x_wconf 87' lang='lat' dir='ltr'><strong>necessarium</strong></span> <span class='ocrx_word' id='word_1_766' title='bbox 3578 5229 3594 5252; x_wconf 89' lang='lat'><strong>,</strong></span> 
     </span>
    </p>
   </div>
   <div class='ocr_carea' id='block_1_109' title="bbox 2029 5271 3598 5344">
    <p class='ocr_par' dir='ltr' id='par_1_109' title="bbox 2029 5271 3598 5344">
     <span class='ocr_line' id='line_1_109' title="bbox 2029 5271 3598 5344; baseline 0.003 -17"><span class='ocrx_word' id='word_1_767' title='bbox 2029 5282 2088 5327; x_wconf 90' lang='lat' dir='ltr'><strong>ut</strong></span> <span class='ocrx_word' id='word_1_768' title='bbox 2143 5271 2225 5326; x_wconf 86' lang='lat' dir='ltr'><strong>vel</strong></span> <span class='ocrx_word' id='word_1_769' title='bbox 2287 5286 2345 5326; x_wconf 92' lang='lat' dir='ltr'><strong>se</strong></span> <span class='ocrx_word' id='word_1_770' title='bbox 2380 5271 2700 5342; x_wconf 83' lang='lat' dir='ltr'><strong>contingant</strong></span> <span class='ocrx_word' id='word_1_771' title='bbox 2756 5284 3052 5344; x_wconf 90' lang='lat' dir='ltr'><strong>mutuoque</strong></span> <span class='ocrx_word' id='word_1_772' title='bbox 3117 5275 3453 5342; x_wconf 86' lang='lat' dir='ltr'><strong>interimant,</strong></span> <span class='ocrx_word' id='word_1_773' title='bbox 3513 5281 3598 5332; x_wconf 75' lang='lat' dir='ltr'><strong>vel</strong></span> 
     </span>
    </p>
   </div>
   <div class='ocr_carea' id='block_1_110' title="bbox 2029 5363 3600 5438">
    <p class='ocr_par' dir='ltr' id='par_1_110' title="bbox 2029 5363 3600 5438">
     <span class='ocr_line' id='line_1_110' title="bbox 2029 5363 3600 5438; baseline 0.005 -21"><span class='ocrx_word' id='word_1_774' title='bbox 2029 5363 2175 5418; x_wconf 88' lang='lat' dir='ltr'><strong>inter</strong></span> <span class='ocrx_word' id='word_1_775' title='bbox 2237 5378 2302 5418; x_wconf 89' lang='lat' dir='ltr'><strong>ea</strong></span> <span class='ocrx_word' id='word_1_776' title='bbox 2360 5364 2432 5418; x_wconf 88' lang='lat' dir='ltr'><strong>sit</strong></span> <span class='ocrx_word' id='word_1_777' title='bbox 2491 5363 2713 5434; x_wconf 88' lang='lat' dir='ltr'><strong>aliquod</strong></span> <span class='ocrx_word' id='word_1_778' title='bbox 2761 5367 3028 5433; x_wconf 81' lang='lat' dir='ltr'><strong>medium,</strong></span> <span class='ocrx_word' id='word_1_779' title='bbox 3070 5367 3124 5421; x_wconf 91' lang='lat' dir='ltr'><strong>in</strong></span> <span class='ocrx_word' id='word_1_780' title='bbox 3169 5383 3278 5438; x_wconf 92' lang='lat' dir='ltr'><strong>quo</strong></span> <span class='ocrx_word' id='word_1_781' title='bbox 3338 5384 3443 5426; x_wconf 89' lang='lat' dir='ltr'><strong>nec</strong></span> <span class='ocrx_word' id='word_1_782' title='bbox 3496 5369 3600 5426; x_wconf 89' lang='lat' dir='ltr'><strong>bo-</strong></span> 
     </span>
    </p>
   </div>
   <div class='ocr_carea' id='block_1_111' title="bbox 2028 5583 3597 5656">
    <p class='ocr_par' dir='ltr' id='par_1_111' title="bbox 2028 5583 3597 5656">
     <span class='ocr_line' id='line_1_111' title="bbox 2028 5583 3597 5656; baseline 0.004 -17"><span class='ocrx_word' id='word_1_783' title='bbox 2028 5585 2276 5656; x_wconf 82' lang='grc' dir='ltr'>λὲγοντες</span> <span class='ocrx_word' id='word_1_784' title='bbox 2311 5583 2411 5656; x_wconf 78' lang='grc' dir='ltr'>τὴν</span> <span class='ocrx_word' id='word_1_785' title='bbox 2457 5583 2608 5656; x_wconf 87' lang='grc' dir='ltr'>θείαν</span> <span class='ocrx_word' id='word_1_786' title='bbox 2639 5585 3057 5656; x_wconf 77' lang='grc' dir='ltr'>ἐνανθρώπησιν</span> <span class='ocrx_word' id='word_1_787' title='bbox 3083 5603 3098 5619; x_wconf 66' lang='grc'><strong><em>⁸</em></strong></span> <span class='ocrx_word' id='word_1_788' title='bbox 3147 5588 3322 5642; x_wconf 79' lang='grc' dir='ltr'>ὁποῖοί</span> <span class='ocrx_word' id='word_1_789' title='bbox 3356 5590 3462 5644; x_wconf 78' lang='grc' dir='ltr'>εισι</span> <span class='ocrx_word' id='word_1_790' title='bbox 3502 5591 3597 5647; x_wconf 79' lang='grc' dir='ltr'>καὶ</span> 
     </span>
    </p>
   </div>
   <div class='ocr_carea' id='block_1_112' title="bbox 355 5648 1933 5738">
    <p class='ocr_par' dir='ltr' id='par_1_112' title="bbox 355 5648 1917 5738">
     <span class='ocr_line' id='line_1_112' title="bbox 355 5648 1917 5738; baseline -0.006 -27"><span class='ocrx_word' id='word_1_791' title='bbox 355 5648 558 5724; x_wconf 69' lang='lat' dir='ltr'><strong>legitur</strong></span> <span class='ocrx_word' id='word_1_792' title='bbox 600 5648 867 5738; x_wconf 71' lang='lat' dir='ltr'><strong>scholium</strong></span> <span class='ocrx_word' id='word_1_793' title='bbox 915 5648 1206 5738; x_wconf 37' lang='lat' dir='ltr'><strong>ichodice</strong></span> <span class='ocrx_word' id='word_1_794' title='bbox 1257 5648 1568 5738; x_wconf 56' lang='lat' dir='ltr'><strong>M‘osquensi</strong></span> <span class='ocrx_word' id='word_1_795' title='bbox 1588 5649 1612 5700; x_wconf 80' lang='grc'>1</span> <span class='ocrx_word' id='word_1_796' title='bbox 1653 5668 1665 5702; x_wconf 96' lang='lat'>:</span> <span class='ocrx_word' id='word_1_797' title='bbox 1698 5650 1917 5738; x_wconf 64' lang='lat' dir='ltr'><strong>onirat</strong></span> 
     </span>
    </p>
   </div>
   <div class='ocr_carea' id='block_1_113' title="bbox 2033 5648 3620 5738">
    <p class='ocr_par' dir='ltr' id='par_1_113' title="bbox 2033 5648 3620 5738">
     <span class='ocr_line' id='line_1_113' title="bbox 2033 5648 3620 5738; baseline 0.006 -30"><span class='ocrx_word' id='word_1_798' title='bbox 2033 5659 2078 5738; x_wconf 35' lang='lat' dir='ltr'><strong>si,</strong></span> <span class='ocrx_word' id='word_1_799' title='bbox 2101 5648 2378 5726; x_wconf 67' lang='grc' dir='ltr'>ἆνωτέριιί</span> <span class='ocrx_word' id='word_1_800' title='bbox 2402 5657 2459 5711; x_wconf 68' lang='grc' dir='ltr'>ἐν</span> <span class='ocrx_word' id='word_1_801' title='bbox 2481 5655 2626 5727; x_wconf 74' lang='grc' dir='ltr'><strong>ἀρχῇ</strong></span> <span class='ocrx_word' id='word_1_802' title='bbox 2649 5655 2743 5710; x_wconf 82' lang='grc' dir='ltr'><strong>τοῦ</strong></span> <span class='ocrx_word' id='word_1_803' title='bbox 2785 5648 3050 5727; x_wconf 68' lang='grc' dir='ltr'>τὶαρόντος</span> <span class='ocrx_word' id='word_1_804' title='bbox 3080 5658 3263 5715; x_wconf 77' lang='grc' dir='ltr'>τίτλον</span> <span class='ocrx_word' id='word_1_805' title='bbox 3294 5677 3620 5738; x_wconf 67' lang='grc' dir='ltr'><strong>μνημονειιιει⁶</strong></span> 
     </span>
    </p>
   </div>
   <div class='ocr_carea' id='block_1_114' title="bbox 359 5719 2226 5793">
    <p class='ocr_par' dir='ltr' id='par_1_114' title="bbox 359 5719 2226 5793">
     <span class='ocr_line' id='line_1_114' title="bbox 359 5719 2226 5793; baseline 0 -13"><span class='ocrx_word' id='word_1_806' title='bbox 359 5719 458 5782; x_wconf 61' lang='lat' dir='ltr'><strong>atii.</strong></span> <span class='ocrx_word' id='word_1_807' title='bbox 473 5724 898 5793; x_wconf 59' lang='lat' dir='ltr'><strong>hvractaoul,</strong></span> <span class='ocrx_word' id='word_1_808' title='bbox 923 5723 973 5776; x_wconf 78' lang='grc' dir='ltr'>οι</span> <span class='ocrx_word' id='word_1_809' title='bbox 989 5720 1208 5791; x_wconf 67' lang='grc' dir='ltr'>δοκήσει</span> <span class='ocrx_word' id='word_1_810' title='bbox 1227 5719 1605 5789; x_wconf 25' lang='grc' dir='ltr'>καὶκφανταςία</span> <span class='ocrx_word' id='word_1_811' title='bbox 1627 5723 1910 5790; x_wconf 77' lang='grc' dir='ltr'>γεγονέναι</span> <span class='ocrx_word' id='word_1_812' title='bbox 2021 5725 2226 5790; x_wconf 77' lang='grc' dir='ltr'>θέντες.</span> 
     </span>
    </p>
   </div>
  </div>
