4024 6208
376 289 480 355 3'17

1620 276 2001 337 EU'I‘llYMlI
2044 275 2407 335 ZIGABENI

3537 268 3640 330 328

379 417 511 458 num
576 413 678 453 nec
718 396 916 451 nzalum
964 400 1354 452 commoretur,
1405 389 1657 457 quodque
1696 399 1952 458 tanquam

2079 387 2366 456 ιμφότερα.
2408 384 2517 437 Καὶ
2550 382 2649 436 οὐκ
2680 382 2759 436 ἔτι
2793 382 2905 447 δύο,
2942 380 3080 436 ἀλλὰ
3108 382 3258 448 τρεῖς
3293 383 3461 450 ἀρχαὶ
3491 383 3643 435 ἔσον-

378 504 590 564 septqu
635 501 865 556 utraque
957 486 1205 555 sejungat
1274 489 1328 533 et
1388 479 1629 536 dirimat.
1710 480 1777 534 Et
1851 480 1956 534 hoc

2079 494 2168 530 ται.
2212 476 2451 545 Ἀνάγκη
2480 476 2535 528 δὲ
2559 476 2762 528 τούτων
2787 474 2845 526 τὸ
2872 472 3058 541 ἕτερον
3090 472 3122 543 ἢ
3150 472 3479 543 εἰρηνεύειν,
3502 474 3643 543 ὅπερ

377 585 595 657 quidem
655 592 813 652 pacto
890 593 996 631 non
1055 576 1163 628 duo
1212 580 1395 635 erunt,
1440 573 1535 627 sui
1596 572 1696 627 tria
1756 572 1958 642 princi-

378 680 489 748 pia.
544 674 809 729 Pneterea
868 683 1089 724 necesse
1139 676 1222 721 est
1272 674 1331 719 ut
1372 665 1454 720 vel
1489 667 1542 719 in
1574 680 1707 735 pace
1735 665 1955 736 degant,

379 768 520 839 quod
555 767 752 821 nsalum
776 778 880 815 non
913 769 1117 823 potest:
1138 758 1279 826 quod
1296 758 1438 811 enim
1462 758 1510 810 in
1530 772 1658 825 pace
1674 756 1833 826 degit,
1854 770 1959 809 non

377 872 464 916 eat
512 858 709 911 malum
746 871 760 917 ;
792 852 871 905 vel
927 859 1191 921 pugnent,
1248 850 1391 918 quod
1451 852 1640 917 nequit
1702 848 1903 902 bonum
1944 864 1958 899 :

383 950 526 1021 quod
568 947 713 1001 enim
786 944 984 997 bellum
1046 951 1222 1011 gert,
1289 939 1528 1010 perfecte
1594 940 1794 993 bonum
1851 953 1959 992 non

380 1051 517 1106 est;
569 1038 650 1092 vel
702 1036 897 1089 malum
946 1034 1164 1102 quidem
1221 1041 1463 1100 pugnet,
1524 1031 1725 1085 bonum
1780 1042 1960 1083 autem

380 1147 488 1187 non
511 1138 773 1199 repugnet
797 1144 808 1179 :
838 1143 943 1195 qua
967 1141 1099 1181 sane
1121 1125 1327 1177 ratione
1346 1124 1548 1177 bonum
1580 1138 1607 1174 a
1637 1123 1778 1175 malo
1810 1120 1963 1175 dele-

380 1234 529 1278 retur
561 1229 815 1274 autcerte
843 1224 1129 1271 vexaretur
1153 1223 1207 1268 et
1271 1212 1713 1274 discruciaretur,
1742 1209 1887 1277 quod
1935 1222 1963 1262 ο

382 1315 526 1369 bono
542 1313 779 1365 alienum
822 1320 932 1363 est.
963 1308 1138 1362 Unum
1161 1321 1289 1374 ergo
1326 1304 1649 1373 principium
1671 1310 1777 1364 est,
1804 1302 1965 1370 idque

382 1406 587 1461 bonum
642 1412 697 1457 et
754 1403 821 1455 ab
848 1400 996 1454 omni
1052 1397 1256 1450 malitia
1325 1394 1769 1447 remotissimum.
1808 1392 1963 1457 Quod

382 1496 426 1551 si
487 1495 691 1550 dixeris
720 1493 875 1547 l’nde
907 1491 1070 1560 igitur
1098 1488 1327 1541 malum?
1357 1503 1385 1540 a
1427 1486 1569 1539 bono
1597 1484 1741 1539 enim
1782 1493 1963 1536 ortum

384 1586 589 1640 habere
620 1600 727 1637 non
782 1591 963 1653 potest
990 1597 1004 1646 ;
1028 1580 1440 1649 respondemus,
1461 1573 1964 1631 malumnihilaliud

385 1693 509 1732 esse
540 1678 642 1731 nisi
682 1676 1038 1745 privationem
1071 1673 1217 1735 bum,
1250 1682 1301 1723 et
1323 1670 1797 1724 couunutationem
1817 1682 1965 1721 exeo

2060 567 2120 619 τὸ
2152 566 2320 620 κακὸν
2358 566 2419 618 οὐ
2459 564 2705 625 δύναται,
2742 562 2801 615 τὸ
2837 564 2945 633 γὰρ
2983 561 3265 631 εἰρηνεῦον
3293 562 3353 613 οὐ
3387 562 3577 626 κακὸν,
3612 564 3644 630 ἡ

2064 659 2352 731 μάχεσθαι,
2414 660 2550 727 ὅπερ
2600 659 2661 709 τὸ
2719 656 2921 724 ἀγαθὸν
2980 658 3039 708 οὑ
3096 655 3355 709 δύναμιν
3412 656 3473 707 τὸ
3535 659 3647 724 γὰρ

2065 752 2371 819 μαχόμενον
2402 750 2461 802 οὐ
2505 750 2703 811 τελέως
2757 748 2960 815 ἀγαθόν
2988 762 3003 779 ⁸
3034 747 3065 817 ἦ
3096 749 3154 799 τὸ
3188 748 3285 816 μὲν
3334 748 3503 800 κακὸν
3544 750 3648 815 μά-

2062 844 2275 913 χεσθαι,
2306 844 2363 895 τὸ
2393 842 2449 895 δὲ
2489 842 2692 909 ἀγαθὸν
2720 842 2795 911 μὴ
2827 839 3243 908 ἀντιμάχεσϐαι,
3272 840 3388 891 ἀλλ’
3419 840 3525 893 ὑπὸ
3551 841 3646 892 τοῦ

2064 932 2235 987 κακοῦ
2287 931 2639 1001 φθείρεσθαι,
2694 932 2725 1001 ἢ
2785 932 2872 983 ἀεὶ
2919 928 3243 991 λυπεῖσθαι,
3298 930 3394 981 καὶ
3444 946 3648 983 κακουη

2064 1024 2297 1094 χεῖσθαι,
2330 1024 2466 1094 ὅπερ
2497 1023 2558 1075 οὐ
2589 1023 2682 1074 τοῦ
2718 1020 2925 1089 ἀγαθοῦ
2956 1022 3271 1090 γνώρισμα.
3322 1021 3437 1074 Μία
3467 1022 3647 1074 τοίνυν

2064 1116 2205 1186 ἁρχὴ
2234 1116 2411 1185 ἀγαθὴ
2439 1116 2615 1184 πάσης
2634 1114 2829 1176 κακίας
2865 1113 3281 1183 ἀπηλλαγμένη.
3314 1114 3453 1167 Ἀλλ’
3479 1116 3527 1166 εἰ
3552 1116 3645 1166 τοῦ

2065 1210 2124 1260 τό
2182 1225 2335 1276 φασι,
2390 1206 2557 1259 Πόθεν
2600 1207 2657 1258 τὺ
2690 1208 2899 1268 κακόνς
2958 1207 3243 1276 ἀμήχανον
3280 1207 3389 1275 γὰρ
3447 1208 3512 1259 ὲκ
3548 1208 3644 1260 τοῦ

2066 1298 2272 1365 ἀγαθοῦ
2298 1298 2358 1349 τὸ
2382 1297 2546 1350 κακὸν
2566 1296 2709 1365 ἔχειν
2738 1296 2835 1367 τὴν
2869 1296 3085 1358 γένεσιν
3111 1314 3123 1328 ο
3155 1296 3337 1366 φαμὲν
3358 1293 3450 1349 οὖν
3477 1298 3557 1349 ὅτι
3584 1300 3647 1349 τι»

2068 1391 2235 1442 κακὸν
2268 1390 2418 1443 οὐδὲν
2440 1390 2625 1459 ἕτερόν
2656 1392 2801 1442 ἐστιν
2832 1392 2877 1441 εί
2902 1389 2977 1459 μὴ
3010 1388 3103 1442 τοῦ
3132 1389 3339 1457 ἀγαθοῦ
3370 1390 3643 1460 στέρησις,

2070 1485 2164 1532 καὶ
2208 1482 2273 1533 ὲκ
2305 1480 2397 1532 τοῦ
2450 1481 2589 1533 κατὰ
2638 1480 2800 1549 φύσιν
2844 1484 2924 1544 είς
2958 1483 3017 1533 τὸ
3064 1482 3213 1549 παρὰ
3255 1481 3419 1551 φύσιν
3464 1498 3645 1551 παρλο

2068 1570 2271 1639 τροπή.
2313 1570 2625 1640 Οὑιίὲνγὰρ
2675 1571 2843 1623 κακὸν
2887 1572 3028 1623 κατὰ
3066 1573 3266 1639 φύσιν·
3316 1572 3497 1625 πάντα
3542 1578 3649 1639 γὰρ

2070 1659 2171 1711 ὅσα
2194 1661 2449 1727 ἐποίησεν
2467 1662 2493 1713 6
2526 1661 2655 1724 Θεὸς
2690 1661 2827 1713 κιλὰ
2856 1661 2999 1723 λίαν,
3019 1662 3140 1713 καθ’
3164 1661 3191 1713 ὃ
3225 1661 3471 1728 γέγονεν.
3495 1662 3651 1713 Οὕτω

382 1768 528 1837 quod
572 1767 871 1822 secundum
904 1776 1149 1817 naturam
1178 1760 1339 1815 estin
1376 1760 1428 1813 id
1477 1759 1622 1827 quod
1659 1765 1741 1811 est
1775 1769 1965 1810 contra

2079 1752 2250 1805 τοίνυν
2296 1753 2525 1823 μένοντα
2580 1753 2759 1818 καθὼς
2806 1752 3072 1817 ἔκτισται,
3126 1753 3267 1807 καλὰ
3310 1752 3429 1804 λίαν
3469 1753 3648 1804 εἰσίνο

384 1869 635 1915 naturam
658 1898 672 1912 .
705 1858 851 1911 Nihil
886 1857 1032 1911 enim
1066 1862 1263 1908 natura
1292 1856 1514 1906 malum.
1568 1849 1701 1903 Nam
1759 1850 1965 1912 omnia,

387 1966 511 2022 quze
575 1952 719 2005 Deus
763 1949 912 2013 fecit,
945 1948 1100 2002 valde
1142 1955 1271 2001 sunt
1308 1946 1448 1999 bona
1508 1955 1776 2013 quatenus
1830 1942 1967 1996 facta

386 2054 539 2100 sunt.
604 2044 789 2111 Itaque
840 2040 884 2094 si
934 2048 1156 2095 manent
1219 2036 1677 2106 quemadmodum
1750 2034 1973 2089 fuerunt

386 2144 698 2203 procreata.
742 2132 896 2184 valde
936 2132 1075 2183 bona
1103 2138 1252 2182 sunt.
1299 2127 1396 2181 Sin
1440 2144 1469 2180 a
1502 2127 1723 2197 proprio
1758 2134 1973 2179 natura“:

387 2233 531 2279 statu
589 2223 866 2276 voluntate
901 2220 1196 2275 deﬂectunt
1229 2220 1279 2272 in
1302 2219 1659 2278 contrarium.
1713 2219 1767 2272 in
1832 2218 1974 2271 malo

382 2315 713 2373 consistunt.
769 2312 976 2367 Natura
1011 2312 1173 2382 igitur
1221 2310 1561 2381 procreatori
1596 2321 1788 2365 cuncta
1852 2326 1973 2365 ser-

385 2409 543 2462 viunt
592 2414 647 2461 et
678 2416 890 2476 parent.
940 2404 1167 2470 Quando
1204 2414 1385 2458 autem
1418 2412 1611 2473 sponte
1637 2418 1732 2456 sua
1774 2403 1974 2471 aliquid

384 2506 600 2555 eorum,
652 2507 772 2561 quae
804 2502 1085 2561 procreata
1118 2502 1266 2555 sunt,
1327 2491 1610 2560 imperium
1669 2491 1978 2545 detrectans

385 2584 455 2638 ab
476 2595 699 2639 auctore
724 2601 825 2640 suo
846 2586 1131 2649 defecerit,
1155 2584 1207 2636 in
1233 2598 1290 2638 se
1309 2585 1427 2652 ipso
1450 2582 1649 2637 malum
1674 2582 1975 2639 constituit.

382 2674 584 2732 Plalum
652 2679 799 2732 enim
831 2694 933 2733 nec
962 2678 1196 2733 essentia
1224 2688 1326 2740 est,
1359 2692 1461 2731 nec
1492 2676 1692 2745 aliquid
1732 2678 1982 2731 essentia:

387 2768 689 2837 :reprium,
760 2767 853 2822 sed
879 2768 1150 2830 accidens,
1190 2777 1245 2821 et
1269 2767 1337 2821 ab
1360 2781 1445 2831 eo,
1478 2766 1622 2835 quod
1682 2768 1983 2822 secundum

386 2865 638 2911 naturam
702 2867 805 2919 est.
828 2859 880 2911 in
904 2860 954 2914 id
1008 2858 1152 2928 quod
1189 2869 1398 2911 natura:
1445 2857 1765 2911 adversatur
1818 2857 1986 2911 decli-

388 2948 565 3001 natio.
636 2946 747 3003 lloc
778 2957 958 3004 autem
1016 2948 1151 3002 nihil
1202 2949 1348 3003 aliud
1398 2958 1500 3013 est,
1549 2949 1655 3003 nisi
1680 2959 1981 3022 peccatum.

2072 1844 2330 1907 ἑκουσίως
2361 1844 2416 1897 δὲ
2442 1846 2823 1913 ἀποφοιτῶντα
2849 1844 2943 1897 τοῦ
2967 1847 3107 1898 κατὰ
3139 1843 3323 1913 φύσιν,
3356 1846 3449 1897 καὶ
3478 1845 3558 1907 είς
3594 1844 3654 1895 τὸ

2072 1937 2225 2007 παρὰ
2265 1936 2427 2002 φύσιν
2459 1937 2729 2006 ἐρχόμενα
2750 1976 2766 2001 ,
2805 1937 2862 1989 ὲν
2893 1935 2970 2007 τῷ
3004 1936 3159 2005 κακῷ
3192 1937 3453 2003 γίνονται.
3498 1937 3657 1990 Κατά

2074 2028 2235 2097 φύσιν
2286 2031 2383 2097 μὲν
2423 2022 2516 2080 οὖν
2555 2028 2731 2081 πάντα
2782 2028 2968 2092 δοῦλα,
3023 2030 3117 2083 καὶ
3167 2029 3383 2098 ὑπήκοα
3420 2027 3511 2080 τοῦ
3551 2031 3657 2097 Δη-

2080 2120 2365 2191 μιουργοῦ.
2422 2121 2591 2172 Ὅταν
2645 2119 2700 2173 δὲ
2751 2120 3018 2182 ἑκουσίως
3066 2137 3119 2171 τι
3172 2119 3280 2172 τῶν
3336 2120 3655 2189 κτισμάτων

2076 2214 2375 2283 ἁφηνιάσῃ,
2408 2211 2501 2265 καὶ
2528 2212 2806 2280 παρήκοον
2831 2211 2925 2263 τοῦ
2966 2211 3289 2279 ποιήσαντος
3329 2210 3462 2262 αὐτὸ
3490 2212 3653 2277 γένη-

2076 2322 2188 2368 ται,
2218 2306 2274 2358 ἐν
2302 2304 2479 2374 ἑαυτῷ
2506 2304 2871 2374 συνεστήσατο
2890 2305 2987 2372 τὴν
3018 2304 3235 2357 κακίαν.
3272 2302 3336 2355 Ἦ
3361 2301 3523 2355 κακία
3546 2302 3656 2373 γὰρ

2078 2397 2200 2449 οἷστε
2233 2397 2390 2450 οὐσία
2414 2396 2495 2459 τίς
2531 2400 2697 2461 ἐστιν,
2732 2395 2857 2448 οὗτε
2892 2396 3080 2459 οὐσίας
3111 2397 3330 2465 ἰδίωμα,
3359 2395 3492 2449 ἀλλὰ
3522 2414 3661 2462 συμ-

2086 2491 2340 2562 βεϐηκὸς,
2378 2491 2546 2558 ἤγουν
2585 2490 2648 2541 ἐκ
2677 2487 2770 2541 τοῦ
2808 2489 2949 2540 κατὰ
2980 2488 3142 2555 φύσιν
3168 2490 3248 2551 είς
3278 2487 3339 2540 τὸ
3372 2490 3524 2554 παρὰ
3557 2486 3662 2556 φύ-

2084 2600 2170 2637 σιν
2219 2584 2463 2645 ἑκούσιος
2513 2579 2866 2649 παρατροπὴ,
2918 2582 3056 2649 ὅπερ
3114 2580 3260 2632 ἐστὶν
3309 2581 3344 2650 ἡ
3392 2580 3660 2649 ἁμαρτία.

2085 2676 2251 2729 Πόθεν
2285 2674 2434 2744 οὖνὴ
2471 2674 2750 2743 ἁμαρτίας
2792 2673 2889 2740 τῆς
2918 2672 3267 2737 αὑτεξουσίου
3303 2671 3527 2741 γνώμης
3566 2675 3662 2725 τοῦ

2084 2768 2331 2822 διαὸλου
2359 2766 2585 2836 εὕρεμα.
2620 2766 2802 2828 Κακὸς
2824 2764 2913 2817 οῦν
2945 2767 2972 2817 ὁ
3004 2762 3272 2827 διάϐολος,
3310 2765 3370 2816 οὐ
3407 2767 3540 2817 καθὸ
3568 2766 3664 2832 γέ-

2088 2877 2245 2928 γονεν
2277 2878 2291 2891 ·
2324 2859 2557 2927 ἄγγελος
2589 2858 2697 2928 γὰρ
2730 2857 3119 2927 φωτεινότατος
3154 2858 3247 2910 καὶ
3281 2858 3665 2927 λαμπρότατος

2092 2951 2196 3004 ὑπὸ
2221 2949 2315 3003 τοῦ
2339 2948 2685 3019 Δημιουργοῦ
2715 2948 2981 3010 ἔκτισται,
3005 2947 3376 3011 αὐτεξούσιος,
3408 2948 3481 3010 ὡς
3512 2948 3664 3016 λογι-

390 3035 545 3092 Unde
604 3038 769 3109 igitur
798 3039 1162 3108 peceatum‘la
1202 3030 1417 3109 propria
1462 3038 1737 3094 voluntate
1787 3040 1974 3095 diaboli

2091 3041 2184 3103 κός
2211 3054 2225 3068 ·
2252 3038 2508 3099 ἑκουσίως
2532 3038 2588 3089 δὲ
2616 3038 2711 3105 τῆς
2730 3036 2871 3089 κατὰ
2896 3036 3058 3104 φύσιν
3079 3037 3279 3104 ἀρετῆς
3326 3038 3427 3088 ἀπε
3440 3036 3666 3105 φοίτησε

390 3140 705 3196 inventum.
745 3132 883 3202 Ergo
911 3131 1159 3185 diabolus
1197 3131 1371 3186 malus
1400 3131 1421 3183 ?
1447 3130 1565 3185 Non
1591 3141 1859 3200 quatenus
1906 3132 1983 3185 fa.

388 3230 511 3276 ctus
541 3231 645 3276 est.
681 3220 1076 3278 Lucidissimus
1096 3223 1242 3277 enim
1270 3232 1325 3277 et
1360 3222 1803 3291 praeclarissimus
1821 3238 1983 3293 auge-

389 3310 477 3367 lus
546 3312 647 3367 fuit
670 3323 983 3384 procreatus
1005 3316 1071 3368 ab
1109 3316 1303 3385 upilicc
1340 3315 1465 3387 Deo,
1498 3314 1665 3368 libera
1723 3314 1983 3382 pmditus

392 3405 699 3471 voluntate,
748 3406 948 3476 quippe
974 3406 1065 3476 qui
1094 3407 1303 3460 ratione
1327 3416 1553 3459 ornatus
1572 3407 1665 3460 sit.
1697 3404 1849 3460 Ultro
1879 3423 1977 3460 au-

2089 3133 2183 3185 καὶ
2219 3132 2276 3183 ὲν
2316 3130 2390 3200 τῷ
2427 3128 2575 3199 ζόφῳ
2612 3130 2709 3199 τῆς
2746 3129 2942 3191 κακίας
2986 3129 3222 3196 ἐγένετο,
3244 3127 3379 3180 Θεοῦ
3415 3146 3665 3205 μακρυντ

2091 3224 2203 3286 Osi;
2234 3222 2327 3276 τοῦ
2359 3222 2520 3291 μόνου
2550 3219 2756 3289 ἀγαθοῦ
2790 3224 2883 3274 καὶ
2906 3220 3193 3285 ξωοποιοῦ.
3240 3220 3329 3285 Ἐξ
3362 3221 3524 3274 αὑτοῦ
3556 3223 3665 3291 γὰρ

2091 3320 2197 3370 πᾶν
2250 3317 2450 3383 ἀγαθὸν
2494 3314 2847 3382 ἀγαῦύνεται.
2896 3313 3005 3367 Καὶ
3051 3314 3173 3367 καθ’
3225 3314 3352 3367 ὅσον
3392 3312 3453 3380 ἐξ
3499 3314 3663 3367 αὑτοῦ

2092 3408 2415 3477 Eua-Aptiqu
2432 3407 2621 3477 γνώμῃ
2644 3445 2658 3467 ,
2710 3408 2770 3459 οὺ
2790 3408 2899 3476 γὰρ
2915 3406 3066 3477 τόπῳ
3085 3445 3099 3468 ,
3124 3406 3180 3459 ἐν
3194 3407 3270 3475 τῷ
3284 3406 3435 3474 κακῴ
3454 3405 3665 3474 γέγονε.

390 3503 500 3551 tem
538 3505 590 3550 et
615 3497 801 3552 volens
822 3512 852 3551 a
872 3498 1073 3553 virtute
1095 3498 1418 3567 congruenti
1451 3504 1656 3550 natura:
1686 3512 1797 3552 suae
1846 3498 2133 3552 discedens
2161 3500 2209 3551 in
2240 3497 2458 3552 malitia:
2493 3496 2744 3551 tenebras
2775 3497 2979 3561 incidit,
3014 3498 3201 3566 procul
3246 3507 3459 3553 amotus
3502 3513 3531 3550 a
3558 3499 3666 3551 Deo

380 3588 481 3661 qui
528 3588 673 3643 solus
728 3597 809 3647 est
868 3588 1043 3643 bonus
1095 3597 1149 3642 et
1179 3586 1397 3656 largitor
1435 3588 1578 3641 vitae.
1627 3589 1709 3642 Ab
1762 3587 1881 3657 ipso
1929 3591 2072 3643 enim
2118 3588 2377 3657 quidquid
2422 3596 2505 3642 est
2534 3588 2735 3641 bonum
2768 3587 3027 3653 babet,ut
3067 3590 3268 3644 bonum
3300 3590 3392 3656 sit,
3444 3598 3498 3644 et
3534 3589 3665 3644 dum

389 3684 667 3740 voluntate
711 3682 907 3737 recidit
941 3682 1008 3735 ab
1039 3697 1104 3735 eo
1138 3682 1438 3748 (voluntate
1458 3683 1755 3747 enim,non
1787 3682 1930 3745 loco,
1958 3685 2026 3737 ab
2051 3683 2142 3737 illo
2196 3683 2487 3751 receditur)
2536 3684 2588 3736 in
2623 3684 2829 3737 malum
2867 3683 3124 3739 incurrit.

947 3792 1255 3850 TITULUS
1344 3795 1414 3851 Χ.

388 3890 649 3947 Aduersus
674 3888 991 3959 Sabellium.
1023 3887 1213 3943 Sancti
1238 3888 1424 3959 Cyrilh'
1474 3905 1539 3942 ea:
1583 3888 1984 3956 interpretatio-

787 3977 848 4013 ne
877 3960 932 4012 in
962 3957 1188 4014 Joannis
1216 3957 1585 4029 Euangelium.

466 4139 522 4196 Si
558 4141 699 4195 idem
733 4152 819 4194 est
850 4138 1047 4199 Filius,
1091 4139 1183 4208 qui
1211 4137 1394 4205 Pater,
1417 4154 1537 4207 qua:
1562 4147 1645 4193 cst
1684 4139 1989 4196 distinctio-

391 4232 478 4287 nis
533 4234 817 4285 nominum
845 4232 1028 4285 ratio?
1074 4230 1208 4285 Nam
1241 4232 1283 4286 si
1315 4230 1481 4284 alium
1504 4246 1611 4284 non
1647 4234 1853 4301 genuit,
1882 4248 1982 4287 cur

2698 3796 2947 3851 ΤΙΤΛΟΣ
2988 3794 3045 3851 l'.

2096 3887 2209 3942 Τοῦ
2256 3888 2326 3941 ἐν
2367 3889 2557 3957 ἁγίοις
2602 3890 2906 3954 Κιορίλλου
2950 3890 3102 3942 κατὰ
3147 3890 3498 3945 Σαϐελλίου.
3562 3890 3667 3945 Ἐκ

2162 3960 2305 4031 τῇςμ
2333 3961 2483 4011 κατὰ
2509 4028 2523 4031 Α
2554 3959 2843 4031 Ἰωάννην
2908 3960 3288 4029 Εὐαγγέλιον
3348 3962 3668 4031 ἑρμηνείας

2163 4028 2235 4080 τὰ
2274 4028 2388 4081 ὅλα
2424 4028 2611 4081 ταῦτα
2640 4030 2961 4095 κεφάλαια.

2164 4141 2229 4194 Ei
2270 4142 2430 4204 αὑτός
2464 4143 2611 4195 ἔστιν
2638 4142 2667 4193 ὁ
2699 4141 2845 4204 Υἱὸς,
2878 4142 2974 4195 καὶ⁵
3008 4142 3216 4212 Πατὴρ,
3253 4143 3404 4195 ποῖον
3433 4142 3547 4212 ἔχει
3579 4142 3669 4197 λό-

2093 4247 2190 4298 γον
2231 4234 2263 4301 ὴ
2301 4233 2407 4285 τῶν
2451 4233 2733 4302 ὀνομάτων
2776 4233 3073 4304 διαστολῆς
3119 4234 3181 4287 El
3228 4235 3302 4303 μὴ
3345 4236 3454 4305 γὰρ
3507 4228 3669 4289 ἄλλον

390 4334 618 4378 vocatur
674 4322 963 4378 PateriEt
1025 4324 1117 4394 qui
1177 4340 1208 4377 a
1242 4324 1400 4378 Patre
1448 4323 1664 4393 genitus
1727 4340 1835 4378 non
1880 4334 1974 4389 est,

2093 4324 2409 4394 ἐγέννησεν,
2475 4326 2616 4378 ίνατί
2667 4329 2910 4379 καλεῖται
2963 4328 3195 4395 Πατήρ;
3242 4318 3367 4389 Πῶς
3415 4327 3475 4379 δὲ
3528 4328 3668 4390 ὅλως

392 4417 669 4488 quomodo
726 4430 951 4485 prorsus
975 4424 1059 4469 est
1085 4413 1300 4469 Filius?
1332 4414 1594 4479 Quoniam
1629 4414 1791 4486 igitur
1832 4416 1984 4486 geni-

402 4516 520 4561 tum
551 4521 674 4561 esse
710 4505 905 4560 Filium
965 4507 1162 4561 divinae
1224 4506 1515 4573 Scriptura
1580 4516 1872 4570 testantur,
1931 4517 1987 4561 et

392 4599 599 4654 veritas
660 4600 731 4653 ita
766 4614 887 4653 sese
914 4598 1099 4665 liabet,
1148 4614 1242 4670 per
1275 4614 1335 4654 se
1382 4600 1437 4653 in
1482 4602 1697 4670 propria
1757 4599 1986 4669 quisque

394 4706 633 4765 persona
709 4691 981 4745 exsistunt
1036 4688 1196 4744 Pater
1246 4700 1300 4744 et
1384 4689 1575 4745 Filius.
1629 4689 1986 4758 Quandoqui-

390 4784 515 4837 dem
546 4799 690 4837 unus
741 4782 809 4836 ab
866 4782 1043 4836 altero
1132 4783 1489 4854 distinguitur
1539 4790 1598 4836 ut
1655 4796 1685 4835 a
1732 4781 1988 4853 gignente

391 4875 640 4947 genitus.

462 4968 662 5021 Beatus
694 4966 894 5022 Paulus
916 4967 983 5022 ad
1018 4965 1401 5036 Pbilippenses
1428 4965 1496 5020 de
1535 4963 1672 5019 Filio
1713 4964 1985 5031 scribens,

393 5057 495 5122 Qui
523 5059 791 5125 rapinam,
822 5059 1016 5129 inquit,
1039 5076 1142 5112 non
1161 5068 1237 5112 est
1255 5059 1563 5123 arbitratus,
1587 5074 1695 5111 esse
1720 5074 1772 5111 se
1795 5073 1978 5127 mqua-

394 5135 493 5203 lem
539 5150 648 5204 Deo
674 5153 716 5205 ¹.
761 5151 894 5216 Quis
926 5153 1088 5222 igitur
1119 5153 1206 5206 ille
1255 5160 1359 5216 est,
1391 5151 1481 5217 qui
1508 5151 1679 5204 noluit
1736 5152 1978 5220 rapinam

393 5242 671 5307 arbitrari,
709 5259 767 5298 se
796 5258 918 5298 esse
952 5245 1213 5313 mqualem
1247 5244 1355 5297 Deo
1387 5244 1408 5297 ‘.’
1439 5240 1631 5298 Nonne
1683 5243 1977 5297 dicendum

392 5344 475 5388 est
495 5336 803 5389 necessario
819 5351 984 5389 unum
1004 5336 1223 5404 quidem
1243 5335 1391 5388 illum
1411 5350 1556 5397 esse,
1574 5338 1665 5404 qui
1684 5345 1768 5389 est
1790 5335 1843 5388 in
1874 5334 1985 5389 for-

392 5441 478 5478 ma
509 5425 618 5491 Dei,
642 5428 873 5483 alterum
893 5438 1072 5482 autem
1106 5444 1230 5481 eum
1248 5430 1400 5495 cujus
1420 5438 1503 5482 est
1522 5428 1740 5483 forma?
1772 5428 1977 5483 Omnes

395 5514 503 5571 hoc
537 5528 596 5571 ut
630 5519 981 5589 perspicuum
1032 5519 1377 5574 conﬁtentur.
1420 5518 1599 5584 Quare
1650 5536 1760 5575 non
1805 5536 1973 5574 unntu

473 5679 491 5712 ι
524 5679 719 5748 Philip.
752 5696 810 5748 η,
846 5682 901 5737 6.

2094 4417 2237 4481 Υἱὸς,
2270 4420 2318 4471 τί
2352 4418 2424 4488 μὴ
2458 4417 2722 4487 ἐγεννήθη
2754 4418 2904 4488 παρὰ
2941 4420 3196 4488 Πατρός;
3236 4418 3454 4490 Ἐπειδὴ
3484 4420 3540 4473 δὲ
3569 4437 3663 4489 γε·

2088 4509 2379 4577 γεννῆσθαι
2408 4510 2499 4562 τὸν
2531 4511 2654 4562 Υίὸν
2685 4512 2743 4563 al
2768 4510 2908 4564 θεῖαι
2943 4511 3270 4581 κηρύττουσι
3296 4512 3533 4581 Γραφαὶ,
3571 4514 3669 4566 καὶ

2089 4602 2117 4652 ὁ
2154 4600 2255 4668 τῆς
2294 4602 2553 4666 ἀληθείας
2591 4603 2763 4666 οὕτως
2799 4604 2911 4674 ἔχει
2940 4604 3119 4673 λόγος,
3161 4606 3531 4674 ὑφεστήκασιν
3558 4606 3669 4675 ἄρα

2091 4695 2214 4748 καθ’
2247 4696 2494 4761 ἑαυτοὺς,
2518 4697 2611 4751 καὶ
2642 4699 2780 4750 εἰσὶν
2809 4698 3121 4762 ἰδιαζόντως
3146 4702 3240 4753 καὶ
3263 4702 3291 4754 ὁ
3324 4702 3536 4771 Πατὴρ,
3568 4701 3665 4753 καὶ

2088 4786 2117 4840 ὁ
2148 4786 2294 4853 Υἱὸς,
2328 4789 2485 4856 εἰπερ
2515 4788 2699 4857 ἕτερον
2729 4790 2788 4853 ἐξ
2812 4782 3004 4859 ἐτέρου
3031 4789 3369 4857 φαίνεταιτὸ
3397 4790 3668 4859 γεννώμε-

2089 4894 2180 4931 νον
2215 4877 2289 4939 tit;
2326 4880 2463 4948 πρὸς
2498 4880 2557 4932 τὸ
2593 4883 2819 4948 γεννῶν.

2174 4970 2233 5023 '0
2255 4973 2531 5038 μακάριος
2554 4971 2763 5035 Παῦλος
2783 4973 3122 5026 ὲπιστέλὶων
3141 4973 3525 5042 Φιλιππηείοις
3546 4974 3673 5043 περὶ

2084 5062 2178 5115 τοῦ
2215 5063 2345 5115 Υίοῦ
2387 5081 2551 5133 φησιν
2576 5082 2590 5097 ’
2633 5083 2650 5117 ι
2695 5067 2792 5128 Ὃς
2819 5070 2875 5118 ὲν
2908 5069 3088 5136 μορφῇ
3118 5066 3254 5118 Θεοῦ
3282 5066 3541 5136 ὑπάρχων
3570 5067 3669 5136 οὐχ

2090 5152 2382 5223 ἁρπαγμὸν
2428 5157 2669 5224 ἡγήσατο
2716 5157 2776 5208 τὸ
2810 5151 2949 5208 εἶναι
2976 5158 3066 5211 [ea
3088 5156 3226 5225 Θεῷ.
3272 5177 3290 5207 ι
3322 5156 3394 5208 Ἦ
3426 5158 3535 5226 γὰρ
3569 5157 3669 5209 οὐκ

2093 5244 2305 5314 ἀνάγκη
2340 5245 2519 5311 λέγειν
2553 5246 2646 5299 ἱΞνα
2685 5247 2783 5317 μέν
2813 5264 2933 5299 τινα
2974 5248 3244 5317 ὑπάρχειν
3277 5249 3367 5300 τὸν
3392 5248 3450 5299 ὲν
3486 5250 3667 5316 μορφῇ

2093 5337 2266 5401 Θεοῦ,
2308 5338 2494 5408 ἕτερον
2532 5339 2589 5392 δὲ
2634 5341 2796 5395 πάλιν
2832 5342 2892 5393 τὸ
2923 5343 3063 5411 ὅπερ
3106 5337 3241 5411 ἦνή
3282 5340 3487 5410 μορφής
3532 5340 3671 5392 Ἀλλ’

2090 5433 2207 5485 ἔστι
2240 5433 2399 5504 δῆλον
2430 5434 2601 5487 ἅπασι
2635 5436 2729 5487 καὶ
2759 5435 3215 5505 ὁμολογούμενον.
3248 5436 3459 5489 Οὐκοῦν
3484 5437 3583 5503 οὐχ
3612 5434 3671 5486 ἓν

2087 5542 2141 5578 τι
2183 5524 2323 5577 κατὰ
2365 5526 2560 5578 ταυτὸν
2601 5528 2679 5597 τῷ
2712 5527 2930 5599 ἀριθμῷ
2964 5528 3185 5600 Πατὴρ,
3216 5527 3309 5583 καὶ
3350 5528 3476 5592 ru;
3499 5566 3515 5595 ,
3549 5525 3667 5581 ἀλλ’
