4024 6208
282 267 395 332 329

1270 267 1645 330 PANOPLIA
1684 222 2143 331 nuntiandi.
2177 293 2245 303 --
2283 271 2430 331 Tl'l‘.
2469 272 2539 332 x.

3427 283 3536 346 330

283 383 676 446 ιὸιοσύστιιτοι,
709 382 802 437 καὶ
831 383 890 436 ιν
915 375 1168 455 ἀλλήλοις
1197 385 1564 455 θεωρούμενοι
1586 383 1728 437 κατὰ
1761 384 1857 453 τὴν

1963 383 2216 451 quiddam
2237 400 2466 439 numero
2488 394 2615 440 sunt
2637 411 2648 434 ι
2671 387 2828 442 Pater
2864 398 2919 442 et
2969 387 3158 455 Filius,
3185 391 3280 447 sed
3327 395 3380 448 iu
3434 412 3534 453 sua

287 474 592 539 ταυτότητα
615 473 714 542 τῆς
745 475 957 539 οὐσίας,
989 475 1039 526 εί
1067 474 1162 528 καὶ
1192 470 1273 538 εἷς
1304 475 1361 541 ἐξ
1391 475 1530 538 ἑνὸς,
1565 473 1770 544 δηλαδὴ
1799 475 1863 526 ἐκ

283 563 504 632 Πατρὸς
532 563 562 614 6
587 563 731 624 Υἱός.

369 740 518 810 Ἐγὼ
548 741 649 794 καί
677 745 710 796 ὁ
742 741 942 809 Πατὴρ
968 743 1039 796 ἓν
1068 742 1276 810 ἐσμεν,
1307 743 1547 810 ἔφασκεν
1584 741 1614 792 6
1645 742 1857 813 Σωτὴρ,

275 834 363 897 ὡς
393 835 549 899 εἰδὼς
572 835 818 905 δηλονότι
850 837 946 888 καὶ
972 835 1164 888 ἑαυτὸν
1197 836 1344 897 ἰδίως
1372 836 1742 904 ὑφεστηκὸτα,
1768 838 1860 888 καὶ

277 927 377 979 τὸν
412 926 657 996 Πατέρα.
689 928 751 979 Εἰ
778 927 836 980 δὲ
875 928 950 997 μὴ
984 926 1156 989 οὕτως
1183 927 1299 994 ἔχει
1337 927 1431 979 τοῦ
1469 927 1796 996 πράγματος
1825 929 1857 995 ἠ

276 1020 539 1087 ἀλήθεια,
571 1019 624 1071 τί
654 1018 730 1086 μὴ
751 1021 997 1088 τηρήσας
1019 1021 1084 1089 τῇ
1118 1019 1264 1072 ἐνάδι
1289 1018 1350 1071 τὸ
1379 1019 1578 1087 τρέπον
1599 1017 1856 1086 ἔφασκεν,

292 1109 451 1177 Ἐγὼ
469 1110 571 1163 καί
592 1113 625 1164 ό
655 1109 859 1176 Πατὴρ
882 1109 953 1162 ἓν
981 1112 1128 1178 ειμι;
1164 1110 1379 1180 Ἐπειδὴ
1412 1110 1469 1162 δὲ
1501 1111 1580 1172 είς
1618 1109 1859 1179 πληθυν-

274 1202 439 1256 τικδν
490 1201 728 1272 ἀριθμὸν
765 1203 825 1254 τὸ
862 1203 1257 1272 σημαινόμενον
1296 1202 1542 1266 ὲξαπλοῖ,
1583 1201 1740 1270 δῆλος
1795 1203 1860 1254 ἂν

276 1294 371 1362 εἴη
434 1292 624 1346 λοιπὶν
673 1291 770 1355 τὴν
818 1292 928 1348 τῶν
977 1292 1302 1362 ἑτεροδόξων
1351 1293 1676 1363 ἀνατρέπων
1724 1293 1860 1346 ὑπό-

274 1401 459 1441 νοιαν.

366 1476 470 1529 Ἐκ
516 1475 621 1545 τῆς
665 1475 853 1539 οὐσίας
885 1476 1012 1529 ὄντα
1060 1473 1160 1546 τῆς
1197 1475 1292 1529 τοῦ
1338 1477 1475 1530 Θεοῦ
1520 1479 1614 1532 καὶ
1651 1481 1860 1549 Πατρδς

276 1568 649 1622 ἐπιδεικνύων
685 1568 883 1622 ἑαυτὸν
918 1569 944 1619 6
985 1565 1107 1627 Υἱός
1149 1568 1282 1636 φησι
1316 1584 1420 1620 που
1461 1568 1619 1622 πάλιν
1654 1584 1667 1597 ·
1715 1568 1863 1638 Ἐγὼ

270 1662 346 1714 ἐκ
389 1659 501 1713 τοῦ
543 1660 770 1726 Πατρός
809 1659 1095 1727 ἐξῆλθον,
1134 1662 1234 1715 καὶ
1274 1663 1422 1728 ἥκω.
1469 1660 1592 1724 Πῶς
1630 1658 1722 1716 οὖν
1763 1663 1861 1731 οὺχ

274 1754 473 1822 ιτερλς
525 1753 680 1807 ἔσται
728 1753 861 1822 παρ’
911 1754 1095 1817 αὐτὸν,
1149 1753 1225 1816 ὡς
1273 1757 1330 1806 ὲν
1387 1752 1708 1818 ὑποστάσει,
1765 1753 1860 1806 καὶ

279 1844 535 1916 ἀριθμῷ,
571 1846 772 1906 παντὸς
801 1846 947 1916 ἡμᾶς
976 1844 1362 1908 ἁναπείθοντος
1397 1844 1557 1910 λόγου
1590 1845 1651 1897 τὸ
1681 1844 1743 1896 ἔκ
1776 1862 1861 1920 τιτ

278 1952 367 1994 νος
404 1932 672 2003 προελθὸν
702 1931 890 2001 ἓτερον
924 1928 1064 1985 εἶναι
1099 1931 1228 2002 παρ’
1259 1934 1434 1986 ἐκεῖνο
1467 1933 1629 1994 νοεῖν,
1666 1931 1760 2001 ἀφ’
1799 1925 1860 1986 οὗ

279 2026 344 2092 δὴ
367 2027 465 2078 καὶ
483 2024 888 2096 προελήλυθενς
918 2022 1128 2078 Οὐκοῦν
1157 2023 1359 2096 ἀληθὴς
1383 2023 1634 2094 οὐδαμῶς
1663 2027 1776 2088 τοίς
1793 2024 1860 2078 δι’

278 2114 539 2179 ἐναντίας
577 2119 604 2170 6
636 2115 815 2184 λόγος.

367 2208 461 2274 Ἐξ
492 2208 662 2278 ὀργῆς
692 2205 1085 2280 ἐμπεπρῆσθαι
1116 2205 1251 2258 Θεοῦ
1286 2205 1387 2267 τὰς
1419 2205 1527 2258 τῶν
1556 2203 1862 2275 Σοδομιτῶν

277 2301 468 2362 πόλεις
510 2301 544 2369 ἡ
588 2298 708 2355 θεία
754 2298 902 2366 λέγει
943 2298 1154 2369 Γραφή.
1203 2297 1576 2367 Ἑξηγουμένη
1621 2297 1678 2350 δὲ
1713 2298 1860 2360 ὅπως

276 2393 467 2454 αὐτοῖς
510 2393 538 2443 ὁ
574 2389 718 2451 θεῖος
754 2390 1116 2460 ἐπενήνεκται
1151 2389 1356 2460 θυμὸς,
1398 2391 1492 2442 καὶ
1531 2390 1620 2442 τὸν
1660 2391 1859 2459 τρόπον

275 2483 380 2551 τῆς
412 2480 700 2543 ἀπωλείας
726 2479 1117 2540 ἐκδιδάσκουσι
1147 2481 1355 2549 σαφῶς,
1395 2481 1664 2548 Ἕϐρεξε,
1701 2482 1856 2549 φησὶ,

275 2575 499 2641 Κύριος
538 2571 659 2642 πῦρ
695 2572 855 2640 παρὰ
890 2575 1115 2641 Κυρίου
1151 2574 1252 2627 ἐπὶ
1288 2573 1544 2644 Σόδομα,
1585 2574 1734 2641 πῦρ,
1760 2575 1860 2628 καί

277 2669 466 2723 θεῖον.
512 2668 667 2720 Ἐπεὶ
693 2666 792 2721 καὶ
823 2665 962 2733 αῦτη
995 2668 1108 2729 τοῖς
1139 2667 1324 2720 ἐκεῖνα
1358 2666 1700 2737 πλημμελεῖν
1731 2667 1856 2719 είω-

275 2760 432 2812 θέσιν
459 2762 495 2832 η
522 2761 682 2832 μερὶς
711 2757 807 2811 τοῦ
828 2758 1089 2827 ποτηρίου
1114 2757 1560 2830 πρεπωδεστάτη.
1588 2759 1746 2821 Ποῖος
1765 2754 1858 2812 οὖν

275 2853 392 2923 ἄρα
427 2853 630 2922 Κύριος
655 2852 804 2923 παρὰ
831 2851 984 2906 ποίου
1017 2851 1222 2922 Κυρίου
1245 2851 1306 2902 τὸ
1334 2850 1445 2920 πῦρ
1465 2849 1738 2918 ἐπαφῆκε,
1764 2849 1858 2902 καὶ

270 2948 379 3007 τὰς
417 2943 529 2997 τῶν
580 2944 886 3012 Maurum
929 2941 1226 3010 κατέφλεξε
1273 2940 1491 3005 πόλεις;
1562 2941 1698 2992 Ἀλλ’
1741 2941 1855 2993 ἔστι

1966 483 2196 542 uterque
2250 475 2497 530 consistit
2551 492 2800 546 persona,
2868 488 2922 534 et
2981 483 3228 551 quamvis
3280 500 3421 540 unus
3467 489 3534 542 ab

1967 581 2076 619 uno
2107 569 2197 628 sit,
2229 583 2425 636 nempe
2459 569 2628 625 Filius
2659 587 2687 623 a
2720 570 2899 637 Patre,
2939 590 3102 628 unam
3135 585 3313 630 tamen
3345 592 3532 633 essen-
3627 615 3632 622 -

1965 659 2091 710 tiam
2114 668 2167 712 et
2185 669 2430 713 naturam
2455 661 2672 714 habent.

2041 746 2150 816 Ego
2182 758 2228 799 et
2257 748 2420 802 Pater
2449 749 2643 818 (inquit
2679 752 2954 821 Servatur)
3008 770 3168 807 unum
3199 772 3402 824 sumus,
3432 760 3449 791 ⁸
3477 769 3535 812 ut

1965 837 2056 905 qui
2085 837 2271 900 sciret,
2307 849 2360 893 et
2389 856 2445 893 se
2473 850 2526 894 et
2579 841 2790 896 Patrem
2842 845 3054 913 propria
3083 855 3369 917 utrumque
3413 866 3533 920 per-

1965 939 2097 978 sona
2121 928 2440 982 subsistere.
2466 928 2599 983 Nam
2621 932 2726 984 nisi
2755 948 2842 986 res
2867 932 2938 986 ita
2967 949 3097 1012 vero
3129 951 3185 988 se
3209 937 3394 1000 habet,
3437 956 3535 992 cur

1965 1031 2075 1071 non
2107 1021 2343 1072 servavit
2373 1020 2596 1076 unitatis
2631 1021 2910 1087 decorum,
2963 1025 3098 1094 Ego,
3155 1025 3428 1096 inquiens,
3483 1039 3532 1082 et

1966 1108 2310 1163 Paterunum
2345 1128 2481 1167 sum.
2542 1111 2780 1168 Numero
2841 1115 3004 1185 igitur
3075 1127 3235 1172 utens
3288 1119 3533 1188 pluribus

1965 1203 2312 1271 congruenti,
2343 1219 2531 1259 eorum
2567 1206 2836 1274 quialiter
2865 1206 3112 1261 sentiunt
3155 1209 3355 1264 evertit
3417 1212 3535 1264 oui-

1965 1308 2204 1349 nionem.

2033 1472 2282 1542 Seipsum
2319 1490 2438 1528 esse
2465 1490 2527 1528 cx
2561 1475 2650 1530 Dei
2704 1485 2760 1530 et
2794 1475 2968 1532 Patris
2993 1479 3227 1534 essentia
3253 1481 3535 1538 declarans

1964 1563 2157 1628 Filius,
2193 1566 2322 1636 Ego,
2343 1567 2539 1634 inquit,
2570 1585 2600 1619 a
2651 1568 2810 1620 Patre
2859 1573 2994 1622 exivi
3031 1572 3072 1624 ².
3102 1570 3383 1635 Quomodo
3437 1576 3533 1644 igi-

1968 1667 2056 1711 tur
2089 1674 2196 1712 non
2223 1660 2358 1711 alter
2391 1658 2457 1711 ab
2493 1658 2582 1710 illo
2613 1659 2718 1712 erit
2745 1675 2977 1728 persona
3011 1664 3301 1729 duntaxat,
3329 1675 3383 1718 et
3431 1683 3533 1719 nu-

1965 1765 2137 1813 mero,
2171 1765 2294 1804 cum
2323 1750 2504 1803 omnis
2541 1766 2642 1804 nos
2676 1752 2811 1804 ratio
2847 1751 3060 1815 doceat,
3091 1740 3139 1805 id
3173 1755 3314 1822 quod
3344 1773 3408 1808 ex
3435 1757 3533 1809 alio

1964 1857 2074 1908 quo
2101 1842 2466 1912 proﬁciscitur
2505 1843 2572 1897 ab
2599 1859 2665 1897 eo
2691 1845 2971 1898 diversum
3004 1847 3242 1917 cogitare
3268 1847 3290 1901 ?
3351 1848 3533 1913 Quare

1963 1943 2199 2002 constat,
2236 1937 2392 1991 aliter
2447 1937 2800 1992 sentientium
2822 1939 3131 2008 Opinionem
3171 1954 3289 1995 οδδυ
3319 1940 3530 1996 falsam.

2035 2205 2111 2258 Ex
2135 2203 2210 2258 ira
2249 2203 2341 2259 Dei
2381 2204 2787 2260 Sodomitarum
2823 2207 3072 2265 civitates
3119 2208 3287 2265 fuisse
3346 2212 3534 2267 incen-

1963 2310 2054 2350 sas
2085 2305 2249 2365 atque
2296 2299 2606 2353 combustas
2637 2308 2864 2352 testatur
2880 2300 3059 2354 divina
3093 2302 3533 2372 Scriptura,qu.e

1963 2398 2149 2457 aperte
2172 2390 2480 2453 declarans,
2511 2393 2784 2460 quomodo
2809 2393 2953 2447 Deus
2987 2394 3090 2447 illis
3136 2400 3530 2462 succensuerit,

1962 2487 2017 2532 et
2047 2481 2318 2548 quomodo
2347 2495 2551 2536 eversa:
2582 2482 2882 2552 deletaeque
2939 2484 3143 2538 fuerint
3175 2527 3190 2550 ,
3222 2485 3388 2550 Pluit,
3449 2489 3522 2544 in"

1962 2570 2100 2636 quit,
2165 2567 2424 2623 Dominus
2447 2587 2480 2624 α
2505 2571 2729 2626 Domino
2754 2589 2912 2640 super
2961 2573 3245 2630 Sodomam
3271 2581 3440 2646 ignem
3484 2591 3532 2633 et

1961 2661 2183 2728 sulphur
2217 2660 2257 2715 ³.
2297 2660 2409 2715 Hoc
2431 2663 2576 2716 enim
2596 2665 2898 2732 puuitionis
2927 2681 3098 2736 genus
3119 2667 3396 2739 ﬂagitiosis
3431 2671 3534 2723 “lla

1975 2751 2225 2806 maxime
2252 2754 2610 2824 congruebat.
2665 2756 2799 2821 Quis
2848 2771 2976 2827 ergo
3036 2761 3298 2816 Dominus
3339 2777 3369 2814 a
3425 2779 3534 2832 quo

1964 2841 2192 2896 Domino
2229 2845 2405 2914 ignem
2435 2847 2672 2912 demisit,
2707 2858 2762 2901 et
2790 2847 3196 2905 Sodomitarum
3217 2853 3380 2907 urbes
3407 2855 3536 2910 abo-

1964 2935 2132 2990 levit?
2153 2935 2313 2991 Pater
2338 2937 2596 2992 nimirum
2633 2941 2816 2993 omnia
2849 2956 2945 3010 per
2972 2939 3170 2996 Filium
3197 2959 3386 3013 agens,
3439 2948 3530 3014 qui

267 3035 438 3105 δῆλον
471 3035 546 3098 ὡς
575 3037 602 3086 6
635 3034 824 3102 ιΙλιτὴρ
852 3033 1026 3088 πάντα
1046 3032 1113 3084 δι’
1149 3031 1278 3083 Υἰοῦ
1311 3033 1568 3101 ἐνεργῶν,
1605 3033 1726 3084 ἐπεὶ
1763 3034 1855 3085 καὶ

1966 3029 2140 3084 virtus
2175 3039 2258 3084 est
2323 3041 2377 3085 et
2413 3031 2695 3085 brachium
2729 3034 2922 3103 ipsius,
2955 3034 3082 3091 fecit
3129 3047 3186 3092 ut
3241 3038 3420 3108 ignem
3479 3041 3532 3092 iu

271 3129 511 3196 δύναμις
534 3124 703 3178 αὑτοῦ
734 3127 827 3178 καὶ
884 3124 1124 3194 βραχίων
1153 3126 1320 3187 ἐστὶν,
1352 3125 1513 3176 αὑτὸν
1544 3126 1856 3194 Σοδομίταις

273 3219 396 3272 ῦειν
422 3218 600 3270 ἐποίει
619 3219 680 3268 τὸ
702 3216 832 3284 πῦρ.
869 3216 999 3267 Ὅτε
1026 3216 1206 3267 τοίνυν
1235 3215 1439 3285 Κύριος
1469 3221 1621 3286 παρὰ
1651 3218 1855 3288 Κυρίου

271 3312 341 3363 τὸ
366 3309 480 3382 πῦρ
508 3310 737 3374 ἐκείνοις
776 3307 984 3376 ἐφίησι,
1017 3307 1134 3369 πῶς
1165 3308 1262 3378 οὐχ
1288 3306 1499 3378 ἕτερος,
1535 3310 1658 3361 ὅσον
1688 3312 1768 3373 είς
1799 3311 1859 3362 τὸ

277 3404 427 3464 ἰδίως
456 3403 747 3473 ὑπάρχειν,
778 3401 928 3472 παρᾶ
951 3400 1040 3451 τὸν
1073 3400 1196 3452 Υἱδν
1225 3403 1253 3452 6
1284 3399 1492 3470 Πατὴρ,
1531 3403 1625 3453 καὶ
1659 3398 1727 3453 αὖ
1757 3403 1859 3454 πά-

271 3495 358 3547 ὶιν
389 3495 419 3546 6
458 3493 580 3554 Υἱὸς
619 3493 769 3562 παρᾶ
806 3493 898 3544 τὸν
928 3490 1144 3561 Πατέρα
1168 3507 1182 3555 ;
1209 3492 1281 3544 T6
1313 3493 1421 3564 γὰρ
1452 3492 1508 3543 ἒν
1549 3494 1623 3556 ὡς
1657 3495 1715 3558 ἐξ
1742 3495 1858 3556 ἑνὸς

273 3593 333 3642 ἐν
372 3587 552 3655 τούτῳ
591 3585 942 3657 σημαίνεται.

361 3680 841 3744 Ἐξαπόστειλον
868 3678 934 3730 τὸ
970 3677 1097 3745 φῶς
1127 3691 1267 3744 σου,
1301 3677 1399 3731 καὶ
1431 3677 1545 3745 τὴν
1566 3677 1859 3743 ἀλήθειάν

273 3787 417 3824 σου.
463 3771 626 3822 Ιιοίον
684 3765 778 3820 οὖν
815 3767 924 3838 ἄρα
963 3771 1082 3820 ἐστὶ
1122 3769 1273 3836 φὼς;
1309 3769 1442 3822 Ποία
1480 3769 1535 3821 δι
1569 3771 1601 3838 ἡ
1631 3769 1858 3838 ἀλήθεια

273 3862 480 3926 urbem};
515 3860 781 3928 Λέγοντος
801 3861 963 3913 ἄκουε
989 3859 1081 3912 τοῦ
1108 3861 1236 3913 Υίοῦ
1259 3877 1273 3891 ο
1319 3861 1464 3931 Ἐγώ
1484 3863 1596 3927 ειμι
1618 3860 1682 3914 τὸ
1711 3858 1856 3928 φῶς,

279 3957 401 4020 καὶ,
435 3953 582 4023 Ἐγώ
601 3956 715 4025 ειμι
736 3954 773 4021 ἡ
790 3953 1061 4020 ἀλήθεια.
1081 3952 1144 4004 Εἰ
1168 3953 1223 4006 δὲ
1253 3945 1532 4022 πέμπεται
1564 3955 1696 4024 πρὸς
1713 3955 1745 4020 η
1754 3953 1859 4022 μᾶς

276 4047 341 4098 τὸ
362 4045 480 4114 φῶς
513 4047 607 4098 καὶ
641 4047 675 4116 ὴ
704 4045 932 4116 ἀλήθεια
957 4045 1052 4096 τοῦ
1090 4045 1326 4114 Πατρὸς,
1348 4043 1625 4099 τουτέστιν
1652 4044 1680 4096 6
1706 4043 1853 4108 Υἱὸς,

281 4137 402 4200 πῶς
437 4137 539 4207 οὐχ
570 4137 760 4207 ἕτερός
791 4138 906 4189 εστι
946 4137 1076 4206 παρ’
1109 4136 1304 4201 αὑτὸν,
1347 4137 1469 4189 ὅσον
1505 4137 1583 4198 είς
1624 4139 1682 4190 τὸ
1717 4136 1858 4198 ἰδίως

283 4230 574 4300 ὑπάρχειν,
604 4229 652 4282 εί
686 4228 774 4281 καὶ
797 4229 854 4281 ἓν
879 4229 1027 4280 ἐστιν
1043 4227 1120 4291 ὡς
1143 4229 1275 4296 πρὸ,
1300 4228 1484 4292 αὑτὸν,
1509 4229 1631 4281 ὅσον
1657 4229 1737 4292 εἰς
1760 4227 1858 4299 τὴν

280 4322 381 4391 τῆς
409 4321 599 4382 οὐσίας
628 4321 966 4386 animum;
999 4318 1058 4369 Et
1089 4320 1198 4384 γὰρ
1229 4319 1303 4389 μὴ
1331 4318 1501 4383 οὕτως
1541 4319 1685 4388 ἔχειν
1715 4319 1857 4372 οἷον·

1965 3118 2276 3174 Sodomitas
2308 3127 2536 3190 plueret.
2571 3124 2934 3188 Quamobrem
2965 3128 3058 3196 qui
3104 3128 3218 3182 lieri
3243 3139 3442 3198 potest,
3478 3141 3534 3184 ut

1959 3227 2083 3265 cum
2121 3212 2378 3268 Dominus
2409 3231 2437 3267 a
2482 3215 2706 3270 Domino
2739 3217 2916 3288 ignem
2972 3219 3028 3273 in
3081 3235 3174 3276 eos
3211 3224 3529 3292 conjeccrit,

1960 3319 2071 3356 non
2096 3305 2166 3357 sit
2194 3307 2488 3361 distinctus
2513 3318 2571 3362 et
2600 3323 2631 3362 a
2666 3307 2802 3362 Filio
2829 3307 3008 3375 Pater,
3040 3321 3098 3365 ut
3132 3317 3344 3382 propria
3387 3320 3532 3369 exsi-

1961 3407 2117 3449 stens
2152 3411 2407 3465 persona,
2446 3409 2502 3454 et
2523 3416 2738 3454 rursum
2769 3417 2800 3454 a
2828 3400 2988 3458 Patre
3018 3403 3225 3457 Filius?
3258 3404 3354 3460 ilic
3387 3407 3530 3461 enim

1962 3501 2128 3540 unum
2161 3489 2230 3542 ab
2254 3505 2362 3544 uno
2394 3491 2748 3562 signiﬁcatur.

2032 3674 2226 3728 Emitte
2249 3672 2415 3726 lucem
2443 3683 2589 3729 tuam
2611 3685 2659 3729 et
2703 3686 2978 3732 veritatem
3011 3689 3158 3734 tuam
3201 3687 3240 3733 ⁸.
3276 3684 3532 3748 Quaenam

1961 3766 2108 3820 illius
2137 3774 2221 3819 est
2251 3765 2364 3827 lux,
2385 3775 2441 3819 et
2500 3768 2739 3820 veritas?
2769 3768 2909 3823 Audi
2957 3769 3180 3832 Filium,
3235 3775 3348 3842 qui,
3383 3775 3492 3845 Ego
3517 3813 3532 3836 ,

1961 3856 2158 3924 inquit,
2207 3870 2323 3908 sum
2361 3855 2474 3918 lux,
2511 3872 2602 3925 ego
2639 3873 2759 3910 sum
2788 3861 3001 3913 veritas.
3031 3861 3216 3932 Itaque
3243 3867 3286 3918 si
3354 3865 3442 3919 lux
3482 3878 3536 3919 et

1963 3948 2160 4002 veritas
2187 3947 2381 4010 Patris,
2409 3963 2606 4015 nempe
2645 3947 2838 4016 Filius,
2868 3953 2938 4006 ad
2966 3969 3064 4007 nos
3088 3956 3344 4021 mittitur,
3402 3974 3535 4026 quo-

1961 4039 2120 4094 modo
2143 4055 2253 4093 non
2298 4047 2379 4093 est
2408 4039 2477 4093 ab
2508 4040 2599 4094 illo
2631 4041 2948 4107 distinctus,
2979 4056 3254 4113 quatenus
3307 4051 3529 4118 propria

1962 4132 2208 4187 subsistit
2235 4147 2492 4201 persona,
2522 4133 2649 4187 licet
2680 4150 2802 4188 cum
2831 4136 2924 4189 illo
2951 4151 3120 4190 unum
3147 4140 3238 4204 sit,
3267 4151 3532 4208 quantum

1963 4224 2030 4278 ad
2064 4238 2225 4277 unam
2285 4233 2340 4278 et
2386 4225 2634 4280 eamdem
2695 4228 2991 4281 essentiam
3040 4230 3320 4299 pertinet?
3378 4233 3531 4298 Quod

1963 4317 2032 4384 si,
2074 4327 2131 4370 ut
2161 4317 2380 4386 quidam
2407 4318 2729 4388 opinantur,
2764 4337 2904 4376 unus
2936 4331 3020 4376 est
3048 4323 3205 4378 Pater
3229 4326 3389 4391 idem,
3441 4331 3530 4398 qui

278 4389 371 4466 ταί
399 4428 567 4476 τινες,
603 4413 631 4464 6
661 4411 822 4473 αὐτὸς
860 4411 918 4464 δὲ
951 4411 1046 4463 καὶ
1100 4405 1179 4472 εἷς
1212 4412 1329 4462 ἐστι
1359 4411 1551 4480 Πατὴρ
1587 4413 1680 4463 καὶ
1711 4410 1856 4474 Υἱὸς,

1964 4413 2019 4457 et
2052 4403 2238 4470 Filius,
2266 4421 2365 4459 cur
2394 4423 2503 4461 non
2521 4423 2583 4461 ea
2609 4409 2791 4477 potius
2837 4411 3094 4478 precandi
3143 4413 3352 4468 ratione
3405 4432 3534 4470 usus

276 4505 330 4556 τί
366 4504 446 4574 μὴ
473 4505 660 4575 ἕτερον
695 4505 930 4556 ἐποιεῖτο
959 4503 1050 4555 τὸν
1081 4503 1178 4574 τῆς
1208 4503 1372 4574 εὐχῆς
1409 4504 1608 4573 τρόπον
1637 4503 1664 4554 ὁ
1693 4520 1857 4556 πνευ-

279 4597 593 4666 ματοςρόρος
645 4594 808 4666 βοῶν,
847 4593 997 4646 Ἐλθὲ
1026 4595 1159 4662 πρὸς
1193 4596 1362 4664 ἡμᾶς,
1385 4589 1428 4648 ὦ
1452 4594 1566 4663 φῶς
1598 4596 1691 4646 καὶ
1725 4594 1857 4664 ἁλή-

277 4690 439 4756 θεια;
482 4687 701 4757 Ἐπειδὴ
727 4687 782 4740 δὲ
807 4685 885 4752 τὸ,
927 4686 1343 4754 Ἐξαπόστειλον
1371 4725 1384 4750 ,
1408 4687 1575 4755 λέγει,
1606 4686 1764 4756 δῆλος
1787 4685 1853 4741 ἂν

273 4784 366 4850 είη
396 4781 588 4834 λοιπὸν
617 4780 803 4849 ἕτερον
837 4779 935 4849 μὲν
968 4779 1058 4833 τὸν
1089 4781 1491 4834 ἀποστέλλοντα
1525 4780 1701 4844 εἰδὼς,
1738 4780 1855 4832 ἐτε-

278 4891 376 4943 ρον
422 4873 481 4924 δὲ
525 4861 617 4924 τὸν
662 4870 1143 4940 ἀποστελλόμενοι).
1201 4871 1257 4922 ’0
1298 4870 1356 4922 δὲ
1398 4873 1495 4942 τῆς
1546 4873 1852 4940 ἀποστολῆς

273 4967 485 5036 τρόπος
517 4965 742 5018 νοείσθω
773 4964 1114 5033 θεοπρεπῶς.

348 5057 504 5110 Ἐπεὶ
558 5056 612 5109 δὲ
658 5056 736 5127 τῷ
777 5057 1051 5128 Σαϐελλίῳ
1102 5057 1374 5120 ἀιτίθετός
1405 5062 1553 5110 ἐστιν
1588 5058 1805 5126 Ἀρειος
1833 5068 1846 5084 ⁸

273 5152 487 5214 ἐκεῖνος
522 5151 620 5219 μὲν
659 5151 767 5219 γὰρ
806 5151 872 5202 τὰ
898 5150 1020 5220 τρία
1062 5150 1326 5218 πρόσωπα
1360 5148 1630 5220 συναιρῶν
1660 5149 1741 5212 είς
1772 5148 1851 5216 ἓν,

274 5241 340 5294 ἒν
375 5242 668 5311 πρόσωπον
701 5240 794 5292 καὶ
830 5239 956 5309 μίαν
989 5239 1152 5306 φύσιν
1180 5236 1536 5307 ὲδογμάτιζεν
1560 5253 1575 5270 ο
1609 5231 1763 5300 οὗτος
1796 5237 1854 5290 δὲ

272 5333 380 5404 τὴν
411 5334 540 5403 μίαν
571 5332 732 5401 φύσιν
754 5331 999 5402 διαιρῶν,
1024 5333 1172 5402 τρεῖς
1199 5331 1387 5399 φύσεις
1421 5331 1516 5384 καὶ
1540 5331 1665 5400 τρία
1682 5329 1856 5400 πρόσο

272 5444 407 5480 ωπα
449 5425 757 5478 τούναντίον
797 5425 1279 5493 ἀντεδογμάῖιζεν·
1311 5427 1358 5476 oi
1407 5423 1557 5477 ἄλλοι
1592 5424 1859 5493 Πατὲρες,

305 5517 636 5582 Δθανὰσιος,
675 5519 770 5570 καὶ
813 5517 1112 5580 Βασίλειος,
1156 5519 1269 5596 καὶ.
1297 5517 1616 5589 Γρηγόριος,
1660 5520 1717 5571 ἐν
1768 5512 1848 5579 οἷς

1959 4496 2240 4550 estdivino
2273 4497 2480 4566 Spiritu
2513 4498 2726 4554 aliiatus
2752 4502 3036 4570 propheta:
3068 4501 3220 4568 Veni,
3258 4506 3529 4575 inquiens,

1959 4587 2022 4638 ad
2045 4603 2163 4652 nos,
2195 4603 2228 4642 0
2272 4589 2360 4643 lux
2389 4599 2444 4644 et
2481 4591 2717 4646 veritas?
2751 4591 2930 4657 Quare
2969 4610 3091 4647 cum
3119 4598 3332 4661 dixerit,
3361 4597 3560 4660 Mitte.,.

1959 4676 2122 4730 alium
2164 4680 2350 4749 utique
2386 4680 2831 4737 intellexitillum
2886 4700 3027 4746 esse,
3091 4688 3184 4753 qui
3247 4688 3432 4750 mittit,
3477 4701 3530 4742 et

1958 4767 2125 4823 alium
2180 4786 2325 4835 eum,
2387 4772 2479 4842 qui
2527 4772 2774 4827 mittitur.
2844 4759 3131 4829 Missionis
3165 4788 3343 4830 autem
3397 4781 3532 4834 ratio

1963 4853 2071 4907 Deo
2102 4859 2438 4915 conveniens
2472 4861 2758 4932 cogitetur.

2035 5058 2232 5113 Verum
2255 5059 2379 5127 quia
2411 5073 2535 5112 cum
2566 5057 2800 5115 Sabellio
2826 5061 2984 5120 Arius
3026 5074 3265 5134 pugnat:
3298 5081 3420 5121 nam
3446 5069 3533 5123 ille

1966 5159 2077 5204 tres
2103 5162 2368 5218 personas
2391 5149 2442 5204 in
2463 5166 2628 5206 unum
2659 5151 2731 5204 ita
2765 5153 3060 5220 contraxit,
3092 5165 3153 5210 ut
3205 5169 3366 5208 uuam
3416 5166 3534 5212 tan-

1967 5251 2080 5296 tum
2105 5255 2415 5313 personam,
2435 5251 2489 5298 ει
2521 5253 2769 5300 naturam
2796 5260 2957 5300 unam
2986 5261 3106 5302 esse
3131 5248 3483 5305 contenderet
3514 5269 3529 5308 ζ

1972 5333 2064 5389 hic
2086 5341 2264 5388 autem
2298 5344 2547 5390 naturam
2582 5353 2744 5393 uuam
2775 5339 2848 5392 ita
2883 5339 3088 5406 divisit,
3121 5351 3178 5395 ut
3203 5350 3312 5396 tres
3370 5351 3534 5397 natu-

1975 5444 2083 5490 ras,
2121 5437 2175 5480 et
2201 5435 2312 5480 tres
2349 5444 2610 5496 personas
2640 5441 2947 5486 assereret:
2979 5434 3332 5498 Athanasius,
3363 5438 3537 5492 etBa-

1962 5519 2142 5582 silius,
2179 5519 2580 5590 et'Grrgurius,
2621 5533 2676 5578 et
2705 5523 2793 5579 alii
2832 5523 3021 5580 Patres
3069 5541 3191 5580 cum
3245 5543 3536 5586 εχει-ωιλη-

353 5677 371 5708 ¹
403 5675 557 5730 Joau.
595 5694 644 5738 ς,
676 5678 764 5730 50.
843 5675 1035 5730 ’Jaan.
1075 5695 1183 5742 ut,
1210 5681 1298 5732 ‘28.
1379 5682 1398 5712 ³
1424 5680 1559 5733 Gen.
1586 5695 1716 5742 xvn,
1752 5677 1842 5730 ‘21,
1919 5678 2103 5734 ‘Psal.
2146 5695 2272 5747 mi,
2306 5682 2354 5736 5.

629 5780 874 5838 l'nnot.
942 5785 1052 5839 Uti.
1101 5778 1336 5838 ΩλΧΧ.

3099 5781 3159 5846 11
