4024 6208
457 277 557 345 331

1683 271 2064 333 EUTHYMII
2125 270 2484 330 ZIGABENI

3605 265 3724 331 332

459 393 584 446 dam
623 390 734 443 Arii
767 391 1082 460 opinionem
1118 387 1518 454 impugnarent,
1556 381 1714 435 simul
1747 382 1910 436 etiam
1934 381 2043 434 Sa—

2165 380 2450 449 ἱνέτρεψαν
2486 379 2585 450 τὴν
2628 376 2837 448 ’Λρείου
2880 373 3256 445 βλασφημίαν,
3290 373 3729 445 συμπαρέλαϐον

463 484 608 537 ln-llii
636 483 968 544 doctrinam,
998 481 1062 534 ad
1093 494 1254 548 quam
1285 475 1663 539 refellendam,
1691 486 1750 528 ut
1770 486 2042 544 potepau-

466 580 546 633 eis
572 577 1044 646 comprehensam,
1079 587 1187 624 non
1224 571 1407 622 multis
1435 584 1576 637 opus
1605 579 1722 622 erat
1747 581 2043 636 argumen-

471 672 560 733 tis,
596 675 933 722 everterunt.

1036 774 1336 830 'l'lTCl.U5
1361 774 1449 827 Xl.

467 877 532 930 In
566 876 809 928 Λιὶιιηοδ.
844 869 1020 940 Magni
1048 867 1349 990 Athaanlij.
1408 883 1468 919 ea:
1515 874 1703 935 quarto
1726 875 1904 918 contra
1955 877 2041 914 eos

1084 955 1222 990 msos
1269 956 1282 990 ι
1322 955 1396 990 ro.

1025 999 1032 1006 ,
1084 955 1222 1006 Ipsos
1246 955 1396 990 uvro.

529 1037 728 1090 Beatus
751 1034 1057 1089 Alexander
1094 1033 1385 1100 episc0pus
1411 1027 1646 1081 Ecclesia
1693 1026 1880 1080 Arium
1929 1025 2040 1094 eje-

467 1129 562 1189 cit,
599 1125 901 1180 etextrusil
930 1124 1203 1176 dicentem
1268 1121 1381 1172 haec
1419 1136 1432 1170 :
1484 1118 1596 1170 Non
1647 1131 1864 1186 semper
1902 1113 2043 1167 Deus

469 1219 650 1277 l’ater.
671 1232 778 1269 non
804 1230 1021 1283 semper
1052 1211 1223 1265 Filius
1267 1209 1388 1262 fuit.
1440 1209 1540 1261 Sed
1602 1224 1725 1260 cum
1769 1217 1948 1259 omnia
1977 1222 2043 1258 ex

471 1310 645 1364 nihilo
705 1307 842 1360 facta
884 1303 1232 1367 sint,eodem
1277 1301 1436 1355 modo
1485 1311 1536 1353 et
1581 1299 1746 1352 Fiiius
1814 1296 2042 1357 exstitit,

468 1401 562 1469 qui
623 1409 678 1452 et
709 1399 823 1467 ipse
853 1414 914 1450 ex
952 1397 1116 1449 rebus
1150 1392 1447 1463 procreatis
1478 1404 1531 1444 et
1583 1385 1740 1444 factis
1786 1405 1890 1440 una
1938 1398 2042 1440 est.

467 1493 720 1560 Utrunque
751 1488 933 1542 omnia
960 1502 1070 1540 non
1097 1492 1280 1540 essent
1312 1483 1484 1552 prius,
1536 1497 1696 1550 quam
1728 1481 1866 1534 facta
1899 1487 2045 1543 sunt,

473 1585 552 1640 sic
587 1585 690 1637 fuit
731 1579 1045 1649 aliquando.
1077 1593 1201 1631 cum
1237 1586 1289 1629 et
1323 1577 1410 1630 Dei
1450 1574 1686 1628 Verbum
1722 1587 1831 1626 non
1879 1581 2042 1626 esset.

473 1679 661 1746 Neque
695 1676 842 1729 enim
867 1682 983 1726 erat
1011 1681 1137 1723 ante
1191 1685 1351 1738 quam
1412 1668 1742 1736 gigneretur.
1775 1666 1871 1719 sed
1898 1665 2044 1719 exsi-

2151 475 2240 525 καὶ
2271 473 2368 543 τὴν
2408 473 2698 525 Σαϐελλί-.υ
2735 472 2830 523 καὶ
2865 468 3292 536 συνανέτρεψαν,
3318 467 3400 519 ὅτι
3425 466 3564 537 μηδὲ
3595 468 3731 519 πολ-

2148 563 2254 616 λῶν
2293 565 2460 618 ὲδεῖτο
2497 565 2671 633 λόγων
2711 563 3027 630 εὐέλεγκτος
3059 555 3225 625 οὖσα,
3268 558 3364 612 καὶ
3393 559 3473 622 εἰς
3513 558 3734 627 ὀλίγους

2150 658 2425 727 φθάσασα.

2746 771 2994 823 ΤΙΤΛΟΣ
3018 774 3083 824 ῐᾹ
3107 813 3120 826 .

2155 861 2270 916 Τοῦ
2297 862 2562 933 μεγάλου
2610 864 2654 916 Ἀ
2667 864 2959 917 θανασίου
2990 866 3140 917 κατὰ
3184 861 3589 932 Ἂρειανῶν,ἐκ
3621 860 3731 916 τοῦ

2400 934 2549 986 κατὰ
2597 933 2918 998 ’Λρειανὼν
2949 934 3231 1000 τετάρτου
3262 936 3469 1001 λόγου.

2237 1024 2295 1077 Ὀ
2337 1025 2607 1093 μακάριος
2651 1023 3000 1095 Ἀλέξανδρος
3039 1027 3135 1078 καὶ
3163 1025 3465 1088 ἐπίσκοπος
3504 1025 3728 1090 ἐξέϐαλε

2152 1117 2243 1170 τὸν
2270 1117 2484 1186 Ἀρειον
2512 1116 2610 1183 τῆς
2647 1115 2974 1186 Ἐκκλησίας
2999 1115 3230 1183 λέγοντα
3257 1115 3430 1168 ταῦτα
3459 1133 3472 1149 ·
3503 1117 3619 1169 υύκ
3642 1117 3732 1169 ἀεὶ

2151 1216 2179 1267 6
2203 1213 2334 1275 856;
2368 1214 2576 1283 Πατήρ.
2600 1215 2712 1267 Οὔκ
2732 1215 2818 1265 ἀεὶ
2841 1209 2909 1285 ἦν
2927 1214 2954 1264 6
2983 1214 3128 1276 Υἱδς,
3159 1211 3292 1266 ἀλλὰ
3316 1214 3537 1267 πάντων
3556 1215 3733 1267 ὄντων

2154 1307 2212 1372 ἐξ
2241 1307 2339 1359 οὐκ
2369 1306 2559 1369 ὄντων,
2590 1307 2683 1359 καὶ
2706 1309 2734 1359 6
2754 1307 2882 1370 Υἱὸς
2907 1306 3001 1359 τοῦ
3027 1305 3168 1358 Θεοῦ
3193 1303 3250 1370 ἐξ
3269 1306 3370 1358 οὐκ
3394 1307 3565 1359 ὄντων
3586 1307 3732 1359 ἐστί.

2156 1403 2263 1453 Καὶ
2297 1402 2512 1452 πάντων
2535 1399 2705 1451 ὄντων
2737 1401 3074 1465 κτισμάτων,
3096 1401 3192 1452 καὶ
3214 1400 3372 1462 αὐτὸς
3405 1403 3612 1469 κτίσμα
3636 1400 3737 1453 καὶ

2154 1490 2365 1559 ποίημᾴ
2395 1491 2529 1544 ἐστι.
2569 1491 2676 1542 Καὶ
2707 1493 2928 1543 πάντων
2957 1490 3056 1542 οὐκ
3094 1490 3265 1544 ὅντων
3294 1491 3580 1560 πρότερον,
3612 1488 3738 1543 ἀλλ’

2159 1583 2582 1652 ἐπιγενομένων,
2615 1583 2706 1635 καὶ
2737 1583 2898 1644 αὐτὸς
2926 1584 2953 1634 6
2993 1583 3087 1636 τοῦ
3121 1583 3256 1636 Θεοῦ
3282 1584 3454 1652 Λόγος
3475 1580 3545 1655 ἦν
3575 1602 3739 1648 ποτε,

2155 1676 2240 1729 ὅτε
2266 1677 2364 1728 οὐκ
2389 1671 2477 1746 ἧν,
2511 1677 2603 1727 καὶ
2633 1676 2734 1728 οὒκ
2757 1670 2825 1743 ἦν
2858 1677 2986 1745 πρὶν
3012 1676 3357 1746 γεννηθῆναι.
3395 1677 3596 1748 ’Λρχὴν
3618 1679 3740 1748 ἔχει

486 1769 666 1824 stcndi
704 1767 1034 1837 principium
1061 1763 1271 1824 habuit,
1305 1778 1425 1812 cum
1485 1758 1625 1811 Deus
1656 1757 1826 1810 voluit
1871 1756 2054 1824 ipsum

2165 1769 2252 1821 τοῦ
2286 1765 2446 1821 εἶναι.
2484 1767 2617 1821 Τότε
2653 1768 2764 1835 γὰρ
2793 1767 3040 1835 γέγονεν,
3075 1769 3165 1821 ὅτε
3207 1768 3528 1838 βεϐούλευτο
3567 1771 3741 1822 αὐτὴν

475 1865 711 1917 etlicere.
739 1858 874 1913 Nam
907 1873 1073 1910 unum
1107 1871 1175 1908 ex
1207 1857 1478 1907 universus
1505 1850 1762 1920 operibus
1792 1851 2047 1918 etipsum

479 1969 582 2012 est.
621 1956 686 2008 Et
739 1952 996 2021 quoniam
1035 1959 1248 2015 natura
1313 1945 1573 1999 mutabile
1629 1955 1733 2009 est,
1781 1944 2060 1997 voluntate

480 2046 782 2120 permansit
806 2045 1033 2105 bonum,
1093 2056 1216 2094 cum
1259 2049 1438 2092 tamen
1494 2047 1552 2089 ut
1611 2035 1819 2104 reliqua
1874 2033 2056 2087 omnia

479 2141 677 2196 mutari
722 2138 918 2204 possit,
950 2131 1324 2203 quandovult.
1356 2129 1564 2184 Idcirco
1592 2129 1738 2182 enim
1774 2128 1916 2180 Deus
1934 2142 2056 2180 cum

479 2233 813 2305 praevideret
867 2230 1044 2296 ipsum
1081 2225 1324 2277 futurum
1361 2222 1586 2284 bonum,
1631 2218 1770 2272 hanc
1817 2218 1889 2271 illi
1942 2217 2058 2286 glo-

481 2328 618 2380 riatn
686 2322 899 2380 tribuit,
931 2333 1093 2386 quam
1126 2331 1187 2368 ex
1243 2315 1442 2368 virtute
1491 2312 1747 2377 deinceps
1802 2309 2055 2363 obtinuit.

484 2423 680 2473 Dicunt
724 2416 906 2485 igitur,
938 2410 1212 2466 Christum
1282 2421 1390 2460 non
1451 2420 1573 2458 esse
1625 2419 1810 2457 veruw
1866 2404 2057 2466 Deum,

482 2513 576 2567 sed
607 2509 1000 2564 communione
1035 2502 1203 2554 Deum
1261 2497 1390 2563 dici,
1457 2505 1514 2550 ut
1561 2495 1800 2564 reliquos
1845 2509 2057 2548 omnes.

482 2605 707 2657 Addunt
736 2607 1018 2669 praetcrea,
1049 2593 1228 2662 ipsum
1265 2606 1373 2644 non
1409 2604 1527 2643 csso
1591 2591 1644 2639 in
1677 2587 1832 2640 l‘atre
1869 2596 2060 2639 natura

483 2709 537 2751 et
572 2694 851 2764 proprium
888 2688 1145 2744 eswntke
1183 2685 1326 2737 illius
1383 2682 1625 2736 Verbum
1671 2690 1726 2734 et
1787 2678 2058 2748 propriam

484 2791 605 2858 ejus
651 2784 996 2854 sapientiam,
1059 2793 1164 2848 qua
1235 2781 1505 2829 mundum
1566 2774 1710 2827 liunc
1766 2772 2061 2825 fabricatus

483 2894 584 2935 e51.
613 2877 774 2930 Aliud
799 2875 940 2928 enim
981 2885 1103 2924 esse
1143 2867 1380 2921 Verbum
1405 2865 1540 2918 illud
1581 2864 1858 2932 proprium
1915 2862 2059 2932 quod

487 2977 540 3026 in
573 2963 735 3025 Patre
761 2977 870 3030 est,
908 2964 1182 3030 aliamque
1215 2959 1491 3028 propriam
1535 2960 1588 3010 in
1641 2956 1797 3009 Patre
1841 2957 2058 3023 sapien-

2159 1862 2187 1913 6
2225 1861 2356 1922 856;
2395 1860 2826 1930 δημιουργῆσαι.
2874 1861 2972 1913 Ἐν
3007 1860 3116 1931 γὰρ
3155 1862 3262 1915 τῶν
3300 1860 3515 1916 πάντων
3554 1862 3743 1933 ἔργων

2162 1952 2279 2004 ἐστὶ
2314 1953 2408 2003 καὶ
2441 1951 2622 2013 αὑτός.
2658 1953 2766 2005 Καὶ
2793 1951 2875 2002 ὅτι
2905 1954 2970 2020 τῇ
3002 1953 3098 2020 μὲν
3131 1952 3292 2021 φύσει
3321 1953 3552 2023 τρεπτός
3591 1957 3740 2019 ἐστι,

2166 2043 2244 2112 τῷ
2281 2041 2338 2093 δὲ
2375 2042 2487 2112 ἰδίῳ
2519 2040 2854 2110 αὑτεξουσίῳ
2890 2041 3142 2111 βούλεται
3175 2044 3361 2112 μένειν
3416 2045 3581 2110 καλός
3603 2064 3619 2078 ο
3648 2050 3741 2103 ὅτε

2165 2136 2347 2206 μέντοι
2397 2135 2563 2200 Θέλει,
2596 2135 2818 2188 δύναται
2857 2135 3157 2205 τρέπεσθαι
3189 2138 3284 2190 καὶ
3325 2138 3508 2202 αὐτὸς,
3546 2138 3745 2212 ὥσπερ

2160 2232 2253 2284 καὶ
2293 2230 2358 2282 τὰ
2394 2229 2590 2280 πάντα.
2640 2227 2737 2281 Διά
2765 2227 2922 2280 τοῦτο
2945 2229 3053 2298 γὰρ
3099 2232 3126 2282 6
3167 2230 3302 2296 856;
3347 2231 3742 2302 προγινώσκων

2160 2323 2376 2375 ἔσεσθαι
2408 2321 2573 2375 καλὸν
2599 2320 2763 2374 αὐτὸν
2798 2320 3092 2390 προλαϐὼν
3121 2323 3272 2391 αὐτῷ
3299 2323 3505 2392 ταύτην
3534 2323 3627 2393 τὴν
3651 2325 3744 2378 ϐό·

2165 2414 2261 2479 ξαν
2309 2415 2566 2478 δέδωκεν,
2607 2413 2674 2484 ἣν
2716 2413 2782 2466 ἂν
2822 2415 2916 2465 καὶ
2947 2415 3009 2466 ἐκ
3039 2414 3140 2484 τῆς
3188 2418 3386 2486 ἀρετῆς
3427 2417 3549 2486 ἔσχε
3597 2421 3739 2487 μετὰ

2161 2506 2352 2563 ταῦτα.
2385 2507 2623 2574 Λέγουσι
2649 2504 2780 2574 γοῦν
2816 2506 2897 2559 ὅτι
2928 2505 3051 2559 οὐδὲ
3074 2508 3205 2570 856;
3245 2507 3493 2574 ἀληθινός
3527 2511 3674 2562 ἐστιν
3708 2513 3740 2564 6

2161 2599 2420 2669 Χριστὸς,
2463 2598 2600 2650 ἀλλὰ
2651 2600 2851 2668 μετοχῇ
2897 2599 2990 2650 καὶ
3038 2599 3224 2666 αὐτὸς,
3265 2599 3454 2670 ῶσπερ
3493 2601 3542 2653 οἱ
3585 2601 3742 2656 ἄλλοι

2164 2695 2386 2756 πάντες,
2420 2692 2638 2758 λέγεται
2673 2693 2824 2754 Θεός.
2857 2693 3216 2762 Προστιθέασι
3245 2694 3300 2747 δὲ
3333 2694 3427 2748 καὶ
3457 2695 3741 2773 τοῦτοβτι

2162 2788 2261 2840 οὐκ
2298 2787 2443 2838 ἐστιν
2475 2785 2636 2846 αὐτὸς
2679 2788 2736 2836 ὲν
2775 2784 2850 2855 τῷ
2889 2787 3065 2853 Πατρὶ
3099 2786 3294 2854 φύσει,
3337 2787 3433 2842 καὶ
3468 2789 3599 2852 ῐδιος
3637 2791 3746 2860 τῆς

2163 2879 2349 2943 οὐσίας
2378 2877 2542 2931 αὑτοῦ
2573 2877 2764 2946 Λόγος,
2800 2877 2893 2930 καὶ
2921 2879 2954 2948 ἡ
2983 2877 3086 2931 ἰδία
3115 2880 3296 2948 σοφία,
3321 2881 3376 2933 ἐν
3400 2874 3433 2954 ᾖ
3463 2884 3744 2954 πεποίηκε

2163 2971 2350 3025 τοῦτον
2387 2971 2478 3024 τὸν
2524 2973 2745 3041 κόσμον,
2790 2970 2902 3023 ἀλλ’
2950 2970 3107 3035 ἄλλος
3155 2973 3253 3040 μέν
3297 2975 3442 3027 ἐστιν
3479 2977 3508 3028 6
3553 2975 3611 3029 ὲν
3657 2967 3748 3048 τῷ

487 3069 639 3131 tiam,
674 3077 781 3132 qua
805 3058 1024 3129 quidem
1060 3052 1333 3124 sapientia
1363 3059 1417 3105 et
1479 3047 1714 3101 Verbum
1761 3047 1864 3100 hoc
1909 3046 2056 3102 fecit.

2169 3063 2344 3130 Πατρὶ
2406 3061 2576 3116 αὐτοῦ
2638 3062 2766 3125 ἴδιος
2833 3062 3028 3130 Λόγος,
3095 3065 3188 3116 καὶ
3251 3063 3383 3134 ἄλλη
3440 3068 3472 3136 ή
3531 3069 3589 3120 ὲν
3660 3046 3742 3139 τῶ

485 3163 643 3214 Hunc
667 3156 811 3209 enim
837 3153 1013 3220 ipsum
1049 3145 1340 3200 Dominum
1368 3142 1628 3212 opinione
1661 3137 1899 3192 Verbum
1965 3153 2054 3191 ra-

488 3256 806 3317 tionemque
829 3244 935 3299 dici
971 3249 1196 3312 propter
1223 3237 1334 3300 illa,
1363 3249 1484 3304 quae
1513 3233 1723 3286 ratione
1750 3241 1878 3285 sunt
1925 3247 2060 3300 pra:-

487 3347 596 3401 dita
639 3331 1251 3410 :Opinioneitemdiei
1299 3329 1621 3398 sapientiam
1681 3335 1900 3393 propter
1948 3325 2057 3386 illa,

487 3456 608 3511 qua:
639 3432 907 3506 sapientia
977 3437 1107 3482 sunt
1147 3433 1360 3479 ornata.
1407 3420 1658 3488 Denique
1715 3432 1838 3470 cum
1878 3418 2061 3470 omnia

487 3509 599 3587 sint
629 3529 805 3584 aliena
838 3532 894 3578 et
918 3518 1232 3593 peregrina,
1267 3524 1321 3570 et
1351 3513 1420 3568 ab
1457 3511 1697 3568 essentia
1757 3509 1932 3563 Patris
1973 3524 2064 3562 rc-

489 3623 810 3684 motissima,
845 3618 922 3670 sic
954 3614 1210 3684 etipsum
1233 3614 1490 3664 asserunt
1519 3604 1588 3658 ab
1607 3601 1843 3658 essentia
1888 3599 2064 3654 Patris

485 3715 881 3772 alienissimum
929 3725 990 3762 ac
1029 3703 1474 3767 remotissimum,
1507 3700 1708 3770 quippe
1757 3697 1850 3768 qui
1890 3696 2065 3750 factus

487 3824 540 3864 et
569 3816 786 3865 creatus
809 3805 900 3868 sit,
936 3812 990 3856 et
1015 3814 1182 3853 unum
1223 3810 1381 3867 opus.
1417 3794 1499 3848 Ad
1542 3794 1658 3848 haec
1709 3792 1862 3845 aiunt
1893 3790 2063 3844 Deum

487 3921 592 3958 non
621 3909 842 3972 propter
867 3896 1015 3949 illum
1045 3908 1144 3947 nos
1178 3903 1527 3960 procreasse,
1563 3886 1659 3940 sed
1701 3885 1854 3938 illum
1905 3897 2067 3952 prop-

490 4007 718 4048 ternos.
759 3991 888 4044 Erat
915 3988 1086 4050 enim,
1113 3983 1386 4051 inquiunt,
1413 3979 1560 4033 solus
1612 3977 1773 4039 Deus,
1822 3985 1876 4028 et
1923 3981 2063 4028 ‘cum

490 4094 580 4145 illo
605 4105 714 4142 non
748 4092 867 4139 erat
889 4082 1149 4136 Verbum.
1178 4075 1386 4130 Deinde
1411 4089 1535 4127 cum
1557 4072 1719 4125 vellet
1743 4084 1842 4122 nos
1885 4069 2066 4122 Cilice-

490 4200 573 4245 re,
616 4191 745 4233 tunc
777 4185 832 4228 et
866 4172 996 4226 illud
1021 4169 1226 4230 etiecit,
1247 4179 1302 4220 et
1333 4181 1398 4219 ex
1426 4179 1534 4232 quo
1570 4161 1773 4215 factum
1807 4158 2067 4224 est,Vet'-

490 4276 642 4333 bum,
683 4278 738 4323 et
791 4265 1008 4328 Filium,
1072 4272 1123 4313 et
1149 4257 1469 4327 sapientiam
1529 4255 1706 4324 ipsum
1757 4252 2066 4322 appellavit,

492 4376 553 4420 ut
582 4379 684 4418 nos
711 4376 806 4430 per
839 4357 966 4411 illud
1005 4360 1337 4425 procrearet.
1378 4347 1444 4404 Et
1470 4345 1929 4417 quemadmodum
1978 4359 2066 4397 re—

2164 3157 2342 3228 Πατρὶ
2407 3156 2510 3209 ἰδία.
2565 3157 2726 3224 σοφία
2775 3155 2959 3219 αὐτοῦ,
3007 3159 3066 3208 ὲν
3212 3161 3375 3228 σοφίᾳ
3417 3161 3511 3212 καὶ
3547 3157 3740 3214 τοῦτον

2161 3251 2254 3302 τὶν
2311 3252 2481 3315 Λόγον
2533 3248 2851 3318 πεποίηκεν.
2903 3248 3076 3312 Αὐτὸς
3123 3250 3179 3302 δὲ
3231 3243 3386 3313 οὗτος
3449 3254 3476 3305 6
3534 3251 3741 3322 Κύριος

2163 3341 2280 3391 κατ’
2331 3338 2570 3390 ἐπίνοιαν
2620 3339 2838 3405 λέγεται
2896 3339 3069 3406 Λόγος
3124 3340 3211 3392 δια
3265 3341 3332 3394 τὰ
3391 3341 3608 3410 λογικὰ,
3646 3347 3743 3398 καὶ

2163 3431 2285 3483 κατ’
2344 3431 2586 3483 ἐπίνοιαν
2636 3430 2854 3498 λέγεται
2898 3432 3056 3500 σοφία
3117 3430 3206 3486 διὰ
3265 3433 3331 3486 τὰ
3385 3434 3738 3506 σοφιζόμενα.

2177 3522 2391 3591 Ἀμέλει
2455 3524 2618 3592 φασιν
2669 3523 2752 3576 ὅτι
2806 3525 3022 3578 πάντων
3078 3525 3242 3591 ξένων
3307 3526 3400 3580 καὶ
3447 3525 3744 3599 ἀλλοτρίων

2165 3617 2334 3670 ὅντων
2401 3618 2539 3669 κατὰ
2593 3615 2693 3684 τὴν
2745 3615 2934 3669 οὐσίαν
3000 3615 3092 3668 τοῦ
3152 3617 3384 3686 Πατρὸς,
3438 3617 3582 3672 οὕτω
3648 3623 3747 3673 καὶ

2165 3709 2328 3771 αὐτὸς
2371 3706 2524 3774 ξένος
2582 3707 2700 3778 μὲν,
2749 3709 2840 3761 καὶ⁸
2894 3708 3176 3779 ἀλλότριος
3226 3710 3327 3780 τῆς
3384 3710 3476 3763 τοῦ
3525 3713 3747 3783 Πατρός

2166 3802 2349 3864 οὐσίας
2392 3800 2510 3853 ὲστί
2536 3817 2550 3832 ·
2595 3801 2703 3852 τῶν
2737 3803 2793 3854 δὲ
2822 3802 3098 3872 γεννητῶν
3141 3803 3234 3855 καὶ
3261 3804 3570 3874 κτισμάτων
3607 3805 3746 3867 [ὄιος

2168 3897 2260 3943 καὶ
2292 3886 2371 3953 εἷς
2400 3891 2682 3961 τυγχάνει.
2712 3891 2931 3961 Κτισμα
2961 3891 3072 3958 γάρ
3100 3893 3238 3955 ἐστι,
3265 3895 3356 3945 καὶ
3381 3893 3610 3964 ποίημα,
3643 3896 3747 3949 καὶ

2167 3985 2350 4055 ἔργον,
2385 3985 2552 4038 Πάλιν
2583 3983 2640 4038 τέ
2671 4001 2835 4052 φασιν
2865 3986 2946 4038 ὅτι
2977 3986 3074 4055 οὐχ
3115 3987 3264 4055 ἡμᾶς
3295 3987 3476 4040 ἔκτισε
3505 3989 3573 4042 δι’
3602 3989 3750 4043 ἐκεῖ·

2169 4095 2281 4143 νον,
2331 4077 2445 4131 ἁλλ’
2484 4079 2688 4130 ἐκεῖνον
2733 4079 2799 4130 δι’
2845 4079 3012 4147 ἡμᾶς.
3053 4073 3160 4131 Ἦν
3191 4079 3318 4149 γὰρ,
3364 4079 3540 4148 φησὶ,
3581 4080 3748 4150 μόνος

2169 4172 2197 4224 6
2253 4172 2429 4235 Θεὸς,
2472 4172 2566 4224 καὶ
2637 4172 2736 4224 οὐκ
2792 4167 2860 4242 ἦν
2919 4175 2946 4225 6
3002 4172 3175 4240 Λόγος
3224 4172 3321 4225 σὺν
3388 4171 3560 4242 αὐτῷ.
3614 4167 3749 4227 Εἶτα

2171 4264 2403 4335 Θελήσεις
2431 4265 2577 4334 ἡμᾶς
2605 4263 3031 4334 δημιουργῆσαι,
3065 4266 3184 4316 τότε
3225 4263 3497 4333 πεποίηκε
3529 4263 3746 4319 τοῦτον.

2173 4358 2284 4410 Καὶ
2331 4356 2425 4440 αφ’
2466 4351 2526 4412 οῦ
2571 4357 2816 4426 γέγονεν,
2867 4358 3146 4429 ὠνόμασεν
3195 4357 3359 4410 αὑτὸν
3405 4359 3603 4428 Λόγον,
3651 4364 3753 4416 καὶ

490 4457 635 4526 liqua
667 4452 850 4507 omnia
905 4448 996 4501 hri
1032 4445 1313 4500 voluntate
1365 4441 1712 4504 exstiterunt,
1775 4451 1898 4492 cum
1958 4451 2059 4490 non

2172 4430 2342 4517 Υιὸν,¹
2368 4451 2462 4502 καὶ
2502 4449 2717 4518 σοφίαν,
2753 4449 2839 4502 ἵνα
2871 4452 2965 4504 καὶ
3001 4451 3147 4520 ἡμᾶς
3177 4449 3246 4503 δι’
3284 4450 3451 4504 αὐτοῦ
3481 4451 3753 4524 δημιουρ-

491 4555 674 4604 essent
707 4544 877 4615 priu--,
907 4540 985 4595 sic
1033 4548 1088 4591 et
1117 4538 1318 4606 ipsum,
1353 4551 1475 4588 eum
1506 4543 1665 4587 antea
1730 4548 1838 4615 non
1899 4539 2066 4598 esset,

457 4647 460 4650 ’
495 4646 696 4698 factum
726 4646 830 4691 est.
861 4635 1045 4703 Neque
1073 4631 1246 4692 enim,
1274 4629 1550 4695 inquiunt,
1587 4605 1841 4696 proprius
1875 4635 1928 4680 et
1963 4641 2070 4680 ‘na-

493 4735 681 4792 turalis
717 4729 886 4785 Filios
917 4726 1092 4781 Patris
1126 4730 1209 4778 est
1244 4722 1504 4783 Verbum,
1540 4719 1635 4774 sed
1662 4730 1714 4773 et
1746 4719 1922 4788 ipsum
1972 4735 2070 4788 per

493 4827 722 4899 gratiam
753 4819 984 4876 exstitit.
1029 4816 1133 4882 Qui
1186 4815 1335 4868 enim
1375 4823 1458 4866 est
1496 4812 1660 4877 Deus,
1711 4809 1937 4875 Filium,
1979 4809 2070 4880 qui

493 4935 602 4974 non
653 4925 791 4980 erat,
826 4914 958 4968 fecit
989 4928 1053 4966 ea
1087 4910 1387 4971 voluntate,
1437 4921 1545 4976 qua
1577 4905 1706 4960 fecit
1733 4915 1786 4958 et
1841 4905 2073 4958 fabrica-

493 5015 572 5068 vit
606 5021 807 5064 etesse
855 5006 1024 5061 voluit
1053 5003 1256 5057 omnia.
1290 4999 1422 5054 Nam
1458 4998 1590 5053 illud
1642 4997 1805 5052 etiam
1855 4999 2068 5060 dicunt,

494 5099 768 5155 Christum
798 5112 906 5150 non
935 5110 1054 5149 esse
1089 5092 1393 5146 naturalem
1423 5100 1475 5144 et
1525 5105 1708 5144 veram
1751 5090 1926 5144 Patris
1959 5093 2070 5145 vir-

497 5203 689 5254 tutem,
723 5189 819 5244 sed
851 5185 1312 5258 quemadmodum
1346 5182 1613 5246 bruchus,
1665 5192 1719 5238 et
1771 5195 1953 5249 eruca,
1995 5189 2072 5242 sic

497 5295 552 5342 et
583 5287 699 5356 ipse
747 5281 949 5348 Patris,
983 5280 1260 5349 inquiunt,
1310 5278 1482 5332 virtus
1512 5278 1731 5333 dicitur.
1763 5279 1896 5336 Illud
1943 5281 2070 5336 item

497 5380 819 5449 adiungunt,
859 5375 1071 5429 l‘atrem
1107 5386 1226 5425 esse
1288 5367 1425 5423 Filio
1448 5371 1794 5436 invisibilem,
1874 5373 2070 5427 Filium

497 5470 644 5525 enim
665 5469 879 5522 Patrem
918 5480 1018 5518 nec
1051 5463 1259 5525 videre,
1288 5477 1389 5516 nec
1468 5463 1768 5533 intelligere
1832 5467 2073 5533 perfecte

500 5577 555 5616 et
585 5560 853 5616 absolute.
886 5556 1021 5611 Nam
1053 5571 1176 5608 cum
1238 5555 1537 5608 exsistendi
1589 5555 1911 5626 principium
1973 5558 2072 5611 ha-

500 5657 649 5718 beat,
675 5667 784 5706 non
812 5666 973 5720 posse
1005 5664 1155 5714 eum,
1196 5646 1286 5717 qui
1335 5646 1599 5718 principio
1661 5658 1830 5714 caret,
1885 5651 2073 5721 cogni-

510 5756 622 5799 tum
659 5742 878 5796 habere.
912 5739 1066 5805 Quod
1086 5740 1130 5794 si
1161 5748 1454 5810 cognoscat
1479 5751 1532 5796 et
1559 5739 1756 5804 videat,
1789 5757 1886 5810 pro
1917 5758 2070 5797 men-

2171 4542 2338 4613 γήσῃ.
2400 4543 2507 4594 Καὶ
2551 4542 2740 4612 ῶσπερ
2786 4543 2854 4595 τὰ
2908 4544 3086 4596 πάντα
3123 4541 3426 4613 βουλήματι
3469 4543 3560 4596 τοῦ
3611 4543 3750 4598 Θεοῦ

2173 4633 2383 4702 ὑπέστη
2412 4633 2511 4685 οὐκ
2538 4633 2669 4685 ὄντα
2702 4634 2988 4702 πρότερον,
3027 4629 3170 4684 οὕτω
3203 4631 3300 4684 καὶ
3325 4629 3486 4693 αὐτὸς
3516 4631 3592 4699 τῷ
3623 4631 3750 4701 βου-

2171 4724 2378 4795 λήματι
2429 4725 2523 4778 τοῦ
2583 4724 2719 4778 Θεοῦ
2776 4725 2877 4777 οὒκ
2933 4723 3010 4777 ῶν
3058 4723 3328 4793 πρότερον
3377 4722 3613 4790 ἐγένετο.
3670 4724 3750 4776 Οὐ

2172 4818 2282 4888 γάρ
2320 4818 2435 4870 ἐστι
2462 4815 2557 4870 τοῦ
2579 4819 2796 4888 Πατρὸς
2825 4818 2956 4871 ῐδιον
2985 4815 3079 4868 καὶ
3111 4814 3274 4883 φύσει
3308 4814 3555 4884 γέννημα
3585 4818 3613 4868 6
3644 4816 3748 4868 Λό-

2172 4927 2288 4978 γος,
2321 4908 2457 4962 ἀλλὰ
2487 4911 2580 4962 καὶ
2619 4909 2780 4974 αὐτὸς
2809 4911 2993 4980 χάριτι
3021 4910 3266 4978 γέγονεν.
3287 4911 3347 4960 ’0
3378 4909 3485 4979 γὰρ
3517 4907 3591 4960 ῶν
3617 4908 3753 4973 Θεὸς

2172 5003 2261 5056 τὸν
2313 5002 2390 5073 μὴ
2439 5002 2567 5055 ὅντα
2616 5003 2743 5055 Υἱὸν
2786 5001 3058 5072 πεποίηκε
3097 5004 3164 5072 τῇ
3215 4999 3403 5072 βουλῇ,
3453 5001 3512 5052 ὲν
3654 5003 3752 5052 καὶ

2172 5094 2239 5147 τὰ
2273 5093 2454 5146 πάντα
2498 5092 2784 5160 πεποίηκε,
2815 5091 2912 5145 καὶ
2946 5091 3372 5161 ἐδημιούργησε,
3410 5091 3505 5142 καὶ
3537 5089 3750 5154 ἔκτισε,

2174 5187 2266 5241 καὶ
2293 5184 2549 5254 γενέσθαι
2575 5183 2834 5255 ἠθέλησε.
2865 5184 2974 5237 Καὶ
3003 5183 3114 5254 γὰρ
3146 5181 3241 5234 καὶ
3266 5179 3424 5234 τοῦτο
3452 5181 3708 5248 λέγουσιν
3733 5220 3748 5244 ,

2172 5283 2254 5335 ὅτι
2282 5281 2382 5332 οὐκ
2409 5279 2558 5331 ἐστιν
2583 5279 2611 5330 6
2639 5277 2872 5348 Χριστὸς
2898 5279 2932 5347 ἡ
2957 5276 3162 5346 φυσικὴ
3192 5276 3291 5330 καὶ
3317 5273 3548 5345 ἀληθινὴ
3592 5273 3752 5326 δύνα-

2177 5392 2267 5445 μις
2304 5374 2397 5426 τοῦ
2431 5371 2599 5437 Θεοῦ,
2644 5371 2760 5426 ἀλλ’
2795 5371 2986 5440 ὥσπερ
3031 5371 3064 5441 ἡ
3101 5369 3297 5440 κάμπη
3333 5370 3425 5422 καὶ
3457 5369 3484 5423 6
3521 5365 3750 5439 βροῦχος

2174 5468 2424 5536 λέγονται
2459 5464 2726 5544 δύναμις,
2759 5463 2902 5517 οὕτω
2931 5464 3025 5516 καὶ
3065 5461 3230 5524 αὐτὸς
3265 5459 3485 5524 λέγεται
3519 5459 3750 5527 δύναμις

2175 5559 2272 5613 τοῦ
2305 5559 2538 5628 Πατρός.
2569 5558 2712 5627 Πρὸς
2745 5557 2962 5619 τούτοις
2993 5554 3180 5622 ἔλεγεν
3211 5555 3291 5608 ὅτι
3332 5553 3410 5622 τῷ
3445 5551 3550 5622 Υἱῷ
3580 5553 3608 5604 6
3643 5552 3751 5603 Παο

2177 5653 2282 5724 τὴρ
2314 5651 2540 5721 ἀόρατος
2577 5649 2836 5719 ὑπάρχει,
2881 5651 2972 5700 καὶ
3012 5645 3137 5699 οὔτε
3167 5647 3290 5716 ὁρᾷ,
3323 5645 3449 5698 οὔτε
3493 5642 3749 5713 γινώσκει

2181 5745 2398 5808 τελείοις
2431 5746 2524 5797 καὶ
2556 5742 2796 5813 ἀκριϐῶς
2821 5739 2912 5796 τὸν
2936 5738 3158 5810 Πατέρα
3184 5741 3212 5793 6
3239 5737 3385 5801 Υἱός.
3427 5735 3628 5807 Ἀρχὴν
3645 5733 3754 5804 γὰρ
