3994 6204
262 299 362 363 333

1227 294 1608 357 PANOPLIA
1644 293 2100 356 DOGMATICA,
2128 319 2196 328 --
2231 295 2377 356 ΤΙΤ.
2421 296 2523 355 ΧῘ.

3405 297 3510 361 3η

260 407 389 475 ἔχων
427 403 524 457 τοῦ
560 399 702 458 εἶναι
751 403 813 458 οὐ
845 401 1072 457 δύναται
1113 401 1204 456 τὸν
1234 402 1473 474 ἄναρχον
1519 402 1832 468 γινώσκειν.

1951 417 2082 456 surae
2113 418 2226 457 suae
2258 414 2469 457 ratione
2517 416 2850 474 cognoscere
2890 414 2945 460 et
2995 405 3197 470 videre,
3249 401 3535 477 quemad-‘

268 499 418 551 Ἀλλὰ
442 497 538 550 καὶ
558 496 588 550 ὃ
615 496 874 565 γινώσκει
905 497 1002 550 καὶ
1053 494 1260 564 βλέπει,
1293 495 1570 562 ἀναλόγως
1589 489 1695 546 οἵδε
1724 495 1838 554 τοῖς

259 589 400 651 laici;
420 590 667 656 μέτροις.
688 589 800 641 Καὶ
823 586 1033 657 βλέπει,
1051 586 1240 656 ὥσπερ
1264 586 1358 640 καὶ
1381 587 1542 654 ἡμεῖς
1575 583 1840 652 γινώσκο-

256 697 350 750 μεν
379 683 475 735 καὶ
496 681 773 752 βλέπομεν
801 681 945 734 κατὰ
962 679 1058 751 τὴν
1079 679 1216 732 ἰδίαν
1242 679 1489 746 δύναμιν.
1519 677 1837 748 Προσετίθει

251 774 305 826 δὲ
325 775 420 825 καὶ
448 774 636 835 τοῦτο,
667 773 750 826 ὅτι
781 773 844 825 οὐ
868 773 1032 841 μόνον
1057 771 1148 823 τὸν
1167 770 1388 842 Πατέρα
1407 770 1504 822 οὐκ
1521 767 1659 821 οἶδεν
1683 771 1839 839 ἀκρι-

253 867 378 928 ϐῶς,
400 865 520 917 ἀλλ’
545 866 670 918 οὐδὲ
699 864 798 934 τὴν
822 865 959 918 ἰδίαν
981 863 1176 918 ἑαυτοῦ
1205 863 1392 914 οὐσίαν
1413 858 1541 914 οἵδε.
1573 861 1756 913 Πάντα
1781 859 1838 912 δὲ

251 957 420 1010 ταῦτα
452 957 566 1009 τῶν
589 955 823 1025 Γραφῶν
846 957 994 1008 ἐστιν
1023 953 1261 1009 ἐναντία.
1303 954 1359 1006 '0
1393 955 1490 1022 μὲν
1516 952 1624 1021 γὰρ
1663 951 1841 1005 Ἰωάν-

251 1063 343 1114 vq;
385 1049 581 1115 φησὶν,
641 1047 744 1099 Ἐν
772 1045 932 1115 ἀρχῇ
976 1041 1053 1115 ἦν
1095 1047 1127 1099 ὀ
1156 1045 1379 1110 Λόγος·
1426 1036 1572 1094 οὗτοι
1628 1041 1686 1094 δὲ
1737 1041 1838 1109 φά-

251 1153 499 1201 σκουσιν,
526 1138 643 1189 Οὐκ
667 1133 736 1206 ἦν
763 1139 894 1207 πρὶν
913 1135 1265 1205 γεννηθῆναι.
1287 1135 1392 1187 Καὶ
1411 1134 1571 1195 αὐτὸς
1595 1133 1650 1185 δὲ
1677 1135 1841 1186 πᾶσιν

250 1228 486 1297 ἔγραψε,
529 1228 646 1281 Καί
689 1229 878 1295 ἐσμεν
907 1229 976 1282 ἐν
1004 1225 1082 1292 τῷ
1107 1224 1374 1293 ἀληθινῷ
1396 1224 1465 1277 ἐν
1492 1223 1572 1290 τῷ
1611 1223 1720 1288 Υίῷ
1744 1225 1844 1277 αὺ-

249 1320 354 1373 τοῦ
401 1319 606 1387 Ἰησοῦ
632 1318 884 1386 Χριστῷ.
915 1313 1104 1382 Οὗτός
1121 1319 1340 1370 ἐστινὸ
1359 1315 1647 1382 ἀληθινὸς
1676 1317 1840 1380 Θεὸς,

245 1410 344 1462 καὶ
390 1412 430 1478 ή
473 1410 590 1476 ζωὴ
638 1412 676 1478 ἠ
707 1390 979 1476 αἰῶνιος·
1032 1401 1178 1463 οὗτοι
1217 1409 1274 1462 δὲ
1309 1409 1496 1478 ὥσπερ
1547 1409 1843 1476 ἀντιμαχόο

243 1519 407 1573 μενοι
433 1503 711 1572 φάσκουσι
746 1503 822 1574 μὴ
845 1500 984 1556 εἶναι
1009 1504 1100 1555 τὸν
1135 1502 1370 1572 Χριστὸν
1400 1501 1656 1574 ἀληθινὸν
1685 1501 1840 1566 Θεὸν,

240 1594 390 1649 ἀλλὰ
419 1595 574 1648 κατὰ
607 1595 845 1665 μετοχὴν
875 1596 971 1648 καὶ
1002 1594 1190 1657 αὐτὸν,
1221 1593 1296 1656 ὡς
1323 1594 1551 1659 πάντας,
1586 1592 1841 1662 λέγεσθαι

241 1689 407 1742 Θεόν.
441 1690 560 1744 Καὶ
590 1691 619 1743 6
656 1688 755 1757 μὲν
801 1688 1118 1750 ’Δπόστολος
1133 1689 1374 1740 αἰτιᾶται
1409 1692 1532 1750 τοὺς
1553 1687 1839 1756 Ἕλληνας,

242 1779 327 1832 ὅτι
357 1779 576 1850 κτίσμα
602 1778 844 1842 σέὁουσι,
883 1778 1054 1847 λέγων
1075 1795 1090 1810 ·
1116 1776 1528 1845 Ἐλάτρευσαν
1557 1777 1626 1844 τῇ
1650 1779 1842 1831 κτίσει

242 1871 409 1940 παρὰ
459 1871 575 1924 τὸν
606 1871 898 1926 κτίσαντα
937 1869 1086 1924 Θεόν
1111 1889 1124 1902 ·
1159 1865 1305 1925 οὗτοι
1338 1868 1396 1922 δὲ
1428 1869 1633 1938 κτίσμα
1659 1868 1843 1936 λέγον-

1945 493 2162 547 modum
2195 494 2358 549 etiam
2391 509 2490 548 nos
2519 509 2616 563 pro
2649 495 2854 549 viribus
2903 497 3109 550 nostris
3139 499 3519 568 cognoscimus

1942 594 1998 638 et
2029 585 2324 639 intuemur.
2348 590 2422 640 Ac
2455 601 2563 638 non
2597 585 2772 639 solmn
2804 588 3129 656 exquisitam
3157 605 3267 642 non
3315 590 3518 647 habere

1944 675 2119 730 Patris
2141 679 2531 748 cognitionem,
2565 679 2658 733 sed
2699 694 2769 732 ne
2830 681 3104 750 pr0priam
3154 682 3374 751 quidem
3433 687 3516 738 sui

1945 766 2115 836 ipsius
2143 769 2436 824 essentiam
2464 785 2646 824 nosse.
2680 769 2810 836 Quae
2834 772 3053 840 quidem
3098 774 3282 828 omnia
3337 773 3523 844 Scrip-

1952 862 2086 912 turis
2119 859 2320 914 divinis
2347 863 2727 916 adversantur.
2766 864 2826 916 In
2851 866 3106 933 principia
3145 865 3314 929 enim,
3355 865 3524 921 Joan-

1947 969 2043 1006 nes
2093 953 2288 1021 inquit,
2325 967 2436 1009 erat
2493 956 2714 1010 Verbum
2747 958 2796 1022 ';
2841 957 2926 1024 isti
2964 973 3094 1011 vero
3127 959 3312 1012 dicunt
3343 976 3358 1012 :
3399 958 3518 1013 Non

1950 1055 2067 1098 erat
2100 1045 2252 1113 prius
2302 1062 2465 1114 quam
2504 1060 2880 1118 generaretur.
2915 1049 2974 1101 Et
3006 1050 3132 1105 alibi
3163 1066 3178 1103 :
3216 1049 3410 1105 Sumus
3465 1053 3520 1105 in

1944 1153 2061 1189 vero
2083 1136 2219 1190 Filio
2247 1140 2381 1207 ejus,
2406 1140 2527 1193 Jesu
2550 1141 2775 1196 Christo.
2800 1141 2895 1194 llic
2924 1152 2996 1194 est
3014 1158 3164 1195 verus
3184 1142 3321 1196 Deus
3333 1152 3381 1196 et
3411 1144 3519 1198 vita

1945 1239 2146 1280 wterna
2175 1229 2220 1281 ².
2258 1231 2324 1282 At
2355 1231 2443 1284 isti
2475 1240 2838 1302 repugnantes
2869 1232 3078 1293 dicunt,
3102 1232 3377 1288 Christum
3410 1250 3519 1288 non

1945 1334 2066 1373 esse
2096 1336 2285 1374 verum
2312 1320 2504 1386 Deum,
2555 1325 2647 1378 sed
2712 1325 3098 1378 communione
3150 1325 3408 1393 quadam,
3463 1333 3523 1380 ut

1947 1421 2076 1465 sunt
2109 1405 2305 1481 reliqui
2336 1429 2550 1480 omnes,
2586 1415 2678 1482 qui
2710 1427 2978 1470 vocantur
3003 1415 3102 1468 dii.
3150 1416 3216 1470 Et
3284 1417 3519 1484 Aposto-

1946 1501 2032 1556 lus
2059 1504 2279 1571 quidem
2313 1514 2504 1574 gentes
2525 1513 2766 1568 accusat,
2790 1507 2932 1574 quod
2960 1521 3048 1561 res
3075 1517 3391 1575 procreatas
3429 1523 3525 1562 co-

1948 1595 2084 1658 lant,
2119 1595 2187 1648 Et
2222 1597 2539 1660 seruierunt,
2584 1597 2858 1666 inquiens,
2883 1607 3142 1653 creatum
3163 1600 3337 1670 potius
3363 1615 3524 1670 quam

1949 1687 2193 1743 Creatori
2216 1687 2256 1741 ³.
2291 1687 2383 1742 lsti
2413 1697 2594 1743 autem
2631 1703 2753 1743 cum
2790 1689 3077 1744 Dominum
3099 1701 3344 1746 creatum
3372 1706 3525 1746 asse-

1950 1791 2094 1840 rant.
2133 1780 2286 1835 etilli
2325 1791 2504 1835 tamen
2541 1783 2804 1847 serviant,
2837 1783 3018 1853 quida
3067 1784 3326 1855 gentibus
3363 1785 3524 1840 αισθ-

1946 1871 2250 1927 runt'lCur
2281 1875 2451 1940 enim,
2476 1874 2520 1928 si
2555 1875 2628 1927 ita
2675 1875 2940 1940 sentiunt,
2972 1891 3077 1931 non
3120 1877 3284 1932 etiam
3333 1877 3386 1931 itt
3430 1891 3527 1932 eos

243 1980 334 2024 τες
383 1959 534 2014 εἶναι
573 1965 668 2016 τὶν
696 1962 903 2032 Κύριον
934 1965 1026 2015 καὶ
1065 1961 1140 2023 ὡς
1180 1961 1444 2030 κτίσματι
1485 1961 1844 2030 λατρεύοντες

1951 1965 2206 2032 iudicium
2225 1966 2316 2028 sit,
2340 1975 2394 2018 et
2441 1967 2904 2035 quemadmodum
2928 1969 3202 2038 gentibus,
3238 1970 3319 2024 sic
3357 1970 3522 2024 etiam

242 2054 424 2125 ιῦτῷ,
465 2056 522 2108 τί
550 2055 906 2126 διαφέρουσιν
945 2053 1212 2126 Ἑλλήνων
1241 2071 1255 2118 ;
1285 2052 1414 2116 Πῶς
1447 2051 1578 2122 γὰρ,
1607 2055 1655 2104 εἰ
1681 2051 1843 2105 τοῦτο

243 2147 571 2217 φρονοῦσιν,
602 2147 726 2216 οὐχὶ
749 2147 846 2200 καὶ
871 2146 994 2200 κατ’
1018 2145 1202 2200 αὐτῶν
1226 2145 1346 2197 ἐστι
1371 2145 1434 2197 τὸ
1462 2145 1800 2214 ἀνάγνωσμα
1822 2182 1840 2209 ,
1874 2169 1889 2182 ο

243 2243 346 2294 καὶ
396 2239 594 2310 ῶσπερ
637 2239 890 2300 ἐκείνοις,
939 2236 1081 2291 οὓτω
1118 2238 1214 2290 καὶ
1257 2237 1444 2300 αὐτοῖς
1492 2237 1842 2306 μεμφόμενός

244 2333 404 2384 ἐστιν
429 2332 461 2383 6
492 2332 768 2401 μακάριος
799 2330 1046 2397 [lui-ioc;
1091 2331 1203 2383 Kal.
1228 2332 1256 2384 6
1289 2329 1390 2400 μὲν
1419 2328 1619 2400 Κύριός
1642 2346 1841 2401 φησιν’

258 2422 416 2491 Ἐγὼ
459 2423 562 2476 καὶ
597 2426 628 2476 ὀ
659 2422 860 2490 Πατὴρ
880 2422 950 2476 ἓν
975 2423 1182 2491 ἐσμεν,
1206 2424 1321 2484 καὶ,
1357 2421 1418 2476 '0
1445 2419 1715 2490 ἑωρακὼς
1740 2421 1846 2491 ἐμὲ

249 2514 484 2582 ἑώρακε
504 2515 615 2568 τὸν
645 2513 875 2583 Πατέρα
899 2531 912 2545 ο
945 2515 1042 2568 καὶ.
1085 2516 1114 2568 ό
1151 2515 1284 2584 παρ’
1311 2514 1479 2568 αὐτοῦ
1509 2515 1566 2566 δὲ
1607 2517 1846 2568 ἀποστα-

251 2606 369 2669 λεὶς
419 2606 720 2677 κηρύττειν
758 2606 1082 2670 Ἀπόστολος
1123 2608 1366 2676 γράφει·
1406 2609 1500 2673 Ὃς
1550 2605 1636 2659 ὢν
1655 2606 1846 2661 ἀπαύ-

252 2711 462 2764 τπσμα
494 2696 606 2766 τῆς
630 2696 818 2765 δόξης
848 2696 946 2750 καί
969 2697 1274 2764 χαρακτὴρ
1306 2695 1418 2765 τῆς
1445 2697 1844 2764 ὑποστάσεως

257 2787 448 2842 αὑτοῦ
481 2803 496 2816 ·
553 2781 700 2840 οὗτοι
745 2789 804 2841 δὲ
853 2787 1093 2859 τολμῶσι
1135 2789 1386 2859 διαιρεῖν,
1433 2789 1525 2842 καὶ
1568 2789 1845 2860 ἀλλότριον

259 2880 426 2932 αὑτὸν
451 2879 553 2949 τῆς
586 2879 679 2934 τοῦ
708 2880 922 2948 Πατρὸς
962 2880 1148 2943 οὐσίας
1179 2881 1272 2934 καὶ
1305 2880 1609 2949 ἀῖδιότητος
1641 2881 1840 2949 λέγειν,

261 2971 364 3024 καὶ
400 2970 637 3040 τρεπτδν
690 2972 932 3040 εἰσάγειν
985 2972 1034 3024 οἱ
1093 2971 1266 3034 ἄθεοι,
1317 2969 1379 3024 οὐ
1434 2970 1723 3040 βλέποντες
1763 2970 1845 3023 ὃτι

263 3061 439 3116 ταῦτα
479 3062 727 3132 λέγοντες
761 3065 859 3117 οὐκ
892 3063 973 3117 ἔτι
999 3063 1242 3117 ποιοῦσιν
1288 3062 1453 3119 αὑτὸν
1487 3063 1545 3116 ἓν
1577 3064 1717 3134 μετὰ
1751 3062 1845 3116 τοῦ

266 3155 502 3226 Πατρὸς,
531 3155 667 3210 ἁλλὰ
711 3155 848 3227 μετὰ
904 3155 1012 3210 τῶν
1056 3155 1395 3226 κτισμάτων.
1453 3156 1548 3220 Τίς
1591 3155 1699 3224 γὰρ
1746 3155 1844 3224 οὐχ

268 3247 372 3316 δρᾷ
395 3247 478 3299 ὅτι
511 3246 818 3318 ἀδιαίρετόν
840 3248 959 3300 ἐστι
987 3247 1046 3300 τὸ
1077 3246 1421 3317 ἀπαύγασμα
1454 3250 1590 3318 πρὸς
1619 3248 1682 3300 τὸ
1706 3247 1843 3316 φῶς,

270 3344 364 3392 καὶ
409 3340 542 3392 ῐδιον
582 3339 749 3392 αὐτοῦ
781 3341 1128 3410 συνυπάρχον
1165 3341 1340 3410 τούτῳ
1384 3341 1578 3410 φύσει,
1611 3343 1706 3394 καὶ
1746 3342 1847 3394 οὐκ

272 3431 590 3500 ὲκιγὲγοντν
645 3431 917 3503 ὕστερον;
967 3429 1099 3486 Εἶτα
1153 3433 1248 3486 τοῦ
1301 3434 1514 3505 Πατρὸς
1569 3434 1843 3502 λέγοντος,

276 3519 466 3590 οὗτός
508 3525 680 3578 ἐστιν
729 3527 762 3577 ό
808 3525 941 3591 Υιός
989 3541 1108 3593 μου
1151 3527 1183 3577 ό
1222 3525 1553 3592 ἀγαπητὸς,
1599 3527 1691 3579 καὶ
1736 3525 1846 3577 τῶν

272 3616 310 3669 Γ
313 3616 499 3686 ραφῶν
521 3615 796 3682 λεγουσῶν
835 3616 1022 3669 τοῦτον
1045 3613 1182 3670 εἶναι
1208 3617 1302 3669 τοῦ
1331 3617 1541 3686 [ἰατρὸς
1569 3617 1760 3686 Λόγον,
1787 3621 1843 3672 ὲν

272 3700 314 3773 ᾧ
359 3709 410 3760 ot
442 3707 666 3778 οὖρανοί
707 3708 1143 3779 ἐστερεώθησαν,
1183 3710 1274 3762 καὶ
1312 3709 1503 3772 ἁπλῶς
1547 3710 1725 3763 πάντα
1775 3711 1843 3764 δι’

275 3797 436 3852 αὑτοῦ
475 3801 714 3867 ἐγένετο,
760 3793 909 3854 οὗτοι
974 3801 1178 3853 καινῶν
1215 3803 1507 3870 ὲφευρεταὶ
1557 3801 1846 3869 δογμάτων

272 3891 362 3943 καὶ
394 3889 652 3943 πλαστῶν
700 3892 977 3960 γινόμενοι
1021 3892 1208 3961 ἕτερον
1243 3893 1598 3962 ἐπεισάγουσι
1634 3894 1841 3962 Λόγον,

272 3985 363 4036 καὶ
391 3983 562 4052 ἄλλην
593 3983 784 4052 σοφίαν
817 3983 912 4036 τοῦ
949 3985 1161 4052 Πατρὸς
1193 3981 1332 4037 εἶναι
1352 4025 1366 4046 ,
1397 3986 1586 4040 τοῦτον
1625 3987 1684 4040 δὲ
1722 3988 1841 4040 κατ’

275 4075 515 4127 ἐπίνοιαν
548 4073 637 4127 διὰ
662 4075 730 4128 τὰ
760 4074 957 4142 λογικὰ
987 4074 1242 4142 λέγεσθαι
1273 4077 1448 4144 Λόγον
1497 4077 1592 4131 καὶ
1627 4078 1841 4147 σοείαν,

274 4165 370 4236 οὐχ
405 4165 674 4236 ὁρῶντες,
710 4168 835 4220 ὅσον
874 4167 937 4219 ὲκ
975 4166 1164 4220 τούτου
1199 4168 1259 4219 τὸ
1288 4167 1510 4222 ἄτοπον.
1545 4169 1606 4223 Ei
1639 4172 1748 4240 γάρ
1779 4168 1846 4223 δι’

276 4259 420 4327 ἡμᾶς
448 4259 668 4326 λέγεται
705 4258 828 4312 κατ’
855 4260 1099 4312 ἐπίνοιαν
1155 4260 1330 4327 Λόγος
1361 4261 1455 4313 καὶ
1490 4263 1670 4330 σοφία,
1701 4265 1753 4315 τί
1782 4266 1848 4317 ἂν

277 4350 361 4418 εἴη
407 4349 592 4416 αὐτὸς,
642 4350 743 4402 οὐκ
791 4350 860 4403 ἂν
899 4349 1123 4403 εἴποιεν.
1183 4352 1243 4403 Ei
1297 4351 1406 4421 γάρ
1455 4353 1628 4407 ταῦτα
1687 4356 1849 4407 αὑτὸν

1943 2055 2077 2125 ipsis
2101 2057 2291 2110 beatus
2331 2056 2530 2112 l'aulus
2575 2059 2882 2114 irascatur?
2928 2061 2996 2115 Et
3045 2061 3328 2124 Dominus,
3388 2059 3525 2132 Ego,

1945 2148 2141 2217 inquit,
2197 2159 2246 2202 et
2291 2148 2453 2203 Pater
2493 2168 2656 2204 unum
2715 2169 2894 2205 sumus
2929 2171 2944 2218 ;
2981 2164 3034 2208 et
3065 2172 3079 2208 :
3107 2152 3211 2219 Qui
3237 2157 3364 2210 vidit
3419 2173 3522 2222 me,

1941 2241 2066 2294 vidit
2088 2251 2136 2293 et
2160 2239 2376 2294 Patrem
2393 2240 2436 2294 ⁵.
2468 2241 2532 2294 Et
2550 2244 2845 2326 Apostolus
2867 2246 2935 2297 al)
2951 2259 3016 2299 eo
3040 2247 3238 2301 missus
3260 2251 3326 2300 ad
3345 2246 3527 2304 Evan-

1943 2328 2138 2396 gelium
2171 2329 2557 2398 divulgandum
2590 2331 2663 2384 ita
2694 2331 2883 2386 scribit
2921 2349 2934 2385 :
2995 2331 3098 2398 Qui
3118 2350 3236 2388 cum
3255 2337 3323 2389 sit
3348 2336 3526 2400 splen-

1945 2420 2042 2474 dor
2065 2419 2273 2491 gloriaz,
2306 2429 2354 2474 et
2386 2421 2561 2492 ﬁgura
2607 2421 2915 2478 substantia
2945 2425 3055 2494 ejus
3083 2426 3126 2482 ⁸.
3165 2431 3231 2481 At
3268 2428 3354 2484 isti
3387 2430 3498 2486 divi

1946 2511 2074 2563 dere
2105 2510 2330 2575 audent,
2393 2525 2629 2580 eumque
2685 2513 2755 2566 ab
2807 2514 3048 2568 essentia
3111 2518 3527 2590 aeternitateque

1945 2601 2122 2655 Patris
2146 2602 2407 2668 alienum,
2435 2612 2488 2657 et
2507 2604 2821 2660 mutabilem
2872 2606 3074 2662 dieere.
3130 2608 3242 2663 Nec
3280 2612 3530 2667 animad-

1949 2702 2172 2746 vertunt
2215 2692 2368 2762 itnpii
2423 2708 2504 2756 se,
2567 2695 2697 2747 dum
2746 2694 2862 2748 haec
2911 2693 3156 2760 dicunt,,
3219 2697 3370 2752 illum
3417 2716 3525 2756 non

1945 2785 2181 2854 amplius
2213 2801 2380 2839 unum
2411 2800 2531 2840 cum
2568 2783 2744 2847 Patre,
2784 2786 2877 2840 sed
2919 2802 3043 2840 cum
3079 2791 3244 2842 rebus
3266 2805 3526 2859 procrea-

1951 2877 2017 2929 tis
2069 2877 2422 2931 constituere.
2450 2876 2586 2942 Quis
2620 2877 2765 2930 enim
2801 2892 2911 2931 non
2944 2878 3116 2945 videt,
3146 2896 3174 2933 a
3209 2881 3334 2938 luce
3367 2899 3532 2956 sepa-

1949 2967 2054 3020 rari
2089 2983 2196 3022 non
2243 2984 2400 3037 posse
2463 2969 2834 3038 splendorem,
2865 2971 3024 3039 cujus
3078 2974 3360 3042 proprium
3406 2983 3528 3041 'est,

1876 3094 1917 3146 ο
1951 3070 2010 3115 ut
2043 3061 2274 3116 naturali
2323 3061 2538 3115 vinculo
2561 3076 2684 3114 cum
2735 3061 2823 3115 illa
2849 3077 3068 3132 semper
3088 3065 3413 3135 coniunctus
3437 3060 3528 3128 sit.

1955 3170 2065 3208 non
2120 3163 2300 3208 autem
2346 3163 2532 3222 postea
2558 3153 2610 3207 in
2672 3153 2760 3207 illa
2806 3153 3246 3212 factus‘lAdbaac
3276 3173 3399 3212 cum
3433 3158 3531 3214 Pa-

1963 3255 2042 3300 ter
2064 3246 2210 3300 dicat
2243 3263 2256 3299 :
2295 3244 2398 3299 Hic
2429 3256 2504 3300 est
2550 3246 2717 3299 Filius
2773 3263 2918 3300 metu
2966 3248 3255 3310 dilectus“,
3283 3259 3339 3304 et
3387 3250 3534 3305 Scri-

1959 3348 2130 3407 ptura:
2175 3336 2465 3402 aﬂirment,
2502 3339 2648 3391 hunc
2670 3353 2793 3392 esse
2817 3337 2998 3392 Patris
3027 3339 3287 3402 Verbum,
3320 3341 3373 3394 in
3421 3357 3533 3410 quo

1957 3441 2012 3485 et
2050 3433 2174 3487 coeli
2211 3431 2411 3486 ﬁrmati
2452 3441 2601 3498 situt,
2639 3441 2694 3487 et
2721 3432 2903 3487 omnia
2944 3433 3181 3504 denique
3221 3451 3317 3504 per
3354 3435 3528 3506 ipsum

1959 3525 2211 3578 condita:
2272 3526 2363 3578 isti
2407 3540 2564 3578 novae
2613 3526 3118 3595 commentitiaeque
3169 3527 3532 3582 doctrinaein-

1959 3615 2376 3671 ventoresaliud
2409 3616 2676 3670 inducunt
2707 3615 2967 3682 Verbum,
3023 3627 3077 3671 et
3114 3617 3274 3671 aliam
3347 3617 3526 3672 Patris

1959 3704 2283 3774 sapientiam
2311 3705 2802 3759 comminiscuntur
2839 3723 2852 3760 :
2885 3707 3033 3760 hunc
3063 3706 3209 3760 enim
3270 3707 3530 3776 opinione

1959 3805 2168 3848 tantum
2209 3803 2434 3864 propter
2479 3794 2591 3858 illa,
2657 3810 2779 3863 quae
2814 3795 3028 3849 ratione
3095 3804 3222 3850 sunt
3281 3795 3529 3866 praedita.

1962 3885 2197 3941 Verbum
2224 3894 2278 3938 et
2326 3885 2648 3954 sapientiam
2679 3885 2809 3941 dici.
2836 3884 2946 3940 Nec
2977 3887 3164 3940 vidi-nt
3205 3903 3365 3957 quam
3423 3892 3532 3947 ab-

1957 3980 2182 4035 surdum
2215 3979 2288 4032 sit
2311 3979 2387 4042 id,
2413 3982 2559 4048 quod
2584 3993 2648 4033 ex
2670 3993 2864 4033 eorum
2925 3982 3198 4034 sententia
3257 3985 3528 4053 sequitur.

1958 4069 2092 4124 Nam
2129 4069 2172 4125 si
2204 4069 2466 4140 opinione
2493 4079 2702 4125 tantum
2745 4079 2970 4140 propter
3015 4087 3116 4127 nos
3179 4074 3437 4143 Verbum,
3478 4091 3531 4135 et

1958 4163 2228 4232 sapientia
2261 4161 2486 4228 dicitur,
2539 4162 2671 4230 quid
2705 4163 2820 4230 ipse
2855 4164 2951 4228 sit,
2980 4178 3089 4218 non
3127 4173 3389 4234 poterunt
3449 4170 3534 4225 di-

1957 4268 2110 4310 cere.
2168 4251 2380 4306 Etenim
2429 4268 2556 4307 cum
2611 4251 2908 4323 Scriptura;
2967 4255 3173 4318 dicant,
3228 4275 3353 4314 eum
3409 4275 3533 4316 esse

1958 4346 2197 4400 Verbum
2248 4346 2676 4415 etsapientiam,
2708 4346 2807 4414 ipsi
2857 4355 3039 4402 autem
3096 4349 3383 4406 Dominum
3417 4354 3532 4409 haec

276 4441 523 4509 λέγουσιν
553 4440 610 4494 αι
643 4440 880 4511 Γραφαὶ,
903 4435 1048 4494 οὗτοι
1068 4441 1125 4494 δὲ
1149 4441 1325 4495 ταῦτα
1355 4438 1492 4495 εἶναι
1526 4445 1615 4496 τὸν
1639 4445 1842 4515 Κύριον

1952 4453 2072 4492 esse
2113 4447 2331 4508 negant,
2355 4451 2425 4492 ne
2447 4437 2795 4507 essequidem
2843 4437 2997 4492 illum
3044 4439 3235 4496 volunt
3285 4443 3533 4500 homines

278 4533 334 4585 οὐ
363 4533 605 4598 θέλουσι,
635 4531 888 4602 φανερῶς
935 4533 1054 4586 οὐδὲ
1086 4533 1354 4602 ὑπάρχειν
1378 4533 1542 4587 αὐτὸν
1571 4534 1843 4603 θέλουσιν,

277 4627 324 4679 οἱ
350 4626 500 4681 ἄθεοι
528 4627 624 4679 καὶ
645 4624 753 4679 τῶν
781 4625 1014 4696 Γραφῶν
1061 4627 1317 4680 ἐναντίοι.
1347 4627 1456 4680 Καὶ
1485 4628 1645 4681 τοῦτο
1663 4631 1712 4682 oi
1747 4631 1847 4699 μὲν

279 4718 454 4770 πιστοὶ
472 4715 734 4769 δύνανται
761 4714 890 4786 παρ’
917 4715 1088 4785 αὐτῆς
1111 4732 1170 4767 τε
1200 4720 1300 4786 τῆς
1329 4718 1610 4788 Πατρικῆς
1639 4723 1844 4790 φωνῆς,

280 4811 368 4860 καὶ
407 4809 561 4878 παρὰ
604 4807 711 4860 τῶν
754 4807 1206 4877 προσκυνούντων
1247 4808 1410 4862 αὐτὸν
1443 4812 1712 4878 ἀγγέλων,
1757 4816 1852 4867 καὶ

280 4901 383 4955 τῶν
409 4903 539 4970 περὶ
569 4898 737 4954 αὐτοῦ
771 4901 1100 4969 γραψάντων
1127 4902 1298 4964 ἁγίων
1333 4902 1526 4972 μαθεῖν
1549 4919 1564 4934 ·
1593 4900 1741 4959 οὗτοι
1771 4907 1848 4972 δὲ,

283 4992 398 5043 ἐπεὶ
427 4990 528 5060 τὴν
563 4989 806 5045 διάνοιαν
837 4992 937 5043 οὐκ
974 4993 1157 5060 ἔχουσι
1190 4991 1442 5062 καθαρὰν
1461 5032 1478 5055 ,
1512 4995 1632 5048 οὐδὲ
1663 4995 1854 5051 δύναν-

283 5099 368 5135 ται
401 5083 563 5138 θείων
594 5082 892 5135 ἱπακούειν
925 5085 1018 5136 καὶ
1048 5083 1313 5151 θεολόγων
1349 5086 1566 5156 ἀνδρῶν
1589 5127 1602 5152 ,
1657 5089 1854 5144 δύνανο

282 5193 365 5228 ται
385 5176 484 5230 κᾶν
506 5178 656 5248 παρά
683 5177 796 5229 τῶν
823 5176 1023 5247 ὁμοίων
1046 5179 1228 5240 αὐτοῖς
1254 5178 1526 5248 δαιμόνων
1556 5182 1749 5251 μαθεῖν
1770 5185 1852 5236 ὃτι

285 5271 356 5337 μὴ
384 5269 456 5332 ὡς
486 5269 698 5322 πολλῶν
728 5270 899 5324 ὄντων
936 5271 1269 5338 ἀνεφώνουν,
1301 5273 1438 5326 ἀλλὰ
1467 5275 1657 5329 τοῦτον
1694 5279 1854 5344 μόνον

281 5360 473 5422 εἰδότες
515 5361 703 5428 ἔλεγον
724 5401 738 5426 ,
777 5362 849 5414 Σὺ
880 5355 931 5413 ei
973 5363 1001 5413 6
1032 5364 1185 5429 άγιος
1219 5365 1313 5416 τοῦ
1347 5366 1504 5431 Θεοῦ,
1539 5369 1632 5420 καὶ
1667 5370 1694 5422 6
1727 5369 1853 5431 Υἱὸς

282 5451 371 5504 τοῦ
395 5453 552 5506 Θεοῦ.
583 5453 693 5506 Καὶ
727 5455 837 5524 γὰρ
859 5455 888 5507 ὁ
915 5455 1014 5523 τὴν
1041 5455 1257 5526 αἵρεσιν
1293 5459 1476 5522 αὐτοῖς
1509 5460 1851 5526 ὑποδάλλων,

283 5544 557 5614 πειράζων
584 5547 643 5600 ὲν
673 5547 751 5617 τῷ
780 5547 920 5617 ὄρει,
953 5551 1052 5602 οὐκ
1087 5549 1292 5618 ἔλεγεν,
1334 5551 1393 5604 Εἰ
1422 5550 1515 5604 καὶ
1547 5553 1610 5604 σὺ
1645 5552 1771 5614 Υἱὸς
1805 5549 1855 5603 εἴ

1952 4530 2173 4595 nefarii,
2209 4539 2265 4584 et
2288 4530 2498 4586 inimici
2549 4529 2978 4601 Scripturarum.
3003 4539 3080 4587 Ac
3102 4532 3290 4590 ﬁdeles
3309 4536 3528 4605 quidem

1953 4623 2056 4678 viri
2092 4632 2323 4693 possunt
2364 4625 2468 4680 hoc
2507 4625 2720 4681 discere
2758 4635 2870 4680 tum
2896 4641 2926 4680 a
2947 4625 3124 4683 Patris
3149 4643 3300 4691 voce,
3327 4631 3530 4684 tum’ab

1957 4717 2168 4788 angelis
2226 4715 2404 4786 ipsum
2437 4715 2814 4781 adorantibus,
2853 4725 2965 4770 tum
2988 4731 3019 4770 a
3054 4717 3257 4771 sanctis
3291 4717 3528 4788 scripto-

1958 4814 2128 4875 ribus,
2151 4812 2242 4882 qui
2271 4813 2339 4868 de
2375 4811 2469 4866 illo
2513 4811 2676 4866 locuti
2715 4819 2867 4866 sunt.
2904 4810 2998 4864 lsti
3023 4825 3176 4877 vero,
3232 4812 3323 4880 qui
3374 4825 3532 4865 men-

1961 4916 2067 4960 tem
2098 4907 2300 4960 habent
2326 4907 2617 4974 impuram,
2647 4919 2748 4958 nec
2778 4918 2866 4957 res
2891 4901 3131 4967 divinas,
3178 4915 3279 4956 nec
3317 4900 3531 4972 theolo-

1961 5013 2057 5066 gos
2082 4997 2228 5050 viros
2252 4995 2586 5065 intelligunt,
2614 5004 2846 5062 possunt
2874 5007 2905 5046 a
2953 4992 3292 5047 daemonibus
3338 4992 3529 5048 saltem

1961 5090 2042 5142 sui
2069 5088 2335 5142 similibus
2357 5087 2594 5141 edoceri.
2631 5085 2734 5150 Qui
2759 5085 3089 5147 clamabant,
3129 5099 3237 5137 non
3268 5092 3528 5154 tanquam

1961 5179 2182 5240 multos,
2209 5177 2300 5230 sed
2334 5185 2392 5230 ut
2438 5177 2588 5230 hunc
2611 5177 2789 5231 solum
2843 5174 3114 5239 viderent,
3141 5181 3195 5226 et
3223 5173 3484 5228 dicebant
3510 5192 3526 5229 :

1964 5267 2046 5323 Tu
2077 5283 2135 5321 es
2159 5276 2381 5326 sanctus
2413 5267 2504 5322 Dei
2527 5277 2581 5322 et
2604 5265 2773 5320 Filius
2800 5265 2919 5321 Dei.
2959 5264 3092 5320 Nam
3136 5265 3250 5334 ipse
3281 5266 3529 5334 quidem,

1965 5360 2057 5427 qui
2100 5359 2347 5414 haeresim
2395 5357 2593 5412 animis
2633 5372 2823 5412 eorum
2869 5355 3078 5426 injecit,
3119 5371 3245 5409 cum
3297 5365 3534 5412 tentaret

1962 5450 2111 5504 illum
2155 5455 2206 5506 in
2249 5461 2458 5517 monte,
2485 5467 2594 5505 non
2619 5451 2758 5504 dixit
2789 5467 2802 5502 :
2832 5447 2886 5504 Si
2933 5456 2988 5502 et
3029 5457 3087 5500 tu
3119 5446 3286 5501 Filius
3326 5446 3422 5503 Dei
3444 5461 3533 5515 es,

1964 5547 2117 5616 quasi
2161 5553 2416 5599 essentet
2454 5543 2569 5609 alii,
2601 5543 2696 5598 sed
2720 5552 2976 5610 tanquam
3008 5541 3160 5596 solus
3204 5540 3320 5612 ipse
3361 5549 3531 5608 esset,

359 5725 556 5783 'Joau.
581 5744 620 5795 t,
647 5731 700 5785 l.
777 5731 797 5760 ¹
828 5731 848 5785 1
880 5727 1036 5786 Joan.
1067 5749 1120 5801 ν,
1146 5732 1237 5787 20.
1313 5732 1332 5763 ³
1366 5733 1522 5786 ίὶοιι).
1559 5733 1708 5797 ι,25.
1787 5731 1845 5786 δὲ

1951 5747 1986 5786 t.
2016 5745 2064 5796 ις,
2094 5728 2183 5783 30.
2260 5728 2280 5759 ⁵
2312 5723 2480 5781 llcbr.
2504 5740 2541 5792 t,
2566 5724 2618 5779 5.
2696 5723 2716 5755 ⁸
2750 5721 2940 5779 Matth.
2979 5737 3065 5790 tu,
3093 5722 3177 5779 l7.
