4008 6208
311 313 397 377 341

1243 314 1623 378 PANOPLIA
1663 314 2127 375 DOGMATICA.
2157 338 2227 348 —
2264 313 2415 374 TlT.
2458 312 2561 371 XI.

3433 312 3537 374 3i2

304 429 408 484 δύο.
436 427 495 480 El.
521 426 582 479 δὲ
614 426 693 499 μὴ
738 426 835 483 δύο
866 430 977 498 εἰη,
1003 428 1120 485 ἀλλ’
1149 427 1243 482 hct
1274 428 1369 483 τοῦ
1400 428 1567 483 αὐτοῦ
1596 431 1654 483 τὸ
1679 429 1869 501 Πατὴρ

1975 440 2079 485 est.
2115 430 2286 501 Atque
2311 431 2381 482 ita
2433 433 2594 481 erunt
2617 424 2747 480 duo.
2776 423 2933 491 Quod
2989 423 3034 479 si
3067 424 3175 480 duo
3238 443 3345 480 non
3404 429 3536 489 sint.

300 521 385 573 καὶ
402 518 460 573 τδ
486 518 619 581 Υἱὸς
644 519 877 589 λέγοιτο,
907 519 1057 576 ἔσται
1096 521 1156 575 τὸ
1184 522 1313 574 αὐτὸ
1347 523 1520 575 αῐτιον
1565 522 1658 576 καὶ
1686 523 1863 576 αἰτια-

292 612 396 678 τὸν,
431 613 528 665 καὶ
564 610 906 680 γεννώμενον
959 615 1053 667 καὶ
1086 612 1290 681 γεννῶν
1310 653 1324 676 ,
1360 613 1497 684 ὅπερ
1534 614 1735 668 ἄτοπον
1768 612 1863 667 ἐπὶ

292 702 375 757 τοῦ
413 700 713 757 Σαειλλίου
744 702 1034 756 δέδεικται.
1079 704 1140 756 Ei
1168 703 1225 755 δὲ
1270 704 1329 769 ἐξ
1354 704 1520 758 αὑτοῦ
1566 705 1666 775 μέν
1694 705 1860 771 ἐστιν,

290 795 381 846 οὐκ
409 792 546 846 ἄλλο
568 793 654 853 δὲ.
679 793 834 847 ισται
868 795 961 847 καὶ
989 793 1194 862 γεννῶν
1244 794 1338 848 καὶ
1371 794 1445 865 μὴ
1474 794 1678 863 γεννῶν
1700 809 1717 826 ·
1743 811 1865 864 γεν-

291 885 390 937 νῶν
426 887 556 955 μὲν,
591 885 677 937 ὅτι
706 883 767 949 ἐξ
796 884 960 939 αὐτοῦ
992 884 1257 956 προφέρει
1281 901 1295 917 ·
1331 884 1412 956 μὴ
1440 883 1642 952 γιννῶν
1672 885 1750 950 δὲ,
1779 884 1862 938 ὅτι

289 978 355 1045 μὴ
395 975 562 1039 ἄλλος
606 975 806 1031 ἑαυτοῦ
855 976 1027 1033 ἔστιν.
1065 977 1129 1031 Εἰ
1173 976 1228 1030 δὲ
1272 977 1451 1039 τοῦτο,
1494 974 1581 1046 εἴη
1625 975 1691 1029 ἂν
1743 975 1861 1030 κατ’

284 1070 525 1122 ιπίνοιαν
566 1068 863 1138 λεγόμενος
895 1069 927 1120 6
969 1068 1133 1132 αὐτὸς
1171 1068 1359 1138 Πατὴρ
1388 1067 1481 1121 καὶ
1521 1066 1666 1130 Υἱός.
1698 1068 1760 1120 El
1804 1068 1862 1122 δὲ

284 1162 531 1227 ἀπρεπὲς
578 1159 777 1227 οὕτως,
823 1159 909 1230 εἵη
962 1162 1007 1214 δ’
1063 1160 1128 1215 ἂν
1182 1160 1277 1214 δύο
1323 1161 1514 1231 Πιτὴρ
1566 1161 1659 1212 καὶ
1692 1158 1857 1222 Υἱός⁹

280 1252 333 1305 ἐν
381 1252 447 1306 δι
466 1291 483 1315 ,
514 1253 604 1307 ὃτι
647 1254 678 1306 6
713 1253 837 1316 Υἱὸς
867 1253 965 1305 οὐκ
996 1251 1214 1318 ἔξωθεν,
1248 1252 1364 1305 ἀλλ’
1415 1253 1479 1306 ὲκ
1508 1250 1644 1305 Θεοῦ
1674 1252 1864 1321 γεγέν-

277 1360 459 1413 νηται.
503 1344 572 1397 Ei
610 1344 671 1398 δὲ
710 1344 905 1416 φεύγει
938 1361 1020 1407 τις
1074 1344 1133 1397 τὸ
1168 1344 1347 1411 λέγειν
1390 1344 1669 1413 γέννημα,
1704 1342 1863 1413 μόνον

274 1433 326 1486 δὲ
352 1433 514 1502 λέγει
546 1434 817 1506 ὑπάρχειν
842 1436 933 1488 τὸν
963 1435 1139 1502 Λόγον
1168 1436 1265 1487 σὺν
1296 1434 1375 1504 τῷ
1397 1433 1535 1506 Θεῷ,
1570 1432 1864 1504 φοϐηθήτω

273 1527 298 1576 6
322 1524 585 1589 τοιοῦτος
617 1524 696 1595 μὴ
723 1524 941 1595 φεύγων
969 1527 1030 1579 τὸ
1059 1524 1163 1580 ὑπὸ
1184 1525 1282 1595 τῆς
1312 1526 1530 1595 Γραφῆς
1562 1525 1862 1595 λεγόμενον

271 1615 504 1688 tanien
546 1616 633 1680 εις
667 1617 935 1681 ἀτοπίαν,
966 1618 1131 1688 διφυῆ
1168 1634 1287 1671 τινα
1323 1616 1560 1684 εἰσάγων
1586 1615 1675 1673 τὸν
1705 1616 1860 1674 Θεόν.

273 1708 364 1778 Μὴ
395 1707 586 1773 διδοὺς
618 1709 727 1778 γὰρ
751 1711 816 1762 ὲκ
847 1708 944 1778 τῆς
973 1708 1199 1779 μονάδος
1230 1703 1371 1762 εἶναι
1399 1708 1492 1761 τὸν
1519 1708 1715 1775 Λόγον,
1743 1707 1859 1761 ἀλλ’

1963 522 2059 577 sed
2092 523 2160 576 de
2201 521 2393 576 eodem
2422 520 2639 575 dicatur
2666 518 2826 573 Pater
2859 528 2913 574 et
2940 519 3126 581 Filius,
3167 520 3309 574 idem
3342 520 3445 574 erit
3488 528 3543 575 et

1964 630 2125 671 causa
2181 623 2234 668 ct
2265 613 2409 684 quod
2443 628 2473 667 a
2514 628 2674 666 causa
2703 611 3085 681 proﬁciscitur,
3129 612 3270 666 idem
3318 612 3544 680 gignens

1963 720 2019 761 et
2069 706 2332 777 genitum.
2356 705 2510 771 Quod
2552 705 2770 770 quidem
2822 702 3125 758 adsurdum
3178 704 3232 757 in
3291 701 3535 758 Sabellio

1963 798 2368 867 deprehensum
2435 805 2540 851 est.
2601 797 2667 848 At
2722 795 2764 849 si
2849 812 2918 849 ex
2971 795 3090 863 ipso
3120 795 3211 858 sit,
3273 795 3368 848 sed
3420 811 3529 847 non

1964 890 2131 955 aliud,
2145 890 2246 945 erit
2263 902 2315 943 et
2330 889 2576 958 gignens,
2600 898 2655 942 et
2678 903 2784 941 non
2801 887 3057 957 gignens;
3077 886 3303 956 gignens
3321 886 3540 953 quidem

1962 985 2217 1053 quoniam
2266 998 2325 1037 se
2370 980 2592 1051 profert,
2622 995 2730 1033 non
2758 982 2981 1050 gignens
3017 990 3221 1044 autem,
3264 978 3386 1047 quia
3407 977 3541 1031 nihil

1962 1077 2130 1137 aliud,
2153 1090 2314 1145 quam
2335 1089 2394 1128 se
2418 1072 2642 1141 profert.
2666 1074 2741 1127 Ex
2762 1087 2870 1143 quo
2889 1081 3167 1139 sequetur,
3196 1080 3255 1126 ut
3274 1072 3534 1139 opinione

1964 1177 2171 1223 tantum
2233 1168 2376 1221 idem
2449 1165 2661 1220 dicatur
2732 1166 2889 1219 Pater
2951 1173 3004 1218 et
3052 1164 3245 1219 Filius.
3306 1162 3437 1229 Quae
3494 1162 3540 1215 si

1964 1257 2202 1312 absurda
2235 1265 2387 1317 sunt,
2428 1255 2539 1310 duo
2578 1256 2688 1310 sint
2712 1258 2875 1308 Pater
2903 1262 2955 1308 et
2983 1250 3175 1307 Filius.
3230 1250 3409 1306 Unum
3442 1265 3541 1302 au-

1966 1356 2096 1409 tem,
2128 1346 2252 1416 quia
2279 1345 2448 1401 Filius
2502 1362 2610 1401 tton
2682 1346 3022 1401 extrinsecus
3052 1344 3226 1398 factus
3279 1350 3383 1404 est,
3446 1339 3539 1394 sed

1962 1452 2027 1492 ex
2047 1437 2156 1492 Deo
2174 1438 2416 1508 genitus.
2448 1436 2605 1503 Quod
2624 1437 2669 1490 si
2697 1437 2817 1506 quis
2846 1437 3088 1506 genitum
3123 1442 3338 1488 recusat
3359 1431 3541 1486 dicere

1964 1539 2020 1584 et
2047 1530 2422 1583 tantummodo
2489 1530 2642 1594 dicit,
2700 1529 2934 1583 Verbum
2998 1543 3119 1581 esse
3195 1541 3318 1580 cum
3404 1525 3536 1584 Deo,

1964 1631 2150 1677 caveat
2180 1622 2245 1686 is,
2277 1636 2347 1675 ne
2371 1622 2500 1675 dum
2529 1621 2735 1691 fugitid
2764 1622 2905 1689 quod
2924 1636 2954 1673 a
2987 1620 3265 1689 Scriptura
3313 1617 3535 1677 dicitur,

1966 1714 2021 1768 in
2053 1714 2343 1768 absurdam
2370 1713 2604 1782 aliquam
2638 1713 2958 1781 opinionem
3028 1711 3290 1771 incurrat,
3339 1717 3393 1760 et
3426 1722 3537 1773 na-

269 1798 468 1862 ἅπλῶς
501 1799 873 1869 κτκολλῆσθαι
907 1799 985 1871 τῷ
1024 1800 1198 1872 [lupi
1232 1800 1441 1868 Λόγον,
1473 1798 1640 1852 δυάδα
1667 1798 1854 1863 οὐσίας

1980 1819 2075 1857 ura
2108 1801 2304 1871 duplici
2339 1801 2507 1855 Deum
2561 1799 2890 1855 introducat.
2940 1798 3042 1864 Qui
3100 1799 3246 1850 en‘m
3318 1809 3427 1848 non
3477 1796 3563 1846 ex'

270 1889 513 1957 εἰσάγει,
548 1889 855 1961 μηδετέραν
884 1891 983 1958 τῆς
1009 1891 1198 1963 ἑτέρας
1220 1891 1443 1963 Πατέρα
1464 1889 1852 1961 τυγχάνουσαν.

268 1979 345 2033 τὸ
376 1980 520 2035 αὗτδ
544 1980 604 2035 δὲ
637 1982 735 2036 καὶ
762 1983 894 2053 περὶ
925 1984 1227 2054 δυνάμεως.

1962 1897 2170 1951 unitate
2194 1892 2433 1948 Verbum
2461 1908 2583 1948 esse
2606 1892 2875 1957 concedit,
2906 1890 3001 1945 sed
3032 1886 3348 1957 simpliciter
3398 1883 3543 1939 Patri

1964 1985 2200 2040 Verbum
2252 1983 2368 2038 vult
2430 1997 2552 2038 esse
2600 1982 2954 2052 conjunctum
3018 1988 3074 2033 ct
3126 1977 3540 2049 agglutinatum,

266 2071 559 2142 duplicem
648 2073 862 2132 inducit
948 2078 1260 2142 essentiam,
1352 2093 1584 2147 quarum
1665 2086 1861 2132 neutra
1926 2076 1995 2131 sit
2046 2076 2272 2131 alterius
2329 2075 2510 2130 Pater.
2594 2074 2851 2145 idemque
2933 2071 3200 2142 contingit
3310 2068 3378 2123 de
3450 2082 3545 2136 po—

270 2177 500 2223 testate.

729 2257 831 2312 Ἔιι
864 2257 969 2312 τοῦ
1002 2259 1190 2313 αὐτοῦ
1217 2260 1430 2329 λόγου.

366 2352 431 2406 ’0
458 2349 595 2414 Θεὸς
624 2350 809 2419 σοφὸς,
830 2351 927 2405 καὶ
951 2351 1049 2405 οὐκ
1077 2352 1267 2421 ἄλογός
1299 2355 1471 2421 ἐστιν,
1499 2352 1532 2423 ἢ
1563 2350 1870 2406 τούναντίον

279 2443 493 2512 ἄσοφος
528 2443 626 2496 καὶ
647 2441 859 2511 ἄλογος.
897 2443 957 2495 Ei
992 2443 1091 2512 μὲν
1119 2443 1215 2498 οὖν
1247 2446 1311 2498 τὸ
1338 2445 1608 2515 δεύτερον,
1646 2442 1872 2498 αὐτόθεν

279 2537 401 2608 ἔχει
426 2536 667 2592 ἀτοπίαν
688 2553 705 2569 ·
733 2538 784 2591 εί
813 2537 869 2589 δὲ
893 2537 953 2589 τὸ
987 2538 1223 2608 πρῶτον.
1258 2539 1581 2609 ἑρωτητέον,
1616 2537 1731 2599 πῶς
1757 2538 1870 2589 ἐστι

282 2629 477 2699 σοφὸς,
512 2630 607 2683 καὶ
633 2630 734 2683 οὐκ
758 2629 951 2696 ἄλογος
975 2646 990 2694 ς
1021 2630 1256 2701 Πότερον
1279 2630 1478 2695 ἔξωθεν
1509 2628 1756 2699 ἐσχηκὼς
1782 2629 1870 2682 τὸν

282 2722 468 2788 Λόγον
502 2722 598 2775 καὶ
629 2720 728 2790 τὴν
754 2720 969 2789 σοφίαν,
992 2720 1025 2789 ῆ
1048 2719 1108 2785 ἐξ
1139 2720 1332 2773 ἑαυτοῦ
1358 2737 1373 2785 ;
1406 2719 1466 2771 Ei
1497 2720 1592 2788 μὲν
1622 2724 1715 2771 οὐν
1744 2718 1870 2784 ἔξω·

284 2813 405 2875 οιν,
442 2812 605 2865 ἕσται
640 2830 723 2875 τις
747 2812 777 2865 6
810 2809 1167 2884 προδεδωκὼς
1195 2811 1368 2879 αὐτῷ,
1398 2811 1492 2863 καὶ
1525 2812 1654 2881 πρὶν
1682 2809 1867 2863 λαϐεῖν

284 2904 500 2973 ἄσοφος
552 2899 624 2975 ἦν
668 2905 763 2957 καὶ
799 2902 1025 2970 ἄλογος*
1062 2904 1111 2955 εἰ
1140 2901 1196 2955 δὲ
1229 2901 1288 2967 ἐξ
1332 2902 1563 2967 ἑαυτοῦ,
1594 2901 1752 2971 δῆλον
1786 2903 1867 2957 ὅτι

284 2996 395 3050 οὐκ
435 2996 497 3061 ἐξ
523 2998 626 3048 οὐκ
667 2994 857 3059 ὄντων,
891 2993 1013 3047 οὐδὲ
1059 2989 1127 3065 ἦν
1174 3010 1328 3058 ποτε,
1370 2994 1458 3047 ὅτε
1487 2994 1586 3046 οὐκ
1615 2989 1704 3065 ἦν.
1750 2994 1860 3047 ’Λεὶ

2520 2276 2601 2333 Ex
2627 2278 2805 2332 eodem
2838 2276 2992 2330 libro.

2038 2372 2187 2428 Deus
2227 2382 2322 2427 aut
2352 2371 2570 2441 sapiens
2616 2380 2717 2434 est,
2754 2384 2861 2425 nec
2890 2369 3119 2433 ratione,
3144 2366 3539 2437 scu'oratione,

1965 2471 2060 2518 aut
2092 2461 2271 2518 Verbo
2296 2475 2463 2528 caret,
2493 2471 2587 2518 aut
2614 2469 2805 2516 contra
2836 2460 3123 2528 insipiens,
3157 2469 3210 2514 et
3235 2460 3415 2516 Verbo
3449 2478 3541 2541 ca-

1970 2569 2117 2608 rens.
2155 2555 2270 2609 iIoc
2299 2554 2342 2608 si
2381 2553 2718 2614 admiserint.
2748 2551 2929 2606 statim
2956 2565 3052 2620 per
3083 2566 3140 2606 se
3165 2560 3226 2606 ut
3253 2551 3536 2607 absurdis-

1968 2642 2166 2696 simum
2195 2650 2435 2698 corruet.
2474 2642 2567 2696 Sin
2598 2640 2729 2695 illud
2760 2640 3152 2703 concesserint,
3173 2640 3543 2709 interrogandi

1965 2740 2113 2799 sunt,
2140 2735 2413 2802 quomodo
2457 2733 2674 2803 sapiens
2700 2734 2789 2796 sit,
2819 2749 2887 2788 ue
2918 2733 3093 2789 Verbo
3118 2745 3319 2787 careat.
3352 2733 3543 2788 Utrum

1966 2826 2323 2892 extrinsecus,
2352 2841 2419 2881 an
2479 2840 2544 2880 ex
2593 2840 2652 2880 se
2700 2823 2938 2879 Verbum
2994 2834 3047 2879 et
3089 2825 3410 2894 sapientiam
3446 2826 3547 2879 ha-

1965 2918 2167 2974 buerit.
2189 2917 2324 2974 Nam
2356 2921 2402 2975 si
2436 2920 2800 2983 extrinsecus,
2835 2917 3067 2974 Verbum
3100 2917 3173 2973 illi
3202 2926 3258 2973 ut
3302 2899 3557 2974 adthum’

1976 3020 2032 3066 et
2077 3010 2471 3083 agglutinatum
2534 3011 2854 3078 adhaerebit,
2907 3022 2963 3065 et
3019 3014 3136 3080 ipse
3180 3012 3331 3081 prius
3381 3028 3546 3081 quam

286 3087 402 3158 γὰρ
445 3081 558 3158 ἦν’
608 3087 731 3139 ἐπεὶ
794 3086 890 3139 καὶ
933 3079 995 3139 οὗ
1054 3089 1202 3139 ἐστιν
1249 3085 1437 3152 εἰκὼν,
1483 3088 1567 3141 ἀεὶ
1612 3087 1867 3158 ὑπάρχει.

1976 3107 2107 3162 illud
2147 3112 2552 3174 assequeretur,
2603 3103 2867 3174 insipiens
2910 3079 3053 3158 erat,
3080 3114 3135 3158 et
3180 3079 3299 3157 sine
3350 3079 3547 3159 Verbo.

301 3174 432 3228 Ἐὰν
460 3175 518 3227 δὲ
545 3173 798 3243 λᾶγωσιν,
826 3176 908 3228 ὃτι
936 3175 1099 3244 σοφὸς
1129 3176 1229 3246 μέν
1253 3177 1390 3239 ἐστε,
1423 3176 1516 3230 καὶ
1539 3177 1638 3229 οὐκ
1659 3175 1871 3245 ἄλογος,

294 3273 436 3325 ἰδίαν
460 3272 519 3326 δὲ
548 3272 661 3342 ἔχει
685 3275 741 3326 ἐν
768 3273 947 3342 ἑαυτῷ
978 3273 1190 3342 σοφίαν,
1222 3277 1317 3328 καὶ
1339 3272 1467 3326 ἴδιον
1481 3273 1672 3341 Λόγον,
1698 3273 1756 3324 οὐ
1783 3271 1875 3325 τὸν

292 3363 535 3434 Χριστὸν
574 3362 653 3425 δὲ,
702 3361 838 3414 ἀλλὰ
881 3362 939 3413 ὲν
979 3354 1022 3427 ᾧ
1069 3361 1165 3413 καὶ
1207 3361 1298 3413 τὸν
1340 3360 1575 3430 Χριστὸν
1626 3358 1871 3429 ἐποίησε,

296 3455 524 3508 λεκτέον
553 3456 636 3508 ὅτι
668 3455 716 3507 εί
738 3454 767 3506 6
796 3452 1028 3523 Χριστὸς
1061 3454 1118 3507 ὲν
1154 3450 1349 3523 ὲκείνῳ
1379 3452 1458 3521 τῷ
1474 3454 1632 3521 Λόγῳ
1663 3450 1875 3518 γέγονε,

295 3547 461 3617 δῆλον
511 3548 595 3601 ὅτι
626 3548 720 3602 καὶ
758 3548 826 3602 τὰ
877 3548 1087 3604 nixam
1141 3548 1232 3598 καὶ
1271 3545 1432 3608 αὐτὸς
1466 3543 1533 3598 ἂν
1581 3544 1687 3613 εἴη,
1747 3542 1878 3613 περὶ

294 3630 359 3691 ὦ
415 3639 567 3707 λέγει
608 3640 638 3692 6
690 3637 961 3710 Ἰωάννης,
1018 3638 1220 3693 Πάντα
1260 3637 1336 3691 δι’
1375 3636 1563 3691 αὐτοῦ
1611 3636 1871 3704 ἐγένετο.

300 3733 413 3784 Καὶ
461 3733 491 3784 6
520 3729 823 3801 Ψαὶμῳὸδς
872 3730 951 3795 δὲ,
989 3730 1190 3784 Πάντα
1218 3728 1288 3782 ἐν
1328 3728 1516 3797 σοφίᾳ
1561 3727 1875 3794 ἐποίησας.

304 3823 677 3893 Εὐρεοήσιται
710 3824 768 3878 δὲ
807 3826 836 3877 6
866 3823 1099 3895 Χριστὸς
1130 3821 1459 3891 ψευδόμενος
1485 3820 1679 3889 λέγων,
1731 3819 1879 3888 Ἐγὼ

299 3915 372 3966 ἐν
414 3910 497 3976 ινῷ
544 3913 749 3981 Harp),
785 3912 938 3974 ὄντος
979 3912 1168 3987 ἐτέρου
1214 3913 1274 3965 ὲν
1302 3912 1380 3977 τῷ
1425 3909 1617 3980 Πατρί.
1666 3910 1773 3961 Καὶ
1795 3908 1879 3975 τὸ,

312 4004 368 4057 ὀ
393 4005 588 4073 Λόγος
611 4003 766 4073 σὰρξ
787 4002 1045 4073 ἐγένετο,
1074 4004 1173 4055 οὐκ
1198 4003 1398 4072 ἀληθὲς
1422 4002 1543 4054 κατ’
1566 4000 1785 4064 αὐτούς.
1814 4000 1880 4055 Ei

306 4095 420 4166 γὰρ
451 4095 512 4147 ιν
549 4085 596 4161 ᾧ
631 4093 700 4146 τὰ
729 4095 908 4147 nam
938 4091 1178 4160 ἐγένετο,
1216 4091 1375 4153 αὐτὸς
1409 4090 1627 4158 ἐγένετο
1658 4088 1819 4160 σὰρξ,
1850 4090 1880 4143 6

301 4185 360 4240 δὲ
387 4184 626 4257 Χριστὸς
651 4185 751 4239 οὐκ
776 4185 922 4238 ἔστιν
945 4184 974 4238 6
1003 4185 1062 4239 ιν
1089 4183 1169 4254 τῷ
1200 4182 1377 4253 Πατρ)⁸
1405 4184 1598 4251 Λόγος,
1629 4181 1697 4235 δι’
1727 4178 1789 4235 οὒ
1813 4181 1881 4235 τὰ

303 4279 487 4333 πάντα
525 4276 761 4347 ιγένιτο.
810 4277 921 4345 ἄρα
951 4280 979 4331 6
1020 4277 1195 4345 Λόγος
1232 4276 1294 4328 οὐ
1341 4276 1530 4343 γέγονε
1567 4273 1724 4345 σὰρξ,
1764 4273 1883 4329 ἀλλ’

303 4368 437 4431 ἴσως
461 4364 761 4437 ὠνομάσθη
790 4367 961 4434 Λόγος
980 4369 1008 4420 6
1030 4367 1285 4437 Χριστός.
1316 4366 1425 4420 Καὶ
1446 4366 1496 4418 εἰ
1524 4364 1703 4431 τοῦτο,
1731 4364 1883 4436 πρῶ-

1979 3198 2072 3255 Sin
2105 3214 2172 3252 ex
2203 3213 2286 3262 se,
2316 3197 2659 3267 perspicuum
2690 3195 2939 3259 est,il|ud
2971 3209 3077 3249 non
3109 3210 3172 3249 ex
3208 3194 3377 3248 nihilo
3410 3210 3550 3249 con-

1977 3291 2201 3354 stitisse,
2260 3305 2436 3359 neque
2488 3288 2657 3344 fuisse
2715 3303 2974 3357 unquam,
3028 3303 3150 3341 eum
3194 3302 3303 3341 non
3360 3297 3545 3352 esset;

1976 3399 2193 3454 semper
2225 3384 2368 3438 enim
2402 3381 2521 3446 fuit,
2553 3381 2808 3450 quoniam
2843 3389 2896 3434 et
2930 3380 2997 3443 is,
3045 3378 3203 3449 cujus
3225 3378 3400 3449 imago
3440 3387 3546 3438 est,

1976 3488 2191 3543 semper
2218 3481 2318 3527 est.
2352 3472 2505 3538 Quod
2536 3472 2581 3527 si
2616 3470 2876 3544 dixerint,
2923 3469 3093 3523 Deum
3136 3468 3355 3537 quidem
3422 3483 3548 3521 esse

1979 3569 2304 3638 sapientem,
2339 3581 2445 3621 nec
2473 3563 2653 3621 Verbo
2694 3577 2907 3627 vacare,
2935 3564 3027 3615 sed
3059 3561 3330 3630 propriam
3365 3560 3417 3612 in
3461 3575 3552 3614 se-

1980 3661 2099 3730 ipso
2168 3658 2488 3730 sapientiam
2545 3666 2601 3710 et
2640 3655 2925 3725 proprium
2977 3651 3212 3707 Verbum
3277 3652 3547 3712 obtinere,

1977 3749 2122 3819 quod
2154 3758 2335 3803 tamen
2376 3763 2484 3800 non
2521 3747 2592 3799 sit
2618 3745 2892 3806 Christus,
2936 3756 3061 3797 cum
3090 3743 3145 3795 in
3174 3756 3241 3797 eo
3271 3741 3549 3796 Christum

1981 3842 2145 3896 etiam
2187 3840 2423 3903 fecerit;
2461 3836 2897 3907 respondendum
2951 3833 3073 3897 erit,
3117 3833 3161 3886 si
3211 3833 3461 3888 Christus
3496 3834 3548 3887 in

1982 3933 2074 3987 illo
2105 3932 2283 3987 factus
2308 3940 2411 3991 est,
2443 3939 2499 3984 et
2531 3928 2711 3982 omnia
2745 3925 2999 3979 nimirum
3042 3922 3095 3975 in
3133 3922 3223 3976 illo
3273 3923 3443 3977 fuisse
3475 3923 3552 3975 l‘a-

1981 4033 2090 4086 cta.
2127 4033 2185 4077 et
2211 4034 2332 4076 esse
2372 4018 2608 4075 Verbum
2654 4016 2805 4076 illud.
2830 4015 2898 4069 de
2924 4028 3030 4082 quo
3065 4021 3118 4067 ct
3142 4013 3400 4074 Joannes.
3429 4010 3553 4067 Om-

1983 4112 2095 4178 nia,
2129 4110 2328 4180 inquit,
2354 4125 2445 4179 per
2476 4110 2644 4177 ipsum
2679 4106 2825 4175 facta
2851 4112 2971 4156 sunt
3001 4105 3015 4134 ¹
3044 4118 3064 4157 .°
3099 4111 3154 4156 et
3190 4102 3355 4156 David
3377 4142 3392 4165 ,
3430 4103 3551 4157 0m-

1984 4203 2095 4267 nia,
2117 4201 2311 4270 inquit,
2357 4198 2413 4251 in
2461 4195 2725 4265 sapientia
2782 4190 3024 4261 fecisti’.
3068 4188 3228 4255 Quod
3282 4188 3326 4242 si
3407 4186 3551 4241 aliud

1984 4290 2221 4346 Verbum
2251 4290 2304 4343 in
2336 4287 2490 4342 Patre
2534 4286 2627 4349 sit,
2651 4283 2901 4337 Christus
2958 4280 3191 4334 mendax
3243 4278 3552 4348 deprchen-

1985 4384 2163 4449 detur,
2209 4396 2336 4436 cum
2394 4379 2564 4434 dicit:
2600 4375 2710 4447 Ego
2756 4377 2809 4428 in
2848 4374 3032 4436 Patre,
3061 4382 3111 4426 et
3166 4372 3328 4426 Pater
3386 4372 3441 4424 in
3478 4388 3556 4424 me

302 4476 399 4513 τον
433 4459 536 4530 μιν
565 4459 721 4522 ἄλλος
762 4458 829 4513 ἂν
861 4459 945 4529 εἴη
980 4459 1130 4531 παρὰ
1163 4458 1223 4510 τὸ
1258 4460 1430 4529 ὖνομα
1452 4472 1466 4486 ’
1501 4459 1690 4511 ἔπειτα
1717 4457 1777 4511 οὐ
1815 4457 1873 4511 δι’

1988 4485 2060 4530 est
2102 4475 2142 4528 ³.
2196 4472 2330 4528 Illud
2381 4479 2512 4525 item
2584 4468 2775 4522 falsum
2826 4482 2945 4521 esse
2991 4463 3283 4520 constabit:
3336 4462 3555 4517 Verbum

305 4552 474 4606 αὐτοῦ
508 4552 728 4621 ίγένιτο
754 4551 821 4604 τὰ
851 4552 1050 4617 πάντα,
1086 4551 1203 4606 ἀλλ’
1241 4554 1300 4604 ἰν
1337 4551 1551 4622 ἐκείνῳ,
1578 4552 1637 4603 ὲν
1663 4543 1708 4619 ᾧ
1741 4551 1832 4603 καὶ
1856 4549 1884 4601 6

307 4645 565 4714 Χριστός.
617 4644 681 4699 Ei
717 4643 777 4697 δὲ
819 4644 1050 4714 φήσαιεν
1078 4645 1168 4714 ζὼς
1212 4642 1478 4712 ποιότητα.
1521 4637 1660 4695 εἶναι
1709 4643 1767 4695 ὲν
1807 4640 1885 4710 τῷ

316 4738 493 4807 ηατρὶ
525 4736 627 4807 τὴν
661 4736 874 4803 σοφίαν,
908 4735 941 4804 ἢ
972 4735 1303 4802 αὐτοσορίαν
1336 4731 1496 4795 εἶναι,
1530 4734 1887 4803 ἀκολουθήσει

311 4831 381 4883 τὶ
418 4827 634 4892 ἄτοπα,
668 4829 738 4881 τὰ
769 4829 826 4879 ἐν
863 4830 975 4890 τοῖς
1016 4827 1328 4897 ἔμπροσθεν
1368 4826 1656 4897 εἰρημένα.
1697 4825 1887 4879 Ἔσται

313 4920 422 4990 γὰρ
448 4918 725 4986 σύνθετος,
756 4921 851 4974 καὶ
884 4922 1042 4984 αὐτὸς
1068 4919 1267 4974 ἑαυτοῦ
1296 4920 1421 4983 Υίὶς
1470 4921 1564 4973 καὶ
1591 4918 1782 4988 Πατὴρ
1803 4934 1891 4986 για

272 5074 283 5075 ί
316 5013 561 5080 stipem.
609 5013 755 5083 Πλὴν
791 5014 1113 5081 ιλεγκτέυν,
1148 5013 1245 5066 καὶ
1276 5010 1626 5081 δυσωπητέον
1657 5011 1854 5073 αὐτοὺς
1874 5049 1889 5074 ,

314 5107 399 5158 ὅτι
426 5107 459 5159 6
487 5107 548 5160 ιν
577 5106 656 5176 τῷ
697 5105 819 5178 Θεῷ
846 5107 1017 5172 Λόγος
1049 5108 1149 5159 οὐκ
1179 5104 1246 5159 ἂν
1288 5105 1373 5174 ιῐη
1401 5103 1644 5173 κτίσμα,
1680 5102 1798 5155 οὐδὲ
1828 5104 1891 5154 ὲκ

314 5202 411 5252 τοῦ
440 5198 517 5268 μὴ
545 5197 695 5261 δντος
728 5197 880 5261 ὄντος
907 5197 964 5251 δὲ
992 5197 1142 5262 ἅπαξ
1169 5196 1227 5249 ἑν
1256 5197 1375 5265 Θεῷ
1405 5194 1600 5263 Λόγου,
1630 5194 1789 5256 αὐτὸς
1823 5194 1890 5247 ἂν

318 5289 405 5357 atq
439 5290 469 5342 6
497 5289 751 5359 Χριστὸς,
784 5289 814 5340 6
851 5288 1041 5355 λέγων,
1088 5288 1234 5355 Ἐγὼ
1268 5288 1338 5340 ἐν
1365 5286 1445 5352 τῷ
1478 5286 1681 5354 {latr},
1722 5286 1817 5340 καὶ
1854 5288 1887 5340 ό

319 5378 521 5448 Πατὴρ
576 5380 649 5434 ἐν
688 5379 845 5448 ἐμοὶ,
897 5381 925 5432 6
965 5380 1055 5433 δά
1099 5377 1256 5431 τοῦτο
1301 5379 1397 5431 καὶ
1446 5376 1739 5447 μονογενὴς
1788 5375 1885 5429 ῶν.

334 5469 554 5541 Ἐαιόὴ
575 5471 678 5524 οὐκ
704 5470 865 5532 ἄλλος
894 5487 976 5534 τις
1005 5469 1069 5536 ἐξ
1099 5469 1264 5522 αὐτοῦ
1294 5468 1584 5538 ἐγεννήθη.
1616 5464 1707 5532 Εἷς
1736 5462 1892 5530 οὗτος

326 5559 472 5625 Υἱὸς,
495 5561 554 5624 6;
583 5560 704 5614 int
729 5560 924 5630 Λόγος,
956 5561 1137 5629 σοφία,
1164 5557 1413 5630 δύναμις.
1448 5558 1524 5612 οὐ
1558 5557 1666 5629 γὰρ
1699 5556 1889 5612 σύνθε-

401 5697 417 5729 ⁸
444 5698 604 5755 Joau.
660 5713 698 5759 t,
728 5696 782 5750 5.
885 5695 907 5727 ⁹
932 5696 1069 5752 Psal.
1104 5713 1157 5763 ι,
1186 5695 1278 5751 24.

1983 4583 2109 4620 caro
2164 4567 2363 4634 factum
2417 4571 2491 4617 est
2525 4560 2569 4615 ‘.
2601 4560 2761 4624 Nam,
2792 4560 2852 4621 si:
2892 4556 3150 4618 Verbum,
3189 4557 3242 4609 in
3279 4570 3386 4625 quo
3416 4554 3554 4609 facta

1984 4662 2112 4710 sunt
2138 4652 2343 4715 omnia,
2399 4650 2598 4705 factum
2626 4657 2709 4703 est
2742 4662 2892 4711 caro,
2944 4647 3192 4700 Christus
3234 4654 3413 4696 autem
3449 4657 3554 4694 non

1988 4751 2072 4798 est
2104 4741 2340 4798 Verbum
2385 4740 2513 4793 illud
2542 4753 2572 4792 α
2618 4737 2797 4798 Patre.
2842 4751 2939 4806 per
2993 4734 3139 4804 quod
3186 4732 3367 4785 omnia
3417 4731 3554 4783 facta

1988 4841 2137 4895 sunt,
2167 4831 2402 4886 Verbum
2437 4831 2618 4899 utique
2641 4845 2768 4883 caro
2793 4827 2990 4881 factum
3030 4840 3136 4879 non
3160 4834 3261 4883 est,
3292 4822 3384 4875 sed
3419 4821 3555 4873 forte

1989 4922 2241 4976 Christus
2273 4920 2583 4974 nominatus
2616 4925 2700 4971 est
2746 4914 3009 4971 Verbum.
3066 4911 3138 4965 Ex
3164 4924 3271 4979 quo
3322 4906 3553 4976 primum

1990 5014 2257 5082 sequitur,
2298 5020 2357 5066 ut
2382 5010 2527 5064 aliud
2554 5007 2646 5070 sit,
2676 5020 2837 5076 quam
2883 5018 3082 5058 nomen
3130 5000 3354 5060 indicat,
3399 4996 3555 5051 dein-

1990 5106 2077 5166 de.
2112 5116 2303 5158 utnon
2337 5118 2431 5172 per
2456 5102 2633 5171 ipsum
2660 5098 2945 5169 facta.siut
2980 5096 3186 5158 omnia,
3221 5092 3316 5145 sed
3348 5090 3402 5142 in
3435 5088 3547 5147 illo,

1991 5196 2045 5249 in
2081 5209 2187 5263 quo
2229 5204 2283 5246 et
2313 5191 2586 5245 Christus.
2619 5188 2774 5254 Quod
2814 5187 2857 5241 si
2887 5183 3231 5255 sapientiam,
3263 5187 3357 5231 aut
3384 5177 3555 5246 ipsam

1997 5284 2322 5354 sapientiam
2356 5281 2669 5350 qualitatem
2701 5293 2825 5333 esse
2860 5275 3093 5332 dixerint
3124 5273 3177 5325 in
3234 5270 3344 5325 Deo
3375 5267 3555 5328 Patre,

1995 5375 2211 5437 eadem,
2253 5388 2370 5443 qua:
2410 5388 2571 5442 supra
2609 5372 2751 5426 dicta
2786 5378 2934 5427 sunt,
2976 5363 3321 5419 incommoda
3366 5376 3560 5415 conse-

1999 5475 2259 5535 quentur.
2290 5473 2430 5518 utet
2461 5462 2796 5532 compositus
2841 5458 2930 5522 sit,
2972 5465 3025 5510 et
3055 5456 3171 5523 ipse
3219 5452 3390 5523 ipsius
3448 5460 3561 5502 tum

1993 5554 2185 5617 Filius,
2216 5561 2328 5605 tum
2358 5551 2540 5607 Pater.
2571 5552 2822 5604 Attamen
2866 5562 2961 5601 eos
3021 5544 3145 5598 inde
3196 5541 3450 5613 redargui
3507 5550 3563 5594 et

1381 5694 1400 5724 ³
1424 5692 1585 5748 Joan.
1652 5707 1762 5757 xw,
1798 5690 1885 5745 io.
1960 5688 1982 5720 ⁸
2011 5687 2166 5743 Joaa.
2201 5701 2240 5751 ι,
2275 5684 2354 5739 Η.
