4024 6208
386 309 491 374 343
1602 319 1981 379 EUTHYMII

2097 320 2383 380 GABENI
3532 324 3645 389 344

386 433 636 486 convinci
684 443 923 505 oportet,
971 437 1223 506 quoniam
1254 435 1297 490 si
1331 434 1567 489 Verbum
1602 437 1656 490 in
1712 436 1822 491 Deo
1854 446 1957 501 est,
1987 486 1993 497 .

2096 457 2147 501 ος
2181 443 2244 493 ὲκ
2273 441 2478 493 τούτων
2507 440 2534 493 6
2565 441 2718 507 Θεὸς,
2752 441 2888 497 ἀλλὰ
2920 444 3258 513 γεννητικός.
3294 441 3504 514 Ὥσπερ
3532 442 3651 512 γὰρ

388 536 635 580 creatum
671 542 780 581 non
818 535 920 591 est,
955 543 1131 597 neque
1176 527 1376 581 factum
1404 541 1470 582 ex
1503 527 1694 583 nihilo.
1726 527 1883 595 Quod
1909 529 1957 584 si

2100 533 2133 586 ὰ
2158 533 2430 603 κτίσματα
2455 534 2613 604 Λόγῳ
2641 535 2981 605 δημιουργεῖ,
3017 535 3159 589 οὕτω
3188 535 3329 590 κατὰ
3356 535 3519 604 φύσιν
3544 535 3655 605 τῆς

389 618 445 670 in
480 619 588 671 lteo
619 618 789 672 semel
833 618 1152 671 conceditur
1204 632 1327 670 esse
1363 616 1624 685 Verbum,
1654 634 1761 673 non
1819 620 1960 675 alius

2096 623 2205 686 δίας
2234 624 2423 686 οὐσίας
2453 623 2565 694 ἔχει
2601 624 2848 695 γέννημα
2878 625 2971 678 τὸν
3003 626 3197 693 Λόγον,
3228 625 3302 679 δι’
3330 641 3359 678 ο
3426 624 3520 679 καὶ
3547 626 3656 693 δη-

388 708 516 764 illud
548 710 671 773 erit,
704 711 805 763 nisi
833 709 1104 774 Christus,
1131 709 1244 779 qui,
1284 709 1417 781 Ego,
1456 711 1651 781 inquit,
1686 713 1741 765 in
1772 712 1957 778 Patre,

2096 714 2342 782 ιιουργεῖ,
2364 711 2459 765 καὶ
2481 711 2675 778 κτίζει,
2700 713 2790 767 καὶ
2818 714 3095 785 οἰκονομεῖ
3113 714 3181 767 τὰ
3199 715 3397 769 πάντα.
3424 715 3514 783 Τῷ
3539 715 3657 783 γὰρ

387 810 436 855 et
465 801 629 856 Pater
654 805 706 854 in
733 818 813 854 me
844 811 935 853 est.
972 800 1073 866 Qui
1107 813 1159 855 et
1192 803 1315 857 ideo
1355 812 1437 857 est
1468 804 1799 875 unigenitus,
1834 806 1962 875 quia

2096 802 2227 872 λόγῳ
2282 804 2375 856 καὶ
2440 806 2506 874 τῇ
2556 805 2719 875 σοφίᾳ
2778 805 2846 858 τὰ
2917 806 3095 859 πάντα
3152 808 3381 875 γέγονε,
3439 805 3534 858 καὶ
3580 808 3660 875 τῇ

388 893 571 947 nullus
607 894 747 946 alius
774 908 837 945 ex
869 893 989 961 ipso
1018 894 1234 963 genitus
1266 905 1372 960 est,
1408 897 1513 950 nisi
1563 914 1703 951 unus
1738 899 1825 952 hic
1869 898 1960 951 Fi-

2096 895 2315 959 ῑιατάξει
2350 896 2514 949 αὑτοῦ
2548 896 2796 967 διαμένει
2829 898 2899 951 τὰ
2933 898 3245 968 σύμπαντα.

387 988 513 1045 lius,
551 986 639 1052 qui
677 994 761 1038 est
832 983 1097 1047 Verbum,
1137 998 1190 1040 et
1256 990 1544 1057 sapientia.
1582 1001 1636 1045 et
1693 992 1867 1046 virtus
1911 1007 2025 1047 τοι
2065 989 2265 1056 quibus
2299 998 2481 1043 tamen
2519 1005 2629 1044 non
2680 994 3034 1062 componitur
3078 992 3242 1058 Dens,
3298 993 3392 1048 sed
3438 995 3666 1063 genitor

384 1092 506 1130 esse
535 1076 911 1131 constituitur.
952 1080 1425 1144 Quemadmodum
1480 1083 1630 1136 enim
1696 1083 1875 1137 Verbo
1920 1098 2010 1137 res
2062 1091 2248 1145 creat,
2311 1083 2389 1137 sic
2430 1083 2686 1137 essentia:
2747 1084 2979 1153 propriae
3005 1085 3199 1140 Filium
3252 1102 3348 1155 per
3396 1096 3661 1142 naturam

385 1165 558 1235 gignit
603 1167 779 1237 ipsum
817 1170 1077 1235 Verbum,
1111 1190 1205 1241 per
1254 1174 1394 1242 quod
1444 1182 1497 1227 et
1550 1174 1697 1236 facit,
1730 1184 1781 1228 et
1829 1184 1999 1239 creat,
2038 1185 2092 1230 et
2125 1176 2261 1245 regit
2296 1177 2501 1231 omnia.
2537 1178 2715 1233 Verbo
2769 1179 2915 1234 enim
2946 1190 2998 1234 et
3028 1182 3295 1250 sapientia
3347 1183 3487 1237 facta
3524 1190 3663 1237 sunt

385 1264 660 1327 universa,
694 1276 747 1319 ct
780 1270 1023 1331 etisdem
1046 1272 1359 1339 praescripto
1391 1271 1584 1325 ordine
1620 1283 2034 1326 conservantur.

756 1363 953 1418 Eodem
990 1366 1100 1418 loco
1127 1368 1235 1421 lucc
1266 1386 1574 1438 sequamur.

459 1457 535 1508 Ex
593 1454 1021 1510 Deutcronomio
1071 1476 1084 1511 :
1160 1458 1257 1512 Vos
1294 1478 1498 1522 amem,
1557 1462 1647 1531 qui
1680 1462 1964 1516 adhwretis

2158 1462 2252 1515 Ἐκ
2280 1461 2374 1515 τοῦ
2409 1463 2851 1532 Δευτερονομίου.
2894 1466 3093 1533 ’Υμεῖς
3123 1464 3191 1518 δὲ
3221 1467 3276 1518 οί
3302 1468 3671 1535 προσκείμε-

387 1547 609 1601 Domino
635 1547 742 1601 Deo
759 1559 952 1607 vestro.
989 1552 1161 1605 vivitis
1214 1555 1444 1607 universi
1501 1555 1753 1608 hodierna
1790 1558 1875 1609 die
1924 1557 1963 1610 ί.

2096 1572 2162 1608 ’⁵01
2190 1556 2385 1622 Κυρίῳ
2408 1557 2487 1620 τῷ
2521 1555 2642 1618 Θεῷ
2662 1555 2829 1622 ὑμῶν
2859 1554 2993 1621 ζῆτε
3019 1558 3247 1621 πάντες
3272 1558 3344 1610 ἐν
3373 1558 3448 1625 τῇ
3474 1559 3671 1626 σήμε-

388 1641 460 1695 Ex
505 1641 592 1695 his
617 1643 798 1695 verbis
859 1644 1153 1698 discrimen
1188 1644 1305 1697 Filii
1340 1657 1394 1699 et
1426 1663 1606 1699 rerum
1656 1657 1963 1701 creatarum

2096 1661 2200 1698 ιον,
2253 1644 2346 1696 Ἐκ
2377 1644 2573 1696 τούτου
2606 1643 2830 1697 δυνατὸν
2860 1646 3060 1697 εἰδέναι
3100 1646 3198 1711 τὴν
3231 1646 3530 1715 διαφορὰν.
3562 1648 3667 1700 καὶ

385 1736 513 1789 licet
541 1738 881 1804 perspicere,
928 1737 1339 1807 intelligervqne
1368 1739 1559 1791 Filium
1594 1739 1687 1791 Dei
1719 1747 1964 1793 creatum

2096 1737 2279 1797 rvdwat
2312 1737 2393 1789 ὅτι
2424 1737 2523 1789 οὐκ
2553 1737 2667 1789 ἔστι
2699 1737 2904 1806 κτίσμα
2937 1741 2963 1790 6
2996 1738 3122 1799 Υἱὸς
3149 1740 3242 1790 τοῦ
3270 1739 3425 1791 Θεοῦ.
3468 1740 3523 1792 Ὀ
3559 1741 3667 1808 μὲν

2487 1369 2603 1438 Τῆς
2631 1370 2822 1440 αὐτῆς
2855 1372 3245 1439 ἀκολουθίας.

394 1828 619 1881 minime
646 1843 787 1881 esst'.
823 1829 1116 1883 Enimvero
1171 1829 1342 1883 Filius
1369 1831 1528 1894 dicit,
1570 1829 1679 1899 Ego
1715 1841 1764 1884 ct
1807 1830 1971 1884 Pater

387 1936 549 1972 unum
592 1939 766 1973 smnus
787 1922 829 1985 ',
865 1932 935 1985 et,
984 1922 1093 1993 Ego
1123 1924 1174 1975 in
1201 1922 1381 1985 Patre,
1410 1932 1456 1975 cl
1482 1924 1643 1977 Pater
1668 1926 1721 1976 in
1749 1942 1827 1977 me
1844 1932 1918 1977 est
1949 1940 1967 1977 :

396 2028 483 2065 res
519 2023 699 2065 autem
732 2012 883 2067 lacue
907 2029 1029 2067 cum
1057 2014 1370 2083 proﬁciunt,
1409 2015 1639 2069 Domino
1666 2017 1968 2070 adhaerent.

388 2103 593 2169 Nempe
619 2103 878 2169 Verbum,
903 2113 1157 2173 tanquam
1183 2107 1482 2175 proprium,
1510 2108 1668 2161 estin
1697 2109 1854 2160 Patre
1885 2126 1897 2159 :
1922 2114 1975 2160 at

392 2209 479 2249 res
522 2194 699 2257 factae,
736 2206 926 2266 utpote
983 2211 1103 2265 quae
1159 2198 1499 2252 extrinsecus
1556 2197 1849 2261 exsistunt,
1882 2200 1980 2252 ad-

390 2286 646 2339 hzerent:
683 2287 939 2353 nimirum
989 2297 1186 2342 natura
1249 2288 1441 2343 aliena:
1498 2298 1646 2353 sunt,
1698 2291 1982 2344 voluntate

401 2386 578 2430 autem
646 2344 941 2427 adhaerent.
1012 2370 1223 2426 Etenim
1276 2374 1421 2428 ﬁlius
1474 2373 1569 2443 qui
1626 2344 1816 2427 natura
1872 2381 1975 2436 est,

405 2483 572 2521 unum
625 2476 706 2520 est
730 2482 851 2518 cum
902 2465 1145 2532 genitore
1174 2482 1186 2516 :
1233 2466 1325 2534 qui
1353 2481 1482 2519 vero
1515 2467 1855 2520 extrinsecus
1890 2466 1984 2519 ad-

403 2570 639 2628 optatur,
672 2559 849 2629 gencri
890 2558 1203 2626 :nljungitur
1245 2558 1358 2611 sive
1404 2557 1660 2611 adhaeret.
1697 2556 1833 2610 Hinc
1874 2566 1986 2610 sta-

404 2654 499 2706 tim
533 2652 715 2705 subdit
746 2669 758 2703 :
800 2650 931 2715 Qua:
961 2651 1109 2702 natio
1158 2666 1383 2719 magna,
1417 2650 1500 2702 cui
1536 2648 1671 2702 Deus
1706 2650 1989 2717 appropin-

403 2756 530 2807 quat
583 2741 643 2795 ‘Z’
674 2742 738 2795 Et
767 2743 939 2795 alibi:
988 2740 1125 2794 Deus
1168 2743 1589 2811 appropinquans
1632 2757 1723 2809 ego
1772 2744 1817 2793 ⁸.
1851 2738 1983 2793 Nam

408 2838 569 2888 rebus
597 2831 753 2887 iactis
780 2833 1200 2901 appropinquat,
1233 2832 1429 2901 quippe
1453 2846 1575 2885 cum
1611 2831 1714 2884 illae
1744 2831 1853 2883 sint
1884 2830 1986 2898 ipsi

2078 1831 2185 1899 γὰρ
2242 1829 2368 1892 Υίδς
2418 1828 2588 1896 λέγει,
2644 1829 2792 1896 Ἐ;ὼ
2864 1830 2959 1881 καὶ
3000 1834 3031 1882 ό
3076 1830 3277 1898 Πατὴρ
3319 1831 3387 1884 ἓν
3431 1832 3664 1902 caper-

2078 1920 2192 1989 ἐγὼ
2248 1921 2317 1974 ἐν
2367 1920 2447 1985 τῷ
2506 1922 2708 1985 Πατρὶ,
2741 1921 2834 1974 καί
2864 1924 2897 1975 ό
2925 1920 3126 1988 Πατὴρ
3174 1923 3243 1975 ἐν
3300 1922 3431 1990 ἐμοί
3460 1938 3473 1951 ⁸
3506 1925 3572 1975 τὰ
3606 1924 3673 1977 δὶ

2080 2013 2405 2082 γενητῂότι
2437 2014 2769 2081 προκόπτει,
2821 2014 3144 2083 πρόσκειται
3205 2012 3280 2082 τῷ
3329 2014 3539 2085 Κυρίῳ.
3605 2016 3672 2068 Ὀ

2089 2106 2186 2174 μὲν
2237 2105 2343 2173 γὰρ
2390 2105 2581 2171 Λόγος,
2634 2104 2708 2166 ὡς
2751 2104 2879 2165 ῖδιος
2927 2107 2984 2154 ὲν
3031 2103 3106 2174 τῷ
3160 2105 3333 2174 Πατρί
3390 2105 3546 2157 ἐστι·
3596 2104 3670 2156 τὰ

2086 2198 2142 2251 δὲ
2197 2198 2401 2265 γενητὰ
2462 2197 2659 2263 ἔξωθεν
2716 2197 2845 2250 ὄντα
2905 2198 3250 2265 πρόσκειται,
3306 2196 3382 2259 ὡς
3438 2199 3503 2266 τῇ
3565 2197 3669 2265 μὲν

2090 2289 2251 2356 φύσει
2309 2287 2604 2359 ἀλλότρια,
2657 2290 2723 2358 τῇ
2782 2287 2837 2340 δὲ
2892 2290 3212 2358 προαιρέσει
3264 2286 3664 2357 προσκείμενα.

2080 2377 2191 2429 Καὶ
2217 2380 2323 2447 γὰρ
2360 2378 2454 2430 καὶ
2487 2377 2601 2439 υἱὸς
2780 2377 2879 2446 μὲν
2906 2379 2933 2430 6
2958 2376 3136 2445 φύσει,
3168 2375 3227 2428 ἓν
3258 2377 3372 2427 ἐστι
3404 2377 3537 2445 μετὰ
3566 2374 3663 2430 τοῦ

2085 2467 2380 2535 γεννῶντος
2401 2484 2412 2497 '
2448 2470 2476 2520 6
2498 2468 2553 2520 δὲ
2584 2468 2781 2532 ἔξωθεν
2832 2468 3235 2538 υίοποιούμενος
3281 2467 3665 2537 προσκείσεται

2084 2557 2161 2628 τῷ
2186 2558 2352 2626 γένει.
2373 2558 2469 2610 Διὰ
2494 2559 2648 2611 τοῦτο
2677 2559 2769 2612 καὶ
2786 2558 2945 2622 εὐθὺς
2964 2558 3234 2629 ἐπιφέρει,
3257 2560 3337 2611 ὅτι
3492 2556 3673 2610 Ποῖον

2085 2649 2260 2715 ἔθνος
2290 2652 2457 2719 μέγα,
2481 2642 2528 2714 ᾧ
2555 2651 2723 2703 ἐστιν
2740 2649 2898 2715 αὐτῷ
2928 2650 3069 2714 Θεὸς
3088 2646 3366 2717 ἐγγίζων;
3389 2650 3482 2700 καὶ
3506 2647 3658 2700 ἀλλα-

2087 2740 2209 2811 χοῦ·
2243 2741 2386 2806 Θεὸς
2410 2740 2653 2809 ἐγγίζὶιιν
2862 2744 2974 2804 τοῖς
3010 2741 3119 2810 γὰρ
3163 2742 3410 2809 γενητοῖς
3439 2736 3668 2807 ἐγγίζει,

2088 2831 2162 2895 ὡς
2198 2831 2371 2897 ξένοις
2391 2831 2556 2884 αὑτοῦ
2585 2829 2704 2885 οὖσι
2728 2849 2741 2863 ⁸
2772 2832 2849 2901 τῷ
2881 2833 2938 2885 δὲ
2967 2830 3101 2901 Υἱῷ,
3123 2832 3198 2893 ὼς
3222 2830 3337 2901 ἰδίῳ
3375 2866 3394 2895 ,
3567 2828 3669 2881 οὐκ

409 2934 692 2979 extorum:
740 2932 795 2976 at
824 2922 985 2986 Filio,
1019 2930 1203 2991 utpote
1252 2925 1493 2989 proprio,
1540 2938 1647 2974 non
1699 2923 1987 2991 appropin-

2096 2924 2247 2992 ἐγγίζ
2252 2942 2317 2987 ει,
2349 2924 2463 2976 ἀλλ’
2486 2926 2541 2976 ὲν
2581 2924 2729 2993 αὐτῷ
2752 2926 2866 2976 ἐστι
2887 2941 2900 2954 ’
2924 2923 3016 2975 καὶ
3036 2925 3063 2976 6
3089 2922 3217 2984 Υίδς
3239 2923 3298 2973 οὗ
3330 2920 3669 2993 πρόσκειται,

410 3022 560 3086 quat,
606 3015 695 3069 sed
729 3014 783 3067 in
825 3028 889 3067 eo
928 3022 1011 3066 est
1045 3028 1185 3067 :nec
1233 3012 1469 3066 adhaeret
1514 3011 1717 3078 Filius,
1750 3024 1841 3066 seu
1882 3028 1988 3065 una

410 3121 536 3163 cum
568 3102 725 3157 Patre
758 3114 859 3157 est.
896 3100 1050 3156 Unde
1079 3117 1269 3157 rursus
1302 3100 1511 3172 Moyses
1543 3102 1595 3155 in
1631 3103 1819 3157 eodem
1853 3102 1991 3157 Deu-

413 3196 715 3250 teronomio
760 3195 839 3248 sic
886 3192 1128 3261 loquitur
1172 3209 1185 3245 :
1235 3192 1420 3245 Vocem
1466 3194 1580 3258 eius
1628 3194 1853 3248 audietis
1881 3232 1894 3257 ,
1941 3204 1992 3248 et

409 3288 514 3355 ipsi
563 3303 650 3341 vos
701 3285 1059 3353 adjungemini
1123 3287 1166 3336 ⁸.
1214 3281 1373 3349 Quod
1423 3296 1605 3337 autem
1658 3283 1992 3354 adiungitur,

411 3379 757 3433 extrinsecus
792 3376 1127 3443 adiungitur.

570 3466 688 3521 Jam
713 3467 856 3535 quod
888 3465 1117 3534 pertinet
1146 3463 1211 3517 ad
1243 3462 1413 3517 levem
1449 3473 1501 3516 et
1527 3464 1819 3518 humanam
1848 3464 1997 3518 Aria-

414 3575 607 3614 norum
641 3558 1033 3629 opinationem,
1070 3574 1175 3628 qua
1210 3572 1401 3627 nempe
1442 3556 1729 3611 Dominum
1766 3573 1994 3627 egenum

414 3649 585 3704 fuisse
628 3665 695 3704 ex
752 3649 837 3703 his
880 3646 1053 3717 ipsius
1092 3647 1273 3702 verbis
1321 3647 1701 3715 suspicantur,
1739 3645 1881 3699 Data
1919 3654 1996 3699 est

416 3741 544 3794 mihi
570 3736 636 3803 ’⁷,
665 3741 946 3810 αεεερί⁸,υι
974 3750 1030 3793 et
1055 3740 1251 3793 eXohis
1280 3737 1434 3792 Pauli
1463 3738 1630 3801 locis,
1664 3736 1871 3791 Idcirco
1900 3753 1994 3790 ex-

417 3832 607 3885 altavit
640 3831 794 3884 illum
833 3834 854 3865 ⁹
878 3877 889 3899 ,
918 3840 991 3892 et,
1021 3829 1165 3884 Sedit
1206 3848 1235 3883 a
1265 3831 1467 3883 dextris
1497 3829 1558 3893 ¹⁰,
1591 3831 1820 3900 aliisque
1846 3830 1997 3884 sitni-

417 3923 594 3988 libus;
643 3922 1080 3993 respondendum
1124 3933 1208 3975 est
1249 3922 1537 3975 Dominum
1589 3931 1857 3985 nostrum,
1904 3922 1993 3989 qui

415 4014 557 4067 idem
597 4012 829 4067 Verbum
864 4024 915 4066 et
946 4012 1117 4066 Filius
1154 4012 1245 4065 Dei
1289 4022 1393 4076 est,
1422 4027 1623 4082 corpus
1646 4022 1909 4081 gustasse,
1946 4022 1999 4065 et

416 4104 612 4159 Filium
663 4120 881 4174 quoque
932 4105 1171 4159 hominis
1211 4103 1416 4159 factum
1677 4105 1882 4169 fuisse,
1939 4114 1999 4158 ut

418 4198 630 4251 medius
686 4195 853 4249 Deum
891 4196 1029 4251 inter
1054 4204 1109 4249 et
1147 4196 1399 4250 homines
1449 4194 1691 4260 effectus,
1733 4210 1854 4263 qua:
1904 4194 1995 4249 Dei

2091 3016 2227 3070 ἀλλὰ
2250 3016 2463 3070 σύνεστι
2498 3016 2577 3087 τῷ
2600 3016 2794 3085 Πατρί.
2833 3014 2993 3068 Ὅθεν
3020 3016 3113 3067 καὶ
3152 3013 3313 3067 πάλιν
3354 3013 3504 3081 λέγει
3544 3014 3670 3066 Μω-

2093 3108 2191 3179 σῆς
2214 3110 2270 3161 ἔν
2303 3107 2450 3178 αὐτῷ
2478 3107 2556 3178 τῷ
2588 3106 2990 3179 Δευτερονομίῳ
3021 3118 3035 3133 ·
3196 3104 3307 3171 Τῆς
3334 3102 3539 3173 φωνῆς
3562 3105 3669 3156 αὐ-

2092 3199 2197 3253 τοῦ
2223 3200 2580 3263 ἀκούσεσθε,
2622 3198 2721 3252 καὶ
2756 3197 2918 3262 αὐτῷ
2961 3196 3471 3265 προστεθήσεσθε.
3509 3194 3582 3248 Τὸ
3618 3194 3669 3248 δὲ

2095 3289 2521 3342 ποοστιθέιιενον
2555 3288 2754 3354 ἔξωθεν
2779 3288 3147 3358 προστίθεται.

2252 3465 2395 3535 Πρὸς
2428 3464 2481 3516 δὲ
2505 3466 2602 3533 τὴν
2631 3462 2828 3535 ἀσθενῆ
2856 3464 2949 3517 καὶ
2973 3461 3321 3533 ἀνθρωπίνην
3344 3462 3548 3515 ἔννοιαν
3566 3462 3676 3516 τῶν

2110 3555 2403 3626 ’Λρειανῶν
2426 3595 2438 3617 ,
2476 3554 2561 3606 διὰ
2604 3554 2667 3605 τὸ
2713 3555 2960 3607 ὑπονοεῖν
2992 3555 3080 3607 τὸν
3114 3554 3317 3624 Κύριον
3488 3553 3639 3605 ἐνδεᾶ
3662 3594 3677 3617 ,

2098 3648 2225 3700 ὅταν
2252 3647 2406 3719 λέγῃ,
2445 3647 2655 3712 Ἐδόοη
2679 3664 2799 3715 μοι,
2851 3649 2964 3708 καὶ,
2995 3647 3219 3700 ἔλαϐον
3240 3663 3254 3676 ·
3288 3648 3381 3700 καὶ
3418 3646 3511 3700 ἐὰν
3544 3648 3676 3718 λέγῃ

2097 3742 2124 3791 ὁ
2147 3730 2379 3802 Παῦλος,
2400 3741 2500 3793 Διὰ
2533 3740 2705 3793 τοῦτο
2733 3742 2920 3807 ὑπερύ
2932 3740 3482 3807 ψωσει-ἀύτὸνμαὶ,
3517 3738 3675 3791 Ἐκά-

2098 3833 2267 3883 θισεν
2292 3830 2361 3881 ἐν
2388 3826 2577 3893 δεξιᾷ,
2615 3829 2796 3881 καὶτὰ
2827 3829 3071 3892 τοιαῦτα,
3109 3828 3351 3891 λεκτέον,
3386 3828 3464 3881 ὅτι
3503 3830 3531 3881 6
3562 3827 3675 3879 Κύ-

2102 3940 2215 3994 ριος
2244 3921 2423 3991 ἡμῶν,
2451 3922 2623 3990 Λόγος
2656 3921 2730 3974 ὢν
2764 3922 2892 3984 Υἱὸς
2928 3921 3022 3974 τοῦ
3051 3920 3211 3985 Θεοῦ,
3245 3922 3469 3992 ὲφόρεσε
3493 3921 3676 3990 σῶμα,

2099 4012 2191 4063 καὶ
2215 4012 2401 4078 γέγονε
2436 4011 2530 4063 καὶ
2698 4010 2826 4071 Υἱὸς
2858 4010 3169 4080 ἀνθρώπου,
3202 4010 3307 4073 ἵνα,
3336 4010 3561 4079 μεσίτης
3587 4026 3679 4077 γε-

2098 4102 2320 4172 νόμενος
2348 4101 2482 4154 Θεοῦ
2518 4102 2608 4155 καὶ
2642 4100 2966 4169 ἀνθρώπων,
3002 4101 3071 4154 τὰ
3116 4103 3212 4171 μὲν
3249 4100 3383 4153 Θεοῦ
3420 4103 3570 4169 ἡμῖν,
3611 4100 3682 4154 τὰ

2098 4192 2153 4245 δὲ
2179 4191 2333 4263 ἡμῶν
2365 4192 2443 4263 τῷ
2476 4192 2594 4262 Θεῷ
2626 4192 2869 4264 διακονῇ.
2900 4194 3069 4247 Ὅταν
3088 4189 3178 4246 οὖν
3212 4192 3434 4263 λέγηται
3463 4194 3681 4263 πεινᾷν,

418 4297 566 4351 sunt,
602 4287 758 4342 nobis
800 4288 1248 4341 subministraret
1279 4304 1292 4341 ι
1321 4303 1442 4357 qua:
1472 4288 1662 4349 nostri,
1694 4286 1803 4341 Deo
1839 4288 1993 4341 oti‘er-

2101 4283 2193 4335 καὶ¹
2214 4283 2489 4353 δακρύειν,
2515 4285 2607 4336 καὶ
2641 4285 2857 4355 κοπιᾷν,
2887 4285 2980 4337 καὶ
3018 4284 3192 4348 Ἐλωῖ,
3248 4284 3406 4337 Ἐλωτ
3426 4324 3440 4348 ,
3472 4283 3686 4354 ἀνθρώ-

420 4387 521 4433 ret.
552 4378 819 4445 Quocirca
847 4395 971 4433 cum
1003 4381 1234 4444 esurire,
1287 4380 1437 4446 ﬂere,
1474 4379 1758 4449 delatigari
1796 4389 1851 4434 et
1887 4380 2000 4434 cla--

418 4483 569 4522 mare
597 4466 739 4536 Eloi,
771 4466 914 4532 Eloi,
947 4470 1169 4535 dicitur,
1205 4484 1324 4538 qua:
1355 4470 1575 4538 quidem
1611 4469 1863 4523 humana:
1894 4484 1997 4522 no-

418 4567 547 4617 stne
577 4568 705 4613 sunt
732 4560 1043 4615 affectiones
1070 4571 1123 4615 et
1156 4560 1409 4627 miserias,
1435 4577 1529 4615 cas
1553 4576 1580 4614 a
1614 4561 1773 4613 nobis
1803 4560 2000 4628 accipit

419 4666 483 4706 ac
507 4651 654 4705 Patri
705 4652 862 4707 oﬂ‘ert
889 4694 903 4718 ,
953 4662 1008 4708 et
1054 4668 1154 4723 pro
1187 4652 1345 4707 nobis
1373 4653 1676 4717 intercedit,
1706 4660 1765 4705 ut
1795 4651 1848 4704 in
1884 4652 2001 4719 ipso

386 4724 641 4812 ‘penitus
674 4744 979 4799 deleantur.
1016 4744 1113 4801 llis
1140 4754 1319 4799 autem
1352 4745 1556 4806 verbis,
1590 4743 1726 4796 Data
1762 4752 1837 4795 est
1871 4743 1999 4795 mihi

420 4849 654 4907 potestas
677 4873 693 4900 ,
803 4846 854 4892 et
877 4879 891 4905 ,
925 4839 1101 4907 accepi
1130 4877 1143 4899 ,
1225 4847 1303 4899 et,
1341 4836 1552 4891 Idcirco
1597 4838 1849 4889 exultavit
1884 4855 2000 4889 eam

424 4931 563 4985 Dens
594 4937 661 4997 ιι,
696 4947 923 4985 munera
956 4931 1007 4984 in
1046 4947 1146 4984 nos
1171 4946 1199 4984 a
1236 4930 1341 4986 Deo
1391 4947 1484 5001 per
1515 4932 1664 4983 illum
1698 4931 1891 4983 collata
1928 4932 2002 4984 si-

424 5022 771 5091 gniﬁcantur.
821 5020 933 5076 Nec
992 5022 1136 5075 enim
1176 5021 1426 5092 indigens
1453 5032 1570 5074 erat
1621 5020 1855 5074 Verbum
1918 5020 2000 5073 vel

426 5131 667 5185 unquam
724 5116 929 5170 factum
967 5126 1088 5169 est:
1150 5130 1248 5168 nec
1290 5132 1479 5168 rursus
1518 5116 1765 5168 homines
1823 5113 2003 5165 idonei

424 5217 581 5258 erant
618 5206 707 5274 qui
738 5206 842 5259 ista
902 5205 1001 5259 sibi
1038 5214 1421 5273 compararent
1459 5222 1470 5256 :
1515 5205 1608 5258 sed
1648 5218 1740 5271 per
1770 5200 2004 5253 Verbum

426 5297 586 5352 nobis
611 5300 808 5352 donata
835 5308 993 5361 sunt;
1024 5298 1166 5353 unde
1201 5298 1291 5350 illa
1326 5307 1584 5366 tanquam
1645 5296 1746 5365 ipsi
1785 5295 2005 5355 donata,

430 5389 586 5444 nobis
636 5391 1038 5461 impertiuntur.
1101 5390 1383 5459 Siquidem
1426 5405 1546 5442 eam
1593 5388 1662 5441 ob
1697 5402 1808 5441 rem
1847 5387 2009 5438 homo

429 5480 605 5536 l'actus
630 5494 733 5548 est,
763 5494 820 5536 ut
851 5484 939 5537 illa
970 5484 1114 5537 velut
1137 5484 1239 5537 sibi
1269 5484 1418 5545 data,
1445 5481 1499 5534 in
1520 5494 1622 5533 nos
1640 5479 2007 5533 transferren-

431 5584 538 5626 tur.
564 5572 669 5627 Nec
699 5576 843 5627 enim
882 5592 1053 5645 purus
1093 5576 1260 5629 homo
1301 5574 1500 5645 dignus
1535 5586 1775 5640 unquam
1821 5570 2012 5623 fuisset

2100 4393 2229 4428 πινα
2249 4376 2395 4439 ὄντα,
2424 4375 2516 4428 καὶ
2537 4377 2782 4447 ἡμέτερα
2804 4376 2950 4447 πάθη
2976 4410 2992 4437 ,
3122 4377 3335 4446 δέχεται
3354 4392 3429 4429 πα
3439 4378 3484 4447 ρ’
3501 4378 3682 4448 ἡμῶν,

2101 4468 2193 4519 καὶ
2214 4466 2290 4537 τῷ
2326 4468 2500 4536 Πατρὶ
2530 4468 2814 4537 ἀναφέρει,
2840 4467 3156 4539 πρεσϐεύων
3186 4469 3325 4538 ὑπὲρ
3365 4468 3553 4537 ἡμῶν,
3597 4469 3685 4521 ἵνα

2102 4563 2157 4613 ὲν
2192 4560 2685 4631 αὑτῴὲξαφανισθῇ
2708 4577 2722 4590 ο
2754 4560 2878 4613 ὅταν
2898 4561 2985 4624 δὲ,
3016 4562 3095 4613 ὅτι
3143 4561 3351 4625 Ἐδόθη
3382 4578 3481 4629 μοι
3510 4560 3687 4623 ἐξουο

2101 4656 2228 4716 σία,
2253 4644 2375 4717 καὶ,
2395 4654 2635 4718 ἔλαϐον,
2668 4654 2782 4716 καὶ,
2808 4653 2910 4705 Διὰ
2936 4653 3113 4706 τοῦτο
3144 4654 3545 4720 ὑπερύψωσεν
3582 4652 3690 4706 αὐ-

2102 4745 2209 4797 τὸν
2380 4747 2411 4797 ὁ
2456 4744 2599 4809 Θεὸς
2626 4785 2639 4807 ,
2676 4742 2743 4795 τὰ
2778 4743 2929 4814 παρὰ
2954 4742 3047 4796 τοῦ
3074 4742 3211 4795 Θεοῦ
3257 4744 3338 4805 είς
3381 4743 3529 4811 ἡμᾶς
3569 4742 3687 4794 ἔστι

2102 4839 2415 4911 χαρίσματα
2443 4839 2509 4890 δι’
2549 4836 2712 4889 αὑτοῦ
2744 4837 3012 4907 διδόμενα.
3052 4837 3125 4888 Οὐ
3163 4835 3273 4906 γὰρ
3317 4837 3344 4888 6
3393 4835 3565 4901 Λόγος
3605 4837 3689 4887 ὲν-

2103 4933 2228 5002 δεὴς
2250 4927 2316 5002 ἦν
2363 4930 2615 4999 ἣγὲγονε
2666 4928 2918 4982 πώποτε·
2972 4928 3095 4981 οὐδὲ
3133 4928 3295 4980 πάλιν
3330 4928 3379 4979 οί
3414 4926 3689 4996 ἂνθρωποι

2109 5024 2282 5078 ἱκανοὶ
2330 5020 2469 5093 ἦσαν
2526 5024 2734 5084 ἑαυτοῖς
2778 5020 3099 5090 διακονῆσαι
3132 5020 3339 5074 ταῦτα·
3385 5018 3473 5071 διὰ
3505 5019 3562 5071 δὲ
3593 5017 3688 5070 τοῦ

2109 5116 2282 5183 Λόγου
2309 5115 2509 5167 δίδοται
2552 5116 2718 5185 ἡμῖν’
2755 5113 2844 5165 διὸ.
2871 5112 3062 5176 τοῦτο,
3108 5114 3183 5175 ὡς
3227 5111 3375 5181 αὐτῷ
3416 5111 3689 5180 διδόμενα,

2109 5208 2239 5276 ἡμῖν
2269 5205 2606 5275 μεταδίδοται
2626 5216 2640 5231 ’
2828 5204 2917 5257 διὰ
2945 5204 3105 5257 τοῦτο
3141 5205 3247 5274 γὰρ
3283 5204 3377 5256 καὶ
3417 5201 3691 5273 ὲνηνθρώ-

2111 5315 2305 5368 πησεν,
2343 5298 2451 5359 ἵνα,
2483 5298 2558 5360 ὡς
2587 5296 2735 5367 αὐτῷ
2764 5296 3039 5367 διδόμενα,
3069 5298 3148 5359 είς
3177 5297 3325 5365 ἡμᾶς
3356 5295 3533 5364 διαϐῇ.
3566 5295 3693 5346 "Av-
3748 5298 3751 5301 λ

2111 5387 2325 5459 θρωπος
2346 5388 2455 5459 γὰρ
2486 5388 2639 5456 ψιλὸς
2683 5388 2783 5440 οὐκ
2812 5388 2876 5440 ἂν
2907 5386 3115 5455 ἠξιώθη
3158 5386 3394 5439 τούτων’
3431 5385 3604 5452 Λόγος
3634 5383 3693 5437 δὲ

2113 5481 2273 5534 πάλιν
2320 5481 2497 5550 μόνος,
2536 5480 2635 5533 οὐκ
2686 5480 2752 5533 ἂν
2792 5478 2986 5550 ὲδεήθη
3027 5479 3252 5534 τούτων.
3313 5477 3565 5548 Συνήφεὴ]
3599 5473 3692 5529 οὖν

2112 5570 2242 5640 ἡμῖν
2268 5570 2296 5621 6
2328 5570 2519 5637 Λόγος,
2545 5570 2640 5621 καὶ
2665 5568 2788 5620 τότε
2817 5568 3069 5633 ἐξουσίαν
3098 5570 3230 5638 ἡμῖν
3257 5567 3547 5628 μετέδωκε.
3597 5567 3693 5618 καὶ

504 5667 517 5694 ¹
556 5665 711 5717 Dent.
748 5681 821 5731 IV,
853 5668 905 5720 4.
982 5669 1001 5697 ¹
1037 5668 1193 5725 Joan.
1229 5688 1282 5736 ιι,
1318 5672 1407 5724 50.
1486 5669 1505 5700 ³
1536 5670 1663 5723 ibid.
1704 5670 1789 5720 58.
1868 5667 1888 5697 ⁸
1923 5667 1993 5719 De

2116 5666 2277 5731 w,,7.
2354 5665 2885 5723 'Jt-rem.xxm.‘23.
2962 5666 3393 5727 ‘DeutJmJ.
3469 5665 3695 5724 ‘Matth.

432 5752 623 5799 uvm,
664 5737 743 5788 l8.
826 5738 846 5767 ⁸
877 5738 1033 5792 Joau.
1072 5758 1123 5801 ιε,
1166 5741 1247 5793 18
1331 5748 1348 5772 ⁸
1388 5742 1618 5809 l'hilipp.
1669 5758 1725 5802 ll,
1772 5739 1820 5791 9.

1907 5740 1946 5768 ¹⁰
1984 5738 2125 5792 l‘sai.
2169 5754 2277 5801 cn,
2330 5737 2627 5803 l;Colo;s.
2669 5753 2747 5801 ιιι,
2792 5740 2835 5789 l.

2921 5738 2958 5767 ¹¹
3000 5736 3229 5808 Philipp.
3267 5756 3323 5804 tt,
3360 5738 3409 5792 9.
