4024 6208
382 493 770 565 ὑπερύψωσεν.
802 494 892 548 Ἑν
913 495 1188 568 ἀνθρώπῳ
1206 496 1317 570 γὰρ
1341 496 1417 555 ὣν
1441 500 1469 553 6
1496 499 1666 571 Λόγος

384 584 573 656 ύψωσε
603 585 700 639 τὸν
730 585 1020 659 ἄνθρωπον
1038 605 1053 619 υ
1078 589 1173 643 καὶ
1195 591 1253 643 ὲν
1281 589 1552 664 ἀνθρώπῳ
1576 592 1728 657 ὄντος
1750 593 1843 648 τοῦ
1870 595 1977 649 Λό-

395 692 510 746 γου,
535 674 731 730 ἔλαϐεν
756 677 789 730 ό
812 676 1119 750 ἄνθρωπος.
1163 679 1316 733 Ἐπεὶ
1346 675 1441 734 οῦν
1466 680 1563 735 τοῦ
1606 681 1779 752 Λόγου
1822 682 1975 748 θντος

385 769 447 822 ἒν
476 767 681 840 σαρκὶ,
719 766 911 840 ὑψώθη
929 770 957 823 6
988 769 1275 842 ἄνθρωπος
1297 811 1312 837 ,
1348 771 1444 826 καὶ
1470 771 1661 828 ἐλαϐεν
1688 772 1933 842 ἐξουσίαν
1954 790 1972 808 ο

382 857 479 911 διά
503 857 664 911 τοῦτο
691 859 773 922 είς
802 859 896 911 τὸν
940 859 1115 928 Λόγον
1167 861 1501 935 ἀναφέρεται
1544 864 1715 919 ταῦτα
1735 908 1748 925 .
1786 866 1973 939 ἐπειδὴ

385 949 456 1004 δι’
482 950 647 1005 αὐτὸν
672 950 827 1022 ἐδόθη
847 969 860 982 ·
883 951 973 1005 διὰ
993 951 1104 1023 γὰρ
1124 952 1217 1006 τὸν
1243 955 1300 1006 ὲν
1329 954 1600 1028 ἀνθρώπῳ
1623 957 1793 1026 Λόγον
1818 958 1971 1031 ἐδόθη

384 1040 562 1097 ταῦτα
595 1041 663 1096 τὰ
685 1041 1022 1114 χαρίσματα.
1058 1044 1167 1097 Καὶ
1196 1043 1386 1119 ὥσπερ
1410 1049 1438 1100 6
1473 1047 1646 1116 Λόγος
1686 1048 1822 1122 σὰρξ
1853 1050 1976 1120 ὲγὲ-

386 1151 536 1199 νετο,
572 1133 720 1187 οὕτω
766 1134 865 1189 καὶ
897 1135 925 1186 6
966 1133 1252 1206 ἅνθρωπος
1295 1134 1363 1189 τὰ
1395 1136 1483 1190 διά
1527 1138 1621 1192 τοῦ
1667 1139 1842 1210 Λόγου
1893 1141 1972 1194 εῖ-

383 1226 548 1297 ληφε.
577 1224 765 1281 Πάντα
810 1225 922 1301 γὰρ
954 1228 1055 1280 ὅσα
1094 1227 1124 1279 6
1171 1227 1455 1299 ἄνθρωπος
1490 1226 1715 1301 εἴληφεν
1734 1239 1754 1294 ’,
1795 1234 1823 1285 6
1867 1233 1970 1286 Λό-

387 1335 488 1387 γος
655 1300 874 1387 λέγεται
894 1317 1174 1389 εἰληφέναι
1193 1336 1208 1350 ·
1238 1319 1325 1373 ἵνα
1347 1318 1553 1391 δειχθῇ,
1586 1320 1668 1373 ὅτι
1703 1319 1803 1373 οὐκ
1824 1318 1970 1384 ἄξιος

391 1410 468 1466 ὢν
490 1412 522 1466 ό
555 1413 842 1485 ἄνθρωπος
871 1415 1079 1480 λαϐεῖν,
1113 1417 1234 1471 ὅσον
1258 1414 1391 1488 ἧκεν
1432 1419 1513 1481 είς
1537 1419 1637 1490 τὴν
1669 1417 1834 1473 αὑτοῦ
1871 1419 1974 1487 φύ-

390 1516 503 1567 σιν,
537 1503 686 1574 ὅμως
716 1505 805 1559 διά
852 1507 947 1559 τὸν
983 1507 1275 1577 γενόμενον
1307 1508 1485 1580 σάρκα
1513 1510 1681 1579 Λόγον
1726 1511 1968 1583 εἴληφεν.

391 1593 558 1647 Ὅθεν
584 1594 678 1648 ἐάν
704 1614 754 1649 τι
779 1596 1005 1668 λέγηται
1031 1598 1264 1652 δίδοσθαι
1290 1599 1368 1669 τῷ
1398 1600 1608 1671 Κυρίῳ,
1638 1602 1671 1672 ἦ
1711 1619 1764 1654 τι
1795 1600 1968 1655 τοιοῦ-

385 1702 503 1749 τον,
540 1691 681 1740 νοεῖν
703 1689 787 1742 δεῖ
820 1689 895 1761 μὴ
933 1691 1080 1762 αὐτῷ
1107 1691 1184 1755 ώς
1229 1692 1487 1764 χρῄζοντι
1702 1689 1966 1755 δίδοσθαι,

386 1776 526 1830 ἀλλά
550 1778 628 1849 τῷ
652 1779 923 1851 ἀνθρώπῳ
944 1781 1032 1834 διὰ
1058 1782 1152 1834 τοῦ
1186 1783 1359 1852 Λόγου
1415 1784 1526 1837 Καὶ
1563 1783 1671 1855 γὰρ
1703 1785 1812 1847 πᾶς
1833 1801 1967 1855 πρε-

1298 387 1671 449 PANOPLIA
1709 388 2168 452 DOG\iATlCA.
2203 414 2274 428 -
2311 392 2464 453 ΤΙΤ.
2512 392 2616 452 XI.

3536 390 3647 455 346

1807 502 1977 576 ὕπερ-
1996 507 2039 560 A
2062 507 2153 577 qui
2186 507 2301 564 haec
2324 508 2626 579 acciperet;
2657 523 2760 566 nec
2779 508 2906 565 item
2934 524 3134 581 purum
3153 505 3392 564 Verbum
3418 507 3504 563 his
3527 523 3645 578 pos-

2062 608 2146 655 set
2176 600 2416 672 indigere
2446 619 2461 657 :
2492 600 2847 671 conjunctum
2873 600 3039 671 igitur
3067 600 3227 655 nobis
3251 608 3335 655 est
3360 597 3601 655 Verbum
3622 640 3639 666 ,

2065 684 2302 761 tuncque
2325 706 2423 748 nos
2447 691 2733 763 potestatis
2758 692 3050 763 participes
3085 692 3321 748 reddidit
3351 700 3406 747 et
3431 692 3641 747 exalta-

2065 781 2159 836 vit.
2185 779 2420 837 Verbum
2439 783 2707 853 siquidem
2731 783 2786 838 in
2813 784 3034 839 homine
3053 785 3342 847 exsistens.
3364 783 3638 838 hominem

2064 873 2325 928 exaltavit
2359 892 2371 928 :
2414 885 2468 929 et
2498 873 2677 930 Verbo
2709 876 2837 930 item
2869 876 2923 930 in
2962 876 3182 931 homine
3222 877 3519 932 exsistente
3551 891 3644 930 ac-

2066 966 2210 1037 cepit
2232 968 2414 1020 homo.
2437 965 2576 1033 Quia
2602 982 2732 1037 ergo
2751 966 2929 1022 Verbo
2956 968 3009 1021 in
3030 983 3194 1022 carne
3216 966 3533 1029 exsistente,
3553 983 3649 1020 ex-

2067 1059 2268 1114 altatus
2293 1059 2457 1113 homo
2479 1067 2581 1126 est,
2603 1067 3036 1128 potestatemque
3061 1058 3289 1126 accepit,
3309 1057 3514 1111 idcirco
3543 1056 3646 1110 ista

2067 1152 2134 1207 ad
2159 1150 2394 1207 Verbum
2412 1150 2741 1217 referuntur,
2761 1149 3205 1220 quandoquidem
3228 1157 3443 1218 propter
3466 1148 3644 1217 ipsum

2069 1249 2192 1305 dita
2220 1257 2368 1301 sunt.
2409 1246 2533 1303 Hmc
2561 1247 2707 1302 enim
2745 1246 2885 1301 dona
2919 1251 3141 1314 prepter
3186 1240 3425 1296 Verbum
3458 1241 3510 1294 in
3541 1242 3643 1294 ho-

2069 1338 2217 1392 mine
2245 1339 2513 1394 exsistcns
2552 1353 2809 1394 concessa
2841 1345 2988 1393 sunt.
3019 1335 3170 1389 Unde
3186 1332 3645 1404 quemadmodum

2084 1418 2315 1475 Verbum
2343 1437 2474 1476 caro
2503 1422 2702 1476 factum
2732 1432 2815 1477 est
2843 1439 2855 1475 :
2890 1420 2961 1475 ita
2989 1431 3043 1475 et
3077 1421 3241 1475 homo
3267 1435 3388 1490 quae
3411 1422 3640 1489 accepit,

2075 1525 2169 1577 per
2197 1509 2433 1565 Verbum
2463 1513 2689 1582 accepit.
2718 1510 2911 1566 Omnia
2934 1512 3079 1565 enim
3108 1526 3229 1580 quae
3267 1508 3430 1565 homo
3481 1524 3641 1565 acce-

2073 1601 2173 1670 pit,
2208 1600 2444 1657 Verbum
2484 1604 2980 1672 acet-pisscdicitur
3011 1621 3023 1656 :
3071 1612 3128 1656 ut
3174 1601 3427 1657 videlicet
3456 1610 3641 1655 osten-

2071 1694 2311 1758 deretur,
2341 1696 2599 1765 quoniam
2632 1696 2794 1748 homo
2823 1708 2920 1763 pro
2947 1709 3059 1748 sure
3097 1702 3304 1747 naturae
3331 1692 3641 1747 conditione

2071 1786 2268 1855 dignus
2300 1803 2405 1841 non
2445 1796 2608 1850 essm,
2658 1786 2750 1856 qui
2820 1786 2910 1839 illa
2941 1785 3230 1855 acciperet,
3263 1800 3356 1855 per
3401 1781 3639 1839 Verbum

385 1865 602 1920 σϐεύων
624 1868 762 1938 ὑπὲρ
779 1868 961 1931 ἄλλου,
977 1870 1142 1934 αὐτὸς
1160 1872 1258 1942 τὴν
1273 1871 1432 1943 χάριν
1453 1871 1741 1943 λαμϐάνει,
1759 1874 1817 1927 οὐ
1841 1871 1963 1946 χρῄ-

2072 1893 2291 1933 carnem
2337 1877 2561 1943 factum,
2598 1893 2660 1932 ea
2715 1878 2866 1932 illum
2918 1877 3211 1946 accepisse.
3269 1874 3538 1942 Quocirca
3592 1873 3638 1928 si

342 1976 345 1977 '
383 1958 518 2023 ζων,
559 1960 698 2015 ἀλλά
717 1961 806 2016 διά
834 1962 926 2016 τὸν
959 1964 1098 2035 ὑπὲρ
1131 1956 1193 2018 οὗ
1229 1966 1543 2037 πρεσϐεύει.

2078 1970 2205 2041 quid
2232 1970 2465 2025 Domino
2494 1971 2678 2025 datum
2704 1985 2842 2033 esse,
2873 1970 2956 2023 vel
3012 1967 3215 2038 aliquid
3258 1965 3637 2036 hujuscemodi

380 2049 609 2115 dicitur,
638 2053 1043 2124 intelligendum
1074 2064 1156 2110 est
1185 2071 1292 2109 non
1324 2056 1374 2110 ei
1412 2066 1668 2126 tanquam
1699 2055 1961 2128 indigenti
1999 2058 2171 2115 fuisse
2221 2063 2430 2124 datum,
2488 2060 2580 2114 sed
2620 2058 2824 2113 homini
2872 2073 2964 2127 per
3006 2057 3181 2127 ipsum
3225 2054 3486 2111 Verbum.
3513 2052 3641 2107 Ete-

382 2141 499 2196 nim
534 2140 783 2212 quisquis
810 2142 908 2212 βω
941 2144 1046 2198 alio
1076 2144 1378 2211 intercedit,
1419 2147 1650 2216 gratiam
1704 2146 1818 2216 ipse
1863 2148 2081 2217 accipit,
2117 2163 2222 2201 non
2269 2148 2395 2217 quia
2424 2148 2683 2218 indigeat,
2714 2148 2808 2202 sed
2850 2155 3066 2216 propter
3101 2146 3249 2201 illum
3286 2145 3445 2214 cujus
3471 2158 3637 2199 causa

380 2232 695 2288 intercedit.

547 2326 760 2396 Ὠσπερ
786 2326 895 2395 γάρ
923 2324 1024 2388 τὰς
1050 2325 1336 2390 ἀσθενείας
1510 2329 1543 2398 ἠ
1554 2327 1670 2396 μῶν
1698 2327 1963 2398 λαμϐάνει

376 2416 486 2469 οὐκ
515 2413 778 2480 ἀσθενῶν,
812 2417 907 2469 καὶ
951 2417 1110 2486 πεινᾷ
1155 2417 1216 2468 οὐ
1258 2417 1478 2482 πεινῶν,
1522 2417 1660 2472 ἀλλά
1696 2418 1766 2473 τὰ
1805 2418 1981 2488 ἡμῶνκ

375 2507 701 2576 ἀναπέμπει
735 2507 816 2569 είς
845 2506 907 2559 τὸ
940 2503 1357 2577 ἑξαλειφθῆναν
1394 2507 1536 2562 οὕτω
1572 2508 1673 2571 τὰς
1706 2510 1825 2562 ἀντὶ
1854 2509 1963 2563 τῶν

376 2597 678 2651 ἀσθενειῶν
853 2596 1006 2668 παρά
1025 2596 1158 2649 Θεοῦ
1189 2598 1400 2670 δωρεᾶς
1434 2599 1597 2652 πάλιν
1630 2599 1794 2662 αὐτὸς
1820 2598 1966 2669 δέχε-

374 2704 491 2754 ται,
516 2689 606 2741 ἶνα
635 2689 924 2757 συναφθεὶς
954 2689 1238 2760 ἄνθρωπος
1268 2690 1592 2760 μεταλαϐεῖν
1618 2690 1841 2762 δυνηθῇ.
1870 2690 1963 2744 Λέ-

375 2793 471 2846 γει
503 2775 637 2846 γοῦν
673 2778 703 2831 6
756 2778 987 2848 Κύριος’
1040 2777 1244 2832 Πάντα
1284 2779 1403 2832 ὅσα
1426 2779 1689 2847 δέδωκάς
1709 2798 1833 2851 μοι,
1869 2778 1963 2833 δέ-

376 2864 547 2920 6w“;
597 2865 834 2932 αὐτοῖς·
889 2867 982 2920 καὶ
1039 2866 1242 2932 πάλιν,
1288 2866 1458 2937 ’Υπὲρ
1499 2867 1700 2922 αὐτῶν
1746 2867 1957 2937 ἐρωτῶ.

391 2956 617 3029 Ἦρώτα
646 2958 756 3028 γὰρ
784 2956 926 3029 ὑπὲρ
958 2957 1115 3028 ἡμῶν
1143 2957 1214 3011 τὰ
1238 2958 1394 3030 ήμῶν
1429 2959 1837 3030 ἀναδεχόμενος,
1866 2961 1962 3015 καὶ

376 3046 558 3101 ιὸἰδου
589 3046 627 3100 ἀ
655 3046 980 3119 ἐλάμϐανεν.
1024 3048 1243 3121 Ἐπειδὴ
1284 3044 1378 3104 οῦν
1402 3091 1418 3116 ,
1464 3050 1824 3120 συναφθέντος
1864 3051 1965 3104 τοῦ

377 3139 560 3207 Λόγου
597 3135 678 3205 τῷ
703 3137 995 3211 ἀνθρώπῳ,
1042 3141 1123 3204 είς
1151 3140 1245 3194 τὸν
1269 3140 1442 3210 Λόγον
1482 3141 1801 3196 ἀποϐλέπων
1833 3144 1962 3213 ἐχα-

2220 2323 2485 2379 Nimirum
2527 2322 2981 2392 quemadmodum
3031 2331 3250 2377 nostras
3288 2321 3633 2380 inﬁrmitates

2070 2417 2186 2487 ipse
2213 2429 2323 2470 non
2362 2415 2611 2469 inﬁrmus
2635 2415 2894 2483 suscepit,
2928 2425 2983 2468 et
3002 2414 3227 2468 esurivit
3251 2414 3501 2484 quamvis
3527 2428 3634 2468 non

2068 2504 2337 2570 esuriens,
2368 2514 2427 2558 ut
2456 2513 2644 2558 nostra
2692 2501 2839 2557 Patri
2871 2503 3105 2557 oﬂ'erens
3132 2502 3334 2557 deleret
3361 2521 3376 2558 :
3412 2502 3486 2558 ita
3539 2515 3637 2569 pro

2069 2595 2496 2660 inﬁrmitatibus,
2531 2594 2672 2648 dona
2725 2609 2754 2647 a
2806 2594 2914 2648 Deo
2954 2593 3069 2663 ipse
3116 2593 3333 2663 accipit,
3364 2602 3423 2648 nt
3472 2594 3635 2648 homo

2068 2687 2171 2759 ipsi
2204 2684 2529 2759 coniunctus
2561 2688 2756 2742 horum
2789 2688 3059 2756 particeps
3092 2700 3215 2741 esse
3262 2695 3445 2756 queat.
3494 2683 3636 2741 Hinc

2069 2780 2184 2849 ipse
2211 2778 2286 2834 ait
2311 2798 2324 2833 :
2352 2777 2543 2835 Omnia
2563 2794 2883 2849 quaecunque
2907 2776 3103 2833 dedisti
3133 2777 3281 2837 mihi.
3307 2777 3428 2832 dedi
3458 2778 3533 2831 eis
3565 2778 3582 2810 ⁸
3616 2796 3631 2832 ι

2066 2878 2120 2926 et
2148 2870 2364 2935 iterum,
2400 2868 2507 2923 Pro
2532 2869 2605 2923 eis
2652 2885 2778 2939 rogo
2831 2872 2875 2924 ².
2930 2866 3036 2922 Pro
3062 2867 3221 2922 nobis
3255 2882 3447 2936 nempe
3477 2878 3636 2935 rOga-

2067 2959 2179 3022 bat,
2214 2959 2300 3013 his
2325 2974 2449 3029 quae
2480 2967 2665 3014 nostra
2696 2966 2828 3014 sunt
2877 2958 3167 3028 susceptis,
3204 2965 3259 3011 et
3292 2957 3458 3011 dabat
3512 2971 3635 3026 qua:

2066 3051 2182 3122 ipse
2200 3051 2518 3120 accipiebat.
2531 3049 2798 3117 Quoniam
2821 3050 2985 3120 igitur
3004 3046 3180 3104 Verbo
3199 3047 3491 3117 conjuncta
3507 3063 3631 3103 cum

2067 3142 2305 3205 homine,
2331 3141 2493 3197 Pater
2523 3151 2742 3213 propter
2764 3142 2943 3213 ipsum
2963 3139 3201 3196 Verbum
3238 3138 3446 3195 homini
3469 3139 3635 3195 dabat

380 3229 568 3301 ρίζετο
592 3229 623 3281 6
653 3228 840 3302 Πατὴρ
868 3229 946 3300 τῷ
972 3229 1246 3301 ἀνθρώπῳ
1270 3230 1331 3284 τὸ
1372 3230 1674 3301 ὑψωθῆναι,
1714 3231 1776 3284 τὸ
1815 3231 1959 3302 ἔχειν

2069 3243 2125 3289 ut
2161 3236 2512 3302 exaltaretur,
2551 3250 2877 3307 omnemque
2920 3245 3240 3306 potestatem
3280 3234 3521 3301 haberet,
3579 3241 3634 3289 et

379 3318 568 3373 πᾶσαν
616 3316 885 3383 ἐξουσίαν,
931 3318 1026 3371 καὶ
1057 3318 1157 3371 ὅσα
1199 3317 1458 3371 τοιαῦτα*
1488 3317 1578 3371 διὰ
1611 3317 1769 3371 τοῦτο
1810 3318 1958 3391 αὑτῷ

374 3408 461 3479 τῷ
484 3409 646 3478 Λόγῳ
682 3408 859 3461 πάντα
892 3409 1244 3480 ἀναφέρεται,
1276 3410 1366 3462 καὶ
1397 3409 1474 3473 ὡς
1512 3409 1662 3480 αὐτῷ
1704 3410 1958 3481 διδόμενα

376 3501 554 3564 ἔστιν,
602 3499 638 3553 ἃ
672 3500 739 3553 δι’
773 3499 938 3554 αὐτοῦ
988 3502 1149 3570 ἡμεῖς
1196 3500 1561 3572 λαμϐάνομεν.
1608 3502 1694 3566 Ὡς
1734 3502 1842 3574 γὰρ
1891 3502 1956 3556 δι’

376 3593 533 3663 ἡμᾶς
582 3591 1004 3664 ἑνηνθρώπησεν
1047 3591 1210 3654 αὐτὸς
1235 3633 1249 3659 ,
1285 3592 1458 3657 οὕτως
1501 3595 1659 3664 ἡμεῖς
1696 3593 1764 3646 δι’
1795 3594 1957 3647 αὐτὸν

375 3683 688 3754 ὐψούμεθα.
735 3683 899 3738 Οὐδὲν
940 3678 1032 3737 οὖν
1065 3683 1293 3747 ἄτοπον,
1337 3687 1422 3750 εἰ,
1464 3683 1652 3755 ὥσπερ
1697 3684 1763 3738 δι’
1808 3686 1957 3755 ἡμᾶς

372 3772 745 3828 ἐταπείνωσεν
773 3775 986 3840 ἑαυτὸν,
1021 3776 1114 3828 καὶ
1136 3775 1202 3829 δι’
1222 3778 1371 3847 ἡμᾶς
1541 3775 1757 3844 λέγεται
1791 3776 1959 3844 ὑπερ-

372 3865 648 3934 υᾷὦσθαι.
688 3866 1045 3936 Ἐχιιρίσατο
1084 3862 1177 3921 οῦν
1211 3866 1392 3932 αὐτῷ,
1423 3866 1543 3920 ἀντὶ
1582 3864 1701 3927 τοῦ,
1733 3867 1864 3937 ἡμῖν
1884 3866 1951 3920 δι’

374 3956 568 4020 αὐτὸν,
616 3954 711 4008 καὶ
739 3957 1165 4024 ὑπερύψωσεν,
1205 3957 1326 4011 ἀντὶ
1368 3956 1484 4019 τοῦ,
1515 3957 1663 4027 ἡμᾶς
1691 3958 1748 4011 ὲν
1782 3955 1952 4028 αὐτῷ.

372 4047 491 4101 Καὶ
528 4045 695 4110 αὐτὸς
735 4046 793 4100 δὲ
821 4048 851 4099 6
877 4046 1067 4115 Λόγος,
1097 4046 1253 4118 ἡμῶν
1284 4046 1625 4119 ὑψουμένων,
1673 4049 1767 4102 καὶ
1817 4048 1958 4121 λαμ-

365 4137 671 4201 ϐανόντων,
711 4137 807 4191 καὶ
847 4136 1225 4209 βοηθουμένων
1249 4176 1265 4201 ,
1294 4138 1370 4203 ώς
1420 4138 1581 4203 αὐτὸς
1629 4139 1954 4211 ὑψούμενος,

370 4226 474 4279 καὶ
510 4224 827 4296 λαμϐάνων,
860 4227 955 4280 καὶ
973 4226 1354 4298 βοηθούμενος,
1392 4228 1707 4301 εὐχαριστεῖ
1735 4230 1812 4300 τῷ
1844 4233 1957 4289 Πα-

371 4317 490 4389 τρὶ,
530 4314 603 4369 τὰ
647 4317 891 4388 ἡμέτερα
935 4319 1016 4382 εἰς
1062 4320 1255 4373 ἑαυτὸν
1292 4320 1577 4392 ἀναφέρων
1618 4322 1714 4375 καὶ
1757 4321 1954 4391 λέγων·

372 4404 585 4458 Πάντα
617 4405 733 4459 ὅσα
760 4405 1026 4472 δέδωκάς
1048 4425 1168 4475 μοι,
1196 4407 1424 4462 δέδωκα
1457 4410 1682 4475 αὐτοῖς.

2065 3325 2170 3381 alia
2214 3326 2527 3395 huiusmodi
2570 3345 2583 3381 :
2625 3327 2828 3382 idcirco
2874 3328 3059 3383 omnia
3121 3327 3472 3382 ascribuntur
3524 3325 3633 3396 ipsi

2072 3415 2264 3480 Verbo,
2309 3418 2397 3473 cui
2430 3425 2484 3472 et
2530 3420 2691 3473 veluti
2748 3419 2949 3473 dantur
2996 3434 3336 3489 qmecunque
3379 3434 3480 3474 nos
3540 3432 3634 3488 per

2063 3507 2241 3577 ipsum
2269 3508 2583 3578 accipimus.
2613 3507 2838 3565 Utenim
2873 3520 3093 3580 prapter
3128 3524 3225 3565 nos
3256 3509 3422 3564 homo
3456 3508 3633 3563 factus

2063 3609 2150 3653 est
2182 3617 2194 3653 :
2226 3600 2298 3653 ita
2335 3615 2436 3655 nos
2469 3612 2688 3670 propter
2739 3617 2863 3656 eum
2912 3603 3236 3655 exaltamur.
3277 3598 3421 3654 Nihil
3469 3600 3634 3670 igitur

2063 3689 2282 3743 absurdi
2309 3700 2392 3744 est
2418 3691 2485 3749 si,
2520 3691 2976 3760 quemadmodum
3017 3692 3255 3760 seipsum
3288 3699 3509 3761 propter
3531 3703 3632 3745 nos

2066 3780 2392 3844 humiliavit,
2431 3781 2502 3834 ita
2533 3793 2586 3836 et
2615 3791 2833 3852 prepter
2856 3798 2954 3838 nos
2984 3781 3212 3837 exaltari
3261 3782 3492 3836 dicatur.
3523 3778 3634 3833 Ita-

2063 3885 2169 3939 que
2201 3870 2417 3923 donavit
2470 3870 2574 3935 illi,
2608 3870 2661 3924 id
2712 3880 2813 3932 est,
2850 3872 3008 3925 nobis
3061 3879 3282 3941 propter
3326 3871 3503 3940 ipsum
3531 3908 3549 3936 ,
3577 3877 3633 3924 et

2061 3962 2335 4026 exultavit,
2372 3962 2425 4017 id
2448 3973 2550 4029 est,
2590 3977 2689 4016 nos
2740 3963 2791 4017 in
2834 3963 2970 4032 ipso.
3008 3961 3241 4016 Vrrbum
3275 3976 3458 4033 porro,
3504 3975 3628 4015 cum

2060 4070 2160 4110 nos
2203 4054 2531 4119 exaltamur,
2586 4054 2908 4124 accipimus,
2949 4063 3004 4108 et
3046 4054 3371 4124 adjuvantur
3402 4094 3419 4120 ,
3468 4049 3628 4121 quasi

2059 4147 2236 4217 ipsum
2264 4150 2613 4214 exaltaretur,
2648 4148 2918 4215 acciperet
2947 4155 2994 4202 el
3023 4148 3391 4216 adjttvaretur,
3425 4144 3628 4215 gratias

2057 4238 2169 4309 agit
2199 4237 2361 4305 Patri,
2402 4249 2695 4311 nostraque
2726 4242 2778 4295 in
2816 4241 3054 4311 seipsum
3094 4239 3374 4301 transfert,
3407 4247 3460 4292 et
3499 4237 3577 4292 ait
3610 4252 3628 4293 :

2063 4330 2255 4385 Omnia
2279 4348 2598 4403 quwcunqne
2624 4333 2818 4386 dedisti
2850 4333 2999 4401 mihi,
3042 4332 3164 4386 dedi
3190 4347 3263 4385 eis
3298 4333 3358 4385 -³.

384 4507 488 4562 ἐκ
516 4507 627 4562 τοῦ
642 4509 850 4579 αὐτοῦ.
877 4511 1156 4564 Δείκνυσι
1201 4510 1343 4576 τοὺς
1388 4510 1830 4579 Ἀρειομανίτας
1859 4508 1956 4562 καὶ

2067 4506 2144 4563 Ea;
2200 4511 2379 4565 eodem
2416 4509 2571 4566 libro.
2630 4511 2899 4579 Ostendit,
2965 4513 3200 4565 homines
3229 4510 3348 4565 Arii
3389 4511 3565 4566 morbo
3596 4521 3647 4565 el

448 4578 605 4650 πρός
639 4578 891 4644 ἑαυτοὺς
925 4580 1387 4648 διαφερομένους
1409 4597 1422 4612 ’
1451 4585 1515 4634 τὸ
1548 4578 1689 4650 ,γὰρ
1731 4580 1960 4649 ψεῦδος

449 4648 597 4703 οὐδὲ
625 4652 776 4717 πρὸς
809 4651 987 4705 ἑαυτὸ
1018 4650 1392 4719 συμφωνοῦν
1421 4653 1570 4706 ἐστι.

444 4765 512 4819 οι
592 4763 729 4835 Περὶ
804 4765 1065 4819 Εὖσέόιον
1144 4768 1196 4820 οἱ
1296 4766 1756 4838 Ἀρειομανῖται,
1848 4769 1949 4835 ἀρ-

379 4858 485 4932 χὴν
516 4857 612 4911 τοῦ
653 4854 793 4910 εἶναι
834 4857 911 4928 τῷ
948 4857 1060 4927 Υίῷ
1099 4857 1367 4921 διδόντες,
1413 4857 1838 4928 προσποιοῦνται
1885 4857 1961 4930 μὴ

378 4949 679 5022 βούλεσθαι
707 4948 879 5019 ἀρχὴν
903 4948 1065 5002 αὐτὸν
1096 4947 1239 5019 ἔχειν
1271 4947 1565 5019 βασιλείας.
1603 4950 1759 5003 Ἔστι
1786 4948 1843 5002 δὲ
1870 4966 1964 5018 γε-

382 5041 553 5097 λοῖον.
593 5041 652 5094 '0
686 5039 796 5111 γὰρ
838 5038 1015 5112 ἀρχὴν
1055 5038 1149 5092 τοῦ
1180 5036 1317 5093 εἶναι
1347 5039 1521 5103 διδοὺς
1548 5040 1627 5111 τῷ
1658 5040 1791 5112 Υίῷ,
1825 5042 1961 5111 πρό-

378 5134 565 5205 δηλον,
605 5133 687 5187 ὅτι
729 5132 824 5186 καὶ
846 5130 941 5184 τοῦ
987 5130 1287 5201 βασιλεύειν
1318 5127 1493 5202 ἀρχὴν
1527 5130 1743 5186 δίδωσιν
1783 5132 1956 5203 αὐτῷ·

380 5224 529 5279 ὥστε
562 5222 954 5295 ὁμολογοῦντες
992 5222 1025 5276 6
1063 5222 1376 5293 ἀρνοῦνται,
1414 5221 1805 5289 τυφλώττουσι.
1850 5224 1962 5277 Καὶ

381 5315 547 5369 πάλιν
574 5316 622 5368 oi
651 5315 903 5382 λέγοντες
942 5313 1101 5383 μόνον
1144 5312 1314 5382 ὄνομα
1343 5309 1482 5367 εἶναι
1524 5312 1680 5375 Υίοῦ,
1715 5313 1961 5367 ἀνούσιον

379 5408 441 5462 δὲ
461 5407 557 5461 καὶ
586 5408 955 5461 ἀνυπόστατον
983 5402 1121 5459 εἶναι
1143 5404 1234 5458 τὸν
1264 5404 1393 5458 Υίὸν
1413 5403 1507 5456 τοῦ
1532 5404 1690 5468 Θεοῦ,
1715 5405 1960 5459 τουτέστι

379 5495 479 5549 τὸν
523 5496 695 5564 Λόγον
733 5494 829 5547 τοῦ
883 5493 1098 5565 Πατρὸς
1126 5533 1142 5558 ,
1174 5492 1596 5565 προσποιοῦνται
1786 5494 1960 5562 ἀγαν-

382 5588 577 5642 ακτεῖν
622 5586 763 5639 κατά
798 5585 907 5649 τῶν
954 5584 1241 5653 λεγόντων,
1273 5579 1382 5637 Ἦν
1415 5599 1565 5647 ποτε,
1608 5585 1698 5637 ὅτε
1735 5586 1837 5638 οὐκ
1867 5580 1956 5656 ἦν.

453 5794 469 5825 ί
516 5794 672 5850 Joan.
715 5809 847 5858 xm.
888 5794 935 5850 7.
1034 5795 1054 5826 ³
1098 5796 1231 5853 ibid.
1275 5794 1326 5851 9.
1421 5792 1442 5825 ³
1491 5795 1621 5851 ibid.
1666 5795 1716 5849 7.

2128 4581 2339 4634 insania
2393 4581 2691 4636 laborantes
2732 4585 2869 4637 inter
2899 4600 2952 4636 se
2981 4584 3278 4635 dissentire.
3332 4581 3462 4646 Qua:
3511 4582 3647 4636 enim

2128 4651 2266 4720 falsa
2297 4663 2439 4719 sunt,
2473 4671 2534 4709 ne
2565 4654 2668 4707 sibi
2692 4655 2902 4725 quidem
2925 4654 3041 4723 ipsa
3071 4668 3377 4723 congruere.

2139 4763 2349 4826 Ariani,
2384 4764 2604 4820 Eusebii
2627 4766 2896 4835 gregales,
2922 4779 3054 4819 cum
3115 4763 3252 4820 Filio
3302 4760 3638 4833 principium

2063 4860 2362 4914 exsistendi
2390 4860 2659 4926 tribuunt,
2692 4861 2950 4916 simulant
2992 4875 3051 4915 se
3110 4858 3252 4913 nolle
3304 4872 3429 4911 eum
3480 4855 3633 4926 regni

2064 4950 2391 5019 principium
2418 4951 2639 5007 habere.
2663 4952 2825 5022 Atqui
2847 4951 2989 5006 istud
3204 4948 3493 5003 ridiculum
3519 4947 3634 5004 l‘ue-

2063 5041 2151 5094 rit.
2181 5039 2456 5111 Siquidem
2502 5043 2594 5112 qui
2632 5041 2770 5097 Filio
2815 5042 2907 5097 dat
2937 5039 3230 5098 exsistendi
3264 5038 3588 5108 principium
3615 5076 3631 5103 ,

2062 5129 2351 5185 manifeste
2385 5132 2710 5202 principium
2746 5145 2964 5200 quoque
2993 5128 3256 5200 regnandi
3285 5127 3362 5183 illi
3403 5126 3537 5194 dat;
3566 5140 3634 5181 ac

2061 5222 2289 5292 proinde
2315 5221 2532 5277 fatendo
2561 5223 2704 5292 quod
2735 5230 2954 5293 negant,
3009 5237 3068 5277 se
3114 5235 3289 5276 caecos
3341 5219 3444 5289 ipsi
3507 5232 3632 5275 esse

2066 5314 2319 5383 produnt.
2352 5313 2454 5379 Qui
2493 5315 2618 5368 item
2645 5315 2801 5368 aiunt
2835 5329 3045 5369 uterum
3077 5327 3274 5368 nomen
3337 5309 3461 5365 Filii
3487 5324 3630 5376 esse,

2063 5404 2259 5459 Filium
2294 5415 2473 5459 autem
2503 5404 2619 5469 Dei,
2651 5406 2702 5459 id
2735 5414 2838 5469 est,
2889 5403 3125 5460 Verbum
3161 5400 3360 5469 Patris,
3397 5399 3633 5457 essentia

2065 5506 2119 5551 et
2152 5496 2456 5552 substantia
2493 5512 2722 5552 vacuum
2755 5512 2896 5560 esse,
2923 5497 3131 5563 lingunt
3172 5509 3231 5551 se
3257 5494 3521 5550 adversus
3570 5492 3631 5547 il-

2066 5588 2150 5644 los
2183 5587 2454 5659 indignari
2490 5589 2582 5659 qui
2629 5587 2847 5653 dicunt,
2878 5587 3005 5643 Fuit
3026 5584 3319 5656 aliquando
3349 5600 3474 5641 cum
3523 5598 3632 5652 pen
