4024 6208
391 304 497 367 347

1619 319 2000 381 EUTllYMll
2041 322 2407 382 ZlGABENI

3539 325 3647 387 348

394 436 559 481 esset.
594 426 756 498 Atqui
786 429 839 484 id
871 429 1033 486 etiam
1068 432 1354 489 ridiculum
1386 444 1485 488 est.
1519 433 1651 490 Nam
1683 439 1777 506 qui
1810 438 1955 492 illum

2082 438 2237 489 Ἔστι
2265 435 2320 488 δὲ
2351 435 2441 486 καὶ
2486 432 2645 485 τοῦτο
2695 432 2920 499 γελοῖον.
2978 435 3040 485 Οἱ
3081 434 3189 504 γάρ
3234 436 3369 498 ὅλως
3410 437 3467 487 τὸ
3513 436 3660 491 εἶναι

396 533 464 572 ne
484 534 606 575 esse
635 520 854 590 quidem
887 523 1100 586 volunt,
1154 525 1259 579 illis
1297 538 1644 593 succensent,
1696 530 1787 596 qui
1834 546 1956 582 eum

391 610 579 664 saltem
617 612 669 666 in
695 626 933 683 tempore
973 632 1093 669 esse
1136 620 1459 672 concedunt.
1488 622 1669 689 itaque
1704 622 1752 673 bi
1798 623 1955 674 etiam

390 702 717 755 confitentur
748 705 890 772 quod
924 716 1139 773 negant,
1181 724 1301 760 cum
1354 711 1486 763 alios
1543 712 1955 779 reprehendunt.

392 786 679 856 Praeterea,
700 790 989 847 Eusebiaui
1025 796 1111 864 qui
1136 794 1331 849 Filium
1353 800 1695 863 conﬁtentur,
1716 816 1836 853 cum
1864 816 1958 853 ua-

393 890 513 935 tura
537 882 772 935 Verbum
809 899 930 938 rsse
956 898 1171 955 negant,
1201 891 1423 959 solaque
1453 892 1776 960 cogitatione
1797 889 1953 943 Verbi

392 989 589 1028 nomen
620 974 759 1030 Filio
793 977 979 1031 volunt
1012 984 1271 1036 concedi:
1308 985 1399 1037 alii
1428 1002 1554 1038 vero
1608 986 1696 1053 qui
1718 984 1951 1038 Verbum

392 1061 739 1123 conﬁtentur,
772 1076 973 1135 negant
1002 1068 1177 1137 ipsum
1212 1088 1332 1127 esse
1362 1074 1582 1139 Filium,
1610 1078 1834 1146 solaque
1858 1094 1953 1131 co-

392 1153 654 1221 gitatione
686 1170 883 1210 nomen
920 1157 1039 1213 Filii
1080 1160 1257 1217 Verbo
1317 1166 1479 1219 tribui
1533 1168 1764 1224 volunt:
1824 1187 1965 1224 vano

396 1244 614 1313 utrique
646 1258 869 1301 conatu.

546 1335 656 1406 Ego
680 1350 729 1392 et
765 1339 927 1395 Pater
950 1359 1111 1396 unum
1142 1362 1321 1399 sumus
1370 1348 1510 1402 '.Vcl
1539 1350 1647 1404 duo
1670 1368 1764 1407 vos
1797 1369 1964 1408 unum

390 1442 513 1481 esse
532 1429 735 1493 dicitis.
761 1433 843 1486 vel
869 1449 1035 1489 unum
1077 1436 1278 1507 duplici
1309 1442 1527 1495 nomine
1545 1455 1798 1497 ornatum
1825 1461 1964 1510 esse,

389 1520 473 1571 vel
504 1535 671 1573 unum
712 1522 768 1576 in
797 1524 907 1579 duo
931 1542 1050 1582 esse
1079 1528 1335 1584 divisum.
1377 1530 1432 1585 Si
1472 1550 1638 1587 unum
1672 1536 1723 1588 in
1749 1536 1858 1588 duo
1885 1536 1968 1589 di-

391 1609 564 1664 visum
593 1620 695 1674 est,
719 1628 943 1668 necesse
967 1626 1047 1669 est
1076 1633 1275 1686 corpus
1303 1636 1425 1675 esse
1469 1623 1517 1674 id
1558 1625 1701 1692 quod
1730 1625 1965 1678 divisum

2076 529 2226 598 αὐτῷ
2262 528 2335 597 μὴ
2363 526 2611 588 διδόντες,
2641 524 3008 592 ἀγανακτοῦσι
3048 524 3191 578 κατὰ
3218 525 3324 578 τῶν
3353 527 3454 579 κάν
3479 530 3663 599 χρόνῳ

2076 622 2342 676 διδόντων.
2386 618 2493 672 Καὶ
2521 613 2665 671 οὗτοι
2687 612 2779 669 οῦν
2801 618 2938 688 ὅπερ
2961 618 3272 688 ἀρνοῦνται,
3304 620 3393 672 διὰ
3415 621 3506 673 τοῦ
3533 623 3660 673 ἐπι-

2078 715 2241 783 τιμᾷν
2270 714 2383 773 τοῖς
2412 710 2612 774 ἄλλοις,
2641 708 2981 779 ὁμολογοῦσι.
3023 710 3192 762 Πάλιν
3219 728 3279 763 τε
3310 713 3359 764 οἱ
3388 713 3517 782 περὶ
3553 714 3628 765 Εὐ
3646 746 3664 753 -

2082 803 2277 863 σὲϐιον,
2327 801 2453 852 Υἱὸν
2497 798 2905 869 ὁμολογοῦντες,
2972 798 3262 867 ἀρνοῦνται
3312 800 3475 853 αὐτὸν
3519 798 3663 854 εἶναι

2081 894 2237 963 φύσει
2275 893 2463 959 Λόγον,
2496 892 2588 943 καὶ
2626 890 2745 943 κατ’
2777 890 3019 942 ἐπίνοιαν
3051 891 3223 958 Λόγον
3262 892 3519 959 λέγεσθαι
3564 895 3663 945 τὸν

2080 987 2208 1039 Υῐὸν
2248 986 2557 1055 βούλονται·
2607 984 2655 1036 οἱ
2697 983 2752 1035 δὲ
2788 984 2985 1053 ἕτεροι,
3024 982 3197 1050 Λόγον
3244 984 3660 1053 ὁμολογοῦντες,

2058 1074 2345 1143 ἀρνοῦνται
2377 1074 2538 1125 αὑτὸν
2567 1070 2702 1126 εἶναι
2743 1074 2890 1138 Υἱὸν,
2940 1075 3033 1127 καὶ
3069 1076 3190 1127 κατ’
3227 1076 3473 1127 ἐπίνοιαν
3532 1077 3658 1128 ι’ὶδν

2066 1166 2318 1233 λέγεσθαι
2375 1166 2464 1217 τὸν
2516 1166 2688 1233 Λόγον
2751 1165 3062 1235 βούλονται,
3105 1166 3184 1231 ,ἐξ
3245 1166 3360 1217 ἴσου
3430 1166 3658 1219 κενοεα-

2065 1259 2302 1320 τοῦντες.

2344 1348 2490 1417 Ἐγὼ
2520 1350 2617 1401 καὶ
2646 1351 2677 1401 ό
2700 1347 2902 1416 Πατὴρ
2923 1347 3210 1415 ἒνὲσμεν.
3226 1348 3307 1401 Ta
3325 1347 3418 1401 δύο
3435 1348 3492 1400 ἓν
3512 1343 3660 1404 εἶναί

2068 1458 2223 1511 φατε,
2262 1440 2293 1510 ἦ
2328 1440 2387 1491 τὸ
2418 1440 2473 1491 ἓν
2507 1439 2795 1509 διώνυμον,
2835 1440 2867 1509 ἢ
2910 1439 3071 1491 πάλιν
3107 1439 3168 1491 τὸ
3201 1439 3259 1491 ἒν
3303 1441 3383 1502 εἰς
3418 1440 3509 1493 δύο
3539 1441 3661 1513 διῃ-

2072 1531 2289 1603 ρῆσθαι.
2340 1532 2401 1582 Εἰ
2440 1532 2535 1601 μὲν
2570 1527 2661 1583 οὖν
2701 1531 2761 1583 τὸ
2794 1530 2849 1582 ἓν
2881 1532 2961 1593 εἰς
2999 1530 3091 1582 δύο
3121 1530 3396 1601 διῄρηται,
3435 1533 3659 1603 ἀνάγκη

2068 1621 2227 1691 σῶμα
2263 1618 2399 1673 εἶναι
2434 1620 2495 1672 τὸ
2527 1619 2815 1690 διαιρεθὲν,
2850 1621 2943 1672 καὶ
2971 1619 3263 1690 μηδέτερον
3289 1622 3492 1674 τέλειον
3512 1665 3528 1689 ,

391 1710 497 1765 est,
524 1708 1359 1777 neutrumqueesseperfeetum,
1383 1713 1581 1782 quippe
1604 1731 1725 1768 cum
1753 1724 1955 1770 utrum-

2072 1714 2235 1785 μέρος
2269 1712 2379 1782 γὰρ
2408 1713 2668 1782 ἑκάτερον
2710 1711 2805 1764 καὶ
2836 1713 2935 1780 οὐχ
2971 1712 3117 1764 ὅλον·
3162 1715 3211 1765 εἰ
3257 1712 3313 1765 δὲ
3348 1714 3411 1765 τὸ
3440 1715 3498 1765 ἒν
3530 1713 3659 1767 διώ-

392 1804 498 1856 que
521 1805 646 1858 pars
671 1793 761 1858 sit,
793 1810 897 1848 non
925 1812 1051 1851 vero
1088 1808 1285 1853 totum.
1322 1800 1426 1856 Sed
1473 1806 1517 1857 si
1560 1822 1727 1859 unum
1753 1817 1837 1861 est
1865 1809 1967 1861 du-

392 1880 517 1949 plici
560 1895 813 1940 ornatum
849 1890 1069 1945 nomine
1098 1911 1110 1945 :
1145 1892 1258 1947 lucc
1291 1894 1513 1950 Sabellii
1545 1901 1811 1952 sententia
1859 1909 1965 1963 est,

393 1973 485 2040 qui
522 1973 736 2030 Patrem
769 1989 820 2032 et
846 1980 1040 2035 Filium
1065 1987 1313 2040 eumdem
1343 2003 1463 2041 esse
1488 1990 1731 2055 docet,et
1754 2004 1965 2045 utrum-

394 2080 498 2133 que
522 2066 679 2129 tollit,
703 2068 918 2125 Patrem
967 2074 1209 2141 quidem,
1261 2093 1383 2130 eum
1414 2078 1584 2135 Filius
1612 2090 1735 2145 est;
1772 2082 1964 2136 Filium

392 2169 545 2223 vero,
573 2173 697 2212 cum
738 2171 820 2215 est
868 2161 1046 2217 Pater.
1079 2165 1231 2230 Quod
1266 2170 1310 2221 si
1364 2170 1473 2223 duo
1506 2187 1672 2224 unum
1708 2175 1837 2234 sint,
1876 2190 1969 2228 ue-

391 2262 547 2303 cesse
573 2258 655 2302 est
687 2249 808 2305 illos
839 2252 977 2307 duos
1004 2257 1224 2323 quidem
1250 2275 1393 2324 esse,
1424 2278 1591 2316 unum
1618 2279 1749 2317 vero
1774 2280 1969 2318 secun-

391 2336 521 2391 dum
549 2339 908 2404 divinitatem,
961 2355 1013 2399 et
1040 2358 1309 2415 quatenus
1342 2351 1511 2406 Filius
1546 2352 1691 2407 Patri
1716 2364 1801 2408 est
1833 2370 1965 2408 con-

392 2427 791 2496 substantialis,
815 2443 867 2486 et
900 2451 963 2488 ex
1010 2438 1124 2505 ipso
1160 2438 1316 2494 Patre
1352 2440 1587 2496 Verbum
1619 2454 1701 2497 est
1734 2464 1745 2499 :
1793 2446 1863 2499 ita
1903 2453 1960 2498 ut

391 2518 501 2572 duo
534 2519 750 2587 quidem
777 2524 904 2589 sint,
936 2528 1063 2594 quia
1096 2528 1251 2583 Pater
1286 2540 1369 2585 est
1392 2542 1444 2585 et
1478 2533 1667 2598 Filius,
1699 2537 1840 2602 quod
1876 2544 1959 2590 est

394 2607 668 2675 Verbum;
698 2629 865 2670 unum
890 2627 1091 2683 autem,
1122 2621 1249 2688 quia
1290 2621 1433 2678 Deus
1489 2642 1632 2680 unus
1670 2636 1777 2680 est.
1824 2626 1957 2680 Nam

393 2703 496 2758 nisi
530 2704 604 2759 ita
635 2706 726 2770 sit,
755 2707 1045 2764 dicendum
1095 2722 1241 2767 certe.
1267 2715 1343 2769 illi
1372 2727 1487 2769 erat
1515 2737 1526 2771 :
1566 2717 1677 2789 Ego
1700 2735 1819 2772 sum
1856 2718 1959 2771 Pa-

392 2804 493 2858 ter,
527 2797 608 2850 vel
639 2794 753 2866 Ego
782 2809 831 2853 et
854 2800 1009 2854 Pater
1033 2820 1174 2857 sum.
1201 2805 1355 2861 Nunc
1373 2824 1496 2863 vero
1522 2810 1623 2863 ista
1652 2827 1803 2872 voce,
1828 2810 1959 2879 Ego,

2066 1825 2255 1877 νυμον,
2293 1804 2583 1857 Σαϐελλίου
2618 1805 2678 1857 τὸ
2704 1804 3059 1874 ἐπιτήδευμα,
3090 1803 3182 1856 τὸν
3208 1805 3370 1857 αὑτὸν
3396 1806 3526 1859 Υιδν
3556 1808 3661 1860 καὶ

2067 1898 2287 1969 Πατέρα
2307 1897 2579 1963 λέγοντος,
2614 1898 2708 1948 καὶ
2732 1896 2993 1968 ἑκάτερον
3020 1894 3396 1967 ἀναιροῦντος,
3430 1899 3521 1950 ὅτε
3553 1899 3659 1969 μὲν

2068 1990 2216 2052 Υἱὸς,
2242 1990 2337 2041 τὸν
2364 1988 2606 2059 Πατέρα,
2638 1988 2725 2039 ὅτε
2748 1988 2803 2039 δὲ
2838 1986 3048 2058 Πατὴρ,
3076 1988 3167 2039 τὸν
3204 1988 3347 2042 Υἱόν.
3398 1989 3459 2041 Ei
3497 1989 3554 2041 δὲ
3584 1990 3658 2042 τὰ

2066 2082 2158 2134 δύο
2193 2082 2271 2145 ἓν,
2314 2082 2527 2149 ἀνάγκη
2570 2079 2663 2131 δύο
2709 2080 2804 2149 μὲν
2839 2075 2999 2144 εἶναι,
3042 2077 3100 2131 ἓν
3132 2079 3189 2131 δὲ
3381 2080 3523 2133 κατά
3554 2080 3657 2151 τὴν

2069 2173 2317 2242 Θεότητα,
2352 2172 2447 2223 καὶ
2481 2171 2625 2224 κατά
2670 2170 2731 2223 τὸ
2774 2170 3055 2239 ὁμοούσιον
3088 2168 3228 2223 εἶναι
3274 2169 3364 2223 τὸν
3404 2172 3530 2224 Υἱὸν
3572 2172 3655 2243 τῷ

2070 2264 2265 2334 [la-cpi,
2298 2264 2391 2315 καὶ
2426 2262 2486 2327 ἐξ
2518 2262 2684 2315 αὐτοῦ
2728 2262 2820 2315 τοῦ
2868 2262 3081 2333 Πατρὸς
3116 2258 3256 2315 εἶναι
3300 2263 3393 2316 τὸν
3435 2264 3607 2332 Λόγον
3632 2282 3649 2297 ·

2068 2354 2208 2407 ὥστε
2245 2354 2337 2406 δύο
2375 2355 2473 2424 μὲν
2513 2349 2669 2416 εἶναι,
2702 2355 2782 2405 ὃτι
2824 2354 3011 2423 Πατήρ
3202 2354 3319 2405 ἐστι
3360 2353 3452 2405 καὶ
3496 2354 3651 2418 Υξδς,

2066 2449 2093 2499 ὃ
2130 2449 2244 2498 ἐστι
2283 2447 2472 2513 Λόγος,
2503 2446 2559 2497 ἒν
2588 2446 2665 2507 δὲ,
2700 2445 2781 2496 ὃτι
2818 2438 2895 2506 εἷς
2934 2444 3083 2507 Θεός.
3120 2446 3181 2498 Εἰ
3212 2444 3318 2515 γὰρ
3352 2445 3426 2515 μὴ
3476 2446 3653 2509 οὕτως

2067 2539 2233 2601 ἐστὶν,
2267 2539 2372 2591 ἔδει
2403 2540 2598 2599 εἰπεῖν.
2642 2538 2781 2605 Ἐγώ
2822 2539 2936 2607 εἰμι
2981 2539 3008 2589 6
3039 2538 3247 2608 Πατὴρ,
3277 2538 3333 2608 ἢ,
3381 2537 3523 2605 Ἐγὼ
3554 2538 3653 2591 καὶ

2065 2633 2093 2682 6
2123 2632 2311 2700 Πατήρ
2353 2631 2489 2699 εἰμι.
2544 2629 2656 2681 Νῦν
2705 2630 2761 2682 δὲ
2814 2632 2870 2681 ὲν
2902 2629 3000 2697 τῷ,
3044 2629 3185 2698 Ἐγὼ
3215 2672 3232 2698 ,
3395 2631 3487 2682 τὸν
3518 2631 3652 2683 Υἰδν

2068 2723 2359 2794 σημαίνει·
2400 2724 2456 2774 ὲν
2493 2722 2548 2773 δὲ
2579 2721 2674 2791 τῷ,
2710 2724 2804 2775 καὶ
2843 2726 2876 2775 ὀ
2901 2723 3124 2789 Πατὴρ,
3159 2723 3248 2775 τὸν
3278 2725 3646 2793 γεννήσαντα”

2069 2811 2127 2862 ὲν
2158 2811 2214 2863 δὲ
2236 2810 2333 2880 τῷ,
2364 2810 2453 2875 ἒν,
2480 2810 2577 2879 τὴν
2606 2810 2734 2879 μίαν
2761 2810 2989 2880 Θεότητα
3015 2810 3108 2863 καὶ
3138 2810 3200 2862 τὸ
3239 2811 3521 2881 ὁμοούσιον
3545 2813 3641 2866 a6-

391 2883 588 2939 Filium
621 2888 892 2958 signiticat
919 2910 933 2955 ;
966 2895 1265 2961 genitorem
1290 2908 1494 2963 autem,
1530 2916 1652 2955 cum
1683 2902 1885 2963 subdit,
1912 2913 1959 2956 et
1995 2901 2037 2958 C
2069 2903 2181 2956 τοῦ.

394 2976 556 3030 Pater
578 2993 596 3030 :
628 2978 862 3049 denique
900 2983 1158 3051 dictione,
1204 3005 1389 3053 unum,
1423 3007 1585 3044 unam
1621 2993 1959 3049 divinitatem

388 3084 655 3137 suamque
689 3072 931 3139 designat
970 3080 1614 3136 ennsnbstantialitatem.

388 3165 471 3219 Ex
520 3167 699 3220 cadent
750 3169 905 3223 libra.
941 3171 1155 3225 l’atrcm
1184 3185 1231 3227 et
1269 3173 1470 3228 Filium
1530 3193 1632 3230 non
1683 3195 1792 3233 esse
1824 3182 1953 3236 duos

699 3238 853 3303 Deos,
909 3243 1029 3296 licet
1077 3257 1181 3296 smt
1209 3250 1327 3298 dua:
1360 3263 1618 3313 persouw.

448 3325 715 3382 Caeterum
776 3331 821 3384 si
882 3334 1003 3402 quis
1054 3336 1191 3391 duos
1236 3354 1358 3393 esse
1410 3339 1623 3394 Patrem
1655 3352 1709 3396 et
1755 3341 1951 3396 Filium

381 3416 627 3481 audiens,
665 3435 764 3473 nos
812 3424 1179 3479 calumnietur
1207 3432 1362 3496 quasi
1397 3433 1488 3500 qui
1537 3433 1675 3489 duos
1707 3434 1838 3489 deos
1871 3435 1956 3488 in-

381 3507 647 3563 ducamus
687 3510 953 3578 (uonnulli
984 3517 1128 3569 enim
1167 3520 1217 3573 id
1251 3520 1353 3574 sibi
1401 3522 1632 3592 tingunt,
1664 3526 1958 3594 statimque

381 3612 480 3651 nos
504 3599 587 3651 bis
612 3602 789 3657 verbis
812 3605 1059 3672 irrident,
1082 3608 1190 3664 Vos
1217 3612 1352 3667 duos
1380 3614 1510 3669 deos
1543 3617 1833 3682 asseritis),
1857 3619 1957 3671 bu-

380 3688 615 3757 iusmodi
654 3694 963 3753 hominibus
1011 3701 1089 3756 sic
1141 3705 1579 3773 respondendum
1622 3719 1704 3763 est
1735 3728 1746 3761 :
1784 3708 1838 3761 Si
1870 3710 1914 3763 is
1940 3750 1954 3772 ,

379 3782 470 3851 qui
509 3782 719 3839 Patrem
748 3798 803 3842 et
846 3788 1039 3843 Filium
1079 3796 1324 3862 agnoscit
1350 3834 1366 3857 ,
1414 3797 1553 3851 duos
1594 3798 1726 3852 deos
1779 3800 1950 3855 dicit:

380 3890 601 3929 necesse
635 3888 719 3932 est
768 3879 933 3949 igitur
968 3889 1029 3936 ut
1080 3883 1216 3938 Filio
1257 3887 1563 3956 repudiato.
1630 3905 1660 3943 a
1716 3890 1955 3944 Sabellio

378 3974 481 4018 stet
507 3967 597 4035 qui
633 3984 799 4023 unum
826 3987 947 4026 esse
978 3975 1171 4030 credit.
1200 3974 1447 4048 Namque
1478 3979 1521 4033 si
1562 3980 1627 4043 is,
1661 3982 1756 4050 qui
1814 3982 1954 4036 duos

378 4054 527 4113 dicit,
574 4059 790 4125 gentilis
812 4070 933 4116 est:
964 4063 1130 4132 igitur
1174 4066 1285 4133 ille,
1331 4073 1424 4138 qui
1455 4087 1623 4124 unum
1656 4072 1810 4134 dicit,
1853 4072 1952 4126 Sa-

2074 3187 2174 3238 Ἐκ
2209 3184 2314 3237 τοῦ
2360 3185 2547 3239 αὑτοῦ
2575 3186 2785 3254 λόγου.
2821 3186 2951 3239 Ὅτι
2976 3188 3045 3239 οὐ
3074 3184 3183 3255 δύο
3213 3185 3342 3238 Θεοὶ
3378 3190 3411 3239 ὀ
3440 3188 3641 3255 Πατὴρ

2133 3255 2233 3308 καὶ
2256 3258 2288 3307 d
2329 3258 2482 3321 Υἱὸς,
2507 3258 2558 3309 εἰ
2590 3259 2685 3310 καὶ
2715 3258 2826 3311 δύο
2854 3256 3003 3311 κατὰ
3036 3254 3140 3319 τὰς
3170 3257 3573 3322 ὑποστάσεις.

2144 3344 2270 3396 Ἐὰν
2328 3345 2539 3409 δὲ,ότι
2602 3346 2695 3399 δύο
2746 3347 2895 3399 ἐστὶν
2960 3349 2987 3399 ὁ
3047 3346 3236 3415 Πατήρ
3283 3345 3379 3398 καὶ
3422 3347 3450 3398 ὁ
3493 3346 3642 3411 Υἱὸς,

2061 3430 2272 3484 ἀκούων
2296 3448 2378 3495 τις
2403 3432 2697 3495 διαϐάλλοι,
2724 3433 2798 3494 ὡς
2821 3432 2912 3484 δύο
2958 3432 3093 3483 Θεῶν
3119 3432 3638 3501 καταγγελλομένων

2061 3523 2323 3593 (τοιαῦτα
2358 3526 2463 3592 γάρ
2494 3541 2634 3586 τινες
2666 3525 2877 3587 ἑαυτοῖς
2917 3524 3365 3588 ἀναπλάττονται,
3409 3525 3503 3576 καὶ
3534 3524 3639 3576 εὐ·-

2060 3613 2195 3677 θέως
2228 3615 2476 3683 γελῶσιν,
2510 3617 2591 3669 ὅτι
2626 3614 2728 3667 Δύο
2756 3615 2909 3678 Θεοὺς
2946 3615 3131 3682 λέγετε
3152 3616 3191 3683 )°
3246 3615 3465 3668 λεκτέον
3498 3615 3635 3685 πρὸς

2057 3706 2184 3769 τοὺς
2213 3707 2486 3771 τοιούτους
2505 3726 2516 3737 '
2551 3709 2612 3760 Εἰ
2641 3711 2669 3761 6
2702 3708 2921 3777 Πατέρα
2950 3710 3043 3760 καὶ
3067 3708 3194 3761 Υἱὸν
3221 3708 3503 3775 γινώσκων
3538 3708 3636 3760 δύο

2058 3798 2212 3861 Θεοὺς
2239 3799 2385 3867 λέγει
2414 3832 2430 3858 ,
2578 3799 2695 3870 ὥρα
2720 3800 2813 3852 καὶ
2857 3798 2947 3850 τὸν
2977 3799 3203 3866 λέγοντα
3236 3800 3349 3861 ἕνα,
3386 3800 3632 3868 ἀναιρεῖν

2055 3892 2144 3943 τὸν
2171 3891 2318 3955 Υἱὸν,
2345 3892 2438 3943 καὶ
2470 3890 2825 3954 Σαϐελλίζειν.
2857 3892 2918 3943 Ei
2952 3890 3060 3961 γὰρ
3089 3891 3116 3942 6
3143 3890 3317 3957 λέγων
3354 3889 3467 3952 δύο,
3512 3890 3630 3941 Ἐλ-

2054 3981 2281 4051 ληνίζει,
2316 3981 2511 4034 οὐκοῦν
2554 3983 2581 4034 6
2622 3982 2793 4049 λέγων
2840 3982 2896 4034 ἒν
3090 3980 3420 4043 Σαόελλίξει.
3462 3980 3633 4033 Τοῦτο

2051 4075 2106 4128 δὲ
2128 4076 2226 4127 οὐκ
2258 4075 2370 4127 ἔστι
2391 4093 2403 4105 ⁸
2440 4077 2513 4145 μὴ
2537 4076 2745 4143 γένοιτο
2770 4076 2781 4127 !
2812 4075 2923 4127 ἀλλ’
2950 4074 3137 4143 ὥσπερ
3165 4076 3190 4126 6
3215 4075 3387 4142 λέγων
3416 4076 3634 4143 Πατέρα

377 4146 645 4221 bellianus
674 4160 777 4205 est.
806 4149 1003 4207 Verum
1038 4171 1144 4209 non
1173 4157 1246 4212 ita
1288 4174 1345 4213 se
1394 4175 1481 4215 res
1535 4161 1729 4226 habet;
1757 4163 1901 4218 absit
1932 4166 1945 4217 ἶ

2062 4168 2143 4218 za‘t
2183 4167 2311 4220 Υἱὸν
2350 4167 2444 4219 δύο
2478 4167 2573 4219 ἕνα
2625 4166 2757 4219 Θεὸν
2808 4166 2979 4233 λέγει,
3023 4165 3194 4227 οὕτως
3238 4167 3265 4218 ὁ
3320 4164 3492 4231 λέγων
3537 4166 3635 4218 ἕνα

376 4236 472 4291 sed
502 4240 960 4308 quemadmodum
997 4244 1065 4309 is,
1094 4248 1185 4317 qui
1218 4248 1430 4305 Patrem
1475 4260 1524 4306 et
1561 4252 1758 4307 Filium
1812 4256 1949 4311 duos

376 4343 498 4384 esse
518 4333 784 4399 agnoscit,
810 4350 977 4391 unum
1014 4338 1179 4394 Deum
1217 4358 1341 4397 esse
1375 4346 1707 4401 confitetur:
1750 4350 1821 4402 ita
1861 4348 1950 4404 ille

377 4420 469 4488 qui
500 4419 669 4477 Deum
696 4440 863 4481 unum
893 4431 1086 4493 credit,
1124 4431 1337 4488 Patrem
1356 4444 1409 4489 et
1442 4438 1636 4491 Filium
1669 4440 1808 4493 duos
1838 4456 1952 4495 cre-

375 4512 467 4566 dat
499 4529 637 4578 esse,
660 4518 766 4571 sed
797 4534 965 4574 unum
995 4522 1296 4591 divinitate,
1333 4539 1386 4581 et
1410 4540 1678 4597 quatenus
1703 4548 1766 4584 ex
1791 4531 1947 4588 Patre

377 4611 562 4659 natum
597 4605 854 4671 Verbum,
888 4613 957 4665 ab
991 4613 1105 4681 ipso
1139 4614 1297 4670 Patre
1337 4634 1435 4674 nec
1470 4624 1711 4688 separari
1738 4640 1833 4676 nec
1864 4625 1946 4677 di-

375 4694 481 4747 vidi
523 4711 621 4751 nec
652 4697 861 4768 sejungi
894 4710 1089 4769 potest.
1119 4702 1389 4771 Humano,
1422 4708 1466 4761 si
1502 4711 1694 4776 placet,
1728 4722 1947 4765 utamur

372 4787 641 4854 exemplo.
672 4786 815 4856 Ignis
845 4798 899 4845 et
930 4792 1188 4859 splendor
1214 4810 1279 4849 ex
1305 4811 1369 4849 eo
1393 4810 1564 4863 ortus,
1586 4800 1694 4852 duo
1724 4803 1940 4868 quidem

2050 4258 2181 4311 Θεὸν
2225 4258 2317 4311 δύο
2351 4257 2613 4328 φρονείτω
2793 4258 3016 4328 Πατέρα
3063 4257 3154 4309 καὶ
3200 4256 3349 4320 Υἰὸν,
3394 4256 3450 4307 ἓν
3476 4256 3633 4319 ὄντας

2048 4355 2113 4422 τῇ
2138 4351 2369 4421 Θεότητι,
2412 4351 2505 4403 καὶ
2531 4349 2607 4420 τῷ
2637 4348 2696 4414 ἐξ
2721 4350 2885 4403 αὑτοῦ
2928 4349 3225 4420 ἀμέριστον
3269 4349 3361 4401 καὶ
3391 4348 3629 4419 ἀδιαίρε-

2047 4458 2139 4493 τον
2167 4440 2261 4493 καὶ
2295 4439 2597 4510 ἀχώριστον
2629 4435 2765 4492 εἶναι
2796 4441 2886 4493 τὸν
2916 4441 3087 4507 Λόγον
3120 4438 3227 4491 ἀπὸ
3269 4438 3359 4490 τοῦ
3392 4439 3626 4509 Πατρός.

2052 4532 2233 4583 Ἔστω
2254 4531 2310 4583 δὲ
2346 4530 2693 4602 παράδειγμα
2730 4530 3088 4603 ἀνθρώπινον,
3116 4529 3175 4581 τὸ
3208 4529 3318 4599 πῦρ
3348 4530 3441 4581 καὶ
3470 4529 3530 4581 τὸ
3570 4529 3630 4596 ἐξ

2047 4621 2210 4675 αὑτοῦ
2241 4622 2605 4691 ἀπαύγασμα,
2634 4621 2725 4675 δύο
2753 4622 2852 4692 μὲν
2875 4621 2952 4691 τῷ
2981 4616 3118 4673 εἶναι
3149 4620 3242 4673 καὶ
3282 4620 3535 4689 ὁρᾶσθαι,
3572 4620 3628 4672 ἓν

2050 4715 2107 4767 δὲ
2139 4714 2214 4784 τῷ
2254 4714 2313 4778 ἐξ
2341 4713 2506 4766 αὐτοῦ
2700 4715 2794 4767 καὶ
2830 4713 3131 4783 ἀδιαίρετον
3180 4707 3321 4765 εἶναι
3359 4712 3419 4764 τὸ
3451 4713 3631 4765 ἀπαύ-

2052 4819 2243 4872 γασμα
2270 4802 2454 4855 αὑτοῦ.

372 4886 501 4931 sunt
532 4887 799 4947 quatenus
827 4884 1094 4939 exsistunt
1126 4894 1181 4940 et
1222 4899 1521 4943 cernuntur
1553 4909 1565 4943 :
1601 4907 1770 4949 unum
1808 4910 1935 4948 vero
1975 4905 2121 4959 sunt,
2152 4905 2422 4964 quatenus
2450 4895 2708 4964 splendor
2738 4896 2805 4949 ab
2834 4896 2956 4965 igne
3010 4904 3119 4962 est,
3172 4912 3272 4952 nec
3303 4897 3371 4951 ab
3424 4910 3489 4950 eo
3545 4894 3627 4949 di-

372 4968 479 5026 vidi
509 4982 704 5041 potest.

492 5072 620 5137 Quw
641 5079 891 5147 objiciunt
920 5081 1126 5137 Ariani.
1178 5084 1259 5137 Ea:
1283 5086 1456 5152 primo
1490 5086 1725 5152 eiusdem

1040 5156 1090 5206 in
1113 5171 1197 5207 eos
1218 5156 1368 5209 libro.

434 5229 488 5284 Si
509 5249 809 5305 nunquam,
843 5238 1118 5307 inquiunt.
1144 5244 1265 5309 fuit,
1296 5262 1418 5300 cum
1442 5264 1546 5300 nun
1577 5262 1721 5304 esset
1748 5252 1939 5320 Filius,

362 5322 456 5376 sed
483 5336 720 5383 aeternus
749 5341 925 5397 est,et
954 5334 1113 5389 simul
1138 5352 1260 5390 cum
1291 5339 1451 5392 Patre
1481 5349 1583 5405 est,
1612 5359 1717 5396 non
1746 5344 1937 5399 hlium

360 5417 455 5469 sed
499 5417 719 5477 fratrem
752 5427 930 5481 Patris
967 5431 1324 5485 constitultis.
1370 5432 1530 5487 Stult:
1574 5436 1827 5491 homines
1883 5447 1939 5493 et

360 5506 606 5581 litigiosi,
645 5515 689 5570 si
716 5526 979 5576 aeternum
1021 5524 1318 5589 duntaxat,
1357 5541 1465 5580 non
1505 5542 1687 5582 autem
1740 5529 1935 5586 Filium

434 5690 454 5723 ί
479 5690 641 5751 Joan.
690 5710 745 5760 ι,
772 5695 861 5752 50.

2062 5096 2391 5163 Ἀντίθεσις
2446 5098 2755 5170 Ἆρειανῷν
2797 5101 2863 5153 ἐκ
2905 5101 3012 5153 τοῦ
3058 5103 3295 5170 πρώτου
3346 5104 3476 5156 κατ’
3521 5106 3627 5159 αὺ-

2648 5169 2767 5222 τῶν
2814 5174 3018 5238 λόγου.

2119 5258 2180 5309 Εἰ
2206 5257 2279 5326 μὴ
2299 5252 2363 5328 ἧν
2390 5276 2538 5324 ποτε,
2564 5260 2653 5313 ὅτε
2684 5264 2781 5313 οὐκ
2799 5257 2885 5331 ἦν,
2912 5264 3024 5315 ἀλλ’
3054 5264 3222 5327 ἀῖδιός
3248 5267 3394 5317 ἐστιν
3416 5267 3442 5317 6
3474 5264 3620 5326 Υἱὸς,

2048 5349 2144 5401 καὶ
2176 5352 2509 5420 συνυπάρχειν
2548 5353 2620 5420 τῷ
2655 5356 2856 5424 Πατρὶ,
2895 5356 2995 5409 οὐκ
3029 5358 3107 5410 ἕτι
3142 5358 3290 5421 Υἱὸν,
3320 5358 3434 5411 ἀλλ’
3467 5357 3625 5409 ἀδελ-

2048 5445 2145 5510 φὸν
2186 5440 2327 5495 εἶναι
2373 5446 2465 5498 τοῦ
2529 5448 2740 5518 Πατρός
2779 5449 2964 5518 λέγετε
3012 5452 3194 5505 αὐτόν.
3245 5452 3488 5520 Ἀνόητοι
3530 5450 3623 5503 καὶ

2047 5538 2360 5605 φιλόνεικοι,
2392 5540 2440 5591 ει
2483 5540 2583 5610 μὲν
2616 5542 2802 5607 ἀϊδίοις
2847 5547 3088 5598 συνεῖναι
3131 5544 3292 5614 μόνον
3318 5544 3479 5597 αὐτὸν
3506 5541 3622 5597 ἑλέν-
