4024 6208
288 326 395 392 ω

1259 350 1635 415 PANOPLIA
1677 358 2147 427 DOGMATICA.
2188 388 2257 399 ·-
2293 364 2444 427 TlI‘.
2492 366 2602 425 XI.

3456 362 3563 426 350

287 464 485 549 τοίην,
535 451 629 506 καὶ
670 452 762 549 μὴ-
798 454 947 519 Υἱδν,
992 459 1191 530 πιθανή
1225 480 1308 528 τις
1350 461 1421 536 ἢν
1452 469 1631 522 αὐτῶν
1668 472 1700 544 ἡ
1739 474 1875 543 πρὸς

2736 427 2761 450 Ι

2003 493 2096 531 τάδε
2125 478 2453 544 diceremus,
2484 479 2691 549 aliquid
2744 478 2977 534 l'ortasse
2999 494 3106 533 non
3159 476 3561 533 inconsiderate

284 540 485 593 τοῦτον
520 547 895 617 προσποίητος
927 550 1187 607 εὐλάϐεια
1208 570 1224 586 ⁸
1254 558 1305 609 εἰ
1339 559 1395 611 δὲ
1423 562 1596 615 ἀΐδιον
1624 540 1876 630 λέγοντες

284 632 668 725 όειολογοῦμεν
696 638 860 694 αὑτὸν
888 641 1016 697 Υἱὸν
1042 644 1109 697 ἐκ
1134 646 1365 719 Πατρὸς,
1395 651 1510 717 πῶς
1541 656 1570 707 6
1595 657 1878 725 γεννηθεὶς

287 723 523 792 ἀδελφὸς
549 727 647 782 τοῦ
671 732 1035 802 γεννήσαντος
1053 736 1281 794 δύναται
1314 741 1670 812 νομίζεσθαι;
1698 723 1809 801 Καὶ
1829 750 1880 803 si

295 816 380 894 εἰς
412 816 654 888 Πατέρα,
704 822 803 875 καὶ
842 823 968 877 Υἱόν
1013 828 1162 882 ἐστιν
1211 830 1368 899 ἡμῶν
1422 835 1454 903 ἡ
1501 835 1702 901 πίστις,
1751 839 1881 893 ποία

290 904 603 979 ἀδελφότης
626 911 686 962 ὲν
707 911 922 977 τούτοις
947 917 1127 979 ὲστίνς
1167 918 1237 971 Ἢ
1268 920 1385 981 πῶς
1406 921 1628 976 δύναται
1652 929 1679 977 6
1708 926 1880 996 Λόγος

292 997 531 1068 ἁδελφὸς
554 1000 810 1071 λέγεσθαι
840 1006 1054 1070 τούτου,
1082 1002 1144 1064 οὗ
1170 1012 1262 1063 καὶ
1290 1012 1405 1066 ἔστι
1433 1015 1639 1084 Λόγος;
1669 1014 1747 1071 Οὐ
1771 1018 1880 1089 γὰρ

296 1092 365 1144 εκ
396 1109 546 1157 τινος
579 1096 755 1168 ἀρχῆς
787 1102 1254 1175 προϋπαρχούσης
1285 1107 1313 1159 6
1345 1109 1534 1177 Πατὴρ
1564 1111 1659 1163 καὶ
1691 1111 1719 1162 6
1755 1111 1883 1174 Υἱὸς

297 1186 698 1256 ἐγεννήθησαν,
738 1191 824 1245 ἵνα
846 1192 1066 1262 ἀδελφοὶ
1095 1196 1447 1266 νομισθῶσιν,
1478 1200 1594 1254 ἀλλ’
1631 1203 1660 1255 6
1694 1204 1882 1275 Πατὴρ

172 1296 187 1309 ο
297 1278 448 1350 ἀρχὴ
477 1279 574 1334 τοῦ
601 1281 732 1336 Υἱοῦ
764 1285 855 1336 καὶ
874 1289 1141 1359 γεννητής
1173 1291 1314 1345 ἐστι.
1355 1292 1465 1347 Kul
1496 1295 1523 1347 6
1554 1295 1744 1365 Πατὴρ
1776 1298 1885 1349 Πα-

302 1372 413 1443 τήρ
446 1374 585 1440 ἐστι,
626 1377 719 1429 καὶ
761 1377 860 1448 οὐχ
894 1378 1022 1443 Υἱὸς
1049 1383 1266 1450 γέγονε.
1304 1385 1412 1437 Kal
1441 1385 1469 1436 6
1498 1384 1625 1450 Υἱὸς
1652 1386 1708 1439 δὲ
1758 1387 1884 1452 Υἱός

301 1466 453 1533 ἐστι,
493 1467 590 1521 καὶ
618 1468 722 1522 οὐκ
757 1468 1007 1538 ἀδελφός.

430 1580 527 1634 Ἐκ
553 1582 663 1636 τοῦ
684 1584 873 1639 αὑτοῦ
898 1587 1087 1655 λόγου
1108 1588 1414 1657 ἀντίθεσις
1452 1591 1779 1660 Ἆρειανῶν.

380 1673 446 1726 Ei
487 1673 734 1744 γέννημα
765 1680 911 1731 ἔστιν
947 1682 975 1731 6
1012 1678 1142 1741 Υἱὸς
1178 1680 1270 1734 τοῦ
1311 1683 1543 1753 Πατρὺς,
1574 1687 1670 1737 καὶ
1702 1683 1886 1752 εἰκὼν,

304 1766 407 1819 καὶ
430 1767 619 1835 ὅμοιός
665 1770 784 1822 ἐστι
835 1772 982 1823 κατὰ
1031 1774 1206 1825 πάντα
1248 1774 1346 1826 τοῦ
1404 1775 1635 1845 Πατρὺς,
1685 1776 1888 1844 ὀφείλει

307 1858 559 1923 πάντως,
591 1858 782 1931 ὥσπερ
816 1863 1163 1933 γεγέννηται,
1202 1866 1399 1936 γεννᾷν
1433 1868 1526 1919 καὶ
1558 1868 1587 1919 6
1620 1867 1766 1932 Υἱὸς,
1803 1869 1894 1922 καὶ

305 1951 561 2018 γίνεσθαι
596 1954 691 2008 καὶ
724 1954 886 2021 αὐτὸς
927 1957 1114 2029 Πατὴρ
1150 1956 1282 2011 Υἱοῦ
1306 1999 1322 2022 ,
1361 1959 1523 2014 πάλιν
1553 1978 1611 2013 τε
1642 1962 1670 2013 6
1697 1960 1757 2026 ἐξ
1794 1963 1894 2014 αὖ·

302 2041 407 2096 τοῦ
443 2044 787 2115 γεννώμενος
824 2050 1019 2119 γεννᾷν
1054 2052 1148 2102 καὶ
1187 2050 1369 2114 αὐτὸς,
1408 2052 1501 2104 καὶ
1544 2052 1782 2119 καθεξῆς
1817 2055 1897 2117 εἰς

307 2136 567 2207 ἄπειρον.
608 2139 779 2193 Τοῦτο
811 2143 916 2209 γὰρ
948 2143 1134 2209 ὅμοιον
1178 2142 1417 2195 δείκνυσι
1453 2145 1544 2195 τὸν
1571 2142 1899 2216 γεννηθέντα

310 2227 409 2283 τοῦ
443 2230 824 2300 γεννήσαντος.
857 2233 919 2284 Ei
952 2234 1051 2302 μὲν
1078 2233 1154 2296 ὡς
1182 2234 1469 2304 ἄνθρωπός
1510 2238 1663 2289 ἐστιν
1691 2238 1719 2290 6
1748 2238 1897 2304 Υἱὸς,

312 2322 560 2387 γινέσθω
611 2325 702 2377 καὶ
742 2325 994 2393 γενέτης,
1028 2326 1112 2378 ἵνα
1153 2328 1245 2379 xal
1292 2329 1321 2380 6
1358 2327 1486 2391 Υἱὸς
1521 2328 1706 2399 ἔτερος
1737 2331 1900 2400 γένη-

310 2432 406 2469 ται
439 2416 657 2486 Πατὴρ,
680 2417 773 2469 καὶ
797 2415 938 2470 οὕτω
964 2417 1021 2470 δὲ
1041 2418 1276 2488 καθεξῆς
1294 2419 1352 2484 ἐξ
1378 2421 1624 2492 ἀλλήλων
1646 2422 1905 2490 γινέσθω-

314 2522 443 2570 σαν,
475 2505 563 2559 ἵνα
595 2508 689 2560 καὶ
723 2509 803 2570 εἰς
834 2506 1037 2576 πλῆθος
1070 2507 1207 2562 θεῶν
1235 2510 1268 2579 ὴ
1301 2509 1521 2581 διαδοχὴ
1552 2511 1672 2565 κατ’
1702 2513 1902 2576 αὐτοὺς

312 2599 547 2670 αὗξάνῃ.
587 2599 649 2652 Ei
687 2600 743 2652 δὲ
777 2599 877 2653 οὐκ
917 2599 1066 2654 ἔστιν
1104 2602 1178 2663 ὡς
1216 2601 1504 2672 ἄνθρωπος
1536 2605 1563 2657 6
1601 2604 1768 2667 Θεὸς,
1802 2605 1902 2659 οὒκ

313 2691 437 2745 εστι
462 2693 593 2762 γὰρ.
625 2692 687 2745 οὐ
714 2692 797 2745 δεῖ
822 2693 888 2745 τὰ
913 2692 1219 2763 ἀνθρώπων
1251 2694 1341 2747 ἐπ’
1371 2695 1539 2749 αὐτοῦ
1563 2695 1900 2771 λογίζεσθαι.

318 2785 402 2838 Τὰ
433 2784 536 2855 μὲν
563 2784 674 2854 γὰρ
707 2785 844 2841 ἄλλα
875 2785 992 2850 ζῶα
1030 2786 1125 2840 καὶ
1159 2787 1209 2839 οἱ
1240 2786 1518 2856 ἄνθρωποι
1546 2789 1611 2842 ὲκ
1642 2789 1905 2861 δημιουρ-

314 2879 484 2947 γικῆς
528 2879 706 2949 ἀρχῆς
737 2878 877 2933 κατὰ
920 2878 1166 2951 διαδοχὴν
1198 2879 1258 2945 ἐξ
1297 2868 1542 2950 ἀλλήλίυν
1577 2882 1898 2950 γεννῶνται.

315 2972 438 3026 Καὶ
463 2975 494 3027 6
524 2971 861 3042 γεννώμενος
892 2973 956 3026 ὲκ
985 2972 1335 3043 γεννηθέντος
1367 2974 1572 3043 πατρὸς
1603 2974 1903 3042 γεννηθεὶς,

312 3062 551 3124 εικότως
589 3063 683 3115 καὶ
731 3061 895 3124 αὐτὸς
942 3062 1131 3135 ἑτέρου
1161 3065 1369 3132 γίνεται
1413 3064 1615 3134 πατὴρ,
1657 3065 1797 3135 ἔχων
1841 3068 1906 3118 ὲκ

1980 568 2151 622 videri
2206 580 2428 638 possent
2475 570 2764 634 obiecisse,
2813 584 2963 625 nunc
3019 579 3225 631 autem,
3284 583 3409 624 cum
3488 583 3564 622 a3-

1984 670 2201 715 ternum
2262 663 2530 726 dicentes,
2588 663 2859 718 lateamur
2924 663 3102 733 ipsum
3147 677 3269 717 esse
3329 676 3361 716 a
3406 661 3568 715 Patre

1984 754 2202 817 Filium,
2236 757 2511 823 quomodo
2547 757 2764 826 genitus
2826 756 3099 828 gignentis
3181 754 3352 809 frater
3381 756 3561 825 potest

1982 847 2329 902 existimari?
2363 847 2428 901 Et
2467 850 2514 903 si
2555 864 2653 903 nos
2694 849 2749 902 in
2784 847 3021 910 Patrem.
3074 856 3136 903 et
3172 847 3368 901 Filium
3427 859 3553 901 cre-

1983 940 2184 1006 dimus,
2213 940 2341 1010 quid
2383 940 2440 995 in
2471 941 2555 995 Itis
2606 939 2904 994 fraternum
2960 940 3088 995 est?
3141 948 3239 994 aut
3280 935 3556 1008 quomodo

1984 1041 2159 1101 potest
2201 1032 2439 1088 Verbum
2468 1032 2573 1087 dici
2602 1031 2769 1086 frater
2795 1031 2962 1096 illius,
2986 1031 3142 1097 cujus
3165 1037 3250 1083 est
3285 1025 3523 1081 Verbum
3542 1026 3572 1081 ἲ

1986 1126 2173 1196 Neque
2203 1125 2350 1179 enim
2397 1125 2467 1179 ab
2503 1125 2687 1192 aliquo
2713 1122 2819 1176 alio
2856 1121 3125 1191 principio
3176 1121 3340 1173 Pater
3388 1128 3442 1172 et
3480 1115 3572 1171 Fi-

1985 1220 2091 1272 lius
2131 1218 2297 1288 geniti
2354 1224 2503 1278 sunt,
2565 1224 2626 1271 ut
2686 1215 2882 1269 fratres
2939 1223 3201 1283 putentur
3268 1225 3409 1275 esse,
3471 1209 3569 1264 sed

1985 1313 2148 1366 P..ter
2188 1310 2308 1364 Filii
2360 1308 2688 1379 principium
2730 1316 2785 1362 et
2836 1300 3060 1376 genitor
3116 1314 3222 1359 est.
3285 1302 3353 1356 Et
3405 1302 3571 1357 Pater

1985 1420 2061 1459 t-s‘.
2088 1407 2271 1469 Pater,
2297 1419 2404 1456 non
2430 1411 2612 1457 autem
2643 1400 2833 1456 Filius.
2859 1400 2921 1452 Et
2946 1399 3114 1453 Filius
3137 1408 3219 1455 est
3247 1396 3436 1461 Filius,
3461 1381 3572 1450 non

1989 1507 2167 1550 autem
2224 1495 2411 1549 frater.
3591 1500 3595 1504 ’

2183 1585 2321 1650 Quid
2354 1585 2606 1655 objiciant
2635 1583 2844 1637 Ariani.
2904 1582 2987 1636 Ex
3016 1582 3191 1634 eodem
3223 1580 3377 1633 libro.

2076 1677 2133 1731 Si
2190 1676 2366 1731 Filius
2395 1674 2570 1729 Patris
2602 1684 2688 1728 est
2716 1687 2965 1744 germen,
3000 1681 3054 1726 et
3104 1670 3157 1723 in
3193 1669 3454 1724 omnibus
3496 1668 3574 1722 si—

1995 1769 2139 1823 milis
2189 1769 2363 1831 Patri,
2401 1768 2562 1822 debet
2591 1809 2607 1832 ,
2636 1764 2919 1833 inquiunt,
2946 1762 3173 1816 omnino
3197 1761 3339 1815 sicut.
3359 1760 3577 1830 genitus

1998 1874 2102 1925 est,
2139 1862 2217 1915 sic
2251 1862 2416 1915 etiam
2476 1861 2722 1930 gignere,
2749 1869 2803 1913 et
2852 1857 2966 1911 fieri
3005 1856 3118 1926 ipse
3152 1868 3369 1922 quoque
3416 1852 3575 1907 Pater

1999 1952 2146 2014 Filii,
2178 1962 2232 2004 et
2267 1950 2355 2004 hic
2387 1965 2577 2004 rursus
2621 1949 2692 2002 ab
2727 1948 2846 2017 ipso
2870 1946 3106 2017 genitus,
3153 1944 3314 1998 etiam
3349 1942 3467 2012 ipse
3494 1941 3579 2011 gi.

1999 2058 2188 2114 gnere,
2250 2051 2414 2111 atque
2449 2042 2521 2095 ita
2543 2041 2802 2109 deinceps
2829 2042 2882 2090 in
2911 2035 3209 2089 inﬁnitum.
3265 2032 3359 2087 Sic
3416 2033 3565 2087 enim

2001 2146 2299 2194 constaret.
2339 2149 2489 2196 eum,
2524 2133 2616 2202 qui
2657 2132 2877 2202 genitus
2906 2140 3009 2193 est,
3045 2129 3210 2191 illius,
3241 2126 3333 2196 qui
3366 2126 3577 2195 genuit,

2001 2243 2121 2283 esse
2144 2226 2406 2282 similem.
2435 2225 2880 2294 Respondemus,
2916 2220 2959 2274 si
2993 2220 3162 2273 Filius
3182 2227 3266 2272 est
3295 2233 3362 2272 eo
3392 2217 3578 2280 modo,

2001 2335 2110 2389 quo
2144 2318 2397 2374 homines
2427 2316 2520 2371 lilii
2553 2324 2702 2381 sunt,
2726 2314 2818 2368 ﬁat
2851 2314 3015 2367 etiam
3044 2310 3276 2381 genitor,
3315 2319 3375 2364 ut
3405 2308 3579 2363 Filius

2001 2413 2075 2465 sit
2120 2410 2257 2464 alter
2286 2408 2472 2473 Pater,
2514 2416 2680 2476 atque
2724 2405 2800 2460 ita
2860 2402 3119 2471 deinceps
3179 2400 3317 2456 alius
3370 2415 3437 2455 ex
3475 2399 3583 2453 alio

2005 2503 2280 2574 gignatur,
2317 2510 2379 2555 ut
2413 2513 2604 2555 eorum
2636 2496 2914 2552 successio
2942 2502 3227 2564 augeatur,
3262 2500 3319 2547 et
3355 2492 3582 2547 deorum

1998 2595 2307 2659 consumat
2342 2591 2776 2651 multitudinem.
2823 2587 2980 2654 Quod
3009 2588 3055 2641 si
3090 2601 3199 2642 non
3231 2600 3296 2640 ea
3347 2585 3582 2648 ratione,

2004 2702 2108 2755 qua
2145 2685 2418 2748 homines,
2452 2681 2623 2736 Filius
2656 2689 2764 2745 est,
2817 2696 2927 2735 non
2959 2687 3091 2734 sunt
3123 2677 3197 2743 ei,
3256 2672 3586 2745 quaa,honii-

2007 2794 2140 2834 num
2189 2785 2340 2840 sunt,
2373 2774 2748 2831 attribuenda.
2797 2771 2931 2827 Nam
2966 2770 3176 2840 reliqua
3207 2768 3429 2839 quidem
3459 2765 3583 2819 ani-

2009 2871 2192 2933 malia,
2244 2877 2413 2937 atque
2443 2868 2607 2922 etiam
2642 2865 2895 2920 homines
2913 2865 3027 2933 jam
3062 2862 3191 2917 inde
3221 2860 3292 2914 ab
3318 2860 3439 2929 ipso
3461 2871 3588 2927 pro-

2015 2962 2314 3018 creationis
2352 2960 2511 3014 initio
2564 2968 2755 3013 mutuo
2785 2956 3022 3026 quodam
3076 2951 3446 3009 successionis
3491 2962 3583 3002 or-

2012 3054 2143 3108 dine
2179 3061 2534 3122 generantur,
2562 3058 2617 3102 et
2649 3056 2935 3119 generant,
2968 3056 3030 3100 ut
3056 3043 3148 3113 qui
3177 3050 3426 3113 generat,
3457 3054 3583 3095 cum

319 3155 538 3226 πατρὸς
566 3157 626 3209 ἑν
652 3156 834 3227 ἐαυτῷ
863 3142 1042 3220 τοῦτο,
1075 3155 1134 3222 ἐξ
1162 3151 1224 3210 οὗ
1258 3158 1348 3210 καὶ
1383 3157 1544 3220 αὐτὸς
1575 3159 1786 3226 γέγονε.
1814 3158 1899 3213 Διὸ

2007 3161 2075 3200 ex
2104 3154 2361 3217 generato
2401 3151 2558 3213 patre
2583 3150 2880 3213 generatus
2917 3139 2988 3194 sit
3009 3180 3023 3202 ,
3054 3139 3253 3192 merito
3292 3135 3412 3206 ipse
3443 3148 3588 3205 quo-

317 3245 449 3300 οὓδι
476 3244 625 3298 εστιν
666 3246 726 3299 ὲν
754 3248 866 3310 τοῖς
922 3247 1183 3310 τοιούτοις
1212 3248 1418 3318 κυρίως
1450 3249 1655 3320 πατὴρ,
1688 3249 1782 3302 καὶ
1806 3267 1905 3303 κυ-

318 3338 459 3407 ρίως
516 3338 655 3401 υἱός.
703 3339 763 3391 '0
798 3335 907 3408 γὰρ
945 3338 1108 3402 αὐτὸς
1145 3337 1261 3402 υἱὸς
1291 3339 1502 3407 γίνεται
1553 3341 1648 3393 καὶ
1688 3341 1904 3412 πατὴρ,

317 3430 437 3492 υἱὸς
473 3429 576 3499 μιν
602 3428 696 3483 τοῦ
727 3430 1114 3498 γεννήσαντος,
1140 3430 1322 3500 πατὴρ
1351 3429 1406 3483 δὲ
1433 3429 1526 3483 τοῦ
1560 3434 1907 3500 γεννωμένου

315 3521 382 3585 ἐξ
410 3521 601 3576 αὐτοῦ.
643 3519 767 3575 Ἐπὶ
800 3521 856 3574 δὲ
886 3521 985 3590 τῆς
1014 3520 1268 3591 θεότητος
1296 3522 1395 3575 οὐκ
1426 3521 1573 3576 ἐστιν
1603 3522 1799 3586 οὕτως.
1829 3524 1905 3577 Οὐ

316 3613 435 3683 γαρ
476 3610 555 3676 ὡς
604 3609 889 3683 ἅνθρωπος
921 3611 951 3662 6
987 3610 1141 3674 Θεός.
1190 3609 1329 3663 Οὔτε
1376 3611 1485 3681 γὰρ
1533 3612 1561 3664 6
1608 3612 1797 3681 Πατὴρ
1841 3613 1906 3664 ὲκ

318 3702 540 3771 Πατρός
600 3702 755 3755 ἐστι’
818 3699 899 3754 δ.δ
952 3700 1072 3754 οὐδὲ
1131 3701 1297 3773 γεννᾷ
1355 3701 1447 3754 τὸν
1509 3704 1907 3773 γεννησόμενον

321 3795 549 3864 Πατέρα
572 3809 591 3825 ο
618 3792 744 3847 οὔτε
768 3795 797 3848 6
826 3793 951 3856 Υἱὸς
980 3793 1039 3859 ἐξ
1068 3794 1366 3866 ἀπορροίας
1400 3794 1518 3846 ἐστὶ
1545 3794 1641 3847 τοῦ
1671 3794 1905 3864 Πατρὸς,

314 3887 451 3942 οὔτε
508 3890 574 3942 ιιι
611 3887 964 3957 γεννηθέντος
1017 3888 1230 3953 Ιιατρὸς
1269 3886 1621 3956 γεγέννηται.
1660 3887 1748 3939 Διὸ
1787 3887 1908 3940 οὐδὲ

313 3984 654 4054 γεγέννηται
705 3987 787 4048 εἰς
819 3986 881 4039 τδ
918 3986 1137 4056 γεννᾷν.
1168 3985 1333 4038 Ὅθεν
1380 3985 1471 4035 ἐπὶ
1500 3983 1600 4053 τῆς
1650 3983 1908 4052 θεότητος

318 4074 500 4144 μόνης
526 4077 556 4127 6
590 4074 779 4144 Πατὴρ
829 4073 1036 4143 κυρίως
1081 4075 1199 4126 ἐστὶ
1233 4071 1442 4142 Πατὴρ,
1476 4073 1570 4126 καὶ.
1602 4072 1630 4124 6
1664 4072 1787 4133 Υἱὸς
1811 4090 1907 4125 κυ-

321 4165 463 4237 ρίως
512 4165 634 4225 ὶ“ῐό;
665 4167 801 4220 ἔστι.
839 4167 952 4220 Καὶ
989 4165 1083 4220 ἐπὶ
1121 4167 1329 4219 τούτων
1362 4165 1457 4218 καὶ
1495 4165 1675 4234 μόνων
1708 4165 1909 4235 ἔστηκε

316 4258 388 4313 τὸ
416 4256 511 4312 τὸν
554 4260 775 4328 Πατέρα
810 4259 898 4313 ἀεὶ
926 4259 1148 4328 Πατέρα
1185 4254 1350 4324 εῖναι,
1393 4258 1487 4310 καὶ
1522 4257 1614 4311 τὸν
1663 4257 1791 4311 Υἱὸν
1821 4258 1910 4309 ἀεὶ

319 4348 458 4404 Υῐδν
473 4343 632 4402 εἶναι.
658 4348 870 4403 Οὐκοῦν
888 4348 919 4399 6
936 4347 1132 4415 λέγων,
1153 4345 1307 4400 Διατι
1332 4345 1406 4417 μὴ
1428 4345 1749 4415 γεννητικὸς
1779 4342 1907 4396 Υἱοῦ

319 4443 356 4497 ὁ
385 4441 553 4507 Υίόςς
583 4439 851 4510 ζητείτω,
882 4440 1026 4495 διατι
1073 4438 1149 4509 μὴ
1179 4439 1397 4507 Πατέρα
1432 4438 1591 4508 ἔσχεν
1633 4439 1660 4490 6
1695 4437 1904 4506 Πατήρ.

2009 3252 2118 3308 que
2160 3237 2252 3290 ﬁat
2301 3234 2531 3289 alterius
2578 3242 2755 3301 pater,
2800 3246 2927 3286 cum
2958 3246 2989 3286 a
3020 3244 3120 3286 suo
3146 3238 3299 3300 patre
3337 3229 3392 3281 in
3442 3241 3501 3281 se
3532 3224 3586 3280 id

2010 3330 2189 3401 ipsum
2226 3329 2443 3390 habeat,
2489 3342 2558 3381 ex
2593 3341 2704 3395 quo
2739 3333 2796 3379 et
2830 3329 2949 3395 ipse
2997 3322 3103 3377 fuit
3159 3329 3473 3393 generatus.
3511 3319 3587 3373 Ex

2009 3438 2118 3496 quo
2143 3425 2240 3485 tit,
2287 3429 2347 3474 ut
2374 3418 2558 3473 nullus
2593 3417 2738 3471 inter
2767 3430 2864 3470 eos
2921 3413 3143 3486 proprie
3172 3414 3244 3467 sit
3281 3423 3456 3482 pater,
3492 3420 3588 3465 aut

2011 3513 2234 3586 proprie
2256 3512 2420 3576 illius,
2440 3525 2565 3565 cum
2595 3510 2738 3564 idem
2776 3516 2835 3563 et
2864 3517 3020 3578 pater
3046 3506 3295 3567 exsistat,
3332 3510 3387 3557 et
3418 3502 3584 3556 ﬁlius.

2009 3605 2174 3661 Pater
2228 3604 2449 3673 quidem
2507 3601 2677 3660 illius.
2714 3614 2876 3669 quem
2909 3597 3216 3669 generavit.
3260 3604 3379 3661 est;
3439 3593 3584 3648 filius

2009 3704 2194 3752 autem
2230 3695 2352 3765 ejus
2380 3710 2410 3748 a
2441 3709 2550 3763 quo
2582 3694 2699 3761 ipse
2729 3698 3026 3760 generatus
3056 3699 3162 3743 est.
3196 3687 3254 3741 In
3288 3687 3405 3756 ipsa
3447 3699 3581 3740 vero

2009 3786 2295 3844 divinitate
2322 3800 2431 3840 non
2477 3784 2550 3836 ita
2586 3790 2690 3838 est.
2732 3780 2920 3849 Neque
2978 3779 3127 3833 enim
3178 3778 3323 3833 Deus
3370 3784 3477 3840 est,
3527 3783 3590 3829 ut

2009 3880 2261 3934 homines
2286 3885 2432 3930 sunt.
2470 3874 2683 3928 Etenim
2715 3873 2871 3926 Pater
2899 3885 3008 3924 non
3048 3879 3132 3923 est
3157 3869 3224 3923 ab
3258 3866 3364 3921 alio
3401 3866 3584 3921 Patre.

2010 3970 2189 4036 Quare
2228 3983 2330 4022 nec
2372 3966 2543 4037 gignit
2566 3965 2904 4034 geniturum,
2955 3962 3311 4029 futurumque
3342 3957 3585 4012 Patrem.

2010 4061 2121 4117 Nec
2148 4060 2317 4114 Filius
2349 4074 2413 4113 ex
2454 4055 2630 4110 Patris
2662 4064 2748 4109 est
2791 4054 3023 4115 semine,
3074 4065 3252 4120 neque
3303 4064 3367 4103 cx
3408 4046 3591 4117 genito

2011 4152 2187 4209 Patre
2221 4151 2443 4222 genitus
2477 4159 2578 4203 est.
2608 4145 2979 4213 Quamobrem
3004 4159 3110 4199 nec
3136 4142 3206 4197 ad
3251 4140 3586 4212 gignendum

2014 4256 2099 4302 est
2128 4248 2368 4315 genitus.
2420 4240 2661 4296 Proinde
2703 4241 2755 4293 in
2784 4238 2898 4293 sola
2942 4235 3227 4292 divinitate
3263 4232 3422 4287 Pater
3457 4245 3590 4302 pro-

2016 4340 2132 4409 prie
2164 4338 2323 4392 Pater
2348 4342 2456 4400 est,
2490 4344 2547 4389 et
2576 4333 2745 4391 Filius
2807 4329 3028 4400 proprie
3076 4326 3247 4382 Filius
3276 4334 3383 4380 est.
3436 4324 3502 4378 Et
3534 4324 3588 4377 in

2017 4433 2104 4486 his
2149 4429 2284 4484 solis
2333 4429 2466 4483 illud
2517 4429 2739 4480 lirmutn
2789 4434 2846 4478 et
2893 4429 3155 4478 constans
3187 4427 3295 4503 est,
3340 4424 3403 4471 ut
3428 4413 3594 4470 Pater

335 4497 513 4594 una;
538 4497 717 4588 ἓσῖέτά
743 4551 806 4601 γε
837 4497 1337 4603 αμφότεραΙμεστα
1356 4497 1535 4600 πάστίξ
1563 4497 1899 4591 δυσσεσεία-ς.

2015 4541 2234 4596 semper
2277 4525 2345 4580 sit
2394 4522 2581 4584 Pater,
2636 4529 2693 4575 et
2733 4517 2905 4573 Filius
2953 4529 3170 4584 semper
3206 4497 3397 4566 Filius.
3447 4509 3596 4576 Quo-

323 4630 544 4697 Ὠσπερ
576 4627 688 4696 γὰρ
729 4626 759 4676 6
801 4601 988 4694 Πατήρ
1030 4601 1116 4677 αεὶ
1162 4622 1352 4694 Πατὴρ
1393 4622 1488 4675 καὶ
1532 4622 1632 4675 οὐκ
1674 4620 1738 4674 ἂν
1781 4637 1899 4672 ποτε

2011 4619 2154 4673 circa
2204 4617 2294 4686 qui
2337 4615 2492 4678 dicit,
2545 4611 2657 4665 Cur
2703 4610 2875 4664 Filius
2908 4622 3017 4661 non
3066 4612 3152 4659 est
3189 4601 3482 4673 ejusmodi,
3534 4608 3594 4652 ut

320 4724 553 4790 γένηται
611 4719 776 4781 Υἱὸς,
820 4716 994 4780 οὕτως
1041 4716 1070 4768 6
1119 4716 1245 4777 Υἱὸς
1287 4715 1373 4768 ἀεὶ
1422 4714 1549 4776 Υἱός
1603 4715 1757 4777 ἐστι,
1819 4716 1911 4765 καὶ

320 4813 425 4867 οὐκ
451 4812 524 4866 ἄν
559 4827 693 4863 ποτε
718 4806 931 4879 γένοιτο
960 4807 1174 4878 Πατήρ.
1200 4806 1310 4861 Καὶ
1338 4807 1398 4859 ἑν
1430 4804 1605 4873 τούτῳ
1633 4805 1741 4873 γὰρ
1773 4802 1911 4872 μᾶλ-

319 4905 415 4959 λον
450 4901 745 4975 χαρακτὴρ
772 4898 847 4952 ὢν
885 4898 981 4953 τοῦ
1015 4899 1229 4965 Πατρός
1271 4898 1367 4952 καὶ
1414 4894 1578 4950 εἰκὼν
1607 4894 1908 4957 δείκνυται,

324 4998 510 5068 μένων
531 4997 559 5049 ὃ
578 4996 715 5059 ἐστι,
743 4993 837 5046 καὶ
858 4991 959 5046 οὐκ
987 4990 1411 5060 ἀλλασσόμενοι,
1434 4986 1548 5040 ἀλλ’
1575 4986 1711 5055 ἔχων
1730 4987 1793 5037 ὲκ
1813 4984 1908 5036 τοῦ

321 5088 546 5159 Πατρὸς
571 5086 670 5158 τὴν
713 5083 1040 5151 ταυτότητα.
1083 5082 1145 5134 Et
1185 5082 1282 5151 μὲν
1325 5075 1418 5134 οὖν
1461 5080 1489 5131 6
1527 5077 1712 5148 Πατὴρ
1744 5092 1913 5147 μετα-

320 5182 610 5247 σάλλεταο,
650 5174 1070 5249 μεταϐαλλέσθω
1093 5174 1187 5229 καὶ
1208 5176 1242 5244 ὴ
1269 5172 1451 5226 εἰκών·
1479 5174 1528 5224 εἰ
1553 5170 1610 5222 δὲ
1640 5168 1911 5236 ἄτρεπτός

319 5276 478 5328 ἔστιν
532 5274 562 5324 6
619 5268 829 5339 Πατὴρ,
883 5269 981 5321 καὶ
1022 5266 1099 5329 ὡς
1142 5267 1289 5319 ἔστιν
1336 5264 1477 5317 οὕτω
1531 5262 1799 5332 διαμένει,
1851 5258 1910 5322 ἐξ

316 5367 579 5437 ἀνάγκης
609 5366 704 5417 καὶ
750 5364 786 5434 ἡ
818 5361 985 5415 εἰκὼν
1005 5401 1018 5422 ,
1048 5360 1124 5422 ὡς
1154 5359 1305 5412 ἐστιν
1339 5356 1483 5410 οὕτω
1509 5354 1787 5422 διαμένει,
1813 5354 1911 5407 καὶ

314 5461 386 5515 οὐ
418 5459 781 5533 τραπήσεται.

2012 4711 2179 4763 lilium
2208 4706 2474 4779 generet?
2506 4704 2644 4759 idem
2681 4710 2910 4771 qurerat,
2944 4697 3057 4754 Cur
3080 4696 3249 4750 Pater.
3268 4709 3374 4747 nou
3401 4689 3591 4745 habuit

2009 4803 2248 4858 Patrem?
2260 4783 2625 4868 Sed'utraque
2648 4796 2874 4865 qumstio
2895 4802 2979 4847 est
3003 4787 3303 4859 impietatis
3328 4782 3588 4853 plenissi-

2017 4911 2123 4948 tna.
2146 4892 2616 4960 Quemadmodum
2630 4890 2773 4941 enim
2792 4885 2951 4938 Pater
2971 4884 3044 4936 ita
3056 4892 3271 4942 semper
3289 4883 3373 4929 est
3401 4872 3585 4935 Pater,

2019 4993 2078 5037 ut
2110 4982 2384 5052 nunquam
2411 4980 2580 5034 Elius
2626 4980 2740 5030 ﬁeri
2766 4983 2951 5045 queat,
2996 4971 3067 5040 ita
3091 4978 3147 5023 et
3166 4965 3426 5019 Filiusita
3450 4975 3565 5015 sent

2016 5090 2112 5143 per
2139 5085 2223 5129 est
2248 5074 2416 5126 Filius
2454 5052 2513 5125 ut
2541 5085 2815 5139 nunquam
2837 5065 2996 5119 Pater
3030 5059 3142 5115 ﬁeri
3178 5064 3362 5127 queat.
3394 5055 3452 5107 In
3480 5065 3590 5121 quo

2018 5166 2186 5236 magis
2219 5164 2528 5217 ostenditur
2562 5177 2680 5215 esse
2732 5159 2902 5213 forma
2949 5163 3004 5208 et
3039 5152 3213 5220 imago
3240 5147 3434 5209 Patris,
3460 5144 3589 5198 dum

2019 5266 2202 5311 manet
2271 5256 2348 5319 id,
2382 5254 2527 5322 quod
2582 5261 2687 5309 est.
2750 5259 2806 5304 et
2875 5259 3161 5316 nunquam
3246 5240 3593 5301 immulatur,

2016 5366 2139 5405 cum
2174 5348 2419 5403 eamdem
2456 5361 2484 5398 a
2522 5344 2679 5397 Patre
2715 5340 3009 5396 essentiam
3061 5335 3279 5389 haheat.
3335 5330 3517 5395 Quare
3547 5329 3591 5381 si

2018 5451 2261 5496 mutatur
2310 5440 2491 5502 Pater,
2526 5445 2772 5492 mutetur
2806 5443 2861 5487 ct
2915 5433 3111 5498 imago.
3143 5427 3238 5479 Sin
3299 5423 3460 5479 Pater
3512 5431 3596 5475 est

318 5516 707 5607 immutabilis.
741 5552 795 5597 et
829 5542 973 5597 sicut
1026 5549 1131 5607 est,
1167 5539 1246 5594 sic
1306 5540 1470 5593 etiam
1536 5544 1740 5603 manet,
1788 5538 1965 5604 imago
2022 5548 2240 5602 quoque
2293 5528 2604 5583 necessario
2646 5528 2790 5579 sicut
2820 5530 2923 5587 est,
2973 5519 3051 5574 sic
3080 5516 3245 5571 etiam
3291 5521 3494 5581 manet,
3535 5521 3594 5568 et

317 5658 435 5698 non
466 5635 862 5695 imnmtabitur.

777 5731 872 5786 Ἐκ
905 5729 1009 5786 τοῦ
1037 5727 1223 5784 αὑτοῦ
1246 5729 1453 5797 λόγου.

400 5831 465 5884 Ei
514 5829 614 5905 οὐκ
661 5824 843 5891 ἁῖδίως
892 5824 1139 5880 σύνεστιν
1169 5824 1196 5876 6
1230 5819 1403 5889 Λόγος
1447 5816 1523 5889 τῷ
1569 5813 1767 5887 Πατρὶ,
1808 5812 1905 5867 οὐκ

2578 5708 2661 5763 Ea;
2684 5707 2857 5761 eodem
2896 5703 3049 5757 libro.

2087 5805 2144 5861 Si
2181 5801 2416 5863 Verbum
2452 5811 2563 5856 non
2588 5805 2671 5854 est
2694 5795 2763 5852 ab
2793 5792 2943 5851 omni
2976 5788 3281 5846 aeternitate
3313 5799 3437 5841 cum
3483 5781 3588 5841 Pa-
