4024 6208
478 291 592 354 355

1721 280 2098 344 ΕΗΤΗΥΜΙΙ
2140 278 2503 339 ZIGABENI

3633 273 3747 338 356

480 404 590 463 Aut
621 398 896 473 quomodo
924 398 1037 469 ipse
1067 397 1121 453 in
1148 405 1440 469 conspectu
1478 396 1657 451 Patris
1686 405 1843 451 antea
1870 394 2068 465 gaude-

2190 393 2505 463 ηὐφραίνετο
2537 392 2595 443 ἐν
2644 390 2921 461 προσώπῳ
2972 388 3067 444 τοῦ
3112 390 3360 462 Πατρός;
3409 390 3539 459 Πῶς
3581 393 3663 461 ἃ,
3696 396 3749 450 ιι

479 498 572 551 hat
600 496 622 548 ?
653 494 921 548 Praeterea
974 491 1263 561 quomodo,
1293 490 1335 543 si
1384 500 1505 557 post
1547 496 1776 543 mortem
1829 488 2062 555 adeptus

2171 490 2309 559 μετὰ
2338 487 2428 540 τὸν
2455 486 2684 541 θάνατον
2709 484 2870 537 ἔλαὸε
2899 483 2961 537 τὸ
3012 482 3467 554 προσκυνεῖσθαι,
3495 483 3757 553 (palum

485 598 570 643 est
606 599 663 641 ut
687 586 1023 647 adoraretur,
1044 581 1218 651 ipsum
1237 580 1480 634 adoravit
1501 579 1792 637 Abraham.
1812 587 1865 632 et
1890 577 2066 631 Moses

2190 579 2495 649 ι’Λϐραὰμ
2549 578 2711 631 αὑτὸν
2766 574 3111 645 προσκυνῶν,
3170 576 3266 628 καὶ
3298 577 3539 646 Μωῦσῆς
3562 576 3621 628 ὲν
3681 580 3753 649 τῇ

481 679 537 732 in
562 680 696 731 rubo
727 676 749 727 ?
785 678 841 729 Et
878 675 948 743 (id
972 673 1114 741 quod
1171 671 1356 726 Daniel
1418 672 1569 738 vidit)
1631 686 1866 741 quonam
1908 681 2064 738 pacto

452 822 457 829 ,
483 767 886 824 innumerabilia
914 765 1134 817 millium
1166 765 1337 817 millia
1362 765 1731 817 ministrabant
1762 766 1808 816 ei
1844 766 1856 794 ‘
1880 764 1902 815 ?
1924 763 2070 827 Quo-

448 856 453 859 ’
484 876 608 913 nam
636 868 794 927 pacto
825 855 868 908 si
905 870 1072 918 nunc,
1099 862 1158 907 ut
1187 854 1271 907 isti
1316 854 1524 918 volunt,
1572 866 1855 906 assecutus
1883 862 1964 905 est
2014 862 2073 905 ut

485 950 676 1005 melior
743 955 798 999 et
858 944 1201 1014 praestantior
1249 943 1423 1009 ﬁeret,
1479 945 1725 1013 gloriam,
1781 958 1900 1010 quae
1948 952 2073 993 ante

490 1040 756 1095 mundum
792 1048 876 1092 est
927 1047 977 1089 et
998 1037 1200 1089 mundo
1220 1036 1497 1105 prwcellit,
1526 1035 1639 1104 ipse
1674 1036 1740 1088 de
1764 1050 1819 1087 se
1848 1034 2075 1101 ltitlllt'llS

485 1141 899 1194 commemorat,
924 1128 1166 1196 Clariﬁcu
1197 1143 1296 1190 me,
1320 1126 1599 1195 inquiens,
1633 1124 1811 1187 Pater,
1831 1141 1889 1177 ca
1909 1124 2075 1193 gloria

486 1239 645 1293 quam
669 1222 851 1284 habui,
878 1222 1180 1288 priusquam
1203 1218 1602 1285 mundus/ivra,
1633 1224 1771 1284 apud
1801 1227 1846 1268 le
1870 1216 1926 1267 "2
1951 1214 2080 1278 Qua:

489 1329 611 1368 cum
642 1314 712 1367 ita
735 1314 864 1372 sint,
903 1327 1012 1363 non
1041 1310 1381 1364 descendens
1404 1310 1521 1377 ipse
1561 1308 1751 1360 melior
1778 1306 1953 1359 factus
1974 1315 2077 1371 est,

488 1406 585 1462 sed
611 1420 733 1475 qum
764 1418 826 1458 ea
854 1417 912 1457 re
939 1402 1191 1472 egebant,
1212 1401 1432 1454 meliora
1459 1400 1586 1452 fecit
1609 1438 1623 1461 ,
1652 1407 1705 1451 et
1731 1398 1893 1451 homo
1911 1398 2083 1450 laetus

491 1495 745 1551 homines
788 1493 883 1547 Dei
914 1493 1052 1547 ltlios
1108 1506 1171 1545 ac
1204 1492 1334 1546 deos
1377 1490 1629 1544 reddidit.
1679 1488 1941 1559 Nonergo
1958 1504 2081 1543 cum

494 1588 660 1642 homo
695 1595 842 1640 esset
873 1586 1045 1654 prius,
1077 1584 1275 1637 deinde
1306 1582 1481 1637 laetus
1522 1592 1603 1637 est
1630 1584 1768 1636 Deus
1798 1600 1813 1648 ;
1848 1583 1938 1635 sed
1962 1597 2083 1635 cum

494 1678 639 1733 Deus
661 1684 827 1740 esset,
854 1676 1049 1728 deinde
1072 1675 1242 1728 laetus
1267 1684 1350 1728 est
1386 1676 1569 1737 homo,
1601 1686 1658 1727 ut
1676 1689 1776 1728 nos
1800 1674 2086 1728 divinitate

496 1771 800 1825 decorarct.
832 1767 910 1821 Ad
942 1768 1054 1820 haec
1082 1769 1176 1836 qui
1209 1781 1393 1836 posset
1418 1767 1671 1835 appellari
1696 1767 2085 1837 primogenitus

498 1875 679 1915 rerum
707 1859 950 1913 omnium
994 1840 1423 1926 procreatarum,
1446 1858 1487 1910 si
1537 1866 1663 1909 ante
1717 1872 1773 1909 se
1838 1857 2083 1918 haberet.

497 1954 590 2021 qui
619 1950 714 2004 lilii
752 1960 806 2004 et
840 1950 923 2003 dei
959 1934 1287 2002 vocarentur
1318 1948 1339 2001 ?
1381 1949 1486 2001 Aut
1509 1963 1605 2001 cur
1659 1945 1823 2016 primi
1871 1946 1945 1998 illi
1975 1960 2084 1998 non

496 2052 627 2097 sunt
647 2042 935 2112 ejusmodi,
965 2050 1024 2094 ut
1052 2041 1119 2094 de
1142 2041 1247 2093 illis
1270 2041 1508 2103 dicatur,
1543 2037 1611 2090 1n
1662 2039 1916 2107 principio
1973 2041 2088 2090 erat

508 2133 823 2199 Verbum,et
862 2133 1085 2186 Verbum
1121 2142 1235 2186 erat
1300 2134 1442 2200 apud
1472 2132 1656 2196 Deum,
1687 2143 1735 2185 et
1792 2131 1931 2184 Deus
1976 2134 2088 2183 erat

503 2225 725 2279 Verbum
754 2225 795 2288 ³,
838 2235 892 2278 et
941 2233 1162 2293 propter
1191 2240 1290 2276 nos
1339 2233 1529 2293 postea
1562 2221 1798 2276 Verbum
1852 2223 1953 2275 hoc
1979 2220 2090 2275 fac-

499 2325 614 2370 tum
640 2326 722 2371 est
746 2331 872 2370 caro
898 2316 919 2367 ?
943 2315 1122 2381 Quare
1152 2314 1303 2374 illud,
1328 2316 1765 2381 superem/tavit.
1793 2329 1900 2368 non
1923 2314 2089 2383 signi-

499 2405 626 2461 licat
660 2403 1142 2459 Verhiessmtiam
1184 2408 1494 2458 exaltatam.
1542 2404 1829 2458 Fuitenim
1854 2419 2088 2473 semper,

498 2504 554 2552 et
579 2508 665 2553 est
688 2498 908 2566 azqualis
959 2497 1092 2561 Deo,
1138 2497 1232 2552 sed
1283 2498 1545 2552 exaltatiu
1602 2496 1690 2550 illa
1745 2497 1976 2566 pertinet
2027 2498 2091 2550 ad

501 2589 917 2645 humanitatem.
940 2589 1004 2644 Et
1022 2592 1141 2644 ideo
1166 2606 1271 2644 non
1299 2591 1445 2659 prius
1464 2591 1578 2644 haec
1597 2591 1742 2644 dicta
1762 2598 1909 2654 sunt,
1931 2606 2091 2659 quam

497 2678 734 2735 Verbum
764 2695 890 2733 caro
920 2680 1120 2733 factum
1153 2688 1254 2740 est,
1277 2688 1333 2732 ut
1361 2680 1709 2749 perspicuum
1734 2688 1897 2739 esset,
1932 2693 2093 2732 voces

500 2768 638 2829 illas.
668 2769 1044 2831 humiliavit,et
1073 2768 1421 2832 exaltavit,ad
1449 2768 1723 2822 hominem
1754 2768 1942 2822 referri
1964 2784 1979 2832 ;
1998 2783 2061 2820 cu
2080 2798 2093 2809 -

498 2859 600 2929 jus
630 2860 775 2913 enim
812 2859 1090 2913 humilitas
1121 2868 1222 2922 est,
1257 2859 1500 2928 ejusdem
1532 2870 1613 2916 est
1644 2868 1699 2913 et
1728 2859 2005 2913 exultatio.
2027 2858 2095 2912 Ει

500 2951 546 3005 si
570 2959 789 3021 propter
819 2950 998 3003 carnis
1043 2951 1470 3018 assumptionem
1489 2950 1749 3020 scriptum
1795 2961 1876 3006 est
1913 2951 2092 3003 Immi-

503 3040 674 3105 liavit,
701 3041 1051 3096 manifestum
1077 3051 1159 3094 est
1189 3042 1335 3110 quod
1372 3050 1595 3110 propter
1629 3043 1803 3111 ipsam
1826 3043 2090 3112 scriptum

2204 3040 2486 3144 ἄνθρωπος
2514 3074 2601 3127 διὰ

502 3143 588 3188 est
608 3133 791 3197 etiam,
821 3133 1092 3187 exultavit.
1126 3133 1464 3188 Exaltatione
1503 3134 1648 3187 enim
1697 3134 1888 3205 egebat
1933 3135 2096 3189 homo

502 3234 726 3295 propter
752 3226 929 3279 carnis
942 3236 995 3279 et
1017 3227 1207 3279 mortis
1228 3225 1618 3280 humilitatem.
1643 3226 1910 3291 Quoniam
1936 3228 2099 3297 igitur

508 3313 774 3381 Verbum,
817 3329 940 3370 cum
976 3327 1119 3371 esset
1144 3316 1321 3388 imago
1344 3317 1540 3383 Patris,
1562 3328 1613 3372 et
1635 3319 1940 3372 immortale
1958 3306 2097 3373 servi

505 3404 733 3459 formam
754 3407 983 3475 acre-pit,
1014 3417 1306 3477 etpropter
1328 3424 1428 3463 nos
1460 3413 1510 3462 in
1541 3424 1703 3463 carne
1724 3424 1821 3463 sua
1866 3419 2094 3464 mortem

503 3497 749 3565 pertulit,
783 3498 931 3550 utita
978 3512 1036 3551 se
1097 3512 1195 3567 pro
1229 3498 1389 3553 nobis
1445 3514 1544 3569 per
1588 3510 1820 3554 mortem
1871 3500 2096 3554 oﬂerret

503 3582 674 3649 Patri,
707 3583 911 3638 ideirco
933 3586 1097 3639 etiam
1118 3596 1178 3640 ut
1203 3588 1365 3641 homo
1387 3598 1607 3658 propter
1634 3604 1734 3643 nos
1752 3598 1804 3643 et
1823 3606 1919 3661 pro
1937 3590 2096 3647 nobis

506 3674 704 3728 dicitur
748 3675 1039 3737 exaltatus,
1070 3687 1128 3728 ut
1170 3677 1308 3729 sicut
1334 3690 1433 3731 nos
1459 3687 1631 3732 morte
1670 3678 1846 3747 ipsius
1906 3693 2097 3737 omnes

508 3767 707 3821 mortui
739 3782 928 3821 sumus
961 3767 1014 3820 in
1066 3767 1305 3833 Christo,
1351 3770 1430 3823 sic
1482 3769 1643 3823 etiam
1683 3772 1736 3822 in
1790 3771 2029 3836 Christo,
2068 3789 2098 3827 a

506 3858 740 3913 mortuis
757 3860 996 3923 excitati,
1026 3870 1077 3914 et
1097 3860 1149 3913 in
1178 3860 1373 3914 coelum
1409 3860 1658 3931 ριόΐεειί,
1686 3878 1792 3931 quo
1821 3866 1936 3933 ipse
1958 3881 2099 3935 prat-

505 3965 697 4004 cursor
718 3962 907 4005 noster
935 3952 1202 4022 pervenit,
1223 3953 1543 4007 exaltemur.
1564 3953 1717 4017 Quod
1750 3956 1792 4007 si
1822 3970 1966 4009 nunc
1999 3971 2097 4026 pro

507 4042 664 4095 nobis
703 4043 775 4096 ita
829 4058 887 4097 se
915 4044 1157 4109 demisit,
1193 4045 1439 4112 quamvis
1483 4055 1532 4098 et
1571 4061 1739 4111 nunc,
1771 4055 1825 4100 et
1869 4057 2017 4111 ante,
2041 4056 2097 4102 et

508 4148 725 4200 semper
752 4142 899 4186 esset
920 4132 1205 4198 Dominus,
1256 4150 1355 4201 pro
1382 4134 1536 4188 nobis
1576 4136 1762 4204 utique
1823 4138 2096 4193 exaltatus

508 4224 786 4276 scribitur.
829 4230 893 4277 Et
951 4224 1411 4293 quemadmodum
1440 4225 1578 4293 ipse,
1619 4229 1863 4295 quamvis
1908 4243 2099 4283 omnes

510 4324 723 4368 sanctos
746 4314 964 4381 elliciat,
990 4316 1320 4369 dicittamen
1346 4324 1405 4369 ut
1429 4330 1488 4369 se
1518 4318 1840 4380 sanctiﬁcet,
1860 4335 1966 4373 non
1991 4335 2097 4389 quo

513 4402 751 4459 Verbum
792 4415 1041 4460 sanctum
1075 4406 1185 4471 fiat,
1218 4406 1315 4460 sed
1355 4414 1413 4459 ut
1444 4422 1543 4462 nos
1584 4424 1776 4463 omnes
1815 4410 1869 4463 in
1901 4425 1958 4464 se
1984 4410 2101 4480 ipso

510 4506 724 4550 sanctos
782 4496 1017 4551 reddat:
1079 4498 1158 4550 sic
1202 4506 1255 4551 et
1316 4498 1486 4563 illud,
1547 4500 1692 4568 quod
1742 4500 1948 4555 dictum
2002 4512 2104 4567 est,

509 4588 779 4642 Exultat-it
804 4590 975 4653 illum,
1036 4605 1143 4643 non
1198 4604 1262 4644 eo
1299 4592 1553 4660 pertinet,
1584 4605 1637 4646 ut
1672 4594 1785 4663 ipse
1813 4595 2105 4656 exaltctur,

510 4690 593 4733 est
623 4682 767 4735 enim
798 4682 1117 4748 altissimus,
1162 4683 1255 4737 sed
1290 4692 1349 4736 ut
1378 4684 1494 4752 ipse
1542 4685 1764 4752 quidem
1820 4701 1918 4754 pro
1949 4687 2105 4740 nobis

504 4771 713 4843 justitia
746 4772 960 4836 liat,nos
990 4784 1169 4828 autem
1192 4777 1242 4827 in
1270 4774 1386 4844 ipso
1418 4775 1740 4840 exaltemur,
1770 4788 1821 4830 et
1860 4776 1911 4829 in
1934 4778 2104 4832 (mlo—

510 4877 633 4915 rum
665 4862 811 4917 fores
847 4863 1242 4932 ingrediamur,
1302 4880 1437 4933 quas
1467 4881 1567 4933 pro
1615 4867 1774 4920 nobis
1809 4867 1926 4936 ipse
1951 4878 2102 4937 pate-

510 4954 663 5021 fecit,
698 4968 821 5009 cum
864 4967 1259 5026 praecurrentes
1279 4957 1495 5011 dicant:
1518 4956 1705 5011 Tollite
1727 4969 1924 5025 portas,
1952 4962 2103 5028 prinn

508 5046 665 5115 cipes,
687 5056 903 5109 vostras,
923 5059 968 5101 et
992 5048 1286 5114 elevamiui,
1305 5062 1467 5117 portw
1487 5051 1780 5112 wternales,
1796 5066 1841 5104 et
1869 5054 2101 5106 introibit

508 5136 619 5191 Rea:
641 5137 821 5206 gloria:
846 5137 889 5191 ⁸.
916 5139 1103 5209 Neque
1125 5148 1272 5193 enim
1317 5142 1417 5210 ipsi
1452 5141 1679 5194 Domino
1700 5152 1751 5194 et
1776 5158 1955 5195 rerum
1982 5158 2096 5196 om-

510 5230 660 5283 nium
695 5228 940 5284 eﬂ'ectori
971 5233 1244 5286 conclusa:
1263 5241 1438 5295 erant,
1468 5232 1560 5285 sed
1586 5243 1807 5301 pr0pter
1832 5250 1951 5296 nos,
1976 5236 2095 5303 qui—

511 5320 612 5374 bus
644 5322 763 5374 cuali
800 5320 944 5375 fores
967 5330 1124 5374 erant
1152 5322 1368 5382 clausae,
1394 5322 1473 5376 sic
1494 5324 1753 5392 scriptum
1786 5335 1884 5378 est.
1913 5326 2098 5395 Itaque

511 5422 737 5481 propter
761 5426 1003 5477 carnem,
1031 5428 1192 5481 quam
1217 5413 1484 5484 gestabat,
1526 5413 1768 5469 humano
1799 5431 1951 5469 more
1984 5419 2099 5470 dic-

513 5510 627 5555 tum
655 5512 773 5556 est:
809 5502 991 5557 Tollite
1018 5514 1238 5573 portas:
1273 5516 1327 5559 et
1353 5505 1621 5570 Introibil,
1656 5516 1909 5575 tanquam
1930 5508 2092 5561 homo

514 5594 867 5663 ingrediatur.
896 5598 965 5651 At
1011 5596 1077 5651 de
1105 5597 1224 5667 ipso
1280 5613 1521 5663 rursum,
1563 5606 1623 5652 ut
1651 5599 1743 5668 qui
1797 5598 1939 5654 Deus
1998 5602 2087 5667 sit,

600 5707 613 5736 ⁸
649 5707 782 5760 Dm.
818 5726 911 5773 νη,
948 5711 1031 5765 ll).
1106 5714 1126 5744 ⁸
1161 5711 1315 5769 Joan.
1349 5731 1477 5783 xvu,
1535 5716 1585 5770 5.
1664 5716 1684 5747 ⁸
1730 5714 1889 5770 Joan.
1941 5731 1979 5780 ι,
2012 5716 2096 5769 ll.

2173 675 2340 746 βάτῳ,
2377 673 2473 724 καὶ
2512 670 2586 732 ὡς
2622 666 2729 723 εἶδε
2784 666 3005 737 Δανιὴλ,
3064 666 3261 737 μύριαι
3317 666 3609 737 μυριάδες,
3656 670 3757 722 καὶ

2171 769 2339 839 χίλιαι
2386 767 2623 835 χιλιάδες
2656 765 3034 835 ἐλειτούργουν
3071 763 3247 832 αύτῷ;
3293 763 3417 825 ηὼς
3447 762 3529 827 δὲ,
3577 762 3626 816 εἰ
3657 761 3755 815 νῦν

2176 861 2297 915 κατ’
2327 860 2526 922 αὐτοὺς
2571 859 2697 928 ἔσχε
2730 859 2829 928 τὴν
2893 858 3201 927 βελτίωσιν,
3251 859 3351 923 τῆς
3395 858 3503 927 πρὸ
3545 858 3755 929 κόσμου

2176 957 2268 1009 καὶ
2297 955 2670 1025 ύπερκοσμίου
2719 953 2879 1025 δόξης
2911 952 3107 1006 ἑαυτοῦ
3152 953 3514 1024 μνημονεύων
3565 954 3793 1023 ἔλεγεν,

2178 1048 2336 1110 αὐτὸς
2360 1050 2385 1100 ό
2403 1047 2546 1109 Υἱὸς,
2566 1046 2838 1110 Δόξασόν
2855 1063 2950 1114 με,
2970 1048 3180 1114 Πάτερ,
3205 1046 3279 1114 τῇ
3315 1047 3493 1114 δόξῃ.
3515 1041 3556 1118 ᾗ
3587 1044 3761 1116 εἶχον

2179 1140 2293 1207 πρὸ
2324 1140 2429 1193 τοῦ
2463 1142 2571 1191 τὸν
2623 1156 2858 1208 κσσμον
2912 1136 3067 1192 εἶναι
3109 1141 3269 1207 παρὰ
3313 1143 3452 1205 0'01;
3485 1141 3599 1195 Οὐκ
3649 1144 3761 1211 ἄρα

2181 1234 2421 1295 καταϐὰς
2443 1232 2759 1302 ἐϐελτιώθη.
2780 1232 2915 1285 ἀλλὰ
2936 1233 3137 1299 μᾶλλον
3160 1234 3481 1288 ὲὸελτίωσεν
3508 1237 3673 1300 αὐτὸς
3689 1237 3764 1292 τὰ

2181 1324 2409 1393 δεόμενα
2435 1323 2790 1393 βελτιώσεως,
2815 1323 2910 1375 καὶ
2931 1323 3243 1391 υἱοποίησεν
3272 1325 3419 1395 ἡμᾶς
3453 1325 3530 1397 τῷ
3557 1327 3760 1398 Πατρὶ,

2183 1421 2274 1472 καὶ
2321 1417 2521 1470 ὲθέωσε
2568 1417 2695 1479 τοὺς
2738 1415 3061 1485 ἀνθρώπους
3105 1419 3398 1486 γενόμενος
3448 1419 3762 1491 ἄνθρωπος.

2184 1511 2296 1565 Οὐκ
2326 1510 2433 1578 ἄρα
2468 1509 2755 1580 ἄνθρωπος
2784 1508 2881 1574 ὢν,
2914 1508 3143 1580 ὕστερον
3186 1511 3380 1579 γέγονε
3435 1510 3587 1577 Θεὸς,
3622 1512 3765 1569 ἀλλὰ

2185 1602 2317 1666 Θεὸς
2361 1602 2458 1667 ὢν,
2495 1601 2723 1671 ὕστερον
2770 1602 2997 1670 γέγονεν
3049 1602 3370 1673 ἄνθρωπος,
3419 1604 3506 1658 ἵνα
3555 1606 3767 1675 μᾶλλον

2118 1733 2158 1786 Β
2187 1697 2336 1766 ἡμᾶς
2386 1694 2708 1765 θεοποιήσῃ.
2743 1695 2866 1758 Πῶς
2899 1694 2995 1748 οὖν
3026 1698 3377 1764 πρωτότοκος
3417 1699 3601 1768 πάσης
3639 1701 3766 1753 aut-

2189 1807 2347 1853 σεως,
2380 1788 2519 1857 ἔχων
2552 1787 2660 1856 πρὸ
2691 1786 2859 1840 αὑτοῦ
2912 1787 3215 1858 κληθέντας
3244 1790 3397 1852 υἱοὺς
3442 1792 3535 1844 καὶ
3568 1791 3765 1860 θεούςς

2189 1885 2313 1945 Πῶς
2359 1884 2414 1938 δὲ
2445 1886 2495 1938 οἱ
2548 1884 2771 1954 μέτοχοι
2832 1884 3042 1954 πρῶτοι
3091 1878 3151 1936 οὗ
3210 1886 3500 1954 μετέχουσι
3550 1890 3767 1958 Λόγους

2201 1979 2297 2030 Ἐν
2330 1976 2487 2046 ἀρχῇ
2523 1974 2649 2047 ἦνό
2682 1980 2896 2047 Λόγος,
2946 1978 3043 2031 καὶ
3091 1981 3123 2032 ὀ
3156 1980 3347 2049 Λόγος
3374 1978 3452 2050 ἦν
3480 1983 3633 2051 πρὸς
3660 1985 3773 2038 τὸν

2192 2070 2362 2137 Θεὸν,
2399 2070 2497 2123 καὶ
2537 2070 2681 2135 θεὸς
2704 2066 2780 2137 ἦν
2811 2074 2842 2124 ό
2871 2073 3083 2140 Λόγος.
3130 2073 3237 2125 Καὶ
3263 2073 3332 2126 δι’
3360 2075 3506 2144 ἡμᾶς
3538 2076 3774 2147 ὕστερον

2190 2165 2217 2216 ὁ
2244 2163 2414 2231 Λόγος
2434 2160 2587 2225 οὗτος
2612 2163 2750 2231 σὰρξ
2780 2164 3015 2231 ἐγένετο.
3047 2165 3118 2217 Τὸ
3152 2161 3245 2219 οὖν
3271 2167 3681 2235 ὑπερύψωσεν
3704 2170 3770 2223 οὐ

2189 2254 2287 2323 τὴν
2311 2255 2497 2307 οὐσίαν
2518 2255 2608 2306 τοῦ
2640 2253 2813 2322 Λόγου
2844 2254 2990 2323 λέγει
3017 2255 3356 2325 ὑψουμένην.
3390 2251 3497 2309 Ἤν
3520 2258 3631 2328 γὰρ
3656 2258 3768 2322 ἀεὶ.

2191 2340 2287 2392 καὶ
2315 2339 2460 2393 ἔστιν
2491 2341 2581 2393 ῐσα
2619 2340 2758 2410 Θεῷ,
2797 2342 2934 2394 ἀλλά
2966 2344 3067 2413 τῆς
3099 2344 3519 2416 άνθρωπότητός
3551 2346 3701 2401 ἑστιν
3730 2350 3766 2419 ἡ

2195 2431 2425 2501 ὕψωσις.
2462 2432 2538 2486 Οὐ
2568 2433 2699 2504 πρὶν
2730 2432 2860 2500 γοῦν
2887 2434 3105 2504 εἴρηται
3137 2435 3331 2498 ταῦτα,
3374 2438 3422 2489 εἰ
3452 2438 3525 2508 μὴ
3550 2440 3640 2492 ὅτε
3671 2439 3769 2506 γέ-

2194 2543 2317 2593 γονε
2351 2524 2488 2593 σὰρξ
2522 2527 2549 2577 ό
2578 2526 2769 2593 Λόγος,
2795 2525 2881 2578 ἵνα
2909 2524 3132 2597 γένηται
3163 2527 3396 2598 φανερὸν
3429 2530 3508 2582 ὃτι
3538 2530 3599 2583 τὸ
3632 2532 3768 2586 sta-

2194 2618 2479 2679 πείνωσε,
2504 2616 2596 2671 καὶ
2624 2617 2684 2668 τὸ
2705 2617 3112 2684 ὑπερύψωσεν
3138 2619 3231 2671 ἐπὶ
3252 2620 3346 2671 τοῦ
3375 2620 3665 2692 ἀνθρώπου
3691 2622 3772 2676 λέ-

2195 2724 2375 2777 γεται.
2410 2703 2484 2761 Οὗ
2516 2707 2623 2777 γάρ
2650 2709 2767 2759 ἐστι
2794 2709 2852 2760 τὸ
2874 2709 3153 2775 ταπεινὸν,
3186 2709 3383 2763 τούτου
3416 2714 3510 2765 καὶ
3537 2712 3598 2766 τὸ
3623 2713 3773 2783 ὑψω-

2198 2798 2357 2865 θῆναι
2382 2798 2447 2849 ἂν
2478 2797 2586 2867 εἴη.
2634 2798 2745 2849 Καὶ
2774 2800 2823 2850 εἰ
2852 2797 2941 2851 διὰ
2970 2799 3067 2869 τὴν
3095 2798 3408 2871 πρόσληψιν
3432 2802 3533 2871 τῆς
3563 2805 3775 2874 σαρκὸς

2197 2889 2257 2941 τὸ
2285 2889 2650 2942 ἐταπείνωσε
2668 2891 2997 2958 γέγραπται,
3043 2892 3203 2961 δῆλον
3234 2894 3315 2947 ὅτι
3370 2897 3465 2948 καὶ
3495 2895 3556 2948 τὸ
3583 2898 3776 2967 ὑπερ-

2198 2983 2411 3051 ύψωσε
2432 2982 2499 3035 δι’
2529 2981 2697 3052 αὐτὴν
2711 2983 3043 3054 γέγραπται.
3070 2985 3274 3039 Τούτου
3306 2987 3415 3058 γὰρ
3437 2984 3506 3061 ἦν
3534 2989 3724 3061 ἐνδεὴς
3746 2991 3777 3043 ὁ

2630 3074 2692 3127 τὸ
2727 3076 2982 3130 ταπεινὸν
3009 3079 3108 3148 τῆς
3142 3080 3364 3150 σαρκὸς,
3396 3083 3490 3136 καὶ
3531 3082 3627 3136 τοῦ
3680 3083 3774 3139 θα-

2200 3169 2386 3221 νάτου.
2430 3168 2584 3221 Ἐπεὶ
2612 3162 2705 3221 οὖν
2734 3168 2899 3223 εἰκὼν
2929 3168 3006 3223 ὢν
3035 3168 3130 3223 τοῦ
3175 3172 3412 3243 Πατρδς,
3440 3175 3552 3244 ,καὶ
3578 3174 3762 3229 ἀθάνα-

2198 3278 2288 3325 τος
2323 3261 2398 3314 ὢν
2429 3261 2622 3329 Λόγος,
2672 3260 2833 3315 ἔλασε
2882 3262 2980 3334 τὴν
3034 3262 3128 3317 τοῦ
3162 3263 3350 3318 δούλου
3401 3267 3639 3338 μορφὴν,
3678 3268 3777 3334 καὶ

2201 3351 2463 3424 ὑπέμεινε
2498 3354 2564 3408 δι’
2596 3356 2742 3426 ἡμᾶς
2774 3356 2831 3408 ὲν
2871 3358 2936 3427 τῇ
2967 3356 3162 3409 ἑαυτοῦ
3206 3358 3371 3427 σαρκὶ
3398 3357 3490 3411 τὸν
3524 3358 3774 3426 θάνατον,

2200 3447 2288 3500 ἵνα
2349 3446 2524 3510 οὓτως
2583 3448 2777 3503 ἑαυτὸν
2833 3449 2976 3520 ὑπὲρ
3027 3450 3185 3520 ἡμῶν
3248 3450 3337 3504 διὰ
3388 3451 3485 3504 τοῦ
3542 3452 3777 3508 θανάτου

2200 3542 2543 3611 προσενέγκῃ
2574 3541 2650 3612 τῷ
2697 3542 2895 3613 Πατρὶ,
2937 3540 3025 3596 διὰ
3056 3540 3214 3597 τοῦτο
3255 3542 3350 3597 καὶ
3390 3543 3467 3607 ὡς
3493 3544 3781 3615 ἄνθρωπος

2199 3633 2266 3686 δι’
2299 3635 2469 3704 ἡμᾶς,
2499 3636 2592 3688 καὶ
2620 3635 2761 3705 ὑπὲρ
2791 3637 2823 3706 ἡ
2834 3634 2951 3705 μῶν
2979 3634 3198 3703 λέγεται
3227 3635 3660 3706 ὑπερυψοῦσθαι,
3710 3639 3779 3694 ἶν’

2199 3725 2391 3797 ὥσπερ
2444 3728 2603 3798 ἡμεῖς
2630 3727 2708 3798 τῷ
2743 3728 2958 3799 θανάτῳ
3001 3726 3167 3781 αὐτοῦ
3198 3730 3402 3794 πάντες
3431 3730 3780 3802 ἀπεθάνομεν

2200 3818 2258 3870 ἐν
2290 3820 2533 3889 Χριστῷ,
2567 3818 2742 3881 οὕτως
2785 3819 2841 3872 ἐν
2869 3819 3021 3891 αὑτῷ
3051 3820 3132 3892 τῷ
3164 3820 3390 3891 Χριστῷ
3429 3821 3593 3875 πάλιν
3614 3823 3783 3893 ἡμεῖς

2202 3912 2678 3984 ὑπερυψωθῶμεν,
2711 3911 2775 3965 ἐκ
2810 3928 2869 3965 τε
2900 3913 3008 3966 τῶν
3040 3913 3251 3984 νεκρῶν
3288 3913 3653 3984 ἐγειρόμενοι,
3680 3912 3782 3967 καὶ

2202 4008 2281 4067 εἰς
2328 4006 2593 4077 οὐρανοὺς
2644 4005 3024 4077 ἁνερχόμενοι,
3085 4006 3212 4059 ἔνθα
3280 4006 3591 4078 πρόδρομος
3637 4007 3785 4079 ὑπὲρ

2126 4106 2140 4118 ’
2204 4098 2359 4167 ἡμῶν
2393 4098 2609 4167 εἰσῆλθε
2660 4098 2916 4168 Χριστός.
2969 4099 3029 4150 El
3060 4099 3115 4152 δὲ
3143 4100 3239 4154 νῦν
3270 4099 3412 4171 ὑπὲρ
3446 4099 3624 4169 ἡμῶν,
3656 4100 3782 4154 καί·

2202 4209 2282 4245 τοι
2311 4192 2407 4245 καὶ
2434 4192 2540 4261 πρὸ
2566 4193 2781 4257 τούτου,
2817 4193 2912 4245 καὶ
2936 4193 3023 4246 ἀεὶ
3050 4192 3253 4264 Κύριος
3277 4192 3351 4246 ὢν
3393 4192 3488 4247 καὶ
3517 4193 3787 4265 δημιουρο

2202 4286 2297 4352 γὸς
2324 4286 2429 4339 τῶν
2458 4284 2727 4357 οὐρανῶν,
2765 4285 2908 4355 ὑπὲρ
2933 4286 3090 4357 ἡμῶν
3132 4289 3238 4359 ἄρα
3269 4289 3365 4342 καὶ
3394 4288 3455 4341 τὸ
3484 4288 3786 4358 ὑπερυψω-

2128 4376 2365 4464 θθῆναι
2417 4378 2512 4432 νῦν
2547 4378 2882 4449 γέγραπται.
2945 4380 3055 4429 Καὶ
3113 4378 3304 4449 ὥσπερ
3356 4380 3522 4443 αὐτὸς
3570 4380 3786 4444 πάντας

2208 4473 2451 4541 ἁγιάζων
2480 4472 2628 4541 λέγει
2664 4473 2827 4528 πάλιν
2860 4474 2938 4544 τῷ
2987 4474 3183 4544 Πατρὶ,
3215 4474 3411 4527 ἑαυτὸν
3456 4474 3598 4545 ὑπὲρ
3626 4475 3786 4546 ἡμῶν

2209 4565 2478 4633 ἁγιάζειν,
2511 4566 2608 4636 οὐχ
2661 4564 2746 4618 ἵνα
2795 4565 2949 4634 ἅγιος
2994 4567 3021 4618 ό
3072 4566 3242 4633 Λόγος
3269 4566 3520 4635 γένηται,
3552 4565 3670 4619 ἀλλ’
3698 4566 3789 4620 ἵνα

2207 4659 2369 4723 αὐτὸς
2404 4662 2462 4712 ἐν
2505 4658 2685 4729 ἑαυτῷ
2733 4659 2941 4731 ἁγιάσῃ
2984 4658 3193 4721 πάντας
3239 4660 3390 4728 ἡμᾶς
3416 4674 3431 4691 ·
3468 4658 3643 4722 οὕτως
3677 4658 3789 4729 ἄρα

2205 4756 2299 4806 καὶ
2329 4754 2388 4805 τὸ
2419 4753 2514 4805 νῦν
2550 4752 2863 4821 λεγόμενον,
2914 4751 3275 4821 ὑπερύψωσεν
3305 4753 3489 4819 αὑτὸν,
3546 4753 3647 4822 ούχ
3696 4753 3788 4806 ἵνα

2210 4848 2375 4909 αὐτὸς
2404 4846 2612 4917 ὑψωθῇ,
2649 4844 2872 4914 ὕψιστος
2895 4846 3003 4916 γάρ
3029 4846 3200 4909 ἐστιν,
3236 4845 3352 4898 ἀλλ’
3384 4845 3471 4898 ἵνα
3503 4846 3664 4908 αὐτὸς
3688 4846 3789 4915 μὲν

2210 4940 2351 5009 ὑπὲρ
2378 4939 2535 5010 ἡμῶν
2555 4937 2873 5006 δικαιοσύνη
2900 4937 3132 5006 γένηται
3160 4974 3177 5001 ,
3209 4938 3371 5005 ἡμεῖς
3398 4936 3455 4988 δὲ
3479 4934 3789 5005 semesum

2210 5035 2270 5084 ὲν
2309 5030 2479 5100 αὐτῷ,
2514 5031 2609 5083 καὶ
2651 5031 2733 5091 εἰς
2764 5029 2862 5092 τὰς
2902 5028 3079 5091 πύλας
3113 5027 3445 5095 εἰσέλθωμεν
3476 5027 3585 5080 τῶν
3615 5028 3788 5096 ούρα-

2209 5128 2337 5190 νὼν,
2375 5124 2441 5186 ἃς
2478 5124 2640 5186 αὐτὸς
2668 5123 2831 5176 πάλιν
2863 5121 3006 5190 ὑπὲρ
3046 5120 3204 5191 ἡμῶν
3245 5118 3476 5190 ἀνέῳξε,
3516 5119 3787 5186 λεγόντων

2208 5220 2317 5270 τῶν
2367 5216 2802 5286 προτρεχόντων,
2874 5216 3088 5282 Ἄρατε
3129 5215 3355 5279 πύλας,
3391 5216 3444 5267 οὶ
3473 5214 3784 5282 ἄρχοντες,

2205 5310 2396 5380 ὑμῶν,
2428 5309 2521 5363 καὶ
2552 5308 2868 5377 ἐπάρθητε,
2884 5308 3071 5360 πύλαι
3103 5308 3350 5370 altorem,
3387 5307 3485 5359 καὶ
3512 5306 3785 5360 εἰσελεύ-

2201 5421 2373 5458 σεται
2419 5406 2451 5457 ὀ
2495 5401 2800 5467 βασιλεὺς
2829 5400 2942 5467 τῆς
2992 5400 3201 5467 δόξης.
3239 5400 3349 5453 Καὶ
3397 5394 3499 5452 ὧδε
3532 5400 3639 5467 γὰρ
3682 5397 3786 5450 οὐκ

2198 5498 2346 5568 αὐτῷ
2366 5493 2504 5566 ἦσαν
2529 5497 2583 5548 αἱ
2622 5495 2784 5547 πύλαι
2811 5495 3220 5562 κεκλεισμέναι,
3246 5492 3435 5563 Κυρίῳ
3460 5492 3552 5546 καὶ
3581 5492 3781 5560 ποιητῇ

2202 5596 2427 5648 πάντων
2472 5592 2590 5644 ὄντι
2613 5607 2626 5619 ·
2660 5590 2797 5643 ἀλλὰ
2838 5590 2903 5642 δι’
2930 5590 3077 5661 ἡμᾶς
3135 5591 3226 5641 καὶ
3262 5588 3422 5641 τοῦτο
3448 5587 3782 5656 γέγραπται,

2178 5715 2197 5744 ³
2232 5712 2373 5767 l’sal.
2420 5728 2573 5778 xxul,
2616 5710 2672 5777 7,
2706 5710 2757 5763 9.
