4024 6208
315 307 420 372 357

1282 311 1664 374 PANOPLIA
1703 304 2162 379 DOGMATICA.
2205 341 2274 352 --
2311 316 2458 380 TiT.
2502 317 2608 377 Χῐ.

3493 324 3600 396 358

309 413 395 480 οἷς
428 412 501 488 ἦν
532 412 733 486 ἠούρα
758 415 853 470 τοῦ
883 415 1217 488 παραδείσου
1251 420 1637 492 κεκλεισμένη.
1682 421 1774 473 At?)
1805 422 1891 475 καὶ

2003 421 2201 477 dicilut‘
2230 440 2245 478 :
2285 423 2351 477 Et
2365 426 2598 480 introibit
2622 425 2731 480 Rea
2747 424 2949 496 glorier.
2978 424 3054 481 Ac
3076 427 3346 497 ejusmodi
3368 434 3589 503 quidem

306 508 677 580 ἀνθρωπίνως
716 509 838 579 μὲν,
882 507 954 562 δι’
996 508 1067 581 ῆν
1115 511 1350 581 ἑφόρεσε
1413 511 1613 583 σάρκα,
1677 511 1894 581 λέγεται

304 603 445 670 περὶ
470 601 640 654 αὐτοῦ
665 600 728 654 τὸ
762 603 969 669 Ἄρατε
999 602 1223 669 πύλας,
1256 603 1352 656 κα)⁵
1377 604 1437 656 τὸ
1456 604 1894 668 εἰσελεύσεται,

305 691 387 756 ὡς
429 692 724 760 ἀνθρώπου
769 692 1185 764 εἰσερχομένου.
1227 694 1439 758 Θεῖκῶς
1471 695 1527 748 δὲ
1571 695 1739 749 πάλιν
1768 697 1896 767 περὶ

306 781 484 837 αὑτοῦ
499 784 749 853 λέγεται,
778 785 901 839 ἐπεὶ
933 786 1029 839 καὶ
1060 786 1195 848 Θεός
1223 788 1372 840 ἔστιν
1400 789 1428 840 ὁ
1456 789 1651 857 Λόγος,
1680 784 1892 843 ὅτιοιὶ

304 874 417 940 τός
433 875 568 929 ἐστι
594 878 831 945 Κύριος,
861 878 955 931 καὶ
979 877 1284 943 βασιλεὺς
1301 877 1411 946 τῆς
1433 879 1642 946 δόξης.
1680 879 1795 947 Τὴν
1838 879 1895 931 δὲ

248 1014 255 1019 .
305 969 574 1037 τοιαύτην
620 968 921 1040 λεγομένην
962 971 1043 1034 είς
1074 972 1224 1041 ἡμᾶς
1259 970 1469 1040 ὖψωσιν
1518 968 1893 1040 προανεφώνει

305 1059 373 1111 τὸ
405 1057 634 1127 Πνεῦμα
665 1060 723 1109 ὲν
750 1058 1097 1130 ὀγδοηκοστῷ
1126 1058 1326 1130 ψαλμῷ
1361 1059 1540 1126 λέγον,
1579 1059 1685 1114 Καὶ
1718 1059 1790 1111 ἐν
1818 1057 1894 1127 τῇ

307 1151 675 1221 δικαιοσύνῃ
718 1166 839 1206 σου
882 1152 1335 1220 ὑψωθήσονται.
1384 1152 1445 1205 El
1478 1150 1534 1205 δὲ
1577 1151 1892 1221 δικαιοσύνη

305 1244 464 1297 ἐστὶν
489 1246 515 1297 ό
546 1243 695 1306 Υἱὸς,
730 1243 832 1297 οὐκ
868 1243 978 1314 ἄρα
1018 1243 1180 1306 αὑτός
1225 1244 1377 1295 ἐστιν
1410 1242 1486 1306 ὡς
1516 1241 1700 1312 ἐνδεὴς
1733 1242 1894 1312 ὑψού-

309 1346 504 1407 μενος,
538 1334 654 1388 ἀλλ’
691 1336 854 1405 ἡμεῖς
904 1337 1072 1405 ἔσμεν
1105 1336 1154 1388 οἱ
1180 1337 1246 1406 τῇ
1280 1335 1598 1405 δικαιοσύνῃ
1648 1334 1892 1403 621.0695-

304 1445 417 1491 νοι,
452 1428 576 1499 ἥτις
620 1428 770 1481 ἐστὶν
825 1427 1010 1491 αὑτός.
1041 1426 1153 1482 Καὶ
1177 1428 1288 1500 γὰρ
1311 1428 1405 1482 καὶ
1441 1428 1501 1483 τὸ
1535 1428 1893 1495 Ἐχαρίσατο

302 1517 477 1586 αὐτῷ
506 1521 568 1573 οὑ
607 1519 695 1573 διὰ
721 1516 815 1573 τὸν
854 1520 1027 1588 Λόγον
1065 1520 1377 1592 γέγραπται
1403 1534 1419 1551 ο
1454 1516 1522 1592 ἦν
1551 1519 1659 1589 γὰρ
1692 1520 1885 1584 πάλαι,

303 1610 408 1663 καὶ
435 1610 566 1679 πρὶν
592 1609 820 1681 γένηται
844 1609 941 1664 ἄνθ
950 1625 1155 1678 ρωπος,
1179 1612 1675 1682 προσκυνούμενος,
1701 1609 1848 1663 ὥσπε
1858 1626 1891 1680 ρ

299 1700 526 1756 ἄνωθεν
569 1703 818 1772 εἴπομεν,
855 1704 963 1757 ὑπὸ
1011 1703 1260 1772 ἀγγέλων
1305 1704 1402 1757 καὶ
1443 1705 1625 1772 πάσης
1654 1702 1889 1765 κτίσεως

1999 514 2069 569 de
2100 516 2257 570 nobis
2273 517 2665 573 exaltationem
2686 519 2921 589 Spiritus
2953 528 3178 576 sanctus
3204 527 3596 592 praenuntiavit

1997 604 2052 659 in
2071 607 2411 675 octogesimo
2447 608 2660 665 Psalmo
2687 627 2707 664 :
2738 611 2802 665 Et
2840 615 2894 664 in
2928 612 3135 679 iustitia
3163 621 3276 682 tua,
3316 614 3593 686 inquiens,

1997 696 2400 752 exaltabuntur.
2431 698 2584 765 Quod
2613 702 2655 754 si
2687 701 2800 770 ipse
2835 701 3005 757 Filius
3029 705 3241 772 justitla
3299 717 3404 771 est,
3475 723 3587 762 non

1997 787 2186 856 utique
2230 797 2486 857 tanquam
2527 789 2685 858 inops
2717 800 2801 845 est
2833 792 3128 857 exaltatus,
3167 793 3263 848 sed
3323 809 3426 849 nos
3482 810 3584 865 per

1990 881 2436 952 justi.iam,qua3
2485 882 2603 952 ipse
2663 892 2768 950 est,
2825 885 3040 938 cxaltati
3102 901 3311 941 sumus.
3370 884 3505 941 Nam
3539 902 3594 956 et

1996 971 2130 1026 illud
2160 1012 2176 1037 ,
2203 971 2267 1025 Et
2304 972 2516 1026 donavit
2544 973 2643 1035 illi,
2676 989 2786 1028 non
2821 987 3043 1043 propter
3068 975 3303 1030 Verbum
3326 977 3590 1047 scriptum

1997 1070 2105 1116 est.
2140 1062 2256 1117 Jam
2295 1065 2523 1118 enimet
2561 1076 2687 1120 ante
2742 1082 2901 1135 quam
2960 1066 3114 1121 ﬁeret
3158 1069 3343 1129 homo.
3406 1077 3464 1123 et
3518 1069 3590 1124 ab

1995 1155 2285 1225 augelis.et
2305 1161 2373 1211 ab
2391 1157 2645 1213 omnibus
2676 1158 2840 1213 rebus
2873 1159 3170 1228 procreatis
3198 1161 3266 1214 ob
3290 1168 3576 1229 paternam

2000 1252 2418 1319 proprietatem,
2446 1261 2503 1306 ut
2532 1252 2797 1317 diximus,
2832 1253 3199 1307 adorabatur:
3227 1252 3322 1308 sed
3369 1265 3591 1324 propter

1998 1348 2221 1402 nos,'et
2249 1356 2348 1410 pro
2376 1341 2557 1405 nobis,
2597 1343 2702 1398 hoc
2730 1343 2859 1397 item
2903 1343 3107 1397 dictum
3126 1345 3194 1398 de
3212 1343 3333 1413 ipso
3351 1342 3589 1399 est.Ete-

1992 1430 2105 1484 nim
2136 1430 2388 1486 Christus
2415 1433 2872 1502 quemadmodum
2904 1443 2963 1489 ut
3018 1434 3182 1488 homo
3220 1443 3276 1488 et
3330 1444 3587 1490 mortuus

1993 1530 2048 1577 et
2073 1523 2339 1578 exaltatus
2367 1533 2474 1588 est,
2498 1525 2578 1579 sic
2603 1525 2767 1579 etiam
2793 1535 2852 1578 ut
2900 1525 3066 1580 homo
3117 1526 3316 1581 dicitur
3338 1526 3586 1596 accipere

1992 1612 2234 1684 id,quod
2287 1630 2505 1685 semper
2543 1616 2777 1671 habebat
2807 1630 2867 1671 ut
2901 1618 3064 1683 Deus,
3096 1627 3153 1671 ut
3173 1618 3341 1689 gratia
3376 1618 3499 1674 data
3529 1619 3583 1673 in

1991 1720 2093 1761 nos
2127 1708 2453 1775 perveniret.
2484 1708 2604 1762 Non
2655 1709 2803 1763 enim
2840 1709 3188 1764 imminutum
3227 1720 3310 1765 est
3338 1708 3580 1766 Verbum
3628 1774 3645 1785 γ

301 1793 455 1847 κατὰ
492 1793 591 1864 τὴν
637 1795 918 1865 Πατρικην
974 1793 1219 1866 ἰδιότητα
1244 1810 1269 1833 ο·
1298 1794 1434 1849 ἀλλὰ
1477 1792 1547 1848 δι’
1578 1794 1749 1864 ἡμᾶς,
1794 1792 1891 1847 καὶ

1997 1811 2202 1868 corpus
2237 1812 2543 1860 assumens,
2572 1806 2629 1851 ut
2656 1799 2757 1853 sibi
2815 1799 3042 1871 gratiam
3100 1801 3431 1870 acquiretet,
3485 1801 3585 1856 sed

303 1887 454 1957 ὑπὲρ
483 1886 644 1957 ἡμῶν
676 1887 841 1941 πάλιν
864 1888 1086 1959 εἴρηται
1109 1887 1271 1941 τοῦτο
1304 1888 1433 1958 περὶ
1461 1885 1650 1941 αὐτοῦ.
1679 1887 1888 1958 Ὠσπερ

301 1978 419 2047 γάρ
462 1979 539 2044 ὡς
588 1978 877 2050 ἄνθρωπος
923 1981 951 2033 6
995 1979 1227 2049 Χριστὸς
1268 1979 1532 2041 ἀπέθανε,
1581 1979 1677 2032 καὶ
1723 1980 1890 2049 ὑπερ-

302 2072 528 2143 υιιώθη,
582 2071 759 2131 οὕτως
813 2071 889 2135 ὡς
946 2071 1234 2143 ἄνθρωπος
1286 2071 1506 2139 λέγεται
1564 2071 1883 2142 λαμϐάνειν,

298 2167 449 2235 ὅπερ
478 2161 628 2235 εἶχεν
659 2165 746 2219 ἀεὶ
780 2165 855 2226 ὡς
904 2165 1055 2229 Θεὸς,
1109 2166 1178 2218 ἵν’
1210 2168 1291 2228 είς
1322 2168 1470 2236 ἡμᾶς
1506 2166 1689 2239 φθάσῃ
1734 2168 1824 2219 καὶ
1854 2166 1887 2235 ἠ

298 2260 538 2329 τοιαύτη
587 2258 806 2312 δοθεῖσα
850 2258 1031 2329 χάρις.
1078 2259 1153 2312 Οὐ
1184 2258 1293 2328 γὰρ
1337 2258 1627 2328 ἠλαττώθη
1660 2261 1688 2312 6
1717 2258 1889 2324 Λόγος

302 2351 473 2418 σῶμα
527 2350 734 2415 λαϐὼν,
769 2352 857 2404 ἵνα
901 2353 997 2405 καὶ
1037 2351 1200 2423 χάριν
1241 2351 1458 2424 ζητήσῃ
1504 2351 1710 2413 λαϐεῖν,
1750 2351 1890 2405 ἀλλὰ

304 2447 515 2515 μᾶλλον
549 2446 647 2499 καὶ
676 2446 1050 2517 ἐθεοποίησεν,
1085 2448 1225 2518 δπερ
1254 2447 1566 2510 ἐνεδύσατο,
1600 2446 1695 2499 καὶ
1722 2445 1889 2501 πλέον

299 2541 607 2610 ἐχαρίσατο
638 2539 715 2609 τῷ
761 2541 909 2606 γένει
958 2538 1068 2592 τῶν
1104 2537 1410 2609 ἀνθρώπων
1461 2537 1638 2591 τοῦτο.
1679 2538 1890 2609 Ὠσπερ

298 2630 417 2702 γὰρ
453 2628 542 2684 ἀεὶ
567 2632 962 2701 προσεκυνεῖτο
998 2628 1171 2698 Λόγος
1203 2627 1302 2690 ὣν,
1333 2627 1428 2683 καὶ
1455 2631 1511 2681 ὲν
1541 2630 1725 2699 μορφῇ
1753 2625 1888 2680 Θεοῦ

302 2719 599 2792 ὑπάρχων,
629 2721 803 2783 οὕτως
841 2723 869 2774 6
897 2718 1058 2785 αὐτὸς
1087 2718 1183 2785 ὦν,
1219 2721 1313 2773 καὶ
1343 2718 1632 2790 ἄνθρωπος
1662 2718 1890 2787 γενόμε-

303 2828 395 2876 νος
424 2811 653 2881 κληθείς
678 2830 738 2865 τε
781 2812 1009 2883 Ἰησοῦς,
1042 2812 1197 2867 οὐδὲν
1222 2808 1386 2886 ἦττον
1425 2812 1540 2882 ἔχει
1571 2813 1752 2866 πᾶσαν
1780 2810 1887 2875 ὑπὸ

300 2905 605 2973 πόδαςτὴν
628 2906 827 2971 κτίσιν,
845 2906 934 2960 καὶ
963 2906 1023 2960 ὲν
1044 2905 1218 2977 τούτῳ
1241 2904 1319 2976 τῷ
1341 2904 1566 2974 ὀνόματι
1594 2904 1661 2957 τὰ
1688 2905 1888 2972 γόνατα

301 2997 678 3069 κάμπτουσαν
706 2997 876 3068 αὐτῷ,
906 2998 1001 3052 καὶ
1033 2996 1558 3069 ἑξομολογουμένην,
1586 2998 1670 3050 ὅτι
1705 2999 1797 3051 καὶ
1827 2998 1888 3050 τὸ

1991 1888 2194 1958 potius,
2229 1897 2288 1943 ut
2318 1889 2460 1954 quod
2500 1888 2752 1943 induerat
2783 1904 3003 1961 corpus,
3031 1890 3280 1945 divinum
3305 1891 3584 1948 redderet.

1991 1979 2127 2035 Illud
2157 1990 2337 2034 autem
2363 1982 2602 2035 humano
2627 1982 2811 2051 generi
2845 1982 3088 2047 donavit,
3140 1990 3198 2037 ut
3223 1985 3586 2052 quemadmo-

1990 2071 2117 2126 dum
2153 2069 2388 2126 Verbum
2419 2083 2473 2126 et
2507 2074 2560 2125 in
2591 2071 2762 2127 forma
2800 2072 2892 2126 Dei
2944 2077 3214 2129 exsistens
3234 2074 3585 2141 adorabatur,

1990 2166 2067 2220 sic
2082 2164 2246 2220 etiam
2263 2164 2463 2218 factum
2488 2165 2668 2228 homo,
2685 2177 3046 2234 vocatumque
3079 2164 3265 2230 Iesus,
3296 2166 3577 2223 nihilomi-

1991 2274 2094 2312 nus
2123 2273 2209 2313 res
2232 2272 2422 2313 omnes
2446 2267 2758 2328 procreatas
2780 2258 2880 2312 sub
2911 2259 3139 2327 pedibus
3184 2259 3412 2328 positas,
3433 2271 3486 2315 et
3511 2276 3581 2317 eo

1992 2351 2212 2405 nomine
2231 2365 2408 2420 genua
2424 2351 2526 2405 sibi
2556 2349 2857 2412 ﬂectentes,
2896 2365 3061 2420 seque
3080 2351 3451 2407 collaudantes
3482 2353 3549 2407 ha
3565 2382 3585 2397 -

1991 2444 2163 2498 heret.
2204 2443 2279 2497 Ex
2321 2457 2386 2497 eo
2418 2442 2588 2511 enim,
2647 2443 2792 2512 quod
2832 2442 3062 2497 Verbum
3096 2458 3224 2498 caro
3256 2442 3457 2497 factum
3494 2452 3581 2498 est

1989 2545 2042 2589 et
2082 2545 2311 2589 mortem
2356 2535 2411 2590 in
2448 2549 2611 2589 carne
2642 2533 2884 2600 pertulit,
2912 2533 3118 2587 nullum
3146 2533 3211 2588 ad
3242 2532 3584 2588 divinitatem

1988 2629 2223 2684 dedecus
2279 2627 2546 2697 pervenit,
2601 2627 2696 2681 sed
2720 2627 2887 2698 gloria
2936 2625 3118 2695 potius
3145 2625 3213 2681 ad
3249 2625 3584 2680 Patrem.Si-

1986 2718 2202 2789 quidem
2227 2718 2393 2786 gloria
2422 2718 2600 2773 Patris
2621 2726 2728 2779 est,
2760 2718 2996 2772 uthomo
3013 2718 3105 2788 qui
3130 2718 3365 2788 perierat
3394 2719 3587 2774 inven-

1988 2820 2076 2867 tus
2095 2812 2186 2876 sit,
2212 2820 2266 2867 et
2295 2812 2389 2881 qui
2419 2818 2668 2866 mortuus
2698 2819 2836 2875 erat,
2872 2812 2942 2866 sit
2995 2811 3051 2864 in
3071 2811 3234 2865 vitam
3288 2821 3581 2867 revocatus

1988 2911 2043 2958 et
2063 2902 2153 2957 Dei
2175 2902 2432 2970 templum
2449 2901 2868 2968 evaserit.Quod
2888 2915 3069 2958 autem
3092 2902 3403 2966 Dominum,
3422 2916 3585 2973 quem

1987 2995 2218 3049 virtutes
2247 2993 2348 3048 illa:
2374 2994 2625 3050 C(BleSleS
2638 3009 2856 3064 semper
2885 2996 3208 3061 adorabant,
3236 3011 3383 3051 nunc
3412 2995 3578 3050 etiam

297 3091 569 3159 γενέσθαι
598 3092 778 3161 σάρκα
808 3092 900 3145 τὸν
931 3091 1124 3157 Λόγον,
1173 3091 1270 3143 καὶ
1314 3091 1544 3145 θάνατον
1590 3089 1885 3159 ὑπομεῖναι

1993 3083 2223 3137 adorent
2256 3081 2311 3136 in
2349 3082 2571 3136 nomine
2594 3080 2746 3143 Jesu,
2770 3094 2956 3136 nostra
2973 3083 3087 3138 haec
3107 3093 3192 3138 est
3222 3083 3392 3154 gloria
3411 3094 3577 3154 atque
3676 3093 3681 3099 ’

301 3184 480 3255 caput
510 3184 613 3239 οὐκ
641 3184 728 3235 ἐπ’
759 3181 945 3253 ἀδοξίᾳ
990 3186 1087 3251 τῆς
1134 3181 1392 3251 θεότητος
1431 3180 1595 3235 αὑτοῦ
1631 3180 1880 3250 γέγονεν,

298 3277 423 3332 ἀλλ’
455 3279 539 3340 εἰς
568 3275 727 3343 δόξαν
752 3273 888 3329 Θεοῦ
937 3273 1173 3343 Πατρός.
1217 3272 1357 3337 Δόξα
1394 3271 1451 3326 δὲ
1493 3273 1708 3342 Πατρός
1745 3272 1884 3338 ἐστι,

298 3372 400 3425 τὸν
452 3370 757 3439 γενόμενον
803 3366 1094 3437 ἄνθρωπον
1138 3366 1233 3419 καὶ
1278 3364 1616 3434 ἀπολόμενον
1660 3363 1893 3435 εὑρεθῆ-

300 3479 417 3524 ναι,
464 3462 565 3514 καὶ
590 3459 937 3529 νεκρωθέντα
988 3456 1417 3527 ζωοποιηοῆναι,
1456 3457 1552 3511 καὶ
1590 3456 1717 3510 ναὸν
1741 3455 1896 3525 γενέ-

299 3555 431 3609 σθαι
462 3552 623 3608 Θεοῦ.
647 3553 756 3606 Καὶ
788 3554 895 3623 γὰρ
917 3548 1141 3604 καὶτῶν
1193 3551 1252 3603 ἐν
1311 3550 1560 3621 οὐρανοῖς
1610 3548 1895 3618 δυνάμεων

1988 3175 2239 3230 exaltatio
2260 3214 2275 3238 ,
2293 3184 2347 3229 et
2369 3173 2511 3245 quod
2536 3173 2629 3230 Dei
2650 3172 2819 3230 Filius
2842 3175 3004 3230 etiam
3020 3175 3185 3231 homo
3202 3174 3584 3231 fat-tuscolitur

1992 3280 2048 3323 et
2075 3268 2332 3323 aduratur
2359 3267 2427 3322 ab
2458 3266 2590 3336 ipsis
2625 3267 2921 3323 virtutibus
2946 3268 3285 3332 caelestibus,
3318 3285 3441 3340 qua:
3471 3283 3577 3326 nos

1995 3369 2280 3418 consortes
2317 3360 2458 3429 ejus,
2489 3369 2730 3414 etunum
2761 3361 3019 3430 cumipso
3036 3375 3239 3432 corpus
3270 3360 3498 3417 ellectos
3523 3368 3584 3416 et

1999 3453 2055 3508 in
2084 3452 2199 3506 loca
2237 3467 2334 3505 sua
2368 3452 2711 3507 introductos
2745 3467 2854 3506 non
2886 3452 3094 3507 alienos
3124 3461 3220 3508 aut
3261 3453 3582 3525 peregrinos

2004 3545 2411 3600 existimabunt.

299 3650 394 3701 ἀεὶ
420 3647 525 3716 μὲν
564 3643 989 3715 προσκυνουσῶν
1018 3644 1183 3697 αὐτὸν
1206 3683 1221 3708 ,
1255 3641 1681 3713 προσκυνουσῶν
1702 3640 1760 3694 δὲ
1799 3639 1893 3693 καὶ
1919 3636 2014 3692 νῦν
2038 3637 2095 3688 ὲν
2116 3635 2193 3704 τῷ
2223 3634 2452 3702 ὀνόματι
2493 3632 2669 3703 Ἰησοῦ
2703 3634 2796 3687 τὸν
2832 3633 3057 3704 Κύριον,
3078 3634 3237 3703 ἡμῶν
3272 3632 3581 3703 Emam

300 3741 337 3810 ἡ
363 3740 551 3810 χάρις,
582 3738 676 3790 καὶ
703 3735 1058 3807 ύπερύψωσις
1086 3736 1168 3789 ὅτι
1192 3739 1253 3789 τε
1286 3736 1377 3788 καλ⁸
1402 3734 1692 3806 ἄνθρωπος
1718 3732 2008 3802 γενόμενος
2029 3728 2409 3798 προσκυνεῖται
2448 3729 2477 3779 6
2505 3726 2596 3779 τοῦ
2626 3725 2929 3795 ΘεοῦιΥἱὸς,
2961 3727 3055 3778 καὶ
3083 3725 3147 3779 οὐ
3173 3725 3582 3796 ξενισοήσοπι·

296 3833 359 3884 ai
391 3829 645 3901 οὐράνιαι
673 3827 951 3897 δυνάμεις,
971 3828 1400 3898 βλέπουσαιτοὺς
1435 3826 1755 3896 συσσώμους
1793 3822 2026 3884 ἐκείνους
2058 3819 2267 3883 πάντας
2306 3819 2454 3890 ἡμᾶς
2478 3818 2865 3888 εἰσαγομένους
2899 3820 2978 3881 είς
3005 3816 3105 3881 τὰς
3132 3817 3317 3889 χώρας
3341 3819 3577 3875 tanaim

746 3922 848 3976 Ἐκ
884 3921 993 3976 τοῦ
1026 3921 1213 3976 αὐτοῦ
1250 3923 1460 3990 λόγου.

380 4016 443 4070 El
466 4015 560 4070 διὰ
584 4015 643 4066 τὸ
673 4012 1096 4085 προσκυνεῖσθαι
1126 4014 1183 4064 ὲν
1209 4011 1286 4082 τῷ
1319 4011 1518 4081 ψαλμῷ
1547 4052 1561 4078 ,
1589 4008 1691 4064 Διὰ
1715 4004 1894 4062 τοῦτο

214 4112 223 4117 ⁷
298 4105 519 4177 ἐκρωέ
539 4121 616 4160 σε
647 4106 679 4158 ό
719 4102 863 4170 Θεὸς
887 4105 920 4157 ό
945 4102 1089 4169 em
1110 4115 1250 4166 σου,
1290 4102 1354 4154 ἐκ
1380 4103 1479 4171 τῆς
1506 4099 1593 4152 διὰ
1617 4097 1778 4151 τοῦτο
1804 4096 1896 4148 λέ-

305 4203 449 4267 ξεως
488 4199 766 4271 πρόφασιν
802 4197 966 4251 πάλιν
996 4197 1209 4257 ἑαυτοῖς
1243 4196 1324 4257 είς
1353 4193 1390 4248 ἃ
1430 4192 1711 4263 βούλονται
1742 4189 1898 4261 πορί-

306 4292 498 4356 ζονται
525 4305 541 4321 ο
575 4288 871 4359 γνώτωσαν
902 4288 951 4341 ei
979 4285 1086 4340 τῶν
1118 4285 1351 4358 Γραφῶν
1382 4283 1636 4354 ἀμαθείς,
1669 4283 1764 4335 καὶ
1791 4279 1894 4351 τῆς

305 4381 571 4444 ἀσεϐείας
610 4380 921 4449 ἐφευρεταῖ,
966 4379 1180 4446 ὃτιξκαὶ
1212 4375 1446 4431 ἐνταῦθα
1492 4374 1654 4438 πάλιν
1691 4372 1752 4427 τὸ
1792 4373 1893 4428 διὰ

306 4472 490 4527 τοῦτο
539 4472 600 4524 οὐ
645 4471 835 4539 μισθὸν
876 4468 1076 4541 ἀρετῆς
1122 4469 1157 4539 ἢ
1206 4466 1458 4538 πράξεως
1501 4464 1757 4536 σημαίνει
1797 4463 1891 4518 τοῦ

308 4563 515 4633 Λόγου,
550 4560 686 4615 ἀλλὰ
710 4560 771 4614 τὺ
798 4561 971 4615 αἴτιον
999 4557 1164 4612 πάλιν
1194 4557 1293 4625 τῆς
1323 4557 1402 4619 είς
1426 4555 1571 4625 ἡμᾶς
1601 4552 1767 4608 αὑτοῦ
1795 4570 1894 4609 κα-

309 4655 467 4710 θόδου
492 4692 510 4718 ,
544 4653 640 4707 καὶ
673 4654 773 4723 τῆς
804 4651 945 4722 ὑπὲρ
979 4650 1137 4723 ἡμῶν
1182 4650 1262 4708 είς
1293 4648 1455 4701 αὑτὸν
1488 4648 1779 4716 γινομένης
1802 4643 1893 4698 τοῦ

312 4743 636 4815 ιινεύματος
658 4742 912 4813 χρίσεως.
933 4740 1006 4793 οὐ
1029 4739 1137 4808 γὰρ
1157 4733 1301 4801 εἶπε,
1316 4738 1414 4791 Διὰ
1431 4737 1590 4789 τοῦτο
1608 4735 1791 4806 ἔχρισε
1809 4751 1893 4799 σε,

310 4835 404 4889 ἵνα
436 4834 571 4905 γένῃ
617 4831 772 4895 Θεὸς,
803 4830 836 4903 ἦ
882 4829 1031 4893 Υἱὸς.
1069 4827 1103 4898 ἢ
1144 4827 1318 4894 Λόγος
1344 4840 1359 4856 ⁶
1394 4820 1463 4894 ἦν
1508 4823 1618 4893 γὰρ
1648 4824 1741 4876 καὶ
1790 4821 1897 4892 πρὸ

313 4924 534 4988 τούτου,
564 4923 658 4977 καὶ
684 4921 833 4974 ἔστιν
861 4920 971 4984 ἀεὶ,
996 4916 1250 4986 καθάπερ
1272 4915 1539 4970 δέδεικται
1565 4929 1578 4942 ⁸
1605 4912 1739 4965 ἀλλὰ
1762 4910 1898 4984 μᾶλ-

311 5017 429 5082 λον,
465 5014 687 5085 Ἐπειδὴ
735 5013 867 5077 Θεὸς
909 5007 978 5081 ἧς
1025 5010 1122 5065 καὶ
1167 5008 1439 5081 βασιλεὺς,
1473 5008 1559 5061 διὰ
1600 5006 1756 5060 τοῦτο
1802 5005 1897 5061 καὶ

310 5106 598 5179 ἑχρίσθης.
656 5103 809 5157 Ἐπεὶ
851 5102 970 5156 οὐδὲ
1000 5101 1160 5155 ἄλλου
1187 5095 1255 5171 ἦν
1299 5097 1534 5168 συνάψαι
1563 5097 1653 5149 τὸν
1682 5095 1893 5167 ἄνθρω-

314 5216 425 5254 πον
463 5197 544 5267 τῷ
573 5195 850 5265 Πνεύματι
884 5192 962 5264 τῷ
996 5192 1135 5263 ἁγίῳ
1168 5191 1203 5263 ἡ
1252 5189 1370 5258 σοῦ,
1423 5190 1522 5260 τῆς
1558 5188 1764 5252 είκόνος
1797 5186 1891 5241 τοῦ

312 5287 555 5360 Πατρός,
597 5283 716 5339 καθ’
744 5287 809 5355 ην
836 5284 931 5337 καὶ
963 5282 1022 5346 ἐξ
1060 5281 1235 5354 ἀρχῆς
1284 5278 1609 5348 γεγόναμεν.
1650 5275 1750 5330 Σοῦ
1786 5275 1892 5347 γάρ

309 5383 431 5434 ἐστι
461 5381 559 5433 καὶ
590 5377 650 5431 τὸ
690 5375 939 5445 Πνεῦμα.
963 5374 1084 5428 Τῶν
1117 5373 1216 5444 μὲν
1244 5375 1355 5441 γὰρ
1384 5369 1628 5441 γενητῶν
1656 5370 1689 5439 η
1729 5370 1892 5438 φύσις

308 5471 416 5524 οὐκ
444 5465 514 5540 ἦν
538 5467 849 5533 ἀξιόπιστος
878 5467 956 5529 είς
980 5462 1159 5527 τοῦτο,
1190 5461 1440 5530 ἀγγέλων
1473 5459 1575 5529 μὲν
1609 5459 1889 5530 παραϐάν-

308 5580 444 5627 των,
481 5559 790 5631 άνθρώπων
814 5558 871 5611 δὲ
906 5555 1396 5628 παρακουσάντων.
1434 5552 1532 5606 Διὰ
1560 5551 1722 5607 τοῦτο
1750 5548 1887 5605 Θεοῦ

388 5727 402 5756 ¹
440 5721 584 5776 Psal.
614 5735 762 5780 ηις,
794 5720 847 5783 8,

2557 3908 2642 3964 Ea:
2671 3911 2854 3966 eodem
2878 3909 3032 3964 libro.

2083 4001 2165 4070 Si,
2192 4001 2451 4072 quoniam
2493 4001 2548 4055 in
2586 4002 2796 4072 psalmo
2826 4001 3091 4072 scriptum
3128 4010 3214 4056 est
3244 4000 3574 4070 :Propterea

1991 4091 2146 4146 unxit
2179 4100 2229 4145 te
2254 4090 2417 4157 Deus,
2452 4089 2594 4144 Deus
2628 4101 2749 4144 tuus
2773 4091 2821 4156 ‘,
2859 4088 3202 4145 occasionem
3243 4090 3311 4148 ad
3334 4104 3420 4156 ea,
3452 4104 3576 4160 qua

1991 4181 2185 4236 volunt
2225 4180 2597 4237 conﬁrmanda
2645 4195 2712 4234 ex
2751 4179 2838 4234 his
2869 4178 3052 4234 verbis
3103 4179 3401 4250 arripiunt,
3452 4181 3574 4235 ani-

1998 4273 2343 4328 madvertant
2398 4273 2653 4327 homines
2715 4270 3128 4341 Scripturarum
3185 4271 3462 4342 imperiti,
3514 4280 3573 4327 et

2001 4365 2300 4436 impietatis
2329 4365 2666 4425 inventores,
2718 4362 2809 4417 hic
2833 4377 3052 4418 rursum
3085 4378 3198 4417 non
3234 4362 3396 4418 Verbi
3426 4377 3575 4432 pm-

1998 4458 2167 4513 mium
2201 4455 2420 4509 virtutis
2464 4453 2781 4515 actionisve,
2830 4451 2925 4507 sed
2986 4451 3288 4507 descensus
3327 4452 3476 4507 illius
3506 4451 3573 4507 ad

2000 4563 2119 4611 nos,
2154 4555 2211 4603 et
2254 4546 2529 4602 unctionis
2559 4544 2797 4615 Spiritus
2836 4544 2891 4599 in
2939 4543 3059 4613 ipso
3094 4558 3194 4614 pro
3228 4542 3387 4599 nobis
3416 4542 3574 4616 factas

2001 4652 2225 4692 causam
2281 4634 2596 4707 signiﬁcari.
2664 4636 2781 4688 Non
2831 4634 2978 4689 enim
3035 4632 3171 4688 dixit
3218 4650 3233 4689 :
3279 4632 3573 4703 Propterea

2005 4728 2163 4783 unxit
2201 4736 2254 4783 te
2280 4768 2293 4791 ,
2334 4738 2394 4781 ut
2433 4725 2598 4787 Deus.
2631 4735 2724 4780 aut
2765 4723 2875 4779 Rex
2902 4766 2917 4790 ,
2955 4735 3047 4779 aut
3077 4722 3266 4788 Filius,
3307 4732 3403 4777 aut
3440 4721 3567 4777 Ver-

1996 4819 2128 4875 bum
2162 4818 2295 4885 lias;
2350 4827 2470 4871 erat
2503 4816 2648 4872 enim
2682 4828 2831 4878 ante,
2865 4825 2920 4870 et
2950 4829 3171 4883 semper
3222 4820 3327 4877 est,
3380 4821 3439 4864 ut
3471 4810 3572 4865 de-

1993 4910 2366 4975 claravimus;
2412 4909 2506 4964 sed
2578 4908 2781 4978 potius,
2841 4906 2978 4971 Quia
3024 4904 3166 4960 Deus
3213 4918 3293 4967 es,
3329 4909 3385 4957 et
3432 4900 3568 4966 Rex,

1993 5002 2202 5058 idcirco
2228 5010 2285 5056 et
2325 5010 2524 5055 unctus
2549 5013 2631 5054 es.
2678 4998 2947 5064 Quoniam
2980 5013 3088 5051 non
3121 4996 3188 5050 ad
3216 4994 3381 5049 alium
3415 5007 3573 5064 spec-

1992 5093 2159 5155 tabat,
2191 5092 2397 5161 Spiritu
2430 5099 2620 5145 sancto
2638 5090 2912 5144 hominem
2932 5088 3224 5159 intingere,
3259 5085 3363 5139 nisi
3393 5085 3461 5138 ad
3494 5092 3567 5147 te,

1992 5186 2084 5256 qui
2139 5183 2321 5239 Patris
2361 5183 2539 5251 imago
2569 5196 2658 5245 es,
2699 5181 2767 5235 ad
2798 5196 2962 5251 quam
2995 5180 3215 5250 quidem
3274 5176 3566 5248 imaginem

1992 5284 2048 5331 et
2077 5274 2235 5329 initio
2266 5273 2395 5329 facti
2425 5288 2636 5328 sumus.
2665 5272 2816 5327 Tuus
2837 5272 2985 5327 enim
3011 5280 3065 5327 et
3089 5271 3326 5341 Spiritus
3356 5279 3459 5326 est.
3486 5267 3566 5324 Ex

1991 5364 2157 5420 rebus
2201 5363 2348 5418 enim
2378 5364 2690 5434 procreatis
2733 5361 2881 5417 nulla
2938 5372 3058 5417 erat
3086 5361 3268 5431 digna,
3320 5359 3410 5417 cui
3461 5358 3567 5414 hoc

1991 5470 2190 5511 munus
2212 5457 2672 5522 committeretur,
2707 5469 2830 5510 eum
2861 5463 2917 5510 et
2949 5453 3126 5525 angeli
3182 5450 3565 5521 deliquissent,

1989 5557 2047 5604 et
2077 5547 2329 5603 homines
2354 5562 2463 5602 non
2496 5547 2991 5617 obtemperassent.
3016 5544 3366 5616 Quapropter
3395 5542 3566 5599 Deum
