4024 6208
487 266 598 333 359

1729 263 2119 325 EUTI’IYMII
2158 263 2511 324 ZIGABENI

3647 269 3762 332 360

489 397 555 437 ea
595 376 877 452 provincia
912 375 1248 449 postulabat;
1282 373 1424 430 Deus
1447 383 1630 427 autem
1655 381 1775 427 erat
1812 372 2067 436 Verbum,

2178 371 2335 441 χρεία
2359 366 2446 441 ἦν,
2469 371 2600 435 Θεὸς
2627 371 2682 424 δέ
2705 372 2853 426 ἐστιν
2877 375 2904 425 6
2932 374 3130 440 Λόγος,
3161 373 3249 427 ἵνα
3270 373 3346 435 ὡς
3380 374 3484 427 ὑπὸ
3511 378 3761 447 κατάραν

486 484 551 530 ut
587 476 838 529 homines
864 470 1267 527 exsecrationis
1319 466 1594 520 obnoxios
1643 463 1925 518 liberaret.
1953 463 2071 518 Jam

488 580 585 635 per
609 580 796 634 quem,
827 573 882 617 et
907 578 937 615 a
976 577 1084 628 quo
1130 558 1427 626 oportebat
1454 556 1559 609 nisi
1611 570 1710 624 per
1747 554 1967 616 Filium,
2022 562 2077 607 et

485 674 515 712 ε
544 656 683 711 Filio
719 655 987 725 Spiritum
1028 651 1167 712 dari,
1226 666 1349 702 cum
1390 649 1535 701 illius
1560 647 1799 716 Spiritus
1831 647 1902 701 sit
1929 646 2075 699 ?Ec-

489 752 706 818 quando
734 756 919 800 autem
956 759 1058 797 uos
1096 742 1368 811 Spiritum
1406 742 1587 811 ipsum
1617 740 1866 809 accipere
1902 738 2076 808 ponti-

487 856 628 902 mus,
656 838 757 891 nisi
791 851 916 889 cum
952 833 1190 888 Verbum
1246 833 1411 886 homo
1445 833 1647 885 factum
1671 830 1794 884 est?
1824 829 1980 892 Nam,
2015 829 2075 882 ιιι

484 928 730 999 Apostoli
760 927 926 981 verba
971 926 1281 996 signiﬁcant
1314 964 1327 990 ,
1369 941 1477 977 nou
1530 924 1827 978 fuissemus
1862 922 2075 975 redem-

483 1023 587 1094 pti,
630 1020 736 1074 uisi
768 1020 859 1087 qui
910 1018 964 1072 in
995 1017 1169 1071 forma
1200 1017 1294 1071 Dei
1347 1027 1451 1078 est,
1483 1016 1625 1070 serti
1664 1016 1890 1069 formam
1920 1028 2075 1067 acce-

483 1115 679 1185 pisset.
754 1112 822 1166 Et
884 1110 1050 1164 David
1096 1110 1332 1175 indicat,
1395 1124 1499 1162 nos
1561 1122 1842 1176 nunquam
1902 1105 2072 1159 fuisse

492 1205 737 1274 Spiritus
803 1202 1130 1273 participes,
1185 1210 1279 1254 aut
1351 1211 1572 1254 sanctos
1652 1199 1884 1259 futuros,
1966 1196 2070 1250 nisi

482 1294 754 1358 Verbum,
800 1295 945 1363 quod
981 1292 1244 1363 Spiritum
1289 1293 1580 1361 elargitur,
1639 1292 1892 1353 dixisset,
1930 1292 2071 1359 seip-

481 1406 602 1446 sum
629 1389 837 1459 Spiritu
872 1404 970 1458 pro
998 1388 1154 1441 nobis
1189 1387 1401 1454 inungi.
1438 1386 1557 1451 Quo
1580 1385 1799 1455 quidem
1825 1385 1878 1439 iu
1905 1400 2070 1440 carne

486 1483 716 1537 iuuneto
737 1491 790 1535 et
822 1498 922 1534 nos
948 1481 1101 1534 illum
1130 1480 1290 1550 plane
1313 1480 1647 1548 accepimus.
1682 1478 1863 1533 Carne
1916 1481 2065 1533 euint

484 1578 539 1630 in
606 1578 724 1645 ipso
783 1576 1019 1643 primum
1093 1574 1285 1628 elIecta
1341 1583 1554 1636 sancta,
1609 1585 1732 1626 cum
1777 1586 1875 1641 per
1924 1571 2069 1625 illam

482 1665 600 1733 ipse
626 1674 683 1717 ut
718 1664 882 1717 homo
922 1664 1139 1715 dicatur
1184 1662 1487 1731 aeecpisse,
1515 1676 1614 1717 nos
1642 1676 1709 1715 ex
1746 1663 1866 1730 ejus
1893 1660 2068 1730 pleni-

482 1755 674 1810 tudine
700 1756 1056 1823 aceipientvs,
1103 1763 1523 1821 C(lllSt'qucnlelll
1578 1751 1811 1821 Spiritus
1836 1751 2063 1822 gratiam

482 1848 820 1903 obtinemus.

1013 1940 1097 1993 Ex
1146 1940 1326 1993 eodem
1379 1938 1533 1993 libro.

556 2030 693 2086 Illttd
726 2049 739 2085 :
775 2030 1021 2085 Dilexisti
1054 2032 1345 2098 iustitiam,
1374 2042 1421 2085 et
1465 2033 1623 2085 odisti
1663 2034 1993 2102 iniquitatem
2022 2031 2063 2093 ί,

485 2137 616 2187 ιιοιι,
655 2123 1117 2190 quemadmodum
1151 2138 1244 2176 vos
1284 2123 1870 2191 intelligitis,naturatn
1904 2121 2065 2176 Verbi

481 2215 800 2268 mutabilem
818 2214 1109 2285 signiﬁcat.
1131 2213 1283 2278 Nam,
1300 2217 1423 2284 quia
1453 2232 1633 2269 rerum
1658 2227 2063 2285 procreatarum

482 2316 679 2360 natura
733 2305 1012 2361 mutabilis
1045 2309 1161 2372 lest,
1223 2307 1455 2375 ideoque
1503 2318 1558 2360 et
1592 2308 1768 2374 angi-Ii
1820 2308 2067 2375 delique-

483 2405 635 2459 runt,
665 2406 721 2449 ut
743 2396 948 2450 dictum
974 2405 1077 2458 est,
1108 2405 1163 2449 et
1189 2395 1439 2449 homines
1461 2411 1567 2450 non
1591 2397 2062 2465 obtemperarunt.

490 2487 557 2541 Et
600 2486 798 2541 horum
830 2487 978 2542 actio
1001 2502 1111 2540 non
1140 2498 1222 2541 est
1269 2488 1422 2541 ﬁrma
1446 2498 1498 2539 et
1541 2487 1769 2554 stabilis,
1804 2490 1896 2541 sed
1921 2504 2065 2559 sat-pe

483 2579 770 2649 contingit,
815 2590 875 2634 ut
908 2579 1001 2649 qui
1039 2580 1201 2634 modo
1233 2592 1355 2634 erat
1387 2581 1582 2645 bonus,
1634 2583 1796 2650 paqu
1833 2591 1951 2650 post
1986 2582 2066 2635 in-

486 2680 752 2735 vertatur,
805 2683 861 2727 et
890 2673 1029 2727 alius
1060 2673 1257 2727 evadat
1292 2688 1307 2737 ;
1337 2681 1390 2725 et
1422 2672 1512 2741 qui
1546 2673 1707 2741 paulo
1735 2685 1862 2727 ante
1883 2672 2066 2742 justus

482 2771 626 2828 erat,
683 2779 807 2817 tuos
864 2764 1105 2833 injustas
1160 2780 1282 2818 esse
1334 2766 1827 2833 deprehendatur:
1864 2766 2066 2819 idcirco

484 2870 616 2920 uno,
644 2856 736 2924 qui
770 2865 921 2910 esset
950 2857 1327 2921 immutabilis,
1348 2872 1487 2926 opus
1511 2866 1650 2917 erat,
1678 2856 1834 2924 cujus
1866 2857 2065 2911 immu-

484 2944 986 3015 tabilenijustitiam
1015 2949 1269 3002 homines
1303 2958 1555 3016 tauquam
1591 2948 1805 3000 virtutis
1832 2946 2062 3001 formam

2180 465 2506 532 γενομένους
2555 466 2718 528 αὐτὸς
2766 467 3132 538 ἐλευθερώσῃ.
3185 468 3284 519 Διὰ
3329 469 3471 533 τίνος
3522 471 3601 536 δὲ,
3664 473 3762 524 καὶ

2178 557 2329 625 παρὰ
2358 556 2501 620 τίνος
2532 557 2637 610 ἔδει
2671 559 2730 611 τὸ
2764 558 2985 627 Πνεῦμα
3017 557 3250 611 δίδοσθαι
3281 560 3312 626 ἢ
3339 560 3427 612 διὰ
3460 560 3555 614 τοῦ
3590 561 3721 614 Υἱοῦ
3742 602 3760 627 ,

2176 643 2237 701 οὗ
2282 651 2373 701 καὶ
2418 652 2477 700 τὺ
2504 649 2732 719 11νεῦμὰ
2775 653 2927 711 ἑστις
2978 650 3114 702 Πότε
3148 652 3203 703 δὲ
3248 652 3546 720 λαμϐάνειν
3596 655 3762 723 ἡμεῖς

2178 742 2501 811 ἐδυνάμεθα,
2528 746 2575 796 εἰ
2600 744 2674 813 μὴ
2701 746 2789 795 ὅτε
2818 747 2843 795 6
2865 744 3035 810 Λόγιις
3061 745 3281 812 γέγονεν
3302 745 3588 815 ἄνθρωπος
3610 765 3624 813 ;
3653 749 3763 801 Καὶ

2178 832 2370 904 ὥσπερ
2399 836 2459 886 τὸ
2501 837 2651 905 παρὰ
2688 836 2766 906 τῷ
2809 837 3121 907 Ἀποστόλῳ
3156 837 3448 907 λεγόμενον
3486 839 3763 893 δείκνυσιν

2181 927 2262 977 ὅτι
2281 928 2382 978 οὐκ
2408 927 2471 979 ἂν
2495 926 2905 997 ὲλυτρὼοημεν,
2931 930 2978 981 εἰ
3003 928 3077 998 μὴ
3106 932 3132 980 6
3158 930 3214 982 ὲν
3234 931 3415 998 μορφῇ
3439 927 3574 980 Θεοῦ
3590 930 3764 1001 ὑπάρ-

2176 1038 2286 1089 χων
2317 1020 2472 1073 ἔλαϐε
2502 1022 2690 1074 δούλου
2722 1025 2938 1091 μορφήν
2963 1038 2976 1050 ⁸
3008 1021 3149 1074 οὕτω
3171 1023 3266 1075 καὶ
3298 1023 3324 1074 6
3357 1022 3519 1073 Aa6‘t6
3547 1021 3761 1075 δείκ.υ-

2177 1128 2260 1164 σιν
2290 1113 2372 1165 ὅτι
2403 1115 2500 1165 οὐκ
2527 1113 2592 1166 ἂν
2616 1113 2789 1175 ἄλλως
2823 1116 3156 1183 μετέσχομεν
3182 1114 3277 1167 τοῦ
3304 1114 3640 1183 Πνεύματος,
3666 1117 3761 1168 καὶ

2174 1204 2539 1275 ήγιάσθημεν,
2591 1207 2638 1257 εί
2685 1206 2759 1275 μὴ
2808 1207 2833 1258 6
2887 1205 2980 1258 τοῦ
3030 1205 3346 1274 Πνεύματος
3386 1205 3549 1274 δοτὴρ
3594 1205 3757 1272 αὐτὸς

2173 1296 2200 1346 6
2257 1295 2427 1362 Λόγος
2477 1295 2662 1362 ἔλεγεν
2716 1296 2907 1348 ἑαυτὸν
2956 1296 3094 1365 ὑπὲρ
3143 1296 3301 1365 ἡμῶν
3350 1295 3427 1364 τῷ
3480 1296 3758 1365 Πνεύματι

2173 1389 2445 1460 χρίεσθαι.
2480 1390 2568 1441 At};
2591 1391 2682 1443 καὶ
2707 1389 2940 1459 βεϐαίως
2965 1388 3251 1456 ἐλάϐομεν,
3271 1389 3433 1441 αὑτοῦ
3462 1388 3758 1458 λεγομένου

2172 1478 2475 1548 κεχρῆσθαι
2512 1479 2696 1550 σαρκί.
2733 1480 2845 1548 Τῆς
2878 1478 2986 1546 γὰρ
3021 1478 3078 1528 ὲν
3112 1478 3260 1544 αὐτῷ
3294 1481 3497 1547 σαρκὸς
3526 1480 3757 1550 πρώτης

2173 1566 2547 1637 ἁγιασθείσης,
2584 1570 2677 1620 καὶ
2708 1567 2873 1621 αὑτοῦ
2908 1568 3205 1637 λεγομένου
3236 1566 3305 1619 δι’
3334 1568 3505 1637 αὐτὴν
3535 1568 3755 1638 εἰληφέ-

2173 1675 2258 1710 ναι
2291 1657 2365 1720 ὡς
2393 1656 2705 1728 ἀνθρώπου,
2733 1660 2890 1728 ἡμεῖς
2921 1657 3398 1712 ἐπακολουθοῦσαν
3428 1656 3624 1728 ἔχομεν
3657 1660 3757 1727 τὴν

2168 1750 2263 1803 τοῦ
2289 1749 2603 1818 Πνεύματος
2632 1749 2794 1821 χάριν
2814 1754 2880 1811 ἐκ
2904 1750 2998 1803 τοῦ
3027 1751 3394 1821 πληρώματος
3422 1753 3589 1805 αὑτοῦ
3618 1754 3756 1823 λαμ·

2169 1844 2387 1896 ϐάνοντε
2398 1862 2445 1907 ς.

2627 1938 2721 1990 Ἐκ
2756 1937 2861 1990 τοῦ
2889 1936 3078 1990 αὐτοῦ
3102 1938 3312 2006 λόγου.

2238 2031 2331 2094 Τὸ,
2350 2031 2707 2099 Ἠγὰπησας
2724 2030 3148 2094 δικαιοσύνην,
3174 2029 3270 2082 καί
3299 2028 3604 2097 ἐμίσησας
3626 2029 3753 2083 ἀόιυ

2168 2125 2327 2186 κιάν,
2366 2122 2708 2192 πρόσκειται,
2743 2120 2841 2189 οὐχ
2872 2120 2947 2180 ὼς
2984 2119 3140 2189 ὑμεῖς
3172 2121 3344 2171 νοεῖτε
3376 2120 3616 2191 τρεπτὴν
3649 2122 3757 2174 δει-

2167 2217 2419 2276 κνύοντος
2468 2213 2563 2267 τοῦ
2595 2214 2771 2279 Λόγου
2806 2210 2902 2281 τὴν
2936 2212 3121 2280 φύσιν,
3160 2211 3297 2264 ἀλλὰ
3328 2212 3529 2281 μᾶλλον
3559 2212 3654 2265 καὶ
3688 2215 3752 2266 ὲκ

2165 2308 2357 2361 τούτου
2390 2306 2447 2359 τὸ
2484 2307 2755 2376 ἄτρεπτον
2788 2303 2958 2356 αὑτοῦ
2992 2304 3336 2372 σημαίνεται.
3383 2304 3602 2375 Ἐπειδὴ
3641 2307 3752 2375 γὰρ

2166 2398 2273 2451 τῶν
2301 2398 2546 2466 γενητῶν
2574 2398 2606 2465 ἡ
2636 2396 2796 2464 φύσις
2826 2394 2942 2447 ἐστὶ
2971 2393 3182 2463 τρεπτὴ
3205 2437 3220 2458 ,
3253 2396 3345 2447 καὶ
3371 2398 3419 2447 οἱ
3452 2395 3547 2463 μὲν
3580 2397 3752 2465 παρέ-

2169 2487 2366 2556 ϐησαν,
2390 2487 2437 2539 οἱ
2468 2486 2523 2539 δὲ
2553 2486 2935 2556 παρήκουσαν,
2965 2485 3157 2554 ὥσπερ
3190 2484 3426 2555 εἴρηται,
3462 2485 3496 2555 ἦ
3522 2504 3579 2539 τε
3613 2489 3755 2551 πρᾶ-

2171 2580 2251 2645 ξις
2282 2580 2460 2633 αὐτῶν
2491 2578 2591 2632 οὐκ
2619 2577 2735 2630 ἐστι
2770 2576 2987 2647 βεϐαία,
3015 2576 3152 2630 ἀλλὰ
3180 2577 3442 2639 πολλάκις
3476 2578 3755 2647 ἐνδέχεται

2165 2671 2259 2725 τὸν
2304 2670 2397 2722 νῦν
2438 2669 2640 2738 ἀγαθὸν
2675 2669 2810 2739 μετὰ
2850 2668 3023 2721 ταῦτα
3069 2668 3388 2739 τρέπεσθαι,
3428 2670 3522 2722 καὶ
3565 2668 3757 2741 ἕτερον

2165 2780 2288 2817 τινα
2325 2761 2603 2830 γενέσθαι,
2637 2761 2712 2824 ὡς
2744 2760 2838 2815 τὸν
2868 2760 2992 2832 ἄρτι
3022 2760 3231 2813 δίκαιον
3264 2759 3450 2813 ἄδικον
3493 2762 3616 2831 μετ’
3638 2762 3754 2815 ὀλί·

2167 2838 2263 2924 γον
2292 2852 2579 2923 εὑρεθῆναι
2599 2869 2614 2884 ⁸
2644 2854 2731 2908 διὰ
2758 2852 2915 2907 τοῦτο
2947 2853 3110 2908 πάλιν
3141 2855 3413 2922 ἁτρέπτου
3443 2855 3624 2923 χρεία,
3662 2854 3756 2908 ἵνα

2166 2951 2226 3001 τὸ
2268 2948 2646 3019 ἀμετάϐλητον
2675 2948 2773 3013 τῆς
2806 2945 2899 3000 τοῦ
2945 2945 3120 3015 Λόγου
3163 2940 3513 3012 δικαιοσύνης
3553 2947 3755 3018 ἔχωσιν

482 3042 539 3089 ει
600 3037 915 3107 exemplum
977 3039 1323 3108 propositum
1360 3038 1645 3092 haberent.
1696 3037 1884 3105 Neque
1933 3053 2060 3090 vero

2178 3041 2373 3105 εἰκόνα,
2406 3040 2500 3091 καὶ
2529 3037 2696 3090 τύπον
2735 3036 2870 3107 πρὸς
2896 3037 3096 3107 ἀρετὴν
3130 3037 3178 3088 οἱ
3209 3035 3507 3106 ἄνθρωποι.
3540 3037 3651 3110 Οὒχ
3676 3037 3752 3102 ὡς

481 3130 563 3184 uti
586 3129 800 3202 legibus
836 3130 1125 3194 obnoxius,
1150 3141 1201 3185 et
1232 3131 1285 3184 in
1314 3139 1598 3199 utramque
1621 3138 1826 3199 partem
1853 3130 2060 3184 habens

482 3221 1065 3290 pr0pensionem,hoe
1127 3221 1344 3290 quidem
1397 3221 1601 3289 diligit,
1675 3220 1803 3274 illud
1876 3230 2057 3274 autem

481 3310 620 3375 odit,
643 3319 703 3364 ut
733 3310 1024 3365 amittendi
1064 3321 1213 3365 metu
1245 3314 1473 3365 alterum
1499 3312 1915 3379 complectatur,
1933 3328 2058 3366 eum

482 3402 692 3471 alioqui
755 3402 1038 3457 mutabilis
1087 3406 1192 3467 sit,
1251 3402 1347 3457 sed
1410 3412 1466 3455 ut
1527 3401 1622 3471 qui
1696 3403 1841 3456 Deus
1893 3412 2063 3459 estet

485 3492 720 3547 Verbum
777 3491 972 3558 Patris,
1031 3494 1194 3563 judex
1228 3495 1438 3548 exsistit
1482 3494 1684 3563 justus,
1742 3505 1795 3550 et
1847 3497 2062 3549 virtutis

484 3600 695 3652 amans,
728 3587 815 3641 vel
836 3586 1019 3657 potius
1051 3587 1326 3656 elargitor.
1355 3587 1543 3655 Itaque
1573 3587 1831 3656 quoniam
1870 3596 2061 3641 natura

478 3678 663 3750 justus
723 3694 788 3734 ac
847 3682 971 3749 pius
1001 3687 1105 3746 est,
1142 3678 1347 3733 idcirco
1373 3679 1599 3750 diligere
1627 3680 1893 3749 justitiam
1927 3680 2064 3733 dici-

488 3783 602 3839 tur,
656 3771 1002 3842 iniquitatem
1040 3770 1241 3825 odisse.
1302 3771 1458 3835 Quod
1504 3772 1729 3840 perinde
1785 3781 1887 3836 est,
1930 3788 1991 3826 ac
2016 3773 2063 3826 si

490 3862 792 3930 diceretur,
842 3863 1020 3918 bonos
1071 3878 1135 3916 ac
1180 3863 1359 3932 justas
1412 3877 1596 3916 amare
1646 3864 2065 3932 complectique,

488 3956 663 4010 malos
686 3964 867 4010 autem
897 3964 952 4009 et
986 3955 1222 4023 injustos
1256 3956 1384 4007 odio
1416 3955 1671 4024 prosequi
1702 3966 1757 4008 et
1790 3955 2064 4009 insectari.

483 4047 633 4102 Idem
689 4047 835 4107 enim
876 4054 933 4099 et
988 4046 1057 4100 de
1099 4046 1258 4100 Patre
1295 4046 1813 4116 dieuntScripturat
1849 4045 2066 4102 :Justus

485 4138 766 4201 Dominus,
831 4148 880 4190 et
931 4138 1200 4206 justitiam
1230 4136 1411 4191 dilexit
1450 4138 1488 4189 ⁸.
1520 4138 1602 4199 Et,
1655 4136 1822 4193 Odisti
1868 4156 2065 4206 omnes,

486 4230 573 4297 qui
599 4238 886 4298 operantur
913 4228 1291 4303 injqnitatem’.
1324 4228 1411 4290 Et,
1439 4227 1601 4284 Jacob
1627 4230 1836 4297 quidem
1861 4231 2064 4301 dilexit,

487 4318 638 4372 Esau
672 4329 851 4373 autem
886 4320 1004 4372 odio
1037 4320 1283 4373 habuit‘.

1028 4434 1108 4486 Ea:
1142 4434 1318 4485 eodem
1350 4433 1504 4486 libro.

486 4504 831 4577 Arianorum,
885 4514 932 4558 ct
976 4503 1259 4577 Valentini.
1292 4513 1340 4556 et
1387 4504 1724 4574 Carpocratis
1754 4508 2065 4577 confutatio.

573 4575 833 4629 Valentini
868 4576 1080 4643 quidem
1123 4574 1388 4647 Christum
1453 4586 1504 4628 et
1553 4577 1763 4645 angelos
1828 4574 2065 4647 ejusdem

560 4647 764 4713 generis
798 4658 906 4699 esse
941 4645 1179 4699 dicentis.
1211 4655 1259 4697 et
1302 4645 1449 4697 illum
1494 4662 1656 4698 unum
1693 4664 1757 4700 ex
1801 4645 1906 4701 illis
1960 4668 2067 4704 esse

559 4718 865 4781 asserentis;
902 4716 1240 4784 (Iarpocratis
1280 4726 1455 4768 autem
1514 4718 1765 4769 mundum
1815 4735 1908 4785 per
1965 4738 2065 4773 an-

562 4788 706 4854 gelos
746 4788 904 4856 fuisse
949 4788 1143 4855 factum
1185 4786 1536 4854 afﬁrmantis;
1576 4787 1899 4841 Arianorum
1949 4808 2067 4845 vero

562 4857 761 4909 Filium
795 4872 912 4909 cum
939 4857 1140 4925 angelis
1175 4859 1622 4925 comparantium.

578 5016 654 5069 De
684 5014 988 5069 ministerio
1026 5012 1239 5069 Veteris
1286 5025 1340 5069 et
1371 5014 1506 5069 Novi
1552 5014 1883 5073 Testamenti
1926 5019 2073 5087 judi-

489 5110 634 5163 cium
660 5107 841 5161 l‘erens
862 5107 1160 5177 Apostolus
1185 5108 1533 5171 πάσαισι-,σά
1560 5106 1776 5163 Iudaeos
1799 5110 2071 5173 scribens,

494 5200 686 5267 Tanto,
714 5203 908 5269 inquit.
934 5200 1116 5253 melior
1145 5202 1345 5269 angelis
1370 5203 1540 5269 factus
1564 5201 1605 5262 ⁸,
1636 5211 1742 5256 etc.
1769 5202 1975 5257 Idcirco
1998 5206 2074 5258 uti

495 5292 668 5346 noluit
714 5294 959 5348 absoluta
997 5293 1421 5362 comparatione,
1453 5308 1517 5347 ac
1546 5295 1750 5358 dicere,
1782 5297 1957 5366 major
1979 5306 2075 5350 sut

489 5379 819 5447 honoratior,
854 5397 919 5434 ne
949 5382 1070 5449 quis
1099 5383 1165 5434 de
1201 5379 1417 5435 Christo
1448 5394 1501 5437 et
1524 5383 1591 5438 de
1618 5385 1823 5454 angelis
1852 5388 1926 5449 id,
1953 5396 2073 5440 tan-

489 5486 650 5537 quam
702 5472 768 5528 de
813 5472 882 5527 iis
930 5473 1019 5543 qui
1082 5474 1327 5542 ejusdem
1377 5485 1561 5531 essent
1598 5478 1833 5547 generis,
1868 5478 2071 5531 dictmu

490 5562 844 5617 existimaret.
875 5564 980 5618 Sed
1042 5564 1177 5617 dixit
1222 5565 1425 5629 melior,
1475 5578 1531 5621 ut
1576 5578 1779 5624 munra:
1822 5572 2074 5624 differen-

566 5676 580 5704 ‘
611 5675 754 5730 Psal.
794 5694 939 5744 λων,
966 5682 1018 5733 8.
1098 5683 1117 5713 ¹
1146 5681 1290 5736 I’sal.
1323 5699 1373 5749 γ,
1400 5683 1453 5736 7.
1538 5685 1554 5713 ³
1588 5683 1745 5737 Πυιιι.
1780 5700 1856 5750 tx,
1892 5686 1977 5739 II”.

2089 4400 2142 4459 D

2166 3131 2525 3200 ὑποκείμενος
2565 3129 2621 3182 δὲ
2665 3129 2875 3196 νόμοις,
2918 3128 3011 3180 καὶ
3050 3127 3149 3196 τὴν
3190 3130 3281 3181 ἐπὶ
3335 3127 3536 3196 θάτερα
3577 3131 3752 3200 ῥοπὴν

2169 3224 2306 3293 ἔχων
2331 3223 2389 3275 τὸ
2417 3222 2514 3292 μὲν
2544 3222 2752 3292 ἀγαπᾷ,
2786 3220 2845 3272 τὸ
2875 3221 2931 3272 δὲ
2961 3224 3128 3290 μισεῖ,
3160 3219 3241 3271 ἵνα
3274 3220 3421 3290 φιῖϐῳ
3445 3221 3536 3273 τοῦ
3568 3221 3751 3274 πεσεῖν

2167 3319 2227 3368 τῖ.
2249 3317 2436 3387 ἕτερον
2454 3313 2873 3385 προσλαμϐάνῃ,
2894 3315 2984 3365 καὶ
3011 3313 3184 3374 ἄλλως
3211 3312 3367 3365 πάλιν
3390 3330 3480 3381 τρε
3496 3313 3619 3375 7.1:6;
3642 3317 3751 3365 εἰσ-

2169 3412 2395 3478 άγηται.
2434 3407 2573 3459 Ἀλλ’
2605 3406 2678 3468 ὡς
2722 3406 2854 3468 Θεὸς
2889 3403 2991 3470 ὣν,
3030 3404 3121 3457 καὶ
3170 3406 3341 3474 Λόγος
3374 3405 3466 3457 τοῦ
3502 3404 3710 3477 Ila-:96;
3734 3445 3749 3469 ,

2168 3518 2359 3571 κριτης
2401 3500 2518 3552 ἔστι
2579 3499 2785 3561 δίκαιος
2832 3500 2926 3552 καὶ
2969 3497 3294 3568 φιλάρετος,
3339 3497 3539 3567 μᾶλλον
3568 3498 3623 3550 δὲ
3656 3499 3751 3551 καὶ

2167 3593 2402 3666 χορηγὸς
2426 3591 2880 3662 ἀρετῆς.Δίκαιος
2910 3587 3002 3649 οὖν
3034 3591 3195 3659 φύσει
3228 3591 3320 3644 καὶ
3350 3592 3496 3654 ὅσιος
3523 3590 3627 3657 ὢν,
3661 3591 3751 3644 διὰ

2169 3686 2331 3739 τοῦτο
2367 3684 2589 3753 ἀγαπᾷν
2623 3683 2839 3752 λέγεται
2871 3681 3221 3753 δικαιοσύνην
3244 3722 3258 3745 ,
3296 3682 3391 3737 καὶ
3425 3686 3602 3753 μισεῖν
3629 3683 3753 3737 ἁδι-

2169 3776 2314 3830 κίαν.
2335 3774 2505 3828 Τοῦτο
2532 3773 2589 3827 δὲ
2612 3774 2727 3825 ἴσον
2750 3772 2827 3841 τῷ
2852 3774 3049 3837 εἰπεῖν,
3077 3774 3158 3825 ὅτι
3180 3772 3304 3836 τοὺς
3336 3774 3435 3844 μὲν
3464 3775 3750 3843 ἐναρέτους

2168 3870 2383 3939 ἀγαπᾷ,
2431 3868 2524 3920 καὶ
2562 3864 3062 3934 προσλαμϐάνεται,
3096 3867 3220 3928 τοὺς
3260 3865 3315 3919 δὲ
3358 3865 3574 3928 ἀδίκους
3612 3866 3748 3919 ἁπο-

2173 3958 2467 4028 στρὲφεται
2522 3958 2617 4010 καὶ
2647 3956 2813 4024 μισεῖ.
2850 3955 2956 4007 Καὶ
2988 3956 3095 4025 γὰρ
3130 3956 3221 4009 καὶ
3254 3957 3382 4027 περὶ
3416 3956 3507 4009 τοῦ
3536 3958 3752 4027 Πατρδς

2169 4052 2229 4105 τὸ
2257 4051 2389 4105 αὐτὸ
2419 4050 2669 4116 λέγουσιν
2704 4050 2759 4101 αἱ
2790 4049 2931 4101 Οεῖαι
2969 4050 3208 4117 Γραφαίο
3244 4051 3480 4115 Δίκαιος
3510 4051 3749 4117 Κύριος,

2170 4141 2267 4194 καὶ
2302 4139 2697 4202 δικαιοσύνας
2732 4138 3048 4205 ἠγάπησε,
3088 4138 3185 4191 καὶ
3221 4138 3478 4207 ἐμίσησε
3514 4140 3752 4203 πάντας

2170 4234 2311 4298 τοὺς
2341 4229 2766 4301 ἐργαζομένους
2819 4231 2930 4296 τὴν
2989 4232 3270 4299 ἀνομίαν,
3319 4232 3445 4293 καὶ,
3475 4230 3591 4285 Τὸν
3633 4232 3754 4301 μὲν

2184 4323 2395 4381 Ἰακὼϐ
2420 4322 2724 4392 ἠγάπησε,
2751 4323 2859 4375 τὸν
2889 4322 2956 4375 δὲ
2986 4322 3175 4377 Ἠσαῦ
3199 4323 3516 4392 ἐμίσησεν.

2607 4436 2709 4489 Ἐκ
2744 4435 2849 4489 τοῦ
2881 4437 3071 4491 αὐτοῦ
3110 4438 3322 4505 λόγου.

2173 4510 2465 4577 Ἔλεγχος
2516 4505 2847 4573 Ἀρειανὼν,
2887 4507 2983 4559 καί
3023 4506 3427 4567 Βιιλεντίνων,
3466 4507 3564 4559 καί
3602 4511 3755 4577 Καρ-

2241 4578 2600 4645 ποκράτους.
2662 4578 3033 4647 Halat-rimo
3101 4579 3216 4647 μὲν
3273 4577 3582 4646 ὁμογενεῖς
3646 4579 3753 4630 τοῦ

2241 4647 2499 4716 Χριστοῦ
2533 4647 2821 4714 λέγοντος
2848 4646 2988 4712 τοὺς
3012 4648 3327 4715 ἀγγέλους,
3366 4649 3465 4699 καὶ
3490 4647 3599 4700 ἕνα
3623 4650 3755 4701 τού-

2244 4736 2361 4771 των
2413 4717 2734 4781 ποιοῦντος
2780 4716 2986 4776 αὑτὸν,
3041 4718 3506 4785 Καρποκράτους
3553 4717 3622 4771 δὲ
3674 4717 3753 4770 δι’

2246 4788 2517 4857 ἀγγέλων
2535 4788 2823 4855 λέγοντος
2844 4786 3349 4857 δημιουργηθῆναι
3374 4789 3479 4843 τὸν
3494 4790 3751 4856 κόσμον,

2250 4856 2556 4926 Ἀρειανῶν
2601 4857 2669 4909 δὲ
2715 4859 2862 4925 πρὸς
2906 4856 3201 4927 ἀγγέλους
3249 4859 3353 4912 τὸν
3424 4859 3565 4912 Υἱὸν
3606 4872 3755 4926 συγ-

2241 4931 2590 4996 κρινόντων.

2241 5024 2352 5093 Τὴν
2377 5021 2657 5075 διακονίαν
2681 4996 2883 5090 κρίνιον
2904 5020 2932 5071 6
2964 5020 3018 5070 Ἀ
3030 5018 3287 5082 πόστολος
3304 5019 3399 5085 τῆς
3426 5036 3484 5069 τε
3508 5018 3752 5081 "elati;

2172 5117 2269 5171 aut
2328 5118 2427 5186 τῇς
2486 5115 2695 5183 Καινῆς
2764 5112 3200 5181 παρρησιάζεται
3274 5111 3407 5181 πρὸς
3466 5110 3753 5172 Ἰουδαίους

2174 5205 2540 5277 γράφων,καὶ
2563 5205 2759 5275 λέγων,
2801 5204 3074 5271 Τοσούτῳ
3111 5206 3394 5271 κρείττων
3426 5204 3753 5270 γενόμενος

2176 5294 2293 5349 τῶν
2320 5294 2618 5363 ἀγγέλων.
2652 5292 2751 5345 Διὰ
2784 5291 2943 5344 τοῦτο
2972 5290 3103 5359 γοῦν
3132 5290 3254 5345 οὐδὲ
3282 5291 3342 5343 τὸ
3368 5290 3490 5343 ὅλον
3521 5306 3754 5359 συγκρι-

2176 5388 2341 5450 τικῶς
2381 5387 2568 5457 εἴρηκε
2586 5385 2852 5455 μείᾰονῆ
2886 5386 3255 5454 τιμιώτερος,
3295 5385 3381 5437 ἵνα
3411 5385 3484 5455 μὴ
3518 5384 3593 5446 ὡς
3624 5385 3753 5453 περὶ

2175 5478 2452 5548 ὸμογενῶν
2501 5477 2743 5544 τούτων,
2797 5478 3070 5532 κάκείνων
3120 5496 3203 5542 τις
3255 5478 3573 5549 λογίσηται,
3619 5477 3753 5529 ἀλλὰ

2176 5572 2713 5642 «pantomimica,
2733 5572 2821 5625 ἵνα
2849 5570 2909 5623 τὺ
2939 5570 3251 5623 διαλλάττον
3284 5569 3377 5639 τῆς
3412 5570 3625 5639 φύσεως
3655 5565 3749 5619 τοῦ

2057 5684 2074 5715 ¹⁶
2108 5683 2269 5739 Hebr.
2308 5702 2344 5749 l,
2375 5687 2427 5740 4.
