  <div class='ocr_page' id='page_1' title='image "/cluster/home/n/w/nwhite01/storage/ocr_20150623/130/hvd.32044073502387/195.png"; bbox 0 0 4008 6208; ppageno 0'>
   <div class='ocr_carea' id='block_1_1' title="bbox 436 341 545 405">
    <p class='ocr_par' dir='ltr' id='par_1_1' title="bbox 436 341 545 405">
     <span class='ocr_line' id='line_1_1' title="bbox 436 341 545 405; baseline -0.018 0"><span class='ocrx_word' id='word_1_1' title='bbox 436 341 545 405; x_wconf 72' lang='lat'><strong>379</strong></span> 
     </span>
    </p>
   </div>
   <div class='ocr_carea' id='block_1_2' title="bbox 1674 322 2482 396">
    <p class='ocr_par' dir='ltr' id='par_1_2' title="bbox 1674 322 2482 396">
     <span class='ocr_line' id='line_1_2' title="bbox 1674 322 2482 396; baseline -0.007 1"><span class='ocrx_word' id='word_1_2' title='bbox 1674 333 1995 396; x_wconf 79' lang='lat' dir='ltr'><strong>EUTHYM</strong></span> <span class='ocrx_word' id='word_1_3' title='bbox 2011 333 2065 392; x_wconf 85' lang='lat' dir='ltr'><strong>ll</strong></span> <span class='ocrx_word' id='word_1_4' title='bbox 2110 322 2482 393; x_wconf 45' lang='lat' dir='ltr'><strong>Z&#39;IGABENI</strong></span> 
     </span>
    </p>
   </div>
   <div class='ocr_carea' id='block_1_3' title="bbox 3601 322 3715 392">
    <p class='ocr_par' dir='ltr' id='par_1_3' title="bbox 3601 322 3715 392">
     <span class='ocr_line' id='line_1_3' title="bbox 3601 322 3715 392; baseline -0.035 1"><span class='ocrx_word' id='word_1_5' title='bbox 3601 322 3715 392; x_wconf 76' lang='lat'><strong>380</strong></span> 
     </span>
    </p>
   </div>
   <div class='ocr_carea' id='block_1_4' title="bbox 350 432 2019 523">
    <p class='ocr_par' dir='ltr' id='par_1_4' title="bbox 350 448 2019 523">
     <span class='ocr_line' id='line_1_4' title="bbox 350 448 2019 523; baseline -0.007 -13"><span class='ocrx_word' id='word_1_6' title='bbox 350 480 351 483; x_wconf 51' lang='grc' dir='ltr'><strong>η</strong></span> <span class='ocrx_word' id='word_1_7' title='bbox 436 448 1172 523; x_wconf 73' lang='lat' dir='ltr'><strong>inquiunt,constat‘siuiilia</strong></span> <span class='ocrx_word' id='word_1_8' title='bbox 1208 465 1305 519; x_wconf 85' lang='lat' dir='ltr'><strong>per</strong></span> <span class='ocrx_word' id='word_1_9' title='bbox 1334 448 1479 504; x_wconf 81' lang='lat' dir='ltr'><strong>aliud</strong></span> <span class='ocrx_word' id='word_1_10' title='bbox 1502 448 1815 504; x_wconf 79' lang='lat' dir='ltr'><strong>simile&#39;lieri</strong></span> <span class='ocrx_word' id='word_1_11' title='bbox 1842 462 2019 516; x_wconf 81' lang='lat' dir='ltr'><strong>posse.</strong></span> 
     </span>
    </p>
   </div>
   <div class='ocr_carea' id='block_1_5' title="bbox 2122 432 3716 523">
    <p class='ocr_par' dir='ltr' id='par_1_5' title="bbox 2135 432 3716 514">
     <span class='ocr_line' id='line_1_5' title="bbox 2135 432 3716 514; baseline -0.001 -18"><span class='ocrx_word' id='word_1_12' title='bbox 2135 444 2303 497; x_wconf 77' lang='grc' dir='ltr'>πολὺν</span> <span class='ocrx_word' id='word_1_13' title='bbox 2332 442 2491 514; x_wconf 75' lang='grc' dir='ltr'>ὄχλον</span> <span class='ocrx_word' id='word_1_14' title='bbox 2516 440 2845 514; x_wconf 67' lang='grc' dir='ltr'>ἐπιρρέοντα</span> <span class='ocrx_word' id='word_1_15' title='bbox 2890 438 3149 512; x_wconf 83' lang='grc' dir='ltr'>μεσιτῶν,</span> <span class='ocrx_word' id='word_1_16' title='bbox 3186 439 3280 497; x_wconf 74' lang='grc' dir='ltr'>καὶ</span> <span class='ocrx_word' id='word_1_17' title='bbox 3311 436 3487 505; x_wconf 76' lang='grc' dir='ltr'>οὕτως</span> <span class='ocrx_word' id='word_1_18' title='bbox 3508 432 3716 495; x_wconf 51' lang='grc' dir='ltr'><strong>’ἁδύ-δας</strong></span> 
     </span>
    </p>
   </div>
   <div class='ocr_carea' id='block_1_6' title="bbox 436 539 2016 614">
    <p class='ocr_par' dir='ltr' id='par_1_6' title="bbox 436 539 2016 614">
     <span class='ocr_line' id='line_1_6' title="bbox 436 539 2016 614; baseline -0.004 -15"><span class='ocrx_word' id='word_1_19' title='bbox 436 548 566 614; x_wconf 71' lang='lat' dir='ltr'><strong>Qum</strong></span> <span class='ocrx_word' id='word_1_20' title='bbox 597 547 684 601; x_wconf 93' lang='lat' dir='ltr'><strong>isti</strong></span> <span class='ocrx_word' id='word_1_21' title='bbox 709 562 833 599; x_wconf 90' lang='lat' dir='ltr'><strong>cum</strong></span> <span class='ocrx_word' id='word_1_22' title='bbox 857 545 1067 600; x_wconf 83' lang='lat' dir='ltr'><strong>dicunt.</strong></span> <span class='ocrx_word' id='word_1_23' title='bbox 1105 543 1292 603; x_wconf 88' lang='lat' dir='ltr'><strong>miror,</strong></span> <span class='ocrx_word' id='word_1_24' title='bbox 1321 556 1422 596; x_wconf 88' lang='lat' dir='ltr'><strong>cur</strong></span> <span class='ocrx_word' id='word_1_25' title='bbox 1450 557 1558 596; x_wconf 90' lang='lat' dir='ltr'><strong>non</strong></span> <span class='ocrx_word' id='word_1_26' title='bbox 1591 557 1650 595; x_wconf 88' lang='lat' dir='ltr'><strong>se</strong></span> <span class='ocrx_word' id='word_1_27' title='bbox 1705 541 1757 593; x_wconf 90' lang='lat' dir='ltr'><strong>in</strong></span> <span class='ocrx_word' id='word_1_28' title='bbox 1788 539 2016 593; x_wconf 75' lang='lat' dir='ltr'><strong>latebris</strong></span> 
     </span>
    </p>
   </div>
   <div class='ocr_carea' id='block_1_7' title="bbox 432 632 2017 706">
    <p class='ocr_par' dir='ltr' id='par_1_7' title="bbox 432 632 2017 706">
     <span class='ocr_line' id='line_1_7' title="bbox 432 632 2017 706; baseline -0.007 -11"><span class='ocrx_word' id='word_1_29' title='bbox 432 640 693 697; x_wconf 80' lang='lat' dir='ltr'><strong>condant,</strong></span> <span class='ocrx_word' id='word_1_30' title='bbox 736 653 806 691; x_wconf 91' lang='lat' dir='ltr'><strong>ue</strong></span> <span class='ocrx_word' id='word_1_31' title='bbox 833 653 942 706; x_wconf 82' lang='lat' dir='ltr'><strong>prae</strong></span> <span class='ocrx_word' id='word_1_32' title='bbox 968 634 1178 701; x_wconf 86' lang='lat' dir='ltr'><strong>pudore</strong></span> <span class='ocrx_word' id='word_1_33' title='bbox 1204 633 1637 688; x_wconf 77' lang='lat' dir='ltr'><strong>confundantur.</strong></span> <span class='ocrx_word' id='word_1_34' title='bbox 1690 632 1868 687; x_wconf 82' lang='lat' dir='ltr'><strong>Moses</strong></span> <span class='ocrx_word' id='word_1_35' title='bbox 1904 646 2017 686; x_wconf 85' lang='lat' dir='ltr'><strong>non</strong></span> 
     </span>
    </p>
   </div>
   <div class='ocr_carea' id='block_1_8' title="bbox 435 726 2015 795">
    <p class='ocr_par' dir='ltr' id='par_1_8' title="bbox 435 726 2015 795">
     <span class='ocr_line' id='line_1_8' title="bbox 435 726 2015 795; baseline -0.004 -9"><span class='ocrx_word' id='word_1_36' title='bbox 435 734 503 786; x_wconf 84' lang='lat' dir='ltr'><strong>ad</strong></span> <span class='ocrx_word' id='word_1_37' title='bbox 545 731 844 785; x_wconf 82' lang='lat' dir='ltr'><strong>creandum</strong></span> <span class='ocrx_word' id='word_1_38' title='bbox 873 728 1072 781; x_wconf 88' lang='lat' dir='ltr'><strong>missus</strong></span> <span class='ocrx_word' id='word_1_39' title='bbox 1093 736 1201 789; x_wconf 83' lang='lat' dir='ltr'><strong>est,</strong></span> <span class='ocrx_word' id='word_1_40' title='bbox 1238 740 1421 795; x_wconf 89' lang='lat' dir='ltr'><strong>neque</strong></span> <span class='ocrx_word' id='word_1_41' title='bbox 1452 726 1519 780; x_wconf 87' lang='lat' dir='ltr'><strong>ad</strong></span> <span class='ocrx_word' id='word_1_42' title='bbox 1578 727 1884 780; x_wconf 82' lang='lat' dir='ltr'><strong>vocandum</strong></span> <span class='ocrx_word' id='word_1_43' title='bbox 1929 741 2015 785; x_wconf 84' lang='lat' dir='ltr'><strong>ea,</strong></span> 
     </span>
    </p>
   </div>
   <div class='ocr_carea' id='block_1_9' title="bbox 435 817 2019 892">
    <p class='ocr_par' dir='ltr' id='par_1_9' title="bbox 435 817 2019 892">
     <span class='ocr_line' id='line_1_9' title="bbox 435 817 2019 892; baseline -0.003 -18"><span class='ocrx_word' id='word_1_44' title='bbox 435 838 674 892; x_wconf 74' lang='lat' dir='ltr'><strong>quzeuon</strong></span> <span class='ocrx_word' id='word_1_45' title='bbox 698 828 848 880; x_wconf 85' lang='lat' dir='ltr'><strong>sunt.</strong></span> <span class='ocrx_word' id='word_1_46' title='bbox 887 828 945 872; x_wconf 90' lang='lat' dir='ltr'><strong>ut</strong></span> <span class='ocrx_word' id='word_1_47' title='bbox 968 825 1175 880; x_wconf 83' lang='lat' dir='ltr'><strong>essent,</strong></span> <span class='ocrx_word' id='word_1_48' title='bbox 1204 828 1379 887; x_wconf 82' lang='lat' dir='ltr'><strong>neque</strong></span> <span class='ocrx_word' id='word_1_49' title='bbox 1401 818 1466 872; x_wconf 89' lang='lat' dir='ltr'><strong>ad</strong></span> <span class='ocrx_word' id='word_1_50' title='bbox 1502 818 1584 872; x_wconf 88' lang='lat' dir='ltr'><strong>sui</strong></span> <span class='ocrx_word' id='word_1_51' title='bbox 1606 817 1818 873; x_wconf 88' lang='lat' dir='ltr'><strong>similes</strong></span> <span class='ocrx_word' id='word_1_52' title='bbox 1842 817 2019 871; x_wconf 83' lang='lat' dir='ltr'><strong>Immi-</strong></span> 
     </span>
    </p>
   </div>
   <div class='ocr_carea' id='block_1_10' title="bbox 432 908 2019 980">
    <p class='ocr_par' dir='ltr' id='par_1_10' title="bbox 432 908 2019 980">
     <span class='ocr_line' id='line_1_10' title="bbox 432 908 2019 980; baseline -0.004 -12"><span class='ocrx_word' id='word_1_53' title='bbox 432 931 535 968; x_wconf 86' lang='lat' dir='ltr'><strong>nes</strong></span> <span class='ocrx_word' id='word_1_54' title='bbox 566 912 886 966; x_wconf 80' lang='lat' dir='ltr'><strong>conﬂandos</strong></span> <span class='ocrx_word' id='word_1_55' title='bbox 924 920 974 964; x_wconf 86' lang='lat' dir='ltr'><strong>et</strong></span> <span class='ocrx_word' id='word_1_56' title='bbox 1015 910 1373 980; x_wconf 77' lang='lat' dir='ltr'><strong>efﬁngendns,</strong></span> <span class='ocrx_word' id='word_1_57' title='bbox 1407 911 1505 966; x_wconf 89' lang='lat' dir='ltr'><strong>sed</strong></span> <span class='ocrx_word' id='word_1_58' title='bbox 1538 911 1603 965; x_wconf 90' lang='lat' dir='ltr'><strong>ad</strong></span> <span class='ocrx_word' id='word_1_59' title='bbox 1651 926 1853 964; x_wconf 90' lang='lat' dir='ltr'><strong>munus</strong></span> <span class='ocrx_word' id='word_1_60' title='bbox 1911 908 2019 963; x_wconf 87' lang='lat' dir='ltr'><strong>hoc</strong></span> 
     </span>
    </p>
   </div>
   <div class='ocr_carea' id='block_1_11' title="bbox 433 992 2016 1071">
    <p class='ocr_par' dir='ltr' id='par_1_11' title="bbox 433 992 2016 1071">
     <span class='ocr_line' id='line_1_11' title="bbox 433 992 2016 1071; baseline -0.003 -14"><span class='ocrx_word' id='word_1_61' title='bbox 433 1005 862 1061; x_wconf 81' lang='lat' dir='ltr'><strong>observandum.</strong></span> <span class='ocrx_word' id='word_1_62' title='bbox 885 1013 943 1057; x_wconf 90' lang='lat' dir='ltr'><strong>ut</strong></span> <span class='ocrx_word' id='word_1_63' title='bbox 963 1002 1053 1056; x_wconf 86' lang='lat' dir='ltr'><strong>Dei</strong></span> <span class='ocrx_word' id='word_1_64' title='bbox 1075 1003 1249 1056; x_wconf 85' lang='lat' dir='ltr'><strong>verba</strong></span> <span class='ocrx_word' id='word_1_65' title='bbox 1266 992 1471 1071; x_wconf 70' lang='lat' dir='ltr'><strong>populo</strong></span> <span class='ocrx_word' id='word_1_66' title='bbox 1500 1010 1557 1056; x_wconf 83' lang='lat' dir='ltr'><strong>et</strong></span> <span class='ocrx_word' id='word_1_67' title='bbox 1588 1000 1858 1054; x_wconf 74' lang='lat' dir='ltr'><strong>Pharaoni</strong></span> <span class='ocrx_word' id='word_1_68' title='bbox 1902 999 2016 1070; x_wconf 76' lang='lat' dir='ltr'><strong>regi</strong></span> 
     </span>
    </p>
   </div>
   <div class='ocr_carea' id='block_1_12' title="bbox 428 1091 2016 1160">
    <p class='ocr_par' dir='ltr' id='par_1_12' title="bbox 428 1091 2016 1160">
     <span class='ocr_line' id='line_1_12' title="bbox 428 1091 2016 1160; baseline -0.004 -10"><span class='ocrx_word' id='word_1_69' title='bbox 428 1096 747 1150; x_wconf 64' lang='lat' dir='ltr'><strong>nuntiareh</strong></span> <span class='ocrx_word' id='word_1_70' title='bbox 774 1094 911 1160; x_wconf 91' lang='lat' dir='ltr'><strong>Quis</strong></span> <span class='ocrx_word' id='word_1_71' title='bbox 939 1104 1121 1147; x_wconf 83' lang='lat' dir='ltr'><strong>autem</strong></span> <span class='ocrx_word' id='word_1_72' title='bbox 1152 1092 1433 1146; x_wconf 78' lang='lat' dir='ltr'><strong>inﬁnitam</strong></span> <span class='ocrx_word' id='word_1_73' title='bbox 1458 1093 1511 1146; x_wconf 88' lang='lat' dir='ltr'><strong>in</strong></span> <span class='ocrx_word' id='word_1_74' title='bbox 1534 1092 1619 1145; x_wconf 85' lang='lat' dir='ltr'><strong>his</strong></span> <span class='ocrx_word' id='word_1_75' title='bbox 1648 1091 2016 1145; x_wconf 80' lang='lat' dir='ltr'><strong>diﬂereutiam</strong></span> 
     </span>
    </p>
   </div>
   <div class='ocr_carea' id='block_1_13' title="bbox 386 1184 2019 1257">
    <p class='ocr_par' dir='ltr' id='par_1_13' title="bbox 386 1184 2019 1257">
     <span class='ocr_line' id='line_1_13' title="bbox 386 1184 2019 1257; baseline -0.002 -17"><span class='ocrx_word' id='word_1_76' title='bbox 386 1212 399 1217; x_wconf 51' lang='grc' dir='ltr'>ι</span> <span class='ocrx_word' id='word_1_77' title='bbox 436 1204 543 1241; x_wconf 83' lang='grc' dir='ltr'>ιιοη</span> <span class='ocrx_word' id='word_1_78' title='bbox 579 1187 748 1250; x_wconf 90' lang='lat' dir='ltr'><strong>videt,</strong></span> <span class='ocrx_word' id='word_1_79' title='bbox 784 1202 905 1240; x_wconf 91' lang='lat' dir='ltr'><strong>cum</strong></span> <span class='ocrx_word' id='word_1_80' title='bbox 945 1185 1234 1257; x_wconf 79' lang='lat' dir='ltr'><strong>legationis</strong></span> <span class='ocrx_word' id='word_1_81' title='bbox 1280 1199 1507 1239; x_wconf 87' lang='lat' dir='ltr'><strong>munere</strong></span> <span class='ocrx_word' id='word_1_82' title='bbox 1569 1184 1720 1252; x_wconf 79' lang='lat' dir='ltr'><strong>fungi</strong></span> <span class='ocrx_word' id='word_1_83' title='bbox 1752 1192 1809 1237; x_wconf 87' lang='lat' dir='ltr'><strong>et</strong></span> <span class='ocrx_word' id='word_1_84' title='bbox 1854 1184 2019 1237; x_wconf 82' lang='lat' dir='ltr'><strong>mini-</strong></span> 
     </span>
    </p>
   </div>
   <div class='ocr_carea' id='block_1_14' title="bbox 428 1280 2019 1347">
    <p class='ocr_par' dir='ltr' id='par_1_14' title="bbox 428 1280 2019 1347">
     <span class='ocr_line' id='line_1_14' title="bbox 428 1280 2019 1347; baseline -0.003 -13"><span class='ocrx_word' id='word_1_85' title='bbox 428 1294 613 1334; x_wconf 25' lang='lat' dir='ltr'><strong>rszrare</strong></span> <span class='ocrx_word' id='word_1_86' title='bbox 636 1280 707 1333; x_wconf 89' lang='lat' dir='ltr'><strong>sit</strong></span> <span class='ocrx_word' id='word_1_87' title='bbox 732 1293 946 1342; x_wconf 88' lang='lat' dir='ltr'><strong>eorum,</strong></span> <span class='ocrx_word' id='word_1_88' title='bbox 977 1293 1098 1347; x_wconf 70' lang='lat' dir='ltr'><strong>qua:</strong></span> <span class='ocrx_word' id='word_1_89' title='bbox 1136 1286 1321 1331; x_wconf 86' lang='lat' dir='ltr'><strong>creata</strong></span> <span class='ocrx_word' id='word_1_90' title='bbox 1356 1286 1408 1331; x_wconf 87' lang='lat' dir='ltr'><strong>et</strong></span> <span class='ocrx_word' id='word_1_91' title='bbox 1465 1290 1624 1330; x_wconf 82' lang='lat' dir='ltr'><strong>serva</strong></span> <span class='ocrx_word' id='word_1_92' title='bbox 1676 1283 1828 1339; x_wconf 88' lang='lat' dir='ltr'><strong>sunt,</strong></span> <span class='ocrx_word' id='word_1_93' title='bbox 1884 1288 2019 1345; x_wconf 85' lang='lat' dir='ltr'><strong>pro—</strong></span> 
     </span>
    </p>
   </div>
   <div class='ocr_carea' id='block_1_15' title="bbox 439 1366 2022 1442">
    <p class='ocr_par' dir='ltr' id='par_1_15' title="bbox 439 1366 2022 1442">
     <span class='ocr_line' id='line_1_15' title="bbox 439 1366 2022 1442; baseline -0.002 -18"><span class='ocrx_word' id='word_1_94' title='bbox 439 1372 845 1442; x_wconf 84' lang='lat' dir='ltr'><strong>prium,l’acere</strong></span> <span class='ocrx_word' id='word_1_95' title='bbox 879 1379 1059 1425; x_wconf 88' lang='lat' dir='ltr'><strong>autem</strong></span> <span class='ocrx_word' id='word_1_96' title='bbox 1090 1378 1145 1423; x_wconf 89' lang='lat' dir='ltr'><strong>et</strong></span> <span class='ocrx_word' id='word_1_97' title='bbox 1203 1380 1497 1438; x_wconf 78' lang='lat' dir='ltr'><strong>procreare</strong></span> <span class='ocrx_word' id='word_1_98' title='bbox 1551 1368 1726 1422; x_wconf 84' lang='lat' dir='ltr'><strong>solius</strong></span> <span class='ocrx_word' id='word_1_99' title='bbox 1777 1366 1906 1434; x_wconf 80' lang='lat' dir='ltr'><strong>Dei,</strong></span> <span class='ocrx_word' id='word_1_100' title='bbox 1964 1375 2022 1421; x_wconf 89' lang='lat' dir='ltr'><strong>et</strong></span> 
     </span>
    </p>
   </div>
   <div class='ocr_carea' id='block_1_16' title="bbox 442 1459 2021 1534">
    <p class='ocr_par' dir='ltr' id='par_1_16' title="bbox 442 1459 2021 1534">
     <span class='ocr_line' id='line_1_16' title="bbox 442 1459 2021 1534; baseline -0.003 -17"><span class='ocrx_word' id='word_1_101' title='bbox 442 1465 600 1518; x_wconf 80' lang='lat' dir='ltr'><strong>Verbi</strong></span> <span class='ocrx_word' id='word_1_102' title='bbox 630 1465 820 1534; x_wconf 87' lang='lat' dir='ltr'><strong>ipsius,</strong></span> <span class='ocrx_word' id='word_1_103' title='bbox 855 1471 911 1517; x_wconf 89' lang='lat' dir='ltr'><strong>et</strong></span> <span class='ocrx_word' id='word_1_104' title='bbox 938 1461 1265 1531; x_wconf 60' lang='lat' dir='ltr'><strong>sapientiae?</strong></span> <span class='ocrx_word' id='word_1_105' title='bbox 1339 1459 1692 1529; x_wconf 73' lang='lat' dir='ltr'><strong>Quapropter</strong></span> <span class='ocrx_word' id='word_1_106' title='bbox 1716 1459 1904 1513; x_wconf 74' lang='lat' dir='ltr'><strong>nullus</strong></span> <span class='ocrx_word' id='word_1_107' title='bbox 1935 1459 2021 1513; x_wconf 82' lang='lat' dir='ltr'><strong>in-</strong></span> 
     </span>
    </p>
   </div>
   <div class='ocr_carea' id='block_1_17' title="bbox 446 1552 2021 1626">
    <p class='ocr_par' dir='ltr' id='par_1_17' title="bbox 446 1552 2021 1626">
     <span class='ocr_line' id='line_1_17' title="bbox 446 1552 2021 1626; baseline -0.002 -16"><span class='ocrx_word' id='word_1_108' title='bbox 446 1557 653 1619; x_wconf 84' lang='lat' dir='ltr'><strong>veniet,</strong></span> <span class='ocrx_word' id='word_1_109' title='bbox 695 1570 1029 1626; x_wconf 87' lang='lat' dir='ltr'><strong>quemquam</strong></span> <span class='ocrx_word' id='word_1_110' title='bbox 1066 1569 1383 1623; x_wconf 83' lang='lat' dir='ltr'><strong>procreare,</strong></span> <span class='ocrx_word' id='word_1_111' title='bbox 1409 1553 1512 1607; x_wconf 85' lang='lat' dir='ltr'><strong>nisi</strong></span> <span class='ocrx_word' id='word_1_112' title='bbox 1549 1555 1730 1607; x_wconf 76' lang='lat' dir='ltr'><strong>soium</strong></span> <span class='ocrx_word' id='word_1_113' title='bbox 1759 1553 1852 1608; x_wconf 87' lang='lat' dir='ltr'><strong>Dei</strong></span> <span class='ocrx_word' id='word_1_114' title='bbox 1882 1552 2021 1607; x_wconf 89' lang='lat' dir='ltr'><strong>Ver-</strong></span> 
     </span>
    </p>
   </div>
   <div class='ocr_carea' id='block_1_18' title="bbox 436 1646 2020 1715">
    <p class='ocr_par' dir='ltr' id='par_1_18' title="bbox 436 1646 2020 1715">
     <span class='ocr_line' id='line_1_18' title="bbox 436 1646 2020 1715; baseline -0.001 -13"><span class='ocrx_word' id='word_1_115' title='bbox 436 1649 805 1704; x_wconf 84' lang='lat' dir='ltr'><strong>lmm.0mnia</strong></span> <span class='ocrx_word' id='word_1_116' title='bbox 831 1648 980 1701; x_wconf 89' lang='lat' dir='ltr'><strong>enim</strong></span> <span class='ocrx_word' id='word_1_117' title='bbox 1013 1648 1067 1701; x_wconf 89' lang='lat' dir='ltr'><strong>in</strong></span> <span class='ocrx_word' id='word_1_118' title='bbox 1098 1647 1371 1715; x_wconf 84' lang='lat' dir='ltr'><strong>sapientia</strong></span> <span class='ocrx_word' id='word_1_119' title='bbox 1414 1646 1556 1701; x_wconf 77' lang='lat' dir='ltr'><strong>facta</strong></span> <span class='ocrx_word' id='word_1_120' title='bbox 1600 1655 1748 1709; x_wconf 87' lang='lat' dir='ltr'><strong>sunt,</strong></span> <span class='ocrx_word' id='word_1_121' title='bbox 1792 1654 1848 1701; x_wconf 85' lang='lat' dir='ltr'><strong>et</strong></span> <span class='ocrx_word' id='word_1_122' title='bbox 1898 1646 2020 1701; x_wconf 88' lang='lat' dir='ltr'><strong>sine</strong></span> 
     </span>
    </p>
   </div>
   <div class='ocr_carea' id='block_1_19' title="bbox 449 1739 2015 1807">
    <p class='ocr_par' dir='ltr' id='par_1_19' title="bbox 449 1739 2015 1807">
     <span class='ocr_line' id='line_1_19' title="bbox 449 1739 2015 1807; baseline 0.001 -14"><span class='ocrx_word' id='word_1_123' title='bbox 449 1740 627 1793; x_wconf 71' lang='lat' dir='ltr'><strong>Verbo</strong></span> <span class='ocrx_word' id='word_1_124' title='bbox 661 1754 731 1793; x_wconf 90' lang='lat' dir='ltr'><strong>ne</strong></span> <span class='ocrx_word' id='word_1_125' title='bbox 764 1755 930 1792; x_wconf 92' lang='lat' dir='ltr'><strong>unum</strong></span> <span class='ocrx_word' id='word_1_126' title='bbox 958 1740 1180 1807; x_wconf 75' lang='lat' dir='ltr'><strong>quidem</strong></span> <span class='ocrx_word' id='word_1_127' title='bbox 1208 1740 1411 1793; x_wconf 80' lang='lat' dir='ltr'><strong>factum</strong></span> <span class='ocrx_word' id='word_1_128' title='bbox 1443 1749 1560 1794; x_wconf 81' lang='lat' dir='ltr'><strong>est:</strong></span> <span class='ocrx_word' id='word_1_129' title='bbox 1599 1739 1667 1793; x_wconf 78' lang='lat' dir='ltr'><strong>ad</strong></span> <span class='ocrx_word' id='word_1_130' title='bbox 1695 1739 1800 1793; x_wconf 88' lang='lat' dir='ltr'><strong>alia</strong></span> <span class='ocrx_word' id='word_1_131' title='bbox 1833 1751 2015 1795; x_wconf 87' lang='lat' dir='ltr'><strong>autem</strong></span> 
     </span>
    </p>
   </div>
   <div class='ocr_carea' id='block_1_20' title="bbox 436 1830 2021 1902">
    <p class='ocr_par' dir='ltr' id='par_1_20' title="bbox 436 1830 2021 1902">
     <span class='ocr_line' id='line_1_20' title="bbox 436 1830 2021 1902; baseline 0.003 -19"><span class='ocrx_word' id='word_1_132' title='bbox 436 1846 669 1885; x_wconf 85' lang='lat' dir='ltr'><strong>munera</strong></span> <span class='ocrx_word' id='word_1_133' title='bbox 697 1831 949 1885; x_wconf 78' lang='lat' dir='ltr'><strong>obeunda</strong></span> <span class='ocrx_word' id='word_1_134' title='bbox 972 1847 1077 1884; x_wconf 90' lang='lat' dir='ltr'><strong>non</strong></span> <span class='ocrx_word' id='word_1_135' title='bbox 1099 1846 1241 1885; x_wconf 91' lang='lat' dir='ltr'><strong>unus</strong></span> <span class='ocrx_word' id='word_1_136' title='bbox 1256 1846 1321 1885; x_wconf 80' lang='lat' dir='ltr'><strong>ex</strong></span> <span class='ocrx_word' id='word_1_137' title='bbox 1347 1830 1606 1885; x_wconf 82' lang='lat' dir='ltr'><strong>omnibus</strong></span> <span class='ocrx_word' id='word_1_138' title='bbox 1627 1831 1901 1902; x_wconf 82' lang='lat' dir='ltr'><strong>deligitur,</strong></span> <span class='ocrx_word' id='word_1_139' title='bbox 1922 1833 2021 1887; x_wconf 85' lang='lat' dir='ltr'><strong>sed</strong></span> 
     </span>
    </p>
   </div>
   <div class='ocr_carea' id='block_1_21' title="bbox 2119 534 3721 604">
    <p class='ocr_par' dir='ltr' id='par_1_21' title="bbox 2119 534 3721 604">
     <span class='ocr_line' id='line_1_21' title="bbox 2119 534 3721 604; baseline -0.001 -16"><span class='ocrx_word' id='word_1_140' title='bbox 2119 553 2210 588; x_wconf 90' lang='grc' dir='ltr'><strong>τον</strong></span> <span class='ocrx_word' id='word_1_141' title='bbox 2251 535 2557 604; x_wconf 78' lang='grc' dir='ltr'><strong>ὑποστῆναι</strong></span> <span class='ocrx_word' id='word_1_142' title='bbox 2594 537 2694 604; x_wconf 84' lang='grc' dir='ltr'><strong>τὴν</strong></span> <span class='ocrx_word' id='word_1_143' title='bbox 2732 535 2937 598; x_wconf 82' lang='grc' dir='ltr'><strong>κτίσιν,</strong></span> <span class='ocrx_word' id='word_1_144' title='bbox 2990 535 3079 588; x_wconf 80' lang='grc' dir='ltr'><strong>ἀεὶ</strong></span> <span class='ocrx_word' id='word_1_145' title='bbox 3140 534 3365 604; x_wconf 78' lang='grc' dir='ltr'><strong>μεσίτου</strong></span> <span class='ocrx_word' id='word_1_146' title='bbox 3419 534 3721 601; x_wconf 62' lang='grc' dir='ltr'>δεομένην,</span> 
     </span>
    </p>
   </div>
   <div class='ocr_carea' id='block_1_22' title="bbox 2118 624 3715 698">
    <p class='ocr_par' dir='ltr' id='par_1_22' title="bbox 2118 624 3715 698">
     <span class='ocr_line' id='line_1_22' title="bbox 2118 624 3715 698; baseline -0.001 -18"><span class='ocrx_word' id='word_1_147' title='bbox 2118 626 2326 680; x_wconf 76' lang='grc' dir='ltr'>καὶτοῦ</span> <span class='ocrx_word' id='word_1_148' title='bbox 2352 627 2519 697; x_wconf 80' lang='grc' dir='ltr'><strong>μέσου</strong></span> <span class='ocrx_word' id='word_1_149' title='bbox 2556 626 2631 696; x_wconf 81' lang='grc' dir='ltr'>μὴ</span> <span class='ocrx_word' id='word_1_150' title='bbox 2660 626 2963 695; x_wconf 79' lang='grc' dir='ltr'><strong>δυναμένου</strong></span> <span class='ocrx_word' id='word_1_151' title='bbox 2994 624 3249 695; x_wconf 83' lang='grc' dir='ltr'>γενέσθαι</span> <span class='ocrx_word' id='word_1_152' title='bbox 3299 626 3471 696; x_wconf 77' lang='grc' dir='ltr'>χωρὶς</span> <span class='ocrx_word' id='word_1_153' title='bbox 3513 627 3715 698; x_wconf 77' lang='grc' dir='ltr'>ἑτέρου</span> 
     </span>
    </p>
   </div>
   <div class='ocr_carea' id='block_1_23' title="bbox 2120 714 3711 790">
    <p class='ocr_par' dir='ltr' id='par_1_23' title="bbox 2120 714 3711 790">
     <span class='ocr_line' id='line_1_23' title="bbox 2120 714 3711 790; baseline 0.002 -19"><span class='ocrx_word' id='word_1_154' title='bbox 2120 720 2367 790; x_wconf 80' lang='grc' dir='ltr'><strong>μεσίτου,</strong></span> <span class='ocrx_word' id='word_1_155' title='bbox 2408 718 2495 772; x_wconf 77' lang='grc' dir='ltr'>διὰ</span> <span class='ocrx_word' id='word_1_156' title='bbox 2520 718 2580 771; x_wconf 77' lang='grc' dir='ltr'>τὸ</span> <span class='ocrx_word' id='word_1_157' title='bbox 2607 719 2817 782; x_wconf 79' lang='grc' dir='ltr'><strong>πάντας</strong></span> <span class='ocrx_word' id='word_1_158' title='bbox 2868 714 3012 772; x_wconf 75' lang='grc' dir='ltr'>εἶναι</span> <span class='ocrx_word' id='word_1_159' title='bbox 3044 717 3148 787; x_wconf 83' lang='grc' dir='ltr'>τῆς</span> <span class='ocrx_word' id='word_1_160' title='bbox 3176 720 3411 789; x_wconf 84' lang='grc' dir='ltr'>γενητῆς</span> <span class='ocrx_word' id='word_1_161' title='bbox 3466 718 3711 789; x_wconf 78' lang='grc' dir='ltr'>φύσεως,</span> 
     </span>
    </p>
   </div>
   <div class='ocr_carea' id='block_1_24' title="bbox 2119 812 3711 883">
    <p class='ocr_par' dir='ltr' id='par_1_24' title="bbox 2119 812 3711 883">
     <span class='ocr_line' id='line_1_24' title="bbox 2119 812 3711 883; baseline 0.002 -18"><span class='ocrx_word' id='word_1_162' title='bbox 2119 814 2216 881; x_wconf 75' lang='grc' dir='ltr'>τῆς</span> <span class='ocrx_word' id='word_1_163' title='bbox 2276 813 2354 881; x_wconf 85' lang='grc' dir='ltr'>μὴ</span> <span class='ocrx_word' id='word_1_164' title='bbox 2386 812 2696 881; x_wconf 75' lang='grc' dir='ltr'><strong>δυναμένης</strong></span> <span class='ocrx_word' id='word_1_165' title='bbox 2752 813 3050 883; x_wconf 84' lang='grc' dir='ltr'>μετασχεῖν</span> <span class='ocrx_word' id='word_1_166' title='bbox 3079 813 3179 882; x_wconf 84' lang='grc' dir='ltr'>τῆς</span> <span class='ocrx_word' id='word_1_167' title='bbox 3207 814 3358 883; x_wconf 67' lang='grc' dir='ltr'>παρὰ</span> <span class='ocrx_word' id='word_1_168' title='bbox 3412 814 3574 883; x_wconf 90' lang='grc' dir='ltr'>μόνου</span> <span class='ocrx_word' id='word_1_169' title='bbox 3606 813 3711 869; x_wconf 78' lang='grc' dir='ltr'><strong>τοῦ</strong></span> 
     </span>
    </p>
   </div>
   <div class='ocr_carea' id='block_1_25' title="bbox 2120 903 3713 978">
    <p class='ocr_par' dir='ltr' id='par_1_25' title="bbox 2120 903 3713 978">
     <span class='ocr_line' id='line_1_25' title="bbox 2120 903 3713 978; baseline 0.003 -21"><span class='ocrx_word' id='word_1_170' title='bbox 2120 903 2256 958; x_wconf 88' lang='grc' dir='ltr'>Θεοῦ</span> <span class='ocrx_word' id='word_1_171' title='bbox 2283 904 2572 971; x_wconf 74' lang='grc' dir='ltr'>ἐργασίας,</span> <span class='ocrx_word' id='word_1_172' title='bbox 2603 904 2680 967; x_wconf 81' lang='grc' dir='ltr'>ὡς</span> <span class='ocrx_word' id='word_1_173' title='bbox 2723 905 2883 973; x_wconf 81' lang='grc' dir='ltr'>ὑμεῖς</span> <span class='ocrx_word' id='word_1_174' title='bbox 2913 904 3123 974; x_wconf 81' lang='grc' dir='ltr'><strong>λέγετε.</strong></span> <span class='ocrx_word' id='word_1_175' title='bbox 3168 904 3315 959; x_wconf 80' lang='grc' dir='ltr'>Ἀλλ’</span> <span class='ocrx_word' id='word_1_176' title='bbox 3372 906 3501 972; x_wconf 74' lang='grc' dir='ltr'>ἰδοὺ,</span> <span class='ocrx_word' id='word_1_177' title='bbox 3546 909 3713 978; x_wconf 78' lang='grc' dir='ltr'>φησὶ,</span> 
     </span>
    </p>
   </div>
   <div class='ocr_carea' id='block_1_26' title="bbox 2120 996 3715 1067">
    <p class='ocr_par' dir='ltr' id='par_1_26' title="bbox 2120 996 3715 1067">
     <span class='ocr_line' id='line_1_26' title="bbox 2120 996 3715 1067; baseline 0.002 -17"><span class='ocrx_word' id='word_1_178' title='bbox 2120 998 2217 1050; x_wconf 74' lang='grc' dir='ltr'><strong>καὶ</strong></span> <span class='ocrx_word' id='word_1_179' title='bbox 2243 997 2331 1050; x_wconf 83' lang='grc' dir='ltr'>διὰ</span> <span class='ocrx_word' id='word_1_180' title='bbox 2368 999 2612 1060; x_wconf 78' lang='grc' dir='ltr'>Μωσέως</span> <span class='ocrx_word' id='word_1_181' title='bbox 2644 997 2883 1067; x_wconf 75' lang='grc' dir='ltr'>ἐξήγαγε</span> <span class='ocrx_word' id='word_1_182' title='bbox 2916 997 3008 1051; x_wconf 83' lang='grc' dir='ltr'><strong>τὸν</strong></span> <span class='ocrx_word' id='word_1_183' title='bbox 3031 998 3159 1051; x_wconf 66' lang='grc' dir='ltr'>λαὸν</span> <span class='ocrx_word' id='word_1_184' title='bbox 3197 996 3254 1065; x_wconf 75' lang='grc' dir='ltr'><strong>ἐξ</strong></span> <span class='ocrx_word' id='word_1_185' title='bbox 3275 998 3579 1066; x_wconf 75' lang='grc' dir='ltr'>Αἰγύπτου,</span> <span class='ocrx_word' id='word_1_186' title='bbox 3612 1002 3715 1055; x_wconf 76' lang='grc' dir='ltr'>καὶ</span> 
     </span>
    </p>
   </div>
   <div class='ocr_carea' id='block_1_27' title="bbox 2119 1089 3715 1163">
    <p class='ocr_par' dir='ltr' id='par_1_27' title="bbox 2119 1089 3715 1163">
     <span class='ocr_line' id='line_1_27' title="bbox 2119 1089 3715 1163; baseline 0.003 -21"><span class='ocrx_word' id='word_1_187' title='bbox 2119 1089 2187 1142; x_wconf 87' lang='grc' dir='ltr'>δι’</span> <span class='ocrx_word' id='word_1_188' title='bbox 2214 1090 2379 1143; x_wconf 72' lang='grc' dir='ltr'>αὑτοῦ</span> <span class='ocrx_word' id='word_1_189' title='bbox 2431 1091 2524 1143; x_wconf 84' lang='grc' dir='ltr'><strong>τὸν</strong></span> <span class='ocrx_word' id='word_1_190' title='bbox 2574 1090 2741 1159; x_wconf 88' lang='grc' dir='ltr'>νόμον</span> <span class='ocrx_word' id='word_1_191' title='bbox 2781 1090 2973 1153; x_wconf 76' lang='grc' dir='ltr'>ἔδωκε,</span> <span class='ocrx_word' id='word_1_192' title='bbox 3033 1092 3214 1146; x_wconf 85' lang='grc' dir='ltr'>καίτοι</span> <span class='ocrx_word' id='word_1_193' title='bbox 3246 1092 3342 1146; x_wconf 78' lang='grc' dir='ltr'>καὶ</span> <span class='ocrx_word' id='word_1_194' title='bbox 3374 1093 3542 1147; x_wconf 77' lang='grc' dir='ltr'>αὐτοῦ</span> <span class='ocrx_word' id='word_1_195' title='bbox 3573 1110 3715 1163; x_wconf 82' lang='grc' dir='ltr'>τυγ-</span> 
     </span>
    </p>
   </div>
   <div class='ocr_carea' id='block_1_28' title="bbox 2121 1182 3713 1257">
    <p class='ocr_par' dir='ltr' id='par_1_28' title="bbox 2121 1182 3713 1257">
     <span class='ocr_line' id='line_1_28' title="bbox 2121 1182 3713 1257; baseline 0.004 -21"><span class='ocrx_word' id='word_1_196' title='bbox 2121 1183 2379 1253; x_wconf 85' lang='grc' dir='ltr'>χάνοντος</span> <span class='ocrx_word' id='word_1_197' title='bbox 2403 1182 2714 1251; x_wconf 82' lang='grc' dir='ltr'>ἀνθρώπου.</span> <span class='ocrx_word' id='word_1_198' title='bbox 2743 1182 2884 1235; x_wconf 83' lang='grc' dir='ltr'>ὥστε</span> <span class='ocrx_word' id='word_1_199' title='bbox 2909 1184 3132 1239; x_wconf 76' lang='grc' dir='ltr'>δυνατὸν</span> <span class='ocrx_word' id='word_1_200' title='bbox 3163 1187 3261 1239; x_wconf 77' lang='grc' dir='ltr'>καὶ</span> <span class='ocrx_word' id='word_1_201' title='bbox 3282 1185 3371 1240; x_wconf 82' lang='grc' dir='ltr'>διὰ</span> <span class='ocrx_word' id='word_1_202' title='bbox 3397 1186 3490 1240; x_wconf 89' lang='grc' dir='ltr'><strong>τοῦ</strong></span> <span class='ocrx_word' id='word_1_203' title='bbox 3518 1188 3713 1257; x_wconf 81' lang='grc' dir='ltr'>ὁμοίου</span> 
     </span>
    </p>
   </div>
   <div class='ocr_carea' id='block_1_29' title="bbox 2121 1276 3717 1348">
    <p class='ocr_par' dir='ltr' id='par_1_29' title="bbox 2121 1276 3717 1348">
     <span class='ocr_line' id='line_1_29' title="bbox 2121 1276 3717 1348; baseline 0.004 -21"><span class='ocrx_word' id='word_1_204' title='bbox 2121 1277 2192 1327; x_wconf 87' lang='grc' dir='ltr'>τὰ</span> <span class='ocrx_word' id='word_1_205' title='bbox 2212 1276 2373 1345; x_wconf 77' lang='grc' dir='ltr'>ὅμοια</span> <span class='ocrx_word' id='word_1_206' title='bbox 2399 1276 2666 1344; x_wconf 82' lang='grc' dir='ltr'>γίνεσθαι.</span> <span class='ocrx_word' id='word_1_207' title='bbox 2724 1276 2898 1330; x_wconf 85' lang='grc' dir='ltr'>Τοῦτο</span> <span class='ocrx_word' id='word_1_208' title='bbox 2931 1276 2986 1329; x_wconf 78' lang='grc' dir='ltr'><strong>δὲ</strong></span> <span class='ocrx_word' id='word_1_209' title='bbox 3022 1276 3210 1345; x_wconf 75' lang='grc' dir='ltr'>λέγειν</span> <span class='ocrx_word' id='word_1_210' title='bbox 3242 1280 3444 1344; x_wconf 77' lang='grc' dir='ltr'>αὐτοὺς</span> <span class='ocrx_word' id='word_1_211' title='bbox 3475 1280 3717 1348; x_wconf 68' lang='grc' dir='ltr'>ἑγκαλυ-</span> 
     </span>
    </p>
   </div>
   <div class='ocr_carea' id='block_1_30' title="bbox 2124 1366 3718 1441">
    <p class='ocr_par' dir='ltr' id='par_1_30' title="bbox 2124 1366 3718 1441">
     <span class='ocr_line' id='line_1_30' title="bbox 2124 1366 3718 1441; baseline 0.005 -23"><span class='ocrx_word' id='word_1_212' title='bbox 2124 1366 2431 1434; x_wconf 79' lang='grc' dir='ltr'>πτομένους</span> <span class='ocrx_word' id='word_1_213' title='bbox 2476 1367 2740 1435; x_wconf 77' lang='grc' dir='ltr'>ἔπρεπεν,</span> <span class='ocrx_word' id='word_1_214' title='bbox 2789 1368 2878 1422; x_wconf 79' lang='grc' dir='ltr'><strong>ἵνα</strong></span> <span class='ocrx_word' id='word_1_215' title='bbox 2924 1368 3001 1438; x_wconf 81' lang='grc' dir='ltr'>μὴ</span> <span class='ocrx_word' id='word_1_216' title='bbox 3035 1368 3238 1440; x_wconf 79' lang='grc' dir='ltr'>πολλὴν</span> <span class='ocrx_word' id='word_1_217' title='bbox 3277 1370 3542 1441; x_wconf 74' lang='grc' dir='ltr'>αἰσχύνην</span> <span class='ocrx_word' id='word_1_218' title='bbox 3575 1374 3718 1426; x_wconf 81' lang='grc' dir='ltr'>ἀπε-</span> 
     </span>
    </p>
   </div>
   <div class='ocr_carea' id='block_1_31' title="bbox 2120 1456 3717 1535">
    <p class='ocr_par' dir='ltr' id='par_1_31' title="bbox 2120 1456 3717 1535">
     <span class='ocr_line' id='line_1_31' title="bbox 2120 1456 3717 1535; baseline 0.007 -26"><span class='ocrx_word' id='word_1_219' title='bbox 2120 1459 2447 1526; x_wconf 75' lang='grc' dir='ltr'>νέγκωνται.</span> <span class='ocrx_word' id='word_1_220' title='bbox 2494 1456 2736 1529; x_wconf 81' lang='grc' dir='ltr'>Μωῦσῆς</span> <span class='ocrx_word' id='word_1_221' title='bbox 2767 1461 2877 1531; x_wconf 74' lang='grc' dir='ltr'><strong>γὰρ</strong></span> <span class='ocrx_word' id='word_1_222' title='bbox 2906 1460 2966 1513; x_wconf 81' lang='grc' dir='ltr'><strong>οὐ</strong></span> <span class='ocrx_word' id='word_1_223' title='bbox 3001 1460 3361 1534; x_wconf 79' lang='grc' dir='ltr'><strong>δημιουργεῖν</strong></span> <span class='ocrx_word' id='word_1_224' title='bbox 3403 1466 3717 1535; x_wconf 75' lang='grc' dir='ltr'>ἐπέμπετο,</span> 
     </span>
    </p>
   </div>
   <div class='ocr_carea' id='block_1_32' title="bbox 2122 1546 3720 1622">
    <p class='ocr_par' dir='ltr' id='par_1_32' title="bbox 2122 1546 3720 1622">
     <span class='ocr_line' id='line_1_32' title="bbox 2122 1546 3720 1622; baseline 0.007 -19"><span class='ocrx_word' id='word_1_225' title='bbox 2122 1547 2241 1603; x_wconf 78' lang='grc' dir='ltr'>οὐδὲ</span> <span class='ocrx_word' id='word_1_226' title='bbox 2272 1551 2341 1604; x_wconf 81' lang='grc' dir='ltr'>τὰ</span> <span class='ocrx_word' id='word_1_227' title='bbox 2376 1552 2449 1622; x_wconf 78' lang='grc' dir='ltr'><strong>μὴ</strong></span> <span class='ocrx_word' id='word_1_228' title='bbox 2500 1549 2631 1605; x_wconf 74' lang='grc' dir='ltr'>ὄντα</span> <span class='ocrx_word' id='word_1_229' title='bbox 2673 1555 2752 1615; x_wconf 73' lang='grc' dir='ltr'><strong>είς</strong></span> <span class='ocrx_word' id='word_1_230' title='bbox 2792 1554 2851 1605; x_wconf 79' lang='grc' dir='ltr'><strong>τὸ</strong></span> <span class='ocrx_word' id='word_1_231' title='bbox 2888 1546 3032 1606; x_wconf 74' lang='grc' dir='ltr'>εἶναι</span> <span class='ocrx_word' id='word_1_232' title='bbox 3068 1554 3321 1621; x_wconf 82' lang='grc' dir='ltr'>καλέσαι,</span> <span class='ocrx_word' id='word_1_233' title='bbox 3369 1558 3467 1609; x_wconf 79' lang='grc' dir='ltr'>καὶ</span> <span class='ocrx_word' id='word_1_234' title='bbox 3504 1557 3720 1613; x_wconf 75' lang='grc' dir='ltr'>πλάσαι</span> 
     </span>
    </p>
   </div>
   <div class='ocr_carea' id='block_1_33' title="bbox 2122 1644 3719 1724">
    <p class='ocr_par' dir='ltr' id='par_1_33' title="bbox 2122 1644 3719 1724">
     <span class='ocr_line' id='line_1_33' title="bbox 2122 1644 3719 1724; baseline 0.006 -29"><span class='ocrx_word' id='word_1_235' title='bbox 2122 1644 2247 1706; x_wconf 80' lang='grc' dir='ltr'>τοὺς</span> <span class='ocrx_word' id='word_1_236' title='bbox 2272 1644 2495 1714; x_wconf 83' lang='grc' dir='ltr'>ὁμοίους</span> <span class='ocrx_word' id='word_1_237' title='bbox 2519 1644 2862 1714; x_wconf 77' lang='grc' dir='ltr'>ἀνθρώπους,</span> <span class='ocrx_word' id='word_1_238' title='bbox 2898 1645 3037 1699; x_wconf 79' lang='grc' dir='ltr'>ἀλλὰ</span> <span class='ocrx_word' id='word_1_239' title='bbox 3058 1648 3386 1718; x_wconf 81' lang='grc' dir='ltr'>διακονῆσαι</span> <span class='ocrx_word' id='word_1_240' title='bbox 3422 1653 3586 1720; x_wconf 87' lang='grc' dir='ltr'>μόνον</span> <span class='ocrx_word' id='word_1_241' title='bbox 3615 1656 3719 1724; x_wconf 76' lang='grc' dir='ltr'><strong>ρή-</strong></span> 
     </span>
    </p>
   </div>
   <div class='ocr_carea' id='block_1_34' title="bbox 2125 1736 3717 1815">
    <p class='ocr_par' dir='ltr' id='par_1_34' title="bbox 2125 1736 3717 1815">
     <span class='ocr_line' id='line_1_34' title="bbox 2125 1736 3717 1815; baseline 0.008 -28"><span class='ocrx_word' id='word_1_242' title='bbox 2125 1751 2273 1804; x_wconf 84' lang='grc' dir='ltr'>ματα</span> <span class='ocrx_word' id='word_1_243' title='bbox 2300 1736 2438 1806; x_wconf 83' lang='grc' dir='ltr'>πρὸς</span> <span class='ocrx_word' id='word_1_244' title='bbox 2463 1736 2554 1789; x_wconf 76' lang='grc' dir='ltr'><strong>τὸν</strong></span> <span class='ocrx_word' id='word_1_245' title='bbox 2591 1738 2745 1802; x_wconf 77' lang='grc' dir='ltr'>λαὸν,</span> <span class='ocrx_word' id='word_1_246' title='bbox 2790 1737 2884 1790; x_wconf 76' lang='grc' dir='ltr'><strong>καὶ</strong></span> <span class='ocrx_word' id='word_1_247' title='bbox 2924 1741 3060 1807; x_wconf 78' lang='grc' dir='ltr'>πρὸς</span> <span class='ocrx_word' id='word_1_248' title='bbox 3089 1740 3181 1792; x_wconf 80' lang='grc' dir='ltr'><strong>τὸν</strong></span> <span class='ocrx_word' id='word_1_249' title='bbox 3224 1736 3452 1810; x_wconf 72' lang='grc' dir='ltr'>βασιλέα</span> <span class='ocrx_word' id='word_1_250' title='bbox 3481 1744 3717 1815; x_wconf 80' lang='grc' dir='ltr'>Φαραώ.</span> 
     </span>
    </p>
   </div>
   <div class='ocr_carea' id='block_1_35' title="bbox 2130 1827 3721 1906">
    <p class='ocr_par' dir='ltr' id='par_1_35' title="bbox 2130 1827 3721 1906">
     <span class='ocr_line' id='line_1_35' title="bbox 2130 1827 3721 1906; baseline 0.007 -26"><span class='ocrx_word' id='word_1_251' title='bbox 2130 1827 2289 1897; x_wconf 78' lang='grc' dir='ltr'>Ἔχει</span> <span class='ocrx_word' id='word_1_252' title='bbox 2309 1828 2363 1882; x_wconf 81' lang='grc' dir='ltr'><strong>δὲ</strong></span> <span class='ocrx_word' id='word_1_253' title='bbox 2388 1828 2555 1882; x_wconf 88' lang='grc' dir='ltr'>τοῦτο</span> <span class='ocrx_word' id='word_1_254' title='bbox 2574 1829 2779 1901; x_wconf 83' lang='grc' dir='ltr'>πολλὴν</span> <span class='ocrx_word' id='word_1_255' title='bbox 2809 1832 3226 1905; x_wconf 72' lang='grc' dir='ltr'>τὴνδιαφοραν,</span> <span class='ocrx_word' id='word_1_256' title='bbox 3258 1834 3341 1888; x_wconf 84' lang='grc' dir='ltr'>ὅτι</span> <span class='ocrx_word' id='word_1_257' title='bbox 3372 1834 3432 1888; x_wconf 86' lang='grc' dir='ltr'><strong>τδ</strong></span> <span class='ocrx_word' id='word_1_258' title='bbox 3464 1837 3565 1906; x_wconf 81' lang='grc' dir='ltr'>μὲν</span> <span class='ocrx_word' id='word_1_259' title='bbox 3596 1838 3721 1892; x_wconf 89' lang='grc' dir='ltr'>δια-</span> 
     </span>
    </p>
   </div>
   <div class='ocr_carea' id='block_1_36' title="bbox 442 1920 2019 2006">
    <p class='ocr_par' dir='ltr' id='par_1_36' title="bbox 442 1922 2019 1993">
     <span class='ocr_line' id='line_1_36' title="bbox 442 1922 2019 1993; baseline 0.002 -18"><span class='ocrx_word' id='word_1_260' title='bbox 442 1926 620 1987; x_wconf 86' lang='lat' dir='ltr'><strong>multi,</strong></span> <span class='ocrx_word' id='word_1_261' title='bbox 648 1939 785 1993; x_wconf 82' lang='lat' dir='ltr'><strong>quos</strong></span> <span class='ocrx_word' id='word_1_262' title='bbox 816 1924 933 1978; x_wconf 89' lang='lat' dir='ltr'><strong>vult</strong></span> <span class='ocrx_word' id='word_1_263' title='bbox 956 1923 1072 1989; x_wconf 89' lang='lat' dir='ltr'><strong>ipse</strong></span> <span class='ocrx_word' id='word_1_264' title='bbox 1107 1924 1268 1979; x_wconf 84' lang='lat' dir='ltr'><strong>Deus.</strong></span> <span class='ocrx_word' id='word_1_265' title='bbox 1296 1922 1447 1978; x_wconf 69' lang='lat' dir='ltr'><strong>Multi</strong></span> <span class='ocrx_word' id='word_1_266' title='bbox 1499 1924 1643 1979; x_wconf 86' lang='lat' dir='ltr'><strong>enim</strong></span> <span class='ocrx_word' id='word_1_267' title='bbox 1676 1925 1879 1979; x_wconf 82' lang='lat' dir='ltr'><strong>adsunt</strong></span> <span class='ocrx_word' id='word_1_268' title='bbox 1926 1940 2019 1979; x_wconf 82' lang='lat' dir='ltr'><strong>ar-</strong></span> 
     </span>
    </p>
   </div>
   <div class='ocr_carea' id='block_1_37' title="bbox 2122 1920 3719 2006">
    <p class='ocr_par' dir='ltr' id='par_1_37' title="bbox 2125 1920 3719 2006">
     <span class='ocr_line' id='line_1_37' title="bbox 2125 1920 3719 2006; baseline 0.008 -32"><span class='ocrx_word' id='word_1_269' title='bbox 2125 1920 2305 1974; x_wconf 84' lang='grc' dir='ltr'>κονεῖν</span> <span class='ocrx_word' id='word_1_270' title='bbox 2356 1920 2466 1974; x_wconf 84' lang='grc' dir='ltr'><strong>τῶν</strong></span> <span class='ocrx_word' id='word_1_271' title='bbox 2509 1921 2758 1993; x_wconf 85' lang='grc' dir='ltr'>γενητῶν</span> <span class='ocrx_word' id='word_1_272' title='bbox 2810 1924 2906 1978; x_wconf 73' lang='grc' dir='ltr'><strong>καὶ</strong></span> <span class='ocrx_word' id='word_1_273' title='bbox 2943 1924 3149 1979; x_wconf 79' lang='grc' dir='ltr'>δούλων</span> <span class='ocrx_word' id='word_1_274' title='bbox 3206 1928 3363 1992; x_wconf 80' lang='grc' dir='ltr'>ἐστὶ,</span> <span class='ocrx_word' id='word_1_275' title='bbox 3397 1929 3460 1982; x_wconf 85' lang='grc' dir='ltr'>τὸ</span> <span class='ocrx_word' id='word_1_276' title='bbox 3508 1931 3566 1985; x_wconf 79' lang='grc' dir='ltr'>δὲ</span> <span class='ocrx_word' id='word_1_277' title='bbox 3616 1932 3719 2006; x_wconf 72' lang='grc' dir='ltr'>δη-</span> 
     </span>
    </p>
   </div>
   <div class='ocr_carea' id='block_1_38' title="bbox 438 2012 2019 2086">
    <p class='ocr_par' dir='ltr' id='par_1_38' title="bbox 438 2012 2019 2085">
     <span class='ocr_line' id='line_1_38' title="bbox 438 2012 2019 2085; baseline 0.003 -17"><span class='ocrx_word' id='word_1_278' title='bbox 438 2016 717 2085; x_wconf 85' lang='lat' dir='ltr'><strong>changeli,</strong></span> <span class='ocrx_word' id='word_1_279' title='bbox 746 2016 897 2070; x_wconf 88' lang='lat' dir='ltr'><strong>multi</strong></span> <span class='ocrx_word' id='word_1_280' title='bbox 929 2012 1163 2079; x_wconf 79' lang='lat' dir='ltr'><strong>Thmui,</strong></span> <span class='ocrx_word' id='word_1_281' title='bbox 1231 2017 1417 2072; x_wconf 73' lang='lat' dir='ltr'><strong>multae</strong></span> <span class='ocrx_word' id='word_1_282' title='bbox 1455 2017 1782 2082; x_wconf 82' lang='lat' dir='ltr'><strong>Potestates,</strong></span> <span class='ocrx_word' id='word_1_283' title='bbox 1836 2018 2019 2073; x_wconf 69' lang='lat' dir='ltr'><strong>multa:</strong></span> 
     </span>
    </p>
   </div>
   <div class='ocr_carea' id='block_1_39' title="bbox 2122 2012 3719 2086">
    <p class='ocr_par' dir='ltr' id='par_1_39' title="bbox 2128 2015 3719 2086">
     <span class='ocr_line' id='line_1_39' title="bbox 2128 2015 3719 2086; baseline 0.008 -20"><span class='ocrx_word' id='word_1_284' title='bbox 2128 2015 2411 2085; x_wconf 87' lang='grc' dir='ltr'>μιουργεῖν</span> <span class='ocrx_word' id='word_1_285' title='bbox 2469 2015 2565 2067; x_wconf 71' lang='grc' dir='ltr'>καὶ</span> <span class='ocrx_word' id='word_1_286' title='bbox 2591 2015 2797 2079; x_wconf 76' lang='grc' dir='ltr'>κτίζειν</span> <span class='ocrx_word' id='word_1_287' title='bbox 2826 2018 2989 2086; x_wconf 78' lang='grc' dir='ltr'>μόνου</span> <span class='ocrx_word' id='word_1_288' title='bbox 3015 2018 3109 2072; x_wconf 75' lang='grc' dir='ltr'><strong>τοῦ</strong></span> <span class='ocrx_word' id='word_1_289' title='bbox 3148 2019 3284 2073; x_wconf 88' lang='grc' dir='ltr'>Θεοῦ</span> <span class='ocrx_word' id='word_1_290' title='bbox 3316 2022 3454 2085; x_wconf 73' lang='grc' dir='ltr'>ἐστι,</span> <span class='ocrx_word' id='word_1_291' title='bbox 3492 2025 3589 2077; x_wconf 61' lang='grc' dir='ltr'><strong>καλ⁵</strong></span> <span class='ocrx_word' id='word_1_292' title='bbox 3618 2026 3719 2080; x_wconf 86' lang='grc' dir='ltr'><strong>τοῦ</strong></span> 
     </span>
    </p>
   </div>
   <div class='ocr_carea' id='block_1_40' title="bbox 438 2105 2019 2186">
    <p class='ocr_par' dir='ltr' id='par_1_40' title="bbox 438 2107 2019 2181">
     <span class='ocr_line' id='line_1_40' title="bbox 438 2107 2019 2181; baseline 0.005 -23"><span class='ocrx_word' id='word_1_293' title='bbox 438 2107 872 2168; x_wconf 70' lang='lat' dir='ltr'><strong>nominationes,</strong></span> <span class='ocrx_word' id='word_1_294' title='bbox 903 2107 1322 2163; x_wconf 84' lang='lat' dir='ltr'><strong>innumerabilia</strong></span> <span class='ocrx_word' id='word_1_295' title='bbox 1348 2109 1584 2179; x_wconf 89' lang='lat' dir='ltr'><strong>denique</strong></span> <span class='ocrx_word' id='word_1_296' title='bbox 1635 2121 1834 2181; x_wconf 70' lang='lat' dir='ltr'><strong>praesto</strong></span> <span class='ocrx_word' id='word_1_297' title='bbox 1894 2122 2019 2167; x_wconf 89' lang='lat' dir='ltr'><strong>sunt</strong></span> 
     </span>
    </p>
   </div>
   <div class='ocr_carea' id='block_1_41' title="bbox 2122 2105 3720 2186">
    <p class='ocr_par' dir='ltr' id='par_1_41' title="bbox 2126 2105 3720 2186">
     <span class='ocr_line' id='line_1_41' title="bbox 2126 2105 3720 2186; baseline 0.008 -28"><span class='ocrx_word' id='word_1_298' title='bbox 2126 2105 2256 2159; x_wconf 83' lang='grc' dir='ltr'>ῖδίου</span> <span class='ocrx_word' id='word_1_299' title='bbox 2283 2106 2456 2173; x_wconf 79' lang='grc' dir='ltr'>Λόγου</span> <span class='ocrx_word' id='word_1_300' title='bbox 2488 2108 2676 2171; x_wconf 78' lang='grc' dir='ltr'>αὑτοῦ,</span> <span class='ocrx_word' id='word_1_301' title='bbox 2705 2108 2798 2162; x_wconf 69' lang='grc' dir='ltr'>καὶ</span> <span class='ocrx_word' id='word_1_302' title='bbox 2846 2110 2949 2180; x_wconf 84' lang='grc' dir='ltr'>τῆς</span> <span class='ocrx_word' id='word_1_303' title='bbox 2990 2112 3208 2180; x_wconf 65' lang='grc' dir='ltr'>σοφίαςι</span> <span class='ocrx_word' id='word_1_304' title='bbox 3263 2115 3364 2167; x_wconf 74' lang='grc' dir='ltr'><strong>Διὰ</strong></span> <span class='ocrx_word' id='word_1_305' title='bbox 3396 2114 3557 2172; x_wconf 85' lang='grc' dir='ltr'>τοῦτο</span> <span class='ocrx_word' id='word_1_306' title='bbox 3581 2117 3720 2186; x_wconf 84' lang='grc' dir='ltr'>γοῦν</span> 
     </span>
    </p>
   </div>
   <div class='ocr_carea' id='block_1_42' title="bbox 438 2199 2022 2273">
    <p class='ocr_par' dir='ltr' id='par_1_42' title="bbox 438 2199 2022 2273">
     <span class='ocr_line' id='line_1_42' title="bbox 438 2199 2022 2273; baseline 0.006 -23"><span class='ocrx_word' id='word_1_307' title='bbox 438 2199 605 2252; x_wconf 86' lang='lat' dir='ltr'><strong>millia</strong></span> <span class='ocrx_word' id='word_1_308' title='bbox 632 2200 1031 2263; x_wconf 87' lang='lat' dir='ltr'><strong>ministrorum,</strong></span> <span class='ocrx_word' id='word_1_309' title='bbox 1069 2202 1161 2272; x_wconf 86' lang='lat' dir='ltr'><strong>qui</strong></span> <span class='ocrx_word' id='word_1_310' title='bbox 1196 2203 1432 2271; x_wconf 88' lang='lat' dir='ltr'><strong>prompti</strong></span> <span class='ocrx_word' id='word_1_311' title='bbox 1459 2205 2022 2273; x_wconf 78' lang='lat' dir='ltr'><strong>cxspectantmitten-</strong></span> 
     </span>
    </p>
   </div>
   <div class='ocr_carea' id='block_1_43' title="bbox 434 2291 2018 2368">
    <p class='ocr_par' dir='ltr' id='par_1_43' title="bbox 434 2291 2018 2368">
     <span class='ocr_line' id='line_1_43' title="bbox 434 2291 2018 2368; baseline 0.007 -26"><span class='ocrx_word' id='word_1_312' title='bbox 434 2292 505 2345; x_wconf 88' lang='lat' dir='ltr'><strong>tis</strong></span> <span class='ocrx_word' id='word_1_313' title='bbox 533 2291 841 2360; x_wconf 89' lang='lat' dir='ltr'><strong>imperium.</strong></span> <span class='ocrx_word' id='word_1_314' title='bbox 877 2292 1162 2365; x_wconf 69' lang='lat' dir='ltr'><strong>Pmphetaa</strong></span> <span class='ocrx_word' id='word_1_315' title='bbox 1185 2305 1442 2363; x_wconf 66' lang='lat' dir='ltr'><strong>praeterea</strong></span> <span class='ocrx_word' id='word_1_316' title='bbox 1473 2297 1654 2359; x_wconf 89' lang='lat' dir='ltr'><strong>multi,</strong></span> <span class='ocrx_word' id='word_1_317' title='bbox 1687 2306 1741 2351; x_wconf 87' lang='lat' dir='ltr'><strong>et</strong></span> <span class='ocrx_word' id='word_1_318' title='bbox 1795 2310 2018 2368; x_wconf 87' lang='lat' dir='ltr'><strong>aposto-</strong></span> 
     </span>
    </p>
   </div>
   <div class='ocr_carea' id='block_1_44' title="bbox 435 2382 2020 2459">
    <p class='ocr_par' dir='ltr' id='par_1_44' title="bbox 435 2382 2020 2459">
     <span class='ocr_line' id='line_1_44' title="bbox 435 2382 2020 2459; baseline 0.007 -25"><span class='ocrx_word' id='word_1_319' title='bbox 435 2382 471 2434; x_wconf 80' lang='lat' dir='ltr'><strong>li</strong></span> <span class='ocrx_word' id='word_1_320' title='bbox 500 2382 813 2445; x_wconf 76' lang='lat' dir='ltr'><strong>duodecim,</strong></span> <span class='ocrx_word' id='word_1_321' title='bbox 843 2394 898 2439; x_wconf 91' lang='lat' dir='ltr'><strong>et</strong></span> <span class='ocrx_word' id='word_1_322' title='bbox 943 2384 1164 2450; x_wconf 79' lang='lat' dir='ltr'><strong>Paulus,</strong></span> <span class='ocrx_word' id='word_1_323' title='bbox 1202 2386 1455 2443; x_wconf 85' lang='lat' dir='ltr'><strong>etMoses</strong></span> <span class='ocrx_word' id='word_1_324' title='bbox 1507 2387 1647 2459; x_wconf 87' lang='lat' dir='ltr'><strong>ipse,</strong></span> <span class='ocrx_word' id='word_1_325' title='bbox 1698 2405 1803 2445; x_wconf 88' lang='lat' dir='ltr'><strong>nec</strong></span> <span class='ocrx_word' id='word_1_326' title='bbox 1869 2392 2020 2446; x_wconf 88' lang='lat' dir='ltr'><strong>solus</strong></span> 
     </span>
    </p>
   </div>
   <div class='ocr_carea' id='block_1_45' title="bbox 435 2477 2020 2553">
    <p class='ocr_par' dir='ltr' id='par_1_45' title="bbox 435 2477 2020 2553">
     <span class='ocr_line' id='line_1_45' title="bbox 435 2477 2020 2553; baseline 0.006 -27"><span class='ocrx_word' id='word_1_327' title='bbox 435 2481 643 2538; x_wconf 84' lang='lat' dir='ltr'><strong>tamen,</strong></span> <span class='ocrx_word' id='word_1_328' title='bbox 694 2477 871 2531; x_wconf 78' lang='lat' dir='ltr'><strong>sedet</strong></span> <span class='ocrx_word' id='word_1_329' title='bbox 919 2477 1099 2532; x_wconf 82' lang='lat' dir='ltr'><strong>Aaron</strong></span> <span class='ocrx_word' id='word_1_330' title='bbox 1130 2494 1253 2532; x_wconf 91' lang='lat' dir='ltr'><strong>cum</strong></span> <span class='ocrx_word' id='word_1_331' title='bbox 1285 2480 1425 2548; x_wconf 91' lang='lat' dir='ltr'><strong>ipso,</strong></span> <span class='ocrx_word' id='word_1_332' title='bbox 1477 2490 1535 2536; x_wconf 86' lang='lat' dir='ltr'><strong>et</strong></span> <span class='ocrx_word' id='word_1_333' title='bbox 1575 2480 1665 2535; x_wconf 85' lang='lat' dir='ltr'><strong>alii</strong></span> <span class='ocrx_word' id='word_1_334' title='bbox 1698 2482 1827 2536; x_wconf 87' lang='lat' dir='ltr'><strong>item</strong></span> <span class='ocrx_word' id='word_1_335' title='bbox 1890 2497 2020 2553; x_wconf 82' lang='lat' dir='ltr'><strong>sep-</strong></span> 
     </span>
    </p>
   </div>
   <div class='ocr_carea' id='block_1_46' title="bbox 435 2566 2049 2640">
    <p class='ocr_par' dir='ltr' id='par_1_46' title="bbox 435 2566 2049 2640">
     <span class='ocr_line' id='line_1_46' title="bbox 435 2566 2049 2640; baseline 0.007 -24"><span class='ocrx_word' id='word_1_336' title='bbox 435 2566 686 2633; x_wconf 76' lang='lat' dir='ltr'><strong>tuaginta</strong></span> <span class='ocrx_word' id='word_1_337' title='bbox 718 2566 829 2622; x_wconf 87' lang='lat' dir='ltr'><strong>duo</strong></span> <span class='ocrx_word' id='word_1_338' title='bbox 859 2567 1117 2637; x_wconf 87' lang='lat' dir='ltr'><strong>discipuli</strong></span> <span class='ocrx_word' id='word_1_339' title='bbox 1161 2569 1355 2638; x_wconf 84' lang='lat' dir='ltr'><strong>repleti</strong></span> <span class='ocrx_word' id='word_1_340' title='bbox 1422 2570 1635 2640; x_wconf 84' lang='lat' dir='ltr'><strong>Spiritu</strong></span> <span class='ocrx_word' id='word_1_341' title='bbox 1696 2579 1908 2637; x_wconf 81' lang='lat' dir='ltr'><strong>sancto,</strong></span> <span class='ocrx_word' id='word_1_342' title='bbox 1963 2581 2049 2627; x_wconf 81' lang='lat' dir='ltr'><strong>el&#39;</strong></span> 
     </span>
    </p>
   </div>
   <div class='ocr_carea' id='block_1_47' title="bbox 435 2656 2018 2730">
    <p class='ocr_par' dir='ltr' id='par_1_47' title="bbox 435 2656 2018 2730">
     <span class='ocr_line' id='line_1_47' title="bbox 435 2656 2018 2730; baseline 0.004 -21"><span class='ocrx_word' id='word_1_343' title='bbox 435 2656 569 2711; x_wconf 80' lang='lat' dir='ltr'><strong>Mosi</strong></span> <span class='ocrx_word' id='word_1_344' title='bbox 595 2659 860 2712; x_wconf 87' lang='lat' dir='ltr'><strong>successit</strong></span> <span class='ocrx_word' id='word_1_345' title='bbox 894 2657 1061 2713; x_wconf 77' lang='lat' dir='ltr'><strong>Josue</strong></span> <span class='ocrx_word' id='word_1_346' title='bbox 1093 2660 1236 2714; x_wconf 80' lang='lat' dir='ltr'><strong>ﬁlius</strong></span> <span class='ocrx_word' id='word_1_347' title='bbox 1260 2659 1433 2720; x_wconf 80' lang='lat' dir='ltr'><strong>Nave.</strong></span> <span class='ocrx_word' id='word_1_348' title='bbox 1465 2669 1520 2715; x_wconf 91' lang='lat' dir='ltr'><strong>et</strong></span> <span class='ocrx_word' id='word_1_349' title='bbox 1553 2662 1681 2715; x_wconf 86' lang='lat' dir='ltr'><strong>huic</strong></span> <span class='ocrx_word' id='word_1_350' title='bbox 1740 2661 1844 2730; x_wconf 91' lang='lat' dir='ltr'><strong>ipsi</strong></span> <span class='ocrx_word' id='word_1_351' title='bbox 1920 2660 2018 2715; x_wconf 74' lang='lat' dir='ltr'><strong>Ju-</strong></span> 
     </span>
    </p>
   </div>
   <div class='ocr_carea' id='block_1_48' title="bbox 433 2751 2017 2826">
    <p class='ocr_par' dir='ltr' id='par_1_48' title="bbox 433 2751 2017 2826">
     <span class='ocr_line' id='line_1_48' title="bbox 433 2751 2017 2826; baseline 0.005 -23"><span class='ocrx_word' id='word_1_352' title='bbox 433 2751 603 2815; x_wconf 73' lang='lat' dir='ltr'><strong>dir-es,</strong></span> <span class='ocrx_word' id='word_1_353' title='bbox 634 2761 691 2805; x_wconf 91' lang='lat' dir='ltr'><strong>et</strong></span> <span class='ocrx_word' id='word_1_354' title='bbox 724 2751 809 2806; x_wconf 87' lang='lat' dir='ltr'><strong>bis</strong></span> <span class='ocrx_word' id='word_1_355' title='bbox 855 2767 963 2806; x_wconf 93' lang='lat' dir='ltr'><strong>non</strong></span> <span class='ocrx_word' id='word_1_356' title='bbox 989 2768 1155 2815; x_wconf 88' lang='lat' dir='ltr'><strong>unus,</strong></span> <span class='ocrx_word' id='word_1_357' title='bbox 1191 2753 1289 2807; x_wconf 91' lang='lat' dir='ltr'><strong>sed</strong></span> <span class='ocrx_word' id='word_1_358' title='bbox 1315 2754 1471 2809; x_wconf 88' lang='lat' dir='ltr'><strong>multi</strong></span> <span class='ocrx_word' id='word_1_359' title='bbox 1525 2771 1702 2826; x_wconf 80' lang='lat' dir='ltr'><strong>reges.</strong></span> <span class='ocrx_word' id='word_1_360' title='bbox 1765 2755 1934 2826; x_wconf 67' lang='lat' dir='ltr'><strong>Quod:</strong></span> <span class='ocrx_word' id='word_1_361' title='bbox 1971 2756 2017 2811; x_wconf 79' lang='lat' dir='ltr'><strong>si</strong></span> 
     </span>
    </p>
   </div>
   <div class='ocr_carea' id='block_1_49' title="bbox 432 2848 2015 2920">
    <p class='ocr_par' dir='ltr' id='par_1_49' title="bbox 432 2848 2015 2920">
     <span class='ocr_line' id='line_1_49' title="bbox 432 2848 2015 2920; baseline 0.006 -23"><span class='ocrx_word' id='word_1_362' title='bbox 432 2854 670 2910; x_wconf 77' lang='lat' dir='ltr'><strong>creatus,</strong></span> <span class='ocrx_word' id='word_1_363' title='bbox 701 2856 754 2899; x_wconf 80' lang='lat' dir='ltr'><strong>et</strong></span> <span class='ocrx_word' id='word_1_364' title='bbox 783 2862 924 2901; x_wconf 92' lang='lat' dir='ltr'><strong>unus</strong></span> <span class='ocrx_word' id='word_1_365' title='bbox 950 2863 1015 2902; x_wconf 79' lang='lat' dir='ltr'><strong>ex</strong></span> <span class='ocrx_word' id='word_1_366' title='bbox 1046 2848 1111 2901; x_wconf 92' lang='lat' dir='ltr'><strong>iis</strong></span> <span class='ocrx_word' id='word_1_367' title='bbox 1135 2849 1226 2920; x_wconf 88' lang='lat' dir='ltr'><strong>qui</strong></span> <span class='ocrx_word' id='word_1_368' title='bbox 1262 2848 1396 2903; x_wconf 76' lang='lat' dir='ltr'><strong>facti</strong></span> <span class='ocrx_word' id='word_1_369' title='bbox 1431 2860 1580 2913; x_wconf 85' lang='lat' dir='ltr'><strong>sunt,</strong></span> <span class='ocrx_word' id='word_1_370' title='bbox 1642 2860 1763 2906; x_wconf 89' lang='lat' dir='ltr'><strong>erat</strong></span> <span class='ocrx_word' id='word_1_371' title='bbox 1822 2851 2015 2918; x_wconf 87' lang='lat' dir='ltr'><strong>Filius,</strong></span> 
     </span>
    </p>
   </div>
   <div class='ocr_carea' id='block_1_50' title="bbox 434 2938 2015 3010">
    <p class='ocr_par' dir='ltr' id='par_1_50' title="bbox 434 2938 2015 3010">
     <span class='ocr_line' id='line_1_50' title="bbox 434 2938 2015 3010; baseline 0.006 -21"><span class='ocrx_word' id='word_1_372' title='bbox 434 2952 558 2991; x_wconf 81' lang='lat' dir='ltr'><strong>esse</strong></span> <span class='ocrx_word' id='word_1_373' title='bbox 648 2938 848 2991; x_wconf 87' lang='lat' dir='ltr'><strong>multos</strong></span> <span class='ocrx_word' id='word_1_374' title='bbox 896 2938 1165 3006; x_wconf 79' lang='lat' dir='ltr'><strong>ejusmodi</strong></span> <span class='ocrx_word' id='word_1_375' title='bbox 1222 2939 1364 2996; x_wconf 83' lang='lat' dir='ltr'><strong>ﬁlios</strong></span> <span class='ocrx_word' id='word_1_376' title='bbox 1398 2944 1713 3010; x_wconf 81' lang='lat' dir='ltr'><strong>Oportebat,</strong></span> <span class='ocrx_word' id='word_1_377' title='bbox 1776 2950 1836 2997; x_wconf 92' lang='lat' dir='ltr'><strong>ut</strong></span> <span class='ocrx_word' id='word_1_378' title='bbox 1871 2943 2015 2999; x_wconf 59' lang='lat' dir='ltr'><strong>mulc</strong></span> 
     </span>
    </p>
   </div>
   <div class='ocr_carea' id='block_1_51' title="bbox 436 3028 2015 3106">
    <p class='ocr_par' dir='ltr' id='par_1_51' title="bbox 436 3028 2015 3106">
     <span class='ocr_line' id='line_1_51' title="bbox 436 3028 2015 3106; baseline 0.008 -26"><span class='ocrx_word' id='word_1_379' title='bbox 436 3040 521 3083; x_wconf 85' lang='lat' dir='ltr'><strong>tos</strong></span> <span class='ocrx_word' id='word_1_380' title='bbox 600 3028 874 3099; x_wconf 83' lang='lat' dir='ltr'><strong>ejusmodi</strong></span> <span class='ocrx_word' id='word_1_381' title='bbox 965 3031 1248 3087; x_wconf 87' lang='lat' dir='ltr'><strong>ministros</strong></span> <span class='ocrx_word' id='word_1_382' title='bbox 1319 3033 1543 3088; x_wconf 86' lang='lat' dir='ltr'><strong>haberet</strong></span> <span class='ocrx_word' id='word_1_383' title='bbox 1613 3037 1799 3100; x_wconf 86' lang='lat' dir='ltr'><strong>Deus,</strong></span> <span class='ocrx_word' id='word_1_384' title='bbox 1880 3052 2015 3106; x_wconf 90' lang='lat' dir='ltr'><strong>que-</strong></span> 
     </span>
    </p>
   </div>
   <div class='ocr_carea' id='block_1_52' title="bbox 2122 2194 3717 2279">
    <p class='ocr_par' dir='ltr' id='par_1_52' title="bbox 2122 2194 3717 2279">
     <span class='ocr_line' id='line_1_52' title="bbox 2122 2194 3717 2279; baseline 0.007 -30"><span class='ocrx_word' id='word_1_385' title='bbox 2122 2197 2214 2249; x_wconf 67' lang='grc' dir='ltr'><strong>ἐπὶ</strong></span> <span class='ocrx_word' id='word_1_386' title='bbox 2245 2196 2343 2266; x_wconf 81' lang='grc' dir='ltr'><strong>μὲν</strong></span> <span class='ocrx_word' id='word_1_387' title='bbox 2376 2194 2471 2250; x_wconf 82' lang='grc' dir='ltr'><strong>τοῦ</strong></span> <span class='ocrx_word' id='word_1_388' title='bbox 2502 2199 2859 2268; x_wconf 79' lang='grc' dir='ltr'>δημιουργεῖν</span> <span class='ocrx_word' id='word_1_389' title='bbox 2885 2200 2987 2254; x_wconf 82' lang='grc' dir='ltr'><strong>οὐκ</strong></span> <span class='ocrx_word' id='word_1_390' title='bbox 3052 2201 3118 2255; x_wconf 77' lang='grc' dir='ltr'>ἄν</span> <span class='ocrx_word' id='word_1_391' title='bbox 3152 2220 3237 2265; x_wconf 89' lang='grc' dir='ltr'><strong>τις</strong></span> <span class='ocrx_word' id='word_1_392' title='bbox 3285 2204 3445 2257; x_wconf 80' lang='grc' dir='ltr'>ἄλλον</span> <span class='ocrx_word' id='word_1_393' title='bbox 3476 2204 3656 2276; x_wconf 82' lang='grc' dir='ltr'>εὖροι,</span> <span class='ocrx_word' id='word_1_394' title='bbox 3682 2208 3717 2279; x_wconf 73' lang='grc' dir='ltr'>ἦ</span> 
     </span>
    </p>
   </div>
   <div class='ocr_carea' id='block_1_53' title="bbox 2131 2289 3719 2371">
    <p class='ocr_par' dir='ltr' id='par_1_53' title="bbox 2131 2289 3719 2371">
     <span class='ocr_line' id='line_1_53' title="bbox 2131 2289 3719 2371; baseline 0.007 -30"><span class='ocrx_word' id='word_1_395' title='bbox 2131 2289 2293 2359; x_wconf 83' lang='grc' dir='ltr'>μόνον</span> <span class='ocrx_word' id='word_1_396' title='bbox 2323 2289 2415 2342; x_wconf 69' lang='grc' dir='ltr'>τὸν</span> <span class='ocrx_word' id='word_1_397' title='bbox 2436 2290 2529 2343; x_wconf 87' lang='grc' dir='ltr'><strong>τοῦ</strong></span> <span class='ocrx_word' id='word_1_398' title='bbox 2558 2290 2695 2344; x_wconf 82' lang='grc' dir='ltr'>Θεοῦ</span> <span class='ocrx_word' id='word_1_399' title='bbox 2726 2291 2903 2358; x_wconf 84' lang='grc' dir='ltr'>Λόγον</span> <span class='ocrx_word' id='word_1_400' title='bbox 2927 2309 2942 2324; x_wconf 75' lang='grc'><strong><em>⁸</em></strong></span> <span class='ocrx_word' id='word_1_401' title='bbox 2976 2294 3154 2347; x_wconf 81' lang='grc' dir='ltr'>πάντα</span> <span class='ocrx_word' id='word_1_402' title='bbox 3188 2297 3308 2366; x_wconf 77' lang='grc' dir='ltr'><strong>γὰρ</strong></span> <span class='ocrx_word' id='word_1_403' title='bbox 3335 2298 3392 2349; x_wconf 84' lang='grc' dir='ltr'>ὲν</span> <span class='ocrx_word' id='word_1_404' title='bbox 3431 2299 3719 2371; x_wconf 66' lang='grc' dir='ltr'>σοφίᾳγέ-</span> 
     </span>
    </p>
   </div>
   <div class='ocr_carea' id='block_1_54' title="bbox 2123 2383 3715 2463">
    <p class='ocr_par' dir='ltr' id='par_1_54' title="bbox 2123 2383 3715 2463">
     <span class='ocr_line' id='line_1_54' title="bbox 2123 2383 3715 2463; baseline 0.007 -29"><span class='ocrx_word' id='word_1_405' title='bbox 2123 2396 2273 2449; x_wconf 85' lang='grc' dir='ltr'>γονε,</span> <span class='ocrx_word' id='word_1_406' title='bbox 2313 2383 2406 2436; x_wconf 80' lang='grc' dir='ltr'>καὶ</span> <span class='ocrx_word' id='word_1_407' title='bbox 2436 2383 2602 2452; x_wconf 76' lang='grc' dir='ltr'>χωρὶς</span> <span class='ocrx_word' id='word_1_408' title='bbox 2636 2383 2726 2436; x_wconf 85' lang='grc' dir='ltr'><strong>τοῦ</strong></span> <span class='ocrx_word' id='word_1_409' title='bbox 2757 2384 2935 2452; x_wconf 83' lang='grc' dir='ltr'>Λόγου</span> <span class='ocrx_word' id='word_1_410' title='bbox 2988 2384 3210 2453; x_wconf 77' lang='grc' dir='ltr'>ἐγένετο</span> <span class='ocrx_word' id='word_1_411' title='bbox 3251 2388 3373 2441; x_wconf 79' lang='grc' dir='ltr'>οὐδὲ</span> <span class='ocrx_word' id='word_1_412' title='bbox 3433 2389 3539 2443; x_wconf 56' lang='grc' dir='ltr'>ἐνί</span> <span class='ocrx_word' id='word_1_413' title='bbox 3571 2392 3715 2463; x_wconf 78' lang='grc' dir='ltr'>πρὸς</span> 
     </span>
    </p>
   </div>
   <div class='ocr_carea' id='block_1_55' title="bbox 2124 2468 3721 2544">
    <p class='ocr_par' dir='ltr' id='par_1_55' title="bbox 2124 2468 3721 2544">
     <span class='ocr_line' id='line_1_55' title="bbox 2124 2468 3721 2544; baseline 0.009 -19"><span class='ocrx_word' id='word_1_414' title='bbox 2124 2472 2180 2526; x_wconf 74' lang='grc' dir='ltr'>δὲ</span> <span class='ocrx_word' id='word_1_415' title='bbox 2201 2475 2297 2537; x_wconf 74' lang='grc' dir='ltr'>τὰς</span> <span class='ocrx_word' id='word_1_416' title='bbox 2318 2473 2594 2534; x_wconf 85' lang='grc' dir='ltr'>διακονίας</span> <span class='ocrx_word' id='word_1_417' title='bbox 2620 2475 2721 2544; x_wconf 82' lang='grc' dir='ltr'>οὐχ</span> <span class='ocrx_word' id='word_1_418' title='bbox 2747 2470 2848 2542; x_wconf 75' lang='grc' dir='ltr'>εἷς,</span> <span class='ocrx_word' id='word_1_419' title='bbox 2879 2468 3000 2532; x_wconf 77' lang='grc' dir='ltr'>ἀλλ’</span> <span class='ocrx_word' id='word_1_420' title='bbox 3049 2478 3114 2531; x_wconf 73' lang='grc' dir='ltr'>ὲκ</span> <span class='ocrx_word' id='word_1_421' title='bbox 3157 2479 3379 2534; x_wconf 82' lang='grc' dir='ltr'>πάντων</span> <span class='ocrx_word' id='word_1_422' title='bbox 3412 2483 3599 2538; x_wconf 84' lang='grc' dir='ltr'>πολλοί</span> <span class='ocrx_word' id='word_1_423' title='bbox 3634 2487 3721 2539; x_wconf 81' lang='grc' dir='ltr'>εί-</span> 
     </span>
    </p>
   </div>
   <div class='ocr_carea' id='block_1_56' title="bbox 2126 2564 3718 2648">
    <p class='ocr_par' dir='ltr' id='par_1_56' title="bbox 2126 2564 3718 2648">
     <span class='ocr_line' id='line_1_56' title="bbox 2126 2564 3718 2648; baseline 0.01 -34"><span class='ocrx_word' id='word_1_424' title='bbox 2126 2578 2232 2629; x_wconf 90' lang='grc' dir='ltr'>σιν,</span> <span class='ocrx_word' id='word_1_425' title='bbox 2260 2564 2355 2627; x_wconf 83' lang='grc' dir='ltr'><strong>οὓς</strong></span> <span class='ocrx_word' id='word_1_426' title='bbox 2386 2564 2452 2618; x_wconf 86' lang='grc' dir='ltr'><strong>ἂν</strong></span> <span class='ocrx_word' id='word_1_427' title='bbox 2483 2564 2615 2637; x_wconf 79' lang='grc' dir='ltr'>θέλῃ</span> <span class='ocrx_word' id='word_1_428' title='bbox 2649 2566 2892 2637; x_wconf 82' lang='grc' dir='ltr'>πέμπειν</span> <span class='ocrx_word' id='word_1_429' title='bbox 2928 2571 2955 2624; x_wconf 88' lang='lat'><strong>6</strong></span> <span class='ocrx_word' id='word_1_430' title='bbox 2976 2568 3205 2641; x_wconf 80' lang='grc' dir='ltr'>Κύριος.</span> <span class='ocrx_word' id='word_1_431' title='bbox 3240 2573 3435 2628; x_wconf 79' lang='grc' dir='ltr'>Πολλοὶ</span> <span class='ocrx_word' id='word_1_432' title='bbox 3478 2574 3580 2645; x_wconf 74' lang='grc' dir='ltr'>μὲν</span> <span class='ocrx_word' id='word_1_433' title='bbox 3604 2576 3718 2648; x_wconf 74' lang='grc' dir='ltr'>γὰρ</span> 
     </span>
    </p>
   </div>
   <div class='ocr_carea' id='block_1_57' title="bbox 2121 2650 3733 2739">
    <p class='ocr_par' dir='ltr' id='par_1_57' title="bbox 2121 2650 3733 2739">
     <span class='ocr_line' id='line_1_57' title="bbox 2121 2650 3733 2739; baseline 0.009 -31"><span class='ocrx_word' id='word_1_434' title='bbox 2121 2654 2370 2724; x_wconf 68' lang='grc' dir='ltr'>ἄγγελοι,</span> <span class='ocrx_word' id='word_1_435' title='bbox 2404 2658 2593 2712; x_wconf 71' lang='grc' dir='ltr'>πολλοὶ</span> <span class='ocrx_word' id='word_1_436' title='bbox 2625 2659 2680 2713; x_wconf 82' lang='grc' dir='ltr'>δὲ</span> <span class='ocrx_word' id='word_1_437' title='bbox 2707 2659 2912 2732; x_wconf 82' lang='grc' dir='ltr'>θρόνοι,</span> <span class='ocrx_word' id='word_1_438' title='bbox 2965 2663 3061 2716; x_wconf 81' lang='grc' dir='ltr'><strong>καὶ</strong></span> <span class='ocrx_word' id='word_1_439' title='bbox 3095 2662 3356 2731; x_wconf 78' lang='grc' dir='ltr'>ἐξουσίαι,</span> <span class='ocrx_word' id='word_1_440' title='bbox 3390 2650 3487 2722; x_wconf 77' lang='grc' dir='ltr'>καὶ</span> <span class='ocrx_word' id='word_1_441' title='bbox 3525 2670 3733 2739; x_wconf 74' lang='grc' dir='ltr'>κυριό-</span> 
     </span>
    </p>
   </div>
   <div class='ocr_carea' id='block_1_58' title="bbox 2119 2751 3723 2832">
    <p class='ocr_par' dir='ltr' id='par_1_58' title="bbox 2119 2751 3723 2832">
     <span class='ocr_line' id='line_1_58' title="bbox 2119 2751 3723 2832; baseline 0.009 -31"><span class='ocrx_word' id='word_1_442' title='bbox 2119 2765 2283 2816; x_wconf 82' lang='grc' dir='ltr'>τητες</span> <span class='ocrx_word' id='word_1_443' title='bbox 2305 2791 2319 2813; x_wconf 93' lang='grc'><strong>,</strong></span> <span class='ocrx_word' id='word_1_444' title='bbox 2355 2751 2529 2820; x_wconf 87' lang='grc' dir='ltr'>χίλιαι</span> <span class='ocrx_word' id='word_1_445' title='bbox 2570 2751 2836 2822; x_wconf 80' lang='grc' dir='ltr'>χιλιάδες,</span> <span class='ocrx_word' id='word_1_446' title='bbox 2872 2757 2966 2809; x_wconf 77' lang='grc' dir='ltr'>καὶ</span> <span class='ocrx_word' id='word_1_447' title='bbox 3009 2756 3207 2829; x_wconf 80' lang='grc' dir='ltr'>μύριαι</span> <span class='ocrx_word' id='word_1_448' title='bbox 3244 2756 3507 2830; x_wconf 69' lang='grc' dir='ltr'>μυριάδες</span> <span class='ocrx_word' id='word_1_449' title='bbox 3540 2778 3723 2832; x_wconf 71' lang='lat' dir='ltr'><strong>mpe-</strong></span> 
     </span>
    </p>
   </div>
   <div class='ocr_carea' id='block_1_59' title="bbox 2122 2837 3725 2915">
    <p class='ocr_par' dir='ltr' id='par_1_59' title="bbox 2122 2837 3725 2915">
     <span class='ocr_line' id='line_1_59' title="bbox 2122 2837 3725 2915; baseline 0.009 -26"><span class='ocrx_word' id='word_1_450' title='bbox 2122 2837 2354 2906; x_wconf 78' lang='grc' dir='ltr'>στήκασι</span> <span class='ocrx_word' id='word_1_451' title='bbox 2397 2838 2731 2912; x_wconf 82' lang='grc' dir='ltr'>λειτουργῶν</span> <span class='ocrx_word' id='word_1_452' title='bbox 2767 2847 2861 2897; x_wconf 78' lang='grc' dir='ltr'>καὶ</span> <span class='ocrx_word' id='word_1_453' title='bbox 2894 2843 3131 2915; x_wconf 77' lang='grc' dir='ltr'>ἑτοίμων</span> <span class='ocrx_word' id='word_1_454' title='bbox 3188 2847 3270 2911; x_wconf 76' lang='grc' dir='ltr'>εἰς</span> <span class='ocrx_word' id='word_1_455' title='bbox 3299 2846 3360 2901; x_wconf 82' lang='grc' dir='ltr'><strong>τὸ</strong></span> <span class='ocrx_word' id='word_1_456' title='bbox 3387 2846 3725 2913; x_wconf 59' lang='grc' dir='ltr'>ὲξαποστέλυ</span> 
     </span>
    </p>
   </div>
   <div class='ocr_carea' id='block_1_60' title="bbox 2118 2929 3727 3006">
    <p class='ocr_par' dir='ltr' id='par_1_60' title="bbox 2118 2929 3727 3006">
     <span class='ocr_line' id='line_1_60' title="bbox 2118 2929 3727 3006; baseline 0.01 -24"><span class='ocrx_word' id='word_1_457' title='bbox 2118 2929 2329 2984; x_wconf 82' lang='grc' dir='ltr'>λεσθαι.</span> <span class='ocrx_word' id='word_1_458' title='bbox 2364 2932 2472 2985; x_wconf 72' lang='grc' dir='ltr'>Καὶ</span> <span class='ocrx_word' id='word_1_459' title='bbox 2504 2936 2789 3004; x_wconf 78' lang='grc' dir='ltr'>προφῆται</span> <span class='ocrx_word' id='word_1_460' title='bbox 2847 2935 2950 3006; x_wconf 77' lang='grc' dir='ltr'>μὲν</span> <span class='ocrx_word' id='word_1_461' title='bbox 3008 2937 3221 3004; x_wconf 59' lang='grc' dir='ltr'>πολλῶ,</span> <span class='ocrx_word' id='word_1_462' title='bbox 3274 2942 3372 2995; x_wconf 82' lang='grc' dir='ltr'>καὶ</span> <span class='ocrx_word' id='word_1_463' title='bbox 3420 2941 3727 2998; x_wconf 83' lang='grc' dir='ltr'>ἀπόστολοι</span> 
     </span>
    </p>
   </div>
   <div class='ocr_carea' id='block_1_61' title="bbox 2120 3022 3718 3101">
    <p class='ocr_par' dir='ltr' id='par_1_61' title="bbox 2120 3022 3718 3101">
     <span class='ocr_line' id='line_1_61' title="bbox 2120 3022 3718 3101; baseline 0.008 -25"><span class='ocrx_word' id='word_1_464' title='bbox 2120 3022 2253 3078; x_wconf 81' lang='grc' dir='ltr'>δέκα</span> <span class='ocrx_word' id='word_1_465' title='bbox 2293 3024 2527 3090; x_wconf 76' lang='grc' dir='ltr'>καὶδύο,</span> <span class='ocrx_word' id='word_1_466' title='bbox 2555 3028 2652 3080; x_wconf 77' lang='grc' dir='ltr'>καὶ</span> <span class='ocrx_word' id='word_1_467' title='bbox 2687 3027 2917 3093; x_wconf 84' lang='grc' dir='ltr'>Παῦλος,</span> <span class='ocrx_word' id='word_1_468' title='bbox 2968 3033 3061 3084; x_wconf 71' lang='grc' dir='ltr'><strong>καὶ</strong></span> <span class='ocrx_word' id='word_1_469' title='bbox 3091 3031 3331 3101; x_wconf 82' lang='grc' dir='ltr'><strong>Μωῦσῆς</strong></span> <span class='ocrx_word' id='word_1_470' title='bbox 3364 3032 3419 3087; x_wconf 72' lang='grc' dir='ltr'>δὲ</span> <span class='ocrx_word' id='word_1_471' title='bbox 3454 3034 3618 3098; x_wconf 76' lang='grc' dir='ltr'>αὐτὸς</span> <span class='ocrx_word' id='word_1_472' title='bbox 3652 3037 3718 3089; x_wconf 81' lang='grc' dir='ltr'>οὐ</span> 
     </span>
    </p>
   </div>
   <div class='ocr_carea' id='block_1_62' title="bbox 436 3115 2019 3195">
    <p class='ocr_par' dir='ltr' id='par_1_62' title="bbox 436 3120 2014 3185">
     <span class='ocr_line' id='line_1_62' title="bbox 436 3120 2014 3185; baseline 0.008 -15"><span class='ocrx_word' id='word_1_473' title='bbox 436 3120 784 3175; x_wconf 88' lang='lat' dir='ltr'><strong>madmodum</strong></span> <span class='ocrx_word' id='word_1_474' title='bbox 836 3128 891 3176; x_wconf 86' lang='lat' dir='ltr'><strong>et</strong></span> <span class='ocrx_word' id='word_1_475' title='bbox 951 3123 1006 3176; x_wconf 90' lang='lat' dir='ltr'><strong>in</strong></span> <span class='ocrx_word' id='word_1_476' title='bbox 1081 3123 1203 3177; x_wconf 86' lang='lat' dir='ltr'><strong>aliis</strong></span> <span class='ocrx_word' id='word_1_477' title='bbox 1253 3124 1548 3181; x_wconf 89' lang='lat' dir='ltr'><strong>ordinibus</strong></span> <span class='ocrx_word' id='word_1_478' title='bbox 1636 3128 1794 3181; x_wconf 89' lang='lat' dir='ltr'><strong>multi</strong></span> <span class='ocrx_word' id='word_1_479' title='bbox 1859 3140 2014 3185; x_wconf 89' lang='lat' dir='ltr'><strong>sunt.</strong></span> 
     </span>
    </p>
   </div>
   <div class='ocr_carea' id='block_1_63' title="bbox 2122 3115 3721 3195">
    <p class='ocr_par' dir='ltr' id='par_1_63' title="bbox 2125 3115 3721 3195">
     <span class='ocr_line' id='line_1_63' title="bbox 2125 3115 3721 3195; baseline 0.009 -27"><span class='ocrx_word' id='word_1_480' title='bbox 2125 3115 2304 3185; x_wconf 81' lang='grc' dir='ltr'>μόνος,</span> <span class='ocrx_word' id='word_1_481' title='bbox 2327 3119 2463 3173; x_wconf 76' lang='grc' dir='ltr'>ἀλλὰ</span> <span class='ocrx_word' id='word_1_482' title='bbox 2492 3120 2586 3173; x_wconf 73' lang='grc' dir='ltr'><strong>καὶ</strong></span> <span class='ocrx_word' id='word_1_483' title='bbox 2629 3122 2841 3189; x_wconf 81' lang='grc' dir='ltr'>Ἀαρὼν</span> <span class='ocrx_word' id='word_1_484' title='bbox 2879 3123 2978 3175; x_wconf 84' lang='grc' dir='ltr'><strong>σὺν</strong></span> <span class='ocrx_word' id='word_1_485' title='bbox 3012 3121 3184 3194; x_wconf 86' lang='grc' dir='ltr'>αὐτῷ,</span> <span class='ocrx_word' id='word_1_486' title='bbox 3238 3127 3335 3180; x_wconf 76' lang='grc' dir='ltr'>καὶ</span> <span class='ocrx_word' id='word_1_487' title='bbox 3370 3128 3505 3195; x_wconf 73' lang='grc' dir='ltr'>μετὰ</span> <span class='ocrx_word' id='word_1_488' title='bbox 3538 3129 3721 3184; x_wconf 81' lang='grc' dir='ltr'>ταῦτα</span> 
     </span>
    </p>
   </div>
   <div class='ocr_carea' id='block_1_64' title="bbox 435 3214 2017 3281">
    <p class='ocr_par' dir='ltr' id='par_1_64' title="bbox 435 3214 2017 3281">
     <span class='ocr_line' id='line_1_64' title="bbox 435 3214 2017 3281; baseline 0.005 -14"><span class='ocrx_word' id='word_1_489' title='bbox 435 3214 595 3278; x_wconf 82' lang='lat' dir='ltr'><strong>Quod</strong></span> <span class='ocrx_word' id='word_1_490' title='bbox 625 3214 667 3268; x_wconf 86' lang='lat' dir='ltr'><strong>si</strong></span> <span class='ocrx_word' id='word_1_491' title='bbox 696 3229 806 3269; x_wconf 85' lang='lat' dir='ltr'><strong>non</strong></span> <span class='ocrx_word' id='word_1_492' title='bbox 835 3215 1088 3271; x_wconf 86' lang='lat' dir='ltr'><strong>licethoc</strong></span> <span class='ocrx_word' id='word_1_493' title='bbox 1126 3216 1350 3281; x_wconf 84' lang='lat' dir='ltr'><strong>intueri.</strong></span> <span class='ocrx_word' id='word_1_494' title='bbox 1372 3218 1471 3272; x_wconf 90' lang='lat' dir='ltr'><strong>sed</strong></span> <span class='ocrx_word' id='word_1_495' title='bbox 1532 3233 1654 3273; x_wconf 90' lang='lat' dir='ltr'><strong>cum</strong></span> <span class='ocrx_word' id='word_1_496' title='bbox 1702 3221 1886 3274; x_wconf 71' lang='lat' dir='ltr'><strong>multte</strong></span> <span class='ocrx_word' id='word_1_497' title='bbox 1932 3234 2017 3276; x_wconf 87' lang='lat' dir='ltr'><strong>res</strong></span> 
     </span>
    </p>
   </div>
   <div class='ocr_carea' id='block_1_65' title="bbox 436 3307 2015 3383">
    <p class='ocr_par' dir='ltr' id='par_1_65' title="bbox 436 3307 2015 3383">
     <span class='ocr_line' id='line_1_65' title="bbox 436 3307 2015 3383; baseline 0.005 -22"><span class='ocrx_word' id='word_1_498' title='bbox 436 3317 633 3362; x_wconf 73' lang='lat' dir='ltr'><strong>creata:</strong></span> <span class='ocrx_word' id='word_1_499' title='bbox 672 3307 801 3373; x_wconf 89' lang='lat' dir='ltr'><strong>sint,</strong></span> <span class='ocrx_word' id='word_1_500' title='bbox 827 3323 994 3363; x_wconf 82' lang='lat' dir='ltr'><strong>unum</strong></span> <span class='ocrx_word' id='word_1_501' title='bbox 1027 3309 1291 3362; x_wconf 81' lang='lat' dir='ltr'><strong>duntaxat</strong></span> <span class='ocrx_word' id='word_1_502' title='bbox 1329 3310 1561 3365; x_wconf 81' lang='lat' dir='ltr'><strong>Verbum</strong></span> <span class='ocrx_word' id='word_1_503' title='bbox 1600 3320 1704 3379; x_wconf 88' lang='lat' dir='ltr'><strong>est,</strong></span> <span class='ocrx_word' id='word_1_504' title='bbox 1756 3314 1877 3383; x_wconf 86' lang='lat' dir='ltr'><strong>quis</strong></span> <span class='ocrx_word' id='word_1_505' title='bbox 1907 3330 2015 3369; x_wconf 90' lang='lat' dir='ltr'><strong>non</strong></span> 
     </span>
    </p>
   </div>
   <div class='ocr_carea' id='block_1_66' title="bbox 435 3396 2019 3472">
    <p class='ocr_par' dir='ltr' id='par_1_66' title="bbox 435 3396 2019 3472">
     <span class='ocr_line' id='line_1_66' title="bbox 435 3396 2019 3472; baseline 0.007 -24"><span class='ocrx_word' id='word_1_506' title='bbox 435 3396 823 3451; x_wconf 83' lang='lat' dir='ltr'><strong>animadvertit</strong></span> <span class='ocrx_word' id='word_1_507' title='bbox 864 3397 1119 3451; x_wconf 82' lang='lat' dir='ltr'><strong>Filiuma</strong></span> <span class='ocrx_word' id='word_1_508' title='bbox 1190 3400 1354 3454; x_wconf 78' lang='lat' dir='ltr'><strong>rebus</strong></span> <span class='ocrx_word' id='word_1_509' title='bbox 1407 3402 1660 3456; x_wconf 72' lang='lat' dir='ltr'><strong>omnibus</strong></span> <span class='ocrx_word' id='word_1_510' title='bbox 1718 3404 2019 3472; x_wconf 82' lang='lat' dir='ltr'><strong>procreatis</strong></span> 
     </span>
    </p>
   </div>
   <div class='ocr_carea' id='block_1_67' title="bbox 442 3486 2017 3559">
    <p class='ocr_par' dir='ltr' id='par_1_67' title="bbox 442 3486 2017 3559">
     <span class='ocr_line' id='line_1_67' title="bbox 442 3486 2017 3559; baseline 0.006 -19"><span class='ocrx_word' id='word_1_511' title='bbox 442 3489 516 3540; x_wconf 85' lang='lat' dir='ltr'><strong>ita</strong></span> <span class='ocrx_word' id='word_1_512' title='bbox 558 3486 803 3552; x_wconf 84' lang='lat' dir='ltr'><strong>ditl&#39;erre,</strong></span> <span class='ocrx_word' id='word_1_513' title='bbox 832 3498 889 3542; x_wconf 89' lang='lat' dir='ltr'><strong>ut</strong></span> <span class='ocrx_word' id='word_1_514' title='bbox 929 3489 1067 3543; x_wconf 87' lang='lat' dir='ltr'><strong>nihil</strong></span> <span class='ocrx_word' id='word_1_515' title='bbox 1097 3492 1305 3559; x_wconf 67' lang='lat' dir='ltr'><strong>mquale</strong></span> <span class='ocrx_word' id='word_1_516' title='bbox 1330 3507 1453 3546; x_wconf 89' lang='lat' dir='ltr'><strong>cum</strong></span> <span class='ocrx_word' id='word_1_517' title='bbox 1492 3492 1599 3547; x_wconf 88' lang='lat' dir='ltr'><strong>illis</strong></span> <span class='ocrx_word' id='word_1_518' title='bbox 1644 3493 1865 3557; x_wconf 79' lang='lat' dir='ltr'><strong>habeat.</strong></span> <span class='ocrx_word' id='word_1_519' title='bbox 1922 3494 2017 3551; x_wconf 88' lang='lat' dir='ltr'><strong>sed</strong></span> 
     </span>
    </p>
   </div>
   <div class='ocr_carea' id='block_1_68' title="bbox 436 3578 2015 3654">
    <p class='ocr_par' dir='ltr' id='par_1_68' title="bbox 436 3578 2015 3654">
     <span class='ocr_line' id='line_1_68' title="bbox 436 3578 2015 3654; baseline 0.006 -23"><span class='ocrx_word' id='word_1_520' title='bbox 436 3578 621 3632; x_wconf 87' lang='lat' dir='ltr'><strong>omnia</strong></span> <span class='ocrx_word' id='word_1_521' title='bbox 642 3594 774 3653; x_wconf 87' lang='lat' dir='ltr'><strong>cum</strong></span> <span class='ocrx_word' id='word_1_522' title='bbox 812 3578 973 3635; x_wconf 80' lang='lat' dir='ltr'><strong>Patre</strong></span> <span class='ocrx_word' id='word_1_523' title='bbox 1031 3583 1252 3651; x_wconf 84' lang='lat' dir='ltr'><strong>pr0pria</strong></span> <span class='ocrx_word' id='word_1_524' title='bbox 1302 3591 1357 3637; x_wconf 89' lang='lat' dir='ltr'><strong>et</strong></span> <span class='ocrx_word' id='word_1_525' title='bbox 1404 3584 1604 3654; x_wconf 82' lang='lat' dir='ltr'><strong>paria?</strong></span> <span class='ocrx_word' id='word_1_526' title='bbox 1649 3585 2015 3651; x_wconf 87' lang='lat' dir='ltr'><strong>Quamobrem</strong></span> 
     </span>
    </p>
   </div>
   <div class='ocr_carea' id='block_1_69' title="bbox 437 3673 2014 3743">
    <p class='ocr_par' dir='ltr' id='par_1_69' title="bbox 437 3673 2014 3743">
     <span class='ocr_line' id='line_1_69' title="bbox 437 3673 2014 3743; baseline 0.003 -16"><span class='ocrx_word' id='word_1_527' title='bbox 437 3689 550 3727; x_wconf 77' lang='lat' dir='ltr'><strong>non</strong></span> <span class='ocrx_word' id='word_1_528' title='bbox 587 3673 755 3727; x_wconf 86' lang='lat' dir='ltr'><strong>multa</strong></span> <span class='ocrx_word' id='word_1_529' title='bbox 787 3682 915 3728; x_wconf 89' lang='lat' dir='ltr'><strong>sunt</strong></span> <span class='ocrx_word' id='word_1_530' title='bbox 953 3673 1148 3741; x_wconf 90' lang='lat' dir='ltr'><strong>Verba,</strong></span> <span class='ocrx_word' id='word_1_531' title='bbox 1182 3675 1277 3730; x_wconf 87' lang='lat' dir='ltr'><strong>sed</strong></span> <span class='ocrx_word' id='word_1_532' title='bbox 1307 3691 1478 3730; x_wconf 90' lang='lat' dir='ltr'><strong>unum</strong></span> <span class='ocrx_word' id='word_1_533' title='bbox 1509 3675 1688 3731; x_wconf 87' lang='lat' dir='ltr'><strong>Patris</strong></span> <span class='ocrx_word' id='word_1_534' title='bbox 1747 3676 2014 3743; x_wconf 88' lang='lat' dir='ltr'><strong>Verbum,</strong></span> 
     </span>
    </p>
   </div>
   <div class='ocr_carea' id='block_1_70' title="bbox 437 3764 2017 3842">
    <p class='ocr_par' dir='ltr' id='par_1_70' title="bbox 437 3764 2017 3842">
     <span class='ocr_line' id='line_1_70' title="bbox 437 3764 2017 3842; baseline 0.001 -16"><span class='ocrx_word' id='word_1_535' title='bbox 437 3776 491 3827; x_wconf 87' lang='lat' dir='ltr'><strong>ct</strong></span> <span class='ocrx_word' id='word_1_536' title='bbox 520 3780 627 3827; x_wconf 82' lang='lat' dir='ltr'><strong>una</strong></span> <span class='ocrx_word' id='word_1_537' title='bbox 670 3765 847 3842; x_wconf 76' lang='lat' dir='ltr'><strong>imago</strong></span> <span class='ocrx_word' id='word_1_538' title='bbox 878 3764 999 3820; x_wconf 87' lang='lat' dir='ltr'><strong>Dei.</strong></span> <span class='ocrx_word' id='word_1_539' title='bbox 1028 3766 1098 3821; x_wconf 79' lang='lat' dir='ltr'><strong>At</strong></span> <span class='ocrx_word' id='word_1_540' title='bbox 1147 3766 1227 3820; x_wconf 89' lang='lat' dir='ltr'><strong>sol</strong></span> <span class='ocrx_word' id='word_1_541' title='bbox 1287 3769 1475 3831; x_wconf 89' lang='lat' dir='ltr'><strong>etiam,</strong></span> <span class='ocrx_word' id='word_1_542' title='bbox 1549 3768 1829 3839; x_wconf 89' lang='lat' dir='ltr'><strong>inquiunt,</strong></span> <span class='ocrx_word' id='word_1_543' title='bbox 1853 3773 2017 3827; x_wconf 85' lang='lat' dir='ltr'><strong>&#39;solus</strong></span> 
     </span>
    </p>
   </div>
   <div class='ocr_carea' id='block_1_71' title="bbox 435 3857 2017 3932">
    <p class='ocr_par' dir='ltr' id='par_1_71' title="bbox 435 3857 2017 3932">
     <span class='ocr_line' id='line_1_71' title="bbox 435 3857 2017 3932; baseline -0.003 -11"><span class='ocrx_word' id='word_1_544' title='bbox 435 3876 539 3930; x_wconf 86' lang='lat' dir='ltr'><strong>est,</strong></span> <span class='ocrx_word' id='word_1_545' title='bbox 570 3874 623 3920; x_wconf 88' lang='lat' dir='ltr'><strong>ct</strong></span> <span class='ocrx_word' id='word_1_546' title='bbox 638 3874 782 3920; x_wconf 88' lang='lat' dir='ltr'><strong>terra</strong></span> <span class='ocrx_word' id='word_1_547' title='bbox 799 3857 1141 3919; x_wconf 64' lang='lat' dir='ltr'><strong>una.E‘adem</strong></span> <span class='ocrx_word' id='word_1_548' title='bbox 1163 3858 1374 3916; x_wconf 85' lang='lat' dir='ltr'><strong>ratione</strong></span> <span class='ocrx_word' id='word_1_549' title='bbox 1395 3860 1584 3915; x_wconf 84' lang='lat' dir='ltr'><strong>dicant</strong></span> <span class='ocrx_word' id='word_1_550' title='bbox 1616 3862 1783 3916; x_wconf 89' lang='lat' dir='ltr'><strong>etiam</strong></span> <span class='ocrx_word' id='word_1_551' title='bbox 1812 3877 2017 3932; x_wconf 83' lang='lat' dir='ltr'><strong>aquam</strong></span> 
     </span>
    </p>
   </div>
   <div class='ocr_carea' id='block_1_72' title="bbox 436 3953 2018 4025">
    <p class='ocr_par' dir='ltr' id='par_1_72' title="bbox 436 3953 2018 4025">
     <span class='ocr_line' id='line_1_72' title="bbox 436 3953 2018 4025; baseline -0.003 -12"><span class='ocrx_word' id='word_1_552' title='bbox 436 3974 558 4013; x_wconf 83' lang='lat' dir='ltr'><strong>esse</strong></span> <span class='ocrx_word' id='word_1_553' title='bbox 592 3972 779 4021; x_wconf 87' lang='lat' dir='ltr'><strong>unam,</strong></span> <span class='ocrx_word' id='word_1_554' title='bbox 812 3964 866 4010; x_wconf 93' lang='lat' dir='ltr'><strong>et</strong></span> <span class='ocrx_word' id='word_1_555' title='bbox 900 3956 1078 4025; x_wconf 76' lang='lat' dir='ltr'><strong>ignem</strong></span> <span class='ocrx_word' id='word_1_556' title='bbox 1114 3969 1237 4009; x_wconf 88' lang='lat' dir='ltr'><strong>esse</strong></span> <span class='ocrx_word' id='word_1_557' title='bbox 1264 3967 1458 4018; x_wconf 89' lang='lat' dir='ltr'><strong>unum,</strong></span> <span class='ocrx_word' id='word_1_558' title='bbox 1497 3953 1751 4008; x_wconf 88' lang='lat' dir='ltr'><strong>homines</strong></span> <span class='ocrx_word' id='word_1_559' title='bbox 1790 3954 2018 4024; x_wconf 86' lang='lat' dir='ltr'><strong>imperi-</strong></span> 
     </span>
    </p>
   </div>
   <div class='ocr_carea' id='block_1_73' title="bbox 439 4043 2018 4119">
    <p class='ocr_par' dir='ltr' id='par_1_73' title="bbox 439 4043 2018 4119">
     <span class='ocr_line' id='line_1_73' title="bbox 439 4043 2018 4119; baseline 0.003 -21"><span class='ocrx_word' id='word_1_560' title='bbox 439 4052 495 4106; x_wconf 76' lang='lat' dir='ltr'><strong>ti,</strong></span> <span class='ocrx_word' id='word_1_561' title='bbox 518 4048 609 4119; x_wconf 89' lang='lat' dir='ltr'><strong>qui</strong></span> <span class='ocrx_word' id='word_1_562' title='bbox 633 4048 882 4101; x_wconf 75' lang='lat' dir='ltr'><strong>nesciunt</strong></span> <span class='ocrx_word' id='word_1_563' title='bbox 899 4044 1323 4113; x_wconf 76' lang='lat' dir='ltr'><strong>unumquodque</strong></span> <span class='ocrx_word' id='word_1_564' title='bbox 1339 4059 1552 4107; x_wconf 91' lang='lat' dir='ltr'><strong>eorum,</strong></span> <span class='ocrx_word' id='word_1_565' title='bbox 1573 4059 1694 4113; x_wconf 65' lang='lat' dir='ltr'><strong>quae</strong></span> <span class='ocrx_word' id='word_1_566' title='bbox 1711 4043 1849 4100; x_wconf 82' lang='lat' dir='ltr'><strong>facta</strong></span> <span class='ocrx_word' id='word_1_567' title='bbox 1869 4058 2018 4113; x_wconf 86' lang='lat' dir='ltr'><strong>sunt,</strong></span> 
     </span>
    </p>
   </div>
   <div class='ocr_carea' id='block_1_74' title="bbox 437 4137 2020 4208">
    <p class='ocr_par' dir='ltr' id='par_1_74' title="bbox 437 4137 2020 4208">
     <span class='ocr_line' id='line_1_74' title="bbox 437 4137 2020 4208; baseline -0.003 -11"><span class='ocrx_word' id='word_1_568' title='bbox 437 4146 516 4198; x_wconf 86' lang='lat' dir='ltr'><strong>sic</strong></span> <span class='ocrx_word' id='word_1_569' title='bbox 535 4158 700 4195; x_wconf 90' lang='lat' dir='ltr'><strong>unum</strong></span> <span class='ocrx_word' id='word_1_570' title='bbox 714 4155 837 4194; x_wconf 90' lang='lat' dir='ltr'><strong>esse</strong></span> <span class='ocrx_word' id='word_1_571' title='bbox 860 4150 1053 4192; x_wconf 88' lang='lat' dir='ltr'><strong>natura</strong></span> <span class='ocrx_word' id='word_1_572' title='bbox 1073 4153 1191 4198; x_wconf 82' lang='lat' dir='ltr'><strong>sua,</strong></span> <span class='ocrx_word' id='word_1_573' title='bbox 1210 4146 1270 4191; x_wconf 91' lang='lat' dir='ltr'><strong>ut</strong></span> <span class='ocrx_word' id='word_1_574' title='bbox 1289 4152 1399 4192; x_wconf 90' lang='lat' dir='ltr'><strong>non</strong></span> <span class='ocrx_word' id='word_1_575' title='bbox 1419 4138 1491 4192; x_wconf 86' lang='lat' dir='ltr'><strong>ob</strong></span> <span class='ocrx_word' id='word_1_576' title='bbox 1512 4137 1560 4191; x_wconf 89' lang='lat' dir='ltr'><strong>id</strong></span> <span class='ocrx_word' id='word_1_577' title='bbox 1582 4147 1763 4192; x_wconf 87' lang='lat' dir='ltr'><strong>tamen</strong></span> <span class='ocrx_word' id='word_1_578' title='bbox 1786 4138 1854 4191; x_wconf 86' lang='lat' dir='ltr'><strong>ad</strong></span> <span class='ocrx_word' id='word_1_579' title='bbox 1872 4139 2020 4208; x_wconf 89' lang='lat' dir='ltr'><strong>ejus-</strong></span> 
     </span>
    </p>
   </div>
   <div class='ocr_carea' id='block_1_75' title="bbox 439 4227 2014 4302">
    <p class='ocr_par' dir='ltr' id='par_1_75' title="bbox 439 4227 2014 4302">
     <span class='ocr_line' id='line_1_75' title="bbox 439 4227 2014 4302; baseline -0.003 -13"><span class='ocrx_word' id='word_1_580' title='bbox 439 4233 582 4291; x_wconf 89' lang='lat' dir='ltr'><strong>modi</strong></span> <span class='ocrx_word' id='word_1_581' title='bbox 605 4231 1228 4302; x_wconf 77' lang='lat' dir='ltr'><strong>munusexsequendum</strong></span> <span class='ocrx_word' id='word_1_582' title='bbox 1280 4229 1350 4283; x_wconf 83' lang='lat' dir='ltr'><strong>sit</strong></span> <span class='ocrx_word' id='word_1_583' title='bbox 1397 4229 1676 4283; x_wconf 90' lang='lat' dir='ltr'><strong>idoneum.</strong></span> <span class='ocrx_word' id='word_1_584' title='bbox 1732 4227 1826 4283; x_wconf 89' lang='lat' dir='ltr'><strong>Sic</strong></span> <span class='ocrx_word' id='word_1_585' title='bbox 1866 4231 2014 4284; x_wconf 86' lang='lat' dir='ltr'><strong>enim</strong></span> 
     </span>
    </p>
   </div>
   <div class='ocr_carea' id='block_1_76' title="bbox 439 4320 2018 4398">
    <p class='ocr_par' dir='ltr' id='par_1_76' title="bbox 439 4320 2018 4398">
     <span class='ocr_line' id='line_1_76' title="bbox 439 4320 2018 4398; baseline -0.003 -17"><span class='ocrx_word' id='word_1_586' title='bbox 439 4325 652 4398; x_wconf 77' lang='lat' dir='ltr'><strong>singula</strong></span> <span class='ocrx_word' id='word_1_587' title='bbox 740 4338 909 4378; x_wconf 90' lang='lat' dir='ltr'><strong>unum</strong></span> <span class='ocrx_word' id='word_1_588' title='bbox 975 4331 1126 4384; x_wconf 86' lang='lat' dir='ltr'><strong>sunt,</strong></span> <span class='ocrx_word' id='word_1_589' title='bbox 1208 4331 1266 4375; x_wconf 91' lang='lat' dir='ltr'><strong>ut</strong></span> <span class='ocrx_word' id='word_1_590' title='bbox 1326 4329 1512 4374; x_wconf 89' lang='lat' dir='ltr'><strong>mutua</strong></span> <span class='ocrx_word' id='word_1_591' title='bbox 1566 4320 1721 4391; x_wconf 89' lang='lat' dir='ltr'><strong>quasi</strong></span> <span class='ocrx_word' id='word_1_592' title='bbox 1774 4321 2018 4376; x_wconf 87' lang='lat' dir='ltr'><strong>membra</strong></span> 
     </span>
    </p>
   </div>
   <div class='ocr_carea' id='block_1_77' title="bbox 2122 3207 3719 3288">
    <p class='ocr_par' dir='ltr' id='par_1_77' title="bbox 2122 3207 3719 3288">
     <span class='ocr_line' id='line_1_77' title="bbox 2122 3207 3719 3288; baseline 0.008 -27"><span class='ocrx_word' id='word_1_593' title='bbox 2122 3207 2271 3261; x_wconf 74' lang='grc' dir='ltr'>ἄλλοι</span> <span class='ocrx_word' id='word_1_594' title='bbox 2327 3210 2706 3281; x_wconf 74' lang='grc' dir='ltr'>ἑϐδομήκοντα</span> <span class='ocrx_word' id='word_1_595' title='bbox 2738 3210 3055 3282; x_wconf 78' lang='grc' dir='ltr'>Πνεόματος</span> <span class='ocrx_word' id='word_1_596' title='bbox 3089 3214 3491 3288; x_wconf 69' lang='grc' dir='ltr'>ἐπληρώθησαν</span> <span class='ocrx_word' id='word_1_597' title='bbox 3526 3219 3719 3288; x_wconf 83' lang='grc' dir='ltr'>ἁγίου.</span> 
     </span>
    </p>
   </div>
   <div class='ocr_carea' id='block_1_78' title="bbox 2123 3302 3733 3379">
    <p class='ocr_par' dir='ltr' id='par_1_78' title="bbox 2123 3302 3733 3379">
     <span class='ocr_line' id='line_1_78' title="bbox 2123 3302 3733 3379; baseline 0.01 -26"><span class='ocrx_word' id='word_1_598' title='bbox 2123 3302 2230 3354; x_wconf 64' lang='grc' dir='ltr'>Καὶ</span> <span class='ocrx_word' id='word_1_599' title='bbox 2267 3302 2504 3372; x_wconf 81' lang='grc' dir='ltr'>Μωῦσῆν</span> <span class='ocrx_word' id='word_1_600' title='bbox 2545 3304 2820 3369; x_wconf 77' lang='grc' dir='ltr'>διεδέξατο</span> <span class='ocrx_word' id='word_1_601' title='bbox 2860 3306 3065 3376; x_wconf 81' lang='grc' dir='ltr'>Ἰησοῦς</span> <span class='ocrx_word' id='word_1_602' title='bbox 3101 3308 3130 3361; x_wconf 97' lang='lat'><strong>6</strong></span> <span class='ocrx_word' id='word_1_603' title='bbox 3155 3309 3350 3379; x_wconf 81' lang='grc' dir='ltr'>Ναυῆ,</span> <span class='ocrx_word' id='word_1_604' title='bbox 3388 3312 3645 3368; x_wconf 80' lang='grc' dir='ltr'>κάκεῖνον</span> <span class='ocrx_word' id='word_1_605' title='bbox 3667 3316 3733 3369; x_wconf 60' lang='lat' dir='ltr'><strong>oi;</strong></span> 
     </span>
    </p>
   </div>
   <div class='ocr_carea' id='block_1_79' title="bbox 2121 3394 3717 3475">
    <p class='ocr_par' dir='ltr' id='par_1_79' title="bbox 2121 3394 3717 3475">
     <span class='ocr_line' id='line_1_79' title="bbox 2121 3394 3717 3475; baseline 0.01 -29"><span class='ocrx_word' id='word_1_606' title='bbox 2121 3395 2326 3464; x_wconf 71' lang='grc' dir='ltr'>κριταὶ.</span> <span class='ocrx_word' id='word_1_607' title='bbox 2361 3397 2646 3459; x_wconf 59' lang='grc' dir='ltr'>κάκείνους</span> <span class='ocrx_word' id='word_1_608' title='bbox 2676 3396 2775 3467; x_wconf 75' lang='grc' dir='ltr'><strong>οὐχ</strong></span> <span class='ocrx_word' id='word_1_609' title='bbox 2803 3394 2905 3463; x_wconf 75' lang='grc' dir='ltr'>εἷς,</span> <span class='ocrx_word' id='word_1_610' title='bbox 2950 3398 3087 3453; x_wconf 72' lang='grc' dir='ltr'>ἀλλὰ</span> <span class='ocrx_word' id='word_1_611' title='bbox 3142 3401 3387 3456; x_wconf 83' lang='grc' dir='ltr'>πλεῖστοι</span> <span class='ocrx_word' id='word_1_612' title='bbox 3442 3402 3717 3475; x_wconf 61' lang='grc' dir='ltr'>βασιλεῖςι</span> 
     </span>
    </p>
   </div>
   <div class='ocr_carea' id='block_1_80' title="bbox 2122 3480 3734 3563">
    <p class='ocr_par' dir='ltr' id='par_1_80' title="bbox 2122 3480 3734 3563">
     <span class='ocr_line' id='line_1_80' title="bbox 2122 3480 3734 3563; baseline 0.009 -24"><span class='ocrx_word' id='word_1_613' title='bbox 2122 3487 2296 3557; x_wconf 70' lang='grc' dir='ltr'>Εἴπερ</span> <span class='ocrx_word' id='word_1_614' title='bbox 2323 3483 2416 3542; x_wconf 81' lang='grc' dir='ltr'><strong>οῦν</strong></span> <span class='ocrx_word' id='word_1_615' title='bbox 2447 3488 2657 3559; x_wconf 83' lang='grc' dir='ltr'>κτίσμα</span> <span class='ocrx_word' id='word_1_616' title='bbox 2697 3480 2787 3561; x_wconf 76' lang='grc' dir='ltr'>ἦν,</span> <span class='ocrx_word' id='word_1_617' title='bbox 2830 3492 2922 3544; x_wconf 76' lang='grc' dir='ltr'><strong>καὶ</strong></span> <span class='ocrx_word' id='word_1_618' title='bbox 2950 3492 3059 3545; x_wconf 83' lang='grc' dir='ltr'>τῶν</span> <span class='ocrx_word' id='word_1_619' title='bbox 3084 3480 3340 3563; x_wconf 48' lang='grc' dir='ltr'>’γενητῶν</span> <span class='ocrx_word' id='word_1_620' title='bbox 3370 3498 3396 3550; x_wconf 86' lang='lat'><strong>6</strong></span> <span class='ocrx_word' id='word_1_621' title='bbox 3430 3496 3579 3563; x_wconf 79' lang='grc' dir='ltr'>Υἱὸς,</span> <span class='ocrx_word' id='word_1_622' title='bbox 3604 3499 3734 3553; x_wconf 69' lang='grc' dir='ltr'>ἔδει</span> 
     </span>
    </p>
   </div>
   <div class='ocr_carea' id='block_1_81' title="bbox 2122 3577 3715 3652">
    <p class='ocr_par' dir='ltr' id='par_1_81' title="bbox 2122 3577 3715 3652">
     <span class='ocr_line' id='line_1_81' title="bbox 2122 3577 3715 3652; baseline 0.008 -20"><span class='ocrx_word' id='word_1_623' title='bbox 2122 3579 2349 3644; x_wconf 72' lang='grc' dir='ltr'>πολλοὺς</span> <span class='ocrx_word' id='word_1_624' title='bbox 2374 3577 2516 3635; x_wconf 73' lang='grc' dir='ltr'>εῖναι</span> <span class='ocrx_word' id='word_1_625' title='bbox 2546 3581 2817 3645; x_wconf 71' lang='grc' dir='ltr'>τοιούτους</span> <span class='ocrx_word' id='word_1_626' title='bbox 2844 3582 3026 3649; x_wconf 78' lang='grc' dir='ltr'>Υίοὺς,</span> <span class='ocrx_word' id='word_1_627' title='bbox 3049 3586 3135 3637; x_wconf 79' lang='grc' dir='ltr'>ἵνα</span> <span class='ocrx_word' id='word_1_628' title='bbox 3167 3586 3262 3639; x_wconf 74' lang='grc' dir='ltr'>καὶ</span> <span class='ocrx_word' id='word_1_629' title='bbox 3284 3587 3515 3652; x_wconf 80' lang='grc' dir='ltr'>πολλοὺς</span> <span class='ocrx_word' id='word_1_630' title='bbox 3536 3591 3715 3644; x_wconf 77' lang='grc' dir='ltr'>τοιού-</span> 
     </span>
    </p>
   </div>
   <div class='ocr_carea' id='block_1_82' title="bbox 2119 3674 3722 3748">
    <p class='ocr_par' dir='ltr' id='par_1_82' title="bbox 2119 3674 3722 3748">
     <span class='ocr_line' id='line_1_82' title="bbox 2119 3674 3722 3748; baseline 0.008 -23"><span class='ocrx_word' id='word_1_631' title='bbox 2119 3689 2245 3736; x_wconf 83' lang='grc' dir='ltr'>τους</span> <span class='ocrx_word' id='word_1_632' title='bbox 2275 3674 2555 3739; x_wconf 84' lang='grc' dir='ltr'>διακόνους</span> <span class='ocrx_word' id='word_1_633' title='bbox 2583 3675 2680 3747; x_wconf 77' lang='grc' dir='ltr'><strong>ἐχῃ</strong></span> <span class='ocrx_word' id='word_1_634' title='bbox 2703 3678 2730 3729; x_wconf 88' lang='lat'><strong>6</strong></span> <span class='ocrx_word' id='word_1_635' title='bbox 2760 3675 2914 3740; x_wconf 73' lang='grc' dir='ltr'>Θεὸς,</span> <span class='ocrx_word' id='word_1_636' title='bbox 2943 3677 3197 3748; x_wconf 79' lang='grc' dir='ltr'>καθάπερ</span> <span class='ocrx_word' id='word_1_637' title='bbox 3230 3681 3323 3733; x_wconf 84' lang='grc' dir='ltr'><strong>καὶ</strong></span> <span class='ocrx_word' id='word_1_638' title='bbox 3363 3681 3591 3737; x_wconf 74' lang='grc' dir='ltr'>ἐπὶτῶν</span> <span class='ocrx_word' id='word_1_639' title='bbox 3619 3683 3722 3737; x_wconf 71' lang='grc' dir='ltr'><strong>ἄλο</strong></span> 
     </span>
    </p>
   </div>
   <div class='ocr_carea' id='block_1_83' title="bbox 2119 3764 3721 3845">
    <p class='ocr_par' dir='ltr' id='par_1_83' title="bbox 2119 3764 3721 3845">
     <span class='ocr_line' id='line_1_83' title="bbox 2119 3764 3721 3845; baseline 0.008 -28"><span class='ocrx_word' id='word_1_640' title='bbox 2119 3764 2227 3818; x_wconf 83' lang='grc' dir='ltr'><strong>λων</strong></span> <span class='ocrx_word' id='word_1_641' title='bbox 2260 3766 2459 3836; x_wconf 75' lang='grc' dir='ltr'>πλῆθός</span> <span class='ocrx_word' id='word_1_642' title='bbox 2490 3768 2657 3845; x_wconf 59' lang='grc' dir='ltr'>ἐστιν.</span> <span class='ocrx_word' id='word_1_643' title='bbox 2694 3768 2753 3820; x_wconf 84' lang='lat' dir='ltr'><strong>El</strong></span> <span class='ocrx_word' id='word_1_644' title='bbox 2784 3768 2840 3820; x_wconf 80' lang='grc' dir='ltr'><strong>δὲ</strong></span> <span class='ocrx_word' id='word_1_645' title='bbox 2872 3768 3032 3822; x_wconf 85' lang='grc' dir='ltr'>τοῦτο</span> <span class='ocrx_word' id='word_1_646' title='bbox 3081 3770 3181 3822; x_wconf 81' lang='grc' dir='ltr'><strong>οὐκ</strong></span> <span class='ocrx_word' id='word_1_647' title='bbox 3216 3770 3364 3824; x_wconf 71' lang='grc' dir='ltr'>ἔστιν</span> <span class='ocrx_word' id='word_1_648' title='bbox 3399 3772 3549 3839; x_wconf 80' lang='grc' dir='ltr'>ἰδεῖν,</span> <span class='ocrx_word' id='word_1_649' title='bbox 3574 3774 3721 3830; x_wconf 81' lang='grc' dir='ltr'><strong>ἀλλὰ</strong></span> 
     </span>
    </p>
   </div>
   <div class='ocr_carea' id='block_1_84' title="bbox 2119 3846 3719 3931">
    <p class='ocr_par' dir='ltr' id='par_1_84' title="bbox 2119 3846 3719 3931">
     <span class='ocr_line' id='line_1_84' title="bbox 2119 3846 3719 3931; baseline 0.007 -21"><span class='ocrx_word' id='word_1_650' title='bbox 2119 3858 2189 3910; x_wconf 73' lang='grc' dir='ltr'><strong>τὰ</strong></span> <span class='ocrx_word' id='word_1_651' title='bbox 2221 3846 2319 3928; x_wconf 79' lang='grc' dir='ltr'><strong>μὲν</strong></span> <span class='ocrx_word' id='word_1_652' title='bbox 2370 3860 2644 3929; x_wconf 82' lang='grc' dir='ltr'>κτίσματα</span> <span class='ocrx_word' id='word_1_653' title='bbox 2672 3860 2867 3922; x_wconf 71' lang='grc' dir='ltr'>πολλὰ,</span> <span class='ocrx_word' id='word_1_654' title='bbox 2919 3865 2945 3915; x_wconf 83' lang='grc' dir='ltr'>ὁ</span> <span class='ocrx_word' id='word_1_655' title='bbox 2972 3862 3028 3914; x_wconf 79' lang='grc' dir='ltr'>δὲ</span> <span class='ocrx_word' id='word_1_656' title='bbox 3060 3863 3229 3928; x_wconf 83' lang='grc' dir='ltr'>Λόγος</span> <span class='ocrx_word' id='word_1_657' title='bbox 3262 3859 3343 3928; x_wconf 73' lang='grc' dir='ltr'>εἷς</span> <span class='ocrx_word' id='word_1_658' title='bbox 3373 3867 3510 3928; x_wconf 80' lang='grc' dir='ltr'>ἐστι,</span> <span class='ocrx_word' id='word_1_659' title='bbox 3539 3867 3626 3931; x_wconf 89' lang='grc' dir='ltr'><strong>τίς</strong></span> <span class='ocrx_word' id='word_1_660' title='bbox 3653 3869 3719 3921; x_wconf 75' lang='grc' dir='ltr'>οὐ</span> 
     </span>
    </p>
   </div>
   <div class='ocr_carea' id='block_1_85' title="bbox 2122 3945 3724 4027">
    <p class='ocr_par' dir='ltr' id='par_1_85' title="bbox 2122 3945 3724 4027">
     <span class='ocr_line' id='line_1_85' title="bbox 2122 3945 3724 4027; baseline 0.005 -24"><span class='ocrx_word' id='word_1_661' title='bbox 2122 3952 2324 4022; x_wconf 77' lang='grc' dir='ltr'>συνορᾷ</span> <span class='ocrx_word' id='word_1_662' title='bbox 2356 3953 2445 4005; x_wconf 71' lang='grc' dir='ltr'><strong>καὶ</strong></span> <span class='ocrx_word' id='word_1_663' title='bbox 2468 3955 2530 4006; x_wconf 82' lang='grc' dir='ltr'>ὲκ</span> <span class='ocrx_word' id='word_1_664' title='bbox 2562 3945 2790 4019; x_wconf 70' lang='grc' dir='ltr'>τούτων,</span> <span class='ocrx_word' id='word_1_665' title='bbox 2820 3955 2901 4006; x_wconf 82' lang='grc' dir='ltr'><strong>ὅτι</strong></span> <span class='ocrx_word' id='word_1_666' title='bbox 2932 3956 2959 4006; x_wconf 85' lang='lat'><strong>6</strong></span> <span class='ocrx_word' id='word_1_667' title='bbox 2996 3955 3122 4018; x_wconf 63' lang='grc' dir='ltr'>Υίξς</span> <span class='ocrx_word' id='word_1_668' title='bbox 3153 3956 3408 4027; x_wconf 79' lang='grc' dir='ltr'>διέστηκε</span> <span class='ocrx_word' id='word_1_669' title='bbox 3443 3958 3551 4011; x_wconf 85' lang='grc' dir='ltr'><strong>τῶν</strong></span> <span class='ocrx_word' id='word_1_670' title='bbox 3578 3960 3724 4013; x_wconf 65' lang='grc' dir='ltr'>πάνυ</span> 
     </span>
    </p>
   </div>
   <div class='ocr_carea' id='block_1_86' title="bbox 2121 4045 3715 4123">
    <p class='ocr_par' dir='ltr' id='par_1_86' title="bbox 2121 4045 3715 4123">
     <span class='ocr_line' id='line_1_86' title="bbox 2121 4045 3715 4123; baseline 0.006 -26"><span class='ocrx_word' id='word_1_671' title='bbox 2121 4062 2248 4107; x_wconf 80' lang='grc' dir='ltr'>των,</span> <span class='ocrx_word' id='word_1_672' title='bbox 2281 4045 2375 4098; x_wconf 73' lang='grc' dir='ltr'>καὶ</span> <span class='ocrx_word' id='word_1_673' title='bbox 2396 4046 2454 4098; x_wconf 79' lang='grc' dir='ltr'><strong>οὐ</strong></span> <span class='ocrx_word' id='word_1_674' title='bbox 2509 4046 2645 4112; x_wconf 67' lang='grc' dir='ltr'>πρὸς</span> <span class='ocrx_word' id='word_1_675' title='bbox 2696 4047 2763 4100; x_wconf 80' lang='grc' dir='ltr'>τὰ</span> <span class='ocrx_word' id='word_1_676' title='bbox 2828 4048 3109 4116; x_wconf 84' lang='grc' dir='ltr'>κτίσματα</span> <span class='ocrx_word' id='word_1_677' title='bbox 3158 4048 3255 4119; x_wconf 84' lang='grc' dir='ltr'><strong>τὴν</strong></span> <span class='ocrx_word' id='word_1_678' title='bbox 3288 4051 3541 4116; x_wconf 70' lang='grc' dir='ltr'>ἐξίσωσιν</span> <span class='ocrx_word' id='word_1_679' title='bbox 3568 4051 3715 4123; x_wconf 75' lang='grc' dir='ltr'>ἔχει,</span> 
     </span>
    </p>
   </div>
   <div class='ocr_carea' id='block_1_87' title="bbox 2121 4136 3722 4210">
    <p class='ocr_par' dir='ltr' id='par_1_87' title="bbox 2121 4136 3722 4210">
     <span class='ocr_line' id='line_1_87' title="bbox 2121 4136 3722 4210; baseline 0.006 -21"><span class='ocrx_word' id='word_1_680' title='bbox 2121 4136 2259 4189; x_wconf 67' lang='grc' dir='ltr'>ἀλλὰ</span> <span class='ocrx_word' id='word_1_681' title='bbox 2304 4138 2441 4205; x_wconf 77' lang='grc' dir='ltr'>πρὸς</span> <span class='ocrx_word' id='word_1_682' title='bbox 2490 4142 2580 4191; x_wconf 84' lang='grc' dir='ltr'><strong>τὸν</strong></span> <span class='ocrx_word' id='word_1_683' title='bbox 2617 4139 2839 4208; x_wconf 80' lang='grc' dir='ltr'>Πατέρα</span> <span class='ocrx_word' id='word_1_684' title='bbox 2893 4138 2992 4210; x_wconf 78' lang='grc' dir='ltr'><strong>τὴν</strong></span> <span class='ocrx_word' id='word_1_685' title='bbox 3051 4139 3325 4210; x_wconf 73' lang='grc' dir='ltr'>ἰδιότητας</span> <span class='ocrx_word' id='word_1_686' title='bbox 3367 4142 3527 4197; x_wconf 79' lang='grc' dir='ltr'>Ὅθεν</span> <span class='ocrx_word' id='word_1_687' title='bbox 3588 4145 3722 4198; x_wconf 76' lang='grc' dir='ltr'>οὐδὲ</span> 
     </span>
    </p>
   </div>
   <div class='ocr_carea' id='block_1_88' title="bbox 2122 4226 3724 4305">
    <p class='ocr_par' dir='ltr' id='par_1_88' title="bbox 2122 4226 3724 4305">
     <span class='ocr_line' id='line_1_88' title="bbox 2122 4226 3724 4305; baseline 0.007 -27"><span class='ocrx_word' id='word_1_688' title='bbox 2122 4227 2308 4281; x_wconf 71' lang='grc' dir='ltr'>πολλοὶ</span> <span class='ocrx_word' id='word_1_689' title='bbox 2347 4228 2532 4295; x_wconf 84' lang='grc' dir='ltr'>Λόγοι,</span> <span class='ocrx_word' id='word_1_690' title='bbox 2582 4229 2718 4285; x_wconf 81' lang='grc' dir='ltr'>ἀλλὰ</span> <span class='ocrx_word' id='word_1_691' title='bbox 2749 4230 2912 4301; x_wconf 84' lang='grc' dir='ltr'>μόνος</span> <span class='ocrx_word' id='word_1_692' title='bbox 2955 4226 3035 4295; x_wconf 75' lang='grc' dir='ltr'>εἷς</span> <span class='ocrx_word' id='word_1_693' title='bbox 3070 4232 3163 4284; x_wconf 90' lang='grc' dir='ltr'><strong>τοῦ</strong></span> <span class='ocrx_word' id='word_1_694' title='bbox 3198 4233 3317 4297; x_wconf 80' lang='grc' dir='ltr'>ὲνδς</span> <span class='ocrx_word' id='word_1_695' title='bbox 3352 4233 3567 4305; x_wconf 84' lang='grc' dir='ltr'>Πατρὸς</span> <span class='ocrx_word' id='word_1_696' title='bbox 3608 4237 3724 4290; x_wconf 86' lang='grc' dir='ltr'><strong>Δό-</strong></span> 
     </span>
    </p>
   </div>
   <div class='ocr_carea' id='block_1_89' title="bbox 2121 4318 3721 4399">
    <p class='ocr_par' dir='ltr' id='par_1_89' title="bbox 2121 4318 3721 4399">
     <span class='ocr_line' id='line_1_89' title="bbox 2121 4318 3721 4399; baseline 0.005 -27"><span class='ocrx_word' id='word_1_697' title='bbox 2121 4336 2237 4387; x_wconf 86' lang='grc' dir='ltr'>γος,</span> <span class='ocrx_word' id='word_1_698' title='bbox 2271 4320 2365 4374; x_wconf 68' lang='grc' dir='ltr'>καὶ</span> <span class='ocrx_word' id='word_1_699' title='bbox 2395 4320 2491 4390; x_wconf 87' lang='grc' dir='ltr'><strong>μία</strong></span> <span class='ocrx_word' id='word_1_700' title='bbox 2523 4320 2616 4374; x_wconf 86' lang='grc' dir='ltr'><strong>τοῦ</strong></span> <span class='ocrx_word' id='word_1_701' title='bbox 2648 4320 2782 4374; x_wconf 79' lang='grc' dir='ltr'>Θεοῦ</span> <span class='ocrx_word' id='word_1_702' title='bbox 2822 4321 2985 4375; x_wconf 80' lang='grc' dir='ltr'>εἰκών</span> <span class='ocrx_word' id='word_1_703' title='bbox 3010 4324 3177 4376; x_wconf 76' lang='grc' dir='ltr'>ἐστιν.</span> <span class='ocrx_word' id='word_1_704' title='bbox 3225 4321 3370 4376; x_wconf 82' lang='grc' dir='ltr'>Ἀλλ’</span> <span class='ocrx_word' id='word_1_705' title='bbox 3397 4318 3529 4389; x_wconf 79' lang='grc' dir='ltr'>ἰδοὺ,</span> <span class='ocrx_word' id='word_1_706' title='bbox 3555 4330 3721 4399; x_wconf 81' lang='grc' dir='ltr'>φησὶ,</span> 
     </span>
    </p>
   </div>
   <div class='ocr_carea' id='block_1_90' title="bbox 438 4409 2019 4491">
    <p class='ocr_par' dir='ltr' id='par_1_90' title="bbox 438 4417 2018 4491">
     <span class='ocr_line' id='line_1_90' title="bbox 438 4417 2018 4491; baseline -0.001 -16"><span class='ocrx_word' id='word_1_707' title='bbox 438 4421 692 4491; x_wconf 73' lang='grc' dir='ltr'>ηυιιιιιιιιῐι</span> <span class='ocrx_word' id='word_1_708' title='bbox 742 4418 889 4473; x_wconf 90' lang='lat' dir='ltr'><strong>inter</strong></span> <span class='ocrx_word' id='word_1_709' title='bbox 937 4431 997 4472; x_wconf 92' lang='lat' dir='ltr'><strong>se</strong></span> <span class='ocrx_word' id='word_1_710' title='bbox 1043 4419 1177 4479; x_wconf 85' lang='lat' dir='ltr'><strong>sint,</strong></span> <span class='ocrx_word' id='word_1_711' title='bbox 1233 4425 1288 4470; x_wconf 92' lang='lat' dir='ltr'><strong>et</strong></span> <span class='ocrx_word' id='word_1_712' title='bbox 1353 4432 1524 4470; x_wconf 90' lang='lat' dir='ltr'><strong>unum</strong></span> <span class='ocrx_word' id='word_1_713' title='bbox 1613 4417 2018 4483; x_wconf 83' lang='lat' dir='ltr'><strong>quodammodo</strong></span> 
     </span>
    </p>
   </div>
   <div class='ocr_carea' id='block_1_91' title="bbox 2122 4409 3723 4491">
    <p class='ocr_par' dir='ltr' id='par_1_91' title="bbox 2125 4409 3723 4488">
     <span class='ocr_line' id='line_1_91' title="bbox 2125 4409 3723 4488; baseline 0.004 -21"><span class='ocrx_word' id='word_1_714' title='bbox 2125 4415 2219 4467; x_wconf 75' lang='grc' dir='ltr'><strong>καὶ</strong></span> <span class='ocrx_word' id='word_1_715' title='bbox 2242 4414 2269 4465; x_wconf 87' lang='lat'><strong>6</strong></span> <span class='ocrx_word' id='word_1_716' title='bbox 2303 4413 2451 4483; x_wconf 72' lang='grc' dir='ltr'>ἥλιος</span> <span class='ocrx_word' id='word_1_717' title='bbox 2490 4412 2649 4483; x_wconf 81' lang='grc' dir='ltr'>μόνος</span> <span class='ocrx_word' id='word_1_718' title='bbox 2685 4409 2787 4478; x_wconf 72' lang='grc' dir='ltr'>εἷς,</span> <span class='ocrx_word' id='word_1_719' title='bbox 2816 4414 2913 4467; x_wconf 76' lang='grc' dir='ltr'>καὶ</span> <span class='ocrx_word' id='word_1_720' title='bbox 2941 4417 2972 4486; x_wconf 79' lang='grc' dir='ltr'>ἡ</span> <span class='ocrx_word' id='word_1_721' title='bbox 3008 4415 3081 4484; x_wconf 81' lang='grc' dir='ltr'>γῆ</span> <span class='ocrx_word' id='word_1_722' title='bbox 3114 4416 3231 4476; x_wconf 85' lang='grc' dir='ltr'>μία.</span> <span class='ocrx_word' id='word_1_723' title='bbox 3259 4416 3367 4469; x_wconf 78' lang='grc' dir='ltr'><strong>Καὶ</strong></span> <span class='ocrx_word' id='word_1_724' title='bbox 3392 4419 3441 4469; x_wconf 84' lang='grc' dir='ltr'>οἱ</span> <span class='ocrx_word' id='word_1_725' title='bbox 3475 4419 3723 4488; x_wconf 75' lang='grc' dir='ltr'>ἄφρονες</span> 
     </span>
    </p>
   </div>
   <div class='ocr_carea' id='block_1_92' title="bbox 438 4497 2019 4584">
    <p class='ocr_par' dir='ltr' id='par_1_92' title="bbox 438 4497 2019 4584">
     <span class='ocr_line' id='line_1_92' title="bbox 438 4497 2019 4584; baseline -0.003 -15"><span class='ocrx_word' id='word_1_726' title='bbox 438 4529 642 4584; x_wconf 87' lang='lat' dir='ltr'><strong>corpus</strong></span> <span class='ocrx_word' id='word_1_727' title='bbox 701 4511 962 4567; x_wconf 88' lang='lat' dir='ltr'><strong>mundum</strong></span> <span class='ocrx_word' id='word_1_728' title='bbox 1012 4511 1327 4565; x_wconf 82' lang='lat' dir='ltr'><strong>conﬁciant.</strong></span> <span class='ocrx_word' id='word_1_729' title='bbox 1388 4509 1541 4576; x_wconf 88' lang='lat' dir='ltr'><strong>Quod</strong></span> <span class='ocrx_word' id='word_1_730' title='bbox 1573 4510 1615 4564; x_wconf 89' lang='lat' dir='ltr'><strong>si</strong></span> <span class='ocrx_word' id='word_1_731' title='bbox 1638 4497 1832 4564; x_wconf 85' lang='lat' dir='ltr'><strong>Filium</strong></span> <span class='ocrx_word' id='word_1_732' title='bbox 1855 4511 2019 4565; x_wconf 88' lang='lat' dir='ltr'><strong>etiam</strong></span> 
     </span>
    </p>
   </div>
   <div class='ocr_carea' id='block_1_93' title="bbox 2127 4504 3727 4578">
    <p class='ocr_par' dir='ltr' id='par_1_93' title="bbox 2127 4504 3727 4578">
     <span class='ocr_line' id='line_1_93' title="bbox 2127 4504 3727 4578; baseline 0.004 -19"><span class='ocrx_word' id='word_1_733' title='bbox 2127 4506 2461 4565; x_wconf 63' lang='grc' dir='ltr'>εἰπάτωσαν.</span> <span class='ocrx_word' id='word_1_734' title='bbox 2490 4504 2571 4558; x_wconf 77' lang='grc' dir='ltr'><strong>ὅτι</strong></span> <span class='ocrx_word' id='word_1_735' title='bbox 2601 4507 2695 4558; x_wconf 69' lang='grc' dir='ltr'><strong>καὶ</strong></span> <span class='ocrx_word' id='word_1_736' title='bbox 2730 4505 2873 4576; x_wconf 79' lang='grc' dir='ltr'>ὓδωρ</span> <span class='ocrx_word' id='word_1_737' title='bbox 2909 4507 2988 4570; x_wconf 82' lang='grc' dir='ltr'>ἓν,</span> <span class='ocrx_word' id='word_1_738' title='bbox 3027 4509 3119 4560; x_wconf 76' lang='grc' dir='ltr'>καὶ</span> <span class='ocrx_word' id='word_1_739' title='bbox 3152 4507 3263 4578; x_wconf 86' lang='grc' dir='ltr'><strong>πῦρ</strong></span> <span class='ocrx_word' id='word_1_740' title='bbox 3312 4508 3391 4574; x_wconf 82' lang='grc' dir='ltr'>ἓν,</span> <span class='ocrx_word' id='word_1_741' title='bbox 3431 4509 3517 4563; x_wconf 78' lang='grc' dir='ltr'>ἵνα</span> <span class='ocrx_word' id='word_1_742' title='bbox 3549 4512 3727 4565; x_wconf 82' lang='grc' dir='ltr'>ἁκού-</span> 
     </span>
    </p>
   </div>
   <div class='ocr_carea' id='block_1_94' title="bbox 441 4597 2019 4673">
    <p class='ocr_par' dir='ltr' id='par_1_94' title="bbox 441 4603 2019 4673">
     <span class='ocr_line' id='line_1_94' title="bbox 441 4603 2019 4673; baseline 0.001 -13"><span class='ocrx_word' id='word_1_743' title='bbox 441 4608 607 4661; x_wconf 90' lang='lat' dir='ltr'><strong>talem</strong></span> <span class='ocrx_word' id='word_1_744' title='bbox 686 4604 1022 4666; x_wconf 81' lang='lat' dir='ltr'><strong>existimant,</strong></span> <span class='ocrx_word' id='word_1_745' title='bbox 1105 4603 1443 4673; x_wconf 82' lang='lat' dir='ltr'><strong>repellantur</strong></span> <span class='ocrx_word' id='word_1_746' title='bbox 1514 4604 1580 4657; x_wconf 88' lang='lat' dir='ltr'><strong>ab</strong></span> <span class='ocrx_word' id='word_1_747' title='bbox 1634 4604 1912 4667; x_wconf 89' lang='lat' dir='ltr'><strong>omnibus,</strong></span> <span class='ocrx_word' id='word_1_748' title='bbox 1964 4615 2019 4661; x_wconf 89' lang='lat' dir='ltr'><strong>ut</strong></span> 
     </span>
    </p>
   </div>
   <div class='ocr_carea' id='block_1_95' title="bbox 2122 4597 3725 4673">
    <p class='ocr_par' dir='ltr' id='par_1_95' title="bbox 2128 4597 3725 4672">
     <span class='ocr_line' id='line_1_95' title="bbox 2128 4597 3725 4672; baseline 0.004 -21"><span class='ocrx_word' id='word_1_749' title='bbox 2128 4616 2295 4651; x_wconf 86' lang='grc' dir='ltr'>σωσιν</span> <span class='ocrx_word' id='word_1_750' title='bbox 2318 4599 2397 4651; x_wconf 87' lang='grc' dir='ltr'>ὃτι</span> <span class='ocrx_word' id='word_1_751' title='bbox 2429 4597 2536 4649; x_wconf 81' lang='grc' dir='ltr'><strong>τῶν</strong></span> <span class='ocrx_word' id='word_1_752' title='bbox 2572 4601 2881 4668; x_wconf 79' lang='grc' dir='ltr'>γενομένων</span> <span class='ocrx_word' id='word_1_753' title='bbox 2915 4600 3149 4654; x_wconf 74' lang='grc' dir='ltr'>ἕκαστον</span> <span class='ocrx_word' id='word_1_754' title='bbox 3197 4600 3255 4654; x_wconf 83' lang='grc' dir='ltr'>ἓν</span> <span class='ocrx_word' id='word_1_755' title='bbox 3298 4602 3397 4672; x_wconf 82' lang='grc' dir='ltr'><strong>μέν</strong></span> <span class='ocrx_word' id='word_1_756' title='bbox 3427 4604 3543 4656; x_wconf 72' lang='grc' dir='ltr'>ἔστι</span> <span class='ocrx_word' id='word_1_757' title='bbox 3571 4604 3725 4660; x_wconf 69' lang='grc' dir='ltr'>κατὰ</span> 
     </span>
    </p>
   </div>
   <div class='ocr_carea' id='block_1_96' title="bbox 425 4693 2019 4770">
    <p class='ocr_par' dir='ltr' id='par_1_96' title="bbox 425 4693 2019 4770">
     <span class='ocr_line' id='line_1_96' title="bbox 425 4693 2019 4770; baseline -0.003 -18"><span class='ocrx_word' id='word_1_758' title='bbox 425 4699 534 4770; x_wconf 69' lang='lat' dir='ltr'><strong>qui</strong></span> <span class='ocrx_word' id='word_1_759' title='bbox 641 4706 853 4769; x_wconf 78' lang='lat' dir='ltr'><strong>partem</strong></span> <span class='ocrx_word' id='word_1_760' title='bbox 953 4696 1326 4750; x_wconf 78' lang='lat' dir='ltr'><strong>universitatis</strong></span> <span class='ocrx_word' id='word_1_761' title='bbox 1404 4693 1641 4749; x_wconf 87' lang='lat' dir='ltr'><strong>Verbum</strong></span> <span class='ocrx_word' id='word_1_762' title='bbox 1744 4704 2019 4759; x_wconf 67' lang='lat' dir='ltr'><strong>asserunt,</strong></span> 
     </span>
    </p>
   </div>
   <div class='ocr_carea' id='block_1_97' title="bbox 439 4784 2021 4861">
    <p class='ocr_par' dir='ltr' id='par_1_97' title="bbox 439 4784 2021 4861">
     <span class='ocr_line' id='line_1_97' title="bbox 439 4784 2021 4861; baseline -0.006 -14"><span class='ocrx_word' id='word_1_763' title='bbox 439 4803 497 4847; x_wconf 88' lang='lat' dir='ltr'><strong>et</strong></span> <span class='ocrx_word' id='word_1_764' title='bbox 527 4798 738 4861; x_wconf 89' lang='lat' dir='ltr'><strong>partem</strong></span> <span class='ocrx_word' id='word_1_765' title='bbox 774 4786 1072 4859; x_wconf 85' lang='lat' dir='ltr'><strong>ejusmodi,</strong></span> <span class='ocrx_word' id='word_1_766' title='bbox 1104 4800 1223 4854; x_wconf 70' lang='lat' dir='ltr'><strong>qua:</strong></span> <span class='ocrx_word' id='word_1_767' title='bbox 1269 4785 1390 4839; x_wconf 87' lang='lat' dir='ltr'><strong>sine</strong></span> <span class='ocrx_word' id='word_1_768' title='bbox 1425 4784 1547 4838; x_wconf 88' lang='lat' dir='ltr'><strong>aliis</strong></span> <span class='ocrx_word' id='word_1_769' title='bbox 1578 4786 1825 4854; x_wconf 86' lang='lat' dir='ltr'><strong>partibus</strong></span> <span class='ocrx_word' id='word_1_770' title='bbox 1874 4801 2021 4840; x_wconf 83' lang='lat' dir='ltr'><strong>com-</strong></span> 
     </span>
    </p>
   </div>
   <div class='ocr_carea' id='block_1_98' title="bbox 441 4876 2017 4947">
    <p class='ocr_par' dir='ltr' id='par_1_98' title="bbox 441 4876 2017 4947">
     <span class='ocr_line' id='line_1_98' title="bbox 441 4876 2017 4947; baseline -0.004 -7"><span class='ocrx_word' id='word_1_771' title='bbox 441 4885 674 4941; x_wconf 81' lang='lat' dir='ltr'><strong>missum</strong></span> <span class='ocrx_word' id='word_1_772' title='bbox 690 4883 787 4937; x_wconf 82' lang='lat' dir='ltr'><strong>sibi</strong></span> <span class='ocrx_word' id='word_1_773' title='bbox 824 4895 1022 4935; x_wconf 91' lang='lat' dir='ltr'><strong>munus</strong></span> <span class='ocrx_word' id='word_1_774' title='bbox 1050 4878 1200 4933; x_wconf 91' lang='lat' dir='ltr'><strong>obire</strong></span> <span class='ocrx_word' id='word_1_775' title='bbox 1217 4894 1321 4931; x_wconf 92' lang='lat' dir='ltr'><strong>non</strong></span> <span class='ocrx_word' id='word_1_776' title='bbox 1358 4876 1548 4947; x_wconf 89' lang='lat' dir='ltr'><strong>possit.</strong></span> <span class='ocrx_word' id='word_1_777' title='bbox 1579 4876 1724 4931; x_wconf 84' lang='lat' dir='ltr'><strong>Istuc</strong></span> <span class='ocrx_word' id='word_1_778' title='bbox 1749 4888 1933 4932; x_wconf 85' lang='lat' dir='ltr'><strong>autem</strong></span> <span class='ocrx_word' id='word_1_779' title='bbox 1968 4879 2017 4934; x_wconf 88' lang='lat' dir='ltr'><strong>si</strong></span> 
     </span>
    </p>
   </div>
   <div class='ocr_carea' id='block_1_99' title="bbox 442 4967 2018 5049">
    <p class='ocr_par' dir='ltr' id='par_1_99' title="bbox 442 4967 2018 5049">
     <span class='ocr_line' id='line_1_99' title="bbox 442 4967 2018 5049; baseline -0.004 -16"><span class='ocrx_word' id='word_1_780' title='bbox 442 4979 603 5049; x_wconf 83' lang='lat' dir='ltr'><strong>plane</strong></span> <span class='ocrx_word' id='word_1_781' title='bbox 625 4985 840 5034; x_wconf 84' lang='lat' dir='ltr'><strong>constat</strong></span> <span class='ocrx_word' id='word_1_782' title='bbox 876 4988 999 5030; x_wconf 88' lang='lat' dir='ltr'><strong>esse</strong></span> <span class='ocrx_word' id='word_1_783' title='bbox 1024 4973 1274 5042; x_wconf 87' lang='lat' dir='ltr'><strong>impium,</strong></span> <span class='ocrx_word' id='word_1_784' title='bbox 1306 4978 1609 5041; x_wconf 77' lang='lat' dir='ltr'><strong>agnoscant</strong></span> <span class='ocrx_word' id='word_1_785' title='bbox 1642 4967 1877 5024; x_wconf 87' lang='lat' dir='ltr'><strong>Verbum</strong></span> <span class='ocrx_word' id='word_1_786' title='bbox 1908 4987 2018 5027; x_wconf 85' lang='lat' dir='ltr'><strong>non</strong></span> 
     </span>
    </p>
   </div>
   <div class='ocr_carea' id='block_1_100' title="bbox 442 5064 2019 5143">
    <p class='ocr_par' dir='ltr' id='par_1_100' title="bbox 442 5064 2019 5143">
     <span class='ocr_line' id='line_1_100' title="bbox 442 5064 2019 5143; baseline -0.005 -18"><span class='ocrx_word' id='word_1_787' title='bbox 442 5080 815 5143; x_wconf 84' lang='lat' dir='ltr'><strong>procreatum,</strong></span> <span class='ocrx_word' id='word_1_788' title='bbox 838 5068 931 5124; x_wconf 88' lang='lat' dir='ltr'><strong>sed</strong></span> <span class='ocrx_word' id='word_1_789' title='bbox 958 5067 1197 5122; x_wconf 87' lang='lat' dir='ltr'><strong>omnium</strong></span> <span class='ocrx_word' id='word_1_790' title='bbox 1234 5064 1743 5135; x_wconf 79' lang='lat' dir='ltr'><strong>procreatorem.At</strong></span> <span class='ocrx_word' id='word_1_791' title='bbox 1776 5065 1921 5117; x_wconf 90' lang='lat' dir='ltr'><strong>enim</strong></span> <span class='ocrx_word' id='word_1_792' title='bbox 1951 5065 2019 5118; x_wconf 85' lang='lat' dir='ltr'><strong>ita</strong></span> 
     </span>
    </p>
   </div>
   <div class='ocr_carea' id='block_1_101' title="bbox 443 5152 2053 5222">
    <p class='ocr_par' dir='ltr' id='par_1_101' title="bbox 443 5152 2053 5222">
     <span class='ocr_line' id='line_1_101' title="bbox 443 5152 2053 5222; baseline -0.005 -3"><span class='ocrx_word' id='word_1_793' title='bbox 443 5163 646 5219; x_wconf 82' lang='lat' dir='ltr'><strong>factum</strong></span> <span class='ocrx_word' id='word_1_794' title='bbox 712 5174 767 5218; x_wconf 88' lang='lat' dir='ltr'><strong>et</strong></span> <span class='ocrx_word' id='word_1_795' title='bbox 816 5170 1063 5219; x_wconf 80' lang='lat' dir='ltr'><strong>creatum</strong></span> <span class='ocrx_word' id='word_1_796' title='bbox 1096 5157 1389 5222; x_wconf 84' lang='lat' dir='ltr'><strong>allirmaut,</strong></span> <span class='ocrx_word' id='word_1_797' title='bbox 1424 5166 1483 5211; x_wconf 87' lang='lat' dir='ltr'><strong>ut</strong></span> <span class='ocrx_word' id='word_1_798' title='bbox 1515 5157 1582 5211; x_wconf 88' lang='lat' dir='ltr'><strong>ab</strong></span> <span class='ocrx_word' id='word_1_799' title='bbox 1631 5156 1889 5211; x_wconf 71' lang='lat' dir='ltr'><strong>eﬁectore</strong></span> <span class='ocrx_word' id='word_1_800' title='bbox 1923 5152 2053 5211; x_wconf 50' lang='lat' dir='ltr'><strong>suo‘</strong></span> 
     </span>
    </p>
   </div>
   <div class='ocr_carea' id='block_1_102' title="bbox 446 5247 2020 5324">
    <p class='ocr_par' dir='ltr' id='par_1_102' title="bbox 446 5247 2020 5324">
     <span class='ocr_line' id='line_1_102' title="bbox 446 5247 2020 5324; baseline -0.006 -14"><span class='ocrx_word' id='word_1_801' title='bbox 446 5266 701 5324; x_wconf 77' lang='lat' dir='ltr'><strong>tanquam</strong></span> <span class='ocrx_word' id='word_1_802' title='bbox 728 5270 757 5308; x_wconf 76' lang='grc' dir='ltr'><strong>ιι</strong></span> <span class='ocrx_word' id='word_1_803' title='bbox 786 5252 1049 5322; x_wconf 79' lang='lat' dir='ltr'><strong>magistro</strong></span> <span class='ocrx_word' id='word_1_804' title='bbox 1087 5248 1346 5304; x_wconf 71' lang='lat' dir='ltr'><strong>didicerit</strong></span> <span class='ocrx_word' id='word_1_805' title='bbox 1376 5262 1691 5318; x_wconf 84' lang='lat' dir='ltr'><strong>procreare,</strong></span> <span class='ocrx_word' id='word_1_806' title='bbox 1745 5256 1912 5317; x_wconf 82' lang='lat' dir='ltr'><strong>atque</strong></span> <span class='ocrx_word' id='word_1_807' title='bbox 1948 5247 2020 5300; x_wconf 90' lang='lat' dir='ltr'><strong>ita</strong></span> 
     </span>
    </p>
   </div>
   <div class='ocr_carea' id='block_1_103' title="bbox 446 5340 2025 5418">
    <p class='ocr_par' dir='ltr' id='par_1_103' title="bbox 446 5340 2025 5418">
     <span class='ocr_line' id='line_1_103' title="bbox 446 5340 2025 5418; baseline -0.006 -14"><span class='ocrx_word' id='word_1_808' title='bbox 446 5347 767 5418; x_wconf 65' lang='lat' dir='ltr'><strong>praeceptori</strong></span> <span class='ocrx_word' id='word_1_809' title='bbox 801 5347 908 5400; x_wconf 90' lang='lat' dir='ltr'><strong>Deo</strong></span> <span class='ocrx_word' id='word_1_810' title='bbox 950 5342 1239 5398; x_wconf 84' lang='lat' dir='ltr'><strong>inservire.</strong></span> <span class='ocrx_word' id='word_1_811' title='bbox 1310 5340 1439 5395; x_wconf 65' lang='lat' dir='ltr'><strong>Haec</strong></span> <span class='ocrx_word' id='word_1_812' title='bbox 1472 5342 1621 5394; x_wconf 88' lang='lat' dir='ltr'><strong>enim</strong></span> <span class='ocrx_word' id='word_1_813' title='bbox 1684 5349 1738 5394; x_wconf 86' lang='lat' dir='ltr'><strong>et</strong></span> <span class='ocrx_word' id='word_1_814' title='bbox 1772 5340 2025 5395; x_wconf 74' lang='lat' dir='ltr'><strong>Asterius</strong></span> 
     </span>
    </p>
   </div>
   <div class='ocr_carea' id='block_1_104' title="bbox 2124 4689 3720 4767">
    <p class='ocr_par' dir='ltr' id='par_1_104' title="bbox 2124 4689 3720 4767">
     <span class='ocr_line' id='line_1_104' title="bbox 2124 4689 3720 4767; baseline 0.006 -25"><span class='ocrx_word' id='word_1_815' title='bbox 2124 4693 2222 4760; x_wconf 80' lang='grc' dir='ltr'><strong>τὴν</strong></span> <span class='ocrx_word' id='word_1_816' title='bbox 2254 4689 2391 4741; x_wconf 84' lang='grc' dir='ltr'>ἰδίαν</span> <span class='ocrx_word' id='word_1_817' title='bbox 2428 4691 2616 4744; x_wconf 81' lang='grc' dir='ltr'>οὐσίαν</span> <span class='ocrx_word' id='word_1_818' title='bbox 2638 4729 2653 4751; x_wconf 93' lang='grc'><strong>,</strong></span> <span class='ocrx_word' id='word_1_819' title='bbox 2694 4691 2830 4759; x_wconf 65' lang='grc' dir='ltr'>πρὸς</span> <span class='ocrx_word' id='word_1_820' title='bbox 2867 4690 2925 4743; x_wconf 71' lang='grc' dir='ltr'>δὲ</span> <span class='ocrx_word' id='word_1_821' title='bbox 2982 4693 3079 4760; x_wconf 77' lang='grc' dir='ltr'><strong>τὴν</strong></span> <span class='ocrx_word' id='word_1_822' title='bbox 3109 4695 3561 4767; x_wconf 77' lang='grc' dir='ltr'>ὲγχειριζομένην</span> <span class='ocrx_word' id='word_1_823' title='bbox 3589 4697 3720 4751; x_wconf 73' lang='grc' dir='ltr'>διαο</span> 
     </span>
    </p>
   </div>
   <div class='ocr_carea' id='block_1_105' title="bbox 2124 4785 3725 4861">
    <p class='ocr_par' dir='ltr' id='par_1_105' title="bbox 2124 4785 3725 4861">
     <span class='ocr_line' id='line_1_105' title="bbox 2124 4785 3725 4861; baseline 0.004 -21"><span class='ocrx_word' id='word_1_824' title='bbox 2124 4786 2310 4840; x_wconf 80' lang='grc' dir='ltr'>κονίαν</span> <span class='ocrx_word' id='word_1_825' title='bbox 2359 4786 2456 4839; x_wconf 72' lang='grc' dir='ltr'><strong>καὶ</strong></span> <span class='ocrx_word' id='word_1_826' title='bbox 2479 4785 2823 4854; x_wconf 79' lang='grc' dir='ltr'>λειτουργίαν</span> <span class='ocrx_word' id='word_1_827' title='bbox 2858 4785 2958 4839; x_wconf 78' lang='grc' dir='ltr'><strong>οὐκ</strong></span> <span class='ocrx_word' id='word_1_828' title='bbox 3013 4787 3159 4840; x_wconf 81' lang='grc' dir='ltr'>ἔστιν</span> <span class='ocrx_word' id='word_1_829' title='bbox 3189 4788 3375 4843; x_wconf 81' lang='grc' dir='ltr'>ἰκανὸν</span> <span class='ocrx_word' id='word_1_830' title='bbox 3407 4792 3501 4843; x_wconf 74' lang='lat' dir='ltr'><strong>xa‘t</strong></span> <span class='ocrx_word' id='word_1_831' title='bbox 3551 4792 3725 4861; x_wconf 88' lang='grc' dir='ltr'>μόνον</span> 
     </span>
    </p>
   </div>
   <div class='ocr_carea' id='block_1_106' title="bbox 2125 4877 3725 4953">
    <p class='ocr_par' dir='ltr' id='par_1_106' title="bbox 2125 4877 3725 4953">
     <span class='ocr_line' id='line_1_106' title="bbox 2125 4877 3725 4953; baseline 0.002 -19"><span class='ocrx_word' id='word_1_832' title='bbox 2125 4881 2435 4948; x_wconf 79' lang='grc' dir='ltr'>αὐτάρκως,</span> <span class='ocrx_word' id='word_1_833' title='bbox 2473 4877 2586 4933; x_wconf 76' lang='grc' dir='ltr'>ἀλλ’</span> <span class='ocrx_word' id='word_1_834' title='bbox 2612 4880 2845 4932; x_wconf 76' lang='grc' dir='ltr'>ἕκαστον</span> <span class='ocrx_word' id='word_1_835' title='bbox 2896 4882 3007 4933; x_wconf 83' lang='grc' dir='ltr'><strong>τῶν</strong></span> <span class='ocrx_word' id='word_1_836' title='bbox 3034 4882 3365 4950; x_wconf 89' lang='grc' dir='ltr'>γενομένων,</span> <span class='ocrx_word' id='word_1_837' title='bbox 3400 4882 3595 4953; x_wconf 81' lang='grc' dir='ltr'>ὥσπερ</span> <span class='ocrx_word' id='word_1_838' title='bbox 3620 4886 3725 4941; x_wconf 79' lang='grc' dir='ltr'><strong>ἀλ-</strong></span> 
     </span>
    </p>
   </div>
   <div class='ocr_carea' id='block_1_107' title="bbox 2123 4968 3723 5045">
    <p class='ocr_par' dir='ltr' id='par_1_107' title="bbox 2123 4968 3723 5045">
     <span class='ocr_line' id='line_1_107' title="bbox 2123 4968 3723 5045; baseline 0.004 -23"><span class='ocrx_word' id='word_1_839' title='bbox 2123 4970 2325 5041; x_wconf 80' lang='grc' dir='ltr'>λήλων,</span> <span class='ocrx_word' id='word_1_840' title='bbox 2351 4968 2483 5021; x_wconf 82' lang='grc' dir='ltr'>ὄντα</span> <span class='ocrx_word' id='word_1_841' title='bbox 2527 4970 2662 5040; x_wconf 83' lang='grc' dir='ltr'>μέλη</span> <span class='ocrx_word' id='word_1_842' title='bbox 2719 4970 2799 5035; x_wconf 77' lang='grc' dir='ltr'>ἓν,</span> <span class='ocrx_word' id='word_1_843' title='bbox 2854 4970 3108 5041; x_wconf 74' lang='grc' dir='ltr'>καθάπερ</span> <span class='ocrx_word' id='word_1_844' title='bbox 3144 4972 3304 5040; x_wconf 83' lang='grc' dir='ltr'>σῶμα</span> <span class='ocrx_word' id='word_1_845' title='bbox 3329 5012 3344 5035; x_wconf 93' lang='grc'><strong>,</strong></span> <span class='ocrx_word' id='word_1_846' title='bbox 3386 4972 3477 5025; x_wconf 74' lang='grc' dir='ltr'><strong>τὸν</strong></span> <span class='ocrx_word' id='word_1_847' title='bbox 3505 4973 3723 5045; x_wconf 84' lang='grc' dir='ltr'>κόσμον</span> 
     </span>
    </p>
   </div>
   <div class='ocr_carea' id='block_1_108' title="bbox 2124 5062 3724 5135">
    <p class='ocr_par' dir='ltr' id='par_1_108' title="bbox 2124 5062 3724 5135">
     <span class='ocr_line' id='line_1_108' title="bbox 2124 5062 3724 5135; baseline 0.002 -17"><span class='ocrx_word' id='word_1_848' title='bbox 2124 5062 2501 5119; x_wconf 75' lang='grc' dir='ltr'>ἀποτελοῦσιν.</span> <span class='ocrx_word' id='word_1_849' title='bbox 2536 5063 2597 5116; x_wconf 82' lang='grc' dir='ltr'><strong>Εἰ</strong></span> <span class='ocrx_word' id='word_1_850' title='bbox 2622 5062 2801 5116; x_wconf 84' lang='grc' dir='ltr'>τοίνυν</span> <span class='ocrx_word' id='word_1_851' title='bbox 2830 5063 2973 5117; x_wconf 79' lang='grc' dir='ltr'>οὕτω</span> <span class='ocrx_word' id='word_1_852' title='bbox 2997 5065 3090 5117; x_wconf 82' lang='grc' dir='ltr'>καὶ</span> <span class='ocrx_word' id='word_1_853' title='bbox 3114 5065 3206 5117; x_wconf 82' lang='grc' dir='ltr'>τὸν</span> <span class='ocrx_word' id='word_1_854' title='bbox 3236 5065 3363 5118; x_wconf 74' lang='grc' dir='ltr'>Υίδν</span> <span class='ocrx_word' id='word_1_855' title='bbox 3394 5065 3724 5135; x_wconf 75' lang='grc' dir='ltr'>ὑπολαμϐά-</span> 
     </span>
    </p>
   </div>
   <div class='ocr_carea' id='block_1_109' title="bbox 2125 5148 3724 5231">
    <p class='ocr_par' dir='ltr' id='par_1_109' title="bbox 2125 5148 3724 5231">
     <span class='ocr_line' id='line_1_109' title="bbox 2125 5148 3724 5231; baseline 0 -21"><span class='ocrx_word' id='word_1_856' title='bbox 2125 5174 2306 5211; x_wconf 76' lang='grc' dir='ltr'>νουσιν</span> <span class='ocrx_word' id='word_1_857' title='bbox 2338 5148 2497 5219; x_wconf 72' lang='grc' dir='ltr'>εἶναι,</span> <span class='ocrx_word' id='word_1_858' title='bbox 2532 5154 2915 5227; x_wconf 79' lang='grc' dir='ltr'>βαλλέσθωσαν</span> <span class='ocrx_word' id='word_1_859' title='bbox 2968 5158 3117 5226; x_wconf 72' lang='grc' dir='ltr'>παρὰ</span> <span class='ocrx_word' id='word_1_860' title='bbox 3152 5158 3391 5220; x_wconf 76' lang='grc' dir='ltr'>πάντων,</span> <span class='ocrx_word' id='word_1_861' title='bbox 3434 5161 3605 5231; x_wconf 83' lang='grc' dir='ltr'>μέρος</span> <span class='ocrx_word' id='word_1_862' title='bbox 3643 5158 3724 5213; x_wconf 85' lang='grc' dir='ltr'><strong>εἷ-</strong></span> 
     </span>
    </p>
   </div>
   <div class='ocr_carea' id='block_1_110' title="bbox 2124 5246 3721 5325">
    <p class='ocr_par' dir='ltr' id='par_1_110' title="bbox 2124 5246 3721 5325">
     <span class='ocr_line' id='line_1_110' title="bbox 2124 5246 3721 5325; baseline 0.003 -25"><span class='ocrx_word' id='word_1_863' title='bbox 2124 5266 2213 5300; x_wconf 89' lang='grc' dir='ltr'><strong>ναι</strong></span> <span class='ocrx_word' id='word_1_864' title='bbox 2250 5246 2558 5316; x_wconf 79' lang='grc' dir='ltr'>νομίζοντες</span> <span class='ocrx_word' id='word_1_865' title='bbox 2611 5248 2718 5298; x_wconf 81' lang='grc' dir='ltr'>τῶν</span> <span class='ocrx_word' id='word_1_866' title='bbox 2752 5249 2972 5302; x_wconf 74' lang='grc' dir='ltr'>πάντων</span> <span class='ocrx_word' id='word_1_867' title='bbox 3026 5249 3117 5302; x_wconf 80' lang='grc' dir='ltr'><strong>τὸν</strong></span> <span class='ocrx_word' id='word_1_868' title='bbox 3164 5249 3359 5319; x_wconf 80' lang='grc' dir='ltr'>Λόγον,</span> <span class='ocrx_word' id='word_1_869' title='bbox 3413 5254 3506 5305; x_wconf 71' lang='grc' dir='ltr'>καὶ</span> <span class='ocrx_word' id='word_1_870' title='bbox 3546 5254 3721 5325; x_wconf 83' lang='grc' dir='ltr'>μέρος</span> 
     </span>
    </p>
   </div>
   <div class='ocr_carea' id='block_1_111' title="bbox 2124 5340 3729 5413">
    <p class='ocr_par' dir='ltr' id='par_1_111' title="bbox 2124 5340 3729 5413">
     <span class='ocr_line' id='line_1_111' title="bbox 2124 5340 3729 5413; baseline 0.002 -19"><span class='ocrx_word' id='word_1_871' title='bbox 2124 5342 2220 5411; x_wconf 74' lang='grc' dir='ltr'><strong>οὐχ</strong></span> <span class='ocrx_word' id='word_1_872' title='bbox 2252 5340 2436 5394; x_wconf 82' lang='grc' dir='ltr'>ἱκανὸν</span> <span class='ocrx_word' id='word_1_873' title='bbox 2463 5341 2593 5394; x_wconf 85' lang='grc' dir='ltr'>ἄνευ</span> <span class='ocrx_word' id='word_1_874' title='bbox 2628 5341 2737 5394; x_wconf 83' lang='grc' dir='ltr'><strong>τῶν</strong></span> <span class='ocrx_word' id='word_1_875' title='bbox 2765 5341 2941 5395; x_wconf 69' lang='grc' dir='ltr'>ἄλλων</span> <span class='ocrx_word' id='word_1_876' title='bbox 2968 5341 3107 5413; x_wconf 79' lang='grc' dir='ltr'>πρὸς</span> <span class='ocrx_word' id='word_1_877' title='bbox 3136 5341 3235 5412; x_wconf 80' lang='grc' dir='ltr'>τὴν</span> <span class='ocrx_word' id='word_1_878' title='bbox 3271 5343 3729 5413; x_wconf 62' lang='grc' dir='ltr'>ἐγχειρηθεῖσιν</span> 
     </span>
    </p>
   </div>
   <div class='ocr_carea' id='block_1_112' title="bbox 443 5428 2019 5511">
    <p class='ocr_par' dir='ltr' id='par_1_112' title="bbox 443 5432 2019 5511">
     <span class='ocr_line' id='line_1_112' title="bbox 443 5432 2019 5511; baseline -0.004 -16"><span class='ocrx_word' id='word_1_879' title='bbox 443 5441 712 5511; x_wconf 85' lang='lat' dir='ltr'><strong>sophista,</strong></span> <span class='ocrx_word' id='word_1_880' title='bbox 757 5448 817 5494; x_wconf 91' lang='lat' dir='ltr'><strong>ut</strong></span> <span class='ocrx_word' id='word_1_881' title='bbox 864 5437 955 5507; x_wconf 89' lang='lat' dir='ltr'><strong>qui</strong></span> <span class='ocrx_word' id='word_1_882' title='bbox 1013 5434 1205 5491; x_wconf 91' lang='lat' dir='ltr'><strong>didicit</strong></span> <span class='ocrx_word' id='word_1_883' title='bbox 1248 5448 1451 5501; x_wconf 81' lang='lat' dir='ltr'><strong>negare</strong></span> <span class='ocrx_word' id='word_1_884' title='bbox 1482 5432 1677 5495; x_wconf 86' lang='lat' dir='ltr'><strong>Deum.</strong></span> <span class='ocrx_word' id='word_1_885' title='bbox 1725 5449 1893 5489; x_wconf 84' lang='lat' dir='ltr'><strong>ausus</strong></span> <span class='ocrx_word' id='word_1_886' title='bbox 1940 5441 2019 5488; x_wconf 84' lang='lat' dir='ltr'><strong>est</strong></span> 
     </span>
    </p>
   </div>
   <div class='ocr_carea' id='block_1_113' title="bbox 2122 5428 3721 5511">
    <p class='ocr_par' dir='ltr' id='par_1_113' title="bbox 2128 5428 3721 5501">
     <span class='ocr_line' id='line_1_113' title="bbox 2128 5428 3721 5501; baseline 0.004 -21"><span class='ocrx_word' id='word_1_887' title='bbox 2128 5428 2275 5500; x_wconf 76' lang='grc' dir='ltr'>αὑτῷ</span> <span class='ocrx_word' id='word_1_888' title='bbox 2310 5430 2676 5501; x_wconf 80' lang='grc' dir='ltr'>λειτουργίαν.</span> <span class='ocrx_word' id='word_1_889' title='bbox 2710 5431 2771 5482; x_wconf 82' lang='grc' dir='ltr'><strong>Εἰ</strong></span> <span class='ocrx_word' id='word_1_890' title='bbox 2807 5430 2863 5483; x_wconf 77' lang='grc' dir='ltr'>δὲ</span> <span class='ocrx_word' id='word_1_891' title='bbox 2913 5430 3071 5484; x_wconf 84' lang='grc' dir='ltr'>τοῦτο</span> <span class='ocrx_word' id='word_1_892' title='bbox 3103 5432 3165 5485; x_wconf 83' lang='grc' dir='ltr'>ἐκ</span> <span class='ocrx_word' id='word_1_893' title='bbox 3194 5432 3427 5501; x_wconf 82' lang='grc' dir='ltr'>φανεροῦ</span> <span class='ocrx_word' id='word_1_894' title='bbox 3454 5433 3721 5496; x_wconf 76' lang='grc' dir='ltr'>δυσσεδές</span> 
     </span>
    </p>
   </div>
   <div class='ocr_carea' id='block_1_114' title="bbox 442 5524 2025 5589">
    <p class='ocr_par' dir='ltr' id='par_1_114' title="bbox 442 5524 2025 5589">
     <span class='ocr_line' id='line_1_114' title="bbox 442 5524 2025 5589; baseline -0.006 -3"><span class='ocrx_word' id='word_1_895' title='bbox 442 5531 748 5588; x_wconf 76' lang='lat' dir='ltr'><strong>litterarum</strong></span> <span class='ocrx_word' id='word_1_896' title='bbox 806 5525 1175 5583; x_wconf 84' lang='lat' dir='ltr'><strong>monumentis</strong></span> <span class='ocrx_word' id='word_1_897' title='bbox 1220 5524 1502 5589; x_wconf 85' lang='lat' dir='ltr'><strong>mandare,</strong></span> <span class='ocrx_word' id='word_1_898' title='bbox 1535 5540 1638 5579; x_wconf 86' lang='lat' dir='ltr'><strong>nee</strong></span> <span class='ocrx_word' id='word_1_899' title='bbox 1684 5524 2025 5579; x_wconf 86' lang='lat' dir='ltr'><strong>animadver-</strong></span> 
     </span>
    </p>
   </div>
   <div class='ocr_carea' id='block_1_115' title="bbox 445 5617 2023 5692">
    <p class='ocr_par' dir='ltr' id='par_1_115' title="bbox 445 5617 2023 5692">
     <span class='ocr_line' id='line_1_115' title="bbox 445 5617 2023 5692; baseline -0.004 -14"><span class='ocrx_word' id='word_1_900' title='bbox 445 5623 529 5684; x_wconf 89' lang='lat' dir='ltr'><strong>tit.</strong></span> <span class='ocrx_word' id='word_1_901' title='bbox 576 5636 738 5692; x_wconf 76' lang='lat' dir='ltr'><strong>quam</strong></span> <span class='ocrx_word' id='word_1_902' title='bbox 774 5619 1009 5676; x_wconf 75' lang='lat' dir='ltr'><strong>absurda</strong></span> <span class='ocrx_word' id='word_1_903' title='bbox 1043 5619 1173 5686; x_wconf 89' lang='lat' dir='ltr'><strong>sint,</strong></span> <span class='ocrx_word' id='word_1_904' title='bbox 1221 5632 1343 5688; x_wconf 68' lang='lat' dir='ltr'><strong>quae</strong></span> <span class='ocrx_word' id='word_1_905' title='bbox 1370 5631 1436 5673; x_wconf 81' lang='lat' dir='ltr'><strong>ex</strong></span> <span class='ocrx_word' id='word_1_906' title='bbox 1474 5617 1558 5670; x_wconf 89' lang='lat' dir='ltr'><strong>his</strong></span> <span class='ocrx_word' id='word_1_907' title='bbox 1590 5626 2023 5686; x_wconf 86' lang='lat' dir='ltr'><strong>consequuntur.</strong></span> 
     </span>
    </p>
   </div>
   <div class='ocr_carea' id='block_1_116' title="bbox 2075 5493 2096 5520">
    <p class='ocr_par' dir='ltr' id='par_1_116' title="bbox 2075 5493 2096 5520">
     <span class='ocr_line' id='line_1_116' title="bbox 2075 5493 2096 5520; baseline 0 0"><span class='ocrx_word' id='word_1_908' title='bbox 2075 5493 2096 5520; x_wconf 73' lang='grc' dir='ltr'>ι</span> 
     </span>
    </p>
   </div>
   <div class='ocr_carea' id='block_1_117' title="bbox 2129 5523 3731 5595">
    <p class='ocr_par' dir='ltr' id='par_1_117' title="bbox 2129 5523 3731 5595">
     <span class='ocr_line' id='line_1_117' title="bbox 2129 5523 3731 5595; baseline 0.003 -19"><span class='ocrx_word' id='word_1_909' title='bbox 2129 5525 2293 5587; x_wconf 71' lang='grc' dir='ltr'>ἐστιν,</span> <span class='ocrx_word' id='word_1_910' title='bbox 2354 5523 2769 5591; x_wconf 75' lang='grc' dir='ltr'>έπιγνώτωσαν,</span> <span class='ocrx_word' id='word_1_911' title='bbox 2822 5524 2904 5576; x_wconf 86' lang='grc' dir='ltr'>ὅτι</span> <span class='ocrx_word' id='word_1_912' title='bbox 2954 5524 3029 5595; x_wconf 85' lang='grc' dir='ltr'>μὴ</span> <span class='ocrx_word' id='word_1_913' title='bbox 3076 5523 3182 5577; x_wconf 85' lang='grc' dir='ltr'><strong>τῶν</strong></span> <span class='ocrx_word' id='word_1_914' title='bbox 3234 5526 3478 5595; x_wconf 76' lang='grc' dir='ltr'>γενητῶν</span> <span class='ocrx_word' id='word_1_915' title='bbox 3511 5528 3661 5580; x_wconf 75' lang='grc' dir='ltr'>ἐστιν</span> <span class='ocrx_word' id='word_1_916' title='bbox 3690 5529 3731 5581; x_wconf 85' lang='lat'><em>6-</em></span> 
     </span>
    </p>
   </div>
   <div class='ocr_carea' id='block_1_118' title="bbox 2134 5613 3719 5689">
    <p class='ocr_par' dir='ltr' id='par_1_118' title="bbox 2134 5613 3719 5689">
     <span class='ocr_line' id='line_1_118' title="bbox 2134 5613 3719 5689; baseline 0.004 -23"><span class='ocrx_word' id='word_1_917' title='bbox 2134 5616 2321 5683; x_wconf 78' lang='grc' dir='ltr'>Λόγος,</span> <span class='ocrx_word' id='word_1_918' title='bbox 2358 5614 2466 5668; x_wconf 82' lang='grc' dir='ltr'>τῶν</span> <span class='ocrx_word' id='word_1_919' title='bbox 2498 5613 2555 5667; x_wconf 79' lang='grc' dir='ltr'>δὲ</span> <span class='ocrx_word' id='word_1_920' title='bbox 2590 5616 2837 5685; x_wconf 83' lang='grc' dir='ltr'>γενητῶν</span> <span class='ocrx_word' id='word_1_921' title='bbox 2885 5616 3241 5687; x_wconf 85' lang='grc' dir='ltr'>δημιουργός.</span> <span class='ocrx_word' id='word_1_922' title='bbox 3306 5616 3450 5670; x_wconf 83' lang='grc' dir='ltr'>Ἀλλ’</span> <span class='ocrx_word' id='word_1_923' title='bbox 3483 5620 3719 5689; x_wconf 62' lang='grc' dir='ltr'>είρήκαυ</span> 
     </span>
    </p>
   </div>
   <div class='ocr_carea' id='block_1_119' title="bbox 444 5705 2019 5783">
    <p class='ocr_par' dir='ltr' id='par_1_119' title="bbox 444 5710 2019 5781">
     <span class='ocr_line' id='line_1_119' title="bbox 444 5710 2019 5781; baseline -0.003 -12"><span class='ocrx_word' id='word_1_924' title='bbox 444 5715 580 5769; x_wconf 70' lang='lat' dir='ltr'><strong>Nam</strong></span> <span class='ocrx_word' id='word_1_925' title='bbox 633 5712 678 5765; x_wconf 90' lang='lat' dir='ltr'><strong>si</strong></span> <span class='ocrx_word' id='word_1_926' title='bbox 722 5712 946 5766; x_wconf 87' lang='lat' dir='ltr'><strong>creandi</strong></span> <span class='ocrx_word' id='word_1_927' title='bbox 994 5712 1135 5765; x_wconf 85' lang='lat' dir='ltr'><strong>ratio</strong></span> <span class='ocrx_word' id='word_1_928' title='bbox 1165 5710 1350 5765; x_wconf 84' lang='lat' dir='ltr'><strong>doceri</strong></span> <span class='ocrx_word' id='word_1_929' title='bbox 1392 5717 1597 5781; x_wconf 89' lang='lat' dir='ltr'><strong>potest,</strong></span> <span class='ocrx_word' id='word_1_930' title='bbox 1626 5717 1902 5775; x_wconf 86' lang='lat' dir='ltr'><strong>caveant,</strong></span> <span class='ocrx_word' id='word_1_931' title='bbox 1954 5725 2019 5765; x_wconf 86' lang='lat' dir='ltr'><strong>ne</strong></span> 
     </span>
    </p>
   </div>
   <div class='ocr_carea' id='block_1_120' title="bbox 2122 5705 3719 5783">
    <p class='ocr_par' dir='ltr' id='par_1_120' title="bbox 2130 5705 3719 5783">
     <span class='ocr_line' id='line_1_120' title="bbox 2130 5705 3719 5783; baseline 0.004 -24"><span class='ocrx_word' id='word_1_932' title='bbox 2130 5724 2239 5773; x_wconf 87' lang='grc' dir='ltr'>σιν,</span> <span class='ocrx_word' id='word_1_933' title='bbox 2272 5708 2352 5760; x_wconf 80' lang='grc' dir='ltr'><strong>ὅτι</strong></span> <span class='ocrx_word' id='word_1_934' title='bbox 2389 5705 2597 5776; x_wconf 81' lang='grc' dir='ltr'>κτίσμα</span> <span class='ocrx_word' id='word_1_935' title='bbox 2628 5707 2765 5773; x_wconf 77' lang='grc' dir='ltr'>ἐστὶ,</span> <span class='ocrx_word' id='word_1_936' title='bbox 2796 5707 3025 5761; x_wconf 75' lang='grc' dir='ltr'>καὶτῶν</span> <span class='ocrx_word' id='word_1_937' title='bbox 3056 5710 3326 5779; x_wconf 86' lang='grc' dir='ltr'>γενητῶν,</span> <span class='ocrx_word' id='word_1_938' title='bbox 3360 5708 3436 5774; x_wconf 84' lang='grc' dir='ltr'>ὡς</span> <span class='ocrx_word' id='word_1_939' title='bbox 3467 5711 3525 5764; x_wconf 76' lang='grc' dir='ltr'><strong>δὲ</strong></span> <span class='ocrx_word' id='word_1_940' title='bbox 3562 5712 3719 5783; x_wconf 59' lang='grc' dir='ltr'>παρα</span> 
     </span>
    </p>
   </div>
   <div class='ocr_carea' id='block_1_121' title="bbox 447 5799 2019 5874">
    <p class='ocr_par' dir='ltr' id='par_1_121' title="bbox 447 5799 2019 5870">
     <span class='ocr_line' id='line_1_121' title="bbox 447 5799 2019 5870; baseline -0.001 -14"><span class='ocrx_word' id='word_1_941' title='bbox 447 5806 619 5859; x_wconf 83' lang='lat' dir='ltr'><strong>Deum</strong></span> <span class='ocrx_word' id='word_1_942' title='bbox 652 5801 819 5856; x_wconf 82' lang='lat' dir='ltr'><strong>etiam</strong></span> <span class='ocrx_word' id='word_1_943' title='bbox 848 5802 1022 5870; x_wconf 90' lang='lat' dir='ltr'><strong>ipsum</strong></span> <span class='ocrx_word' id='word_1_944' title='bbox 1058 5816 1171 5854; x_wconf 90' lang='lat' dir='ltr'><strong>non</strong></span> <span class='ocrx_word' id='word_1_945' title='bbox 1198 5809 1417 5866; x_wconf 84' lang='lat' dir='ltr'><strong>natura,</strong></span> <span class='ocrx_word' id='word_1_946' title='bbox 1463 5801 1560 5856; x_wconf 86' lang='lat' dir='ltr'><strong>sed</strong></span> <span class='ocrx_word' id='word_1_947' title='bbox 1590 5799 1835 5856; x_wconf 87' lang='lat' dir='ltr'><strong>doctrina</strong></span> <span class='ocrx_word' id='word_1_948' title='bbox 1890 5816 2019 5859; x_wconf 75' lang='lat' dir='ltr'><strong>nro-</strong></span> 
     </span>
    </p>
   </div>
   <div class='ocr_carea' id='block_1_122' title="bbox 2122 5799 3721 5874">
    <p class='ocr_par' dir='ltr' id='par_1_122' title="bbox 2128 5799 3721 5874">
     <span class='ocr_line' id='line_1_122' title="bbox 2128 5799 3721 5874; baseline 0.003 -22"><span class='ocrx_word' id='word_1_949' title='bbox 2128 5799 2455 5854; x_wconf 77' lang='grc' dir='ltr'>διδασκάλου</span> <span class='ocrx_word' id='word_1_950' title='bbox 2507 5800 2601 5854; x_wconf 75' lang='grc' dir='ltr'><strong>καὶ</strong></span> <span class='ocrx_word' id='word_1_951' title='bbox 2636 5800 2882 5871; x_wconf 75' lang='grc' dir='ltr'>τεχνίτου</span> <span class='ocrx_word' id='word_1_952' title='bbox 2922 5801 3211 5873; x_wconf 70' lang='grc' dir='ltr'>μεμάθηκε</span> <span class='ocrx_word' id='word_1_953' title='bbox 3243 5802 3301 5855; x_wconf 87' lang='grc' dir='ltr'><strong>τὸ</strong></span> <span class='ocrx_word' id='word_1_954' title='bbox 3333 5802 3721 5874; x_wconf 73' lang='grc' dir='ltr'>δημιουργεῖν,</span> 
     </span>
    </p>
   </div>
  </div>
