4008 6208
342 327 439 398 3|

1319 330 1704 392 PANOPLIA
1751 330 2206 394 DOGMATICA.
2248 358 2319 373 -
2359 335 2510 397 TlT.
2547 335 2654 397 ΧῘ.

3491 334 3608 399 883

344 449 441 501 καὶ
463 443 641 507 οὕτως
673 442 994 514 ὕπηρέτησε
1028 442 1108 514 τῷ
1161 441 1436 506 διδάξαντι
1475 443 1553 514 τῷ
1580 443 1721 515 Θεῷ.
1745 441 1920 496 Ταῦτα

2043 453 2351 503 creatorem
2379 463 2501 504 esse
2531 448 2736 513 dicant,
2772 454 2831 501 ut
2858 445 3033 517 possit
3062 445 3226 502 etiam
3266 455 3439 503 artem
3465 449 3603 503 obii-
3671 449 3681 461 '

343 538 452 609 γὰρ
481 537 577 592 καὶ
613 536 894 606 ’Δστέριος
922 535 950 587 ὁ
986 537 1265 606 σοφιστὴς,
1297 534 1374 597 ὡς
1413 535 1602 604 μαθὼν
1635 535 1922 604 ἀρνεῖσθαι

341 629 434 682 τὸν
461 629 691 699 Κύριον,
722 627 931 701 γράψαι
961 629 1316 700 τετόλμηκεν,
1357 627 1422 680 οὐ
1455 627 1692 696 συνορῶν
1719 628 1818 695 τὴν
1859 627 1924 681 ἐκ

342 722 550 776 τούτων
581 718 829 786 ἀλογίαν.
876 719 944 773 BI
969 719 1079 790 γὰρ
1115 718 1363 772 διδακτόν
1411 717 1616 771 ἔστιτὸ
1657 719 1924 788 δημιουρ-

342 816 482 883 γεῖν,
514 813 918 874 σκοπείτωσαν,
971 812 1045 884 μὴ
1075 811 1168 866 καὶ
1196 811 1359 865 αὐτὸν
1389 811 1482 864 τὸν
1505 810 1646 865 ,Θεὸν
1684 809 1778 864 καὶ
1812 812 1924 864 [Ια-

342 911 474 976 τέρα
512 908 712 961 εἴπωσι
763 907 838 976 μὴ
870 906 1054 976 φύσει,
1101 905 1217 960 ἀλλ’
1243 905 1524 976 ἐπιστήμῃ
1583 904 1922 974 δημιουργὸν

344 995 500 1063 εἶναι,
557 999 700 1053 ὥστε
736 1001 829 1053 καὶ
885 999 1114 1053 δυνατὸν
1165 996 1532 1070 μεταπίπτειν
1577 996 1685 1051 ἀπ’
1731 996 1918 1052 αὐτοῦ.

349 1093 604 1152 Ἔπειτα,
639 1092 688 1144 εί
723 1092 757 1160 ἡ
787 1091 946 1160 σοφία
975 1090 1069 1144 τοῦ
1104 1081 1240 1144 Θεοῦ
1287 1091 1351 1144 ὲκ
1378 1088 1726 1152 διδασκαλίας
1759 1089 1924 1158 ἐκτή-

347 1204 475 1242 σατο
503 1185 564 1239 τὸ
611 1184 993 1255 δημιουργεῖν,
1026 1183 1145 1246 πῶς
1187 1183 1270 1238 ἔτι
1306 1183 1468 1250 σοφία
1522 1181 1640 1236 ἐστὶ
1687 1179 1920 1254 δεομένη

348 1277 719 1346 [nequi-mir;
772 1276 837 1328 Τί
887 1277 943 1329 δὲ
971 1271 1044 1339 ἦν
1076 1273 1306 1345 καὶπρδ
1337 1273 1431 1328 τοῦ
1465 1272 1697 1344 μαθεῖν;
1756 1271 1920 1340 σοφία

346 1367 452 1435 γὰρ
500 1362 702 1436 οὐκ,ἦν
745 1365 1042 1436 λειπομένη
1087 1362 1455 1430 διδασκαλίας.
1515 1362 1687 1414 Κενὸν
1732 1359 1838 1428 ἄρα
1866 1377 1918 1422 τι

346 1462 577 1527 πρᾶγμα
616 1453 705 1528 ἦν,
761 1460 857 1512 καὶ
889 1458 990 1510 οὐκ
1023 1456 1174 1509 ἔστιν
1203 1453 1468 1523 οὐσιῶδης
1501 1451 1683 1522 σοφία,
1714 1451 1830 1504 ἀλλ’
1856 1451 1922 1504 ὲκ

346 1551 628 1619 προκοπῆς
654 1552 782 1618 ἔσχε
807 1548 865 1600 τὸ
894 1545 1064 1616 ὄνομα
1097 1546 1195 1614 τῆς
1231 1544 1440 1613 σοφίας.
1478 1542 1589 1596 Καὶ
1615 1542 1708 1595 ἐπὶ
1734 1540 1922 1594 τοσοῦ-

345 1660 432 1694 τον
459 1643 616 1694 ἔσται
652 1643 835 1707 σοφία,
884 1640 995 1700 ἕως
1025 1637 1113 1696 ἂν.
1153 1637 1181 1688 ὃ
1208 1636 1522 1708 μεμάθηκε,
1555 1634 1815 1704 φυλάττῃ.
1854 1634 1918 1686 Ὀ

2029 538 2182 596 visci.
2211 537 2479 595 Praeterea
2516 537 2561 594 si
2592 537 2859 608 sapientia
2913 537 3003 591 Dei
3040 537 3304 594 discendo
3354 548 3600 593 assecuta

2026 639 2131 694 est,
2167 639 2226 684 ut
2256 642 2588 702 procrearet,
2615 629 2890 700 quomodo
2921 627 3190 699 sapientia
3220 638 3325 694 est,
3358 644 3483 684 cum
3517 629 3602 682 in-

2025 720 2214 792 ~digeat
2240 722 2526 792 disciplina
2557 723 2584 775 ?'
2608 721 2749 787 Quid
2781 736 2946 791 porro
2985 728 3102 774 erat
3131 731 3260 774 ante
3291 736 3452 788 quam
3487 721 3601 774 dis-

2023 809 2222 866 ceret?
2253 811 2530 881 Sapientia
2565 811 2708 865 enim
2738 809 2842 863 dici
2879 823 2987 862 non
3013 816 3246 878 poterat,
3277 823 3402 861 eum
3431 807 3606 862 scien-

2025 904 2103 960 tia
2133 913 2193 960 et
2214 906 2410 977 peritia
2444 913 2684 960 vacaret.
2719 903 2905 959 inanis
2938 917 3066 974 ergo
3101 917 3186 956 res
3209 910 3347 964 erat,
3377 917 3479 956 nec
3515 917 3604 956 νει

2023 1012 2085 1052 re
2120 998 2414 1067 sapientia,
2447 999 2540 1054 sed
2588 1011 2879 1068 progressu
2926 995 3043 1064 ipso
3074 993 3358 1064 sapientiai
3391 1007 3594 1050 nomen

2022 1090 2326 1146 obtinebat.
2386 1090 2453 1145 Et
2501 1088 2688 1144 tandiu
2741 1088 2846 1143 erit
2885 1086 3172 1156 sapientia,
3224 1085 3464 1155 quandiu
3522 1084 3597 1146 id,

2023 1183 2169 1252 quod
2202 1181 2413 1241 didit-it,
2451 1179 2817 1235 conservabit.
2868 1177 3021 1242 Quod
3067 1176 3213 1230 enim
3255 1191 3362 1229 non
3406 1183 3599 1228 natura

2024 1272 2248 1326 insitum
2271 1281 2373 1328 est.
2409 1270 2502 1326 sed
2533 1269 2781 1338 doctrina
2812 1279 3048 1338 partum,
3071 1267 3281 1322 dedisci
3310 1265 3600 1334 aliquando

2022 1373 2226 1435 potest.
2263 1363 2386 1431 Haec
2411 1372 2595 1416 autem
2629 1362 2696 1415 de
2738 1361 2830 1416 Dei
2865 1361 3039 1415 Verbo
3096 1359 3301 1420 dicere,
3337 1372 3445 1410 non
3477 1372 3601 1419 pro-

2022 1456 2165 1511 fecto
2202 1455 2664 1518 Christianorum,
2696 1454 2790 1508 sed
2838 1453 3120 1523 gentilium
3151 1461 3254 1505 est.
3307 1448 3520 1502 Etenim
3553 1448 3598 1501 si

2021 1545 2256 1602 facultas
2278 1545 2498 1600 creandi
2522 1545 2768 1598 doctrina
2789 1541 3091 1612 comparari
3117 1551 3303 1611 queat,
3333 1539 3596 1595 invidiam

2019 1635 2106 1692 vel
2166 1636 2334 1691 etiam
2394 1635 2822 1689 imbecillitatem
2878 1633 3040 1686 stulte
3085 1632 3140 1685 in
3203 1632 3372 1685 Deum
3432 1631 3592 1684 indu-

345 1737 452 1803 γὰρ
485 1737 560 1802 μὴ
617 1733 777 1799 φύσει
815 1733 940 1792 τινὶ,
975 1729 1092 1788 ἀλλ’
1128 1731 1194 1794 ἐκ
1230 1727 1520 1798 μαθήσεως
1561 1725 1914 1794 προσγέγονε,

2022 1737 2192 1784 cunt:
2232 1725 2494 1780 invidiam
2536 1724 2779 1793 quidem,
2811 1722 2936 1791 quia
2980 1738 3085 1775 nou
3115 1721 3316 1774 multos
3353 1721 3603 1775 docuerit

345 1827 565 1881 δυνατὸν
593 1827 685 1879 καὶ
708 1823 1016 1889 ἀπομαθεῖν
1047 1838 1199 1874 ποτε.
1237 1817 1476 1874 Τοιαῦτα
1495 1817 1551 1871 δὲ
1578 1816 1762 1884 λέγειν
1788 1816 1918 1887 περὶ

345 1921 432 1975 τοῦ
460 1921 634 1986 Λόγου
667 1917 760 1970 τοῦ
816 1915 950 1971 Θεοῦ
982 1916 1041 1969 οὐ
1091 1913 1454 1985 Χριστιανῶν,
1487 1911 1603 1964 ἀλλ’
1648 1912 1918 1981 Ἑλλήνων

346 2014 478 2069 issi.
509 2014 619 2066 Καὶ
652 2011 826 2080 γὰρεί
852 2011 916 2061 ὲκ
949 2007 1303 2070 διδασκαλίας
1333 2007 1392 2060 τὸ
1426 2006 1782 2077 δημιουργεῖν
1809 2021 1916 2057 τινι

345 2105 717 2176 προσγίνεται,
775 2100 970 2169 φθόνον
1021 2100 1114 2152 καὶ
1149 2098 1436 2151 ἀσθένειαν
1489 2097 1616 2166 περὶ
1644 2097 1737 2150 τὸν
1783 2095 1918 2148 Θεὸν

346 2200 659 2266 εἱσάγουσιν
685 2195 736 2249 et
779 2182 1035 2262 ἄφρονες*
1063 2189 1255 2260 φθόνον
1305 2189 1428 2258 μὲν,
1459 2189 1541 2242 ὅτι
1573 2189 1651 2259 μὴ
1689 2188 1920 2252 πολλοὺς

339 2291 692 2362 δημιουργεῖν
744 2286 1005 2350 ἐδίδαξεν,
1059 2282 1128 2336 ἶν’
1162 2281 1379 2353 -ῶσπερ
1433 2281 1624 2334 πολλοὶ
1672 2280 1916 2346 ἄγγελοι,

342 2383 483 2434 οὕτω
517 2380 612 2434 καὶ
643 2377 834 2432 πολλοὶ
865 2373 1191 2452 δημιουργοὶ
1219 2370 1389 2444 αὐτοῦ
1438 2364 1571 2424 ὦσιν
1592 2386 1605 2399 ·
1632 2370 1920 2424 ἀσθένειαν

341 2476 414 2536 δὲ,
449 2475 535 2527 ὅτι
566 2473 644 2542 μὴ
679 2471 841 2541 μόνος
867 2467 1107 2538 ἠδυνήθη
1161 2466 1406 2535 ποιῆσαι,
1470 2459 1736 2530 συνεργοῦ
1771 2459 1848 2524 δὲ,
1885 2458 1917 2530 ἢ

344 2565 620 2639 δπουργοῦ
668 2562 864 2635 χρείαν
897 2560 1050 2630 ἔσχε,
1087 2558 1270 2612 καίτοι
1325 2555 1635 2628 δειχθείσης
1677 2553 1767 2606 καὶ
1817 2552 1920 2622 τῆς

340 2659 573 2729 fama];
605 2655 845 2726 φύσεως,
879 2652 1112 2722 δυνατῆς
1161 2648 1329 2719 οὔσης
1359 2647 1604 2716 γίνεσθαι
1638 2645 1789 2716 παρὰ
1821 2643 1918 2715 μδ-

343 2773 432 2807 νου
453 2751 548 2806 τοῦ
590 2749 753 2812 Θεοῦ,
784 2747 841 2801 ει
866 2765 930 2817 γε
967 2745 1090 2800 κατ’
1112 2745 1312 2805 αὐτοὺς
1352 2745 1380 2797 ό
1423 2742 1548 2805 Υίδς
1591 2740 1816 2810 γενητδς
1843 2738 1918 2802 ὣν

341 2843 578 2915 ἡῖυνήθη
631 2841 788 2912 παρὰ
832 2840 998 2909 μόνου
1039 2836 1134 2890 τοῦ
1165 2835 1302 2890 Θεοῦ
1337 2835 1613 2904 γενέσθαι.
1646 2832 1788 2888 Ἀλλ’
1829 2833 1918 2884 οὐ.

342 2939 484 3001 δενός
506 2935 692 2991 ἔστινδ
719 2934 851 2994 Θεὸς
874 2930 1086 2999 ἐνδεὴς,
1106 2929 1182 3002 μὴ
1204 2929 1440 2998 γένοιτο.
1460 2928 1628 2990 Αὐτὸς
1652 2927 1760 2996 γὰρ
1773 2921 1916 2992 εἷπε,

345 3031 584 3100 ludam
595 3029 739 3098 ειμι.
759 3025 896 3081 Οὐδὲ
918 3026 980 3078 ὲκ
1003 3022 1353 3086 διδασκαλίας
1374 3022 1566 3090 γέγοδε
1588 3018 1918 3089 δημιουργὸς

2021 1819 2241 1874 creandi
2273 1828 2473 1878 artem,
2506 1825 2565 1870 ut
2594 1812 3054 1885 quemadmodum
3085 1811 3240 1865 multi
3277 1810 3418 1865 circa
3453 1811 3600 1864 iltum

2019 1918 2149 1968 sunt
2203 1909 2512 1980 archangeli
2568 1917 2624 1962 et
2684 1906 2884 1977 angeli,
2955 1904 3028 1958 ita
3098 1912 3153 1958 et
3197 1902 3349 1956 multi
3414 1912 3603 1956 essent

2019 2009 2299 2064 creatures
2334 2017 2346 2053 :
2384 1997 2813 2052 imbecillitatem
2848 2010 2997 2055 vero,
3032 1995 3156 2064 quia
3186 2001 3290 2046 non
3324 1992 3472 2047 solus
3513 2006 3602 2045 res

2022 2093 2258 2164 potuerit
2287 2091 2488 2154 facere,
2541 2089 2638 2146 sed
2673 2089 2923 2156 adiutore
2983 2096 3038 2140 et
3077 2085 3400 2139 administro
3463 2098 3600 2150 Opus

2018 2181 2272 2236 habuerit
2315 2198 2329 2234 :
2385 2194 2695 2251 quanquam
2727 2177 2924 2231 factam
2977 2184 3226 2229 naturam
3275 2191 3301 2226 a
3347 2172 3463 2226 solo
3494 2171 3602 2226 Deo

2019 2275 2135 2329 ﬁeri
2170 2289 2332 2344 posse
2366 2281 2649 2328 ostensum
2673 2269 2782 2340 jam
2811 2276 2915 2332 est,
2948 2265 3389 2336 quandoquidem
3431 2263 3602 2316 Filius

2018 2366 2135 2438 qui,
2173 2374 2232 2420 ut
2264 2371 2482 2434 putant,
2519 2372 2604 2417 est
2639 2360 2840 2422 factus,
2883 2374 2910 2413 a
2961 2357 3072 2411 Deo
3095 2356 3214 2410 solo
3253 2355 3428 2424 potuit
3460 2354 3598 2407 ﬁeri.

2019 2443 2218 2516 Verum
2252 2458 2397 2512 nulla
2428 2472 2484 2510 re
2504 2464 2650 2510 certe
2682 2445 2821 2524 upUs
2854 2451 3020 2505 habet
3051 2451 3191 2504 Deus
3227 2467 3239 2500 :
3277 2448 3438 2501 absit.
3475 2446 3596 2516 lpsc

2017 2550 2165 2618 enim
2215 2547 2393 2603 dixit:
2434 2545 2629 2600 Plenus
2658 2559 2775 2598 sum
2798 2543 2864 2596 ".
2899 2540 3010 2596 Nec
3043 2541 3168 2594 item
3217 2537 3454 2592 Verbum
3489 2536 3600 2590 dis-

2017 2642 2192 2696 cendo
2237 2640 2416 2701 factus
2463 2644 2548 2692 est
2590 2645 2856 2692 creator:
2914 2632 3008 2688 sed
3051 2645 3174 2685 cum
3220 2630 3289 2683 sit
3325 2630 3502 2700 imago
3546 2635 3603 2681 et

2018 2731 2285 2802 sapientia
2325 2730 2525 2794 Patris,
2577 2743 2639 2783 ea
2689 2743 2810 2797 quae
2847 2733 2975 2780 sunt
3022 2722 3199 2777 Patris
3239 2720 3425 2776 etiicit.
3488 2717 3601 2773 Nec

2017 2824 2180 2880 etiam
2209 2823 2404 2879 Filium
2421 2820 2658 2884 ,creavit,
2684 2834 2869 2874 rerum
2891 2817 3152 2872 factarum
3179 2813 3591 2868 cﬂieiendarum

2017 2931 2182 2972 causa
2199 2933 2212 2971 :
2232 2929 2466 2986 namque
2485 2910 2732 2984 quamvis
2756 2911 2983 2965 exsistat
3002 2906 3194 2969 Filius,
3217 2903 3380 2958 Pater
3405 2902 3602 2956 nihilo-

2018 3009 2200 3063 minus
2223 3008 2354 3078 agit,
2378 3016 2436 3061 ut
2465 3006 2578 3075 ipse
2613 3003 2874 3060 Dominus
2893 3001 2976 3054 his
3003 2997 3184 3052 verbis
3215 2997 3410 3052 docet:
3443 2994 3606 3049 Pater

347 3129 374 3180 6
393 3085 582 3194 ,ιιζοξξ
614 3085 732 3176 ἀλλ’
759 3119 928 3174 εἰκὼν
949 3119 1043 3172 καὶ
1079 3114 1344 3197 σοφίαρν
1372 3085 1472 3169 τοῦ
1500 3085 1706 3184 Harpe;
1732 3085 1802 3167 τα
1823 3085 1914 3166 τοῦ
1943 3121 1988 3180 c
2020 3115 2164 3197 ηξειιδ
2195 3113 2356 3174 ﬂ,th
2395 3097 2546 3150 modo
2576 3102 2851 3197 operatur,
2917 3101 2972 3197 et
3011 3106 3101 3158 ego
3144 3088 3387 3156 operor'.
3446 3085 3604 3152 Quod

347 3217 550 3289 ἱιατρδς
590 3212 911 3286 ἐργάζεται.
963 3209 1098 3264 Οὐδὲ
1146 3209 1245 3281 τῆς
1279 3205 1388 3262 τῶν
1441 3205 1687 3278 γενητῶν
1733 3204 1920 3258 ἕνεκεν

347 3309 601 3378 ἐίγασίας
631 3306 724 3360 τὸν
752 3304 881 3357 Υίὺν
905 3300 1230 3368 πεποίηκεν.
1275 3299 1408 3376 Ἰδοὺ
1433 3299 1542 3369 γὰρ
1563 3300 1656 3352 καὶ
1671 3296 1763 3350 τοῦ
1789 3295 1919 3350 Υίοῦ

351 3401 512 3467 δντος,
561 3397 730 3453 πάλιν
755 3393 1126 3467 ἑργαζὸμενός
1155 3395 1308 3468 ἐστιν
1330 3391 1358 3444 ὁ
1392 3388 1600 3459 Πατὴρ,
1635 3388 1711 3452 ὠς
1757 3387 1920 3450 αὐτὸς

350 3496 376 3545 ὁ
403 3492 598 3564 Κύριός
621 3506 792 3560 φησιν
815 3508 829 3522 υ
857 3487 920 3542 '0
938 3485 1140 3554 Πατήρ
1160 3503 1280 3554 μου
1307 3483 1418 3550 ἕως
1449 3483 1578 3552 ἄρτι
1595 3479 1918 3550 ἐργάζεται,

351 3567 500 3656 κὰτῶ
526 3583 865 3656 ἐργάζομαι.
893 3583 956 3636 El
986 3581 1044 3634 δὲ
1068 3579 1192 3636 καθ’
1218 3579 1364 3648 ὑμᾶς
1396 3577 1483 3632 διὰ
1511 3575 1671 3631 τοῦτο
1692 3579 1920 3644 γέγονεν

350 3684 377 3734 ὁ
396 3682 542 3745 Υἱὸς,
575 3680 666 3734 ῖνα
691 3677 761 3732 τὰ
801 3674 919 3746 μετ’
941 3673 1107 3729 αὐτὸν
1134 3671 1463 3743 ἐργάσηται,
1506 3668 1765 3738 φαίνεται
1795 3667 1853 3720 δὲ
1890 3668 1918 3720 ὁ

351 3774 530 3848 Πατὴρ
559 3773 657 3828 καὶ
685 3774 828 3840 μετὰ
855 3770 948 3822 τὸν
979 3767 1107 3820 Υίόν
1127 3763 1519 3836 ἐργαζόμενος,
1548 3760 1778 3832 περιττὴ
1796 3758 1919 3814 καθ’

350 3868 488 3935 ὑμᾶς
518 3866 664 3922 κατὰ
691 3861 854 3918 τοῦτο
881 3862 916 3932 ἡ
945 3858 1038 3913 τοῦ
1065 3858 1314 3914 τοιούτου
1353 3853 1482 3908 Υἱοῦ
1513 3855 1756 3923 ποίησις.
1790 3849 1920 3904 Ἀλ-

348 3955 450 4020 In»;
476 3973 534 4010 τε
567 3953 715 4008 διατί
753 3952 889 4012 ὅλως
924 3949 1096 4004 θέλων
1139 3948 1325 4001 κτίσαι
1356 3944 1514 4015 ζητεῖ
1536 3943 1632 3997 τδν
1666 3946 1916 4013 μεσίτην,

347 4047 417 4112 ὡς
439 4048 540 4110 οὐκ
579 4043 882 4117 ἀρκοῦντος
914 4041 1010 4096 τοῦ
1056 4039 1404 4110 βουλήματος
1443 4036 1609 4090 αὐτοῦ
1645 4029 1920 4105 συστῆσαι

349 4139 474 4209 περὶ
492 4133 568 4194 ὧν
594 4137 664 4190 ἂν
693 4135 844 4204 αὑτῷ
871 4133 1053 4199 δοκεῖ;
1083 4131 1194 4186 Καὶ
1229 4129 1328 4200 μὲν
1349 4129 1405 4182 αἱ
1429 4128 1647 4198 Γραφαὶ
1675 4127 1917 4196 λέγουσι,

347 4229 546 4286 Πάντα
595 4229 720 4282 ὅσα
751 4226 1062 4294 ἠθέλησεν
1081 4222 1362 4292 ἐποίησε,
1398 4221 1515 4282 καὶ,
1565 4217 1648 4284 Τῷ
1680 4219 1920 4289 ,ϐουλή-

340 4340 480 4392 ματι
504 4320 697 4377 αὑτοῦ
724 4321 816 4383 τίς
834 4316 1246 4382 ἁνθέστηκεν;
1278 4313 1339 4366 Εί
1371 4312 1428 4366 δὲ
1445 4312 1541 4368 καὶ
1578 4311 1640 4364 τὸ
1675 4311 1921 4381 βούλημα

347 4417 507 4485 μόνον
536 4413 729 4467 ίκανὸν
759 4411 910 4464 ἐστιν
938 4405 1106 4461 αὐτοῦ
1138 4405 1274 4477 πρὸς
1299 4404 1397 4475 τὴν
1430 4403 1541 4456 τῶν
1574 4403 1793 4468 πάντων
1823 4404 1920 4472 δη-

344 4509 642 4578 μιουργίαν,
677 4501 911 4575 περιττὴ
946 4500 1112 4574 πάλιν
1144 4497 1269 4552 καθ’
1300 4499 1448 4568 ὑμᾶς
1483 4497 1518 4568 ἡ
1551 4495 1648 4549 τοῦ
1695 4495 1920 4564 μεσίτου

339 4601 521 4669 χρεία.
556 4597 676 4653 Καὶ
705 4595 820 4665 γὰρ
877 4593 976 4648 καὶ
1015 4593 1076 4645 τὸ
1115 4591 1474 4662 παράδειγμα
1536 4588 1598 4642 τδ
1646 4587 1781 4656 περὶ
1827 4585 1922 4641 τοῦ

337 4692 649 4754 "maxime,
685 4686 902 4744 καὶτοῦ
936 4683 1114 4756 ἡλίου,
1187 4684 1284 4737 καὶ
1321 4682 1423 4751 τῆς
1487 4680 1720 4749 σελήνης
1767 4679 1925 4749 ὑμῶν

337 4781 611 4836 δέδεικται
645 4778 870 4848 σαθρόν.
899 4779 1134 4850 κάκεῖνο
1163 4775 1329 4829 πάλιν
1375 4774 1525 4844 ὑμᾶς
1556 4771 1823 4844 ἐντρίψει.
1862 4771 1926 4826 Et

339 4875 514 4935 θέλων
543 4877 573 4928 ὁ
599 4871 740 4935 Θεὸς
769 4870 870 4940 τὴν
901 4868 1138 4939 γενητὴν
1177 4867 1366 4922 κτίσαι
1423 4864 1608 4933 φύσιν,
1659 4867 1758 4918 καὶ
1795 4864 1926 4932 περὶ

338 4967 548 5037 ταύτης
573 4963 1019 5036 βουλευσάμενος
1045 4964 1291 5026 ἐπινοεῖ,
1333 4965 1428 5018 καὶ
1455 4963 1633 5026 κτίζει
1663 4963 1758 5016 τὸν
1797 4962 1928 5015 Υίὸν

343 5055 470 5109 καθ’
496 5056 669 5124 ὑμᾶς,
699 5055 790 5107 ῖνα
844 5053 914 5106 δι’
937 5047 1104 5107 αὑτοῦ
1155 5055 1304 5124 ἡμᾶς
1341 5053 1731 5126 δημιουργήσῃ
1751 5070 1764 5084 ·
1798 5071 1928 5107 σκοο

342 5151 501 5202 τεεῖτε
564 5149 748 5218 πόσην
803 5145 1064 5200 ἀσέϐειαν
1122 5145 1463 5215 φθέγγεσθαι
1517 5147 1916 5217 τετολμήκατε.

345 5240 572 5312 Πρῶτον
618 5239 743 5309 μιν,
779 5240 863 5292 ὅτι
897 5238 1150 5306 φαίνεται
1193 5235 1400 5307 μᾶλλον
1438 5237 1600 5300 αὐτὸς
1635 5239 1664 5290 ὁ
1689 5239 1816 5302 Υίδς
1853 5238 1923 5291 δι’

346 5334 492 5403 ἡμᾶς
519 5331 784 5403 γεγονὼς,
822 5329 916 5384 καὶ
954 5329 1054 5400 οὐχ
1095 5331 1258 5400 ἡμεῖς
1309 5329 1378 5382 δι’
1404 5329 1590 5382 αὐτόν.
1616 5327 1692 5383 Οὐ
1723 5329 1829 5398 γὰρ
1857 5328 1925 5383 δι’

348 5426 508 5476 αὑτὸν
534 5423 892 5491 ὲκτίσθημεν,
956 5419 1072 5473 ἀλλ’
1135 5418 1298 5482 αὐτὸς
1330 5418 1399 5472 δι’
1434 5420 1582 5490 ἡμᾶς
1604 5421 1925 5488 πεποίηται,

350 5513 490 5566 ὥστε
515 5516 675 5584 χάριν
703 5512 871 5566 αὐτὸν
899 5513 1035 5581 ἡμῖν
1065 5512 1268 5581 μᾶλλον
1294 5511 1463 5582 ἔχειν.
1517 5511 1616 5565 καὶ
1665 5510 1740 5581 μὴ
1767 5511 1921 5583 ἡμᾶς

354 5607 524 5677 αὐτῷ,
561 5607 753 5675 ὥσπερ
785 5607 882 5659 καὶ
909 5606 942 5676 ἡ
962 5604 1100 5674 γυνὴ
1119 5605 1197 5676 τῷ
1215 5604 1393 5675 ἀνδρί.
1413 5606 1498 5659 Οὐ
1522 5608 1632 5673 γὰρ
1653 5603 1928 5672 ἐκτίσθη,

426 5748 443 5778 ⁸
474 5747 627 5804 Joan.
667 5766 722 5813 ν,
757 5749 839 5803 ιτ.
917 5749 939 5778 ⁸
969 5745 1112 5802 Ρειι.
1139 5761 1290 5809 ωιιιι,
1321 5743 1375 5799 ’5.
1453 5743 1474 5776 ⁸
1502 5742 1519 5796 ι
1550 5725 1680 5797 Cor.
1709 5754 1782 5807 ιι,
1819 5740 1905 5797 ll.

2023 3189 2092 3256 si,
2122 3200 2182 3244 ut
2225 3189 2452 3259 putatis,
2506 3187 2713 3243 idcirco
2742 3185 2917 3240 Filius
2948 3183 3122 3237 factus
3152 3190 3257 3244 est,
3300 3188 3360 3233 ut
3388 3194 3449 3234 ea
3483 3192 3602 3248 quae

2024 3291 2148 3350 post
2207 3282 2358 3336 illum
2412 3281 2703 3339 exsistunt,
2753 3277 3118 3345 produceret,
3159 3283 3212 3328 et
3265 3272 3385 3343 ipse
3419 3282 3602 3325 tamen

2023 3371 2182 3428 Pater
2229 3383 2354 3446 post
2389 3372 2596 3427 editum
2649 3370 2844 3424 Filium
2885 3379 3145 3438 operatur
3202 3385 3217 3422 :
3261 3378 3603 3437 supervacua

2023 3483 2154 3522 sane
2205 3477 2290 3522 est
2321 3465 2631 3535 huiusmodi
2692 3463 2815 3518 Filii
2866 3462 3197 3532 procreatio.
3274 3463 3598 3528 Quitnquam

2022 3574 2148 3614 cum
2195 3558 2356 3616 vellet
2397 3573 2485 3612 res
2537 3571 2850 3626 procreare,
2905 3569 3006 3608 cur
3056 3553 3220 3607 medii
3276 3551 3602 3618 cujusquam

2022 3665 2248 3720 operam
2283 3648 2600 3718 exquisivit,
2633 3663 2759 3700 cum
2793 3647 2914 3716 ejus
2949 3645 3223 3708 voluntas,
3263 3643 3328 3696 ad
3357 3656 3440 3701 ea,
3481 3655 3609 3709 quae

2023 3741 2096 3794 illi
2127 3739 2364 3808 placent,
2394 3737 2728 3792 conﬁcienda
2752 3737 2883 3790 satis
2910 3734 3028 3789 sit?
3066 3733 3154 3787 Sic
3179 3732 3326 3786 enim
3357 3729 3611 3798 Scriptu-

2017 3847 2098 3886 ra:
2131 3837 2403 3884 testantur
2431 3827 2517 3882 his
2554 3826 2735 3880 verbis
2768 3843 2782 3879 :
2819 3824 3033 3889 Omnia,
3059 3837 3381 3892 qumcunque
3414 3819 3600 3884 voluit,

2021 3923 2224 3993 fecit’.
2277 3929 2354 3986 et,
2427 3917 2694 3972 Voluntati
2749 3917 2860 3985 ejus
2906 3916 3020 3984 quis
3062 3914 3302 3968 restitit?
3349 3909 3506 3976 Quod
3555 3908 3603 3965 si

2021 4016 2273 4069 voluntas
2311 4013 2431 4081 ejus
2467 4010 2602 4064 satis
2630 4019 2716 4063 est
2742 4009 2808 4062 ad
2843 4022 3026 4062 rerum
3057 4005 3305 4059 omnium
3345 4015 3606 4072 procrea-

2025 4105 2257 4168 tionem,
2291 4119 2355 4158 εκ
2385 4099 2658 4156 sententia
2696 4099 2942 4170 ipsorum
2975 4096 3202 4150 alterius
3233 4108 3396 4162 opera
3432 4089 3602 4146 medii.

2022 4209 2423 4270 supervacanea
2444 4202 2544 4248 est.
2560 4190 2692 4246 Nam
2715 4181 2896 4253 Musis,
2913 4197 2965 4244 et
2983 4188 3131 4251 solis,
3163 4197 3219 4240 ct
3247 4186 3391 4239 luna:
3416 4198 3615 4238 errem--

2023 4289 2196 4361 plum,
2233 4287 2377 4357 quod
2435 4283 2698 4346 aﬂ‘erunt,
2751 4281 2951 4335 nullius
2979 4295 3098 4334 esse
3127 4275 3388 4331 momenti
3421 4273 3612 4330 decla-

2025 4391 2202 4436 ratum
2227 4387 2332 4436 est.
2366 4377 2506 4442 lam,
2538 4384 2596 4430 ut
2632 4373 2734 4429 hoc
2758 4373 2920 4429 etiam
2953 4381 3277 4444 argumento
3309 4367 3610 4423 conluten-

1955 4467 1996 4520 D
2028 4482 2136 4536 tur,
2167 4471 2216 4526 si
2237 4469 2380 4526 Deus
2411 4467 2600 4524 volens
2629 4481 2809 4522 rerum
2842 4463 3254 4518 universitatem
3293 4472 3606 4532 procreare,

2027 4565 2204 4635 deque
2236 4577 2298 4618 ea
2349 4578 2410 4617 re
2445 4560 2736 4616 consulens
2785 4554 3052 4627 excogitat
3091 4563 3146 4614 et
3196 4561 3348 4606 creat
3381 4549 3602 4612 Filium,

2022 4665 2083 4712 ut
2129 4653 2234 4724 ipsi
2289 4653 2499 4714 dicunt,
2534 4649 2754 4704 videant
2811 4656 3070 4716 quantam
3123 4644 3458 4713 impietatem
3494 4656 3606 4693 au-

2021 4749 2186 4809 deant
2241 4743 2618 4816 pronuntiare.
2695 4740 2936 4794 Primum
2998 4737 3215 4791 videtur
3267 4735 3384 4803 ipse
3433 4731 3608 4790 Filius

2023 4849 2249 4912 propter
2297 4852 2399 4892 nos
2430 4837 2606 4890 tactus
2651 4848 2794 4895 esse,
2843 4836 2956 4885 non
3001 4843 3183 4883 autem
3233 4842 3333 4880 nos
3380 4835 3612 4894 propter

2026 4933 2202 4987 illum.
2237 4920 2356 4984 Non
2383 4929 2528 4983 enim
2557 4941 2658 4980 nos
2694 4932 2917 4993 propter
2956 4921 3134 4990 ipsum
3175 4916 3346 4971 creati
3378 4930 3590 4978 sumus,

2023 5025 2121 5080 sed
2157 5024 2272 5094 ipse
2305 5030 2522 5092 propter
2557 5033 2657 5072 nos
2680 5016 2856 5070 factus
2883 5023 2988 5076 est,
3020 5021 3077 5070 ut
3103 5010 3259 5065 nobis
3293 5009 3472 5078 potius
3501 5008 3598 5061 ille

2024 5116 2255 5188 gratiam
2307 5111 2525 5174 debeat,
2555 5123 2719 5177 quam
2779 5120 2880 5159 nos
2930 5102 3027 5167 illi,
3061 5098 3516 5172 quemadmodum
3547 5105 3622 5152 eL

2026 5207 2220 5263 mulier
2240 5203 2374 5258 viro.
2411 5201 2530 5255 Non
2553 5201 2713 5262 enim,
2745 5197 2938 5266 inquit,
2967 5195 3049 5272 vir
3075 5202 3287 5264 propter
3307 5189 3600 5254 mulierem,

2021 5299 2112 5353 sed
2153 5295 2344 5350 mulier
2383 5301 2592 5360 propter
2634 5291 2805 5345 virum
2835 5288 2882 5342 ³.
2963 5285 3141 5350 Quare
3191 5282 3336 5337 sicut
3380 5281 3462 5335 vir
3519 5287 3604 5333 est

2028 5390 2208 5460 imago
2262 5394 2319 5441 et
2354 5384 2527 5457 gloria
2557 5382 2675 5444 Dei,
2711 5379 2907 5434 mulier
2933 5385 3115 5430 autem
3143 5382 3226 5428 est
3272 5371 3444 5444 gloria
3472 5371 3602 5436 viri,

2026 5483 2098 5538 ita
2129 5497 2230 5538 nos
2285 5481 2466 5550 imago
2520 5475 2617 5530 Dei
2667 5483 2722 5529 et
2778 5470 2945 5542 gloria
2997 5467 3167 5538 ipsius
3213 5464 3340 5520 facti
3386 5477 3602 5528 sumus,

2031 5575 2206 5632 Filius
2238 5581 2418 5628 autem
2455 5570 2632 5638 imago
2659 5575 2867 5631 nostra,
2923 5571 2976 5616 et
3006 5559 3071 5615 ad
3105 5557 3330 5631 gloriam
3355 5568 3601 5613 noscam
