4008 6208
445 326 552 399 383

1680 333 2063 397 ΕΠΤΗῩΜΙΙ
2103 332 2481 394 ΖΙΕᾺΒΕΝΓ

3592 324 3703 390 ἔξω

447 453 622 506 factus
647 460 748 505 est.
773 448 839 506 Et
869 466 971 507 nos
999 452 1213 522 quidem
1253 453 1379 508 facti
1414 470 1626 520 sumus,
1660 468 1729 512 ut‘
1752 470 2007 511 essemus

2128 454 2292 519 φησὶν
2317 454 2348 521 ἠ
2387 452 2425 502 Γ
2432 450 2598 518 parsi-ﬂ
2632 449 2659 501 ό
2686 448 2821 517 ἀνὴρ
2845 447 2933 501 διὰ
2954 447 3053 518 τὴν
3077 446 3329 517 γυναῖκα,
3362 445 3530 515 ἀλλ’ἢ
3560 446 3704 514 γυνὴ

447 541 541 597 Dei
580 553 757 597 autem
799 544 1031 598 Verbum
1063 554 1287 613 propter
1319 562 1437 607 nos,
1470 562 1576 601 non
1610 557 1678 601 ut‘
1703 559 1868 612 esset,
1921 550 2014 602 sed

446 643 506 687 ιιι
534 636 693 689 nobis
727 637 845 688 usui
886 644 1030 689 esset
1064 645 1319 704 tanquam
1355 639 1776 693 instrumentum
1810 638 2013 694 factum

446 738 549 789 est,
590 739 779 780 ut'nnn
806 744 866 780 ex
902 730 1018 793 ipso
1066 743 1188 786 nos.
1238 730 1331 782 sed
1367 731 1543 798 ipsum
1574 747 1645 785 er
1692 747 1793 786 usu
1829 743 2015 787 nostro

446 818 788 871 consisteret.
841 817 943 881 Qui
1002 819 1116 869 hate
1174 818 1257 872 vel
1312 820 1688 873 tantummodo
1740 822 2012 891 cogitant,

445 922 625 959 nonne
651 921 866 959 omnem
900 909 1181 962 stultit’am
1209 912 1502 979 superant?
1524 910 1734 965 Etenim
1775 911 1819 964 si
1854 926 2015 979 prop-

444 1006 527 1049 ter
583 1012 681 1049 nos
740 997 939 1052 factum
999 1009 1082 1052 est
1139 974 1400 1066 Verbum,
1466 1017 1535 1055 ne
1587 1004 1739 1070 prius
1769 1004 2011 1072 quidem,

440 1103 601 1153 quam
665 1103 785 1149 nos,
835 1099 918 1142 est
968 1090 1109 1157 apud
1165 1090 1354 1144 Deum.
1416 1091 1604 1159 Neque
1657 1092 1803 1146 enim
1873 1093 2013 1147 Deus

442 1180 650 1233 habens
692 1181 819 1233 illud
874 1183 925 1233 in
962 1197 1020 1233 se
1046 1182 1112 1234 de
1140 1182 1295 1235 nobis
1322 1184 1618 1246 consuluit,
1646 1186 1739 1238 sed
1789 1200 1888 1239 nos
1920 1185 2015 1239 Ita-

438 1270 577 1325 bens
603 1273 653 1324 in
688 1287 744 1325 se
773 1272 1066 1333 consuiuit,
1104 1281 1161 1325 nt
1192 1272 1280 1326 isti
1309 1273 1517 1335 dicunt,
1551 1274 1618 1328 de
1654 1275 1773 1343 ipso
1811 1277 2010 1330 Verbo.

440 1363 557 1415 Hoc
602 1370 784 1414 autem
833 1363 876 1414 si
930 1362 1000 1415 ita
1052 1372 1154 1424 est,
1206 1362 1439 1416 fortasse
1474 1378 1544 1416 ne
1580 1363 1749 1417 voluit
1791 1366 2011 1434 quidem

439 1454 633 1508 Filium
667 1455 846 1508 Pater.
879 1453 995 1507 Non
1045 1455 1186 1508 enim
1223 1455 1409 1509 volens
1442 1454 1615 1523 ipsum
1640 1458 1865 1522 creavit,
1915 1459 2010 1514 sed

434 1546 626 1600 volens
655 1561 775 1608 nos,
807 1553 1025 1615 propter
1055 1561 1153 1600 nos
1183 1545 1330 1599 illum
1366 1546 1516 1601 fe'cit.
1573 1548 1706 1602 Post
1733 1564 1835 1604 nos
1862 1549 2008 1604 enim

436 1637 614 1705 ipsum
648 1635 990 1706 excogitavit.
1046 1636 1410 1701 Quamobrem
1440 1652 1504 1690 ex
1538 1638 1827 1706 impiorum
1880 1656 2007 1695 sen-

435 1730 602 1781 tentia
631 1728 894 1795 sequitur,
918 1738 975 1780 ut
1004 1742 1461 1796 supervacaneum
1492 1730 1562 1783 sit
1590 1744 1769 1783 rerum
1801 1730 2007 1786 instru-

2123 544 2210 597 διὰ
2235 546 2325 597 τὸν
2359 545 2551 611 ἄνδρα.
2584 537 2715 611 'Ap‘
2742 537 2856 606 οὖν,
2885 539 3077 610 ὥσπερ
3129 540 3157 589 6
3210 541 3306 608 μὲν
3336 548 3339 549 ⁷
3364 538 3502 608 ἀνὴρ
3534 536 3703 589 εἰκὼν

2123 637 2220 688 xal.
2266 635 2392 698 δόξα
2450 634 2584 687 Θεοῦ
2647 633 2914 703 ὑπάρχει,
2950 628 2982 701 ἡ
3016 633 3073 685 δὲ
3107 632 3243 702 γυνὴ
3309 631 3436 695 δόξα
3508 630 3703 698 ἀνδρός

2124 728 2295 791 ἐστιν,
2336 725 2511 787 οὕτως
2547 728 2712 794 ἡμεῖς
2782 724 2884 795 μὲν
2948 724 3043 777 τοῦ
3107 722 3243 775 Θεοῦ
3279 720 3463 782 εἰκὼν,
3493 721 3587 773 καὶ
3614 723 3701 783 είς

2121 819 2281 883 δόξαν
2307 817 2471 872 αὐτοῦ
2506 817 2831 887 γεγόναμεν,
2897 817 2924 870 6
2988 816 3045 868 δὲ
3090 815 3219 877 Υἱὸς
3247 814 3406 883 ἡμῶν
3440 815 3588 866 ἐστιν
3616 814 3698 864 εἶά

2123 909 2253 974 κὼν,
2281 912 2373 963 καὶ
2396 911 2474 972 εἷς
2497 909 2651 979 ἡμῶν
2675 909 2832 973 δόξαν
2855 909 3063 977 ὑπέστη
3092 922 3106 971 ;
3143 906 3248 958 Kal
3283 907 3442 974 ἡμεῖς
3486 904 3584 969 μὲν
3612 904 3699 965 ei:

2121 1002 2183 1055 τὸ
2216 998 2715 1072 εἷναίγεγόναμεν,
2748 1003 2774 1054 ό
2816 1002 2872 1054 δὲ
2896 1000 2988 1053 τοῦ
3030 1000 3166 1053 Θεοῦ
3198 995 3523 1065 Λόγοςκαθ¹
3547 995 3699 1061 ὑμᾶς

2121 1099 2223 1151 οὐκ
2248 1100 2329 1160 είς
2354 1098 2414 1150 τὸ
2444 1091 2604 1159 εἶναι,
2636 1096 2750 1149 ἀλλ’
2791 1098 2872 1159 εἰς
2905 1096 3005 1165 τὴν
3036 1093 3194 1164 ἡμῶν
3225 1091 3438 1161 χρείαν,
3489 1090 3564 1152 ὡς
3590 1088 3691 1157 δρ-

2120 1209 2285 1260 γανον
2315 1190 2633 1259 πεποίηται,
2667 1188 2808 1241 ὥστε
2840 1189 2913 1258 μὴ
2941 1189 3091 1258 ἡμᾶς
3132 1186 3192 1250 ὲξ
3220 1183 3408 1247 αὐτοῦ,
3448 1184 3564 1235 ἀλλ’
3588 1182 3696 1234 αὑ-

2120 1288 2211 1339 τὸν
2244 1286 2307 1339 ὲκ
2342 1285 2439 1353 τῆς
2464 1284 2621 1354 ἡμῶν
2667 1285 2859 1355 χρείας
2894 1280 3286 1342 συνίστασθαις
3324 1277 3434 1333 Καὶ
3469 1277 3588 1336 πῶς
3628 1273 3698 1326 οὗ

2123 1379 2305 1431 πᾶσαν
2344 1377 2530 1429 ἄνοιαν
2585 1375 3019 1446 ὑπερϐάλλουσιν
3080 1373 3135 1425 οί
3195 1370 3367 1426 ταῦτα
3406 1368 3501 1423 καὶ
3530 1367 3700 1436 μόνον

2124 1468 2520 1538 ἐνθυμούμενοι
2548 1483 2564 1527 ;
2598 1468 2705 1521 Kal.
2734 1467 2864 1538 γὰρ,
2917 1468 2964 1519 εἰ
2991 1464 3063 1519 δι’
3086 1465 3234 1535 ἡμᾶς
3267 1463 3489 1530 γέγονεν
3518 1462 3547 1512 ὁ
3586 1457 3700 1511 Λό-

2120 1578 2236 1629 γος,
2264 1562 2365 1614 οὒκ
2396 1561 2543 1613 ἐστιν
2568 1560 2689 1612 οὐδὲ
2722 1561 2936 1628 πρῶτος
2971 1557 3133 1628 ἡμῶν
3168 1556 3317 1627 παρὰ
3342 1554 3418 1623 τῷ
3451 1552 3592 1619 Θεῷ.
3613 1551 3696 1604 υῦ

2118 1653 2228 1721 γὰρ
2267 1653 2472 1705 ἐκεῖνον
2504 1650 2644 1721 ἔχων
2677 1652 2733 1702 ὲν
2760 1649 2938 1719 ἑαυτῷ
2974 1648 3102 1717 περὶ
3133 1647 3290 1717 ἡμῶν
3345 1644 3693 1712 βουλεύεται,

2117 1746 2233 1800 ἀλλ’
2268 1746 2419 1815 ἡμᾶς
2448 1744 2588 1812 ἔχων
2624 1742 2803 1813 ἑαυτῷ
2831 1740 3167 1811 βουλεύεται,
3227 1739 3301 1801 ὼς
3328 1736 3525 1793 ἐκεῖνοί
3556 1753 3706 1805 φασι

433 1829 704 1882 mentum,
762 1834 993 1888 quarum
1052 1835 1213 1873 causa
1282 1819 1457 1875 factus
1514 1828 1617 1875 est.
1673 1821 1789 1877 Jan:
1826 1823 1869 1877 si
1920 1823 2007 1878 Fi-

2121 1837 2246 1907 περὶ
2275 1834 2368 1887 τοῦ
2399 1832 2595 1886 ἑαυτοῦ
2624 1831 2817 1901 Λόγου.
2850 1832 2909 1883 Ei
2940 1831 2998 1884 δὲ
3029 1829 3188 1883 τοῦτό
3217 1829 3333 1883 ἐστι
3355 1871 3369 1895 ,
3396 1830 3540 1896 τάχα
3566 1826 3699 1879 οὐδὲ

435 1914 564 1978 lius,
602 1925 661 1967 ut
684 1914 773 1983 qtti
801 1914 949 1983 solus
971 1924 1151 1983 posset
1179 1930 1207 1968 a
1253 1914 1361 1969 Deo
1394 1916 1510 1971 solo
1539 1916 1677 1980 ﬁeri,
1708 1918 1776 1971 ab
1801 1934 1866 1973 eo
1897 1918 2012 1973 fac-

434 2015 522 2061 tus
557 2018 659 2065 est.
693 2023 793 2062 nos
839 2016 1044 2068 autem,
1079 2017 1138 2060 ut
1184 2006 1283 2076 qui
1312 2023 1418 2062 non
1491 2023 1773 2077 possemus
1825 2025 1854 2064 a
1908 2010 2014 2066 Deo

433 2099 571 2160 ﬁeri,
605 2115 701 2162 per
730 2098 966 2153 Verbum
1004 2097 1126 2152 facti
1147 2113 1363 2165 sumus,
1397 2114 1494 2153 cur
1517 2116 1628 2155 non
1664 2103 1819 2170 prius
1847 2104 2012 2158 etiam

428 2190 497 2243 de
524 2191 659 2262 ’pso,
701 2189 919 2258 utquod
977 2189 1089 2243 ﬁeri
1146 2202 1347 2260 posset,
1402 2192 1674 2245 consuluit
1720 2193 1884 2257 Deus,
1919 2196 2013 2248 sed

427 2282 495 2335 de
529 2283 721 2336 nobis?
745 2283 853 2336 Aut
878 2298 977 2336 cur
1000 2299 1105 2336 non
1126 2282 1278 2344 illud,
1296 2284 1506 2339 cum'sit
1530 2285 1823 2354 ejusmodi,
1849 2284 2013 2339 nobis

430 2371 720 2425 imbecillis
761 2372 995 2439 praetulit
1024 2372 1046 2424 ?
1080 2373 1184 2424 Aut
1210 2387 1308 2426 cur
1368 2372 1520 2440 prius
1572 2375 1747 2444 ipsum
1778 2375 2007 2438 faciens,

395 2495 400 2499 ~
428 2479 537 2517 non
563 2464 715 2532 prius
738 2464 903 2517 etiam
920 2463 987 2517 de
1008 2464 1126 2533 ipso
1152 2464 1464 2519 deliberat?
1500 2466 1611 2520 Aut
1633 2481 1729 2521 cur
1760 2468 1913 2538 prius
1945 2468 2012 2522 de

426 2555 583 2610 nobis
612 2555 926 2617 consulens,
965 2571 1072 2610 non
1098 2555 1307 2624 priores
1349 2556 1509 2611 etiam
1546 2572 1649 2613 nos
1678 2557 1825 2625 feett,
1886 2576 2007 2615 cum

428 2649 547 2715 ejus
574 2648 824 2702 voluntas
848 2647 978 2701 satis
991 2648 1136 2701 sitad
1168 2662 1257 2701 res
1278 2650 1733 2704 constitmndas?
1753 2651 1845 2706 sed
1859 2654 2010 2721 prius

427 2737 559 2791 illud
585 2740 1215 2798 creat.denobisautem
1280 2740 1432 2810 prius
1487 2744 1740 2808 consulit,
1800 2754 1856 2799 et
1916 2745 2008 2799 illo

429 2825 643 2893 priores
677 2842 783 2879 non
822 2829 982 2881 vult?
1017 2828 1197 2894 Quid?
1236 2831 1380 2899 quod
1434 2831 1624 2886 volens
1655 2848 1753 2887 nos
1797 2849 2004 2898 creare,

426 2925 485 2970 et
510 2916 576 2970 de
607 2917 764 2971 nobis
787 2921 1078 2974 consulens
1105 2936 1190 2973 res
1217 2931 1430 2975 creatas
1465 2925 1703 2991 appellat
1732 2943 1743 2978 :
1772 2924 2004 2981 Verbum

427 3019 633 3073 autem,
695 3014 837 3081 quod
864 3025 1085 3082 propter
1118 3032 1215 3069 nos
1243 3015 1388 3081 facit,
1427 3016 2004 3075 Filium.etha:redem

430 3104 707 3173 proprium
747 3106 948 3160 vocat?
982 3105 1217 3177 Equius
1244 3119 1429 3162 autem
1461 3117 1664 3170 erat,ut
1712 3126 1812 3165 nos
1865 3128 2005 3182 quo-

425 3212 545 3250 rum
579 3200 748 3268 gratia
790 3210 842 3254 et
868 3199 1102 3253 Verbum
1144 3200 1293 3260 facit.
1360 3200 1501 3254 ﬁlios
1547 3203 1872 3271 appellaret.
1919 3208 1999 3260 An

423 3289 772 3359 perspicuum
810 3298 892 3344 est
928 3290 1095 3343 Deum
1120 3290 1270 3359 prius
1301 3291 1536 3360 cogitare
1589 3303 1643 3345 et
1674 3292 1811 3347 velle
1836 3295 2003 3359 hunc,

426 3382 518 3449 qui
551 3381 721 3435 Filius
750 3391 851 3448 est,
877 3390 931 3434 et
966 3384 1187 3450 prepter
1212 3396 1369 3450 quem
1397 3391 1452 3434 et
1492 3398 1683 3439 omnes
1707 3391 1804 3438 nos
1842 3386 2008 3441 facit?

423 3474 653 3541 Quando
682 3475 825 3528 enim
859 3472 1001 3527 Deus
1023 3484 1111 3527 aut
1143 3472 1343 3527 Mosem
1370 3474 1668 3545 alloquitur
1729 3477 2007 3532 autAhra-

428 3568 550 3623 ham
597 3566 886 3636 promittit.
924 3578 1051 3620 tunc
1091 3566 1374 3620 audientes
1406 3565 1476 3620 illi
1524 3569 1877 3636 respondent,
1921 3569 2009 3624 hic

426 3660 666 3732 quidem.
699 3658 1283 3726 Quomodo,inquien~t,
1318 3659 1369 3711 id
1416 3662 1579 3712 sciant
1621 3660 1637 3689 ³
1688 3660 1710 3713 ?
1765 3660 1850 3715 ille
1912 3678 2009 3715 au-

429 3765 534 3808 tem
574 3771 586 3805 :
620 3750 792 3816 Mitte,
820 3751 1089 3819 inquiens,
1124 3750 1348 3804 alium‘.
1411 3748 1476 3802 Et
1506 3766 1721 3806 rursum
1760 3769 1773 3807 :
1812 3753 1875 3808 Si
1905 3771 2004 3820 me,

422 3845 701 3914 inquiens.
734 3842 1166 3912 interrogaverint
1202 3844 1343 3912 quod
1370 3844 1450 3896 illi
1495 3853 1569 3898 est
1621 3862 1828 3907 nomen,
1883 3834 2011 3915 quid

424 3940 531 3994 illis
562 3936 880 4007 respondebo
914 3934 971 3987 a?
1029 3933 1229 3989 "orum
1277 3936 1421 3989 enim
1482 3946 1712 4006 uterque
1769 3936 2005 3992 Verbum

423 4032 590 4086 habet
618 4030 880 4088 medium,
910 4037 967 4082 et
984 4028 1305 4095 sapientiam
1327 4028 1445 4090 Dei,
1471 4029 1645 4084 Patris
1668 4032 2004 4100 propositum

422 4119 968 4191 Cognosccntetn.At
1021 4119 1238 4187 quando
1272 4115 1509 4173 Verbum
1560 4121 1668 4189 agit
1729 4130 1783 4174 et
1833 4130 2002 4185 creat,

424 4220 649 4265 nonest
694 4210 809 4277 illic
859 4208 1217 4277 interrogatio
1276 4220 1330 4264 et
1391 4212 1697 4280 responsio.
1770 4211 1828 4264 In
1886 4212 2006 4281 ipso

427 4302 578 4355 enim
613 4300 778 4355 Pater
805 4310 909 4364 est,
942 4310 995 4355 et
1031 4302 1344 4356 Verbumin
1370 4302 1553 4357 Patre.
1590 4303 1699 4358 Sed
1737 4305 1871 4358 satis
1920 4312 2008 4360 est

423 4390 581 4451 velle.
617 4398 671 4443 et
706 4390 953 4461 protinus
995 4406 1129 4458 Opus
1158 4391 1463 4460 perfectum
1495 4401 1598 4456 est,
1641 4404 1699 4447 ut
1744 4395 2003 4464 propositi

2118 1928 2257 1992 ὅλως
2287 1926 2447 1997 ἤθελε
2478 1926 2569 1978 τὸν
2604 1924 2730 1977 Υἱὸν
2765 1924 2793 1976 6
2828 1923 3045 1992 Πατήρ.
3078 1923 3153 1974 Οὐ
3176 1922 3286 1991 γὰρ
3312 1921 3481 1973 θέλων
3511 1920 3691 1971 αὐτὸν

2122 2019 2363 2081 ἔκτισεν,
2401 2016 2685 2086 ἀλλ’ὴμᾶς
2718 2014 2886 2069 θέλων
2905 2015 2973 2067 δι’
3002 2016 3151 2083 ἡμᾶς
3196 2014 3357 2066 αὑτὸν
3392 2009 3702 2084 ὲδημιοῦρο

2116 2128 2253 2181 γησε
2281 2130 2294 2141 ·
2334 2110 2453 2181 μεθ’
2481 2111 2631 2180 ἡμᾶς
2663 2109 2768 2181 γὰρ
2806 2107 2968 2161 αὐτὸν
3011 2106 3324 2175 ἐπενόησεν,
3357 2104 3495 2157 ὥστε
3534 2104 3690 2157 κατὰ

2118 2205 2243 2265 τοὺς
2269 2199 2604 2256 ἀσεϐοῦντας
2670 2202 2932 2270 περιττὸν
2956 2195 3093 2253 εἶναι
3162 2198 3348 2251 λοιπὸν
3382 2198 3472 2250 τὸν
3529 2197 3692 2255 Υίὺν.

2112 2296 2203 2349 τὸν
2227 2298 2521 2364 γενόμενον
2546 2296 2621 2358 ὡς
2654 2294 2885 2365 ὄργανον
2905 2292 3014 2346 τῶν
3031 2290 3367 2360 γενομένων,
3396 2284 3471 2343 ὧν
3492 2292 3691 2343 ἕνεκεν

2114 2389 2206 2441 καὶ
2246 2387 2487 2456 ἐκτίσθη.
2513 2386 2574 2439 El
2608 2385 2664 2437 δὲ
2688 2386 2763 2448 ὡς
2793 2384 3017 2444 δυνατὸς
3073 2385 3101 2436 6
3160 2382 3291 2446 Υἱὸς
3346 2383 3503 2451 μόνος
3530 2383 3692 2452 παρὰ

2121 2480 2281 2551 μόνου
2306 2478 2401 2532 τοῦ
2436 2476 2573 2531 Θεοῦ
2607 2478 2857 2547 γέγονεν,
2909 2477 3070 2546 ἡμεῖς
3100 2475 3156 2527 δὲ
3196 2474 3271 2538 ὡς
3298 2474 3553 2530 ἀδύνατοι
3596 2475 3690 2528 διὰ

2112 2573 2208 2627 τοῦ
2238 2572 2411 2638 Λόγου
2440 2572 2769 2639 γεγόναμεν,
2797 2569 2939 2622 διατι
2973 2569 3047 2638 μὴ
3089 2572 3183 2621 καὶ
3216 2567 3451 2638 πρῶτον,
3483 2566 3558 2631 ὡς
3587 2566 3691 2619 δυ-

2117 2661 2281 2718 νατοῦ
2315 2662 2466 2722 ὄντος
2498 2660 2687 2723 αὐτοῦ,
2736 2660 2867 2730 περὶ
2904 2660 3068 2713 αὐτοῦ
3133 2656 3474 2729 βουλεύεται,
3539 2656 3689 2710 ἀλλὰ

2115 2754 2245 2822 περὶ
2268 2752 2461 2823 ἡμῶνς
2493 2752 2526 2823 ἢ
2558 2752 2700 2803 διατι
2746 2750 2838 2805 τὸν
2872 2750 3099 2805 δυνατὸν
3137 2752 3199 2803 οὐ
3236 2750 3518 2820 προκρίνει
3568 2748 3697 2801 τῶν

2115 2846 2394 2911 ἀσθενῶνς
2459 2843 2492 2914 ἢ
2528 2843 2669 2895 διατι
2708 2844 2924 2911 πρῶτον
2955 2843 3123 2894 αὑτὸν
3157 2860 3353 2905 ποιων,
3424 2841 3544 2912 οὐχὶ
3583 2843 3690 2895 καὶ

2109 2938 2240 3007 περὶ
2271 2937 2487 3006 πρώτου
2511 2933 2676 2989 αὐτοῦ
2706 2934 3052 3003 βουλεύεται;
3091 2934 3123 3004 ἢ
3186 2935 3327 2986 διατί
3353 2936 3482 3004 περὶ
3519 2934 3689 3003 ἡμῶν

2112 3028 2330 3098 πρῶτον
2356 3028 2765 3098 βουλευόμενος,
2812 3027 2874 3079 οὐ
2897 3018 3149 3095 πρώτους
3179 3026 3329 3097 ἡμᾶς
3359 3026 3684 3095 ἐργάζεται.

2114 3118 2302 3173 ἱκανοῦ
2364 3120 2515 3179 ὄντος
2538 3119 2630 3172 τοῦ
2662 3119 3003 3188 βουλήματος
3037 3117 3203 3171 αὑτοῦ
3235 3120 3372 3185 πρὸς
3401 3118 3502 3186 τὴν
3564 3116 3695 3170 τῶν

2111 3212 2280 3264 ὄντων
2308 3210 2590 3277 σύστασιν,
2653 3209 2770 3263 ἀλλ’
2796 3210 3007 3262 ἐκεῖνον
3036 3207 3136 3275 μὲν
3196 3205 3410 3274 πρῶτον
3476 3207 3686 3269 κτίζει,

2110 3303 2240 3369 περὶ
2274 3304 2330 3355 δὲ
2371 3300 2543 3372 ἡμᾶς
2581 3302 2799 3371 πρῶτον
2868 3300 3206 3371 βουλεύεται,
3268 3300 3362 3352 καὶ
3424 3299 3689 3368 πρώτους

2107 3397 2257 3464 ἡμᾶς
2287 3394 2430 3448 Θέλει
2461 3393 2553 3448 τοῦ
2589 3394 2845 3463 μισίτου;
2887 3394 2979 3447 καὶ
3018 3395 3166 3464 ἡμᾶς
3205 3394 3314 3462 μὲν
3342 3392 3513 3444 Θέλων
3560 3391 3690 3443 xvi-

2113 3505 2225 3550 cat,
2267 3489 2360 3541 καὶ
2420 3487 2549 3557 περὶ
2610 3487 2767 3556 ἡμῶν
2801 3485 3193 3556 βουλευόμενος
3232 3485 3441 3553 κτίσμα
3496 3484 3682 3557 καλεῖ,

2110 3582 2316 3634 ἐκεῖνον
2365 3582 2442 3643 δὲ,
2470 3579 2527 3632 6v
2559 3579 2627 3633 δι’
2656 3581 2807 3648 ἡμᾶς
2841 3580 3189 3647 δημιουργεῖ,
3223 3578 3351 3630 Υῐὸν
3384 3576 3540 3629 καλεί
3581 3577 3685 3627 καὶ

2110 3674 2243 3727 ἴδιον
2304 3672 2671 3742 κληρονόμονς
2705 3671 2855 3724 Ἔδει
2903 3671 2961 3723 δὲ
2999 3673 3164 3741 ἡμᾶς,
3215 3665 3290 3725 ὧν
3343 3670 3531 3723 ἕνεκεν
3582 3670 3685 3721 καὶ

2108 3764 2301 3819 τοῦτον
2327 3767 2491 3827 ποιεῖ,
2525 3765 2674 3825 υἱοὺς
2702 3762 2904 3832 μᾶλλον
2935 3762 3246 3815 καλεῖσθαι.
3280 3762 3349 3814 Ἢ
3374 3760 3553 3829 δῆλον,
3591 3761 3687 3812 ὅτι

2108 3858 2295 3910 τοῦτον
2356 3857 2482 3909 Υἱὶν
2513 3857 2662 3919 ὄντα,
2709 3855 2900 3908 τοῦτον
2952 3855 3048 3907 καὶ
3100 3853 3527 3923 προενθυμεῐται
3582 3852 3682 3905 καὶ

2110 3948 2270 4010 θέλει,
2302 3948 2373 4000 δι’
2395 3946 2453 4000 ὃν
2483 3948 2575 4001 καὶ
2612 3948 2822 4007 πάντας
2846 3947 2994 4016 ἡμᾶς
3026 3950 3188 3999 ποιεῖ.
3216 3946 3387 3998 Ὅταν
3425 3944 3525 4013 μὲν
3563 3942 3691 4011 γὰρ

2106 4036 2135 4088 6
2170 4036 2360 4105 Θεδςῆ
2397 4035 2475 4104 τῷ
2500 4037 2706 4105 Μωῦσῇ
2758 4035 2947 4105 ὁμιλῇ,
2982 4034 3015 4105 ἢ
3045 4034 3123 4104 τῷ
3179 4035 3437 4105 Ἀϐραὰμ
3498 4034 3694 4100 ἐπαγ-

2109 4128 2395 4196 γέλληται,
2425 4125 2543 4178 τότε
2571 4128 2597 4179 ὁ
2628 4126 2849 4180 ἀκούων
2871 4126 3251 4198 ἀποκρίνεται.
3278 4129 3388 4181 Καὶ
3412 4128 3436 4177 ό
3463 4127 3561 4197 μὲν
3586 4124 3686 4178 λέ-

2109 4236 2218 4286 γει,
2251 4217 2411 4271 Κατὰ
2440 4219 2496 4271 τί
2525 4216 2829 4285 γνώσομαι
2852 4232 2873 4283 ;
2894 4219 2922 4270 6
2943 4217 3021 4281 δὲ,
3054 4219 3435 4286 Προχείρισςη
3455 4220 3687 4272 (uxor.

2112 4307 2222 4361 Καὶ
2256 4307 2447 4371 πάλιν,
2494 4308 2636 4361 Ἐὰν
2667 4304 3017 4374 ἐρωτήσωσι
3058 4324 3134 4377 με
3158 4309 3215 4360 τι
3267 4308 3453 4375 ὄνομα
3491 4310 3684 4377 αὐτῷ,

2112 4402 2168 4454 τί
2188 4399 2300 4467 ἐρῶ
2350 4401 2499 4468 πρὸς
2528 4400 2797 4463 (totoue;
2846 4401 3000 4465 Ἔχει
3054 4401 3164 4468 γὰρ
3197 4400 3401 4453 τούτων
3447 4400 3691 4465 ἕκαστος

421 4483 641 4552 quidem
675 4497 737 4536 ac
776 4483 1071 4537 voluntatis
1120 4482 1381 4537 indicium
1412 4483 1483 4538 sit
1532 4485 1620 4538 illa
1672 4501 1795 4545 vox.
1827 4485 1997 4553 Dixit,

2121 4492 2214 4544 τὸν
2246 4491 2598 4562 μεσιτεύοντα
2654 4490 2852 4555 Λόγον,
2883 4492 2974 4544 καὶ
3022 4491 3123 4562 τὴν
3154 4493 3351 4561 σοφίαν
3393 4494 3487 4546 τοῦ
3542 4494 3690 4546 Θμοΰ

422 4576 605 4631 verbis
634 4576 815 4631 autem
847 4574 974 4638 illis,
998 4585 1046 4629 et
1077 4578 1274 4646 factum
1317 4588 1391 4629 est
1422 4578 1519 4637 ita,
1551 4592 1686 4647 opus
1728 4592 1826 4648 per
1860 4577 1996 4631 Ver-

421 4667 551 4723 bum
580 4675 635 4722 et
667 4667 1010 4738 sapientiam,
1053 4668 1107 4721 in
1137 4684 1240 4737 qua
1294 4679 1350 4724 et
1389 4666 1567 4724 Patris
1612 4671 1860 4725 voluntas
1887 4678 1992 4735 est,

420 4770 620 4825 factum
647 4761 988 4813 ostendatur.
1220 4762 1225 4765 ⁷

2106 4583 2478 4654 γνωρίζουσαν
2521 4583 2582 4636 τδ
2616 4582 2863 4651 βούλημα
2909 4580 3003 4636 τοῦ
3034 4583 3265 4654 Πατρός.
3305 4583 3473 4636 Ὅταν
3497 4585 3552 4636 δὲ
3593 4587 3693 4654 ὲρ-

2104 4672 2336 4741 γάξηται
2380 4671 2562 4733 αὐτὸς,
2591 4672 2684 4723 καὶ
2739 4670 2897 4740 κτίζῃ
2938 4668 3180 4738 6Λότοςς
3222 4670 3326 4725 οὐκ
3366 4669 3513 4723 εστιν
3565 4672 3693 4724 ἐκεῖ

2102 4765 2393 4835 ἐρώτησις,
2410 4765 2505 4815 καὶ
2535 4760 2849 4823 ἀπόκρισις·
2869 4763 2926 4813 ὲν
2946 4762 3096 4832 αὑτῷ
3120 4764 3230 4831 γάρ
3255 4764 3401 4816 ἐστιν
3417 4765 3442 4815 6
3469 4762 3688 4831 Πατὴρ,

419 4852 518 4905 καὶ
566 4854 593 4904 6
647 4852 820 4916 Λόγος
870 4853 928 4902 ὲν
979 4852 1057 4919 τῷ
1106 4852 1312 4920 Πατρί·
1369 4850 1486 4904 ἀλλ’
1542 4852 1703 4920 ἀρκεῖ
1731 4853 1792 4906 τὸ
1826 4854 2133 4923 βούλεσθαι,
2182 4856 2275 4910 καὶ
2331 4856 2389 4908 τὸ
2446 4855 2605 4925 ἔργον
2656 4854 2886 4922 γίνεται,
2942 4853 3030 4908 ῐνα
3085 4854 3177 4908 τοῦ
3220 4855 3318 4925 μὲν
3344 4854 3692 4924 βουλήματος

416 4941 451 5017 ᾖ
500 4947 807 5015 γνῢοισμι.
868 4945 926 4996 το
964 4942 1116 4999 εἴπεθ
1174 4947 1251 5016 τῷ
1309 4946 1366 4999 δὲ
1408 4948 1505 5001 καί
1539 4948 1778 5016 ἐγένετο
1808 4950 1959 5004 οὕτω
1990 4993 2004 5016 ,
2043 4954 2101 5007 τὸ
2131 4953 2291 5023 ἔργον
2342 4950 2697 5021 σημαίνηται,
2738 4949 2799 5002 τὸ
2842 4950 2930 5003 διὰ
2970 4950 3065 5004 τοῦ
3125 4950 3304 5019 Λόγου
3332 4951 3425 5004 καὶ
3468 4951 3564 5020 τῆς
3594 4966 3691 5002 σο·-

422 5042 571 5109 φίας,
608 5040 662 5092 ὲν
768 5041 862 5094 καὶ
892 5039 1146 5111 βούλησίς
1176 5044 1289 5094 ἐστι
1311 5042 1404 5096 τοῦ
1448 5043 1676 5111 Πατρός.

422 5132 509 5187 Ex
547 5135 722 5209 eodem
757 5133 908 5186 libro.
942 5133 1006 5209 In
1059 5135 1305 5209 Arianos,
1364 5139 1499 5191 inter
1552 5156 1680 5209 quos
1734 5150 1781 5194 et
1824 5139 2013 5195 Samo-

498 5205 1227 5277 satensiscomprehenditur,
1265 5209 1514 5275 quoniam
1540 5205 1587 5263 εἰ
1642 5212 1750 5277 ipse
1783 5212 2010 5276 certauit,

406 5318 423 5323 _
491 5272 684 5325 [tilium
719 5273 809 5327 Ilet'
872 5276 1003 5327 nihil
1030 5276 1178 5327 aliud
1240 5272 1349 5329 esse
1388 5280 1493 5330 nisi
1560 5272 1783 5333 Verbum
1844 5272 2012 5333 (nun;

494 5344 706 5401 tiatum,
742 5345 1161 5417 et__mandatum
1196 5347 1451 5409 diuinum,
1503 5365 1604 5417 quo
1656 5350 1818 5404 I’ater
1875 5360 1997 5402 tan-

495 5428 654 5481 quam
696 5415 891 5484 artifex
924 5425 979 5467 ιιι
1009 5416 1353 5468 instrumento
1413 5415 1711 5472 meti/ionico
1766 5437 1889 5473 usus
1922 5428 1997 5472 est

496 5486 568 5533 ad
596 5491 769 5535 rerum
814 5485 1207 5538 universitatem
1237 5488 1682 5541 constituendam.

495 5569 800 5634 Quomodo,
826 5572 1096 5644 inquiunt,
1120 5572 1285 5629 Filius
1317 5576 1385 5630 ab
1412 5579 1557 5631 omni
1586 5579 1885 5632 aatcrnitatc
1903 5594 2003 5647 po-

503 5681 520 5712 ‘
551 5683 687 5738 Gen.
731 5702 817 5749 xv,
849 5686 880 5739 8
977 5690 997 5720 ¹
1034 5690 1204 5759 Exod.
1268 5707 1338 5755 ιν,
1378 5691 1457 5745 15.
1540 5693 1558 5724 ⁸
1594 5693 1762 5758 Exod.
1809 5709 1886 5761 Ill,
1931 5693 2008 5747 l3.

2116 5138 2275 5194 Κατὰ
2309 5133 2649 5203 Ἀρειανῶν,
2699 5128 2788 5201 οἷς
2817 5137 2916 5189 καί
2980 5137 3089 5189 τὸν
3147 5135 3496 5205 Σημοσατέα
3530 5151 3688 5205 συμο

2179 5207 2652 5276 παραλαμϐάνει.
2693 5208 2799 5258 Kal
2837 5206 2944 5273 γὰρ
2972 5208 3071 5260 καί
3098 5208 3279 5272 αὐτὸς
3310 5209 3505 5273 Λόγον
3539 5223 3691 5274 προ-ρ

2181 5280 2450 5345 φορικὸν.
2482 5277 2577 5329 καὶ
2619 5277 2972 5345 πρόσταγμα
3030 5277 3193 5330 θεῖον
3244 5276 3348 5329 τὸν
3382 5277 3519 5329 Υιὸν
3575 5276 3688 5330 τοῦ

2180 5344 2330 5401 Θεοῦ
2381 5344 2740 5413 ἐδογμάτιζε,
2774 5349 2912 5398 τόγ’
2936 5362 2998 5397 τε
3047 5348 3285 5413 Πατέρα
3315 5346 3385 5398 ἐν
3409 5356 3687 5414 σχήματι

2178 5418 2455 5485 τεχνίτου
2481 5417 2669 5485 τούτῳ
2693 5416 3023 5483 κεχρῆσθαι
3053 5416 3239 5481 δίκην
3282 5416 3541 5483 ὀργάνου
3568 5433 3690 5483 μη-

2181 5484 2434 5557 χανικοῦ
2457 5489 2545 5550 εὶς
2568 5484 2683 5551 τὴν
2723 5486 2831 5538 τοῦ
2886 5486 3219 5553 ποιήματος
3250 5486 3687 5551 διακόσμησιν.

2182 5578 2323 5641 ῐΙῶς,
2356 5578 2508 5647 φησὶ,
2547 5576 2779 5630 δύναται
2828 5577 3004 5640 ὁΥἱδς
3062 5578 3246 5642 ἀϊδίως
3308 5580 3684 5647 ουνυπᾶρχειν
