4024 6208
301 345 413 412 393

1272 336 1649 400 PANOPLIA
1691 302 2158 397 pOGMATICA.
2192 355 2259 370 —-
2295 332 2449 395 TIT.
2490 332 2597 390 xx.

3459 331 3572 397 394

300 456 588 528 σημαίνων
640 454 796 523 ελεγι
841 452 1046 524 ταύτην
1071 468 1083 481 ο
1134 450 1517 518 Καταϐἐϐηκα
1541 451 1609 504 ἐκ
1632 447 1743 503 τοῦ
1777 450 1878 502 οὺ-

2001 447 2261 502 tovissimo
2291 447 2398 501 die.
2450 449 2578 500 ῙΙιιισ
2613 454 2686 497 est
2716 443 2853 497 enim
2916 443 3153 496 voluntas
3216 442 3394 496 Patria
3445 448 3568 507 mei,

288 546 509 619 μινοῦ,
546 548 662 613 οὐχ
693 546 795 598 ἵνα
824 543 977 597 ποιῶ
1014 541 1081 596 τὸ
1128 540 1362 610 θέλημα
1395 544 1463 595 τὸ
1510 541 1683 610 ἐμὸν,
1718 537 1881 593 ἀλλὰ

296 640 370 695 τὸ
395 639 633 706 θέλημα
666 636 776 691 τοῦ
806 635 1166 706 πέμψαντός
1207 650 1304 703 με,
1327 634 1429 687 ἵνα
1456 632 1580 689 πᾶν
1603 633 1635 687 ὃ
1659 629 1884 685 δέδωκέ

293 748 423 802 μοι,
471 729 563 800 μὴ
624 728 911 784 ἀπολέσω
944 727 1014 791 ἐξ
1074 725 1288 792 αὑτοῦ,
1331 724 1496 780 ἀλλὰ
1550 723 1882 790 ἀναστήσω

297 825 450 879 αὐτύ
483 826 558 877 ἐν
585 821 660 891 τῇ
687 820 918 891 ἐσχάτῃ
948 819 1163 889 ἡμέρᾳ.
1192 818 1379 873 Τοῦτο
1403 817 1513 887 γὰρ
1542 817 1610 871 τὸ
1651 816 1884 885 θέλημα

298 918 411 972 τοῦ
448 917 686 984 Πατρός
715 932 855 983 μου.
912 915 1013 966 ἵνα
1049 910 1169 978 πᾶς
1217 913 1251 965 ό
1284 910 1521 978 θεωρῶν
1579 909 1687 963 τόν
1723 911 1882 973 libr,

298 1011 399 1062 καὶ
431 1006 738 1061 πιστεύων
764 1008 851 1071 εἰς
889 1003 1102 1067 αὐτὸν,
1160 1001 1272 1070 ἔχῃ
1307 999 1462 1069 ζωὴν
1492 1002 1625 1055 αιώι
1640 1017 1753 1067 ιον,
1785 999 1887 1054 καὶ

301 1100 422 1169 ἐγὼ
454 1101 793 1166 ἀναστήσω
828 1096 1024 1153 αὐτὸν
1051 1096 1122 1149 ἐν
1172 1093 1245 1163 τῇ
1275 1092 1503 1163 ἐσχάτῃ
1530 1092 1739 1160 ἡμέρᾳ.
1778 1093 1886 1146 Καὶ

303 1193 506 1248 πάλινο
547 1189 698 1259 Ἐγὼ
724 1189 852 1259 φῶς
872 1191 961 1254 εις
996 1187 1108 1241 τὸν
1150 1190 1387 1255 κόσμον
1429 1185 1724 1253 ἐλήλυθα,
1785 1185 1887 1237 ἵνα

302 1284 430 1351 πᾶς
452 1289 486 1340 ό
512 1284 819 1338 πιστεύων
845 1283 934 1346 εἰς
964 1280 1070 1351 ἐμὲ
1096 1282 1164 1333 ἐν
1192 1278 1266 1348 τῇ
1295 1278 1514 1347 σκοτίᾳ
1556 1278 1643 1347 μή
1681 1275 1882 1346 μείνῃ.

305 1379 415 1432 Καὶ
448 1377 615 1430 πάλιν
646 1377 704 1428 ἐν
739 1375 817 1446 τῷ
872 1374 1018 1428 κατὰ
1054 1373 1311 1442 Ἰωάννην
1361 1372 1529 1442 φησιν
1556 1387 1572 1404 ο
1612 1369 1762 1439 Ἐγὼ
1798 1370 1887 1433 εις

304 1470 484 1525 τοῦτο
524 1466 871 1537 γεγένημαι,
897 1466 992 1519 καὶ
1022 1466 1104 1528 εἰς
1129 1464 1317 1518 τοῦτο·
1367 1462 1767 1530 Ἑλήλυθιιεις
1783 1462 1888 1516 τὸν

304 1564 566 1631 κόσμον,
643 1560 749 1613 ινα
800 1556 1169 1630 μαρτυρήσω
1236 1555 1313 1627 τῇ
1382 1556 1656 1623 ἀληθείᾳ.
1716 1554 1776 1608 '0
1829 1552 1886 1608 δὲ

317 1654 577 1722 Ἰωάννης
631 1651 877 1721 ἔγραψεν
906 1666 921 1683 ·
959 1652 1064 1714 Εὶς
1087 1648 1269 1703 τοῦτο
1297 1647 1646 1718 ἐφανερώθη
1679 1649 1711 1701 ό
1754 1645 1890 1712 Υἱὸς

304 1743 416 1798 τοῦ
434 1742 615 1807 Θεοῦ,
637 1743 740 1797 ἵνα
766 1742 931 1811 λύσῃ
962 1741 1037 1794 τὰ
1054 1741 1200 1810 ἔργα
1225 1737 1331 1794 τοῦ
1362 1737 1673 1792 διαϐόλου.
1700 1737 1799 1792 Διὰ
1828 1737 1891 1791 τὸ

310 1837 670 1907 μαρτυρῆσαι
701 1835 834 1905 ἄρα,
862 1832 960 1887 καὶ
986 1832 1129 1903 ὑπὲρ
1182 1831 1344 1903 ἡμῶν
1373 1830 1740 1896 ἀναδέξασθαι
1795 1829 1889 1885 Θά-

309 1946 495 1991 νατον.
522 1929 618 1981 καὶ
643 1927 733 1981 διὰ
787 1926 848 1979 τὸ
900 1926 1210 1997 ἀναστῆσαι
1265 1923 1392 1988 τοὺς
1417 1922 1759 1994 ἀνθρώπους,
1795 1923 1891 1978 καὶ

304 2020 473 2073 λῦσαι
495 2020 565 2073 τὰ
596 2019 736 2090 ἔργα
763 2017 859 2072 τοῦ
879 2016 1136 2072 διαϐόλου
1164 2014 1427 2087 ἐλήλυθεν
1460 2017 1488 2070 ὁ
1538 2016 1754 2087 Σωτήρ.
1782 2015 1893 2070 Καὶ

309 2112 454 2182 αὕτη
491 2112 641 2165 ἐστὶν
667 2113 700 2182 ἡ
730 2110 883 2164 αἰτία
910 2110 1009 2181 τῆς
1037 2111 1309 2182 ὲνσάρκου
1340 2110 1650 2181 παρουσίας
1702 2108 1889 2166 αὑτοῦ.

313 2203 529 2263 Ἄλλως
563 2202 674 2273 γὰρ
705 2203 1006 2265 ἀνάστασις
1036 2201 1137 2255 οὐκ
1174 2201 1242 2255 ἂν
1270 2202 1512 2270 ἐγένετο,
1575 2202 1624 2254 εί
1664 2199 1741 2272 μὴ
1794 2200 1892 2256 οά-

313 2313 476 2360 νατος
512 2296 782 2364 ἐγεγόνει.
830 2294 1071 2357 Θάνατος
1113 2294 1172 2347 δὲ
1201 2293 1320 2357 πῶς
1352 2294 1621 2361 ἐγεγόνει,
1648 2295 1698 2346 εἰ
1732 2292 1807 2363 μὴ
1834 2294 1895 2346 τὸ

314 2388 673 2458 ἀποθνῆσκον
725 2389 953 2456 ὲσχήκει
1015 2385 1215 2455 σῶμα;
1275 2384 1447 2439 Τοῦτο
1506 2385 1697 2454 μαθὼν
1759 2387 1894 2456 παρ’

312 2478 488 2533 αὑτοῦ
519 2479 615 2533 καὶ
638 2480 669 2531 ὁ
708 2478 1031 2542 Ἀπόστολος
1061 2477 1248 2546 ἔλεγεν
1268 2494 1283 2508 ·
1328 2476 1495 2531 Ἐπεὶ
1526 2472 1642 2533 οὖν
1661 2476 1733 2532 τὰ
1760 2494 1898 2532 παι-

314 2571 416 2625 δίη
446 2570 851 2640 κεκοινώνηκε
876 2570 1128 2639 σαρκὸς,
1153 2568 1250 2625 καὶ
1288 2569 1557 2639 αἵματος,
1591 2568 1690 2624 καὶ
1715 2570 1897 2637 αὐτὸς

316 2664 762 2732 παραπλησίως
784 2663 1043 2733 μετέσχε
1062 2661 1180 2715 τῶν
1197 2660 1417 2728 αὐτῶν,
1431 2662 1534 2715 ἵνα
1555 2661 1653 2715 διὰ
1676 2661 1784 2717 τοῦ
1800 2665 1899 2717 θα-

317 2760 512 2814 νάτου
528 2757 883 2827 καταργήσῃ
902 2757 1011 2811 τὸν
1029 2757 1098 2810 τὸ
1118 2753 1335 2824 κράτος
1351 2755 1574 2823 ἔχοντα
1594 2755 1700 2810 τοῦ
1721 2755 1902 2809 θανά-

319 2868 451 2915 του,
467 2849 745 2904 τουτέστι
762 2850 869 2903 τὸν
887 2846 1192 2902 διάϐολον.
1216 2848 1278 2900 Et
1299 2847 1355 2900 δὲ
1368 2846 1427 2900 οὐ
1446 2846 1513 2900 δι’
1531 2848 1743 2912 ἑαυτὸν,
1765 2848 1903 2902 ἀλλὰ

319 2943 392 2995 δι’
422 2942 573 3013 ἡμᾶς
592 2937 974 3003 κτίζεται,οὺκ
1004 2937 1154 2990 ἔστιν
1181 2936 1291 3006 ἄρα
1317 2937 1482 2999 αὐτὸς
1509 2937 1743 3007 κτίσμα,
1765 2938 1903 2993 ἀλλὰ

320 3035 426 3103 τὴν
452 3032 615 3103 ἡμῶν
650 3017 1017 3101 ἐνδυσάμενος
1064 3030 1246 3101 σάρκα
1276 3028 1452 3084 ταῦτα
1478 3029 1654 3097 λέγει.
1689 3032 1905 3103 Ὠσπερ

1985 551 2042 593 ιιι
2093 540 2266 594 omnis
2300 540 2389 607 qui
2426 540 2559 592 videt
2585 536 2808 595 Filium.
2836 546 2886 590 et
2916 537 3080 590 credit
3117 537 3169 590 in
3217 532 3354 599 eum,
3381 538 3572 591 nabeat

1985 633 2148 685 vitam
2195 641 2466 692 retentam,
2509 640 2555 684 et
2587 646 2681 699 ego
2724 629 2968 683 suscitem
3020 644 3137 682 eum
3190 629 3245 681 in
3296 628 3574 683 nouissinio

1984 724 2070 777 die
2104 721 2230 776 ‘.Et
2256 737 2472 774 rursum
2512 736 2526 774 :
2566 719 2700 790 Ego,
2758 719 2957 789 inquit,
2995 720 3109 773 veni
3166 719 3258 772 tua:
3319 721 3373 773 in
3418 736 3574 774 mun-

1985 818 2132 879 dum,
2163 823 2219 869 ut
2244 815 2414 868 omnis
2458 816 2547 884 qui
2569 815 2731 868 credit
2755 814 2809 866 in
2843 829 2926 866 me
2954 828 3057 865 non
3095 823 3306 866 maneat
3341 813 3395 866 in
3429 822 3575 866 tene-

1987 909 2094 963 bris
2122 908 2161 961 '.
2222 905 2289 961 Et
2334 921 2552 960 rursum
2618 907 2672 959 in
2731 905 3031 975 Evangelia
3091 903 3370 959 Joannis:
3436 903 3574 975 Ego,

1986 1001 2184 1070 inquit,
2218 1000 2289 1053 ad
2320 1000 2419 1053 Ιιοι·
2450 1007 2610 1051 natus
2652 1014 2797 1060 sum,
2837 1008 2887 1051 et
2923 996 2995 1050 ad
3021 998 3114 1052 hoc
3143 998 3277 1058 veni.
3311 1006 3369 1049 ut
3423 999 3575 1050 testi-

1987 1095 2221 1148 monium
2272 1091 2573 1162 perhibeam
2603 1092 2813 1145 veritati
2844 1090 2883 1141 ⁸.
2936 1088 3177 1145 Joannes
3202 1100 3381 1144 autem
3436 1092 3583 1144 scri~

1986 1187 2096 1258 psit
2143 1206 2156 1240 :
2197 1186 2484 1254 Protiterea
2532 1187 2780 1256 apparuit
2812 1186 2983 1240 Filius
3040 1186 3157 1252 Dei,
3214 1195 3272 1239 ut
3331 1185 3578 1240 dissolvat

1990 1296 2149 1350 opera
2210 1281 2410 1335 diaboli
2447 1281 2492 1335 ⁸.
2530 1279 2601 1337 Ut
2629 1280 3000 1335 testimonium
3041 1279 3206 1351 igitur
3242 1279 3575 1349 perhiberet.

1988 1380 2042 1426 et
2102 1380 2333 1427 mortem
2368 1388 2467 1442 pro
2521 1372 2679 1426 nobis
2746 1371 2976 1437 subiret,
3021 1380 3077 1425 et
3130 1370 3368 1426 solveret
3410 1386 3575 1440 opera

1989 1463 2403 1530 diaboli',vertit
2447 1464 2727 1518 Servatur.
2782 1461 2907 1518 Haec
2964 1472 3050 1518 est
3099 1477 3261 1518 causa
3312 1464 3579 1518 adventus

1989 1558 2108 1627 ejus
2150 1556 2205 1610 iu
2234 1569 2419 1610 carne.
2459 1555 2810 1610 Resurrectio
2842 1554 2989 1609 enim
3047 1569 3159 1609 non
3214 1554 3434 1620 fuisset,
3468 1553 3575 1608 nisi

2000 1647 2198 1702 fuisset
2247 1660 2413 1707 mors,
2440 1658 2541 1698 nec
2577 1658 2747 1708 mors,
2771 1642 2877 1698 nisi
2899 1657 3099 1713 corpus
3128 1645 3359 1699 mortale
3388 1659 3582 1699 susce-

1992 1737 2188 1809 pisset.
2236 1737 2294 1792 Id
2327 1736 2395 1790 ab
2456 1735 2578 1805 ipso
2611 1734 2880 1789 didicerat
2916 1734 3233 1804 Apostolus,
3281 1741 3582 1805 propterea

1995 1829 2134 1885 dixit
2162 1843 2179 1884 :
2225 1829 2487 1894 Quoniam
2526 1829 2674 1897 pueri
2689 1828 2973 1899 participes
3004 1829 3350 1881 erantcarnis
3376 1838 3425 1880 et
3454 1843 3586 1880 san-

1995 1922 2189 1994 guinis,
2229 1931 2277 1975 et
2311 1922 2422 1991 ipse
2459 1920 2705 1975 similiter
2735 1921 2911 1974 carnis
2968 1927 3018 1974 et
3072 1919 3347 1991 sanguinis
3410 1920 3588 1988 parti-
3664 1945 3670 1951 -

1995 2032 2112 2085 cep:
2147 2016 2317 2085 factus
2349 2022 2445 2078 est,
2475 2023 2530 2067 ut
2563 2028 2657 2082 per
2708 2022 2927 2067 mortem
2979 2011 3270 2066 destrueret
3330 2028 3448 2066 eum
3495 2012 3587 2082 qui

1996 2106 2218 2161 habebat
2290 2106 2474 2160 mortis
2548 2105 2847 2174 imperium,
2934 2103 2989 2157 id
3060 2113 3159 2168 est,
3211 2102 3483 2157 diabolum
3540 2105 3586 2156 ⁸.

1999 2198 2155 2265 Quod
2172 2199 2215 2253 si
2248 2207 2478 2267 propter
2501 2212 2624 2260 nos,
2655 2210 2766 2251 non
2790 2204 2972 2252 autem
3001 2205 3228 2266 propter
3245 2209 3304 2251 se
3337 2206 3584 2262 creatur,

2002 2292 2118 2361 ipse
2146 2300 2361 2347 creatus
2394 2306 2501 2344 non
2533 2299 2638 2354 est,
2664 2291 2758 2345 sed
2789 2304 3010 2344 carne-11
3043 2299 3286 2344 nostram
3344 2301 3586 2347 creatam

2003 2386 2229 2441 indutus
2272 2385 2388 2440 haec
2417 2384 2571 2439 dicit.
2607 2382 3076 2450 Quemadmodum
3100 2383 3246 2438 enim
3295 2383 3589 2437 inﬁrmita-
3642 2445 3659 2463 ⁸

2006 2487 2088 2534 tes
2114 2485 2335 2533 nostras
2363 2476 2691 2547 suscipiens,
2722 2474 2925 2530 dicitur
2957 2474 3076 2546 ipse
3133 2475 3409 2543 inﬁrmus,
3459 2490 3586 2531 cum

2004 2582 2190 2627 tamen
2209 2569 2460 2625 inﬁrmus
2485 2577 2539 2625 et
2596 2568 2902 2625 imbecillus
2943 2584 3053 2624 non
3094 2569 3186 2635 sit,
3240 2569 3442 2639 quippe
3493 2557 3587 2640 qui

2005 2664 2181 2718 virtus
2211 2671 2294 2717 est
2321 2661 2437 2729 Dei,
2463 2670 2520 2717 et
2553 2668 2839 2732 peccatum
2872 2670 2971 2732 pro
3003 2661 3162 2716 nobis
3193 2660 3373 2717 factus
3403 2671 3508 2727 est,
3532 2673 3592 2717 et

2003 2753 2378 2816 maledictum,
2404 2768 2530 2807 cum
2562 2764 2743 2808 tamen
2774 2753 2895 2824 ipse
2947 2768 3058 2809 non
3102 2757 3429 2825 peccaverit,
3491 2756 3590 2810 sed

2005 2853 2228 2915 peccata
2258 2854 2313 2900 et
2328 2844 3096 2917 maledictiouesnostrasipse
3120 2850 3323 2911 tulerit,
3366 2848 3445 2903 sic
3476 2861 3591 2902 non

2007 2938 2064 2992 in
2083 2937 2467 3008 seipsocreans
2482 2938 2613 2994 dicit
2633 2957 2647 2994 :
2666 2938 3131 3010 Dominuscreavit
3146 2952 3247 3007 me,
3261 2954 3386 2995 cum
3407 2949 3592 2995 tamen

2010 3033 2128 3103 ipse
2156 3038 2375 3087 creatus
2405 3047 2515 3086 non
2537 3031 2632 3089 sit.

320 3127 434 3198 γάρ
474 3125 578 3188 τὰς
623 3124 914 3187 ἀσθενείας
946 3124 1108 3193 ἡμῶν
1141 3124 1434 3195 δεχόμενος
1495 3123 1716 3193 λέγεται
1773 3127 1941 3191 αὐτὸς
1976 3126 2247 3195 ἀσθενεῖν,
2318 3127 2499 3183 καίτοι
2566 3125 2644 3198 μὴ
2690 3125 2936 3180 ἀσθενῶν
2970 3122 3154 3193 αὐτὸς,
3188 3126 3417 3198 δύναμις
3480 3126 3591 3198 γάρ

323 3219 442 3272 ἐστι
475 3215 572 3270 τοῦ
599 3214 759 3282 Θεοῦ,
815 3214 1065 3286 ἁμαρτία
1096 3231 1156 3268 τε
1207 3214 1345 3285 ὑπὲρ
1378 3214 1539 3286 ἡμῶν
1566 3217 1782 3286 γέγονε,
1833 3218 1929 3273 καὶ
1966 3219 2204 3289 κατάρα,
2274 3221 2454 3274 καίτοι
2503 3218 2579 3290 μὴ
2610 3219 2942 3289 ἁμαρτήσας
2968 3214 3154 3286 αὐτὸς,
3209 3219 3325 3273 ἀλλ’
3354 3220 3437 3274 ὅτι
3491 3219 3592 3283 τὰς

321 3308 607 3380 ἁμαρτίας
636 3308 819 3380 ἡμῶν,
847 3308 945 3362 κιιιὶ⁵
1000 3306 1100 3377 τὴν
1130 3308 1380 3377 κατάραν
1414 3308 1718 3364 ὲόάστασεν
1747 3311 1911 3376 αὐτός
1938 3329 1952 3342 ·
1995 3312 2169 3379 οὕτως
2190 3314 2341 3385 ἡμᾶς
2371 3313 2430 3368 ὲν
2457 3312 2641 3384 ἑαυτῷ
2663 3310 2867 3379 κτίζων
2903 3311 3054 3384 λέγει
3082 3328 3096 3343 ’
3132 3314 3347 3383 Κύριος
3385 3303 3592 3369 ἕκτισέ

318 3418 422 3473 με,
454 3398 638 3453 καίτοι
665 3400 869 3468 κτίσμα
901 3399 978 3468 μὴ
1006 3399 1080 3452 ὢν
1107 3399 1292 3462 αὐτός.

769 3493 871 3546 Ἐκ
905 3492 1012 3548 τοῦ
1035 3492 1224 3547 αὑτοῦ
1254 3497 1471 3563 Λοτου.

397 3587 465 3641 Ei
492 3585 593 3657 μὲν
628 3588 694 3655 τῇ
728 3585 893 3652 φύσει
923 3584 1018 3637 καὶ
1068 3587 1132 3655 τῇ
1168 3584 1328 3655 οὐσίᾳ
1383 3584 1592 3655 κτίσμα
1645 3586 1675 3640 ὁ
1703 3585 1899 3656 Λόγος,

324 3682 423 3735 καὶ
459 3681 537 3749 μὴ
570 3677 808 3748 διαφορὰ
836 3671 905 3748 ἦν
925 3675 1020 3730 τοῦ
1051 3677 1393 3746 γεννήματος
1424 3677 1563 3748 πρὸς
1590 3678 1653 3731 τὸ
1670 3678 1901 3750 κτίσμα,

324 3772 428 3826 οὐκ
463 3771 531 3824 ἂν
562 3770 813 3839 ἐπήγαγε
869 3767 931 3820 τὸ
977 3765 1179 3836 Γεννᾷ
1238 3784 1331 3835 με,
1382 3766 1503 3822 ἀλλ’
1549 3770 1778 3839 ἠρκεῖτο
1824 3768 1904 3839 τῷ

325 3865 594 3928 ἔκτισεν,
640 3862 716 3925 ὡς
763 3861 866 3931 τῆς
914 3860 1115 3925 λέξεως
1165 3860 1369 3931 ταύτης
1421 3862 1802 3930 σημαινούσης
1844 3862 1906 3915 τὸ

325 3954 652 4025 ἐγέννησεν·
712 3952 810 4019 νῦν
858 3952 918 4006 δὲ
971 3953 1247 4024 σίρηκώς’
1285 3952 1533 4008 Ἔιιτισέ
1577 3970 1656 4025 με
1706 3952 1907 4024 ἀρχὴν

324 4044 486 4101 ὁδῶν
520 4044 711 4100 αὑτοῦ
738 4046 829 4111 εις
866 4044 1012 4114 ἔργα
1038 4044 1249 4113 αὐτοῦ,
1274 4045 1554 4116 ἐπήγαγεν
1584 4045 1684 4117 οὐχ
1715 4046 1906 4110 ἁπλῶς

329 4139 391 4192 τὸ
422 4136 627 4207 Γεννᾷ
643 4154 743 4208 με,
765 4137 904 4191 ἀλλὰ
954 4137 1094 4207 μετὰ
1152 4138 1479 4208 συμπλοκῆς
1503 4138 1620 4205 τοῦ,
1654 4139 1745 4207 δὲ,
1776 4156 1904 4194 συνά

331 4230 562 4300 ὃέσμου,
598 4229 676 4293 ὡς
733 4228 1178 4300 ἀσφαλιζόμενος
1209 4232 1268 4283 ὲν
1298 4229 1479 4299 τούτῳ
1518 4231 1619 4299 τὴν
1682 4230 1747 4283 ἐκ
1805 4230 1902 4284 τοῦ

327 4323 539 4378 ἔκτισε
594 4322 745 4388 λέξιν
814 4323 991 4391 λέγων
1012 4339 1027 4354 ·
1081 4322 1204 4391 Πρὸ
1259 4320 1327 4375 δέ
1368 4322 1614 4375 πάντων
1661 4320 1908 4387 βουνῶν

330 4413 519 4486 γεννᾷ
551 4430 648 4484 με.
674 4414 747 4468 Τὸ
772 4415 883 4486 γὰρ
920 4415 1084 4486 γεννᾷ
1112 4431 1180 4484 με
1207 4413 1287 4484 τῷ
1315 4392 1907 4482 ἕκτισίσυμπεπλεγ-

331 4508 508 4578 μένως
573 4508 993 4578 ἐπιφερόμενον,
1061 4506 1193 4577 μίαν
1259 4508 1408 4559 ποιεῖ
1486 4506 1587 4577 τὴν
1622 4505 1904 4561 διάνοιανο

328 4601 421 4652 καὶ
448 4598 754 4664 δείκνυσιν,
787 4600 870 4652 ὅτι
898 4597 961 4651 τὸ
996 4598 1095 4668 μὲν
1125 4596 1332 4653 ἔκτισε
1387 4597 1477 4652 διά
1507 4615 1561 4651 τι
1599 4599 1812 4670 εἴρηκε,
1848 4597 1909 4652 τὸ

327 4690 382 4744 δὲ
412 4689 601 4761 γεννᾷ
623 4707 702 4760 με
725 4692 833 4761 πρὸ
859 4689 953 4744 τοῦ
984 4689 1231 4746 ἔκτισεν
1251 4690 1446 4746 ἐστιν.
1477 4690 1663 4761 Ωσπερ
1694 4692 1802 4761 γὰρ
1826 4691 1906 4754 εἰς

2561 3490 2644 3552 Ea:
2674 3499 2855 3553 eodem
2887 3498 3038 3555 libro.

2076 3591 2131 3646 Si
2166 3601 2359 3646 natura
2390 3601 2554 3662 atque
2585 3591 2825 3646 essentia
2858 3589 3096 3646 Verbum
3134 3601 3281 3647 esset
3326 3608 3414 3649 res
3465 3607 3595 3665 pro-

2005 3692 2209 3751 creata,
2243 3693 2297 3738 et
2330 3684 2475 3738 inter
2512 3698 2630 3737 rem
2700 3692 3045 3753 procreatam
3092 3694 3148 3739 et
3202 3683 3403 3740 Filium
3451 3684 3590 3740 nihil

2008 3772 2330 3839 interesset,
2357 3789 2471 3828 non
2501 3770 2805 3829 addidisset
2832 3772 2962 3828 illud
3001 3784 3017 3827 :
3068 3773 3246 3843 Gignit
3281 3791 3401 3842 me;
3421 3776 3517 3831 sed
3539 3784 3588 3830 et

2007 3861 2205 3917 fuisset
2255 3862 2392 3918 satis
2413 3862 2622 3918 dixisse
2657 3877 2672 3916 :
2704 3862 2915 3919 Creavit
2980 3879 3082 3919 me.
3137 3854 3449 3934 Siquidem'
3472 3867 3595 3922 ham

2009 3968 2114 4010 vox
2182 3954 2349 4010 etiam
2430 3954 2686 4026 gignendi
2744 3953 3204 4025 signiﬁcationem
3252 3957 3591 4014 contineret.

2008 4047 2169 4103 Nunc
2186 4053 2366 4102 autem
2386 4062 2509 4101 cum
2534 4046 2734 4102 dixerit
2765 4062 2779 4100 :
2809 4047 3020 4102 Creavit
3048 4063 3128 4101 me
3150 4047 3362 4103 initium
3384 4051 3595 4105 uiarum

2012 4157 2237 4197 suarum
2276 4141 2348 4195 ad
2390 4157 2549 4213 opera
2569 4159 2689 4207 sua,
2722 4141 2874 4197 addit
2908 4158 2922 4195 :
2961 4136 3139 4213 Gignit
3171 4158 3271 4196 me.
3297 4142 3485 4213 Neque
3538 4144 3594 4198 id

2009 4235 2358 4306 simpliciter.
2383 4236 2479 4290 sed
2505 4230 2572 4290 ad
2602 4234 2951 4289 muniendam
2990 4251 3177 4292 vocem
3206 4232 3353 4290 illam
3377 4252 3393 4291 :
3426 4235 3596 4292 Crea-

2009 4327 2105 4391 vit,
2151 4327 2254 4381 hoc
2293 4326 2460 4381 veluti
2521 4321 2798 4381 vinculum
2839 4324 3165 4382 subnectit:
3204 4328 3339 4383 Ante
3407 4344 3591 4384 omnes

2009 4418 2169 4473 colles
2196 4418 2360 4489 gignit
2387 4434 2488 4473 me.
2537 4417 2652 4473 Hoc
2675 4420 2868 4473 enim:
2912 4415 3093 4490 Gignit
3151 4437 3254 4485 me,
3300 4436 3424 4477 cum
3477 4420 3593 4485 illo.

2011 4511 2217 4570 Creavit
2246 4528 2347 4580 me,
2368 4511 2660 4582 conjuncte
2686 4511 2951 4582 prolatam
2983 4513 3124 4569 hanc
3159 4513 3325 4569 habet
3385 4514 3598 4588 signiﬁ-

2009 4604 2304 4668 cationem,
2326 4613 2384 4660 ut
2419 4616 2473 4660 et
2504 4604 2737 4670 Creavit,
2765 4615 2986 4676 propter
3011 4606 3217 4676 aliquid
3240 4604 3448 4664 dictum
3499 4610 3593 4675 sit,

2010 4707 2068 4754 et
2110 4696 2311 4769 Gignit,
2342 4698 2778 4754 antecedatillud
2811 4714 2826 4753 :
2859 4698 3091 4755 Creavit.
3125 4699 3595 4765 Quemadmodum

327 4781 570 4853 ἔμπαλιν
604 4782 821 4851 εἰρήκει
872 4782 1089 4851 Κύριος
1137 4778 1324 4850 γεννᾷ
1366 4797 1465 4849 με,
1518 4780 1612 4834 καὶ⁵
1642 4779 1902 4850 ἐπέφερε,

329 4876 451 4943 Πρὸ
484 4874 556 4927 δὲ
585 4873 831 4928 πάντων
852 4871 1103 4938 βουνῶν
1125 4871 1333 4926 ἐκτισέ
1358 4888 1457 4942 με,
1497 4872 1719 4935 πάντως
1775 4888 1912 4942 προ-

2013 4790 2161 4844 enim
2187 4790 2231 4845 si
2263 4790 2534 4857 dixisset,
2579 4789 2756 4861 Gigm‘t
2809 4808 2893 4845 me
2928 4807 2946 4845 :
2976 4782 3176 4847 deinde
3221 4792 3544 4862 subjecisset
3578 4811 3591 4847 :

2012 4881 2150 4935 Ante
2189 4898 2366 4936 omnes
2393 4881 2550 4935 colles
2580 4884 2769 4935 creavit
2800 4899 2902 4937 me.
2935 4883 3363 4953 intelligeremus
3412 4886 3595 4953 omni-

326 4970 521 5037 ηγεῖτο
547 4967 643 5019 τοῦ
671 4965 969 5034 ἐγέννησε
1012 4964 1081 5019 τὸ
1117 4965 1397 5029 ἔκτισεν,
1447 4962 1620 5027 οὕτως
1665 4963 1895 5034 εἰρηκὼς

2008 4988 2102 5036 no,
2134 4972 2240 5028 hoc
2272 4972 2507 5037 Creavit,
2543 4975 2643 5037 illi,
2683 4973 2885 5044 Gigm't,
2911 4974 3273 5040 antecedere;
3324 4975 3404 5031 sic
3463 4989 3591 5031 cum

278 5052 291 5071 ¹
326 5075 406 5127 πρ
420 5061 552 5110 ἶρτον
574 5057 843 5121 ἔκτισεν.
878 5052 995 5111 εἶτα
1028 5054 1326 5125 ἐπαγαγών
1350 5071 1366 5087 ’
1401 5056 1519 5124 Πρὸ
1560 5054 1629 5110 δὲ
1661 5054 1895 5109 πάντων

2010 5063 2212 5136 dixerit
2263 5065 2436 5132 prius,
2498 5063 2730 5130 Creavit,
2790 5064 2989 5120 deinde
3031 5063 3394 5133 adiunxerit:
3457 5064 3594 5119 Ante

320 5148 578 5215 βουνῶν
607 5148 793 5219 γεννᾷ
819 5166 918 5218 με,
970 5150 1030 5214 ἐξ
1062 5150 1313 5220 ἀνάγκης
1368 5144 1615 5211 δείκνυσι
1643 5145 1895 5217 προηγεῖ-

2011 5171 2187 5208 omnes
2209 5154 2366 5209 colles
2385 5155 2549 5226 gignit
2581 5172 2681 5222 me,
2709 5156 2813 5211 hoc
2834 5156 3032 5227 Gignit,
3064 5157 3139 5211 illi
3197 5155 3406 5211 Creavit
3458 5171 3599 5226 pra:-

328 5239 459 5294 σθαι
477 5240 538 5292 τὸ
564 5242 824 5308 ἐγέννησε
857 5241 950 5295 τοῦ
980 5240 1187 5294 ἔκτισε.
1254 5239 1361 5294 Καὶ
1420 5238 1526 5308 γάρ
1566 5240 1661 5293 καὶ
1690 5238 1864 5307 λέγων
1891 5255 1895 5266 “

2013 5244 2208 5299 cedere
2237 5244 2550 5299 necessario
2578 5245 3006 5309 demonstratur,
3044 5242 3180 5300 Nam
3209 5260 3334 5300 cum
3392 5245 3545 5313 dictu
3576 5262 3592 5300 :

332 5333 455 5399 Πρύ
496 5331 740 5387 πάντων
768 5331 954 5403 γεννᾷ
979 5349 1078 5401 με,
1108 5331 1270 5386 ἄλλον
1303 5329 1445 5385 εἶναι
1480 5331 1675 5385 ἑαυτὸν
1710 5329 1895 5401 σημαί-

2020 5335 2156 5390 Ante
2193 5352 2372 5390 omnes
2398 5337 2563 5407 gignit
2591 5354 2692 5403 me,
2727 5337 3001 5410 signiﬁcat
3027 5352 3087 5393 se
3113 5336 3260 5393 aliud
3291 5352 3413 5393 esse
3428 5352 3596 5408 quam

329 5439 414 5475 νει
439 5424 552 5476 τῶν
580 5426 799 5478 πάντων
825 5442 840 5457 ο
870 5426 1011 5478 Ἀλλ’
1030 5426 1126 5501 ἐπὶ
1144 5425 1247 5496 μὲν
1273 5424 1366 5479 τοῦ
1397 5423 1579 5479 ἔκτισε
1604 5428 1781 5479 κεῖται
1812 5426 1895 5492 dp-

2021 5442 2211 5482 omnes
2245 5427 2373 5482 sint.
2397 5430 2602 5484 Atcum
2623 5429 2757 5485 dicit
2792 5447 2806 5483 :
2837 5428 3051 5484 Creavit
3072 5445 3175 5494 me,
3199 5427 3595 5500 subjicit:lni-

330 5514 458 5583 χὴν
503 5515 681 5579 ὁδῶν,
725 5518 818 5570 ἐπὶ
850 5517 907 5571 δὲ
949 5516 1043 5571 τοῦ
1086 5517 1274 5587 γεννᾷ
1290 5534 1390 5587 με,
1432 5517 1494 5570 οὐ
1522 5519 1703 5571 κεῖτκι
1734 5517 1895 5589 ἀρχὴπ

2020 5522 2152 5572 tium
2174 5520 2382 5573 uiarum
2410 5537 2654 5576 suarum.
2709 5521 2865 5588 Quod
2923 5521 3001 5575 illi
3039 5521 3255 5593 :Gignit
3320 5538 3422 5586 me,
3480 5534 3597 5579 non

331 5608 503 5678 γεννᾷ
559 5624 649 5678 με.
697 5609 834 5663 ἀλλὰ
873 5610 979 5681 πρὸ
1010 5610 1236 5666 πάντων
1287 5612 1453 5682 γεννᾴ
1487 5627 1576 5680 με.
1626 5609 1685 5663 Ὀ
1712 5610 1767 5662 δὲ
1799 5609 1895 5680 arpi

2016 5620 2101 5667 est
2133 5613 2470 5685 adjunctum,
2488 5614 2581 5669 sed
2608 5615 2788 5685 potius
2808 5616 3055 5672 additum
3077 5625 3196 5674 est:
3227 5616 3362 5671 Ante
3392 5628 3594 5672 omnes.

413 5742 432 5774 ¹
472 5741 631 5797 Joan.
666 5759 744 5806 VI,
772 5744 960 5801 38-40.
1067 5750 1088 5781 ³
1125 5746 1285 5804 Joan.
1320 5766 1419 5814 xu,
1450 5751 1536 5804 46.
1616 5753 1634 5781 ³
1660 5749 1817 5805 Jnau.
1884 5766 1895 5803 ι

2001 5767 2037 5822 ι,
2070 5754 2134 5807 57
2236 5755 2256 5786 ⁵
2289 5749 2491 5810 Ηο.ιιι.
2531 5770 2616 5824 ιιι,
2643 5756 2696 5812 8.
2773 5759 2793 5790 ’
2837 5756 3004 5813 llcbr.
3033 5774 3094 5827 ιι,
3133 5758 3217 5812 Η.

657 5840 931 5903 Parrum.
976 5844 1093 5906 (in.
1134 5844 1384 5907 CXXX.
3197 5850 3267 5912 13
