4008 6208
382 330 484 393 395

1615 324 2006 384 EUTHYMII
2046 326 2410 386 ZlGABENI

3530 328 3637 389 396

379 438 534 500 Quod
565 447 747 491 autem
780 447 904 490 ante
939 451 1130 490 omnes
1158 445 1261 499 est,
1290 451 1396 487 non
1453 443 1536 488 est
1580 433 1794 487 initium
1842 447 1963 487 om-

2072 436 2286 489 πάντων
2319 436 2418 500 ὢν,
2452 437 2551 489 οὐκ
2575 434 2722 489 ἔστιν
2751 435 2893 507 ἁρχὴ
2917 436 3026 489 τῶν
3049 435 3284 500 πάντων,
3316 433 3454 488 ἀλλὰ
3470 436 3634 498 ἄλλος

384 531 534 582 nium
567 529 638 582 ita
660 538 721 583 ut
755 544 920 582 llllllm
952 544 1014 582 ex
1054 527 1157 580 illis
1183 525 1272 591 sit,
1326 526 1420 580 Sed
1467 527 1534 579 ab
1575 526 1832 581 omnibus
1873 526 1959 580 di-

386 639 622 677 versum.
645 621 799 687 Quod
833 623 874 674 si
903 621 971 673 ab
999 619 1253 672 omnibus
1272 619 1551 672 diversum
1584 628 1689 684 est,
1721 619 1776 672 in
1835 618 1960 686 qni-

389 717 491 768 bus
544 726 596 767 et
626 713 837 766 initium
899 710 1142 764 omnium
1203 710 1544 779 intelligitur,
1612 710 1957 779 perspicuum

385 818 469 861 est
493 810 559 862 ab
590 806 841 858 omnibus
867 803 1027 856 rebus
1045 802 1342 871 procreatis
1361 803 1635 856 diversum
1658 816 1800 855 esse.
1827 800 1959 855 Sic-

388 910 445 953 ut
483 899 627 952 enim
667 894 912 948 homines
934 894 1025 946 Dei
1060 894 1322 964 Spiritum
1362 895 1714 962 accipientes,
1755 907 1853 964 per
1881 894 1959 963 ip-

387 1006 504 1042 snm
527 988 786 1057 Spiritum
812 985 1058 1038 iiuntlilil
1083 985 1292 1047 Dci,sic
1332 986 1423 1038 Dei
1463 985 1697 1039 Verbum
1739 1000 1956 1038 carnem

389 1080 669 1130 hominum
691 1075 921 1127 inducas
940 1085 992 1126 ct
1010 1074 1182 1126 creari
1202 1083 1254 1126 et
1276 1073 1389 1127 ﬁeri
1412 1074 1631 1127 dicitur.
1655 1074 1710 1126 In
1730 1090 1836 1142 quo
1880 1082 1958 1126 ta-

391 1185 511 1222 men
545 1169 942 1237 primogenitus
971 1183 999 1218 c
1031 1165 1187 1218 nobis
1209 1176 1453 1228 vocatur,
1483 1176 1534 1218 et
1566 1176 1666 1220 est.
1700 1165 1958 1237 Quando-

387 1262 608 1330 quidem
645 1259 900 1312 omnibus
934 1257 1248 1310 hominibus
1283 1267 1506 1325 propter
1533 1235 1740 1309 Adami
1762 1272 1958 1325 pecca»

388 1367 498 1405 tum
531 1351 822 1415 damnatis,
860 1360 913 1402 et
961 1349 1342 1418 pereuntibus,
1377 1363 1502 1400 caro
1551 1347 1720 1414 illius,
1772 1356 1958 1417 utpote

385 1443 545 1496 Verbi
577 1457 774 1508 corpus
811 1440 1023 1503 eliecta,
1057 1439 1230 1508 prima
1262 1454 1327 1492 ex
1358 1438 1614 1492 omnibus
1651 1449 1865 1492 servata
1904 1447 1960 1492 et

386 1535 611 1587 liberata
643 1543 745 1585 est.
783 1530 890 1584 Nos
923 1541 1104 1583 autem
1141 1529 1408 1598 deinceps
1445 1528 1521 1581 uti
1559 1529 1808 1597 corporis
1838 1529 1958 1598 ejus

385 1632 667 1679 consortes
712 1637 1014 1677 scrvamur.
1059 1621 1197 1676 Cum
1257 1620 1346 1674 illo
1375 1635 1611 1688 namque
1647 1635 1876 1688 corpore
1907 1629 1961 1674 et

385 1717 493 1769 dux
529 1723 718 1768 noster
755 1713 1015 1766 Dominus
1049 1712 1101 1763 in
1132 1724 1360 1779 regnum
1392 1709 1655 1763 collorum
1683 1710 1961 1780 ingressus

385 1815 486 1869 est,
514 1814 568 1858 ct
602 1804 666 1858 ad
701 1803 915 1855 Patrem
939 1816 1096 1854 suum
1131 1799 1363 1859 accedit,
1386 1797 1496 1867 Ego
1520 1814 1660 1860 sum,
1693 1798 1961 1867 inquiens,
1996 1774 2038 1829 Β

385 1900 492 1961 via,
527 1905 574 1949 et
603 1895 819 1953 ostium,
848 1903 895 1946 et
923 1908 1016 1961 per
1051 1907 1131 1944 me
1165 1899 1366 1958 oportet
1399 1905 1575 1942 onmes
1603 1891 1839 1943 introire.

829 2073 890 2126 In
924 2074 1162 2126 eamdem
1209 2073 1550 2126 sententiam.

453 2168 722 2235 Quoniam
757 2167 990 2236 perierat
1012 2165 1186 2234 prima
1245 2166 1332 2218 illa
1393 2181 1488 2235 per
1537 2166 1802 2220 Adamum
1859 2167 1964 2232 via,

385 2278 486 2317 nec
513 2260 746 2330 amplius
775 2259 827 2312 in
849 2246 1163 2328 paradisum
1183 2258 1562 2321 tendebamus,
1591 2258 1684 2312 sed
1711 2259 1778 2313 ad
1815 2273 1965 2312 mor-

384 2368 490 2411 tem
524 2352 944 2413 deﬂcxeramus,
983 2349 1470 2420 audieramusque,
1527 2354 1685 2404 Terra
1718 2366 1794 2414 es,
1837 2363 1882 2405 et
1913 2353 1966 2403 in

385 2463 579 2504 terram
643 2444 914 2500 reret-teris
955 2444 1012 2509 ¹;
1081 2441 1287 2497 idcirco
1336 2443 1825 2498 clementissimum
1872 2442 1965 2497 Dei

382 2541 637 2602 Verbum,
673 2536 892 2592 volente
917 2534 1096 2598 Patre,
1131 2543 1372 2588 creatam
1405 2549 1630 2588 carnem
1661 2534 1872 2599 induit,
1909 2543 1967 2589 ut

381 2647 542 2701 quam
578 2629 787 2700 primus
820 2627 1005 2689 homo,
1051 2625 1252 2679 violata
1299 2625 1436 2702 lege,
1475 2638 1652 2680 morte
1691 2625 1964 2692 affecerat,

381 2722 602 2784 eidem,
666 2717 749 2771 sui
815 2716 1066 2785 corporis
1131 2715 1420 2784 sanguine,
1483 2715 1646 2769 vitam
1716 2716 1969 2770 redderet

381 2813 631 2879 nobisque
652 2811 792 2862 viam
827 2823 1008 2861 novam
1041 2819 1086 2860 et
1125 2808 1374 2862 riventem
1403 2824 1496 2878 per
1525 2809 1781 2872 velamen,
1804 2817 1863 2862 ut
1892 2809 1968 2862 ait

382 2908 675 2978 Apostolus
704 2907 746 2969 ',
798 2907 850 2960 id
901 2913 983 2960 est
1042 2920 1138 2975 per
1187 2917 1408 2957 carnem
1450 2916 1626 2964 suam,
1661 2900 1964 2954 innovarct.

383 3000 535 3066 Quod
591 2999 730 3052 idem
793 2997 917 3050 alibi
976 2997 1061 3050 his
1105 2995 1282 3049 verbis
1314 2994 1582 3064 signiﬁcat
1619 3011 1632 3044 :
1685 2991 1744 3048 Si
1777 3010 1880 3063 qua
1911 2995 1964 3046 in

388 3094 596 3148 Christo
615 3109 746 3146 nova
779 3100 1046 3154 creatura,
1067 3099 1240 3142 vetera
1264 3089 1608 3150 transierunt,
1642 3103 1756 3140 erce
1790 3089 1964 3140 omnia
1995 3099 2040 3161 ε

386 3199 516 3235 nova
544 3182 686 3250 facta
709 3188 828 3232 sunt
874 3179 913 3231 ³.
955 3177 1010 3231 Si
1045 3191 1207 3247 porro
1238 3192 1376 3229 nova
1406 3185 1654 3230 creatura
1686 3175 1825 3230 facta
1858 3186 1960 3239 cst,

388 3289 522 3327 sane
566 3273 711 3326 inter
741 3286 911 3324 novas
954 3270 1052 3323 has
1095 3284 1182 3323 res
1212 3277 1426 3323 creatas
1463 3267 1699 3337 primum
1733 3267 1964 3337 aliquem

387 3380 510 3418 esse
562 3362 807 3432 oportuit
861 3376 876 3412 :
929 3357 1080 3428 atqui
1139 3373 1322 3411 merus
1380 3357 1543 3409 hemo
1590 3356 1968 3409 tantummodo

385 3456 684 3516 terrestris,
720 3453 907 3522 quales
936 3467 1036 3505 nos
1069 3459 1190 3519 post
1218 3448 1479 3502 violatam
1507 3449 1680 3516 legem
1721 3447 1846 3500 facti
1878 3462 1969 3498 su-

393 3565 541 3614 mus,
595 3549 639 3602 is
667 3560 785 3600 esse
815 3560 925 3598 non
957 3551 1190 3611 poterat.
1245 3540 1488 3608 Namque
1520 3539 1573 3591 in
1608 3539 1780 3607 prima
1816 3552 1968 3590 crea-

389 3643 537 3695 tione
571 3637 814 3692 inﬁdeles
846 3634 972 3687 l‘aeti
1002 3643 1130 3687 sunt
1169 3631 1439 3692 homines,
1469 3645 1532 3682 ac
1569 3644 1665 3697 per
1694 3643 1789 3681 eos
1815 3627 1966 3695 prior

389 3733 474 3786 via
529 3729 712 3801 periit.
777 3725 895 3780 Alio
954 3725 1118 3794 igitur
1164 3737 1303 3792 opus
1361 3720 1599 3788 eratqui
1641 3729 1696 3774 et
1737 3718 1968 3788 primam

394 3833 703 3887 renovaret,
751 3832 805 3878 et
838 3835 1032 3876 novam
1090 3819 1284 3872 factam
1344 3821 1723 3870 conservaret.
1780 3813 1970 3881 Itaque

400 3935 512 3974 non
563 3915 759 3985 aliquis
831 3913 991 3977 alius,
1050 3911 1145 3964 sed
1219 3908 1482 3961 Dominus
1535 3905 1670 3958 mira
1731 3903 1974 3972 benigni-

397 4022 509 4066 tate
575 4007 907 4079 principium
991 4019 1145 4058 nova:
1229 4011 1494 4054 creatura:
1568 4007 1783 4050 creatur
1842 3996 1968 4060 via;

399 4103 542 4156 unde
588 4101 714 4169 jure
747 4098 944 4151 merito
974 4095 1086 4149 ait:
1134 4092 1391 4146 Dominus
1423 4088 1615 4141 creavit
1646 4103 1725 4139 me
1775 4087 1974 4154 princi»

397 4193 544 4261 pium
594 4191 802 4242 viarum
847 4201 1065 4238 suarum
1121 4184 1170 4234 in
1204 4197 1361 4246 opera
1417 4195 1510 4231 sua
1535 4177 1576 4240 ⁸,
1611 4185 1671 4230 ut
1725 4192 1836 4229 non
1862 4177 1972 4242 jam

404 4280 703 4335 secundum
747 4277 982 4346 priorem
1026 4274 1170 4326 illam
1217 4273 1364 4323 vivat
1399 4269 1583 4327 homo,
1610 4266 1703 4320 sed
1749 4275 1807 4317 ut
1834 4265 1975 4318 exsi-

405 4372 718 4440 stcntejam
753 4367 1022 4439 principio
1055 4379 1210 4419 nova:
1260 4371 1547 4423 creatum,
1591 4357 1974 4424 Christumque

403 4468 520 4536 ejus
551 4464 758 4516 viarum
805 4457 1134 4530 principium
1169 4455 1454 4516 habentes,
1499 4453 1676 4519 ipsum
1717 4449 1976 4516 deinceps
2011 4431 2053 4486 ί)
2079 4425 2297 4528 θρωπΟεῖ

405 4571 699 4628 sequamur
726 4552 994 4608 dicentem
1030 4567 1042 4601 :
1084 4546 1193 4615 Ego
1225 4561 1340 4598 sum
1371 4543 1452 4596 via
1482 4543 1527 4596 ⁵.
1550 4541 1606 4595 ld
1640 4542 1755 4610 ipse
1782 4540 1979 4593 beatus

404 4642 940 4716 docctApostolus-in
963 4637 1204 4709 Epistola
1241 4636 1305 4689 ad
1339 4633 1714 4695 Colossenses,
1746 4631 1934 4684 dicens
1961 4644 1976 4685 :

403 4743 523 4810 Ipse
575 4746 648 4791 es:
721 4743 879 4803 caput
935 4729 1166 4798 corporis
1226 4724 1490 4787 Ecclesiw,
1542 4723 1632 4790 qui
1684 4727 1758 4772 est
1823 4719 1978 4787 prin-

408 4809 625 4903 cipium,
688 4825 1067 4895 primogenitus
1112 4836 1175 4873 ex
1211 4818 1457 4878 mortuis,
1491 4824 1546 4867 ut
1577 4815 1644 4866 sit
1670 4815 1722 4864 in
1744 4809 1981 4865 omnibus

403 4926 513 4995 ipse
528 4923 817 4997 primatum:
835 4929 1008 4969 tenens
1025 4911 1208 4966 “.Cum
1229 4910 1372 4964 enim
1395 4908 1641 4960 Salvator
1655 4904 1756 4957 hac
1773 4903 1983 4956 ratione

409 4991 712 5070 secundum
746 4991 969 5063 carnem
1028 5014 1248 5058 creatus
1306 5000 1398 5062 sit,
1432 5008 1734 5063 eorumque
1763 4991 1852 5061 qui
1895 5005 1984 5044 re-

409 5113 663 5161 creantur
695 5103 872 5156 factus
918 5096 1086 5152 fuerit
1128 5092 1478 5163 principium,
1511 5103 1576 5142 ac
1604 5095 1855 5140 nostrum
1889 5081 1985 5134 ha—

407 5201 531 5252 beat
580 5194 873 5266 primitias,
930 5191 1223 5243 humanam
1280 5182 1486 5237 scilicet
1547 5191 1767 5233 carnem
1822 5189 1983 5243 quam

406 5285 697 5356 assumpsit
725 5301 740 5351 ;
770 5281 1164 5337 convenienter
1185 5283 1306 5345 post
1329 5275 1504 5342 ipsum
1525 5271 1742 5323 futurus
1764 5275 1978 5321 creatur

406 5379 658 5449 populus,
688 5377 754 5430 de
785 5387 893 5444 quo
923 5373 996 5425 ait
1019 5368 1189 5423 David
1227 5383 1240 5420 :
1277 5364 1587 5419 Scribuntur
1616 5362 1724 5415 licet:
1749 5361 1799 5412 in
1824 5374 1980 5428 gene-

410 5474 668 5525 rationem
686 5469 934 5532 alteram,
966 5475 1012 5518 et
1045 5461 1265 5533 papulas
1301 5460 1390 5530 qui
1424 5456 1711 5516 creabitur,
1738 5451 1978 5506 laudabit

409 5561 690 5616 Dominum
722 5561 779 5627 7;
838 5568 892 5613 et
947 5571 1139 5612 rursus
1190 5553 1403 5624 psalmo
1451 5549 1713 5604 vicesimo
1779 5545 1978 5615 primo,

473 5719 487 5746 ¹
531 5719 727 5766 lienes.
761 5729 843 5774 ιιι,
877 5710 961 5763 19.
1040 5712 1059 5741 ⁸
1101 5709 1264 5763 Hebr.
1325 5725 1374 5771 Χ,
1410 5707 1499 5759 20.

410 5787 430 5818 '
468 5783 613 5838 Psal.
644 5796 715 5842 CI,
750 5781 836 5832 19.

1581 5701 1670 5755 ³11
1710 5700 1836 5756 Cor.
1874 5699 2037 5764 ν,17.

2062 530 2179 582 ἐστὶ
2197 529 2304 582 τῶν
2337 531 2652 583 πάντωνᾚί
2681 529 2735 581 δὲ
2760 529 2917 592 ἄλλος
2944 531 3057 582 ἐστὶ
3078 530 3183 583 τῶν
3211 531 3445 594 πάντων,
3471 531 3529 582 ὲν
3549 524 3635 593 οἷς

2061 624 2148 675 καὶ
2176 623 2206 683 ἠ
2228 623 2368 692 ἁρχὴ
2391 623 2499 674 τῶν
2528 625 2746 675 πάντων
2771 623 3122 690 σημαίνεται,
3151 621 3328 692 δῆλον,
3360 623 3442 675 ὅτι
3468 621 3632 683 ἄλλος

2063 714 2181 765 ἐστὶ
2215 714 2321 764 τῶν
2361 715 2699 780 κτισμάτων.
2729 713 2936 784 Ὠσπερ
2965 714 3076 784 γὰρ
3103 717 3147 766 οἱ
3182 714 3464 783 ἄνθρωποι
3489 713 3634 780 λαμ-

2062 806 2320 868 6ἀνοντες
2349 806 2408 858 τὸ
2445 806 2668 875 Πνεῦμα
2704 804 2801 858 τοῦ
2830 806 2966 859 Θεοῦ
2999 807 3240 874 γίνονται
3270 805 3440 859 τέκνα
3491 805 3633 858 Θεοῦ

2061 899 2127 950 δι’
2161 899 2382 962 ἑαυτοῦ,
2417 897 2592 961 οὕτως
2617 899 2646 948 ὁ
2679 898 2851 966 Λόγος
2888 899 2980 950 τοῦ
3007 897 3166 961 Θεοῦ,
3223 899 3310 950 ὅτε
3344 899 3440 950 καὶ
3463 898 3631 960 αὐτὸς

2064 990 2348 1043 ἐνεδύσατο
2373 990 2477 1043 τῶν
2503 990 2807 1060 ἀνθρώπων
2836 992 2932 1060 τὴν
2974 990 3175 1059 σάρκα,
3231 991 3351 1041 τότε
3403 989 3634 1058 λέγεται

2062 1084 2152 1136 καὶ
2184 1085 2491 1150 κτίζεσθαι,
2535 1085 2629 1138 καὶ
2657 1086 3010 1156 πεποιῆσθαι.
3055 1085 3217 1148 Ἀλλὰ
3242 1086 3336 1138 καὶ
3361 1088 3420 1137 ἐν
3457 1084 3637 1154 τούτῳ

2064 1179 2410 1246 πρωτότοκος
2441 1179 2679 1245 λέγεται,
2702 1180 2796 1230 καὶ
2819 1178 2964 1232 ἔστιν
2991 1179 3167 1248 ἡμῶν,
3193 1179 3384 1247 ἐπειδὴ
3412 1178 3637 1230 πάντων

2061 1273 2170 1324 τῶν
2201 1271 2506 1342 ἀνθρώπων
2559 1271 2952 1340 ἀπολλυμένων
2999 1271 3141 1323 κατὰ
3170 1270 3266 1340 τὴν
3317 1269 3637 1340 παράϐασιν

2060 1365 2154 1418 τοῦ
2191 1366 2383 1434 Ἀδὰμ,
2439 1363 2632 1435 πρώτη
2665 1364 2774 1418 τῶν
2809 1363 2982 1418 ἄλλων
3021 1363 3221 1432 ἐσώθη,
3284 1362 3378 1415 καὶ
3411 1361 3640 1432 ὴλευθε·

2065 1458 2214 1530 ρώθη
2247 1458 2279 1528 ἡ
2311 1457 2520 1510 ἐκείνου
2586 1456 2746 1528 σὰρξ,
2793 1457 2868 1520 ὡς
2929 1455 3096 1508 αὑτοῦ
3133 1454 3228 1507 τοῦ
3258 1455 3436 1523 Λόγου
3470 1453 3639 1522 σῶμα

2063 1551 2380 1620 γενομένου.
2438 1549 2550 1602 Καὶ
2589 1549 2772 1602 λοιποὶ
2827 1552 2989 1620 ἡμεῖς
3022 1549 3097 1612 ὼς
3124 1548 3404 1615 σύσσωμοι
3428 1545 3638 1613 τυγχα-

2064 1659 2248 1705 νοντες
2279 1642 2400 1707 κατ’
2421 1643 2631 1694 ἐκεῖνον
2660 1640 2974 1710 σωζόμεθα.
2993 1642 3082 1695 Ἐν
3117 1641 3312 1710 ἐκείνῳ
3329 1639 3436 1709 γὰρ
3468 1639 3634 1709 ἡμῶν

2065 1735 2159 1787 καὶ
2188 1734 2378 1802 ὀδηγὸς
2409 1735 2437 1785 ὁ
2456 1733 2657 1802 Κύριος
2689 1734 2768 1794 είς
2795 1730 2898 1803 τὴν
2931 1732 3212 1800 βασιλείαν
3243 1731 3350 1784 τῶν
3365 1729 3638 1799 οὐρανῶν,

2069 1826 2326 1896 καὶπρὸς
2356 1825 2449 1877 τὸν
2480 1825 2676 1878 ἑαυτοῦ
2709 1824 2930 1895 Πατέρα
2961 1825 3193 1892 γίνεται,
3227 1823 3402 1891 λέγων
3429 1839 3445 1856 ο
3486 1821 3640 1891 Ἐγώ

2068 1918 2185 1986 ειμι
2209 1917 2245 1984 ἢ
2275 1916 2434 1983 όδθς,
2483 1917 2579 1970 καί
2617 1917 2789 1986 θύρα,
2814 1915 2911 1971 καὶ
2959 1916 3035 1969 δι’
3080 1915 3227 1986 ἐμοῦ
3274 1913 3369 1969 δεῖ
3402 1911 3639 1979 πάντας

2067 2005 2387 2062 εἰσελθεῖν.

2553 2103 2655 2167 Είς
2677 2100 2746 2154 τὸ
2765 2101 2913 2154 αὐτὸ
2929 2101 3138 2169 ῥητόν.

2151 2196 2482 2266 Ἐπειδήπερ
2511 2196 2542 2265 ὴ
2581 2195 2770 2265 πρώτη
2821 2194 2993 2263 ὁδὸςή
3029 2193 3118 2246 διὰ
3146 2193 3238 2247 τοῦ
3274 2193 3445 2263 Ἀδὰμ
3479 2191 3638 2245 ἀπώ-

2069 2289 2209 2351 λετο,
2249 2290 2343 2340 καὶ
2377 2289 2499 2342 ἀντὶ
2527 2288 2620 2341 τοῦ
2681 2286 3012 2357 παραδείσου
3049 2285 3405 2354 ὲξεκλίναμεν
3438 2288 3518 2348 είς
3542 2287 3637 2338 τὸν

2069 2383 2319 2443 θάνατον,
2349 2379 2665 2450 ἠκούσαμέν
2693 2397 2774 2441 τε,
2795 2378 2883 2446 Γῆ
2912 2379 2984 2441 εἴ,
3013 2380 3108 2432 καί
3129 2381 3216 2444 είς
3238 2378 3354 2448 γῆν
3373 2379 3636 2432 damo-

2068 2489 2171 2542 σῃ,
2203 2473 2292 2526 διὰ
2321 2473 2480 2524 τοῦτο
2507 2473 2533 2524 ὁ
2561 2471 2946 2541 φιλάνθρωπος
2991 2470 3084 2523 τοῦ
3117 2470 3252 2522 Θεοῦ
3296 2470 3467 2537 Λόγος
3506 2469 3636 2537 βου-

2068 2567 2222 2636 λήσει
2277 2566 2372 2618 τοῦ
2440 2565 2652 2635 Πατρὸς
2724 2565 3094 2617 ὲνδιδύσκεται
3154 2564 3248 2632 τὴν
3316 2562 3634 2614 κτισθεῖσ;ν

2071 2661 2269 2729 σάρκα,
2311 2659 2394 2710 ἵνα
2426 2660 2491 2727 ἣν
2515 2659 2816 2726 ἐνέκρωσεν
2861 2659 2889 2708 ὁ
2947 2656 3188 2717 τοιοῦτος
3233 2654 3517 2723 ἄνθρωπος
3545 2653 3638 2704 διὰ

2067 2753 2166 2823 τῆς
2199 2752 2590 2820 παραϐάσεως.
2627 2749 2830 2819 ταύτην
2861 2750 3026 2812 αὐτὸς
3057 2752 3114 2801 ὲν
3141 2748 3217 2817 τῷ
3282 2749 3475 2815 αἵματι
3539 2743 3636 2796 τοῦ

2072 2848 2205 2900 ίδίου
2231 2845 2482 2914 σώματος
2513 2844 2846 2914 ζωοποιήσῃ,
2875 2845 2968 2895 καὶ
3022 2844 3309 2913 ἐγκαινίσῃ
3347 2841 3480 2910 ἡμῖν
3508 2837 3636 2891 ὁδὸν

2072 2939 2384 3012 πρόσφατον
2406 2936 2502 2989 καὶ
2534 2934 2736 2999 ζῶσαν,
2766 2935 2842 2996 ὡς
2871 2935 3095 3005 εἴρηκεν
3117 2936 3144 2986 ὁ
3181 2931 3519 2994 Ἀπόστολος,
3540 2928 3634 2981 διὰ

2069 3033 2163 3086 τοῦ
2193 3029 2712 3098 καταπετάσματος,
2747 3026 2993 3079 τουτέστι
3031 3024 3118 3077 διὰ
3162 3025 3262 3094 τῆς
3300 3023 3496 3093 σαρκὸς
3527 3023 3637 3075 αὖ·

2072 3126 2187 3191 τοῦ,
2215 3127 2354 3196 ὅπερ
2383 3126 2474 3176 καὶ
2499 3124 2556 3174 ἐν
2588 3121 2760 3189 ἑτέρῳ
2785 3118 3064 3188 σημαίνων
3079 3117 3264 3186 φησιν,
3292 3116 3451 3167 Ὥστε
3481 3114 3641 3176 εῑτες

2069 3222 2125 3271 ἐν
2147 3216 2366 3288 Χριστῷ
2402 3214 2562 3284 καινὴ
2593 3214 2790 3274 κτίσις,
2840 3210 2909 3264 τὰ
2937 3211 3136 3280 ἀρχαῖα
3193 3204 3487 3280 παρῆλθεν,
3525 3205 3643 3258 ίδοίι

2069 3315 2263 3381 γέγονε
2299 3311 2367 3363 τὰ
2403 3310 2582 3361 πάντα
2637 3304 2821 3359 καινά.
2866 3305 2929 3356 Et
2963 3303 3019 3354 δὲ
3047 3301 3205 3370 καινὴ
3271 3299 3447 3359 κτίσις
3480 3295 3650 3364 γέγο-

2069 3421 2180 3466 νεν,
2224 3402 2334 3456 ἔδει
2369 3399 2576 3470 ταύτης
2607 3399 2703 3468 τῆς
2735 3397 2964 3458 κτίσεως
2993 3392 3213 3464 πρῶτόν
3279 3407 3399 3444 τινα
3467 3382 3643 3442 εἷναι.

2076 3492 2395 3563 Ἀνθρωπος
2425 3487 2524 3558 μὲν
2575 3484 2670 3540 οὖν
2729 3485 2886 3555 ψιλὸς
2942 3483 3035 3536 καὶ
3100 3483 3260 3552 μόνον
3294 3478 3493 3550 χοῖκδς,
3535 3472 3646 3530 οἷοι

2073 3584 2376 3654 γεγόναμεν
2411 3582 2573 3651 ἡμεῖς
2607 3580 2674 3632 ἐκ
2717 3577 2817 3646 τῆς
2839 3574 3229 3645 παραϐάσεως,
3265 3571 3366 3623 οὒκ
3398 3569 3644 3640 ἠδύνατο

2073 3674 2233 3732 εἶναι.
2270 3676 2378 3730 Καὶ
2403 3675 2511 3743 γὰρ
2552 3675 2610 3726 ἐν
2639 3674 2704 3742 τῇ
2738 3673 2931 3740 πρώτῃ
2956 3669 3130 3721 κτίσει
3161 3668 3381 3719 ἄπιστοι
3403 3661 3647 3730 γεγόνα-

2075 3790 2159 3824 σιν
2185 3773 2232 3824 οί
2256 3770 2554 3838 ἄνθρωποι,
2602 3765 2698 3817 καὶ
2740 3765 2808 3816 δι’
2867 3759 3044 3814 αὐτῶν
3082 3757 3330 3814 ἀπώλετο
3370 3758 3403 3826 ἡ
3431 3756 3635 3825 πρώτη

2072 3869 2104 3937 ἡ
2139 3866 2278 3927 ὁδός.
2315 3862 2489 3931 Χρεία
2522 3860 2578 3913 δὲ
2640 3854 2710 3928 ἦν
2769 3855 2932 3910 ἄλλου
3000 3849 3093 3906 τοῦ
3127 3849 3482 3910 ἁνανεοῦντος
3523 3847 3630 3915 τὴν

2077 3959 2327 4029 πρώτην,
2369 3956 2462 4008 καὶ
2513 3952 2614 4020 τὴν
2649 3948 2841 4016 καινὴν
2897 3945 3194 4015 γενομένην
3237 3937 3646 4010 διατη-ροῦντος.

2076 4049 2285 4105 Οὐκοῦν
2359 4047 2462 4113 οὐχ
2527 4042 2714 4112 ἕτερός
2773 4057 2899 4102 τις,
2963 4035 3076 4091 ἀλλ’
3142 4037 3171 4087 ὁ
3230 4032 3434 4102 Κύριος
3489 4029 3644 4098 ἀρχὴ

2075 4145 2173 4214 τῆς
2214 4139 2409 4207 καινῆς
2456 4137 2684 4196 κτίσεως
2747 4133 3013 4196 κτίζεται,
3061 4131 3155 4181 καὶ
3203 4127 3340 4188 ὁδός.
3400 4123 3506 4175 Καὶ
3561 4124 3648 4172 εἱ-

2076 4211 2253 4297 κοτως
2303 4233 2506 4299 λέγει·
2563 4230 2778 4295 Κύριος
2840 4222 3045 4277 ἔκτισέ
3094 4237 3172 4290 με
3231 4216 3428 4286 ἀρχὴν
3485 4211 3653 4268 ὁδῶν

2075 4329 2284 4391 αὑτοῦ,
2336 4329 2423 4379 ῖνσ.
2453 4324 2706 4394 μὴκατὰ
2758 4319 2854 4387 τὴν
2915 4315 3137 4387 πρώτην
3198 4313 3415 4379 ἐκείνην
3469 4311 3498 4361 ὁ
3551 4308 3655 4360 ἁν-

2354 4415 2725 4484 πολιτεύηται,
2780 4411 2895 4464 ἀλλ’
2943 4409 3020 4471 ὡς
3065 4409 3242 4476 ἀρχῆς
3299 4402 3464 4469 οὔσης
3519 4415 3651 4453 και-

2079 4515 2178 4585 νῆς
2231 4513 2487 4572 κτίσεως.
2563 4508 2672 4562 Καὶ
2737 4505 2830 4556 τὶν
2895 4500 3132 4570 Χριστὸν
3191 4498 3405 4566 ἔχοντες
3471 4493 3658 4561 ἀρχὴν

2081 4583 2235 4672 ὁδῶν,
2285 4605 2460 4674 τούτῳ
2510 4601 2698 4654 λοιπον
2743 4594 3145 4662 ἁκολουθοῦμεν
3191 4591 3404 4658 λέγοντι
3438 4603 3452 4617 ·
3507 4583 3657 4650 Ἐγὼ

2082 4705 2194 4773 είμι
2239 4702 2273 4770 ἡ
2313 4699 2446 4760 ὁδός.
2483 4693 2653 4748 Τοῦτο
2683 4690 2790 4760 γὰρ
2831 4691 2926 4741 καὶ
2961 4687 2989 4736 ὁ
3020 4684 3291 4755 μακάριος
3327 4677 3658 4738 Ἀπόστολος

2082 4768 2345 4848 διδάσκων
2399 4792 2457 4841 ἐν
2510 4787 2574 4853 τῇ
2624 4783 2756 4854 πρὸς
2810 4777 3140 4837 Κολοσσαεῖς
3190 4772 3371 4840 ἔλεγεν
3407 4786 3422 4801 ο
3457 4768 3660 4832 Αὐτός

2081 4889 2251 4941 ἐστιν
2277 4885 2310 4950 ἠ
2340 4878 2574 4948 κεφαλὴ
2599 4876 2704 4930 τοῦ
2731 4873 3002 4940 σώματος
3026 4865 3134 4935 τῆς
3166 4863 3560 4928 Ἑκκλησιάς,
3587 4860 3662 4925 ὅς

2083 4983 2253 5035 ἐστιν
2285 4976 2442 5044 ἀρχὴ
2478 4971 2846 5040 πρωτότοκος
2875 4967 2942 5018 ἐκ
2976 4964 3096 5016 τῶν
3125 4958 3374 5028 νεκρῶν,
3409 4958 3508 5009 ἵνα
3547 4954 3662 5021 τέ-

2082 5088 2259 5142 νητίιι
2288 5070 2356 5122 ἐν
2387 5067 2576 5122 πᾶσιν
2603 5062 2781 5124 αὐτὸς
2816 5057 3151 5126 πρωτεύων.
3191 5051 3295 5103 Τοῦ
3331 5049 3439 5118 γὰρ
3469 5045 3660 5112 Σωτῆ-

2086 5139 2178 5236 ρος
2227 5162 2370 5216 οὓτω
2422 5158 2563 5212 κατὰ
2615 5155 2793 5224 σάρκα
2834 5149 3169 5210 κτισθέντος,
3219 5145 3314 5196 καὶ
3354 5139 3528 5210 ἀρχῆς
3565 5155 3664 5205 γε·

2091 5233 2320 5328 νομένου
2363 5254 2470 5307 τῶν
2505 5245 2962 5314 ἀνάκτιζομένων,
3000 5242 3096 5294 καὶ
3126 5239 3340 5307 ἔχοντος
3377 5234 3534 5304 ἡμῶν
3561 5233 3666 5301 τῆν

2089 5325 2364 5417 ἀπαρχὴν,
2409 5344 2474 5414 ἣν
2521 5337 2852 5412 προσέλαϐεν
2897 5332 3240 5403 ἀνθρωπίνην
3281 5327 3490 5395 σάρκα,
3528 5325 3666 5375 ακο-

2088 5441 2292 5502 λούοως
2343 5436 2461 5507 μετ’
2513 5434 2695 5497 αὑτὸν,
2752 5429 2846 5483 καὶ
2885 5429 2912 5479 ὁ
2959 5425 3167 5495 μέλλων
3215 5421 3342 5482 λαὸς
3393 5418 3665 5480 κτίζεται,

2089 5537 2337 5604 λέγοντος
2385 5527 2477 5582 τοῦ
2527 5524 2729 5578 Δαὸίδσ
2765 5519 3056 5588 Γραφήτω
3108 5515 3258 5580 αὕτη
3310 5515 3396 5576 είς
3446 5508 3666 5580 γενεὰν

3185 5677 3204 5707 ⁸
3236 5675 3445 5730 Coloss.
3495 5685 3536 5736 ι,
3568 5668 3659 5721 18.

2115 5700 2135 5730 ⁵
2171 5697 2325 5749 Prov.
2359 5707 2478 5752 vni,
2501 5687 2591 5740 ‘22.
2669 5686 2688 5715 ⁸
2720 5683 2882 5738 Joan.
2917 5697 3022 5742 xw,
3050 5679 3102 5732 6.
