4094 6204
311 368 413 433 307

1276 382 1651 444 PANOPLIA
1688 386 2146 452 DUGMATICA.
2178 417 2245 429 -
2285 394 2434 457 ΤΙΤ.
2469 398 2578 458 XI.

3449 416 3553 476 398

308 484 555 555 ἑτέραν,
594 486 693 540 καί
726 486 876 553 λαός
910 490 944 543 ό
984 488 1323 561 κτιζόμενος
1357 496 1584 552 αίνέσει
1623 498 1730 552 τὸν
1764 501 1879 554 Κύ-

2000 504 2392 561 lnnuntiabitur
2426 509 2646 564 Domino
2674 515 2941 583 generatio
2981 528 3225 584 ventura,
3257 531 3306 573 et
3343 539 3557 579 annun-

297 593 456 646 ριον.
520 578 630 630 Καὶ
661 578 827 633 πάλιν
855 582 915 635 ιν
966 582 1045 653 τῷ
1067 590 1151 637 κα¹
1203 584 1405 658 ψαλμῷ
1425 626 1440 651 ,
1474 591 1890 663 ,Ἀναγγελήσεο

304 684 395 721 ται
431 668 511 737 τῷ
542 669 734 740 Κυρίῳ
771 672 936 740 γενεὰ
974 672 1011 743 ἡ
1044 674 1352 748 ἐρχομένη,
1392 679 1487 732 καὶ
1523 680 1887 749 ἀναγγελοῦσι

306 757 408 829 τὴν
465 759 820 832 δικαιοσύνην
868 765 1035 819 αὐτοῦ
1082 767 1198 836 λαῷ
1246 770 1324 838 τῷ
1375 772 1784 844 τεχθησομένῳ,
1829 776 1889 828 ὃν

307 850 563 920 ἐποίησεν
594 853 624 904 6
658 853 883 921 Κύριος.
909 857 1027 910 Οὐκ
1057 857 1136 911 ἔτι
1174 859 1283 933 γὰρ
1301 862 1645 932 ἀκουσόμεθα
1671 880 1691 898 ο
1728 860 1810 937 ⁷ῌ
1835 866 1891 919 δ’

310 945 386 997 ἂν
429 948 621 1015 ἡμέρᾳ
658 949 936 1019 φάγησθε
978 953 1082 1007 ἀπ’
1128 956 1338 1023 αὑτοῦ,
1385 960 1618 1029 θανάτῳ
1667 963 1892 1018 ἀποθα-

307 1036 511 1091 νεῖσθε
539 1055 554 1069 ·
592 1040 710 1091 ἀλλ’
739 1042 931 1095 Ὅπου
971 1044 1087 1112 ειμι
1121 1046 1239 1116 ἐγὼ
1260 1086 1275 1110 ,
1313 1051 1411 1103 καὶ
1445 1051 1616 1119 ὑμεῖς
1648 1054 1887 1109 ἔσεσθε.

313 1127 478 1180 Ὥστε
507 1128 688 1197 λέγειν
714 1131 880 1199 ἡμᾶς,
899 1135 1068 1188 Αὐτοῦ
1092 1139 1200 1209 γάρ
1224 1140 1389 1209 ἔσμεν
1408 1142 1617 1213 ποίημα
1642 1144 1889 1197 κτισθέν-

313 1235 405 1282 τες
437 1219 532 1271 ὑπ’
557 1221 721 1274 αὐτοῦ
749 1222 842 1275 ἐπὶ
862 1222 1047 1294 ἔργοις
1069 1228 1315 1294 ἀγαθοῖς.
1349 1232 1517 1286 Πάλιν
1542 1234 1800 1304 δὲὲπειδὴ
1829 1234 1890 1288 τὸ

318 1308 478 1378 ἔργον
510 1309 605 1362 τοῦ
638 1311 797 1376 Θεοῦ,
831 1315 1109 1372 τουτέστιν
1140 1322 1167 1370 ὀ
1211 1320 1496 1386 ἄνθρωπος
1534 1324 1738 1388 τέλειος
1769 1342 1889 1378 κτι-

316 1402 482 1467 σθεὶς,
518 1402 743 1474 ἐλλιπὴς
774 1405 963 1474 γέγονε
996 1408 1084 1462 διὰ
1117 1410 1216 1480 τῆς
1248 1413 1604 1482 παραϐάσεως
1623 1455 1639 1478 ,
1669 1416 1764 1470 καὶ
1794 1416 1888 1483 γέν

312 1509 437 1559 γονε
493 1497 560 1565 τῇ
614 1495 861 1568 ἁμαρτίᾳ
917 1501 1129 1569 νεκρὸς,
1185 1503 1430 1573 ἀπρεπὲς
1480 1507 1537 1560 δὲ
1589 1503 1657 1577 ἦν
1709 1508 1891 1575 μένειν

311 1585 373 1637 τὸ
403 1585 566 1655 ἔργον
602 1588 696 1640 τοῦ
733 1588 868 1642 Θεοῦ
897 1591 1107 1656 ἀτελὲς,
1140 1593 1221 1646 διὸ
1249 1596 1342 1647 καὶ
1372 1596 1578 1651 ἐδέοντο
1606 1600 1804 1663 πάντες
1838 1601 1889 1653 οἱ

316 1679 465 1745 ἅγιοι
520 1679 651 1749 περὶ
702 1681 894 1735 τούτου
954 1682 1202 1751 λέγοντες
1253 1688 1310 1740 ὲν
1365 1688 1447 1758 τῷ
1508 1689 1614 1758 ρλζ¹
1644 1686 1842 1763 ψαλμῷ
1872 1710 1885 1723 ο

309 1767 509 1835 Κύριε,
542 1770 615 1824 τὰ
641 1770 787 1841 ἔργα
818 1771 937 1827 τῶν
966 1777 1180 1845 χειρῶν
1206 1794 1323 1834 σου
1351 1780 1437 1848 μὴ
1472 1781 1760 1852 παρίδῃς,
1800 1784 1888 1837 διὰ

310 1856 471 1910 τοῦτο
497 1860 525 1912 6
553 1858 758 1923 τέλειος
786 1862 881 1915 τοῦ
919 1863 1055 1918 Θεοῦ
1094 1867 1265 1933 Λόγος
1302 1869 1363 1919 τὸ
1394 1868 1580 1931 ἀτελὲς
1615 1850 1888 1942 περιτίθε-
1921 1850 1963 1906 Β

310 1966 402 2002 ται
439 1950 619 2020 σῶμα,
663 1953 758 2007 καὶ
786 1953 1002 2021 λέγεται
1033 1958 1113 2019 είς
1149 1958 1215 2011 τὰ
1258 1959 1394 2029 ἔργα
1438 1961 1756 2028 κτίζεσθαι,
1802 1964 1891 2017 ἵνα

315 2039 438 2092 ἀνθ’
470 2042 630 2108 ἡμῶν
661 2042 761 2114 τὴν
792 2045 1008 2115 ὀφειλὴν
1036 2047 1265 2111 ἀποδοὺς
1304 2051 1371 2103 τὰ
1400 2050 1655 2107 λείποντα
1689 2055 1767 2123 τῷ
1795 2057 1891 2108 ἀν-

314 2129 524 2199 θρώπῳ
551 2130 620 2182 δι’
650 2132 845 2185 ἑαυτοῦ
876 2133 1137 2206 τελειώσῃ
1158 2175 1172 2199 ,
1213 2136 1393 2191 ἔλειπε
1426 2140 1483 2193 δὲ
1522 2140 1668 2211 αὐτῷ
1699 2143 1732 2213 ἡ
1762 2143 1895 2196 ἀθα-

314 2219 501 2283 νασία,
539 2224 631 2273 καὶ
658 2221 692 2291 ἡ
725 2222 803 2285 είς
834 2218 924 2276 τδν
960 2224 1285 2296 παράδεισον
1311 2227 1445 2290 ὁδός.
1467 2229 1574 2283 Καὶ
1602 2230 1759 2285 τοῦτό
1778 2234 1893 2286 ἐστι

317 2311 377 2361 τδ
419 2312 714 2382 λεγόμενον
764 2313 913 2385 παρὰ
961 2315 1054 2367 τοῦ
1098 2317 1351 2387 Σωτῆρος
1381 2333 1398 2353 ο
1427 2319 1495 2373 Τὸ
1550 2321 1726 2389 ἔργον
1776 2323 1898 2376 ἐτε-

318 2402 551 2456 λείωσα
569 2445 584 2468 ,
614 2402 647 2457 ὃ
680 2401 948 2471 δέδωκάς
970 2424 1072 2476 μοι
1093 2449 1108 2473 ,
1137 2409 1238 2462 ἵνα
1271 2400 1522 2476 ποιήσω.
1557 2413 1665 2465 Καὶ
1698 2415 1857 2467 πάλιν
1876 2432 1891 2446 ·

317 2493 397 2547 Τὰ
425 2494 594 2562 ἔργα,
641 2493 679 2548 ἂ
724 2495 948 2551 δέδωκέ
993 2516 1101 2568 μοι
1136 2502 1169 2553 ό
1210 2502 1434 2568 Πατὴρ,
1465 2503 1568 2555 ἵνα
1602 2503 1903 2558 τελειώσω

317 2585 499 2653 αὐτὰ,
536 2586 725 2641 ταῦτα
754 2588 826 2643 τὰ
853 2588 998 2658 ἔργα
1037 2589 1076 2643 d
1106 2588 1221 2659 ἐγὼ
1252 2593 1420 2658 ποιῶ,
1448 2596 1740 2666 μαρτυρεῖ
1761 2599 1895 2666 περι

316 2676 493 2743 ἐμοῦ.
530 2679 592 2728 ’Δ
629 2677 686 2729 δὲ
717 2678 865 2746 λέγει
901 2678 1137 2734 ἐνταῦθα
1169 2679 1306 2751 ἔργα
1337 2682 1626 2739 δεδωκέναι
1662 2685 1754 2739 τὸν
1783 2688 1898 2740 Πα-

316 2768 453 2836 τέρα
485 2768 568 2831 είς
589 2768 887 2836 τελείωσιν,
909 2770 1084 2825 ταῦτά
1108 2772 1255 2825 ἔστιν
1280 2774 1359 2837 είς
1380 2772 1415 2827 ἃ
1439 2776 1696 2841 κτίζεται,
1727 2777 1902 2847 λέγων

316 2860 378 2910 ἐν
407 2860 534 2920 ταῖς
557 2860 920 2929 Παροιμίαιςο
950 2860 1168 2931 Κύριος
1197 2862 1403 2919 ἕκτισέ
1421 2883 1499 2934 με
1524 2868 1719 2937 ἀρχὴν
1747 2870 1903 2924 ὁδῶν

286 2941 545 3011 ἀύτοῦ,
576 2952 665 3016 είς
691 2951 837 3020 ἔργα
874 2954 1082 3008 αὐτοῦ.
1116 2956 1260 3009 Ἴσον
1291 2958 1397 3027 γάρ
1427 2960 1605 3023 ἐστιν,
1635 2960 1682 3012 εί
1714 2956 1899 3014 εἶπεν·

322 3041 539 3093 Ἔδωκε
574 3059 664 3111 μοι
695 3043 723 3095 6
755 3043 942 3115 Πατὴρ
972 3047 1040 3099 τὰ
1068 3047 1206 3117 ἔργα
1234 3050 1314 3110 είς
1342 3049 1402 3102 τὸ
1429 3049 1734 3105 τελειῶσαι.
1766 3053 1902 3106 Τότε

317 3136 432 3203 γὰρ
470 3134 558 3187 διὰ
587 3135 648 3186 τὸ
689 3136 1022 3208 γεγενῆσθαι
1058 3138 1145 3192 διὰ
1183 3140 1281 3210 τῆς
1321 3140 1682 3212 παραϐάσεως
1736 3144 1900 3216 ἀτελῆ

320 3228 420 3280 καὶ
448 3226 605 3296 χωλὰ
632 3227 700 3280 τὰ
725 3227 883 3297 ἔργα,
914 3230 1129 3297 λέγεται
1159 3232 1507 3299 σωματικῶς,
1537 3234 1618 3288 ὅτι
1636 3234 1898 3302 κτίζεται,

320 3317 415 3371 ἵνα
457 3317 755 3384 τελειώσας
793 3320 965 3386 αὐτὰ,
996 3325 1092 3374 καὶ
1123 3320 1393 3396 ὁλόκληρα
1425 3325 1693 3394 ποιήσας,
1725 3318 1903 3396 napa-

322 3409 508 3481 στήσῃ
538 3409 618 3478 τῷ
653 3410 826 3481 ἰΙατρὶ
855 3412 955 3480 τὴν
1001 3410 1327 3483 Ἐκκλησίαν
1347 3454 1362 3479 ,
1393 3415 1468 3479 ώς
1496 3412 1648 3469 εἶπεν
1671 3418 1700 3470 6
1745 3416 1905 3470 ’Λπό-

321 3501 534 3561 στολος,
562 3498 639 3571 μὴ
660 3499 859 3571 ἔχουσα
875 3503 1081 3570 σπίλον,
1102 3506 1135 3575 ἢ
1163 3505 1349 3576 ῥυτίδα
1372 3507 1405 3577 ἦ
1426 3523 1477 3559 τι
1494 3506 1603 3560 τῶν
1623 3508 1900 3575 τοιούτων,

324 3591 444 3643 ἀλλ’
465 3592 552 3645 ἵνα
574 3587 608 3665 ᾗ
633 3592 762 3660 ἁγία
782 3596 875 3647 καὶ
898 3594 1149 3666 ἄμωμος.
1172 3597 1528 3652 Τετελείωται
1549 3597 1642 3653 οὖν
1662 3602 1718 3654 ἐν
1734 3602 1903 3671 αὐτῷ,

323 3684 419 3737 καὶ
461 3686 886 3758 ἀποκατεστάθη
926 3687 1115 3760 ὥσπερ
1160 3685 1247 3761 ἦν,
1278 3693 1372 3744 καὶ
1414 3692 1556 3744 κατὰ
1593 3692 1692 3763 τὴν
1732 3693 1906 3763 ἀρχὴν

324 3779 556 3845 γεγονὸς
602 3779 664 3831 τὸ
719 3778 1058 3850 ἀνθρώπινον
1098 3782 1273 3848 γένος,
1323 3783 1418 3835 καὶ
1473 3783 1657 3853 μεῖζον
1707 3783 1908 3852 μᾶλλον

329 3872 542 3941 χάριτι.
581 3870 943 3935 ’Δναστάντες
975 3872 1082 3943 γὰρ
1115 3874 1178 3926 ὲκ
1210 3874 1439 3945 νεκρῶν,
1473 3874 1575 3928 οὐκ
1603 3874 1683 3928 ἔτι
1712 3875 1911 3945 φοϐού-

332 3963 474 4031 μεθα
497 3961 743 4019 θάνατον.
772 3961 887 4015 ἀλλ’
913 3964 969 4015 ὲν
990 3960 1209 4033 Χριστῷ
1228 3961 1580 4031 βασιλεύομεν
1603 3962 1691 4016 ἀεὶ
1715 3965 1773 4016 ὲν
1795 3964 1912 4025 τοῖς

324 4056 608 4121 οὐρανοῖς.
633 4055 804 4108 τοῦτο
832 4055 890 4108 δὲ
916 4054 1161 4123 γέγονεν,
1190 4055 1377 4124 ἐπειδὴ
1407 4055 1569 4118 αὐτὸς
1601 4056 1630 4109 6
1654 4055 1747 4109 τοῦ
1772 4055 1907 4109 Θεοῦ

326 4148 502 4214 Λόγος
533 4146 667 4209 ίδιος
696 4148 790 4200 καὶ
815 4149 879 4200 ὲκ
901 4148 995 4201 τοῦ
1028 4147 1239 4218 Πατρὺς
1267 4146 1363 4211 ὢν,
1388 4146 1674 4201 ἐνεδύσατο
1709 4148 1904 4218 σάρκα,

327 4238 422 4289 καὶ
456 4237 687 4304 γέγονεν
711 4236 1017 4306 ἄνθρωπος.
1049 4237 1112 4289 Et
1143 4237 1253 4308 γὰρ
1282 4236 1493 4306 κτίσμα
1524 4237 1599 4289 ὢν
1623 4277 1637 4301 ,
1669 4237 1910 4305 ἐγεγόνει.

1994 596 2203 651 tiabunt
2260 600 2525 663 iustitiam
2567 604 2681 672 ejus
2728 607 2920 675 populo
2966 610 3055 679 qui
3083 624 3344 677 nascetur,
3404 632 3559 685 quem

1992 686 2112 755 fecit
2144 687 2471 746 Dominus‘.
2534 690 2649 747 Nec
2705 695 2846 747 enim
2876 698 3108 766 amplius
3164 702 3397 755 audituri
3462 719 3558 758 su-

1991 790 2112 830 mus
2143 794 2161 824 2
2194 777 2516 851 Quacunque
2540 784 2626 836 die
2656 786 2981 841 comederitis
3013 805 3076 843 ex
3119 807 3201 854 eo,
3232 802 3397 846 morte
3448 811 3560 847 mo-

1991 869 2203 923 riemini
2226 872 2246 901 '
2281 888 2295 937 ;
2332 872 2447 938 sed,
2479 874 2593 928 ~Ubi
2639 891 2753 928 sum
2777 894 2889 947 ego,
2934 887 2981 931 et
3016 896 3102 934 vos
3136 883 3281 935 eritis
3310 883 3370 938 ':
3417 885 3555 940 adeo

1991 967 2051 1015 ut
2094 962 2204 1032 jam
2235 964 2418 1020 dicere
2469 965 2631 1021 liceat
2665 985 2679 1024 :
2718 968 2892 1037 Ipsius
2943 973 3081 1025 enim
3113 974 3322 1044 factura
3354 993 3556 1043 sumus,

1991 1055 2158 1108 creati
2227 1056 2283 1109 in
2340 1059 2578 1125 aperibus
2628 1062 2777 1113 bonis
2806 1060 2855 1114 3.
2931 1061 3204 1119 Praeterea
3269 1075 3559 1137 postquam

1990 1161 2127 1215 opus
2157 1146 2272 1213 Dei,
2306 1148 2357 1203 id
2409 1158 2492 1204 est
2517 1149 2700 1215 homo,
2735 1150 3009 1221 perfectus
3056 1163 3292 1221 creatus,
3348 1172 3555 1225 praeva-

1992 1237 2255 1293 ricatione
2284 1240 2443 1309 inops
2473 1240 2705 1293 eﬂ‘ectus
2744 1249 2847 1303 est,
2906 1249 2962 1296 et
2999 1250 3227 1312 peccato
3266 1254 3556 1308 mortuus;

1992 1341 2116 1380 cum
2146 1328 2275 1382 item
2325 1329 2615 1384 dedeceret
2640 1346 2779 1401 opus
2826 1330 2921 1386 Dei
2954 1332 3334 1402 imperfectum
3384 1349 3563 1387 rema-

1993 1432 2149 1483 nere,
2198 1420 2345 1474 unde
2372 1420 2430 1473 fit
2465 1429 2525 1474 ut
2567 1437 2761 1476 omnes
2793 1423 2965 1477 sancti
3019 1424 3229 1493 psalmo
3260 1425 3561 1479 centesimo

1995 1512 2269 1582 trigesimo
2313 1515 2546 1584 septimo
2590 1516 2757 1570 Deum
2812 1517 2912 1570 hac
2969 1517 3034 1571 de
3090 1531 3148 1569 rc
3201 1516 3273 1570 ita
3330 1531 3560 1585 precen—

1995 1610 2103 1669 tur,
2152 1602 2398 1669 Domine,
2460 1606 2710 1659 retribues
2766 1620 2861 1673 pro
2914 1621 2995 1657 me
3058 1621 3077 1669 ;
3120 1605 3362 1669 Domine,
3402 1621 3562 1672 opera

1992 1710 2247 1748 manuum
2308 1704 2522 1749 tuarum
2577 1713 2641 1750 ne
2690 1696 2949 1765 despicias
2994 1696 3016 1727 "
3081 1712 3096 1748 :
3169 1695 3375 1749 idcirco
3438 1710 3568 1764 per-

1993 1783 2197 1839 fectum
2232 1782 2325 1837 Dei
2384 1784 2647 1849 Verbum,
2679 1800 2878 1849 corpus
2932 1784 3312 1852 imperfectum
3346 1784 3565 1847 induit;

1991 1881 2154 1943 atque
2185 1874 2239 1928 iu
2272 1890 2439 1945 opera
2494 1875 2669 1931 creari
2705 1875 2926 1940 dicitur,
2969 1884 3026 1929 ut
3057 1889 3156 1944 pro
3191 1874 3351 1929 nobis
3384 1874 3569 1929 debito

1993 1961 2193 2026 soluto,
2221 1978 2282 2017 ea
2309 1977 2431 2033 quae
2456 1963 2665 2017 homini
2702 1963 2949 2026 deerant,
2984 1978 3082 2032 per
3107 1963 3346 2034 seipsum
3374 1963 3565 2032 exple-

1994 2063 2077 2107 ret
2111 2064 2273 2122 atque
2317 2052 2622 2121 perﬁceret.
2653 2053 3082 2107 Deerantautem
3108 2053 3316 2107 homini
3346 2053 3572 2107 immor-

1997 2144 2176 2199 talitas
2197 2152 2252 2200 et
2270 2144 2352 2199 via
2386 2145 2454 2200 ad
2481 2145 2816 2215 paradisum.
2850 2142 2963 2198 Hoc
2991 2143 3168 2212 ipsum
3201 2142 3452 2198 Salvator
3480 2143 3568 2197 his

1994 2236 2179 2290 verbis
2225 2235 2431 2290 indicat
2466 2255 2479 2289 :
2505 2234 2617 2307 Ego
2640 2245 2690 2289 te
2713 2235 3003 2305 gloriﬁcavi
3024 2236 3076 2287 in
3107 2237 3284 2299 [ενι-αξξ
3303 2250 3431 2301 opus
3452 2250 3573 2301 pcr-

1996 2320 2096 2389 [eci
2124 2322 2261 2389 quod
2288 2322 2584 2390 faciendum
2610 2322 2739 2374 milii
2769 2322 2956 2375 dedisti
2975 2321 3016 2375 ‘.
3045 2319 3326 2375 Etiterum
3353 2337 3366 2372 :
3396 2322 3571 2388 Opera

1998 2429 2116 2481 qua
2143 2412 2305 2465 Pater
2336 2411 2463 2464 mihi
2512 2412 2834 2482 perﬁcienda
2881 2412 3023 2465 dedit
3055 2427 3073 2464 :
3110 2413 3228 2481 ipsa
3259 2428 3418 2479 opera
3455 2427 3572 2479 qua:

1998 2503 2159 2571 (acia,
2189 2502 2541 2556 testimonium
2586 2503 2851 2571 perhibent
2880 2503 2944 2556 de
2990 2518 3082 2567 me
3112 2503 3156 2556 '.
3203 2502 3378 2572 Opera
3410 2517 3574 2572 porro

1998 2610 2119 2666 qua:
2142 2596 2242 2651 sibi
2285 2597 2495 2650 Patrem
2535 2597 2865 2666 perﬁcienda
2897 2595 3115 2654 dedisse
3143 2596 3409 2658 declarat,
3448 2596 3569 2665 ipsa

2001 2686 2088 2740 illa
2119 2693 2245 2740 sunt
2277 2687 2331 2739 in
2362 2702 2483 2755 quae
2518 2696 2760 2750 creatur,
2797 2696 2856 2741 ιιι
2885 2688 2939 2741 in
2962 2685 3270 2743 Proverbiis
3308 2687 3384 2742 ait
3423 2704 3436 2740 :
3469 2686 3577 2739 Do-

2011 2776 2187 2828 minus
2240 2775 2434 2829 creavit
2493 2791 2575 2828 me
2623 2775 2939 2844 principium
2981 2775 3192 2828 viarum
3244 2789 3468 2827 suarum
3521 2774 3580 2825 in

2002 2878 2158 2930 opera
2204 2880 2325 2919 sua.
2375 2858 2506 2919 Nam
2560 2864 2705 2920 idem
2734 2876 2817 2920 est
2845 2865 3049 2929 dicere,
3083 2865 3229 2918 dedit
3258 2864 3385 2917 mihi
3412 2862 3577 2917 Pater

2003 2971 2183 3024 opera,
2224 2966 2301 3018 et,
2329 2958 2524 3010 creavit
2554 2972 2634 3009 me
2662 2955 2913 3009 Dominus
2947 2955 3002 3008 in
3039 2970 3218 3024 opera.
3242 2953 3398 3008 Tunc
3428 2954 3577 3006 enim

2002 3045 2147 3114 quod
2178 3059 2343 3114 onera
2372 3045 2686 3114 imperfecta
2708 3053 2764 3099 et
2795 3045 2984 3098 mutila
3017 3053 3241 3114 peccato
3279 3044 3420 3098 facta
3453 3042 3579 3097 fue-

2007 3143 2149 3202 rant,
2186 3134 2359 3190 creari
2392 3135 2693 3190 secundum
2733 3149 2934 3205 corpus
2960 3134 3184 3199 dicitur,
3222 3142 3282 3188 ut
3315 3133 3423 3188 illis
3452 3148 3583 3204 per-

2008 3230 2167 3286 fectis
2221 3238 2384 3299 atque
2416 3230 2473 3283 in
2503 3230 2779 3300 integrum
2812 3238 3015 3283 statum
3050 3225 3343 3292 restitutis,
3397 3225 3583 3283 Eccle-

2004 3321 2139 3377 sium
2160 3319 2308 3376 Patri
2361 3320 2651 3376 exhiberet
2677 3337 2780 3375 non
2801 3321 3075 3374 habentem
3108 3319 3394 3382 maculant,
3426 3328 3485 3372 ut
3507 3317 3584 3371 ait

2003 3413 2322 3483 Apostolus,
2347 3422 2438 3464 aut
2471 3428 2680 3482 rugam,
2713 3421 2809 3465 aut
2837 3410 3042 3481 aliquid
3064 3409 3388 3479 hujusmodi,
3415 3410 3505 3463 sed
3528 3418 3586 3463 ut

2005 3506 2074 3559 sit
2104 3514 2294 3559 sancta
2332 3512 2382 3557 et
2415 3503 2767 3557 immaculata
2819 3501 2865 3556 ⁸.
2916 3501 2976 3556 In
3005 3501 3098 3555 illo
3125 3515 3256 3572 ergo
3283 3499 3585 3568 perlectum

2004 3605 2088 3650 est
2120 3594 2402 3650 hominum
2433 3609 2623 3664 genus,
2661 3594 2927 3662 qualeque
2950 3593 3109 3645 initio
3142 3590 3348 3646 factum
3407 3589 3586 3644 fuerat

2007 3685 2092 3739 vel
2123 3685 2306 3755 potius
2360 3684 2626 3753 ampliore
2665 3698 2789 3737 cum
2841 3683 3013 3755 gratia
3043 3682 3360 3736 restitutum
3413 3690 3579 3748 atque

2010 3785 2316 3846 reparatum
2342 3783 2447 3829 est.
2489 3774 2771 3843 Siquidem
2794 3788 2863 3828 ex
2894 3771 3128 3826 mortuis
3161 3771 3407 3837 excitati,
3435 3785 3587 3824 mor-

2012 3878 2122 3921 tem
2182 3881 2293 3921 non
2349 3865 2584 3935 amplius
2612 3862 3075 3933 pertimescimus,
3122 3861 3219 3916 sed
3268 3862 3324 3915 in
3364 3861 3587 3916 Christo

2010 3971 2225 4027 semper
2252 3957 2308 4012 in
2326 3957 2476 4012 caelis
2514 3971 2706 4011 sumus
2732 3955 3030 4023 regnaturi.
3053 3952 3210 4019 Quod
3238 3952 3358 4008 ideo
3393 3966 3570 4007 cosse

2012 4049 2260 4119 quimur,
2295 4047 2442 4118 quod
2486 4047 2667 4117 ipsum
2699 4046 2793 4100 Dei
2820 4046 3059 4102 Verhum
3100 4044 3388 4115 proprium
3425 4048 3588 4112 atque

2014 4117 2081 4195 ei
2130 4150 2286 4210 parte
2317 4140 2562 4212 genitum
2593 4153 2810 4193 carnem
2845 4137 3026 4191 induit
3073 4136 3358 4205 factusque
3418 4134 3588 4189 homo

2015 4240 2119 4286 est.
2148 4229 2281 4284 Nam
2320 4230 2362 4285 si
2399 4237 2639 4285 creatam
2674 4244 2796 4282 cum
2840 4227 3068 4281 haberet
3097 4215 3374 4288 naturam,
3408 4222 3591 4278 factus

322 4328 635 4397 ἅνθρωπος,
650 4328 843 4397 ἔμενεν
867 4329 1018 4382 οὐδὲν
1040 4323 1202 4401 ἦττον
1228 4333 1255 4384 6
1279 4330 1584 4402 ἄνθρωπος,
1604 4330 1793 4402 ὥσπερ
1818 4332 1900 4384 καῚ

2016 4331 2206 4392 postea
2263 4319 2462 4374 fuisset
2519 4319 2708 4381 homo,
2782 4317 2924 4371 idem
2959 4316 3208 4385 profecto
3255 4314 3400 4385 quod
3432 4322 3589 4370 antea

326 4417 394 4492 ἦν
414 4463 430 4487 ,
474 4423 535 4474 οὐ
578 4420 872 4486 συναφθεὶς
898 4420 976 4493 τῷ
1003 4422 1144 4494 Θεῷ.
1175 4422 1298 4486 Πῶς
1326 4423 1435 4493 γὰρ
1463 4423 1528 4475 ἂν
1569 4423 1778 4493 ποίημα
1830 4421 1900 4476 ὣν

2017 4414 2303 4467 mansisset
2329 4410 2610 4467 hominum
2634 4423 2825 4480 genus,
2854 4423 3032 4479 neque
3050 4422 3174 4462 cum
3206 4406 3320 4462 Deo
3348 4407 3590 4476 conjun-

326 4512 416 4565 διὰ
470 4513 776 4580 ποιήματος
825 4513 1154 4566 συνάπτοιτο
1192 4513 1269 4582 τῷ
1323 4512 1608 4579 κτίσαντι;
1659 4516 1730 4568 Ἦ
1776 4516 1900 4569 ποία

2011 4517 2157 4562 ctum
2176 4504 2391 4560 fuisset.
2429 4503 2538 4569 Qui
2574 4502 2723 4557 enim
2788 4517 2876 4556 res
2907 4501 3057 4555 facta
3098 4514 3198 4569 per
3227 4506 3345 4555 rem
3387 4498 3591 4553 factam

332 4603 561 4672 βοήθεια
596 4603 751 4671 παρὰ
787 4602 894 4656 τῶν
934 4602 1133 4673 ὁμοίων
1174 4606 1284 4666 τοῖς
1323 4603 1530 4672 ὁμοίοις
1576 4605 1772 4673 γένοιτ’
1816 4605 1900 4669 ἂν,

2015 4614 2139 4652 cum
2186 4598 2442 4651 Creatore
2500 4594 2754 4666 conjungi
2797 4594 3019 4663 posset?
3062 4592 3172 4646 Aut
3216 4591 3347 4659 quid
3404 4590 3592 4643 auxilii

322 4692 602 4763 δεομένων
618 4693 711 4745 καὶ
736 4691 916 4745 αὐτῶν
946 4696 1044 4762 τῆς
1068 4692 1236 4759 αὐτῆς
1257 4693 1510 4764 βοηθείας
1533 4712 1546 4759 ;
1579 4694 1703 4758 Πῶς
1727 4694 1805 4756 δὲ,
1830 4695 1900 4747 εί-

2014 4685 2287 4742 similibus
2316 4686 2637 4754 possetdari
2669 4700 2698 4737 a
2730 4683 3028 4743 similibus.
3060 4697 3186 4736 cum
3238 4681 3355 4749 ipsa
3395 4678 3593 4732 eodem

333 4803 444 4859 περ
465 4786 673 4856 κτίσμα
695 4782 761 4855 ἦν
788 4787 814 4837 6
834 4786 1023 4852 Λόγος,
1048 4785 1147 4855 τὴν
1169 4786 1444 4855 ἀπόφασιν
1472 4786 1565 4839 τοῦ
1592 4787 1724 4840 Θεοῦ
1749 4787 1900 4840 λῦσαι

2015 4777 2216 4831 auxilio
2246 4775 2565 4846 indigeant?
2597 4774 2700 4839 Qui
2734 4789 2884 4835 vero,
2932 4773 2974 4825 si
3012 4770 3246 4825 Verbum
3284 4783 3371 4822 res
3409 4777 3591 4821 creata

331 4876 564 4935 δυνατὸς
591 4870 679 4943 ἦν,
708 4872 803 4925 καὶ
830 4874 1045 4940 ἀφεῖναι
1073 4875 1172 4935 τὰς
1195 4873 1491 4944 ἁμαρτίας,
1520 4874 1900 4943 γεγραμμένου

2014 4878 2176 4927 οεετοι,
2220 4878 2405 4937 posset
2439 4865 2534 4919 Dei
2571 4865 2901 4917 sententiam
2943 4863 3241 4930 abrogare,
3277 4865 3593 4928 peccatumo

336 4972 491 5037 παρὰ
524 4967 640 5028 τοῖς
674 4964 1006 5035 προφήταις,
1029 4966 1109 5018 ὅτι
1138 4964 1294 5018 τοῦτο
1322 4964 1457 5018 Θεοῦ
1493 4968 1642 5031 sort;
1679 4967 1774 5031 Τίς
1803 4966 1911 5037 γὰρ

338 5058 509 5121 Θεὸς,
538 5056 747 5122 ὥσπερ
774 5054 878 5119 σὺ,
895 5055 1150 5124 ἐξαίρων
1173 5054 1483 5124 ἁμαρτίας,
1508 5056 1601 5109 καί
1640 5056 1914 5124 «ineptia!-

327 5168 456 5206 νων
477 5150 736 5218 ἀνομίας
758 5166 773 5216 ;
807 5149 865 5202 '0
889 5150 987 5217 μὲν
1006 5148 1118 5218 γὰρ
1143 5149 1274 5211 Θεὸς
1295 5143 1415 5201 εἶπε
1433 5166 1447 5181 ο
1474 5148 1562 5215 Γῆ
1593 5145 1668 5213 εἷ,
1698 5149 1796 5201 καὶ
1820 5149 1911 5215 είς

330 5244 454 5315 γῆν
472 5244 791 5310 ἀπελεύσῃ
814 5258 827 5272 ’
848 5244 899 5295 oi
921 5242 977 5295 δὲ
994 5241 1268 5311 ἄνθρωποι
1288 5242 1541 5308 γεγόνασι
1567 5242 1765 5310 θνητοί.
1791 5240 1911 5302 Πῶς

332 5338 523 5390 τοίνυν
542 5332 654 5388 οἷόν
676 5339 736 5387 τε
754 5330 823 5405 ἦν
849 5334 1001 5403 παρὰ
1021 5333 1127 5386 τῶν
1151 5334 1393 5404 γενητῶν
1415 5332 1638 5401 λυθῆναι
1660 5333 1757 5403 τὴν
1777 5333 1911 5386 ἀπό-

332 5446 536 5497 φασιν;
571 5428 805 5482 Ἐλυσεν
829 5426 923 5480 οὖν
951 5426 1120 5496 αὐτὴν
1141 5428 1169 5479 ὁ
1194 5426 1416 5497 Κύριος,
1446 5425 1521 5488 ὡς
1551 5422 1706 5478 εἶπεν
1726 5425 1908 5488 αὐτός·

2006 4975 2111 5029 que
2143 4957 2437 5019 dimittere,
2490 4972 2614 5011 cum
2648 4955 2752 5009 hoc
2777 4954 2868 5007 Dei
2892 4952 3172 5023 proprium
3203 4964 3329 5004 esse
3355 4949 3594 5017 scripse-

2008 5055 2116 5105 rint
2156 5048 2479 5118 prephetae?
2528 5045 2688 5110 Nam,
2738 5043 2889 5110 Quis,
2931 5045 3090 5107 Deus,
3134 5040 3327 5097 similis
3365 5039 3467 5103 tui,
3499 5038 3595 5109 qui

2007 5147 2182 5211 aufers
2216 5149 2452 5210 peccata,
2485 5147 2535 5192 et
2558 5138 2886 5192 transcendi:
2916 5137 3237 5207 iniquitates
3279 5135 3300 5167 ⁶
3327 5133 3349 5186 ’ί
3407 5131 3593 5201 Siqui-

2006 5236 2128 5289 dem
2151 5232 2292 5286 Deus
2312 5232 2450 5285 dixit
2481 5248 2497 5283 :
2534 5229 2699 5284 Terra
2733 5245 2809 5294 es,
2827 5239 2874 5283 et
2897 5230 2951 5282 in
2977 5239 3173 5282 terram
3198 5225 3472 5281 reverteris
3519 5224 3588 5287 “’,

2017 5340 2191 5394 eaque
2210 5337 2375 5379 causa
2403 5331 2487 5377 est
2511 5337 2610 5377 cur
2630 5323 2883 5377 homines
2907 5320 3036 5376 facti
3062 5319 3322 5374 mortales
3349 5317 3553 5374 fuerint
3575 5333 3591 5371 :

2020 5416 2293 5488 quomodo
2358 5415 2689 5470 sententiam
2778 5415 2921 5469 hanc
3004 5420 3229 5481 possent
3286 5425 3376 5466 res
3438 5408 3596 5465 iactae

326 5521 481 5575 Ἐὰν
494 5520 581 5590 μὴ
596 5524 629 5574 ὀ
642 5519 773 5585 Υἱὸς
788 5517 939 5588 ὑμᾶς
961 5513 1361 5585 ἐλευθερώσῃ,
1378 5518 1475 5571 καὶ
1490 5516 1686 5582 ἔδειξεν
1699 5516 1900 5584 ἀληθῶς

2020 5512 2276 5568 solvere?
2307 5509 2508 5566 Verum
2541 5510 2660 5578 ipse
2693 5508 2858 5564 solvit
2894 5506 3179 5571 Dominus,
3209 5515 3269 5559 ut
3292 5504 3436 5561 idem
3476 5503 3595 5571 ipse

325 5620 353 5671 6
373 5619 507 5681 Υἱὸς
528 5613 926 5683 ἐλευθερώσας,
950 5613 1032 5666 ὅτι
1051 5611 1151 5664 οὐκ
1175 5610 1290 5663 ἔστι
1308 5610 1536 5681 κτίσμα,
1561 5610 1680 5664 οὐδὲ
1704 5608 1809 5661 τῶν
1830 5627 1900 5678 γε·

2028 5608 2145 5663 ait:
2180 5605 2304 5659 Nisi
2338 5604 2505 5659 Filius
2536 5619 2625 5657 vos
2659 5603 2957 5657 liberaverit
3002 5601 3321 5670 “,vercque
3359 5594 3597 5652 ostendit

410 5735 427 5765 ¹
460 5730 609 5787 Psal.
652 5747 767 5795 ιιι,
795 5730 887 5784 ὂῖ.
960 5731 982 5761 ³
1012 5727 1212 5783 Genes.
1243 5742 1301 5780 ιι.
1342 5726 1432 5781 Π.
1510 5726 1531 5758 ³
1556 5724 1713 5779 Joan.
1749 5740 1859 5790 xw,
1895 5724 1900 5773 1

2028 5723 2290 5795 “Ephes.
2341 5721 2519 5795 ιιηιο.
2574 5721 2616 5795 _’_’
2645 5718 3047 5795 Psalmxxxvg,
3075 5714 3127 5771 8.
3209 5712 3415 5768 'Joan.
3456 5724 3593 5770 xvu,

333 5806 385 5858 ι.
465 5804 483 5834 τ
515 5802 670 5859 Joau.
698 5787 856 5868 v,'36.
918 5799 949 5869 "
979 5799 1178 5869 Epltes.
1220 5814 1274 5862 ν,
1298 5798 1390 5851 27.
1490 5797 1510 5829 ⁹
1548 5795 1710 5850 Mich.
1741 5787 1897 5861 νιι,’1

2042 5790 2085 5825 ’δ
2126 5787 2262 5848 Gen.
2295 5807 2378 5860 ιιι,
2403 5790 2493 5847 29.
2572 5791 2610 5822 ¹⁹
2643 5789 2799 5846 Joau.
2829 5805 2948 5855 vm,
2980 5787 3069 5840 56.
