4094 6204
466 318 577 378 1199
1692 315 2079 376 EUTIIYMII
2111 319 2474 381 ZIGABENI

3594 317 3701 386 400

464 432 633 486 Filius
694 430 955 485 liberator
1008 445 1065 483 sc
1096 443 1197 483 nec
1220 435 1465 482 creatum
1498 441 1601 482 nec
1655 426 1859 482 factum
1896 442 2014 484 esse

2124 455 2328 525 νητῶν,
2376 454 2511 509 ἀλλά
2545 453 2697 521 ἴδιος,
2739 453 2836 506 καὶ
2880 451 3048 507 εἰκὼν
3084 455 3181 524 τῆς
3228 452 3318 506 τοῦ
3380 455 3592 523 Πατρὶς
3622 457 3713 510 οὗ·

459 525 555 580 sed
589 533 802 579 natura:
831 522 1030 585 Patris,
1056 520 1147 589 qui
1182 519 1507 573 sententiam
1545 519 1691 572 illam
1750 518 1904 575 initio
1939 529 2029 574 tu-

458 615 621 681 lerat,
669 614 932 682 solusque
978 620 1204 681 peccata
1237 611 1533 673 condonat,
1570 610 1848 680 proprium
1905 627 2028 667 esse

460 706 697 761 Verbum
730 715 785 759 et
815 704 1129 775 imaginem.
1165 703 1299 759 Cum
1333 707 1480 759 enim
1513 711 1565 759 in
1610 705 1786 760 Verbo
1818 706 2026 760 dictum

458 802 643 863 fuerit,
678 800 842 853 Terra
874 817 927 853 es
980 810 1029 853 et
1061 801 1115 853 in
1141 808 1337 853 terram
1364 802 1656 863 reverteris,
1700 799 1856 853 valde
1899 814 2028 852 con-

459 900 717 962 gruenter
738 906 837 961 per
866 892 1012 947 idem
1057 893 1239 963 ipsum
1270 892 1514 948 Verbum
1571 902 1735 963 alque
1786 892 1843 946 in
1907 892 2028 961 ipso

459 984 684 1040 libertas
711 994 768 1041 et
795 985 994 1041 solutio
1025 986 1393 1042 damnationis
1426 988 1563 1042 facta
1593 995 1697 1041 est.

530 1077 740 1145 Atqui,
818 1076 1125 1146 inquiunt,
1192 1078 1405 1134 etiamsi
1483 1076 1735 1132 Salvator
1815 1084 2033 1132 creatus

447 1175 615 1228 esset,
654 1172 868 1233 poterat
903 1163 1053 1220 Deus
1092 1165 1474 1219 tantummodo
1510 1165 1716 1231 dicere,
1754 1174 1920 1236 atque
1956 1167 2031 1221 ita

448 1256 660 1309 solvere
707 1254 1173 1309 maledictionem.
1227 1256 1297 1309 At
1346 1255 1512 1309 simili
1560 1256 1723 1310 modo
1774 1255 1907 1324 ipsis
1956 1255 2030 1311 ita

446 1346 665 1400 occurri
698 1346 911 1415 possit:
949 1344 1124 1398 Etiam
1158 1345 1277 1400 sine
1312 1345 1425 1400 ullo
1455 1345 1574 1416 ejus
1611 1346 1845 1401 adventu
1879 1356 2030 1417 pote-

444 1446 530 1491 rat
554 1437 697 1492 Deus
730 1438 1112 1492 tantummodo
1142 1438 1343 1503 dicere,
1373 1447 1539 1507 atque
1568 1439 1641 1493 ita
1668 1439 1879 1494 solvere
1908 1455 2027 1495 ma-

443 1527 815 1582 ledictionem.
857 1527 1058 1583 Verum
1100 1528 1377 1583 attendere
1403 1537 1619 1599 Oportet
1654 1530 1785 1599 quid
1831 1530 1903 1585 sit
1929 1529 2029 1584 ho-

441 1619 683 1673 minibus
718 1619 871 1686 utile,
908 1633 1018 1673 non
1060 1631 1242 1674 autem
1285 1620 1415 1690 quid
1456 1620 1509 1674 in
1559 1622 1814 1677 omnibus
1854 1622 2014 1693 possit

2128 1615 2260 1667 πᾶσι
2286 1614 2348 1667 τὸ
2376 1615 2601 1670 δυνατὸν
2634 1615 2727 1669 τοῦ
2752 1617 2887 1670 Θεοῦ
2921 1617 3256 1687 λογίζεσθαι·
3291 1620 3415 1673 ἐπεὶ

2132 552 2277 614 σίας,
2305 549 2401 604 τοῦ
2453 549 2545 602 καὶ
2594 547 2738 602 κατά
2784 548 2886 619 τὴν
2944 547 3117 617 ἀρχὴν
3160 548 3589 616 ἀποφηναμένου
3619 550 3715 603 καὶ

2129 642 2383 711 ἁφίεντος
2414 642 2578 709 μόνου
2603 643 2701 702 τὰς
2731 641 3029 709 ἁμαρτίας.
3071 638 3291 709 Ἐπειδὴ
3333 639 3445 708 γὰρ
3493 640 3713 710 εἴρηται

2128 736 2188 787 ὲν
2220 736 2297 803 τῷ
2325 735 2506 804 Λόγῳ.
2537 734 2626 799 Γῆ
2672 729 2731 787 εἷ
2786 734 2884 786 καί
2930 734 3018 798 εἷς
3048 730 3167 800 γῆν
3204 732 3542 799 ἀπελεύσῃ,
3580 734 3715 785 ἀκο-

2129 828 2337 889 λούθως
2369 827 2436 880 δι’
2472 825 2641 879 αὑτοῦ
2681 824 2774 877 τοῦ
2806 824 2987 892 Λόγου
3016 827 3111 876 καί⁵
3155 824 3213 876 ὲν
3247 821 3399 891 αὐτῷ
3433 823 3466 887 ἡ
3495 821 3717 875 ἐλευθέα

2130 920 2224 990 ρία
2252 905 2355 972 καῖ
2378 920 2408 989 ἡ
2433 917 2590 982 λύσις
2607 917 2705 987 τῆς
2738 915 3126 986 κατακρίσεως
3166 915 3480 986 γεγένηται.

2220 1074 2366 1145 Ἀλλ’,
2405 1074 2670 1143 ἠδύνατο,
2720 1074 2891 1143 φασὶ,
2927 1074 3020 1128 καὶ
3074 1073 3374 1139 κτίσματος
3420 1072 3573 1134 ϐντος
3614 1069 3713 1125 τοῦ

2130 1156 2402 1227 Σωτῆρος,
2434 1157 2592 1227 μόνον
2620 1158 2796 1210 εἰπεῖν
2816 1158 2844 1209 6
2863 1156 2993 1221 Θεὸς
3024 1158 3119 1211 καὶ
3143 1158 3301 1212 λῦσαι
3322 1160 3422 1231 τὴν
3444 1160 3710 1232 κατάραν.

2132 1249 2205 1301 Τὸ
2231 1250 2360 1303 αὐτὸ
2383 1250 2427 1302 δ’
2452 1251 2517 1304 ἂν
2545 1251 2836 1305 ἀκούσαιεν
2862 1254 2956 1307 καὶ
2982 1254 3136 1307 αὐτοὶ
3160 1256 3289 1326 παρ’
3312 1254 3499 1327 ἑτέρου
3527 1256 3714 1325 λέγον-

2128 1356 2247 1402 τος·
2294 1339 2551 1394 Ἦδύνατο
2580 1342 2675 1396 καὶ
2710 1342 2831 1413 μηδ’
2859 1342 2998 1406 ὅλως
3040 1344 3477 1415 ἐπιδημήσαντος
3517 1345 3709 1409 αὐτοῦ,

2133 1431 2292 1501 μόνον
2330 1432 2503 1485 εἰπεῖν
2545 1434 2574 1486 6
2609 1434 2741 1497 Θεὸς
2776 1434 2870 1488 καὶ
2911 1434 3068 1487 λῦσαι
3101 1435 3201 1507 τὴν
3235 1436 3503 1508 κατάραν.
3549 1436 3711 1490 Ἀλλά

2131 1526 2351 1575 σκοπεῖν
2379 1523 2460 1576 δεῖ
2503 1523 2563 1577 τὸ
2583 1527 2695 1588 τοῖς
2736 1523 3043 1597 ἀνθρώποις
3086 1526 3396 1580 λυσιτελοῦν
3424 1528 3518 1581 καὶ
3544 1529 3620 1598 μὴ
3650 1529 3711 1581 ὲν

3579 1619 3711 1690 ἠδύ-

439 1707 607 1764 Deus.
648 1707 898 1778 Namque
919 1710 1083 1764 etiam
1107 1720 1237 1766 ante
1259 1710 1372 1766 Noe
1401 1727 1607 1779 arcam,
1641 1714 1893 1769 homines
1931 1714 2014 1784 qui

2130 1723 2256 1758 νατο
2281 1706 2375 1761 καὶ
2399 1707 2505 1779 πρὸ
2532 1708 2631 1779 τῆς
2652 1708 2774 1761 Νῶε
2804 1709 3040 1763 κιϐωτοῦ
3059 1711 3185 1775 τοὺς
3208 1712 3329 1764 τότε
3352 1711 3710 1782 παραϐάντας

436 1810 802 1868 peccaverant
841 1810 1051 1870 poterat
1092 1802 1439 1871 interimere:
1480 1812 1661 1858 tamen
1704 1804 1756 1858 id
1806 1806 2022 1860 nonnisi

435 1900 565 1960 post
611 1906 795 1946 aream
842 1892 990 1948 fecit.
1037 1892 1256 1949 Poterat
1307 1910 1527 1964 quoque
1568 1896 1776 1965 absque
1818 1895 2021 1968 Moyse,

436 1983 786 2039 solummodo
803 1984 1006 2052 dicere,
1027 1986 1400 2055 populumque
1419 1986 1652 2042 educere
1671 2001 1738 2041 ex
1756 1984 2019 2057 Egypto:

435 2083 495 2128 at
524 2073 577 2128 id
617 2090 716 2143 per
750 2074 991 2146 Moyscm
1024 2076 1154 2145 fieri
1206 2076 1586 2132 conveniebat.
1630 2075 2023 2132 Poterat-item

437 2162 587 2219 Deus
618 2165 884 2235 populum
917 2166 1035 2221 sine
1059 2166 1340 2235 iudicibus
1371 2181 1699 2222 conservare
1724 2184 1739 2222 :
1780 2180 1967 2222 verum
1990 2181 2023 2223 e

432 2270 492 2310 re
533 2257 720 2326 pepuli
770 2266 888 2312 erat
932 2256 1145 2327 judices
1186 2272 1286 2327 pro
1336 2266 1581 2328 tempore
1617 2258 1840 2314 habere.
1876 2256 2019 2325 Quin

432 2347 597 2402 etiam
625 2349 742 2418 ipse
778 2348 1032 2403 Salvator
1056 2357 1269 2419 poterat
1299 2349 1367 2403 ab
1404 2349 1562 2404 initio
1606 2351 1904 2419 advenire;
1936 2354 2019 2409 vel

435 2446 730 2507 postquam
756 2439 996 2505 advenit,
1016 2448 1232 2510 poterat
1257 2453 1365 2494 non
1392 2440 1529 2494 tradi
1558 2438 1762 2495 Pilato:
1783 2450 2016 2497 attamen

430 2528 489 2583 in
534 2529 641 2585 fine
681 2530 1009 2586 smculorum
1044 2530 1285 2596 advenit,
1331 2539 1385 2585 et
1418 2531 1681 2601 quaesitus
1710 2532 1865 2600 dixit,
1904 2531 2016 2604 Ego

428 2636 550 2674 sum
593 2623 632 2674 ⁸.
665 2619 825 2688 Quod
855 2622 999 2677 enim
1036 2621 1128 2677 ille
1152 2620 1304 2688 facit,
1337 2621 1390 2677 id
1433 2622 1746 2679 hominibus
1779 2625 2014 2694 expedit,

428 2724 531 2765 nec
572 2711 729 2766 aliter
764 2712 884 2767 ﬁeri
931 2712 1152 2768 decuit:
1188 2713 1334 2783 quod
1386 2722 1567 2768 autem
1612 2722 1666 2769 et
1706 2715 1922 2785 expedit
1962 2726 2018 2772 et

427 2804 604 2868 decet,
642 2804 692 2859 id
729 2805 848 2874 ipse
869 2815 1025 2860 curat
1050 2815 1103 2861 et
1129 2806 1393 2876 providet.
1428 2802 1584 2861 Venit
1611 2806 1794 2877 itaque
1818 2822 1928 2862 non
1955 2816 2017 2864 ut

426 2894 507 2950 illi
538 2895 973 2962 ministraretur,
1011 2898 1105 2953 sed
1138 2906 1196 2952 ut
1226 2897 1343 2968 ipse
1371 2898 1708 2953 ministraret
1743 2906 1795 2964 ',
1834 2908 1888 2953 et
1914 2914 2014 2954 no-

425 2988 511 3044 bis
548 2990 863 3044 restitueret
894 2990 1148 3045 salutem.
1180 2989 1339 3045 Certe
1369 2990 1586 3045 tametsi
1618 2989 1787 3061 legem
1815 3007 1845 3045 e
1873 2991 2013 3047 caelo

2115 3003 2203 3040 ται
2230 2986 2522 3058 σωτηρίαν.
2572 2986 2787 3057 Ἀμέλει
2819 2987 3114 3058 δυνάμενος

424 3090 638 3151 poterat
654 3081 966 3147 enuntiare,
985 3081 1120 3135 vidit
1144 3090 1323 3135 tamen
1372 3080 1687 3139 hominibus
1709 3083 2015 3137 conducere

424 3186 543 3225 eam
577 3186 607 3225 e
632 3178 820 3226 monte
856 3169 990 3225 Sina
1028 3170 1298 3240 proferri:
1338 3173 1483 3241 quod
1525 3172 1744 3241 quidem
1790 3171 1917 3227 fecit
1958 3181 2017 3228 ut

422 3271 477 3315 et
519 3260 734 3331 Moyses
768 3270 957 3330 posset
983 3262 1312 3328 ascendere,
1361 3271 1416 3315 et
1447 3262 1544 3328 illi,
1582 3262 1748 3317 verba
1788 3262 2015 3333 propius

421 3353 731 3421 audiendo,
777 3352 996 3409 facilius
1033 3354 1337 3409 crederent.
1380 3355 1769 3411 Verumtamen
1808 3366 2013 3427 quanta

421 3460 546 3498 cum
588 3444 801 3499 ratione
829 3445 881 3499 id
924 3444 1126 3499 factum
1168 3444 1352 3508 fuerit,
1395 3461 1460 3499 ex
1497 3446 1580 3502 his
1607 3448 1913 3516 perspicere
1949 3448 2015 3502 li-

422 3542 527 3587 eet.
574 3530 632 3586 Si
673 3532 815 3588 Deus
863 3548 963 3603 pro
1006 3550 1105 3589 sua
1149 3535 1392 3604 potentia
1432 3536 1683 3601 dixisset,
1727 3537 2013 3609 solutaque

419 3631 565 3677 esset
594 3622 940 3678 maledictio:
992 3625 1341 3693 apparuisset
1380 3625 1601 3695 quidem
1639 3626 1885 3695 jubentis
1917 3643 2012 3697 po-

418 3724 613 3778 testas,
639 3715 873 3785 talisque
906 3713 1084 3771 factus
1106 3715 1304 3772 fuisset
1322 3716 1487 3771 homo
1514 3719 1692 3787 qualis
1715 3720 1816 3773 fuit
1838 3720 2009 3773 Adam

419 3811 549 3853 ante
585 3809 895 3869 peceatum,
938 3802 1033 3871 qui
1087 3802 1348 3856 nimirum
1392 3803 1621 3873 gratiam
1667 3803 2009 3859 extrinsecus

418 3891 732 3959 acciperet,
776 3908 875 3945 nec
945 3907 1066 3946 eam
1133 3893 1351 3961 corpori
1406 3907 1708 3947 eonnexam
1766 3893 2005 3947 haberet.

418 3981 714 4036 Enimvero
746 3997 872 4037 cum
902 3982 1215 4037 istiusmodi
1247 3990 1394 4037 esset
1435 3982 1629 4049 Adam,
1669 3983 1720 4035 in
1750 3983 2007 4052 paradiso

417 4083 502 4128 est
552 4074 891 4128 collocatus:
930 4074 1042 4127 imo
1080 4089 1210 4127 vero
1256 4072 1397 4128 forte
1444 4074 1598 4143 pejor
1649 4072 1828 4128 faetus
1888 4084 2002 4138 est,

419 4165 622 4233 quippe
665 4165 758 4233 qui
800 4179 1027 4233 peccare
1074 4164 1346 4218 didicerit.
1388 4162 1546 4229 Quod
1584 4165 1663 4226 si,
1713 4180 1836 4218 cum
1885 4166 2006 4221 talis

419 4255 634 4311 fuisset.
667 4256 987 4326 contigisset
1015 4271 1235 4326 quoque
1278 4265 1335 4309 ut
1371 4270 1400 4309 a
1438 4264 1688 4325 serpente
1723 4256 2002 4327 decipere-

2124 1796 2444 1868 ἀνθρώπους
2471 1799 2734 1853 ἀπολέσαι
2754 1817 2767 1830 ο
2792 1800 2927 1853 ἀλλὰ
2952 1799 3090 1871 μετὰ
3110 1800 3208 1873 τὴν
3233 1801 3465 1855 κιϐωτὸν
3486 1804 3709 1874 πεποίη-

2124 1906 2239 1943 κεν.
2295 1889 2553 1943 Ἦδύνατο
2583 1891 2677 1943 καὶ
2708 1890 2878 1962 χωρὶς
2913 1892 3157 1954 Μωσέως
3189 1894 3283 1945 καὶ
3321 1893 3479 1962 μόνον
3506 1895 3706 1958 είπεῖν,

2124 1980 2215 2032 καὶ
2239 1980 2527 2049 ἐξαγαγεῖν
2560 1980 2650 2034 τὸν
2686 1981 2812 2034 λαὸν
2841 1982 2899 2047 ἐξ
2926 1981 3233 2049 Αἰγύπτου*
3280 1983 3417 2036 ἀλλά
3442 1986 3707 2057 συνέφερε

2121 2070 2208 2124 διὰ
2241 2070 2781 2135 Μωσέως.Ἦδύνατο
2809 2071 2901 2124 καὶ
2933 2071 3101 2142 χωρὶς
3127 2073 3236 2124 τῶν
3272 2074 3473 2146 κριτῶν
3512 2074 3705 2140 σώζειν

2120 2162 2212 2215 τὸν
2237 2161 2362 2216 λαὸν
2389 2164 2416 2216 6
2438 2162 2569 2226 Θεός
2590 2180 2602 2192 ·
2634 2161 2769 2215 ἀλλά
2800 2163 3065 2234 συνέφερε
3092 2166 3207 2228 τοῖς
3233 2165 3384 2228 λαοῖς
3560 2166 3706 2220 κατά

2121 2254 2312 2324 καιρὸν
2350 2253 2657 2326 ἐγείρεσθαι
2697 2253 2887 2325 κριτὴν
2939 2257 3142 2319 αὐτοῖς.
3208 2256 3469 2311 Ἠδύνατο
3506 2258 3600 2311 καὶ
3644 2259 3706 2325 ἐξ

2120 2345 2292 2415 ἀρχῆς
2317 2346 2345 2397 6
2365 2345 2552 2418 Σωτὴρ
2578 2344 2915 2415 ἐπιδημῆσαι
2934 2386 2948 2411 ,
2977 2346 3010 2416 ἥ
3040 2346 3207 2401 ἐλθὼν
3234 2348 3307 2419 μὴ
3334 2349 3704 2420 παραδοθῆναι

2119 2434 2337 2505 Πιλάτῳ
2356 2452 2369 2465 ο
2393 2435 2529 2489 ἀλλά
2548 2437 2641 2489 καὶ
2670 2437 2763 2489 ἐπὶ
2935 2439 3214 2510 συντελείᾳ
3233 2440 3341 2494 τῶν
3370 2441 3581 2495 αἰώνων
3608 2440 3706 2512 ἦλ-

2119 2525 2177 2580 θε
2197 2566 2212 2591 ,
2244 2527 2340 2581 καὶ
2374 2526 2702 2598 ζητούμενος
2734 2524 2885 2582 εἶπεν
2906 2547 2919 2560 ⁸
2966 2530 3113 2599 Ἐγώ
3138 2526 3256 2602 ὲίμι
3278 2549 3293 2564 ·
3342 2532 3371 2585 6
3407 2533 3515 2603 γὰρ
3539 2536 3701 2595 ποιεῖ,

2116 2616 2272 2673 τοῦτο
2321 2619 2413 2672 καὶ
2442 2618 2711 2689 συμφέρει
2747 2622 2860 2683 τοῖς
2889 2620 3230 2692 ἀνθρώποις,
3268 2625 3362 2678 καὶ
3395 2626 3569 2689 ἄλλως
3601 2627 3704 2680 οὐκ

2116 2708 2324 2783 ἔπρεπε
2356 2709 2643 2779 γενέσθαιο
2676 2712 2770 2764 καὶ
2796 2712 2934 2784 ὅπερ
2959 2713 3017 2765 δὲ
3047 2716 3315 2786 συμφέρει
3348 2718 3441 2770 καὶ
3474 2719 3700 2788 πρέπει,

2112 2801 2303 2856 τούτου
2323 2803 2417 2856 καὶ⁵
2438 2802 2694 2873 πρόνοιαν
2713 2806 2968 2859 ποιεῖται.
2987 2800 3158 2859 Ἦλθε
3180 2807 3333 2874 γοῦν,
3356 2809 3453 2877 οὐχ
3473 2808 3559 2861 ἴνα
3586 2807 3703 2861 δια-

2114 2894 2315 2967 κονηθῇ
2337 2934 2350 2959 ,
2383 2894 2497 2948 ἀλλ’
2530 2895 2616 2949 ἵνα
2647 2897 2940 2967 διακονήσῃ
2962 2935 2976 2959 ,
3011 2897 3104 2949 καὶ
3131 2898 3229 2968 τὴν
3268 2898 3423 2971 ἡμῶν
3455 2899 3699 2970 ἐργάση-

3279 2989 3386 3043 ἀπὸ
3418 2990 3511 3043 τοῦ
3536 2990 3596 3043 οὐ
3605 3008 3701 3061 ρα-

2115 3078 2209 3132 νοῦ
2241 3078 2474 3149 λαλῆσαι
2504 3079 2596 3133 τὸν
2627 3080 2820 3149 νόμον,
2854 3074 2993 3133 εἶδεν
3015 3119 3030 3143 ,
3063 3081 3144 3134 ὅτι
3170 3081 3436 3135 λυσιτελεῖ
3459 3086 3570 3146 τοῖς
3602 3084 3698 3136 ἀν-

2116 3167 2352 3240 θρώποις
2375 3169 2484 3222 ἀπὸ
2510 3168 2606 3222 τοῦ
2633 3170 2765 3222 Σινᾶ
2797 3168 3049 3239 λαλῆσαι,
3075 3169 3170 3222 καὶ
3198 3169 3355 3223 τοῦτο
3374 3170 3696 3241 πεποίηκεν,

2114 3259 2201 3311 ἵνα
2235 3258 2329 3311 καὶ
2361 3259 2571 3329 Μωσῆς
2620 3258 2887 3328 ἀναϐῆναι
2919 3258 3142 3329 δυνηθῇ,
3175 3260 3417 3313 κάκεῖνοι
3605 3260 3698 3314 τὸν

2112 3348 2268 3418 λόγον
2291 3350 2520 3419 ἐγγύθεν
2544 3350 2854 3414 ἀκούοντες,
2876 3350 3073 3421 μᾶλλον
3099 3350 3382 3415 πιστεῦσαι
3406 3351 3695 3423 δυνηθῶσι.

2114 3441 2259 3512 Πλὴν
2305 3443 2399 3494 καὶ
2435 3442 2494 3495 τὸ
2528 3441 2746 3511 εὔλογον
2777 3442 2871 3495 τοῦ
2903 3442 3189 3513 γενομένου
3222 3442 3446 3514 θεωρεῖν
3487 3443 3697 3509 ἔξεστιν

2112 3530 2362 3583 ἐντεῦθεν
2380 3549 2393 3561 '
2425 3533 2487 3585 Εί
2515 3532 2603 3586 διὰ
2624 3533 2684 3585 τὸ
2709 3533 2932 3586 δυνατὸν
2957 3536 3187 3606 εἰρήκει,
3220 3536 3313 3588 καὶ
3481 3534 3694 3590 ἐλέλυτο

2112 3622 2145 3691 ἡ
2173 3622 2414 3692 κατάρα·
2444 3622 2537 3675 τοῦ
2575 3623 2673 3692 μὲν
2695 3623 3105 3696 κελεύσαντος,ή
3133 3624 3361 3695 δύναμις
3385 3625 3697 3678 ὲπεδείκνυυ

2109 3731 2190 3778 το,
2226 3716 2253 3767 6
2291 3715 2473 3786 μέντοι
2502 3714 2788 3786 ἄνθρωπος
2815 3716 3054 3781 τοιοῦτος
3088 3717 3296 3785 ἐγίνετο
3316 3756 3331 3780 ,
3364 3713 3475 3780 οἷος
3502 3713 3570 3789 ἦν
3599 3719 3694 3771 καὶ

2109 3805 2136 3855 6
2165 3803 2337 3874 Ἀδὰμ
2505 3805 2611 3876 πρὸ
2631 3806 2731 3876 τῆς
2755 3806 3136 3876 παραϐάσεως,
3165 3806 3361 3871 ἔξωθεν
3386 3807 3566 3861 λαϐὼν
3591 3808 3692 3881 τὴν

2110 3896 2302 3965 χάριν,
2352 3896 2446 3948 καὶ
2499 3896 2573 3968 μὴ
2617 3898 3070 3969 συνηρμοσμένην
3104 3899 3243 3969 ἔχων
3276 3899 3446 3973 αὐτὴν
3474 3901 3553 3971 τῷ
3583 3900 3691 3954 σώ-

2111 4004 2269 4056 ματι·
2302 3986 2541 4051 τοιοῦτος
2568 3990 2676 4060 γὰρ
2705 3990 2777 4042 ὢν
2810 3993 2903 4048 καὶ
2932 3992 3054 4045 τότε
3090 3992 3297 4045 τέθειτο
3322 3993 3379 4045 ἐν
3410 3992 3488 4064 τῶ
3512 4011 3692 4065 παρα-

2106 4079 2266 4148 δείσῳ
2286 4097 2298 4109 ·
2340 4080 2479 4149 τάχα
2511 4081 2567 4133 δὲ
2602 4084 2695 4135 καὶ
2721 4082 2918 4154 χείρων
2946 4082 3153 4151 ἐγίνετο
3173 4125 3187 4147 ,
3214 4085 3311 4141 ὅτι,
3467 4087 3560 4139 καὶ
3584 4104 3691 4139 πα-

2109 4172 2386 4243 ραϐαίνειν
2424 4174 2762 4244 μεμάθηκεν.
2825 4176 2916 4226 Ὧν
2965 4174 3141 4229 τοίνυν
3186 4175 3423 4239 τοιοῦτος
3450 4216 3465 4240 ,
3512 4179 3562 4230 εἰ
3593 4180 3690 4232 καὶ

2106 4265 2521 4336 παραπέπειστο
2565 4266 2670 4318 ὑπὸ
2701 4268 2794 4318 τοῦ
2837 4266 3013 4335 ὄφεως
3033 4307 3047 4329 ,
3099 4268 3309 4335 ἐγίνετο
3339 4269 3501 4321 πάλιν
3530 4271 3691 4339 χρεία

421 4359 528 4413 tur,
568 4348 739 4402 Deum
771 4349 969 4403 iterum
1002 4349 1198 4419 jubere
1237 4360 1290 4404 et
1318 4348 1755 4403 maledictioncm
1788 4350 1998 4406 solvere

2115 4356 2401 4426 προστάξαι
2422 4356 2511 4411 τὸν
2534 4356 2665 4409 Θεὸν
2688 4357 2781 4410 καὶ
2801 4356 2958 4411 λῦσαι
2980 4359 3077 4428 τὴν
3101 4358 3345 4430 κατάραν
3365 4377 3377 4389 θ
3402 4361 3496 4413 καὶ
3515 4359 3691 4427 οὕτως

417 4457 556 4511 opus
586 4441 804 4510 fuisset,
838 4456 1016 4512 eoque
1055 4443 1217 4498 modo
1250 4443 1459 4498 nullum
1498 4442 1661 4497 finem
1698 4454 1992 4499 consecuta

413 4544 560 4591 esset
589 4534 908 4599 necessitas,
965 4532 1323 4599 hominesque
1353 4528 1710 4581 nihilominus
1738 4528 1815 4578 rei
1841 4539 1998 4577 man~

418 4626 641 4690 sissent,
683 4639 746 4679 ac
790 4632 1013 4693 peccato
1057 4621 1393 4675 scrviissent.
1436 4616 1510 4671 Ita
1557 4624 1739 4670 autem
1788 4629 2002 4683 semper

419 4717 725 4786 peccando,
765 4730 983 4784 semper
1023 4715 1364 4769 eondonante
1394 4724 1533 4779 Opus
1562 4707 1904 4767 habuissent,
1938 4719 2003 4759 ac

417 4807 648 4876 proinde
675 4822 955 4876 nunquam
997 4805 1231 4860 fuissent
1260 4801 1496 4867 liberati,
1529 4815 1654 4855 cum
1686 4814 1755 4853 ex
1796 4811 1855 4852 se
1902 4796 2003 4851 toti

420 4897 531 4952 sint
565 4899 774 4964 carnei,
815 4907 980 4967 atque
1012 4897 1082 4952 ob
1102 4892 1679 4950 carnisinlirmitatem
1713 4888 1817 4959 legi
1854 4902 2001 4943 sem-

420 5002 516 5056 per
555 4988 936 5043 succumbant.

616 5098 885 5152 Practerea
925 5099 969 5151 si
1002 5096 1173 5151 Filius
1203 5112 1289 5150 res
1318 5105 1499 5150 creata
1528 5101 1693 5157 esset,
1725 5092 1890 5146 homo
1930 5090 2006 5145 ni-

423 5190 725 5245 hilominus
757 5191 1007 5244 mortalis
1048 5196 1378 5254 remaneret,
1406 5196 1593 5255 utpote
1626 5186 1849 5239 minime
1878 5200 2004 5239 cum

422 5281 534 5337 Deo
558 5285 867 5353 copulatus.
896 5281 1006 5337 Nec
1028 5283 1175 5336 enim
1208 5297 1294 5336 res
1328 5281 1511 5349 aliqua
1543 5290 1726 5334 creata
1757 5294 1844 5334 res
1869 5278 2004 5334 alias

421 5385 636 5430 creatas
672 5391 799 5430 eum
836 5374 947 5430 Deo
976 5385 1158 5444 potest
1184 5373 1536 5443 conjungere,
1580 5386 1705 5425 cum
1734 5371 1848 5440 ipsa
1874 5386 2005 5425 cou-

420 5468 733 5537 jungentcm
796 5469 1034 5538 aliquem
1100 5475 1330 5537 quaerat.
1394 5464 1582 5535 Neque
1637 5478 1766 5534 pars
1823 5463 2005 5533 aliqua

425 5569 618 5613 creata:
647 5568 858 5613 natura:
881 5561 1112 5615 salutem
1140 5559 1217 5614 illi
1250 5569 1435 5628 posset
1466 5556 1661 5613 atIerre
1700 5594 1716 5620 ,
1880 5570 2006 5612 cum

525 5717 537 5745 ¹
569 5719 728 5772 Joan.
762 5734 915 5780 mn,
952 5722 1004 5775 5.
1076 5722 1095 5752 '
1132 5721 1319 5777 Matth.
1348 5736 1437 5782 xx.
1463 5720 1551 5776 28.

2100 4447 2179 4510 εἰς
2202 4446 2428 4517 ἄπειρον
2462 4446 2670 4515 ἐγίνετο
2704 4448 2736 4517 ἡ
2773 4448 2929 4519 χρεία
2951 4487 2964 4511 ,
2998 4450 3089 4501 καὶ
3120 4449 3270 4503 οὐδὲν
3303 4443 3463 4520 ἦττον
3508 4452 3557 4503 οί
3592 4451 3688 4503 άν-

2108 4532 2313 4602 θρωποι
2343 4532 2532 4602 ἔμενον
2562 4531 2851 4585 ὑπεύθυνοι
2878 4574 2891 4595 ,
2927 4533 3267 4595 δουλεύοντες
3294 4537 3358 4604 τῇ
3406 4536 3687 4606 ἁμαρτίᾳο

2106 4624 2194 4677 ἀεὶ
2224 4623 2280 4676 δὲ
2310 4624 2711 4695 ἁμαρτάνοντες
2730 4664 2744 4687 ,
2788 4625 2873 4677 ἀεὶ
2899 4624 3107 4676 ἐδέοντο
3132 4624 3225 4677 τοῦ
3255 4625 3690 4696 συγχωροῦντος,

2110 4716 2202 4769 καὶ
2228 4716 2481 4769 οὐδέποτε
2516 4715 2931 4788 ἠλευθεροῦντο,
3143 4719 3342 4788 σάρκες
3379 4718 3530 4782 ὄντες
3566 4721 3690 4773 καθ’

2110 4807 2334 4870 ἑαυτοὺς
2353 4846 2367 4871 ,
2416 4807 2509 4860 καὶ
2543 4808 2629 4859 ἀεὶ
2658 4806 2957 4879 ἡττώμενοι
3000 4806 3079 4877 τῷ
3111 4808 3260 4878 νόμῳ
3288 4807 3376 4860 διὰ
3402 4810 3500 4879 τὴν
3529 4810 3691 4864 ἀσθέ-

2106 4914 2253 4951 νειαν
2285 4898 2385 4967 τῆς
2412 4898 2637 4969 σαρκός.

2287 5080 2453 5152 Πάλιν
2482 5116 2539 5151 τε
2570 5101 2617 5151 εἰ
2647 5098 2851 5169 κτίσμα
2890 5095 2958 5171 ἦν
2994 5103 3022 5152 6
3064 5100 3222 5165 Υἱὸς,
3281 5100 3471 5171 ἔμενεν
3514 5103 3543 5155 6
3592 5101 3687 5155 ἄν·

2100 5190 2314 5261 θρωπος
2370 5190 2521 5244 οὐδὲν
2563 5186 2725 5262 ἧττον
2766 5190 2978 5262 θνητὸς,
3028 5193 3101 5263 μὴ
3153 5193 3557 5264 συναπτόμενος
3602 5192 3684 5262 τῷ

2098 5281 2217 5352 Θεῷ
2257 5296 2271 5311 ·
2426 5283 2486 5335 οὐ
2532 5282 2640 5353 γὰρ
2666 5282 2873 5353 κτίσμα
2916 5285 3151 5354 συνῆπτε
3201 5285 3268 5338 τὰ
3301 5286 3575 5356 κτίσματα
3603 5286 3682 5356 τῷ

2097 5371 2215 5443 Θεῷ
2234 5415 2247 5439 ,
2273 5371 2468 5442 ζητοῦν
2496 5374 2588 5425 καὶ
2615 5373 2747 5426 αὐτὸ
2767 5374 2857 5426 τὸν
2887 5375 3223 5429 συνάπτοντα
3246 5392 3258 5404 ·
3281 5377 3402 5430 οὐδὲ
3430 5378 3491 5429 τὸ
3518 5378 3682 5449 μέρος

2097 5464 2194 5534 τῆς
2239 5466 2469 5527 κτίσεως
2503 5464 2745 5536 σωτηρία
2777 5465 2876 5536 τῆς
2907 5466 3138 5529 κτίσεως
3178 5467 3243 5520 ἂν
3273 5468 3358 5539 εἴη
3380 5509 3395 5534 ,
3429 5469 3679 5539 δεόμενον

2098 5555 2188 5611 καὶ
2213 5556 2343 5609 αὐτὸ
2369 5557 2659 5627 σωτηρίας.
2688 5557 2807 5612 Ἵνα
2836 5552 2928 5611 οῦν
2962 5558 3096 5629 μηδὲ
3130 5558 3289 5612 τοῦτο
3417 5559 3635 5626 γένηται
3659 5597 3676 5622 ,
