4094 6204
377 315 470 384 401

1355 308 1735 370 PANOPLIA
1792 309 2252 372 DOGMATICA.
2289 333 2352 346 -·
2386 309 2660 374 TlT.Xl.

3521 312 3627 378 402

358 426 565 495 πέμπει
596 421 690 476 τὸν
733 420 927 475 ἑαυτοῦ
980 419 1140 486 Υίδν,
1198 421 1292 473 καὶ⁴
1339 421 1546 488 γίνεται
1581 419 1695 483 υίὸς
1731 419 1942 490 ἀνθρὼ-

2051 414 2168 485 ipsa
2203 414 2378 471 salute
2407 431 2628 502 quoque
2673 417 2930 490 indigeat.
2975 417 3131 484 Quod
3180 433 3246 472 ne
3283 420 3452 484 ﬂoret,
3491 418 3633 473 Deus

355 533 455 568 που
477 555 491 577 ,
527 513 626 585 τὴν
679 511 900 582 κτιστὴν
954 511 1135 582 σάρκα
1185 509 1398 564 λαϐώνσ
1459 511 1557 575 ἵν’,
1592 510 1782 581 ἐπειδὴ
1810 512 1944 564 πάν-

357 623 438 668 τες
473 606 612 658 εἰσιν
646 603 938 657 ὑπεύθυνοι
975 603 1052 674 τῷ
1075 602 1337 673 θανάτῳ,
1373 601 1532 666 ἄλλος
1563 602 1640 655 ὢν
1670 601 1779 654 τῶν
1814 602 1944 656 πάν-

349 716 459 752 των
480 738 494 761 ,
527 698 691 760 αὐτὸς
720 697 863 767 ὑπὲρ
893 696 1110 749 πάντων
1148 695 1208 748 τὸ
1250 694 1380 748 ῖδιον
1413 693 1573 766 σῶμα
1608 693 1686 764 τῷ
1726 693 1940 763 θανάτῳ

349 789 700 860 προσενέγκῃ
721 828 735 852 ,
781 787 875 841 καὶ
903 785 1088 841 λοιπὸν
1108 826 1122 851 ,
1153 787 1229 851 ὡς
1259 786 1475 840 πάντων
1509 786 1576 839 δι’
1608 785 1774 839 αὑτοῦ
1808 787 1944 839 ἀπο-

347 879 646 943 θανόντων,
665 881 693 933 6
719 879 817 950 μὲν
835 878 992 946 λόγος
1011 878 1111 949 τῆς
1133 877 1460 947 ἀποφάσεως
1488 876 1748 949 πληρωθῇ
1791 877 1949 946 (πάν-

343 989 440 1035 τες
470 972 582 1043 γὰρ
612 970 883 1024 ἀπέθανον
916 971 974 1022 ὲν
1007 969 1251 1041 Χριστῷ)
1271 989 1286 1004 ·
1437 969 1637 1032 πάντες
1660 968 1717 1022 δὲ
1746 968 1814 1022 δι’
1846 969 1945 1022 αὐ-

340 1062 443 1117 τοῦ
470 1061 738 1131 γένωνται
767 1061 950 1114 λοιπὸν
980 1059 1254 1132 ἐλεύθεροι
1283 1059 1382 1131 μὲν
1407 1060 1515 1114 ἀπὸ
1540 1059 1638 1131 τῆς
1672 1060 1946 1131 ἁμαρτίας

342 1153 444 1206 καὶ
470 1153 572 1222 τῆς
593 1152 662 1205 δι’
692 1151 861 1223 αὐτὴν
884 1151 1152 1222 κατάρας,
1175 1150 1391 1222 ἀληθῶς
1409 1151 1467 1204 δὲ
1607 1151 1945 1222 διαμείνωσιν

338 1245 529 1298 εἰσαεὶ
585 1243 919 1306 ἀναστάντες
971 1245 1036 1296 ὲκ
1092 1242 1334 1314 νεκρῶν,
1365 1242 1458 1294 καὶ
1511 1241 1810 1296 ἀθανασίαν
1851 1241 1946 1296 καὶ

340 1334 669 1406 ἀφθαρσίαν
698 1334 1071 1404 ἐνδυσάμενοι.
1102 1333 1209 1386 Τοῦ
1242 1331 1353 1403 γὰρ
1372 1331 1546 1400 Λόγου
1578 1331 1944 1402 ὲνδυσαμένου

335 1427 451 1497 τὴν
480 1427 682 1498 σάρκα,
700 1425 885 1489 καθὼς
906 1424 1165 1489 πολλάκις
1189 1424 1478 1488 δέδεικται,
1505 1424 1614 1476 πᾶν
1639 1422 1738 1493 μὲν
1759 1423 1944 1494 δῆγμα

333 1518 446 1573 τοῦ
476 1519 654 1587 ὅψεως
681 1517 748 1571 δι’
781 1517 905 1570 ὅλου
936 1514 1334 1569 κατεσϐέννυτο
1366 1514 1461 1567 ἀπ’
1487 1513 1684 1585 αὺτῆςο
1720 1513 1775 1565 εί
1796 1531 1850 1567 τι
1880 1515 1944 1567 ὲκ

333 1613 460 1668 τῶν
496 1610 777 1684 σαρκικῶν
806 1608 1121 1680 κινημάτων
1148 1605 1411 1675 ἀνεφύετο
1435 1606 1626 1669 κακὸν,
1657 1603 1944 1670 ὲξεκόπτε-

331 1720 408 1758 το
427 1745 446 1770 ,
473 1705 570 1757 καὶ
599 1719 800 1772 συνανῃ
811 1702 954 1772 ρεῖτο
1075 1697 1287 1761 τούτοις
1317 1698 1347 1750 6
1372 1696 1476 1766 τῆς
1511 1695 1790 1768 ἁμαρτίας
1815 1695 1946 1749 ἀκό-

2049 506 2137 561 sni
2169 507 2342 576 ipsius
2371 507 2572 563 Filium
2597 509 2768 576 misit,
2804 509 2898 580 qui
2942 520 3124 566 creata
3153 525 3318 565 carne
3351 520 3631 579 assumpta

2051 596 2230 653 factus
2277 608 2361 654 est
2415 599 2560 656 ﬁlius
2596 601 2856 667 hominis,
2898 610 2958 657 ut
3006 603 3268 672 quoniam
3319 618 3513 656 omnes
3558 604 3635 657 rei

2045 695 2238 742 essent
2267 689 2484 757 mortis,
2518 689 2609 745 ille
2638 691 2730 761 qui
2763 691 2906 746 alius
2933 700 3020 750 est
3067 691 3137 746 ab
3179 691 3460 756 omnibus,
3509 707 3635 761 prn-

2047 780 2225 849 prium
2258 794 2460 851 corpus
2490 797 2588 852 pro
2613 785 2868 838 omnibus
2904 785 3064 838 morti
3095 784 3336 847 olfcrrct,
3368 793 3532 854 atque
3561 785 3635 837 ita

2047 872 2310 929 omnibus
2343 874 2512 929 veluti
2539 889 2634 944 per
2664 875 2842 946 ipsum
2877 878 3132 943 mortuis,
3167 887 3221 932 et
3249 878 3518 932 sententia
3539 879 3636 932 ad-

2048 981 2266 1021 versum
2336 983 2438 1022 nos
2484 968 2593 1023 lata
2643 969 3012 1039 compleretur
3073 973 3304 1039 (omnes
3364 971 3506 1026 enim
3579 971 3634 1024 in

2047 1057 2266 1114 Christo
2297 1060 2500 1116 mortui
2532 1063 2711 1130 sunt),
2753 1072 2804 1116 et
2835 1076 3026 1117 omnes
3062 1062 3317 1131 deinceps
3353 1077 3382 1116 a
3411 1071 3635 1131 peccato

2047 1154 2100 1199 et
2139 1147 2542 1214 maledictione,
2578 1165 2700 1219 qua:
2728 1166 2792 1204 ex
2831 1166 2898 1205 eo
2928 1161 3114 1205 secuta
3160 1161 3262 1216 est,
3309 1167 3403 1221 per
3455 1152 3634 1222 ipsum

2046 1236 2242 1292 tierent
2279 1239 2456 1304 liberi,
2496 1257 2730 1310 vereque
2761 1242 2813 1294 in
2856 1250 3178 1310 perpetuum
3226 1254 3632 1310 permanerent,

2048 1328 2465 1385 immortalitate
2514 1341 2568 1386 et
2594 1333 3024 1403 incorruptione,
3064 1344 3355 1404 postquam
3392 1349 3638 1390 resurre-

2048 1420 2278 1486 xissent,
2307 1423 2504 1478 induti.
2539 1422 2787 1494 Namque
2817 1434 3106 1495 postquam
3145 1427 3380 1482 Verbum
3413 1443 3637 1482 carnem

2047 1513 2247 1580 induit,
2277 1523 2336 1568 ut
2359 1530 2503 1585 smpe
2531 1513 2740 1570 dictum
2767 1524 2872 1583 est,
2903 1516 2972 1572 ab
2992 1533 3054 1572 ea
3086 1518 3391 1574 exstinctus
3422 1519 3638 1589 penitus

2045 1615 2131 1660 est
2155 1607 2425 1676 serpentis
2461 1620 2702 1670 morsus,
2737 1617 2791 1661 et
2822 1607 3090 1677 quidquid
3127 1609 3257 1662 mali
3286 1609 3640 1664 exoriebatur

2044 1713 2111 1752 ex
2145 1697 2332 1752 carnis
2373 1697 2634 1762 motibus,
2672 1699 2964 1767 praecisum
2993 1698 3220 1753 omnino
3253 1709 3357 1766 est,
3385 1716 3454 1756 ac
3481 1701 3640 1756 deni-

331 1793 542 1858 λουθος
566 1793 818 1856 Θάνατος,
843 1791 920 1854 ὠς
953 1788 1114 1852 αὐτὸς
1135 1791 1164 1842 6
1197 1788 1403 1859 Κύριός
1431 1804 1596 1858 φησιν
1614 1805 1628 1818 ·
1668 1789 1944 1856 Ἔρχεται

2051 1803 2151 1860 que
2179 1788 2297 1860 ipsa
2329 1805 2478 1846 mors
2509 1789 2717 1861 peccati
2747 1805 2934 1848 eomes
2960 1791 3065 1847 fuit
3092 1791 3256 1848 simul
3292 1793 3640 1863 interempta,

334 1891 376 1944 ὁ
438 1887 645 1955 ἄρχων
688 1882 796 1937 τοῦ
835 1882 1069 1951 κόσμου
1102 1881 1346 1944 τούτου,
1387 1878 1490 1932 καὶ
1539 1877 1722 1934 οὐδὲν
1780 1879 1942 1948 εὑρί-

334 1993 488 2032 σκει
605 1975 677 2028 ὲν
701 1973 850 2044 ἐμοί·
879 1971 992 2036 καὶ,
1016 1972 1119 2036 Εἰς
1146 1969 1322 2023 τοῦτο
1348 1967 1460 2039 γὰρ
1483 1967 1845 2038 ἐφανερώθη,
1868 1967 1944 2031 ὡς

334 2065 594 2138 ἔγραψεν
626 2064 655 2118 6
695 2063 949 2132 Ἰωάννης
972 2103 987 2128 ,
1030 2062 1132 2116 ἵνα
1155 2061 1321 2139 λύσῃ
1349 2059 1422 2114 τὰ
1443 2059 1588 2131 ἔργα
1620 2060 1726 2114 τοῦ
1756 2059 1945 2114 διαϐό-

334 2163 486 2215 ⁸λου.
510 2158 728 2211 Τούτων
759 2157 816 2210 δὲ
944 2153 1213 2209 λυθέντων
1235 2153 1344 2207 ἀπὸ
1369 2154 1466 2224 τῆς
1494 2153 1717 2226 σαρκὸς,
1743 2154 1945 2219 πάντες

334 2253 495 2306 οὕτω
553 2250 696 2305 κατά
727 2248 825 2320 τὴν
853 2246 1170 2316 συγγένειαν
1202 2245 1304 2315 τῆς
1336 2245 1541 2317 σαρκὸς
1567 2244 1946 2316 ἠλευθερώθη-

341 2363 478 2418 μεν,
507 2345 603 2399 καὶ
621 2343 806 2397 λοιπὸν
837 2320 1080 2414 συν-ἥφθη
1090 2358 1189 2413 μεν
1210 2341 1305 2395 καὶ
1331 2342 1496 2412 ἡμεῖς
1521 2341 1600 2412 τῷ
1614 2341 1792 2412 Λόγῳ.
1813 2342 1947 2395 Συν-

339 2437 624 2508 αφθέντες
655 2437 711 2490 δὲ
741 2435 822 2506 τῷ
875 2434 994 2505 Θεῷ
1015 2477 1030 2500 ,
1064 2433 1246 2486 οὐκέτι
1283 2433 1380 2504 μὲν
1412 2433 1506 2486 ἐπὶ
1539 2433 1644 2504 γῆς
1675 2433 1946 2503 ἀπομένο-

345 2547 457 2602 μεν
485 2568 504 2595 ,
631 2529 746 2584 ἀλλ’
775 2528 850 2592 ὡς
879 2526 1042 2590 αὐτὸς
1066 2519 1244 2593 εἶπεν,
1270 2525 1406 2579 ὅπου
1442 2524 1604 2589 αὐτὸς
1623 2563 1639 2590 ,
1673 2524 1767 2578 καλ⁹
1785 2526 1947 2596 ἡμεῖς

346 2619 614 2694 ἰσόμεθα.

905 2714 1026 2767 Ἕτι
1057 2717 1145 2780 εις
1166 2714 1232 2768 τὸ
1269 2714 1438 2769 αὐτό.

452 2801 520 2856 Ei.
542 2801 725 2856 τοίνυν
745 2806 810 2875 τῇ
838 2804 1000 2876 σοφίᾳ
1039 2807 1072 2874 ἡ
1101 2806 1173 2875 γῆ
1221 2805 1636 2873 τεθεμελίωται,
1669 2807 1837 2872 πῶςό
1863 2808 1952 2863 θε-

383 2891 591 2962 μελιῶν
615 2892 993 2960 θεμελιοῦταις
1035 2895 1194 2948 Ἀλλά
1223 2897 1605 2966 παροιμιωδιίς
1629 2899 1777 2951 ἐστιν
1806 2900 1956 2970 εἰρη-

376 2980 540 3048 μένον
557 2980 650 3032 καλ⁵
667 2977 838 3034 τοῦτο·
862 2981 955 3033 καὶ
967 2980 1047 3033 δεῖ
1065 2983 1158 3035 καὶ
1173 2982 1360 3035 τούτου
1372 2982 1463 3036 τὸν
1480 2982 1604 3035 νοῦν
1753 2984 1955 3054 ζητεῖν,

2045 1887 2105 1933 ιιι
2131 1878 2245 1948 ipse
2281 1877 2545 1936 Dominus
2587 1881 2900 1951 huiusmodi
2942 1882 3126 1940 verbis
3164 1883 3441 1939 declarat:
3486 1881 3640 1938 Venit

2045 1972 2284 2041 princeps
2303 1972 2460 2042 hujus
2495 1974 2700 2039 mundi,
2723 1984 2773 2029 et
2795 1975 2928 2029 nihil
2954 1975 3007 2030 in
3038 1993 3118 2030 me
3145 1977 3360 2047 invenit-
3396 1980 3434 2030 ¹.
3457 1975 3641 2043 ΕιεῙιι

2046 2063 2144 2118 hoc
2175 2066 2316 2118 enim
2349 2067 2620 2135 apparuit,
2653 2067 2733 2122 uti
2755 2066 3258 2138 scripsitJoannes,
3299 2079 3353 2122 ut
3383 2069 3642 2125 dissolvat

2047 2173 2204 2224 opera
2233 2156 2438 2211 diaboli
2482 2165 2524 2213 ί.
2556 2156 2652 2214 His
2686 2169 2872 2214 autem
2905 2175 3070 2216 carne
3111 2160 3414 2230 dissolutis,
3447 2176 3640 2218 omnes

2047 2259 2266 2318 propter
2293 2249 2476 2304 carnis
2497 2252 2883 2320 cognationem
2914 2252 3130 2307 liberali
3159 2269 3374 2321 sumus,
3405 2253 3636 2324 jamque

2047 2354 2151 2395 nos
2178 2340 2341 2394 etiam
2367 2355 2493 2395 cum
2533 2339 2714 2396 Verbo
2753 2343 2993 2412 copulati
3029 2341 3258 2400 fuimus.
3309 2343 3481 2400 Porro
3515 2362 3640 2401 cum

2047 2430 2160 2486 Deo
2187 2432 2488 2500 coniuncti,
2524 2449 2632 2489 non
2666 2435 2904 2504 amplius
2935 2435 2988 2489 in
3027 2445 3171 2492 terra
3201 2437 3637 2499 remanebimus,

2048 2523 2168 2590 sed,
2204 2533 2264 2580 ut
2301 2524 2418 2597 ipse
2451 2525 2590 2583 dixit
2633 2525 2678 2592 ³,
2717 2526 2810 2582 ubi
2840 2526 2928 2583 ille
2975 2527 3100 2596 erit,
3133 2543 3234 2585 nos
3262 2543 3480 2600 quoque
3529 2530 3642 2586 eri-

2568 2715 2635 2766 In
2672 2712 2910 2767 eumdem
2947 2715 3138 2766 locum.

2133 2809 2188 2864 Si
2253 2807 2416 2878 igitur
2475 2802 2741 2873 sapientia
2805 2810 3004 2854 terram
3054 2792 3321 2859 fundavit,
3367 2799 3460 2866 qui
3519 2792 3635 2849 liett‘

2060 2906 2236 2968 potest
2290 2907 2346 2951 ut
2409 2895 2456 2950 is
2512 2892 2605 2963 qui
2664 2891 2888 2954 fundat,
2952 2889 3254 2967 inridetur?
3310 2886 3510 2942 Verum
3581 2886 3633 2938 id

2059 2978 2222 3032 etiam
2251 2978 2524 3048 proverbii
2575 2979 2747 3032 instar
2789 2978 2996 3034 uictum
3050 2986 3166 3044 est,
3201 2977 3428 3048 ejusque
3475 2977 3633 3033 nobis

375 3068 465 3121 ἵνα
497 3067 877 3140 γινώσκωμεν,
915 3071 996 3124 ὅτι
1023 3074 1087 3142 τῇ
1119 3072 1216 3142 μὲν
1243 3072 1406 3142 σοφίᾳ
1431 3073 1458 3125 6
1489 3072 1677 3145 Πατὴρ
1705 3074 1949 3147 δημιουρ-

2060 3071 2350 3140 quaerenda
2383 3069 2707 3140 signiﬁcatio
2739 3080 2824 3126 est
2847 3110 2862 3136 ,
2900 3079 2960 3126 ut
2990 3086 3388 3142 cognoscamus
3415 3069 3630 3126 Patrem

370 3160 481 3225 γεῖ,
507 3159 601 3210 καὶ
626 3157 864 3228 θεμελιοῖ
886 3159 984 3230 τὴν
1002 3159 1105 3229 γῆν
1127 3161 1206 3224 εἰς
1230 3161 1292 3212 τὸ
1312 3155 1450 3214 εἶναι
1475 3161 1696 3233 ἑδραίαν
1723 3163 1816 3216 καὶ
1841 3163 1957 3216 δια-

372 3251 564 3319 μένειν
595 3249 765 3320 αὑτήν
786 3266 800 3280 ·
830 3250 968 3321 αὑτὴ
996 3249 1053 3302 δὲ
1093 3252 1126 3321 ὴ
1172 3252 1332 3320 σοφία
1358 3252 1702 3323 ὲθεμελιοῦτο
1877 3257 1958 3320 είς

369 3342 544 3409 ἡμᾶς,
571 3341 658 3396 ἵνα
678 3343 818 3413 ἀρχὴ
835 3343 927 3396 καὶ
942 3341 1188 3412 θεμέλιος
1210 3343 1309 3414 τῆς
1331 3344 1524 3415 καινῆς
1545 3346 1702 3417 ἡμῶν
1727 3346 1957 3411 κτίσεως

373 3433 472 3485 καὶ
504 3432 896 3496 ἀνακαινίσεως
930 3432 1174 3502 γένηται.
1232 3433 1345 3488 Οὐκ
1377 3435 1563 3506 εῖρηκε
1591 3435 1721 3504 γοῦν
1750 3435 1870 3490 οὐδὲ
1899 3438 1957 3492 ὲν

371 3523 589 3586 τούτοις
617 3559 634 3587 ,
771 3523 884 3595 Πρὸ
911 3522 1005 3576 τοῦ
1024 3521 1218 3587 αίῶνος
1239 3524 1409 3593 Λόγον
1427 3525 1460 3596 ἢ
1483 3525 1610 3578 Υίόν
1641 3543 1710 3598 με
1726 3525 1958 3599 πεποίη-

374 3631 475 3666 κεν
495 3653 510 3676 ,
543 3614 630 3666 ἵνα
665 3613 740 3684 μὴ
763 3613 839 3676 ὼς
871 3614 1044 3685 ἀρχὴν
1068 3614 1164 3686 ἔχῃ
1193 3615 1286 3668 τοῦ
1318 3616 1584 3670 ποιεῖσθαι
1604 3633 1616 3647 ο
1665 3616 1824 3670 τοῦτο
1848 3617 1958 3690 γὰρ

373 3707 485 3778 πρὸ
512 3705 731 3760 πάντων
751 3707 833 3761 δεῖ
860 3708 1059 3778 ζητεῖν,
1091 3711 1140 3761 εί
1171 3709 1298 3773 Υἱός
1324 3709 1459 3773 ἐστι,
1491 3709 1585 3763 καὶ
1613 3710 1742 3781 περὶ
1761 3708 1954 3764 τούτου

367 3794 474 3857 τάς
507 3793 731 3865 Γραφάς
762 3797 1186 3868 προηγουμένως
1219 3799 1460 3870 ὲρευνᾷν.
1507 3799 1678 3852 Τοῦτο
1846 3798 1954 3872 γὰρ

365 3887 592 3942 καὶτῶν
607 3887 918 3942 ἀποστόλων
946 3889 1325 3961 ἐρωτηθέντων
1343 3891 1371 3943 6
1393 3890 1597 3962 Πέτρος
1627 3891 1958 3962 ἀπεκρίνατο

365 3979 546 4048 λέγων
562 3997 578 4014 ο
600 3979 687 4036 Σὺ
715 3975 771 4033 εί
793 3983 826 4034 ό
857 3980 1131 4050 Χριστὸς,
1165 3984 1197 4035 ό
1230 3981 1360 4048 Υἱὸς
1384 3982 1490 4036 τοῦ
1513 3981 1661 4037 Θεοῦ
1689 3982 1798 4037 τοῦ
1817 3981 1955 4044 ζῶν-ο

364 4089 472 4136 τος
505 4085 523 4102 ⁶
690 4072 849 4125 τοῦτο
883 4073 992 4143 γὰρ
1025 4075 1119 4126 καὶ
1145 4075 1174 4126 6
1205 4075 1388 4147 πατὴρ
1414 4074 1514 4144 τῆς
1558 4073 1843 4146 Ἀρειανῆς
1873 4075 1953 4130 αι-

370 4161 579 4230 ρέσεως
603 4161 661 4215 ιν
689 4161 929 4234 πρώτοις
949 4161 1252 4234 ἠρώτησεν,
1298 4167 1366 4218 El
1401 4165 1533 4232 Υἱὸς
1559 4161 1614 4220 εἷ
1632 4165 1739 4220 τοῦ
1780 4165 1948 4219 Θεοῦ.

2059 3162 2326 3232 sapientia
2358 3175 2548 3216 creare
2579 3169 2634 3216 et
2663 3160 2893 3217 fundare
2920 3170 3149 3227 terram,
3186 3169 3245 3215 ut
3269 3159 3423 3215 ﬁrma
3446 3169 3498 3216 et
3521 3169 3633 3215 sta-

2060 3254 2185 3310 bilis
2242 3261 2557 3324 permaneat
2615 3273 2629 3307 :
2694 3253 2867 3323 ipsam
2919 3268 3048 3308 vero
3097 3252 3414 3322 sapientiam
3458 3254 3631 3308 nostri

2058 3360 2224 3402 causa
2246 3360 2370 3402 esse
2392 3344 2696 3412 fundatam,
2720 3353 2781 3399 ut
2802 3343 3052 3399 videlicet
3077 3353 3276 3398 nostra:
3300 3359 3452 3398 novae
3477 3359 3632 3399 crea-

2058 3432 2224 3489 tionis
2273 3441 2328 3488 et
2372 3433 2746 3489 renovationis
2791 3432 3118 3502 principium
3154 3431 3305 3486 ﬁeret
3336 3441 3391 3488 et
3441 3431 3633 3487 fut-nta-

2058 3532 2322 3580 mentum.
2353 3522 2493 3579 Hinc
2513 3539 2616 3580 nec
2647 3540 2714 3580 eo
2744 3524 2797 3578 in
2829 3525 2951 3579 loco
2983 3524 3094 3578 ait:
3131 3523 3268 3578 Ante
3303 3539 3476 3578 savum
3508 3522 3633 3577 Ver-

2059 3615 2186 3670 bum
2215 3615 2302 3671 vel
2339 3614 2540 3670 Filium
2588 3631 2675 3670 me
2721 3614 2882 3679 fecit,
2919 3630 2986 3670 ne
3024 3615 3211 3684 quasi'
3237 3614 3484 3682 initium,
3525 3631 3633 3685 quo

2057 3705 2174 3759 iieri
2201 3705 2484 3776 crepisset,
2524 3707 2724 3760 habere
2750 3706 3080 3761 crederetur.
3122 3704 3369 3776 Namque
3414 3707 3466 3761 id
3506 3716 3632 3761 ante

2057 3794 2241 3851 omnia
2271 3795 2627 3866 quaarendum
2659 3805 2777 3861 est,
2806 3795 2853 3851 si
2905 3811 3100 3866 nempe
3143 3795 3314 3852 Filius
3364 3795 3478 3865 ipse
3512 3808 3628 3858 est,

2057 3899 2230 3955 caque
2261 3885 2329 3941 de
2352 3901 2410 3940 re
2440 3884 2736 3956 Scriptura:
2767 3893 2896 3940 sunt
2916 3886 3186 3956 prmeipue
3215 3887 3542 3941 scrutandaa.
3573 3886 3629 3940 Id

2057 3974 2202 4028 enim
2232 3990 2357 4030 cum
2397 3975 2868 4044 interrogarentur
2899 3984 2955 4030 et
3000 3974 3101 4044 ipsi
3135 3975 3401 4044 apostoli,
3434 3973 3630 4030 Petrus

2054 4066 2127 4120 ita
2150 4067 2459 4136 respondit:
2492 4065 2568 4121 Tu
2599 4083 2651 4121 es
2683 4066 2948 4134 Christus,
2977 4065 3154 4121 Filius
3188 4066 3288 4120 Dei
3321 4067 3534 4121 viventis
3581 4069 3622 4116 ⁵.

2053 4153 2200 4211 Idem
2257 4171 2387 4212 vero
2441 4165 2495 4211 et
2547 4157 2664 4226 ipse
2692 4165 2846 4228 pater
2892 4157 3109 4212 Arianae
3147 4157 3371 4215 haeresis
3420 4157 3473 4211 in
3519 4157 3630 4226 pri-

369 4255 532 4326 ᾜδει
559 4255 668 4327 γάρ
688 4295 704 4320 ,
733 4257 814 4310 ὃτι
838 4255 996 4310 τοῦτο
1023 4257 1170 4311 ἐστιν
1197 4260 1230 4329 ἡ
1255 4257 1477 4330 ἀλήθεια
1504 4297 1519 4319 ,
1567 4257 1660 4312 καὶ
1679 4257 1741 4312 τὸ
1767 4257 1949 4329 κύριον

2055 4251 2158 4305 mis
2186 4258 2576 4320 percunctatus
2605 4259 2720 4317 est,
2744 4250 2805 4306 Si
2833 4249 3011 4305 Filius
3040 4250 3138 4304 Dei
3169 4267 3222 4306 es
3281 4251 3320 4304 ⁸.
3347 4248 3460 4305 Hoc
3484 4250 3628 4304 enim

365 4347 470 4416 τῆς
491 4347 729 4411 πίστεως
745 4349 778 4418 ἡ
787 4347 903 4419 μῶν
918 4364 932 4377 ·
951 4349 1047 4401 καὶ
1061 4349 1162 4415 ὄτι,
1180 4348 1275 4401 ὲάν
1295 4349 1394 4420 μὲν
1412 4349 1572 4413 αὐτὸς
1590 4345 1665 4424 ᾖὸ
1781 4346 1908 4411 Υἱὸς
1933 4390 1947 4413 ,

365 4436 524 4501 τέλος
551 4437 661 4502 ἕξει
687 4439 719 4508 ή
744 4438 1023 4512 διαϐολικὴ
1051 4441 1332 4512 τυραννίς·
1359 4441 1452 4494 ἐὰν
1477 4442 1533 4496 δὲ
1556 4441 1761 4514 κτίσμα
1783 4437 1842 4516 ᾖ,
1872 4437 1952 4506 εἷς

367 4527 489 4581 ἔστι
517 4528 613 4582 καὶ⁷
650 4528 812 4593 αὐτὸς
856 4529 964 4582 τῶν
994 4530 1058 4583 ὲκ
1102 4529 1195 4584 τοῦ
1250 4531 1420 4603 Ἀδὰμ
1443 4531 1536 4585 τοῦ
1582 4533 1952 4603 ἀπατηθέντος

370 4620 508 4687 παρ’
538 4617 704 4672 αὑτοῦ
732 4657 748 4685 ,
929 4621 1023 4674 καὶ
1050 4622 1274 4694 οὐδεμία
1308 4625 1525 4696 φροντὶς
1562 4620 1629 4695 ἦν
1659 4623 1824 4695 αὐτῷ.
1855 4625 1951 4678 Διά

369 4709 528 4762 τοῦτο
553 4709 649 4763 καὶ
676 4711 726 4762 οἱ
754 4709 875 4763 τότε
906 4711 1144 4767 Ἰουδαῖοι
1172 4716 1536 4784 ἠγανάκτουν,
1564 4718 1644 4770 ὅτι
1689 4717 1719 4769 6
1745 4717 1950 4790 Κύριος

369 4797 500 4850 Υίὺν
517 4797 652 4851 Θεοῦ
681 4799 871 4854 ἑαυτὸν
893 4801 987 4855 καὶ
1015 4803 1236 4874 Πατέρα
1259 4804 1388 4859 ἴδιον
1411 4805 1598 4875 ἔλεγεν
1759 4805 1950 4861 ἑαυτοῦ

370 4883 512 4942 εἶναι
539 4890 632 4943 τὸν
660 4889 814 4945 Θεόν.
845 4893 909 4945 Et
936 4895 1044 4965 γάρ
1077 4891 1145 4968 ἦν
1166 4897 1356 4950 ἑαυτὸν
1388 4897 1484 4949 ἕνα
1505 4896 1610 4950 τῶν
1636 4895 1950 4965 κτισμάτων

368 4979 608 5051 εἰρηκὼς
628 5021 643 5044 ,
683 4981 715 5053 ἦ
741 4983 823 5036 ὅτι
847 4985 1068 5057 Ποίημά
1096 4987 1211 5056 ειμι
1233 5026 1248 5050 ,
1279 4989 1377 5041 οὑκ
1406 4985 1953 5055 ὲξενίζοντορκούον-

368 5089 494 5137 τες,
529 5073 652 5127 οὐδὲ
687 5075 1036 5148 βλασφημίαν
1065 5077 1311 5149 ἐνόμιζον
1345 5077 1414 5132 τά
1444 5077 1668 5133 τοιαῦτα
1705 5079 1947 5150 ῥήματα,

369 5164 571 5228 εἰδότες
605 5167 701 5220 καὶ
732 5167 978 5236 ἀγγέλων
1007 5170 1304 5242 ἐπιδημίαν
1329 5173 1626 5242 γενομένην
1657 5171 1792 5242 πρὸς
1823 5172 1947 5236 τοὺς

369 5255 617 5325 πατέρας
636 5274 650 5287 ·
678 5257 791 5311 ἀλλ’
817 5257 1003 5330 ἐπειδὴ
1036 5260 1162 5313 Υἱδν
1186 5261 1377 5314 ἑαυτὸν
1411 5262 1596 5330 ἔλεγεν
1618 5303 1636 5331 ,
1789 5260 1949 5314 ἐθεώ-

375 5361 504 5418 ρουν
537 5344 614 5417 μὴ
636 5344 932 5416 κτίσματος
961 5342 1103 5401 εἶναι
1129 5359 1191 5401 το
1213 5347 1453 5404 τοιοῦτον
1473 5348 1785 5422 γνώρισμα,
1812 5349 1948 5426 ἀλλά

374 5439 628 5511 θεότητος
654 5438 748 5492 καὶ
775 5438 990 5510 φύσεως
1021 5441 1317 5514 πατρικῆς.

452 5706 467 5739 ⁸
499 5703 658 5765 «Ιοιιιι.
692 5724 806 5776 XIV,
830 5710 918 5766 50.
996 5711 1059 5766 'l
1089 5708 1245 5767 Joan.
1278 5729 1358 5781 ιιι,
1395 5714 1448 5769 8.
1525 5716 1544 5747 ³
1575 5713 1732 5772 Joan.
1767 5732 1879 5782 xtv,
1915 5718 1965 5770 5.

2053 4342 2342 4396 veritatem
2371 4350 2425 4396 et
2455 4342 2789 4412 praecipuum
2820 4351 3022 4398 nostra:
3051 4342 3174 4398 ﬁdei
3217 4341 3628 4396 fundamentum

2053 4449 2175 4490 esse
2207 4449 2316 4488 non
2351 4435 2674 4504 ignorabat,
2708 4444 2795 4499 et,
2833 4435 2880 4490 si
2913 4435 3028 4504 ipse
3060 4444 3206 4489 esset
3237 4433 3432 4499 Filius,
3466 4431 3628 4487 tinem

2055 4525 2362 4579 habituram
2395 4539 2519 4581 esse
2550 4525 2874 4581 diabolicam
2911 4525 3252 4599 tyrannidem
3288 4544 3304 4581 :
3331 4527 3414 4581 sin
3447 4535 3628 4579 autem

2055 4627 2272 4673 creatus
2311 4627 2498 4685 esset,
2535 4634 2703 4673 unum
2763 4634 2982 4689 quoque
3035 4634 3160 4680 eum
3214 4633 3337 4674 esse
3377 4634 3442 4672 ex
3499 4618 3629 4671 Atla:

2055 4711 2290 4780 posteris
2329 4725 2491 4780 quem
2527 4710 2659 4764 olim
2683 4709 2934 4778 decepit,
2977 4710 3312 4780 proindcque
3351 4708 3483 4764 nihil
3525 4709 3626 4762 hoc

2056 4803 2358 4855 curandum
2381 4816 2522 4856 esse.
2544 4800 2618 4854 Ea
2644 4800 2895 4856 similiter
2918 4800 2986 4855 de
3008 4816 3174 4855 causa
3190 4799 3362 4853 Judaei
3385 4799 3628 4868 indigna-

2053 4893 2252 4947 bantur
2274 4931 2289 4956 ,
2326 4893 2471 4962 quod
2497 4891 2763 4946 Dominus
2794 4907 2854 4947 se
2883 4890 3079 4946 Filium
3106 4890 3235 4956 Dei,
3259 4899 3313 4945 et
3336 4889 3505 4945 Deum
3541 4891 3627 4944 sui

2054 4985 2334 5055 proprium
2368 4982 2583 5039 Patrem
2612 4984 2838 5040 diceret.
2873 4981 3007 5038 Nam
3041 4983 3085 5039 si
3123 4998 3182 5038 se
3214 4998 3379 5037 unam
3414 4998 3444 5036 e
3475 4998 3628 5036 crea-

2054 5077 2122 5130 tis
2146 5075 2309 5130 rebus
2337 5075 2418 5130 vel
2446 5074 2648 5130 factum
2679 5089 2798 5130 esse
2846 5075 3104 5140 dixisset,
3163 5075 3298 5134 nihil
3355 5074 3477 5130 illos
3507 5087 3628 5142 per-

2055 5168 2369 5222 turbassent
2405 5166 2721 5236 huiusmodi
2744 5166 2939 5228 verba,
2971 5181 3070 5220 nec
3123 5165 3289 5235 impia
3322 5179 3441 5219 esse
3488 5164 3628 5233 judi-

2053 5267 2298 5322 cassent,
2335 5265 2526 5326 utpote
2556 5256 2758 5329 quibus
2788 5271 2894 5314 non
2923 5256 3123 5311 latebat
3143 5255 3369 5326 angelos
3402 5253 3532 5308 olim
3556 5252 3625 5306 ad

2051 5363 2184 5407 suos
2207 5355 2390 5418 patres
2420 5345 2740 5402 accessisse.
2771 5345 2969 5401 Verum
2999 5346 3126 5415 quia
3156 5358 3215 5399 se
3248 5342 3446 5398 Filium
3471 5343 3621 5398 dico-

2053 5442 2166 5503 bat,
2208 5441 2258 5494 id
2296 5453 2401 5492 non
2437 5439 2514 5492 rei
2561 5447 2778 5502 creata,
2812 5437 2910 5492 sed
2939 5436 3240 5492 divinitatis
3293 5450 3356 5492 ac
3388 5443 3628 5506 paternas

2055 5545 2263 5587 natura:
2298 5541 2478 5584 notant
2511 5544 2634 5588 esse
2663 5528 3080 5598 perspiciebant.

2044 5719 2064 5749 ⁸
2103 5716 2290 5772 Mnt'h.
2326 5732 2436 5782 xu,
2484 5717 2565 5770 16'.
2644 5719 2663 5748 '
2698 5716 2887 5772 Matth.
2931 5733 3002 5777 tv,
3035 5717 3089 5773 6.
