  <div class='ocr_page' id='page_1' title='image "/cluster/home/n/w/nwhite01/storage/ocr_20150623/130/hvd.32044073502387/207.png"; bbox 0 0 4094 6204; ppageno 0'>
   <div class='ocr_carea' id='block_1_1' title="bbox 436 279 540 340">
    <p class='ocr_par' dir='ltr' id='par_1_1' title="bbox 436 279 540 340">
     <span class='ocr_line' id='line_1_1' title="bbox 436 279 540 340; baseline 0.01 -1"><span class='ocrx_word' id='word_1_1' title='bbox 436 279 540 340; x_wconf 76' lang='grc'><strong>403</strong></span> 
     </span>
    </p>
   </div>
   <div class='ocr_carea' id='block_1_2' title="bbox 431 471 2003 554">
    <p class='ocr_par' dir='ltr' id='par_1_2' title="bbox 431 471 2003 554">
     <span class='ocr_line' id='line_1_2' title="bbox 431 471 2003 554; baseline -0.003 -16"><span class='ocrx_word' id='word_1_2' title='bbox 431 493 639 554; x_wconf 89' lang='lat' dir='ltr'><strong>patrem</strong></span> <span class='ocrx_word' id='word_1_3' title='bbox 657 483 958 548; x_wconf 89' lang='lat' dir='ltr'><strong>diabolum,</strong></span> <span class='ocrx_word' id='word_1_4' title='bbox 976 481 1214 552; x_wconf 84' lang='lat' dir='ltr'><strong>quidque</strong></span> <span class='ocrx_word' id='word_1_5' title='bbox 1239 481 1314 532; x_wconf 92' lang='lat' dir='ltr'><strong>rei</strong></span> <span class='ocrx_word' id='word_1_6' title='bbox 1331 487 1475 533; x_wconf 87' lang='lat' dir='ltr'><strong>esset</strong></span> <span class='ocrx_word' id='word_1_7' title='bbox 1497 471 1792 546; x_wconf 82' lang='lat' dir='ltr'><strong>inquirere,</strong></span> <span class='ocrx_word' id='word_1_8' title='bbox 1818 479 1890 542; x_wconf 89' lang='lat' dir='ltr'><strong>ita</strong></span> <span class='ocrx_word' id='word_1_9' title='bbox 1926 488 2003 542; x_wconf 86' lang='lat' dir='ltr'><strong>ut,</strong></span> 
     </span>
    </p>
   </div>
   <div class='ocr_carea' id='block_1_3' title="bbox 431 567 2006 645">
    <p class='ocr_par' dir='ltr' id='par_1_3' title="bbox 431 567 2006 645">
     <span class='ocr_line' id='line_1_3' title="bbox 431 567 2006 645; baseline -0.005 -14"><span class='ocrx_word' id='word_1_10' title='bbox 431 576 480 632; x_wconf 87' lang='lat' dir='ltr'><strong>si</strong></span> <span class='ocrx_word' id='word_1_11' title='bbox 511 576 738 631; x_wconf 79' lang='lat' dir='ltr'><strong>dixisset</strong></span> <span class='ocrx_word' id='word_1_12' title='bbox 759 575 999 645; x_wconf 87' lang='lat' dir='ltr'><strong>quidem,</strong></span> <span class='ocrx_word' id='word_1_13' title='bbox 1042 571 1269 626; x_wconf 83' lang='lat' dir='ltr'><strong>Verbum</strong></span> <span class='ocrx_word' id='word_1_14' title='bbox 1299 570 1381 625; x_wconf 85' lang='lat' dir='ltr'><strong>vel</strong></span> <span class='ocrx_word' id='word_1_15' title='bbox 1411 569 1607 624; x_wconf 87' lang='lat' dir='ltr'><strong>Filium</strong></span> <span class='ocrx_word' id='word_1_16' title='bbox 1633 584 1720 623; x_wconf 90' lang='lat' dir='ltr'><strong>me</strong></span> <span class='ocrx_word' id='word_1_17' title='bbox 1737 567 2006 635; x_wconf 87' lang='lat' dir='ltr'><strong>fundavit,</strong></span> 
     </span>
    </p>
   </div>
   <div class='ocr_carea' id='block_1_4' title="bbox 431 661 2008 742">
    <p class='ocr_par' dir='ltr' id='par_1_4' title="bbox 431 661 2008 742">
     <span class='ocr_line' id='line_1_4' title="bbox 431 661 2008 742; baseline -0.002 -23"><span class='ocrx_word' id='word_1_18' title='bbox 431 666 577 720; x_wconf 90' lang='lat' dir='ltr'><strong>idem</strong></span> <span class='ocrx_word' id='word_1_19' title='bbox 613 667 875 722; x_wconf 90' lang='lat' dir='ltr'><strong>sentirent</strong></span> <span class='ocrx_word' id='word_1_20' title='bbox 908 671 1241 742; x_wconf 69' lang='lat' dir='ltr'><strong>atquenunc</strong></span> <span class='ocrx_word' id='word_1_21' title='bbox 1259 662 1504 716; x_wconf 91' lang='lat' dir='ltr'><strong>sentiunt</strong></span> <span class='ocrx_word' id='word_1_22' title='bbox 1528 680 1541 715; x_wconf 92' lang='lat'><strong>:</strong></span> <span class='ocrx_word' id='word_1_23' title='bbox 1567 671 1621 715; x_wconf 90' lang='lat' dir='ltr'><strong>at</strong></span> <span class='ocrx_word' id='word_1_24' title='bbox 1657 661 1701 715; x_wconf 91' lang='lat' dir='ltr'><strong>si</strong></span> <span class='ocrx_word' id='word_1_25' title='bbox 1748 676 1856 715; x_wconf 90' lang='lat' dir='ltr'><strong>non</strong></span> <span class='ocrx_word' id='word_1_26' title='bbox 1893 662 2008 716; x_wconf 74' lang='lat' dir='ltr'><strong>hzec</strong></span> 
     </span>
    </p>
   </div>
   <div class='ocr_carea' id='block_1_5' title="bbox 430 754 2004 826">
    <p class='ocr_par' dir='ltr' id='par_1_5' title="bbox 430 754 2004 826">
     <span class='ocr_line' id='line_1_5' title="bbox 430 754 2004 826; baseline -0.001 -17"><span class='ocrx_word' id='word_1_27' title='bbox 430 756 551 826; x_wconf 84' lang='lat' dir='ltr'><strong>ejus</strong></span> <span class='ocrx_word' id='word_1_28' title='bbox 585 764 768 812; x_wconf 88' lang='lat' dir='ltr'><strong>essent</strong></span> <span class='ocrx_word' id='word_1_29' title='bbox 794 754 957 809; x_wconf 87' lang='lat' dir='ltr'><strong>verba</strong></span> <span class='ocrx_word' id='word_1_30' title='bbox 980 794 994 818; x_wconf 95' lang='lat'><strong>,</strong></span> <span class='ocrx_word' id='word_1_31' title='bbox 1028 769 1091 807; x_wconf 88' lang='lat' dir='ltr'><strong>ea</strong></span> <span class='ocrx_word' id='word_1_32' title='bbox 1124 769 1343 823; x_wconf 89' lang='lat' dir='ltr'><strong>quoque</strong></span> <span class='ocrx_word' id='word_1_33' title='bbox 1367 769 1490 823; x_wconf 68' lang='lat' dir='ltr'><strong>quae</strong></span> <span class='ocrx_word' id='word_1_34' title='bbox 1532 769 1639 807; x_wconf 92' lang='lat' dir='ltr'><strong>non</strong></span> <span class='ocrx_word' id='word_1_35' title='bbox 1674 762 1857 808; x_wconf 86' lang='lat' dir='ltr'><strong>essent</strong></span> <span class='ocrx_word' id='word_1_36' title='bbox 1894 769 2004 807; x_wconf 88' lang='lat' dir='ltr'><strong>non</strong></span> 
     </span>
    </p>
   </div>
   <div class='ocr_carea' id='block_1_6' title="bbox 431 843 2004 909">
    <p class='ocr_par' dir='ltr' id='par_1_6' title="bbox 431 843 2004 909">
     <span class='ocr_line' id='line_1_6' title="bbox 431 843 2004 909; baseline -0.003 -9"><span class='ocrx_word' id='word_1_37' title='bbox 431 845 995 900; x_wconf 90' lang='lat' dir='ltr'><strong>comminiscerenlur.</strong></span> <span class='ocrx_word' id='word_1_38' title='bbox 1050 845 1162 898; x_wconf 88' lang='lat' dir='ltr'><strong>Nec</strong></span> <span class='ocrx_word' id='word_1_39' title='bbox 1212 844 1356 898; x_wconf 91' lang='lat' dir='ltr'><strong>enim</strong></span> <span class='ocrx_word' id='word_1_40' title='bbox 1410 843 1580 909; x_wconf 79' lang='lat' dir='ltr'><strong>dixit,</strong></span> <span class='ocrx_word' id='word_1_41' title='bbox 1634 843 1773 897; x_wconf 87' lang='lat' dir='ltr'><strong>Ante</strong></span> <span class='ocrx_word' id='word_1_42' title='bbox 1830 857 2004 897; x_wconf 67' lang='lat' dir='ltr'><strong>mrum</strong></span> 
     </span>
    </p>
   </div>
   <div class='ocr_carea' id='block_1_7' title="bbox 431 934 2006 1002">
    <p class='ocr_par' dir='ltr' id='par_1_7' title="bbox 431 934 2006 1002">
     <span class='ocr_line' id='line_1_7' title="bbox 431 934 2006 1002; baseline -0.001 -14"><span class='ocrx_word' id='word_1_43' title='bbox 431 936 669 990; x_wconf 85' lang='lat' dir='ltr'><strong>Verbum</strong></span> <span class='ocrx_word' id='word_1_44' title='bbox 706 935 788 988; x_wconf 86' lang='lat' dir='ltr'><strong>vel</strong></span> <span class='ocrx_word' id='word_1_45' title='bbox 829 934 1026 988; x_wconf 88' lang='lat' dir='ltr'><strong>Filium</strong></span> <span class='ocrx_word' id='word_1_46' title='bbox 1061 951 1146 990; x_wconf 90' lang='lat' dir='ltr'><strong>me</strong></span> <span class='ocrx_word' id='word_1_47' title='bbox 1170 934 1454 999; x_wconf 76' lang='lat' dir='ltr'><strong>fundavit,</strong></span> <span class='ocrx_word' id='word_1_48' title='bbox 1489 935 1581 989; x_wconf 90' lang='lat' dir='ltr'><strong>sed</strong></span> <span class='ocrx_word' id='word_1_49' title='bbox 1619 942 1852 1000; x_wconf 89' lang='lat' dir='ltr'><strong>tantum,</strong></span> <span class='ocrx_word' id='word_1_50' title='bbox 1885 934 2006 1002; x_wconf 79' lang='lat' dir='ltr'><strong>{uu-</strong></span> 
     </span>
    </p>
   </div>
   <div class='ocr_carea' id='block_1_8' title="bbox 428 1027 2003 1096">
    <p class='ocr_par' dir='ltr' id='par_1_8' title="bbox 428 1027 2003 1096">
     <span class='ocr_line' id='line_1_8' title="bbox 428 1027 2003 1096; baseline -0.002 -14"><span class='ocrx_word' id='word_1_51' title='bbox 428 1030 706 1094; x_wconf 80' lang='lat' dir='ltr'><strong>davitme,</strong></span> <span class='ocrx_word' id='word_1_52' title='bbox 768 1037 826 1081; x_wconf 91' lang='lat' dir='ltr'><strong>ut</strong></span> <span class='ocrx_word' id='word_1_53' title='bbox 868 1028 1128 1081; x_wconf 88' lang='lat' dir='ltr'><strong>nimirum</strong></span> <span class='ocrx_word' id='word_1_54' title='bbox 1187 1028 1486 1091; x_wconf 85' lang='lat' dir='ltr'><strong>indicaret,</strong></span> <span class='ocrx_word' id='word_1_55' title='bbox 1539 1027 2003 1096; x_wconf 89' lang='lat' dir='ltr'><strong>quemadmodum</strong></span> 
     </span>
    </p>
   </div>
   <div class='ocr_carea' id='block_1_9' title="bbox 423 1117 2005 1187">
    <p class='ocr_par' dir='ltr' id='par_1_9' title="bbox 423 1117 2005 1187">
     <span class='ocr_line' id='line_1_9' title="bbox 423 1117 2005 1187; baseline 0.001 -19"><span class='ocrx_word' id='word_1_56' title='bbox 423 1117 534 1187; x_wconf 85' lang='lat' dir='ltr'><strong>jam</strong></span> <span class='ocrx_word' id='word_1_57' title='bbox 558 1117 875 1180; x_wconf 89' lang='lat' dir='ltr'><strong>observavi,</strong></span> <span class='ocrx_word' id='word_1_58' title='bbox 897 1133 1004 1170; x_wconf 89' lang='lat' dir='ltr'><strong>non</strong></span> <span class='ocrx_word' id='word_1_59' title='bbox 1036 1126 1254 1186; x_wconf 81' lang='lat' dir='ltr'><strong>propter</strong></span> <span class='ocrx_word' id='word_1_60' title='bbox 1284 1135 1364 1182; x_wconf 87' lang='lat' dir='ltr'><strong>se,</strong></span> <span class='ocrx_word' id='word_1_61' title='bbox 1398 1117 1490 1171; x_wconf 89' lang='lat' dir='ltr'><strong>scd</strong></span> <span class='ocrx_word' id='word_1_62' title='bbox 1519 1125 1736 1186; x_wconf 89' lang='lat' dir='ltr'><strong>propter</strong></span> <span class='ocrx_word' id='word_1_63' title='bbox 1764 1117 1885 1171; x_wconf 90' lang='lat' dir='ltr'><strong>illos</strong></span> <span class='ocrx_word' id='word_1_64' title='bbox 1911 1118 2005 1186; x_wconf 87' lang='lat' dir='ltr'><strong>qui</strong></span> 
     </span>
    </p>
   </div>
   <div class='ocr_carea' id='block_1_10' title="bbox 427 1207 2005 1278">
    <p class='ocr_par' dir='ltr' id='par_1_10' title="bbox 427 1207 2005 1278">
     <span class='ocr_line' id='line_1_10' title="bbox 427 1207 2005 1278; baseline 0.001 -17"><span class='ocrx_word' id='word_1_65' title='bbox 427 1223 592 1277; x_wconf 83' lang='lat' dir='ltr'><strong>super</strong></span> <span class='ocrx_word' id='word_1_66' title='bbox 623 1208 799 1278; x_wconf 88' lang='lat' dir='ltr'><strong>ipsum</strong></span> <span class='ocrx_word' id='word_1_67' title='bbox 823 1209 1158 1262; x_wconf 63' lang='lat' dir='ltr'><strong>aedificantur</strong></span> <span class='ocrx_word' id='word_1_68' title='bbox 1179 1249 1193 1272; x_wconf 90' lang='lat'><strong>,</strong></span> <span class='ocrx_word' id='word_1_69' title='bbox 1225 1209 1360 1275; x_wconf 78' lang='lat' dir='ltr'><strong>haec,</strong></span> <span class='ocrx_word' id='word_1_70' title='bbox 1393 1208 1666 1277; x_wconf 89' lang='lat' dir='ltr'><strong>proverbii</strong></span> <span class='ocrx_word' id='word_1_71' title='bbox 1695 1207 1886 1274; x_wconf 85' lang='lat' dir='ltr'><strong>instar,</strong></span> <span class='ocrx_word' id='word_1_72' title='bbox 1925 1209 2005 1263; x_wconf 91' lang='lat' dir='ltr'><strong>lo-</strong></span> 
     </span>
    </p>
   </div>
   <div class='ocr_carea' id='block_1_11' title="bbox 426 1297 2004 1368">
    <p class='ocr_par' dir='ltr' id='par_1_11' title="bbox 426 1297 2004 1368">
     <span class='ocr_line' id='line_1_11' title="bbox 426 1297 2004 1368; baseline -0.001 -16"><span class='ocrx_word' id='word_1_73' title='bbox 426 1309 612 1352; x_wconf 73' lang='lat' dir='ltr'><strong>cutum</strong></span> <span class='ocrx_word' id='word_1_74' title='bbox 645 1314 784 1354; x_wconf 89' lang='lat' dir='ltr'><strong>esse.</strong></span> <span class='ocrx_word' id='word_1_75' title='bbox 824 1297 878 1351; x_wconf 91' lang='lat' dir='ltr'><strong>ld</strong></span> <span class='ocrx_word' id='word_1_76' title='bbox 902 1299 1101 1368; x_wconf 79' lang='lat' dir='ltr'><strong>Optime</strong></span> <span class='ocrx_word' id='word_1_77' title='bbox 1150 1299 1482 1366; x_wconf 78' lang='lat' dir='ltr'><strong>intelligebat</strong></span> <span class='ocrx_word' id='word_1_78' title='bbox 1538 1298 1829 1368; x_wconf 78' lang='lat' dir='ltr'><strong>Apostolus</strong></span> <span class='ocrx_word' id='word_1_79' title='bbox 1877 1312 2004 1352; x_wconf 89' lang='lat' dir='ltr'><strong>cum</strong></span> 
     </span>
    </p>
   </div>
   <div class='ocr_carea' id='block_1_12' title="bbox 426 1386 2005 1459">
    <p class='ocr_par' dir='ltr' id='par_1_12' title="bbox 426 1386 2005 1459">
     <span class='ocr_line' id='line_1_12' title="bbox 426 1386 2005 1459; baseline -0.003 -16"><span class='ocrx_word' id='word_1_80' title='bbox 426 1389 501 1443; x_wconf 86' lang='lat' dir='ltr'><strong>ita</strong></span> <span class='ocrx_word' id='word_1_81' title='bbox 530 1389 749 1459; x_wconf 85' lang='lat' dir='ltr'><strong>scripsit</strong></span> <span class='ocrx_word' id='word_1_82' title='bbox 791 1407 802 1442; x_wconf 93' lang='lat'>:</span> <span class='ocrx_word' id='word_1_83' title='bbox 851 1387 1277 1441; x_wconf 82' lang='lat' dir='ltr'><strong>Fundamentum</strong></span> <span class='ocrx_word' id='word_1_84' title='bbox 1316 1386 1471 1439; x_wconf 80' lang='lat' dir='ltr'><strong>aliud</strong></span> <span class='ocrx_word' id='word_1_85' title='bbox 1525 1403 1673 1440; x_wconf 74' lang='lat' dir='ltr'><strong>nemo</strong></span> <span class='ocrx_word' id='word_1_86' title='bbox 1712 1395 1878 1455; x_wconf 80' lang='lat' dir='ltr'><strong>potest</strong></span> <span class='ocrx_word' id='word_1_87' title='bbox 1910 1401 2005 1456; x_wconf 83' lang='lat' dir='ltr'><strong>po-</strong></span> 
     </span>
    </p>
   </div>
   <div class='ocr_carea' id='block_1_13' title="bbox 426 1463 2001 1548">
    <p class='ocr_par' dir='ltr' id='par_1_13' title="bbox 426 1475 2001 1548">
     <span class='ocr_line' id='line_1_13' title="bbox 426 1475 2001 1548; baseline -0.001 -16"><span class='ocrx_word' id='word_1_88' title='bbox 426 1496 583 1542; x_wconf 82' lang='lat' dir='ltr'><strong>nere,</strong></span> <span class='ocrx_word' id='word_1_89' title='bbox 615 1483 807 1548; x_wconf 65' lang='lat' dir='ltr'><strong>prater</strong></span> <span class='ocrx_word' id='word_1_90' title='bbox 848 1479 899 1531; x_wconf 84' lang='lat' dir='ltr'><strong>id</strong></span> <span class='ocrx_word' id='word_1_91' title='bbox 937 1478 1074 1548; x_wconf 85' lang='lat' dir='ltr'><strong>quod</strong></span> <span class='ocrx_word' id='word_1_92' title='bbox 1107 1479 1335 1547; x_wconf 79' lang='lat' dir='ltr'><strong>positum</strong></span> <span class='ocrx_word' id='word_1_93' title='bbox 1382 1486 1493 1544; x_wconf 86' lang='lat' dir='ltr'><strong>est,</strong></span> <span class='ocrx_word' id='word_1_94' title='bbox 1533 1478 1671 1546; x_wconf 89' lang='lat' dir='ltr'><strong>quod</strong></span> <span class='ocrx_word' id='word_1_95' title='bbox 1724 1488 1797 1530; x_wconf 85' lang='lat' dir='ltr'><strong>est</strong></span> <span class='ocrx_word' id='word_1_96' title='bbox 1845 1475 2001 1530; x_wconf 77' lang='lat' dir='ltr'><strong>Jesus</strong></span> 
     </span>
    </p>
   </div>
   <div class='ocr_carea' id='block_1_14' title="bbox 2106 1463 3024 1548">
    <p class='ocr_par' dir='ltr' id='par_1_14' title="bbox 2106 1478 3024 1548">
     <span class='ocr_line' id='line_1_14' title="bbox 2106 1478 3024 1548; baseline -0.003 -13"><span class='ocrx_word' id='word_1_97' title='bbox 2106 1480 2400 1546; x_wconf 79' lang='grc' dir='ltr'><strong>βλεπέτω,</strong></span> <span class='ocrx_word' id='word_1_98' title='bbox 2436 1478 2578 1546; x_wconf 86' lang='grc' dir='ltr'><strong>-πῶς</strong></span> <span class='ocrx_word' id='word_1_99' title='bbox 2630 1478 3024 1548; x_wconf 80' lang='grc' dir='ltr'>ἐποικοδομεῖ.</span> 
     </span>
    </p>
   </div>
   <div class='ocr_carea' id='block_1_15' title="bbox 425 1566 1999 1637">
    <p class='ocr_par' dir='ltr' id='par_1_15' title="bbox 425 1566 1999 1637">
     <span class='ocr_line' id='line_1_15' title="bbox 425 1566 1999 1637; baseline -0.004 -13"><span class='ocrx_word' id='word_1_100' title='bbox 425 1569 687 1624; x_wconf 78' lang='lat' dir='ltr'><strong>Christus.</strong></span> <span class='ocrx_word' id='word_1_101' title='bbox 743 1566 1105 1637; x_wconf 79' lang='lat' dir='ltr'><strong>Unusquisque</strong></span> <span class='ocrx_word' id='word_1_102' title='bbox 1151 1577 1325 1619; x_wconf 84' lang='lat' dir='ltr'><strong>autem</strong></span> <span class='ocrx_word' id='word_1_103' title='bbox 1393 1566 1561 1620; x_wconf 84' lang='lat' dir='ltr'><strong>videat</strong></span> <span class='ocrx_word' id='word_1_104' title='bbox 1606 1567 1865 1635; x_wconf 85' lang='lat' dir='ltr'><strong>quomodo</strong></span> <span class='ocrx_word' id='word_1_105' title='bbox 1906 1582 1999 1619; x_wconf 80' lang='lat' dir='ltr'><strong>su-</strong></span> 
     </span>
    </p>
   </div>
   <div class='ocr_carea' id='block_1_16' title="bbox 425 1656 1998 1730">
    <p class='ocr_par' dir='ltr' id='par_1_16' title="bbox 425 1656 1998 1730">
     <span class='ocr_line' id='line_1_16' title="bbox 425 1656 1998 1730; baseline -0.003 -16"><span class='ocrx_word' id='word_1_106' title='bbox 425 1657 743 1730; x_wconf 73' lang='lat' dir='ltr'><strong>perrediﬁcet</strong></span> <span class='ocrx_word' id='word_1_107' title='bbox 797 1662 836 1713; x_wconf 74' lang='grc' dir='ltr'>ί.</span> <span class='ocrx_word' id='word_1_108' title='bbox 868 1657 1039 1712; x_wconf 84' lang='lat' dir='ltr'><strong>Porro</strong></span> <span class='ocrx_word' id='word_1_109' title='bbox 1082 1672 1305 1712; x_wconf 89' lang='lat' dir='ltr'><strong>necesse</strong></span> <span class='ocrx_word' id='word_1_110' title='bbox 1339 1665 1420 1712; x_wconf 87' lang='lat' dir='ltr'><strong>est</strong></span> <span class='ocrx_word' id='word_1_111' title='bbox 1467 1666 1527 1711; x_wconf 93' lang='lat' dir='ltr'><strong>ut</strong></span> <span class='ocrx_word' id='word_1_112' title='bbox 1552 1657 1656 1711; x_wconf 89' lang='lat' dir='ltr'><strong>tale</strong></span> <span class='ocrx_word' id='word_1_113' title='bbox 1701 1659 1772 1711; x_wconf 87' lang='lat' dir='ltr'><strong>sit</strong></span> <span class='ocrx_word' id='word_1_114' title='bbox 1803 1656 1998 1711; x_wconf 82' lang='lat' dir='ltr'><strong>funda-</strong></span> 
     </span>
    </p>
   </div>
   <div class='ocr_carea' id='block_1_17' title="bbox 425 1749 1996 1820">
    <p class='ocr_par' dir='ltr' id='par_1_17' title="bbox 425 1749 1996 1820">
     <span class='ocr_line' id='line_1_17' title="bbox 425 1749 1996 1820; baseline -0.003 -14"><span class='ocrx_word' id='word_1_115' title='bbox 425 1761 669 1806; x_wconf 89' lang='lat' dir='ltr'><strong>mentum</strong></span> <span class='ocrx_word' id='word_1_116' title='bbox 693 1749 874 1820; x_wconf 83' lang='lat' dir='ltr'><strong>qualia</strong></span> <span class='ocrx_word' id='word_1_117' title='bbox 899 1759 1026 1803; x_wconf 89' lang='lat' dir='ltr'><strong>sunt</strong></span> <span class='ocrx_word' id='word_1_118' title='bbox 1061 1764 1184 1818; x_wconf 65' lang='lat' dir='ltr'><strong>quae</strong></span> <span class='ocrx_word' id='word_1_119' title='bbox 1213 1764 1378 1819; x_wconf 91' lang='lat' dir='ltr'><strong>super</strong></span> <span class='ocrx_word' id='word_1_120' title='bbox 1406 1749 1584 1818; x_wconf 84' lang='lat' dir='ltr'><strong>ipsum</strong></span> <span class='ocrx_word' id='word_1_121' title='bbox 1620 1749 1961 1804; x_wconf 84' lang='lat' dir='ltr'><strong>aedilicantur</strong></span> <span class='ocrx_word' id='word_1_122' title='bbox 1981 1788 1996 1812; x_wconf 88' lang='lat'><strong>,</strong></span> 
     </span>
    </p>
   </div>
   <div class='ocr_carea' id='block_1_18' title="bbox 424 1839 1998 1911">
    <p class='ocr_par' dir='ltr' id='par_1_18' title="bbox 424 1839 1998 1911">
     <span class='ocr_line' id='line_1_18' title="bbox 424 1839 1998 1911; baseline -0.001 -15"><span class='ocrx_word' id='word_1_123' title='bbox 424 1854 486 1898; x_wconf 83' lang='lat' dir='ltr'><strong>ut</strong></span> <span class='ocrx_word' id='word_1_124' title='bbox 515 1842 655 1897; x_wconf 89' lang='lat' dir='ltr'><strong>inter</strong></span> <span class='ocrx_word' id='word_1_125' title='bbox 684 1857 742 1897; x_wconf 93' lang='lat' dir='ltr'><strong>se</strong></span> <span class='ocrx_word' id='word_1_126' title='bbox 785 1842 998 1911; x_wconf 88' lang='lat' dir='ltr'><strong>possint</strong></span> <span class='ocrx_word' id='word_1_127' title='bbox 1029 1849 1150 1910; x_wconf 88' lang='lat' dir='ltr'><strong>apte</strong></span> <span class='ocrx_word' id='word_1_128' title='bbox 1194 1855 1515 1910; x_wconf 82' lang='lat' dir='ltr'><strong>congruere.</strong></span> <span class='ocrx_word' id='word_1_129' title='bbox 1553 1840 1714 1909; x_wconf 86' lang='lat' dir='ltr'><strong>Atqui</strong></span> <span class='ocrx_word' id='word_1_130' title='bbox 1755 1850 1812 1894; x_wconf 91' lang='lat' dir='ltr'><strong>ut</strong></span> <span class='ocrx_word' id='word_1_131' title='bbox 1863 1839 1998 1894; x_wconf 81' lang='lat' dir='ltr'><strong>Ver-</strong></span> 
     </span>
    </p>
   </div>
   <div class='ocr_carea' id='block_1_19' title="bbox 425 1928 1998 2002">
    <p class='ocr_par' dir='ltr' id='par_1_19' title="bbox 425 1928 1998 2002">
     <span class='ocr_line' id='line_1_19' title="bbox 425 1928 1998 2002; baseline -0.004 -13"><span class='ocrx_word' id='word_1_132' title='bbox 425 1935 594 1999; x_wconf 82' lang='lat' dir='ltr'><strong>bum,</strong></span> <span class='ocrx_word' id='word_1_133' title='bbox 624 1933 794 1998; x_wconf 87' lang='lat' dir='ltr'><strong>tales,</strong></span> <span class='ocrx_word' id='word_1_134' title='bbox 819 1933 995 2002; x_wconf 86' lang='lat' dir='ltr'><strong>qualis</strong></span> <span class='ocrx_word' id='word_1_135' title='bbox 1242 1941 1296 1987; x_wconf 89' lang='lat' dir='ltr'><strong>et</strong></span> <span class='ocrx_word' id='word_1_136' title='bbox 1339 1932 1452 2001; x_wconf 82' lang='lat' dir='ltr'><strong>ipse</strong></span> <span class='ocrx_word' id='word_1_137' title='bbox 1493 1941 1612 1993; x_wconf 89' lang='lat' dir='ltr'><strong>cst,</strong></span> <span class='ocrx_word' id='word_1_138' title='bbox 1661 1928 1753 2000; x_wconf 77' lang='lat' dir='ltr'><strong>q&#39;ui</strong></span> <span class='ocrx_word' id='word_1_139' title='bbox 1812 1945 1998 1986; x_wconf 88' lang='lat' dir='ltr'><strong>secum</strong></span> 
     </span>
    </p>
   </div>
   <div class='ocr_carea' id='block_1_20' title="bbox 425 2021 2002 2093">
    <p class='ocr_par' dir='ltr' id='par_1_20' title="bbox 425 2021 2002 2093">
     <span class='ocr_line' id='line_1_20' title="bbox 425 2021 2002 2093; baseline -0.003 -13"><span class='ocrx_word' id='word_1_140' title='bbox 425 2025 754 2080; x_wconf 87' lang='lat' dir='ltr'><strong>conveniant</strong></span> <span class='ocrx_word' id='word_1_141' title='bbox 791 2024 987 2078; x_wconf 86' lang='lat' dir='ltr'><strong>habere</strong></span> <span class='ocrx_word' id='word_1_142' title='bbox 1040 2038 1148 2076; x_wconf 91' lang='lat' dir='ltr'><strong>non</strong></span> <span class='ocrx_word' id='word_1_143' title='bbox 1190 2031 1408 2093; x_wconf 90' lang='lat' dir='ltr'><strong>potest,</strong></span> <span class='ocrx_word' id='word_1_144' title='bbox 1467 2021 1704 2091; x_wconf 89' lang='lat' dir='ltr'><strong>quippe,</strong></span> <span class='ocrx_word' id='word_1_145' title='bbox 1755 2037 1878 2076; x_wconf 87' lang='lat' dir='ltr'><strong>cum</strong></span> <span class='ocrx_word' id='word_1_146' title='bbox 1929 2023 2002 2076; x_wconf 87' lang='lat' dir='ltr'><strong>sit</strong></span> 
     </span>
    </p>
   </div>
   <div class='ocr_carea' id='block_1_21' title="bbox 425 2112 1996 2186">
    <p class='ocr_par' dir='ltr' id='par_1_21' title="bbox 425 2112 1996 2186">
     <span class='ocr_line' id='line_1_21' title="bbox 425 2112 1996 2186; baseline -0.004 -16"><span class='ocrx_word' id='word_1_147' title='bbox 425 2115 757 2186; x_wconf 82' lang='lat' dir='ltr'><strong>unigenitus.</strong></span> <span class='ocrx_word' id='word_1_148' title='bbox 794 2115 862 2166; x_wconf 84' lang='lat' dir='ltr'><strong>At</strong></span> <span class='ocrx_word' id='word_1_149' title='bbox 891 2112 1068 2167; x_wconf 84' lang='lat' dir='ltr'><strong>factus</strong></span> <span class='ocrx_word' id='word_1_150' title='bbox 1099 2113 1262 2166; x_wconf 87' lang='lat' dir='ltr'><strong>homo</strong></span> <span class='ocrx_word' id='word_1_151' title='bbox 1289 2112 1496 2166; x_wconf 83' lang='lat' dir='ltr'><strong>similes</strong></span> <span class='ocrx_word' id='word_1_152' title='bbox 1537 2112 1734 2175; x_wconf 84' lang='lat' dir='ltr'><strong>habet,</strong></span> <span class='ocrx_word' id='word_1_153' title='bbox 1759 2127 1996 2181; x_wconf 88' lang='lat' dir='ltr'><strong>quorum</strong></span> 
     </span>
    </p>
   </div>
   <div class='ocr_carea' id='block_1_22' title="bbox 424 2201 1998 2272">
    <p class='ocr_par' dir='ltr' id='par_1_22' title="bbox 424 2201 1998 2272">
     <span class='ocr_line' id='line_1_22' title="bbox 424 2201 1998 2272; baseline -0.003 -11"><span class='ocrx_word' id='word_1_154' title='bbox 424 2208 675 2263; x_wconf 81' lang='lat' dir='ltr'><strong>videlicet</strong></span> <span class='ocrx_word' id='word_1_155' title='bbox 708 2205 938 2261; x_wconf 85' lang='lat' dir='ltr'><strong>similem</strong></span> <span class='ocrx_word' id='word_1_156' title='bbox 975 2219 1195 2258; x_wconf 84' lang='lat' dir='ltr'><strong>carnem</strong></span> <span class='ocrx_word' id='word_1_157' title='bbox 1221 2202 1542 2272; x_wconf 88' lang='lat' dir='ltr'><strong>assumpsit.</strong></span> <span class='ocrx_word' id='word_1_158' title='bbox 1577 2201 1764 2271; x_wconf 85' lang='lat' dir='ltr'><strong>itaque</strong></span> <span class='ocrx_word' id='word_1_159' title='bbox 1797 2217 1998 2258; x_wconf 81' lang='lat' dir='ltr'><strong>secun-</strong></span> 
     </span>
    </p>
   </div>
   <div class='ocr_carea' id='block_1_23' title="bbox 424 2293 1997 2360">
    <p class='ocr_par' dir='ltr' id='par_1_23' title="bbox 424 2293 1997 2360">
     <span class='ocr_line' id='line_1_23' title="bbox 424 2293 1997 2360; baseline -0.005 -4"><span class='ocrx_word' id='word_1_160' title='bbox 424 2303 553 2356; x_wconf 91' lang='lat' dir='ltr'><strong>dum</strong></span> <span class='ocrx_word' id='word_1_161' title='bbox 588 2310 839 2354; x_wconf 88' lang='lat' dir='ltr'><strong>naturam</strong></span> <span class='ocrx_word' id='word_1_162' title='bbox 881 2297 1175 2351; x_wconf 85' lang='lat' dir='ltr'><strong>humanam</strong></span> <span class='ocrx_word' id='word_1_163' title='bbox 1205 2293 1500 2360; x_wconf 81' lang='lat' dir='ltr'><strong>fundatur,</strong></span> <span class='ocrx_word' id='word_1_164' title='bbox 1544 2304 1600 2348; x_wconf 92' lang='lat' dir='ltr'><strong>ut</strong></span> <span class='ocrx_word' id='word_1_165' title='bbox 1643 2302 1696 2349; x_wconf 91' lang='lat' dir='ltr'><strong>et</strong></span> <span class='ocrx_word' id='word_1_166' title='bbox 1728 2309 1829 2349; x_wconf 93' lang='lat' dir='ltr'><strong>nos</strong></span> <span class='ocrx_word' id='word_1_167' title='bbox 1873 2307 1997 2349; x_wconf 88' lang='lat' dir='ltr'><strong>tan-</strong></span> 
     </span>
    </p>
   </div>
   <div class='ocr_carea' id='block_1_24' title="bbox 425 2383 1997 2460">
    <p class='ocr_par' dir='ltr' id='par_1_24' title="bbox 425 2383 1997 2460">
     <span class='ocr_line' id='line_1_24' title="bbox 425 2383 1997 2460; baseline -0.004 -15"><span class='ocrx_word' id='word_1_168' title='bbox 425 2405 587 2460; x_wconf 88' lang='lat' dir='ltr'><strong>quam</strong></span> <span class='ocrx_word' id='word_1_169' title='bbox 613 2389 818 2458; x_wconf 87' lang='lat' dir='ltr'><strong>lapides</strong></span> <span class='ocrx_word' id='word_1_170' title='bbox 847 2386 1063 2457; x_wconf 88' lang='lat' dir='ltr'><strong>pretiosi</strong></span> <span class='ocrx_word' id='word_1_171' title='bbox 1097 2401 1258 2457; x_wconf 90' lang='lat' dir='ltr'><strong>super</strong></span> <span class='ocrx_word' id='word_1_172' title='bbox 1289 2386 1469 2454; x_wconf 91' lang='lat' dir='ltr'><strong>ipsum</strong></span> <span class='ocrx_word' id='word_1_173' title='bbox 1519 2384 1774 2439; x_wconf 67' lang='lat' dir='ltr'><strong>mdilicari</strong></span> <span class='ocrx_word' id='word_1_174' title='bbox 1817 2383 1997 2454; x_wconf 89' lang='lat' dir='ltr'><strong>possi-</strong></span> 
     </span>
    </p>
   </div>
   <div class='ocr_carea' id='block_1_25' title="bbox 425 2476 2001 2548">
    <p class='ocr_par' dir='ltr' id='par_1_25' title="bbox 425 2476 2001 2548">
     <span class='ocr_line' id='line_1_25' title="bbox 425 2476 2001 2548; baseline -0.003 -13"><span class='ocrx_word' id='word_1_175' title='bbox 425 2497 550 2535; x_wconf 85' lang='lat' dir='ltr'><strong>mus</strong></span> <span class='ocrx_word' id='word_1_176' title='bbox 576 2521 590 2546; x_wconf 90' lang='lat'><strong>,</strong></span> <span class='ocrx_word' id='word_1_177' title='bbox 616 2489 669 2535; x_wconf 90' lang='lat' dir='ltr'><strong>et</strong></span> <span class='ocrx_word' id='word_1_178' title='bbox 699 2478 959 2548; x_wconf 86' lang='lat' dir='ltr'><strong>templum</strong></span> <span class='ocrx_word' id='word_1_179' title='bbox 993 2477 1289 2532; x_wconf 74' lang='lat' dir='ltr'><strong>efﬁciamur</strong></span> <span class='ocrx_word' id='word_1_180' title='bbox 1313 2477 1485 2531; x_wconf 89' lang='lat' dir='ltr'><strong>sancti</strong></span> <span class='ocrx_word' id='word_1_181' title='bbox 1526 2476 1766 2548; x_wconf 87' lang='lat' dir='ltr'><strong>Spiritus</strong></span> <span class='ocrx_word' id='word_1_182' title='bbox 1807 2477 1863 2531; x_wconf 90' lang='lat' dir='ltr'><strong>in</strong></span> <span class='ocrx_word' id='word_1_183' title='bbox 1901 2491 2001 2532; x_wconf 91' lang='lat' dir='ltr'><strong>no-</strong></span> 
     </span>
    </p>
   </div>
   <div class='ocr_carea' id='block_1_26' title="bbox 424 2568 1998 2638">
    <p class='ocr_par' dir='ltr' id='par_1_26' title="bbox 424 2568 1998 2638">
     <span class='ocr_line' id='line_1_26' title="bbox 424 2568 1998 2638; baseline -0.001 -12"><span class='ocrx_word' id='word_1_184' title='bbox 424 2572 510 2628; x_wconf 85' lang='lat' dir='ltr'><strong>bis</strong></span> <span class='ocrx_word' id='word_1_185' title='bbox 542 2571 856 2626; x_wconf 87' lang='lat' dir='ltr'><strong>habitantis.</strong></span> <span class='ocrx_word' id='word_1_186' title='bbox 884 2569 1150 2624; x_wconf 72' lang='lat' dir='ltr'><strong>C&#39;eterum</strong></span> <span class='ocrx_word' id='word_1_187' title='bbox 1182 2578 1240 2623; x_wconf 95' lang='lat' dir='ltr'><strong>ut</strong></span> <span class='ocrx_word' id='word_1_188' title='bbox 1262 2569 1378 2638; x_wconf 81' lang='lat' dir='ltr'><strong>ipse</strong></span> <span class='ocrx_word' id='word_1_189' title='bbox 1422 2568 1836 2623; x_wconf 82' lang='lat' dir='ltr'><strong>fundamentum</strong></span> <span class='ocrx_word' id='word_1_190' title='bbox 1876 2576 1961 2624; x_wconf 80' lang='lat' dir='ltr'><strong>est</strong></span> <span class='ocrx_word' id='word_1_191' title='bbox 1982 2609 1998 2636; x_wconf 93' lang='lat'><strong>,</strong></span> 
     </span>
    </p>
   </div>
   <div class='ocr_carea' id='block_1_27' title="bbox 424 2661 1998 2732">
    <p class='ocr_par' dir='ltr' id='par_1_27' title="bbox 424 2661 1998 2732">
     <span class='ocr_line' id='line_1_27' title="bbox 424 2661 1998 2732; baseline -0.004 -12"><span class='ocrx_word' id='word_1_192' title='bbox 424 2680 528 2720; x_wconf 90' lang='lat' dir='ltr'><strong>nos</strong></span> <span class='ocrx_word' id='word_1_193' title='bbox 559 2674 740 2719; x_wconf 89' lang='lat' dir='ltr'><strong>autem</strong></span> <span class='ocrx_word' id='word_1_194' title='bbox 769 2679 962 2718; x_wconf 92' lang='lat' dir='ltr'><strong>sumus</strong></span> <span class='ocrx_word' id='word_1_195' title='bbox 1000 2663 1092 2732; x_wconf 90' lang='lat' dir='ltr'><strong>qui</strong></span> <span class='ocrx_word' id='word_1_196' title='bbox 1124 2679 1286 2732; x_wconf 89' lang='lat' dir='ltr'><strong>super</strong></span> <span class='ocrx_word' id='word_1_197' title='bbox 1319 2662 1494 2731; x_wconf 84' lang='lat' dir='ltr'><strong>ipsum</strong></span> <span class='ocrx_word' id='word_1_198' title='bbox 1519 2661 1855 2716; x_wconf 65' lang='lat' dir='ltr'><strong>aedificantur</strong></span> <span class='ocrx_word' id='word_1_199' title='bbox 1884 2680 1897 2714; x_wconf 90' lang='lat'><strong>:</strong></span> <span class='ocrx_word' id='word_1_200' title='bbox 1925 2661 1998 2714; x_wconf 91' lang='lat' dir='ltr'><strong>ita</strong></span> 
     </span>
    </p>
   </div>
   <div class='ocr_carea' id='block_1_28' title="bbox 424 2752 2002 2822">
    <p class='ocr_par' dir='ltr' id='par_1_28' title="bbox 424 2752 2002 2822">
     <span class='ocr_line' id='line_1_28' title="bbox 424 2752 2002 2822; baseline -0.004 -11"><span class='ocrx_word' id='word_1_201' title='bbox 424 2757 589 2812; x_wconf 89' lang='lat' dir='ltr'><strong>etiam</strong></span> <span class='ocrx_word' id='word_1_202' title='bbox 614 2756 753 2810; x_wconf 90' lang='lat' dir='ltr'><strong>idem</strong></span> <span class='ocrx_word' id='word_1_203' title='bbox 782 2753 896 2822; x_wconf 86' lang='lat' dir='ltr'><strong>ipse</strong></span> <span class='ocrx_word' id='word_1_204' title='bbox 933 2754 1056 2808; x_wconf 91' lang='lat' dir='ltr'><strong>vitis</strong></span> <span class='ocrx_word' id='word_1_205' title='bbox 1091 2763 1202 2816; x_wconf 92' lang='lat' dir='ltr'><strong>est,</strong></span> <span class='ocrx_word' id='word_1_206' title='bbox 1246 2768 1346 2807; x_wconf 92' lang='lat' dir='ltr'><strong>uos</strong></span> <span class='ocrx_word' id='word_1_207' title='bbox 1378 2761 1560 2807; x_wconf 88' lang='lat' dir='ltr'><strong>autem</strong></span> <span class='ocrx_word' id='word_1_208' title='bbox 1606 2753 1771 2806; x_wconf 86' lang='lat' dir='ltr'><strong>veluti</strong></span> <span class='ocrx_word' id='word_1_209' title='bbox 1802 2752 2002 2822; x_wconf 76' lang='lat' dir='ltr'><strong>palmi-</strong></span> 
     </span>
    </p>
   </div>
   <div class='ocr_carea' id='block_1_29' title="bbox 426 2843 1998 2914">
    <p class='ocr_par' dir='ltr' id='par_1_29' title="bbox 426 2843 1998 2914">
     <span class='ocr_line' id='line_1_29' title="bbox 426 2843 1998 2914; baseline -0.001 -12"><span class='ocrx_word' id='word_1_210' title='bbox 426 2857 508 2902; x_wconf 88' lang='lat' dir='ltr'><strong>tes</strong></span> <span class='ocrx_word' id='word_1_211' title='bbox 536 2847 904 2910; x_wconf 79' lang='lat' dir='ltr'><strong>cohaerentes,</strong></span> <span class='ocrx_word' id='word_1_212' title='bbox 940 2860 1048 2898; x_wconf 90' lang='lat' dir='ltr'><strong>non</strong></span> <span class='ocrx_word' id='word_1_213' title='bbox 1089 2845 1308 2914; x_wconf 85' lang='lat' dir='ltr'><strong>quidem</strong></span> <span class='ocrx_word' id='word_1_214' title='bbox 1347 2845 1648 2899; x_wconf 90' lang='lat' dir='ltr'><strong>secundum</strong></span> <span class='ocrx_word' id='word_1_215' title='bbox 1701 2843 1998 2901; x_wconf 84' lang='lat' dir='ltr'><strong>divinitatis</strong></span> 
     </span>
    </p>
   </div>
   <div class='ocr_carea' id='block_1_30' title="bbox 425 2933 1998 3004">
    <p class='ocr_par' dir='ltr' id='par_1_30' title="bbox 425 2933 1998 3004">
     <span class='ocr_line' id='line_1_30' title="bbox 425 2933 1998 3004; baseline -0.002 -13"><span class='ocrx_word' id='word_1_216' title='bbox 425 2945 678 2991; x_wconf 90' lang='lat' dir='ltr'><strong>naturam</strong></span> <span class='ocrx_word' id='word_1_217' title='bbox 703 2976 718 3001; x_wconf 89' lang='lat'><strong>,</strong></span> <span class='ocrx_word' id='word_1_218' title='bbox 753 2950 876 2987; x_wconf 92' lang='lat' dir='ltr'><strong>nam</strong></span> <span class='ocrx_word' id='word_1_219' title='bbox 911 2935 1016 2988; x_wconf 91' lang='lat' dir='ltr'><strong>hoc</strong></span> <span class='ocrx_word' id='word_1_220' title='bbox 1041 2933 1154 2986; x_wconf 81' lang='lat' dir='ltr'><strong>fieri</strong></span> <span class='ocrx_word' id='word_1_221' title='bbox 1180 2934 1402 3004; x_wconf 86' lang='lat' dir='ltr'><strong>nequit,</strong></span> <span class='ocrx_word' id='word_1_222' title='bbox 1444 2934 1536 2990; x_wconf 90' lang='lat' dir='ltr'><strong>sed</strong></span> <span class='ocrx_word' id='word_1_223' title='bbox 1561 2934 1859 2989; x_wconf 87' lang='lat' dir='ltr'><strong>secundum</strong></span> <span class='ocrx_word' id='word_1_224' title='bbox 1897 2950 1998 2988; x_wconf 79' lang='lat' dir='ltr'><strong>na-</strong></span> 
     </span>
    </p>
   </div>
   <div class='ocr_carea' id='block_1_31' title="bbox 427 3026 1999 3090">
    <p class='ocr_par' dir='ltr' id='par_1_31' title="bbox 427 3026 1999 3090">
     <span class='ocr_line' id='line_1_31' title="bbox 427 3026 1999 3090; baseline 0 -8"><span class='ocrx_word' id='word_1_225' title='bbox 427 3037 606 3082; x_wconf 89' lang='lat' dir='ltr'><strong>turam</strong></span> <span class='ocrx_word' id='word_1_226' title='bbox 637 3027 932 3080; x_wconf 89' lang='lat' dir='ltr'><strong>humanam</strong></span> <span class='ocrx_word' id='word_1_227' title='bbox 984 3026 1226 3090; x_wconf 88' lang='lat' dir='ltr'><strong>(necesse</strong></span> <span class='ocrx_word' id='word_1_228' title='bbox 1284 3027 1430 3080; x_wconf 91' lang='lat' dir='ltr'><strong>enim</strong></span> <span class='ocrx_word' id='word_1_229' title='bbox 1484 3034 1568 3081; x_wconf 90' lang='lat' dir='ltr'><strong>est</strong></span> <span class='ocrx_word' id='word_1_230' title='bbox 1617 3027 1745 3081; x_wconf 88' lang='lat' dir='ltr'><strong>vitis</strong></span> <span class='ocrx_word' id='word_1_231' title='bbox 1793 3026 1999 3082; x_wconf 88' lang='lat' dir='ltr'><strong>similes</strong></span> 
     </span>
    </p>
   </div>
   <div class='ocr_carea' id='block_1_32' title="bbox 423 3116 1998 3188">
    <p class='ocr_par' dir='ltr' id='par_1_32' title="bbox 423 3116 1998 3188">
     <span class='ocr_line' id='line_1_32' title="bbox 423 3116 1998 3188; baseline 0 -16"><span class='ocrx_word' id='word_1_232' title='bbox 423 3133 546 3174; x_wconf 63' lang='grc' dir='ltr'><strong>(δερ</strong></span> <span class='ocrx_word' id='word_1_233' title='bbox 573 3118 866 3188; x_wconf 90' lang='lat' dir='ltr'><strong>palmites),</strong></span> <span class='ocrx_word' id='word_1_234' title='bbox 899 3116 1025 3186; x_wconf 87' lang='lat' dir='ltr'><strong>quia</strong></span> <span class='ocrx_word' id='word_1_235' title='bbox 1060 3132 1159 3170; x_wconf 91' lang='lat' dir='ltr'><strong>nos</strong></span> <span class='ocrx_word' id='word_1_236' title='bbox 1191 3117 1398 3172; x_wconf 89' lang='lat' dir='ltr'><strong>scilicet</strong></span> <span class='ocrx_word' id='word_1_237' title='bbox 1429 3117 1726 3171; x_wconf 86' lang='lat' dir='ltr'><strong>secundum</strong></span> <span class='ocrx_word' id='word_1_238' title='bbox 1780 3133 1998 3172; x_wconf 81' lang='lat' dir='ltr'><strong>carnem</strong></span> 
     </span>
    </p>
   </div>
   <div class='ocr_carea' id='block_1_33' title="bbox 426 3206 2001 3273">
    <p class='ocr_par' dir='ltr' id='par_1_33' title="bbox 426 3206 2001 3273">
     <span class='ocr_line' id='line_1_33' title="bbox 426 3206 2001 3273; baseline -0.002 -8"><span class='ocrx_word' id='word_1_239' title='bbox 426 3210 635 3265; x_wconf 87' lang='lat' dir='ltr'><strong>similes</strong></span> <span class='ocrx_word' id='word_1_240' title='bbox 663 3209 808 3264; x_wconf 89' lang='lat' dir='ltr'><strong>illius</strong></span> <span class='ocrx_word' id='word_1_241' title='bbox 835 3223 1046 3262; x_wconf 89' lang='lat' dir='ltr'><strong>sumus.</strong></span> <span class='ocrx_word' id='word_1_242' title='bbox 1081 3206 1352 3273; x_wconf 85' lang='lat' dir='ltr'><strong>Quoniam</strong></span> <span class='ocrx_word' id='word_1_243' title='bbox 1409 3225 1539 3262; x_wconf 90' lang='lat' dir='ltr'><strong>vero</strong></span> <span class='ocrx_word' id='word_1_244' title='bbox 1593 3209 1831 3262; x_wconf 68' lang='lat' dir='ltr'><strong>harl&#39;clici</strong></span> <span class='ocrx_word' id='word_1_245' title='bbox 1865 3208 2001 3262; x_wconf 86' lang='lat' dir='ltr'><strong>nihil</strong></span> 
     </span>
    </p>
   </div>
   <div class='ocr_carea' id='block_1_34' title="bbox 424 3300 2004 3370">
    <p class='ocr_par' dir='ltr' id='par_1_34' title="bbox 424 3300 2004 3370">
     <span class='ocr_line' id='line_1_34' title="bbox 424 3300 2004 3370; baseline -0.001 -14"><span class='ocrx_word' id='word_1_246' title='bbox 424 3303 531 3358; x_wconf 84' lang='lat' dir='ltr'><strong>nisi</strong></span> <span class='ocrx_word' id='word_1_247' title='bbox 566 3303 863 3356; x_wconf 89' lang='lat' dir='ltr'><strong>humanum</strong></span> <span class='ocrx_word' id='word_1_248' title='bbox 895 3301 1143 3370; x_wconf 90' lang='lat' dir='ltr'><strong>sapiunt,</strong></span> <span class='ocrx_word' id='word_1_249' title='bbox 1178 3301 1320 3354; x_wconf 85' lang='lat' dir='ltr'><strong>haud</strong></span> <span class='ocrx_word' id='word_1_250' title='bbox 1350 3300 1446 3355; x_wconf 87' lang='lat' dir='ltr'><strong>abs</strong></span> <span class='ocrx_word' id='word_1_251' title='bbox 1476 3316 1531 3353; x_wconf 82' lang='lat' dir='ltr'><strong>re</strong></span> <span class='ocrx_word' id='word_1_252' title='bbox 1565 3300 1730 3354; x_wconf 79' lang='lat' dir='ltr'><strong>fuerit</strong></span> <span class='ocrx_word' id='word_1_253' title='bbox 1763 3315 1856 3356; x_wconf 81' lang='lat' dir='ltr'><strong>eos</strong></span> <span class='ocrx_word' id='word_1_254' title='bbox 1902 3301 2004 3355; x_wconf 57' lang='lat' dir='ltr'><strong>bu-</strong></span> 
     </span>
    </p>
   </div>
   <div class='ocr_carea' id='block_1_35' title="bbox 425 3391 2005 3462">
    <p class='ocr_par' dir='ltr' id='par_1_35' title="bbox 425 3391 2005 3462">
     <span class='ocr_line' id='line_1_35' title="bbox 425 3391 2005 3462; baseline -0.001 -14"><span class='ocrx_word' id='word_1_255' title='bbox 425 3394 604 3448; x_wconf 85' lang='lat' dir='ltr'><strong>manis</strong></span> <span class='ocrx_word' id='word_1_256' title='bbox 640 3393 905 3462; x_wconf 76' lang='lat' dir='ltr'><strong>exemplis</strong></span> <span class='ocrx_word' id='word_1_257' title='bbox 936 3392 1125 3446; x_wconf 85' lang='lat' dir='ltr'><strong>eodem</strong></span> <span class='ocrx_word' id='word_1_258' title='bbox 1153 3408 1216 3446; x_wconf 79' lang='lat' dir='ltr'><strong>ex</strong></span> <span class='ocrx_word' id='word_1_259' title='bbox 1272 3392 1391 3446; x_wconf 88' lang='lat' dir='ltr'><strong>loco</strong></span> <span class='ocrx_word' id='word_1_260' title='bbox 1421 3392 1755 3462; x_wconf 86' lang='lat' dir='ltr'><strong>depromptis</strong></span> <span class='ocrx_word' id='word_1_261' title='bbox 1812 3391 2005 3446; x_wconf 85' lang='lat' dir='ltr'><strong>confu-</strong></span> 
     </span>
    </p>
   </div>
   <div class='ocr_carea' id='block_1_36' title="bbox 422 3482 2006 3554">
    <p class='ocr_par' dir='ltr' id='par_1_36' title="bbox 422 3482 2006 3554">
     <span class='ocr_line' id='line_1_36' title="bbox 422 3482 2006 3554; baseline -0.001 -14"><span class='ocrx_word' id='word_1_262' title='bbox 422 3496 563 3540; x_wconf 86' lang='lat' dir='ltr'><strong>tare.</strong></span> <span class='ocrx_word' id='word_1_263' title='bbox 603 3484 788 3554; x_wconf 86' lang='lat' dir='ltr'><strong>ltaque</strong></span> <span class='ocrx_word' id='word_1_264' title='bbox 817 3500 922 3539; x_wconf 89' lang='lat' dir='ltr'><strong>non</strong></span> <span class='ocrx_word' id='word_1_265' title='bbox 959 3484 1117 3547; x_wconf 75' lang='lat' dir='ltr'><strong>dixit,</strong></span> <span class='ocrx_word' id='word_1_266' title='bbox 1143 3482 1578 3538; x_wconf 84' lang='lat' dir='ltr'><strong>Fundamentum</strong></span> <span class='ocrx_word' id='word_1_267' title='bbox 1611 3499 1698 3538; x_wconf 88' lang='lat' dir='ltr'><strong>me</strong></span> <span class='ocrx_word' id='word_1_268' title='bbox 1742 3482 1898 3548; x_wconf 86' lang='lat' dir='ltr'><strong>fecit,</strong></span> <span class='ocrx_word' id='word_1_269' title='bbox 1939 3499 2006 3539; x_wconf 88' lang='lat' dir='ltr'><strong>ne</strong></span> 
     </span>
    </p>
   </div>
   <div class='ocr_carea' id='block_1_37' title="bbox 423 3575 1995 3646">
    <p class='ocr_par' dir='ltr' id='par_1_37' title="bbox 423 3575 1995 3646">
     <span class='ocr_line' id='line_1_37' title="bbox 423 3575 1995 3646; baseline -0.001 -16"><span class='ocrx_word' id='word_1_270' title='bbox 423 3577 550 3631; x_wconf 89' lang='lat' dir='ltr'><strong>inde</strong></span> <span class='ocrx_word' id='word_1_271' title='bbox 577 3593 699 3630; x_wconf 89' lang='lat' dir='ltr'><strong>eum</strong></span> <span class='ocrx_word' id='word_1_272' title='bbox 733 3593 844 3630; x_wconf 88' lang='lat' dir='ltr'><strong>rem</strong></span> <span class='ocrx_word' id='word_1_273' title='bbox 882 3575 1077 3631; x_wconf 83' lang='lat' dir='ltr'><strong>factam</strong></span> <span class='ocrx_word' id='word_1_274' title='bbox 1113 3591 1234 3630; x_wconf 88' lang='lat' dir='ltr'><strong>esse</strong></span> <span class='ocrx_word' id='word_1_275' title='bbox 1279 3587 1442 3646; x_wconf 91' lang='lat' dir='ltr'><strong>atque</strong></span> <span class='ocrx_word' id='word_1_276' title='bbox 1470 3587 1625 3632; x_wconf 86' lang='lat' dir='ltr'><strong>ortus</strong></span> <span class='ocrx_word' id='word_1_277' title='bbox 1671 3575 1995 3646; x_wconf 90' lang='lat' dir='ltr'><strong>principium</strong></span> 
     </span>
    </p>
   </div>
   <div class='ocr_carea' id='block_1_38' title="bbox 422 3670 2000 3740">
    <p class='ocr_par' dir='ltr' id='par_1_38' title="bbox 422 3670 2000 3740">
     <span class='ocr_line' id='line_1_38' title="bbox 422 3670 2000 3740; baseline -0.001 -16"><span class='ocrx_word' id='word_1_278' title='bbox 422 3670 683 3726; x_wconf 82' lang='lat' dir='ltr'><strong>habuisse</strong></span> <span class='ocrx_word' id='word_1_279' title='bbox 731 3671 991 3739; x_wconf 90' lang='lat' dir='ltr'><strong>suspicati</strong></span> <span class='ocrx_word' id='word_1_280' title='bbox 1025 3670 1288 3733; x_wconf 62' lang='lat' dir='ltr'><strong>haeretici,</strong></span> <span class='ocrx_word' id='word_1_281' title='bbox 1327 3671 1623 3740; x_wconf 73' lang='lat' dir='ltr'><strong>impietatis</strong></span> <span class='ocrx_word' id='word_1_282' title='bbox 1663 3671 2000 3725; x_wconf 70' lang='lat' dir='ltr'><strong>stabiliendae</strong></span> 
     </span>
    </p>
   </div>
   <div class='ocr_carea' id='block_1_39' title="bbox 422 3755 1997 3824">
    <p class='ocr_par' dir='ltr' id='par_1_39' title="bbox 422 3755 1997 3824">
     <span class='ocr_line' id='line_1_39' title="bbox 422 3755 1997 3824; baseline 0 -17"><span class='ocrx_word' id='word_1_283' title='bbox 422 3758 768 3812; x_wconf 88' lang='lat' dir='ltr'><strong>occasionem</strong></span> <span class='ocrx_word' id='word_1_284' title='bbox 802 3755 1140 3824; x_wconf 80' lang='lat' dir='ltr'><strong>impudenter</strong></span> <span class='ocrx_word' id='word_1_285' title='bbox 1163 3755 1499 3824; x_wconf 86' lang='lat' dir='ltr'><strong>arriperent;</strong></span> <span class='ocrx_word' id='word_1_286' title='bbox 1531 3755 1623 3811; x_wconf 90' lang='lat' dir='ltr'><strong>sed</strong></span> <span class='ocrx_word' id='word_1_287' title='bbox 1649 3755 1784 3809; x_wconf 80' lang='lat' dir='ltr'><strong>dixit</strong></span> <span class='ocrx_word' id='word_1_288' title='bbox 1811 3773 1824 3809; x_wconf 87' lang='lat'><strong>:</strong></span> <span class='ocrx_word' id='word_1_289' title='bbox 1850 3755 1997 3808; x_wconf 85' lang='lat' dir='ltr'><strong>Fun-</strong></span> 
     </span>
    </p>
   </div>
   <div class='ocr_carea' id='block_1_40' title="bbox 432 3845 1998 3916">
    <p class='ocr_par' dir='ltr' id='par_1_40' title="bbox 432 3845 1998 3916">
     <span class='ocr_line' id='line_1_40' title="bbox 432 3845 1998 3916; baseline -0.002 -13"><span class='ocrx_word' id='word_1_290' title='bbox 432 3849 576 3903; x_wconf 77' lang='lat' dir='ltr'><strong>davt&#39;t</strong></span> <span class='ocrx_word' id='word_1_291' title='bbox 614 3863 712 3900; x_wconf 87' lang='lat' dir='ltr'><strong>me.</strong></span> <span class='ocrx_word' id='word_1_292' title='bbox 747 3845 916 3899; x_wconf 85' lang='lat' dir='ltr'><strong>Porro</strong></span> <span class='ocrx_word' id='word_1_293' title='bbox 969 3846 1110 3914; x_wconf 80' lang='lat' dir='ltr'><strong>quod</strong></span> <span class='ocrx_word' id='word_1_294' title='bbox 1170 3845 1458 3909; x_wconf 85' lang='lat' dir='ltr'><strong>fundatur,</strong></span> <span class='ocrx_word' id='word_1_295' title='bbox 1521 3846 1787 3915; x_wconf 67' lang='lat' dir='ltr'><strong>lapidibus</strong></span> <span class='ocrx_word' id='word_1_296' title='bbox 1837 3861 1998 3916; x_wconf 87' lang='lat' dir='ltr'><strong>super</strong></span> 
     </span>
    </p>
   </div>
   <div class='ocr_carea' id='block_1_41' title="bbox 433 3936 1998 4008">
    <p class='ocr_par' dir='ltr' id='par_1_41' title="bbox 433 3936 1998 4008">
     <span class='ocr_line' id='line_1_41' title="bbox 433 3936 1998 4008; baseline -0.002 -15"><span class='ocrx_word' id='word_1_297' title='bbox 433 3940 610 4008; x_wconf 89' lang='lat' dir='ltr'><strong>ipsum</strong></span> <span class='ocrx_word' id='word_1_298' title='bbox 646 3936 900 4006; x_wconf 83' lang='lat' dir='ltr'><strong>projectis</strong></span> <span class='ocrx_word' id='word_1_299' title='bbox 932 3936 1221 4000; x_wconf 87' lang='lat' dir='ltr'><strong>fundatur,</strong></span> <span class='ocrx_word' id='word_1_300' title='bbox 1259 3937 1403 4006; x_wconf 90' lang='lat' dir='ltr'><strong>quod</strong></span> <span class='ocrx_word' id='word_1_301' title='bbox 1430 3937 1651 4006; x_wconf 86' lang='lat' dir='ltr'><strong>quidem</strong></span> <span class='ocrx_word' id='word_1_302' title='bbox 1675 3951 1780 3989; x_wconf 90' lang='lat' dir='ltr'><strong>non</strong></span> <span class='ocrx_word' id='word_1_303' title='bbox 1805 3937 1998 4005; x_wconf 85' lang='lat' dir='ltr'><strong>quovis</strong></span> 
     </span>
    </p>
   </div>
   <div class='ocr_carea' id='block_1_42' title="bbox 431 4024 1997 4094">
    <p class='ocr_par' dir='ltr' id='par_1_42' title="bbox 431 4024 1997 4094">
     <span class='ocr_line' id='line_1_42' title="bbox 431 4024 1997 4094; baseline -0.001 -14"><span class='ocrx_word' id='word_1_304' title='bbox 431 4026 595 4080; x_wconf 88' lang='lat' dir='ltr'><strong>modo</strong></span> <span class='ocrx_word' id='word_1_305' title='bbox 631 4025 942 4094; x_wconf 87' lang='lat' dir='ltr'><strong>perficitur,</strong></span> <span class='ocrx_word' id='word_1_306' title='bbox 969 4025 1062 4078; x_wconf 86' lang='lat' dir='ltr'><strong>sed</strong></span> <span class='ocrx_word' id='word_1_307' title='bbox 1087 4040 1208 4078; x_wconf 89' lang='lat' dir='ltr'><strong>cum</strong></span> <span class='ocrx_word' id='word_1_308' title='bbox 1242 4024 1378 4094; x_wconf 89' lang='lat' dir='ltr'><strong>lapis</strong></span> <span class='ocrx_word' id='word_1_309' title='bbox 1405 4040 1434 4078; x_wconf 91' lang='lat' dir='ltr'><strong>e</strong></span> <span class='ocrx_word' id='word_1_310' title='bbox 1463 4034 1647 4078; x_wconf 89' lang='lat' dir='ltr'><strong>monte</strong></span> <span class='ocrx_word' id='word_1_311' title='bbox 1682 4025 1997 4090; x_wconf 89' lang='lat' dir='ltr'><strong>translatus,</strong></span> 
     </span>
    </p>
   </div>
   <div class='ocr_carea' id='block_1_43' title="bbox 1634 274 2442 339">
    <p class='ocr_par' dir='ltr' id='par_1_43' title="bbox 1634 274 2442 339">
     <span class='ocr_line' id='line_1_43' title="bbox 1634 274 2442 339; baseline -0.009 0"><span class='ocrx_word' id='word_1_312' title='bbox 1634 278 2017 339; x_wconf 78' lang='lat' dir='ltr'><strong>EUl&#39;liYMll</strong></span> <span class='ocrx_word' id='word_1_313' title='bbox 2081 274 2442 336; x_wconf 84' lang='lat' dir='ltr'><strong>ZlGABENI</strong></span> 
     </span>
    </p>
   </div>
   <div class='ocr_carea' id='block_1_44' title="bbox 627 387 2084 462">
    <p class='ocr_par' dir='ltr' id='par_1_44' title="bbox 627 387 2084 462">
     <span class='ocr_line' id='line_1_44' title="bbox 627 387 2084 462; baseline 0 -17"><span class='ocrx_word' id='word_1_314' title='bbox 627 388 733 456; x_wconf 66' lang='lat' dir='ltr'><strong>Pa:</strong></span> <span class='ocrx_word' id='word_1_315' title='bbox 773 391 960 462; x_wconf 89' lang='lat' dir='ltr'><strong>itaque</strong></span> <span class='ocrx_word' id='word_1_316' title='bbox 981 399 1096 445; x_wconf 89' lang='lat' dir='ltr'><strong>erat</strong></span> <span class='ocrx_word' id='word_1_317' title='bbox 1121 389 1354 442; x_wconf 84' lang='lat' dir='ltr'><strong>Arianos</strong></span> <span class='ocrx_word' id='word_1_318' title='bbox 1387 387 1576 440; x_wconf 80' lang='lat' dir='ltr'><strong>saltem</strong></span> <span class='ocrx_word' id='word_1_319' title='bbox 1601 401 1762 439; x_wconf 86' lang='lat' dir='ltr'><strong>suum</strong></span> <span class='ocrx_word' id='word_1_320' title='bbox 1806 387 2007 442; x_wconf 87' lang='lat' dir='ltr'><strong>imitari</strong></span> <span class='ocrx_word' id='word_1_321' title='bbox 2038 389 2084 445; x_wconf 79' lang='grc' dir='ltr'><strong>Δ</strong></span> 
     </span>
    </p>
   </div>
   <div class='ocr_carea' id='block_1_45' title="bbox 3571 273 3675 338">
    <p class='ocr_par' dir='ltr' id='par_1_45' title="bbox 3571 273 3675 338">
     <span class='ocr_line' id='line_1_45' title="bbox 3571 273 3675 338; baseline 0.019 -3"><span class='ocrx_word' id='word_1_322' title='bbox 3571 273 3675 338; x_wconf 68' lang='lat' dir='ltr'><strong>itii</strong></span> 
     </span>
    </p>
   </div>
   <div class='ocr_carea' id='block_1_46' title="bbox 2303 383 3687 460">
    <p class='ocr_par' dir='ltr' id='par_1_46' title="bbox 2303 383 3687 460">
     <span class='ocr_line' id='line_1_46' title="bbox 2303 383 3687 460; baseline 0.003 -23"><span class='ocrx_word' id='word_1_323' title='bbox 2303 385 2450 438; x_wconf 85' lang='grc' dir='ltr'>Ἔδει</span> <span class='ocrx_word' id='word_1_324' title='bbox 2475 384 2652 437; x_wconf 84' lang='grc' dir='ltr'><strong>τοίνυν</strong></span> <span class='ocrx_word' id='word_1_325' title='bbox 2682 385 2808 448; x_wconf 76' lang='grc' dir='ltr'>τοὺς</span> <span class='ocrx_word' id='word_1_326' title='bbox 2853 385 3192 456; x_wconf 76' lang='grc' dir='ltr'>’Δρειανοὺς,</span> <span class='ocrx_word' id='word_1_327' title='bbox 3236 384 3336 438; x_wconf 80' lang='grc' dir='ltr'>κᾶν</span> <span class='ocrx_word' id='word_1_328' title='bbox 3361 383 3452 439; x_wconf 71' lang='grc' dir='ltr'><strong>τὸν</strong></span> <span class='ocrx_word' id='word_1_329' title='bbox 3479 390 3687 460; x_wconf 79' lang='grc' dir='ltr'><strong>πατέρα</strong></span> 
     </span>
    </p>
   </div>
   <div class='ocr_carea' id='block_1_47' title="bbox 2110 475 3690 547">
    <p class='ocr_par' dir='ltr' id='par_1_47' title="bbox 2110 475 3690 547">
     <span class='ocr_line' id='line_1_47' title="bbox 2110 475 3690 547; baseline 0.001 -17"><span class='ocrx_word' id='word_1_330' title='bbox 2110 475 2316 530; x_wconf 79' lang='grc' dir='ltr'><strong>ἑαυτῶν</strong></span> <span class='ocrx_word' id='word_1_331' title='bbox 2345 475 2434 530; x_wconf 86' lang='grc' dir='ltr'><strong>τὸν</strong></span> <span class='ocrx_word' id='word_1_332' title='bbox 2463 475 2708 529; x_wconf 86' lang='grc' dir='ltr'>διάϐολον</span> <span class='ocrx_word' id='word_1_333' title='bbox 2754 476 3122 547; x_wconf 82' lang='grc' dir='ltr'><strong>μιμουμένους</strong></span> <span class='ocrx_word' id='word_1_334' title='bbox 3146 517 3161 542; x_wconf 93' lang='grc'><strong>,</strong></span> <span class='ocrx_word' id='word_1_335' title='bbox 3193 476 3656 547; x_wconf 78' lang='grc' dir='ltr'><strong>περιεργάζεσθαι</strong></span> <span class='ocrx_word' id='word_1_336' title='bbox 3674 496 3690 509; x_wconf 78' lang='grc' dir='ltr'><strong><em>ο</em></strong></span> 
     </span>
    </p>
   </div>
   <div class='ocr_carea' id='block_1_48' title="bbox 2108 565 3693 638">
    <p class='ocr_par' dir='ltr' id='par_1_48' title="bbox 2108 565 3693 638">
     <span class='ocr_line' id='line_1_48' title="bbox 2108 565 3693 638; baseline 0 -18"><span class='ocrx_word' id='word_1_337' title='bbox 2108 567 2204 620; x_wconf 68' lang='grc' dir='ltr'><strong>καὶ</strong></span> <span class='ocrx_word' id='word_1_338' title='bbox 2233 568 2280 619; x_wconf 89' lang='grc' dir='ltr'><strong>εί</strong></span> <span class='ocrx_word' id='word_1_339' title='bbox 2317 566 2415 638; x_wconf 83' lang='grc' dir='ltr'>μὲν</span> <span class='ocrx_word' id='word_1_340' title='bbox 2447 567 2635 637; x_wconf 74' lang='grc' dir='ltr'>εἴρηκε</span> <span class='ocrx_word' id='word_1_341' title='bbox 2655 605 2670 630; x_wconf 93' lang='grc'><strong>,</strong></span> <span class='ocrx_word' id='word_1_342' title='bbox 2699 565 2924 637; x_wconf 89' lang='grc' dir='ltr'>Λόγονῆ</span> <span class='ocrx_word' id='word_1_343' title='bbox 2952 567 3077 619; x_wconf 83' lang='grc' dir='ltr'>Υίόν</span> <span class='ocrx_word' id='word_1_344' title='bbox 3110 583 3177 637; x_wconf 85' lang='grc' dir='ltr'><strong>με</strong></span> <span class='ocrx_word' id='word_1_345' title='bbox 3343 566 3693 636; x_wconf 78' lang='grc' dir='ltr'>ὲθεμελίωσε,</span> 
     </span>
    </p>
   </div>
   <div class='ocr_carea' id='block_1_49' title="bbox 2110 656 3694 728">
    <p class='ocr_par' dir='ltr' id='par_1_49' title="bbox 2110 656 3694 728">
     <span class='ocr_line' id='line_1_49' title="bbox 2110 656 3694 728; baseline 0 -18"><span class='ocrx_word' id='word_1_346' title='bbox 2110 661 2362 728; x_wconf 76' lang='grc' dir='ltr'>φρονεῖν,</span> <span class='ocrx_word' id='word_1_347' title='bbox 2415 657 2490 720; x_wconf 84' lang='grc' dir='ltr'>ὡς</span> <span class='ocrx_word' id='word_1_348' title='bbox 2521 657 2808 727; x_wconf 73' lang='grc' dir='ltr'>φρονοῦσιν</span> <span class='ocrx_word' id='word_1_349' title='bbox 2841 673 2854 688; x_wconf 84' lang='grc'><em>’</em></span> <span class='ocrx_word' id='word_1_350' title='bbox 2901 659 2947 710; x_wconf 90' lang='grc' dir='ltr'><strong>εί</strong></span> <span class='ocrx_word' id='word_1_351' title='bbox 2993 657 3048 710; x_wconf 84' lang='grc' dir='ltr'><strong>δὲ</strong></span> <span class='ocrx_word' id='word_1_352' title='bbox 3099 657 3172 728; x_wconf 83' lang='grc' dir='ltr'>μὴ</span> <span class='ocrx_word' id='word_1_353' title='bbox 3226 656 3400 721; x_wconf 74' lang='grc' dir='ltr'>οὕτως</span> <span class='ocrx_word' id='word_1_354' title='bbox 3455 657 3646 728; x_wconf 78' lang='grc' dir='ltr'>εἴρηκε</span> <span class='ocrx_word' id='word_1_355' title='bbox 3677 700 3694 721; x_wconf 93' lang='grc'><strong>,</strong></span> 
     </span>
    </p>
   </div>
   <div class='ocr_carea' id='block_1_50' title="bbox 2111 747 3694 821">
    <p class='ocr_par' dir='ltr' id='par_1_50' title="bbox 2111 747 3694 821">
     <span class='ocr_line' id='line_1_50' title="bbox 2111 747 3694 821; baseline -0.001 -18"><span class='ocrx_word' id='word_1_356' title='bbox 2111 751 2184 821; x_wconf 82' lang='grc' dir='ltr'>μὴ</span> <span class='ocrx_word' id='word_1_357' title='bbox 2212 750 2443 803; x_wconf 74' lang='grc' dir='ltr'>ἐπινοεῖν</span> <span class='ocrx_word' id='word_1_358' title='bbox 2473 749 2681 812; x_wconf 80' lang='grc' dir='ltr'>ἑαυτοῖς</span> <span class='ocrx_word' id='word_1_359' title='bbox 2851 748 2919 801; x_wconf 86' lang='grc' dir='ltr'>τὰ</span> <span class='ocrx_word' id='word_1_360' title='bbox 2951 749 3025 818; x_wconf 83' lang='grc' dir='ltr'>μὴ</span> <span class='ocrx_word' id='word_1_361' title='bbox 3057 747 3204 800; x_wconf 71' lang='grc' dir='ltr'>ὄντα.</span> <span class='ocrx_word' id='word_1_362' title='bbox 3242 749 3314 800; x_wconf 80' lang='grc' dir='ltr'><strong>Οὐ</strong></span> <span class='ocrx_word' id='word_1_363' title='bbox 3346 749 3453 818; x_wconf 83' lang='grc' dir='ltr'><strong>γάρ</strong></span> <span class='ocrx_word' id='word_1_364' title='bbox 3480 749 3694 820; x_wconf 70' lang='grc' dir='ltr'>εἴρηκε,</span> 
     </span>
    </p>
   </div>
   <div class='ocr_carea' id='block_1_51' title="bbox 2107 839 3694 914">
    <p class='ocr_par' dir='ltr' id='par_1_51' title="bbox 2107 839 3694 914">
     <span class='ocr_line' id='line_1_51' title="bbox 2107 839 3694 914; baseline -0.003 -18"><span class='ocrx_word' id='word_1_365' title='bbox 2107 843 2220 914; x_wconf 82' lang='grc' dir='ltr'>ΙΙρδ</span> <span class='ocrx_word' id='word_1_366' title='bbox 2262 841 2355 896; x_wconf 79' lang='grc' dir='ltr'>τοῦ</span> <span class='ocrx_word' id='word_1_367' title='bbox 2390 842 2583 905; x_wconf 75' lang='grc' dir='ltr'>αἰῶνος</span> <span class='ocrx_word' id='word_1_368' title='bbox 2620 840 2792 909; x_wconf 90' lang='grc' dir='ltr'>Λόγον</span> <span class='ocrx_word' id='word_1_369' title='bbox 2825 840 2857 911; x_wconf 84' lang='grc' dir='ltr'>ἢ</span> <span class='ocrx_word' id='word_1_370' title='bbox 2887 840 3013 893; x_wconf 85' lang='grc' dir='ltr'>Υἱόν</span> <span class='ocrx_word' id='word_1_371' title='bbox 3047 856 3114 908; x_wconf 91' lang='grc' dir='ltr'><strong>με</strong></span> <span class='ocrx_word' id='word_1_372' title='bbox 3144 839 3505 910; x_wconf 80' lang='grc' dir='ltr'>ἑθεμελίωσεν</span> <span class='ocrx_word' id='word_1_373' title='bbox 3526 859 3538 871; x_wconf 73' lang='grc' dir='ltr'><strong><em>ο</em></strong></span> <span class='ocrx_word' id='word_1_374' title='bbox 3577 841 3694 893; x_wconf 80' lang='grc' dir='ltr'>ἀλλ’</span> 
     </span>
    </p>
   </div>
   <div class='ocr_carea' id='block_1_52' title="bbox 2107 929 3694 1001">
    <p class='ocr_par' dir='ltr' id='par_1_52' title="bbox 2107 929 3694 1001">
     <span class='ocr_line' id='line_1_52' title="bbox 2107 929 3694 1001; baseline -0.004 -13"><span class='ocrx_word' id='word_1_375' title='bbox 2107 933 2327 999; x_wconf 85' lang='grc' dir='ltr'>ἁπλῶς,</span> <span class='ocrx_word' id='word_1_376' title='bbox 2373 931 2729 997; x_wconf 71' lang='grc' dir='ltr'>ἐθεμελίωσέ</span> <span class='ocrx_word' id='word_1_377' title='bbox 2751 949 2856 1000; x_wconf 83' lang='grc' dir='ltr'><strong>με,</strong></span> <span class='ocrx_word' id='word_1_378' title='bbox 2891 931 2978 982; x_wconf 82' lang='grc' dir='ltr'><strong>ἵνα</strong></span> <span class='ocrx_word' id='word_1_379' title='bbox 3008 929 3155 1000; x_wconf 79' lang='grc' dir='ltr'>δείξῃ</span> <span class='ocrx_word' id='word_1_380' title='bbox 3192 931 3384 994; x_wconf 88' lang='grc' dir='ltr'>πάλιν,</span> <span class='ocrx_word' id='word_1_381' title='bbox 3437 929 3694 1001; x_wconf 80' lang='grc' dir='ltr'>καθάπερ</span> 
     </span>
    </p>
   </div>
   <div class='ocr_carea' id='block_1_53' title="bbox 2106 1020 3690 1091">
    <p class='ocr_par' dir='ltr' id='par_1_53' title="bbox 2106 1020 3690 1091">
     <span class='ocr_line' id='line_1_53' title="bbox 2106 1020 3690 1091; baseline -0.005 -11"><span class='ocrx_word' id='word_1_382' title='bbox 2106 1023 2259 1080; x_wconf 83' lang='grc' dir='ltr'>εἷπον</span> <span class='ocrx_word' id='word_1_383' title='bbox 2279 1065 2294 1090; x_wconf 93' lang='grc'><strong>,</strong></span> <span class='ocrx_word' id='word_1_384' title='bbox 2325 1025 2405 1078; x_wconf 85' lang='grc' dir='ltr'>ὅτι</span> <span class='ocrx_word' id='word_1_385' title='bbox 2435 1024 2496 1077; x_wconf 81' lang='grc' dir='ltr'><strong>οὐ</strong></span> <span class='ocrx_word' id='word_1_386' title='bbox 2528 1023 2592 1077; x_wconf 85' lang='grc' dir='ltr'>δι’</span> <span class='ocrx_word' id='word_1_387' title='bbox 2625 1023 2848 1088; x_wconf 79' lang='grc' dir='ltr'>ἑαυτὸν,</span> <span class='ocrx_word' id='word_1_388' title='bbox 2877 1021 2966 1074; x_wconf 84' lang='grc' dir='ltr'><strong>διὰ</strong></span> <span class='ocrx_word' id='word_1_389' title='bbox 2994 1021 3049 1074; x_wconf 83' lang='grc' dir='ltr'>δὲ</span> <span class='ocrx_word' id='word_1_390' title='bbox 3075 1022 3200 1083; x_wconf 83' lang='grc' dir='ltr'>τοὺς</span> <span class='ocrx_word' id='word_1_391' title='bbox 3233 1020 3690 1091; x_wconf 74' lang='grc' dir='ltr'>ὲποικοδομουμέ-</span> 
     </span>
    </p>
   </div>
   <div class='ocr_carea' id='block_1_54' title="bbox 2106 1111 3687 1186">
    <p class='ocr_par' dir='ltr' id='par_1_54' title="bbox 2106 1111 3687 1186">
     <span class='ocr_line' id='line_1_54' title="bbox 2106 1111 3687 1186; baseline -0.004 -14"><span class='ocrx_word' id='word_1_392' title='bbox 2106 1135 2229 1180; x_wconf 86' lang='grc' dir='ltr'>νους</span> <span class='ocrx_word' id='word_1_393' title='bbox 2437 1117 2523 1169; x_wconf 76' lang='grc' dir='ltr'><strong>ἐπ’</strong></span> <span class='ocrx_word' id='word_1_394' title='bbox 2555 1116 2715 1169; x_wconf 79' lang='grc' dir='ltr'>αὐτὸν</span> <span class='ocrx_word' id='word_1_395' title='bbox 2759 1111 3146 1186; x_wconf 84' lang='grc' dir='ltr'>παροιμιωδῶς</span> <span class='ocrx_word' id='word_1_396' title='bbox 3176 1115 3269 1167; x_wconf 72' lang='lat' dir='ltr'><strong>xui.</strong></span> <span class='ocrx_word' id='word_1_397' title='bbox 3315 1112 3473 1167; x_wconf 79' lang='grc' dir='ltr'>τοῦτο</span> <span class='ocrx_word' id='word_1_398' title='bbox 3519 1113 3687 1180; x_wconf 86' lang='grc' dir='ltr'>λέγει.</span> 
     </span>
    </p>
   </div>
   <div class='ocr_carea' id='block_1_55' title="bbox 2107 1204 3691 1277">
    <p class='ocr_par' dir='ltr' id='par_1_55' title="bbox 2107 1204 3691 1277">
     <span class='ocr_line' id='line_1_55' title="bbox 2107 1204 3691 1277; baseline -0.004 -17"><span class='ocrx_word' id='word_1_399' title='bbox 2107 1206 2275 1260; x_wconf 78' lang='grc' dir='ltr'>Τοῦτο</span> <span class='ocrx_word' id='word_1_400' title='bbox 2299 1204 2407 1277; x_wconf 77' lang='grc' dir='ltr'><strong>γάρ</strong></span> <span class='ocrx_word' id='word_1_401' title='bbox 2432 1205 2588 1269; x_wconf 78' lang='grc' dir='ltr'>εἰδὼς</span> <span class='ocrx_word' id='word_1_402' title='bbox 2627 1205 2722 1258; x_wconf 66' lang='grc' dir='ltr'><strong>καὶ</strong></span> <span class='ocrx_word' id='word_1_403' title='bbox 2758 1207 2786 1258; x_wconf 88' lang='grc' dir='ltr'><strong>ό</strong></span> <span class='ocrx_word' id='word_1_404' title='bbox 2826 1204 3144 1267; x_wconf 77' lang='grc' dir='ltr'>Ἀπόςτολος</span> <span class='ocrx_word' id='word_1_405' title='bbox 3166 1205 3369 1276; x_wconf 78' lang='grc' dir='ltr'>γράφει</span> <span class='ocrx_word' id='word_1_406' title='bbox 3400 1219 3415 1234; x_wconf 78' lang='grc' dir='ltr'><strong>ο</strong></span> <span class='ocrx_word' id='word_1_407' title='bbox 3588 1205 3691 1255; x_wconf 86' lang='grc' dir='ltr'><strong>Θε-</strong></span> 
     </span>
    </p>
   </div>
   <div class='ocr_carea' id='block_1_56' title="bbox 2101 1292 3692 1368">
    <p class='ocr_par' dir='ltr' id='par_1_56' title="bbox 2101 1292 3692 1368">
     <span class='ocr_line' id='line_1_56' title="bbox 2101 1292 3692 1368; baseline -0.004 -17"><span class='ocrx_word' id='word_1_408' title='bbox 2101 1297 2318 1367; x_wconf 80' lang='grc' dir='ltr'>μέλιον</span> <span class='ocrx_word' id='word_1_409' title='bbox 2336 1297 2444 1368; x_wconf 79' lang='grc' dir='ltr'>γὰρ</span> <span class='ocrx_word' id='word_1_410' title='bbox 2472 1296 2666 1350; x_wconf 75' lang='grc' dir='ltr'>ἄλλον</span> <span class='ocrx_word' id='word_1_411' title='bbox 2697 1294 2892 1361; x_wconf 74' lang='grc' dir='ltr'>οὐδεὶς</span> <span class='ocrx_word' id='word_1_412' title='bbox 2919 1295 3166 1349; x_wconf 80' lang='grc' dir='ltr'>δύναται</span> <span class='ocrx_word' id='word_1_413' title='bbox 3192 1295 3378 1350; x_wconf 76' lang='grc' dir='ltr'>θεῖναι</span> <span class='ocrx_word' id='word_1_414' title='bbox 3399 1292 3559 1361; x_wconf 70' lang='grc' dir='ltr'>παρὰ</span> <span class='ocrx_word' id='word_1_415' title='bbox 3584 1292 3692 1345; x_wconf 69' lang='grc' dir='ltr'><strong>τὸν</strong></span> 
     </span>
    </p>
   </div>
   <div class='ocr_carea' id='block_1_57' title="bbox 2107 1386 3692 1459">
    <p class='ocr_par' dir='ltr' id='par_1_57' title="bbox 2107 1386 3692 1459">
     <span class='ocr_line' id='line_1_57' title="bbox 2107 1386 3692 1459; baseline -0.002 -16"><span class='ocrx_word' id='word_1_416' title='bbox 2107 1390 2401 1459; x_wconf 79' lang='grc' dir='ltr'>κείμενον,</span> <span class='ocrx_word' id='word_1_417' title='bbox 2436 1389 2503 1455; x_wconf 82' lang='grc' dir='ltr'>ὅς</span> <span class='ocrx_word' id='word_1_418' title='bbox 2530 1388 2700 1442; x_wconf 82' lang='grc' dir='ltr'>ἐστιν</span> <span class='ocrx_word' id='word_1_419' title='bbox 2736 1388 2974 1456; x_wconf 83' lang='grc' dir='ltr'>Ἰησοῦς</span> <span class='ocrx_word' id='word_1_420' title='bbox 3002 1390 3276 1457; x_wconf 80' lang='grc' dir='ltr'>Χριστός.</span> <span class='ocrx_word' id='word_1_421' title='bbox 3306 1389 3602 1452; x_wconf 82' lang='grc' dir='ltr'><strong>Ἕκαστος</strong></span> <span class='ocrx_word' id='word_1_422' title='bbox 3622 1386 3692 1440; x_wconf 77' lang='grc' dir='ltr'>δὲ</span> 
     </span>
    </p>
   </div>
   <div class='ocr_carea' id='block_1_58' title="bbox 3237 1477 3690 1546">
    <p class='ocr_par' dir='ltr' id='par_1_58' title="bbox 3237 1477 3690 1546">
     <span class='ocr_line' id='line_1_58' title="bbox 3237 1477 3690 1546; baseline -0.007 -14"><span class='ocrx_word' id='word_1_423' title='bbox 3237 1478 3476 1546; x_wconf 81' lang='grc' dir='ltr'><strong>Ἀνάγκη</strong></span> <span class='ocrx_word' id='word_1_424' title='bbox 3507 1477 3563 1530; x_wconf 85' lang='grc' dir='ltr'>δὲ</span> <span class='ocrx_word' id='word_1_425' title='bbox 3595 1477 3690 1530; x_wconf 72' lang='grc' dir='ltr'>τὸν</span> 
     </span>
    </p>
   </div>
   <div class='ocr_carea' id='block_1_59' title="bbox 2105 1565 3692 1644">
    <p class='ocr_par' dir='ltr' id='par_1_59' title="bbox 2105 1565 3692 1644">
     <span class='ocr_line' id='line_1_59' title="bbox 2105 1565 3692 1644; baseline 0 -20"><span class='ocrx_word' id='word_1_426' title='bbox 2105 1573 2350 1644; x_wconf 89' lang='grc' dir='ltr'>θεμέλιον</span> <span class='ocrx_word' id='word_1_427' title='bbox 2387 1571 2624 1625; x_wconf 79' lang='grc' dir='ltr'>τοιοῦτον</span> <span class='ocrx_word' id='word_1_428' title='bbox 2657 1567 2816 1635; x_wconf 75' lang='grc' dir='ltr'>εἶναι,</span> <span class='ocrx_word' id='word_1_429' title='bbox 2847 1565 2935 1624; x_wconf 74' lang='grc' dir='ltr'>οἷα</span> <span class='ocrx_word' id='word_1_430' title='bbox 2969 1571 3065 1624; x_wconf 76' lang='grc' dir='ltr'><strong>καὶ</strong></span> <span class='ocrx_word' id='word_1_431' title='bbox 3093 1570 3162 1624; x_wconf 76' lang='grc' dir='ltr'>τὰ</span> <span class='ocrx_word' id='word_1_432' title='bbox 3188 1570 3692 1642; x_wconf 74' lang='grc' dir='ltr'>ἐποικοδομούμενα</span> 
     </span>
    </p>
   </div>
   <div class='ocr_carea' id='block_1_60' title="bbox 2103 1661 3689 1733">
    <p class='ocr_par' dir='ltr' id='par_1_60' title="bbox 2103 1661 3689 1733">
     <span class='ocr_line' id='line_1_60' title="bbox 2103 1661 3689 1733; baseline 0.001 -18"><span class='ocrx_word' id='word_1_433' title='bbox 2103 1665 2269 1724; x_wconf 81' lang='grc' dir='ltr'>ἐστιν,</span> <span class='ocrx_word' id='word_1_434' title='bbox 2301 1663 2387 1716; x_wconf 86' lang='grc' dir='ltr'><strong>ἵνα</strong></span> <span class='ocrx_word' id='word_1_435' title='bbox 2414 1663 2506 1716; x_wconf 75' lang='grc' dir='ltr'>καὶ</span> <span class='ocrx_word' id='word_1_436' title='bbox 2535 1662 3055 1733; x_wconf 86' lang='grc' dir='ltr'>συναρμολογεῖσθαι</span> <span class='ocrx_word' id='word_1_437' title='bbox 3101 1661 3324 1733; x_wconf 79' lang='grc' dir='ltr'>δυνηθῇ.</span> <span class='ocrx_word' id='word_1_438' title='bbox 3379 1663 3548 1730; x_wconf 86' lang='grc' dir='ltr'>Λόγος</span> <span class='ocrx_word' id='word_1_439' title='bbox 3587 1663 3689 1733; x_wconf 80' lang='grc' dir='ltr'>μὲν</span> 
     </span>
    </p>
   </div>
   <div class='ocr_carea' id='block_1_61' title="bbox 2102 1747 3689 1826">
    <p class='ocr_par' dir='ltr' id='par_1_61' title="bbox 2102 1747 3689 1826">
     <span class='ocr_line' id='line_1_61' title="bbox 2102 1747 3689 1826; baseline 0.001 -21"><span class='ocrx_word' id='word_1_440' title='bbox 2102 1748 2194 1806; x_wconf 75' lang='grc' dir='ltr'><strong>οὖν</strong></span> <span class='ocrx_word' id='word_1_441' title='bbox 2221 1752 2296 1806; x_wconf 84' lang='grc' dir='ltr'>ὣν</span> <span class='ocrx_word' id='word_1_442' title='bbox 2315 1793 2330 1808; x_wconf 88' lang='grc'><strong>.</strong></span> <span class='ocrx_word' id='word_1_443' title='bbox 2421 1752 2589 1822; x_wconf 82' lang='grc' dir='ltr'>Λόγος</span> <span class='ocrx_word' id='word_1_444' title='bbox 2623 1754 2801 1812; x_wconf 76' lang='grc' dir='ltr'>ἐστὶν,</span> <span class='ocrx_word' id='word_1_445' title='bbox 2829 1754 2928 1806; x_wconf 81' lang='grc' dir='ltr'><strong>οὐκ</strong></span> <span class='ocrx_word' id='word_1_446' title='bbox 2958 1753 3070 1824; x_wconf 77' lang='grc' dir='ltr'>ἔχει</span> <span class='ocrx_word' id='word_1_447' title='bbox 3094 1753 3368 1817; x_wconf 79' lang='grc' dir='ltr'>τοιούτους</span> <span class='ocrx_word' id='word_1_448' title='bbox 3389 1793 3404 1817; x_wconf 90' lang='grc'><strong>,</strong></span> <span class='ocrx_word' id='word_1_449' title='bbox 3433 1749 3542 1818; x_wconf 75' lang='grc' dir='ltr'>οἷός</span> <span class='ocrx_word' id='word_1_450' title='bbox 3569 1756 3689 1806; x_wconf 76' lang='grc' dir='ltr'>ἐστι</span> 
     </span>
    </p>
   </div>
   <div class='ocr_carea' id='block_1_62' title="bbox 2103 1844 3686 1918">
    <p class='ocr_par' dir='ltr' id='par_1_62' title="bbox 2103 1844 3686 1918">
     <span class='ocr_line' id='line_1_62' title="bbox 2103 1844 3686 1918; baseline 0.002 -21"><span class='ocrx_word' id='word_1_451' title='bbox 2103 1845 2196 1898; x_wconf 69' lang='grc' dir='ltr'>καὶ</span> <span class='ocrx_word' id='word_1_452' title='bbox 2224 1844 2382 1908; x_wconf 73' lang='grc' dir='ltr'>αὐτὸς</span> <span class='ocrx_word' id='word_1_453' title='bbox 2405 1881 2425 1908; x_wconf 84' lang='grc'><strong>,</strong></span> <span class='ocrx_word' id='word_1_454' title='bbox 2584 1845 2708 1908; x_wconf 83' lang='grc' dir='ltr'>τοὺς</span> <span class='ocrx_word' id='word_1_455' title='bbox 2738 1844 3343 1916; x_wconf 82' lang='grc' dir='ltr'>συναρμολογουμένους</span> <span class='ocrx_word' id='word_1_456' title='bbox 3371 1847 3518 1918; x_wconf 82' lang='grc' dir='ltr'>αύτῷ</span> <span class='ocrx_word' id='word_1_457' title='bbox 3537 1864 3551 1878; x_wconf 88' lang='grc'><strong>·</strong></span> <span class='ocrx_word' id='word_1_458' title='bbox 3586 1865 3686 1917; x_wconf 83' lang='grc' dir='ltr'>μο-</span> 
     </span>
    </p>
   </div>
   <div class='ocr_carea' id='block_1_63' title="bbox 2101 1935 3688 2007">
    <p class='ocr_par' dir='ltr' id='par_1_63' title="bbox 2101 1935 3688 2007">
     <span class='ocr_line' id='line_1_63' title="bbox 2101 1935 3688 2007; baseline 0.001 -19"><span class='ocrx_word' id='word_1_459' title='bbox 2101 1935 2324 2007; x_wconf 83' lang='grc' dir='ltr'>νογενὴς</span> <span class='ocrx_word' id='word_1_460' title='bbox 2355 1935 2462 2007; x_wconf 86' lang='grc' dir='ltr'><strong>γάρ</strong></span> <span class='ocrx_word' id='word_1_461' title='bbox 2489 1936 2637 1989; x_wconf 81' lang='grc' dir='ltr'>ἐστιν</span> <span class='ocrx_word' id='word_1_462' title='bbox 2656 1952 2668 1965; x_wconf 90' lang='grc'><strong>·</strong></span> <span class='ocrx_word' id='word_1_463' title='bbox 2699 1935 2984 2006; x_wconf 83' lang='grc' dir='ltr'>ἄνθρωπος</span> <span class='ocrx_word' id='word_1_464' title='bbox 3005 1936 3061 1990; x_wconf 84' lang='grc' dir='ltr'>δὲ</span> <span class='ocrx_word' id='word_1_465' title='bbox 3109 1935 3401 2007; x_wconf 82' lang='grc' dir='ltr'>γενόμενος</span> <span class='ocrx_word' id='word_1_466' title='bbox 3422 1936 3532 2006; x_wconf 77' lang='grc' dir='ltr'>ἔχει</span> <span class='ocrx_word' id='word_1_467' title='bbox 3558 1938 3688 1999; x_wconf 85' lang='grc' dir='ltr'>τοὺς</span> 
     </span>
    </p>
   </div>
   <div class='ocr_carea' id='block_1_64' title="bbox 2100 2020 3683 2100">
    <p class='ocr_par' dir='ltr' id='par_1_64' title="bbox 2100 2020 3683 2100">
     <span class='ocr_line' id='line_1_64' title="bbox 2100 2020 3683 2100; baseline 0.003 -23"><span class='ocrx_word' id='word_1_468' title='bbox 2100 2025 2351 2096; x_wconf 80' lang='grc' dir='ltr'>ὁμοίους,</span> <span class='ocrx_word' id='word_1_469' title='bbox 2394 2020 2468 2081; x_wconf 83' lang='grc' dir='ltr'>ὧν</span> <span class='ocrx_word' id='word_1_470' title='bbox 2514 2027 2608 2080; x_wconf 74' lang='grc' dir='ltr'><strong>καὶ</strong></span> <span class='ocrx_word' id='word_1_471' title='bbox 2647 2027 2746 2098; x_wconf 76' lang='grc' dir='ltr'><strong>τὴν</strong></span> <span class='ocrx_word' id='word_1_472' title='bbox 2785 2028 2976 2098; x_wconf 85' lang='grc' dir='ltr'>ὁμοίαν</span> <span class='ocrx_word' id='word_1_473' title='bbox 3020 2027 3305 2080; x_wconf 78' lang='grc' dir='ltr'>ἐνεδύσατο</span> <span class='ocrx_word' id='word_1_474' title='bbox 3482 2029 3683 2100; x_wconf 84' lang='grc' dir='ltr'>σάρκα.</span> 
     </span>
    </p>
   </div>
   <div class='ocr_carea' id='block_1_65' title="bbox 2101 2117 3687 2191">
    <p class='ocr_par' dir='ltr' id='par_1_65' title="bbox 2101 2117 3687 2191">
     <span class='ocr_line' id='line_1_65' title="bbox 2101 2117 3687 2191; baseline 0 -21"><span class='ocrx_word' id='word_1_475' title='bbox 2101 2117 2309 2172; x_wconf 81' lang='grc' dir='ltr'>Οὐκοῦν</span> <span class='ocrx_word' id='word_1_476' title='bbox 2328 2118 2468 2172; x_wconf 82' lang='grc' dir='ltr'>κατὰ</span> <span class='ocrx_word' id='word_1_477' title='bbox 2485 2119 2546 2172; x_wconf 80' lang='grc' dir='ltr'><strong>τὸ</strong></span> <span class='ocrx_word' id='word_1_478' title='bbox 2561 2118 2897 2191; x_wconf 83' lang='grc' dir='ltr'>ἀνθρώπινον</span> <span class='ocrx_word' id='word_1_479' title='bbox 2915 2118 3278 2190; x_wconf 79' lang='grc' dir='ltr'>θεμελιοῦται,</span> <span class='ocrx_word' id='word_1_480' title='bbox 3301 2119 3389 2172; x_wconf 85' lang='grc' dir='ltr'><strong>ἴνα</strong></span> <span class='ocrx_word' id='word_1_481' title='bbox 3408 2119 3502 2172; x_wconf 73' lang='grc' dir='ltr'><strong>καὶ</strong></span> <span class='ocrx_word' id='word_1_482' title='bbox 3525 2121 3687 2188; x_wconf 71' lang='grc' dir='ltr'>ἡμεῖς</span> 
     </span>
    </p>
   </div>
   <div class='ocr_carea' id='block_1_66' title="bbox 2101 2209 3684 2282">
    <p class='ocr_par' dir='ltr' id='par_1_66' title="bbox 2101 2209 3684 2282">
     <span class='ocr_line' id='line_1_66' title="bbox 2101 2209 3684 2282; baseline 0.001 -22"><span class='ocrx_word' id='word_1_483' title='bbox 2101 2210 2188 2262; x_wconf 80' lang='grc' dir='ltr'>ἐπ’</span> <span class='ocrx_word' id='word_1_484' title='bbox 2209 2210 2370 2264; x_wconf 77' lang='grc' dir='ltr'>αὑτὸν</span> <span class='ocrx_word' id='word_1_485' title='bbox 2398 2211 2472 2274; x_wconf 82' lang='grc' dir='ltr'>ὡς</span> <span class='ocrx_word' id='word_1_486' title='bbox 2502 2211 2638 2264; x_wconf 83' lang='grc' dir='ltr'>λίθοι</span> <span class='ocrx_word' id='word_1_487' title='bbox 2662 2211 2832 2282; x_wconf 82' lang='grc' dir='ltr'>τίμιοι</span> <span class='ocrx_word' id='word_1_488' title='bbox 2854 2209 3325 2282; x_wconf 85' lang='grc' dir='ltr'>ὲποικοδομεῖσθαι</span> <span class='ocrx_word' id='word_1_489' title='bbox 3344 2209 3684 2280; x_wconf 81' lang='grc' dir='ltr'>δυνηθῶμεν,</span> 
     </span>
    </p>
   </div>
   <div class='ocr_carea' id='block_1_67' title="bbox 2102 2299 3684 2373">
    <p class='ocr_par' dir='ltr' id='par_1_67' title="bbox 2102 2299 3684 2373">
     <span class='ocr_line' id='line_1_67' title="bbox 2102 2299 3684 2373; baseline 0 -19"><span class='ocrx_word' id='word_1_490' title='bbox 2102 2301 2195 2354; x_wconf 72' lang='grc' dir='ltr'>καὶ</span> <span class='ocrx_word' id='word_1_491' title='bbox 2221 2300 2508 2373; x_wconf 78' lang='grc' dir='ltr'>γενώμεθα</span> <span class='ocrx_word' id='word_1_492' title='bbox 2539 2302 2664 2365; x_wconf 80' lang='grc' dir='ltr'>ναὸς</span> <span class='ocrx_word' id='word_1_493' title='bbox 2689 2301 2782 2355; x_wconf 79' lang='grc' dir='ltr'>τοῦ</span> <span class='ocrx_word' id='word_1_494' title='bbox 2814 2302 2869 2354; x_wconf 80' lang='grc' dir='ltr'>ἐν</span> <span class='ocrx_word' id='word_1_495' title='bbox 2896 2304 3028 2372; x_wconf 79' lang='grc' dir='ltr'>ἡμῖν</span> <span class='ocrx_word' id='word_1_496' title='bbox 3210 2299 3486 2364; x_wconf 74' lang='grc' dir='ltr'>οἰκοῦντος</span> <span class='ocrx_word' id='word_1_497' title='bbox 3527 2301 3684 2369; x_wconf 81' lang='grc' dir='ltr'>ἁγίου</span> 
     </span>
    </p>
   </div>
   <div class='ocr_carea' id='block_1_68' title="bbox 2101 2392 3686 2464">
    <p class='ocr_par' dir='ltr' id='par_1_68' title="bbox 2101 2392 3686 2464">
     <span class='ocr_line' id='line_1_68' title="bbox 2101 2392 3686 2464; baseline 0.001 -20"><span class='ocrx_word' id='word_1_498' title='bbox 2101 2392 2435 2464; x_wconf 88' lang='grc' dir='ltr'>Πνεύματος.</span> <span class='ocrx_word' id='word_1_499' title='bbox 2472 2393 2680 2464; x_wconf 82' lang='grc' dir='ltr'>Ὥσπερ</span> <span class='ocrx_word' id='word_1_500' title='bbox 2707 2393 2763 2446; x_wconf 83' lang='grc' dir='ltr'>δὲ</span> <span class='ocrx_word' id='word_1_501' title='bbox 2789 2392 3040 2464; x_wconf 80' lang='grc' dir='ltr'>θεμέλιος</span> <span class='ocrx_word' id='word_1_502' title='bbox 3065 2393 3247 2456; x_wconf 71' lang='grc' dir='ltr'>αὐτὸς,</span> <span class='ocrx_word' id='word_1_503' title='bbox 3281 2395 3440 2463; x_wconf 81' lang='grc' dir='ltr'>ἡμεῖς</span> <span class='ocrx_word' id='word_1_504' title='bbox 3467 2392 3522 2446; x_wconf 79' lang='grc' dir='ltr'>δὲ</span> <span class='ocrx_word' id='word_1_505' title='bbox 3545 2392 3686 2445; x_wconf 88' lang='grc' dir='ltr'>λίθοι</span> 
     </span>
    </p>
   </div>
   <div class='ocr_carea' id='block_1_69' title="bbox 2101 2483 3685 2556">
    <p class='ocr_par' dir='ltr' id='par_1_69' title="bbox 2101 2483 3685 2556">
     <span class='ocr_line' id='line_1_69' title="bbox 2101 2483 3685 2556; baseline -0.001 -19"><span class='ocrx_word' id='word_1_506' title='bbox 2101 2483 2612 2556; x_wconf 78' lang='grc' dir='ltr'>ἐποικοδομούμενοι</span> <span class='ocrx_word' id='word_1_507' title='bbox 2634 2485 2721 2537; x_wconf 77' lang='grc' dir='ltr'><strong>ἐπ’</strong></span> <span class='ocrx_word' id='word_1_508' title='bbox 2752 2485 2947 2538; x_wconf 76' lang='grc' dir='ltr'>αὐτόν’</span> <span class='ocrx_word' id='word_1_509' title='bbox 2982 2483 3157 2549; x_wconf 76' lang='grc' dir='ltr'>οὕτως</span> <span class='ocrx_word' id='word_1_510' title='bbox 3190 2485 3352 2548; x_wconf 78' lang='grc' dir='ltr'>αὐτὸς</span> <span class='ocrx_word' id='word_1_511' title='bbox 3382 2484 3542 2537; x_wconf 85' lang='grc' dir='ltr'>πάλιν</span> <span class='ocrx_word' id='word_1_512' title='bbox 3573 2484 3685 2554; x_wconf 79' lang='grc' dir='ltr'><strong>ἆμ-</strong></span> 
     </span>
    </p>
   </div>
   <div class='ocr_carea' id='block_1_70' title="bbox 2103 2573 3683 2647">
    <p class='ocr_par' dir='ltr' id='par_1_70' title="bbox 2103 2573 3683 2647">
     <span class='ocr_line' id='line_1_70' title="bbox 2103 2573 3683 2647; baseline 0.003 -21"><span class='ocrx_word' id='word_1_513' title='bbox 2103 2573 2262 2638; x_wconf 86' lang='grc' dir='ltr'>πελός</span> <span class='ocrx_word' id='word_1_514' title='bbox 2285 2575 2450 2637; x_wconf 78' lang='grc' dir='ltr'>ἐστιν,</span> <span class='ocrx_word' id='word_1_515' title='bbox 2481 2575 2639 2645; x_wconf 82' lang='grc' dir='ltr'>ἡμεῖς</span> <span class='ocrx_word' id='word_1_516' title='bbox 2661 2575 2718 2628; x_wconf 82' lang='grc' dir='ltr'><strong>δὲ</strong></span> <span class='ocrx_word' id='word_1_517' title='bbox 2740 2575 2815 2639; x_wconf 88' lang='grc' dir='ltr'>ὼς</span> <span class='ocrx_word' id='word_1_518' title='bbox 2843 2575 3100 2647; x_wconf 78' lang='grc' dir='ltr'>κλήματα</span> <span class='ocrx_word' id='word_1_519' title='bbox 3253 2577 3593 2646; x_wconf 75' lang='grc' dir='ltr'>συνημμένα,</span> <span class='ocrx_word' id='word_1_520' title='bbox 3621 2577 3683 2630; x_wconf 80' lang='grc' dir='ltr'><strong>ού</strong></span> 
     </span>
    </p>
   </div>
   <div class='ocr_carea' id='block_1_71' title="bbox 2101 2664 3684 2738">
    <p class='ocr_par' dir='ltr' id='par_1_71' title="bbox 2101 2664 3684 2738">
     <span class='ocr_line' id='line_1_71' title="bbox 2101 2664 3684 2738; baseline -0.001 -19"><span class='ocrx_word' id='word_1_521' title='bbox 2101 2664 2244 2719; x_wconf 71' lang='grc' dir='ltr'>κατὰ</span> <span class='ocrx_word' id='word_1_522' title='bbox 2284 2665 2381 2736; x_wconf 82' lang='grc' dir='ltr'>τὴν</span> <span class='ocrx_word' id='word_1_523' title='bbox 2421 2664 2608 2718; x_wconf 84' lang='grc' dir='ltr'>οὐσίαν</span> <span class='ocrx_word' id='word_1_524' title='bbox 2642 2665 2742 2735; x_wconf 80' lang='grc' dir='ltr'>τῆς</span> <span class='ocrx_word' id='word_1_525' title='bbox 2775 2665 3026 2737; x_wconf 84' lang='grc' dir='ltr'>θεότητος</span> <span class='ocrx_word' id='word_1_526' title='bbox 3048 2683 3060 2695; x_wconf 83' lang='grc'>⁶</span> <span class='ocrx_word' id='word_1_527' title='bbox 3099 2666 3360 2720; x_wconf 85' lang='grc' dir='ltr'>ἀδύνατον</span> <span class='ocrx_word' id='word_1_528' title='bbox 3385 2665 3492 2738; x_wconf 76' lang='grc' dir='ltr'><strong>γὰρ</strong></span> <span class='ocrx_word' id='word_1_529' title='bbox 3526 2665 3684 2718; x_wconf 79' lang='grc' dir='ltr'>τοῦτό</span> 
     </span>
    </p>
   </div>
   <div class='ocr_carea' id='block_1_72' title="bbox 2103 2751 3684 2828">
    <p class='ocr_par' dir='ltr' id='par_1_72' title="bbox 2103 2751 3684 2828">
     <span class='ocr_line' id='line_1_72' title="bbox 2103 2751 3684 2828; baseline 0 -20"><span class='ocrx_word' id='word_1_530' title='bbox 2103 2771 2166 2823; x_wconf 88' lang='grc' dir='ltr'><strong>γε</strong></span> <span class='ocrx_word' id='word_1_531' title='bbox 2182 2773 2194 2786; x_wconf 79' lang='grc' dir='ltr'><strong>ο</strong></span> <span class='ocrx_word' id='word_1_532' title='bbox 2219 2755 2353 2826; x_wconf 76' lang='grc' dir='ltr'>ἀλλὰ</span> <span class='ocrx_word' id='word_1_533' title='bbox 2383 2755 2542 2824; x_wconf 74' lang='grc' dir='ltr'>πάλιν</span> <span class='ocrx_word' id='word_1_534' title='bbox 2565 2756 2705 2809; x_wconf 79' lang='grc' dir='ltr'>κατὰ</span> <span class='ocrx_word' id='word_1_535' title='bbox 2736 2757 2796 2809; x_wconf 86' lang='grc' dir='ltr'>τὺ</span> <span class='ocrx_word' id='word_1_536' title='bbox 2818 2756 3157 2828; x_wconf 80' lang='grc' dir='ltr'>ἀνθρώπινον</span> <span class='ocrx_word' id='word_1_537' title='bbox 3181 2774 3194 2788; x_wconf 89' lang='grc'><strong>·</strong></span> <span class='ocrx_word' id='word_1_538' title='bbox 3217 2757 3385 2827; x_wconf 74' lang='grc' dir='ltr'>ὅμοιοι</span> <span class='ocrx_word' id='word_1_539' title='bbox 3409 2757 3514 2827; x_wconf 77' lang='grc' dir='ltr'><strong>γὰρ</strong></span> <span class='ocrx_word' id='word_1_540' title='bbox 3542 2751 3684 2810; x_wconf 79' lang='grc' dir='ltr'>εἶναι</span> 
     </span>
    </p>
   </div>
   <div class='ocr_carea' id='block_1_73' title="bbox 2101 2847 3683 2920">
    <p class='ocr_par' dir='ltr' id='par_1_73' title="bbox 2101 2847 3683 2920">
     <span class='ocr_line' id='line_1_73' title="bbox 2101 2847 3683 2920; baseline -0.001 -18"><span class='ocrx_word' id='word_1_541' title='bbox 2101 2849 2182 2902; x_wconf 85' lang='grc' dir='ltr'><strong>δεῖ</strong></span> <span class='ocrx_word' id='word_1_542' title='bbox 2214 2847 2280 2902; x_wconf 81' lang='grc' dir='ltr'><strong>τά</strong></span> <span class='ocrx_word' id='word_1_543' title='bbox 2313 2847 2567 2920; x_wconf 84' lang='grc' dir='ltr'>κλήματα</span> <span class='ocrx_word' id='word_1_544' title='bbox 2611 2850 2678 2919; x_wconf 83' lang='grc' dir='ltr'>τῇ</span> <span class='ocrx_word' id='word_1_545' title='bbox 2726 2848 2981 2919; x_wconf 75' lang='grc' dir='ltr'>ἀμπέλῳο</span> <span class='ocrx_word' id='word_1_546' title='bbox 3030 2848 3150 2901; x_wconf 74' lang='grc' dir='ltr'>ἐπεὶ</span> <span class='ocrx_word' id='word_1_547' title='bbox 3184 2848 3278 2902; x_wconf 79' lang='grc' dir='ltr'>καὶ</span> <span class='ocrx_word' id='word_1_548' title='bbox 3313 2849 3474 2920; x_wconf 79' lang='grc' dir='ltr'>ἡμεῖς</span> <span class='ocrx_word' id='word_1_549' title='bbox 3506 2849 3683 2919; x_wconf 82' lang='grc' dir='ltr'>ὅμοιοι</span> 
     </span>
    </p>
   </div>
   <div class='ocr_carea' id='block_1_74' title="bbox 2105 2937 3683 3012">
    <p class='ocr_par' dir='ltr' id='par_1_74' title="bbox 2105 2937 3683 3012">
     <span class='ocr_line' id='line_1_74' title="bbox 2105 2937 3683 3012; baseline -0.002 -19"><span class='ocrx_word' id='word_1_550' title='bbox 2105 2939 2246 2993; x_wconf 81' lang='grc' dir='ltr'>κατὰ</span> <span class='ocrx_word' id='word_1_551' title='bbox 2291 2941 2389 3010; x_wconf 81' lang='grc' dir='ltr'>τὴν</span> <span class='ocrx_word' id='word_1_552' title='bbox 2419 2939 2598 3012; x_wconf 83' lang='grc' dir='ltr'>σάρκα</span> <span class='ocrx_word' id='word_1_553' title='bbox 2629 2941 2968 3012; x_wconf 79' lang='grc' dir='ltr'>τυγχάνομεν</span> <span class='ocrx_word' id='word_1_554' title='bbox 2999 2939 3148 3005; x_wconf 70' lang='grc' dir='ltr'>ὅντες</span> <span class='ocrx_word' id='word_1_555' title='bbox 3180 2937 3370 2994; x_wconf 76' lang='grc' dir='ltr'>αὑτοῦ.</span> <span class='ocrx_word' id='word_1_556' title='bbox 3555 2937 3683 2991; x_wconf 79' lang='grc' dir='ltr'><strong>Ἀλ-</strong></span> 
     </span>
    </p>
   </div>
   <div class='ocr_carea' id='block_1_75' title="bbox 2106 3028 3684 3104">
    <p class='ocr_par' dir='ltr' id='par_1_75' title="bbox 2106 3028 3684 3104">
     <span class='ocr_line' id='line_1_75' title="bbox 2106 3028 3684 3104; baseline -0.002 -20"><span class='ocrx_word' id='word_1_557' title='bbox 2106 3031 2212 3094; x_wconf 91' lang='grc' dir='ltr'><strong>λως</strong></span> <span class='ocrx_word' id='word_1_558' title='bbox 2224 3049 2282 3084; x_wconf 87' lang='grc' dir='ltr'><strong>τε</strong></span> <span class='ocrx_word' id='word_1_559' title='bbox 2299 3029 2614 3103; x_wconf 85' lang='grc' dir='ltr'>ἀνθρώπινα</span> <span class='ocrx_word' id='word_1_560' title='bbox 2633 3031 2962 3104; x_wconf 76' lang='grc' dir='ltr'>φρονοῦντας</span> <span class='ocrx_word' id='word_1_561' title='bbox 2984 3033 3108 3095; x_wconf 84' lang='grc' dir='ltr'>τοὺς</span> <span class='ocrx_word' id='word_1_562' title='bbox 3129 3032 3457 3102; x_wconf 72' lang='grc' dir='ltr'>αἰρετικοὺς,</span> <span class='ocrx_word' id='word_1_563' title='bbox 3475 3028 3568 3083; x_wconf 83' lang='grc' dir='ltr'>ἀνθ</span> <span class='ocrx_word' id='word_1_564' title='bbox 3576 3047 3684 3100; x_wconf 85' lang='grc' dir='ltr'>ρω-</span> 
     </span>
    </p>
   </div>
   <div class='ocr_carea' id='block_1_76' title="bbox 2107 3119 3682 3194">
    <p class='ocr_par' dir='ltr' id='par_1_76' title="bbox 2107 3119 3682 3194">
     <span class='ocr_line' id='line_1_76' title="bbox 2107 3119 3682 3194; baseline -0.001 -20"><span class='ocrx_word' id='word_1_565' title='bbox 2107 3122 2280 3186; x_wconf 85' lang='grc' dir='ltr'>πίνοις</span> <span class='ocrx_word' id='word_1_566' title='bbox 2303 3121 2703 3193; x_wconf 87' lang='grc' dir='ltr'>παραδείγμασι</span> <span class='ocrx_word' id='word_1_567' title='bbox 2732 3123 3024 3193; x_wconf 86' lang='grc' dir='ltr'>διελέγχειν</span> <span class='ocrx_word' id='word_1_568' title='bbox 3047 3124 3311 3194; x_wconf 85' lang='grc' dir='ltr'>προσήκει</span> <span class='ocrx_word' id='word_1_569' title='bbox 3337 3120 3425 3174; x_wconf 74' lang='grc' dir='ltr'>διὰ</span> <span class='ocrx_word' id='word_1_570' title='bbox 3448 3119 3554 3173; x_wconf 86' lang='grc' dir='ltr'><strong>τῶν</strong></span> <span class='ocrx_word' id='word_1_571' title='bbox 3578 3121 3682 3172; x_wconf 69' lang='grc' dir='ltr'><strong>αὑ·</strong></span> 
     </span>
    </p>
   </div>
   <div class='ocr_carea' id='block_1_77' title="bbox 2103 3212 3681 3286">
    <p class='ocr_par' dir='ltr' id='par_1_77' title="bbox 2103 3212 3681 3286">
     <span class='ocr_line' id='line_1_77' title="bbox 2103 3212 3681 3286; baseline -0.001 -18"><span class='ocrx_word' id='word_1_572' title='bbox 2103 3212 2213 3268; x_wconf 81' lang='grc' dir='ltr'><strong>τῶν</strong></span> <span class='ocrx_word' id='word_1_573' title='bbox 2237 3213 2427 3280; x_wconf 87' lang='grc' dir='ltr'>λόγων.</span> <span class='ocrx_word' id='word_1_574' title='bbox 2491 3214 2606 3267; x_wconf 86' lang='grc' dir='ltr'>Ούκ</span> <span class='ocrx_word' id='word_1_575' title='bbox 2632 3213 2820 3286; x_wconf 80' lang='grc' dir='ltr'>εἴρηκε</span> <span class='ocrx_word' id='word_1_576' title='bbox 2847 3215 2997 3282; x_wconf 74' lang='grc' dir='ltr'>γοῦν,</span> <span class='ocrx_word' id='word_1_577' title='bbox 3031 3215 3114 3267; x_wconf 85' lang='grc' dir='ltr'>ὅτι</span> <span class='ocrx_word' id='word_1_578' title='bbox 3147 3213 3408 3284; x_wconf 84' lang='grc' dir='ltr'>Θεμέλιόν</span> <span class='ocrx_word' id='word_1_579' title='bbox 3613 3230 3681 3282; x_wconf 91' lang='grc' dir='ltr'><strong>με</strong></span> 
     </span>
    </p>
   </div>
   <div class='ocr_carea' id='block_1_78' title="bbox 2103 3304 3683 3376">
    <p class='ocr_par' dir='ltr' id='par_1_78' title="bbox 2103 3304 3683 3376">
     <span class='ocr_line' id='line_1_78' title="bbox 2103 3304 3683 3376; baseline -0.002 -17"><span class='ocrx_word' id='word_1_580' title='bbox 2103 3305 2422 3376; x_wconf 87' lang='grc' dir='ltr'>πεποίηκεν,</span> <span class='ocrx_word' id='word_1_581' title='bbox 2453 3307 2538 3360; x_wconf 80' lang='grc' dir='ltr'>ἵνα</span> <span class='ocrx_word' id='word_1_582' title='bbox 2570 3306 2643 3376; x_wconf 86' lang='grc' dir='ltr'>μὴ</span> <span class='ocrx_word' id='word_1_583' title='bbox 2664 3345 2678 3370; x_wconf 93' lang='grc'><strong>,</strong></span> <span class='ocrx_word' id='word_1_584' title='bbox 2705 3305 2780 3369; x_wconf 81' lang='grc' dir='ltr'>ὡς</span> <span class='ocrx_word' id='word_1_585' title='bbox 2822 3307 3122 3376; x_wconf 81' lang='grc' dir='ltr'>ποιήματος</span> <span class='ocrx_word' id='word_1_586' title='bbox 3148 3306 3243 3358; x_wconf 75' lang='grc' dir='ltr'>καὶ</span> <span class='ocrx_word' id='word_1_587' title='bbox 3269 3304 3442 3376; x_wconf 80' lang='grc' dir='ltr'>ἀρχὴν</span> <span class='ocrx_word' id='word_1_588' title='bbox 3467 3305 3683 3376; x_wconf 79' lang='grc' dir='ltr'>ἔχοντος</span> 
     </span>
    </p>
   </div>
   <div class='ocr_carea' id='block_1_79' title="bbox 2102 3394 3681 3467">
    <p class='ocr_par' dir='ltr' id='par_1_79' title="bbox 2102 3394 3681 3467">
     <span class='ocr_line' id='line_1_79' title="bbox 2102 3394 3681 3467; baseline -0.002 -18"><span class='ocrx_word' id='word_1_589' title='bbox 2102 3394 2268 3449; x_wconf 79' lang='grc' dir='ltr'>αὐτοῦ</span> <span class='ocrx_word' id='word_1_590' title='bbox 2297 3395 2391 3448; x_wconf 85' lang='grc' dir='ltr'>τοῦ</span> <span class='ocrx_word' id='word_1_591' title='bbox 2418 3395 2689 3464; x_wconf 82' lang='grc' dir='ltr'>γίνεσθαι,</span> <span class='ocrx_word' id='word_1_592' title='bbox 2724 3395 2826 3448; x_wconf 75' lang='grc' dir='ltr'><strong>κᾶν</strong></span> <span class='ocrx_word' id='word_1_593' title='bbox 2860 3397 2918 3448; x_wconf 85' lang='grc' dir='ltr'>ὲν</span> <span class='ocrx_word' id='word_1_594' title='bbox 2948 3395 3118 3466; x_wconf 84' lang='grc' dir='ltr'>τούτῳ</span> <span class='ocrx_word' id='word_1_595' title='bbox 3146 3396 3417 3467; x_wconf 66' lang='grc' dir='ltr'>πρόφασιν</span> <span class='ocrx_word' id='word_1_596' title='bbox 3448 3394 3681 3466; x_wconf 76' lang='grc' dir='ltr'>εὕρωσιν</span> 
     </span>
    </p>
   </div>
   <div class='ocr_carea' id='block_1_80' title="bbox 2102 3485 3676 3559">
    <p class='ocr_par' dir='ltr' id='par_1_80' title="bbox 2102 3485 3676 3559">
     <span class='ocr_line' id='line_1_80' title="bbox 2102 3485 3676 3559; baseline -0.003 -16"><span class='ocrx_word' id='word_1_597' title='bbox 2102 3487 2450 3557; x_wconf 84' lang='grc' dir='ltr'>ἀναίσχυντον</span> <span class='ocrx_word' id='word_1_598' title='bbox 2472 3486 2608 3559; x_wconf 76' lang='grc' dir='ltr'>πρὸς</span> <span class='ocrx_word' id='word_1_599' title='bbox 2628 3487 2879 3540; x_wconf 81' lang='grc' dir='ltr'>ἀσέϐειαν</span> <span class='ocrx_word' id='word_1_600' title='bbox 2903 3506 2916 3518; x_wconf 87' lang='grc'><strong>·</strong></span> <span class='ocrx_word' id='word_1_601' title='bbox 2946 3487 3058 3541; x_wconf 83' lang='grc' dir='ltr'>ἀλλ’</span> <span class='ocrx_word' id='word_1_602' title='bbox 3077 3490 3157 3542; x_wconf 83' lang='grc' dir='ltr'>ὅτι</span> <span class='ocrx_word' id='word_1_603' title='bbox 3182 3485 3565 3556; x_wconf 77' lang='grc' dir='ltr'>Ἐθεμελίωσέ</span> <span class='ocrx_word' id='word_1_604' title='bbox 3579 3503 3676 3554; x_wconf 84' lang='grc' dir='ltr'>με.</span> 
     </span>
    </p>
   </div>
   <div class='ocr_carea' id='block_1_81' title="bbox 2105 3575 3682 3647">
    <p class='ocr_par' dir='ltr' id='par_1_81' title="bbox 2105 3575 3682 3647">
     <span class='ocr_line' id='line_1_81' title="bbox 2105 3575 3682 3647; baseline -0.002 -17"><span class='ocrx_word' id='word_1_605' title='bbox 2105 3577 2178 3630; x_wconf 80' lang='grc' dir='ltr'><strong>Τὸ</strong></span> <span class='ocrx_word' id='word_1_606' title='bbox 2203 3576 2258 3628; x_wconf 83' lang='grc' dir='ltr'><strong>δὲ</strong></span> <span class='ocrx_word' id='word_1_607' title='bbox 2277 3575 2524 3645; x_wconf 85' lang='grc' dir='ltr'>θεμελιού</span> <span class='ocrx_word' id='word_1_608' title='bbox 2533 3593 2690 3646; x_wconf 87' lang='grc' dir='ltr'>μενον</span> <span class='ocrx_word' id='word_1_609' title='bbox 2717 3575 3057 3647; x_wconf 84' lang='grc' dir='ltr'>θεμελιοῦται</span> <span class='ocrx_word' id='word_1_610' title='bbox 3089 3576 3185 3646; x_wconf 84' lang='grc' dir='ltr'><strong>μὲν</strong></span> <span class='ocrx_word' id='word_1_611' title='bbox 3207 3577 3293 3630; x_wconf 73' lang='grc' dir='ltr'>διὰ</span> <span class='ocrx_word' id='word_1_612' title='bbox 3313 3577 3440 3639; x_wconf 73' lang='grc' dir='ltr'>τοὺς</span> <span class='ocrx_word' id='word_1_613' title='bbox 3459 3575 3682 3628; x_wconf 78' lang='grc' dir='ltr'>ἐπιϐαλ-</span> 
     </span>
    </p>
   </div>
   <div class='ocr_carea' id='block_1_82' title="bbox 2104 3665 3676 3737">
    <p class='ocr_par' dir='ltr' id='par_1_82' title="bbox 2104 3665 3676 3737">
     <span class='ocr_line' id='line_1_82' title="bbox 2104 3665 3676 3737; baseline -0.003 -17"><span class='ocrx_word' id='word_1_614' title='bbox 2104 3667 2360 3737; x_wconf 81' lang='grc' dir='ltr'>λομένους</span> <span class='ocrx_word' id='word_1_615' title='bbox 2391 3667 2476 3718; x_wconf 79' lang='grc' dir='ltr'>ἐπ’</span> <span class='ocrx_word' id='word_1_616' title='bbox 2497 3667 2625 3719; x_wconf 80' lang='grc' dir='ltr'>αὐτὸ</span> <span class='ocrx_word' id='word_1_617' title='bbox 2793 3667 2972 3730; x_wconf 79' lang='grc' dir='ltr'>λίθους</span> <span class='ocrx_word' id='word_1_618' title='bbox 2994 3683 3006 3696; x_wconf 86' lang='grc'><strong>·</strong></span> <span class='ocrx_word' id='word_1_619' title='bbox 3035 3667 3240 3735; x_wconf 88' lang='grc' dir='ltr'>γίνεται</span> <span class='ocrx_word' id='word_1_620' title='bbox 3261 3668 3317 3720; x_wconf 84' lang='grc' dir='ltr'>δὲ</span> <span class='ocrx_word' id='word_1_621' title='bbox 3343 3667 3442 3736; x_wconf 76' lang='grc' dir='ltr'>οὐχ</span> <span class='ocrx_word' id='word_1_622' title='bbox 3471 3665 3676 3728; x_wconf 81' lang='grc' dir='ltr'>ἁπλῶς,</span> 
     </span>
    </p>
   </div>
   <div class='ocr_carea' id='block_1_83' title="bbox 2109 3753 3680 3826">
    <p class='ocr_par' dir='ltr' id='par_1_83' title="bbox 2109 3753 3680 3826">
     <span class='ocr_line' id='line_1_83' title="bbox 2109 3753 3680 3826; baseline -0.004 -16"><span class='ocrx_word' id='word_1_623' title='bbox 2109 3755 2222 3811; x_wconf 82' lang='grc' dir='ltr'>ἀλλ’</span> <span class='ocrx_word' id='word_1_624' title='bbox 2252 3755 2379 3808; x_wconf 83' lang='grc' dir='ltr'>όταν</span> <span class='ocrx_word' id='word_1_625' title='bbox 2413 3753 2473 3819; x_wconf 77' lang='grc' dir='ltr'>ἐξ</span> <span class='ocrx_word' id='word_1_626' title='bbox 2499 3753 2657 3826; x_wconf 78' lang='grc' dir='ltr'>ὅρους</span> <span class='ocrx_word' id='word_1_627' title='bbox 2690 3753 2980 3824; x_wconf 80' lang='grc' dir='ltr'>μετενεχθῇ</span> <span class='ocrx_word' id='word_1_628' title='bbox 3009 3753 3175 3816; x_wconf 88' lang='grc' dir='ltr'>λίθος,</span> <span class='ocrx_word' id='word_1_629' title='bbox 3208 3754 3301 3806; x_wconf 74' lang='grc' dir='ltr'><strong>καὶ</strong></span> <span class='ocrx_word' id='word_1_630' title='bbox 3328 3755 3405 3815; x_wconf 91' lang='grc' dir='ltr'><strong>είς</strong></span> <span class='ocrx_word' id='word_1_631' title='bbox 3429 3753 3489 3804; x_wconf 80' lang='grc' dir='ltr'>τὸ</span> <span class='ocrx_word' id='word_1_632' title='bbox 3516 3753 3680 3822; x_wconf 84' lang='grc' dir='ltr'>βάθος</span> 
     </span>
    </p>
   </div>
   <div class='ocr_carea' id='block_1_84' title="bbox 2111 3840 3684 3916">
    <p class='ocr_par' dir='ltr' id='par_1_84' title="bbox 2111 3840 3684 3916">
     <span class='ocr_line' id='line_1_84' title="bbox 2111 3840 3684 3916; baseline -0.003 -17"><span class='ocrx_word' id='word_1_633' title='bbox 2111 3846 2210 3916; x_wconf 82' lang='grc' dir='ltr'><strong>τῆς</strong></span> <span class='ocrx_word' id='word_1_634' title='bbox 2225 3846 2331 3916; x_wconf 74' lang='grc' dir='ltr'>γῆς</span> <span class='ocrx_word' id='word_1_635' title='bbox 2351 3843 2639 3915; x_wconf 81' lang='grc' dir='ltr'>κατατεθῇ.</span> <span class='ocrx_word' id='word_1_636' title='bbox 2661 3843 2769 3896; x_wconf 70' lang='grc' dir='ltr'>Καὶ</span> <span class='ocrx_word' id='word_1_637' title='bbox 2791 3843 2894 3905; x_wconf 75' lang='grc' dir='ltr'><strong>ἕως</strong></span> <span class='ocrx_word' id='word_1_638' title='bbox 2919 3843 3015 3913; x_wconf 85' lang='grc' dir='ltr'><strong>μὲν</strong></span> <span class='ocrx_word' id='word_1_639' title='bbox 3040 3844 3096 3895; x_wconf 79' lang='grc' dir='ltr'>ὲν</span> <span class='ocrx_word' id='word_1_640' title='bbox 3120 3841 3195 3911; x_wconf 84' lang='grc' dir='ltr'>τῷ</span> <span class='ocrx_word' id='word_1_641' title='bbox 3210 3841 3327 3912; x_wconf 76' lang='grc' dir='ltr'>ὄρει</span> <span class='ocrx_word' id='word_1_642' title='bbox 3348 3840 3491 3904; x_wconf 84' lang='grc' dir='ltr'>λίθος</span> <span class='ocrx_word' id='word_1_643' title='bbox 3514 3843 3684 3905; x_wconf 72' lang='grc' dir='ltr'>ἐστὶν,</span> 
     </span>
    </p>
   </div>
   <div class='ocr_carea' id='block_1_85' title="bbox 2111 3934 3686 4007">
    <p class='ocr_par' dir='ltr' id='par_1_85' title="bbox 2111 3934 3686 4007">
     <span class='ocr_line' id='line_1_85' title="bbox 2111 3934 3686 4007; baseline -0.002 -18"><span class='ocrx_word' id='word_1_644' title='bbox 2111 3937 2259 3990; x_wconf 72' lang='grc' dir='ltr'>οὔπω</span> <span class='ocrx_word' id='word_1_645' title='bbox 2287 3935 2672 4007; x_wconf 86' lang='grc' dir='ltr'>τεθεμελίωται</span> <span class='ocrx_word' id='word_1_646' title='bbox 2690 3955 2703 3966; x_wconf 91' lang='grc'><strong>·</strong></span> <span class='ocrx_word' id='word_1_647' title='bbox 2741 3935 2961 3988; x_wconf 76' lang='grc' dir='ltr'>ἐπειδὰν</span> <span class='ocrx_word' id='word_1_648' title='bbox 2989 3934 3045 3986; x_wconf 79' lang='grc' dir='ltr'>δὲ</span> <span class='ocrx_word' id='word_1_649' title='bbox 3067 3934 3100 4004; x_wconf 78' lang='grc' dir='ltr'>ἡ</span> <span class='ocrx_word' id='word_1_650' title='bbox 3126 3934 3284 4004; x_wconf 87' lang='grc' dir='ltr'>χρεία</span> <span class='ocrx_word' id='word_1_651' title='bbox 3308 3935 3533 4002; x_wconf 80' lang='grc' dir='ltr'>ἀπαιτῇ,</span> <span class='ocrx_word' id='word_1_652' title='bbox 3592 3934 3686 3986; x_wconf 59' lang='grc' dir='ltr'><strong>καὶ⁸</strong></span> 
     </span>
    </p>
   </div>
   <div class='ocr_carea' id='block_1_86' title="bbox 2115 4024 3683 4099">
    <p class='ocr_par' dir='ltr' id='par_1_86' title="bbox 2115 4024 3683 4099">
     <span class='ocr_line' id='line_1_86' title="bbox 2115 4024 3683 4099; baseline -0.002 -19"><span class='ocrx_word' id='word_1_653' title='bbox 2115 4028 2404 4099; x_wconf 82' lang='grc' dir='ltr'>μετενεχθῇ</span> <span class='ocrx_word' id='word_1_654' title='bbox 2425 4071 2441 4096; x_wconf 81' lang='lat'><strong>,</strong></span> <span class='ocrx_word' id='word_1_655' title='bbox 2610 4028 2702 4080; x_wconf 76' lang='grc' dir='ltr'><strong>καὶ</strong></span> <span class='ocrx_word' id='word_1_656' title='bbox 2732 4025 3089 4097; x_wconf 86' lang='grc' dir='ltr'>περιϐάληται</span> <span class='ocrx_word' id='word_1_657' title='bbox 3119 4025 3178 4077; x_wconf 83' lang='grc' dir='ltr'><strong>τὸ</strong></span> <span class='ocrx_word' id='word_1_658' title='bbox 3223 4024 3385 4094; x_wconf 87' lang='grc' dir='ltr'>βάθος</span> <span class='ocrx_word' id='word_1_659' title='bbox 3413 4024 3514 4092; x_wconf 76' lang='grc' dir='ltr'><strong>τῆς</strong></span> <span class='ocrx_word' id='word_1_660' title='bbox 3548 4024 3648 4093; x_wconf 81' lang='grc' dir='ltr'>γῆς</span> <span class='ocrx_word' id='word_1_661' title='bbox 3667 4041 3683 4055; x_wconf 74' lang='grc' dir='ltr'><strong>ο</strong></span> 
     </span>
    </p>
   </div>
   <div class='ocr_carea' id='block_1_87' title="bbox 433 4112 2001 4186">
    <p class='ocr_par' dir='ltr' id='par_1_87' title="bbox 433 4112 1999 4184">
     <span class='ocr_line' id='line_1_87' title="bbox 433 4112 1999 4184; baseline -0.003 -14"><span class='ocrx_word' id='word_1_662' title='bbox 433 4117 490 4170; x_wconf 90' lang='lat' dir='ltr'><strong>in</strong></span> <span class='ocrx_word' id='word_1_663' title='bbox 533 4115 656 4168; x_wconf 91' lang='lat' dir='ltr'><strong>imis</strong></span> <span class='ocrx_word' id='word_1_664' title='bbox 688 4115 844 4166; x_wconf 90' lang='lat' dir='ltr'><strong>terris</strong></span> <span class='ocrx_word' id='word_1_665' title='bbox 877 4114 1192 4167; x_wconf 88' lang='lat' dir='ltr'><strong>collocatur.</strong></span> <span class='ocrx_word' id='word_1_666' title='bbox 1223 4112 1358 4168; x_wconf 86' lang='lat' dir='ltr'><strong>Nam</strong></span> <span class='ocrx_word' id='word_1_667' title='bbox 1383 4114 1622 4184; x_wconf 87' lang='lat' dir='ltr'><strong>quandiu</strong></span> <span class='ocrx_word' id='word_1_668' title='bbox 1656 4114 1794 4183; x_wconf 91' lang='lat' dir='ltr'><strong>lapis</strong></span> <span class='ocrx_word' id='word_1_669' title='bbox 1837 4122 1920 4169; x_wconf 89' lang='lat' dir='ltr'><strong>est</strong></span> <span class='ocrx_word' id='word_1_670' title='bbox 1945 4114 1999 4167; x_wconf 93' lang='lat' dir='ltr'><strong>in</strong></span> 
     </span>
    </p>
   </div>
   <div class='ocr_carea' id='block_1_88' title="bbox 2106 4112 3686 4186">
    <p class='ocr_par' dir='ltr' id='par_1_88' title="bbox 2109 4113 3686 4186">
     <span class='ocr_line' id='line_1_88' title="bbox 2109 4113 3686 4186; baseline -0.004 -15"><span class='ocrx_word' id='word_1_671' title='bbox 2109 4119 2229 4171; x_wconf 88' lang='grc' dir='ltr'>τότε</span> <span class='ocrx_word' id='word_1_672' title='bbox 2255 4118 2472 4182; x_wconf 74' lang='grc' dir='ltr'>λοιπὸν,</span> <span class='ocrx_word' id='word_1_673' title='bbox 2513 4119 2558 4170; x_wconf 86' lang='grc' dir='ltr'><strong>εί</strong></span> <span class='ocrx_word' id='word_1_674' title='bbox 2588 4116 2740 4170; x_wconf 86' lang='grc' dir='ltr'>λάϐοι</span> <span class='ocrx_word' id='word_1_675' title='bbox 2771 4117 2953 4186; x_wconf 79' lang='grc' dir='ltr'>φωνὴν</span> <span class='ocrx_word' id='word_1_676' title='bbox 2982 4117 3010 4166; x_wconf 85' lang='grc' dir='ltr'>ὁ</span> <span class='ocrx_word' id='word_1_677' title='bbox 3043 4115 3188 4178; x_wconf 90' lang='grc' dir='ltr'>λίθος</span> <span class='ocrx_word' id='word_1_678' title='bbox 3209 4157 3222 4180; x_wconf 88' lang='grc'><strong>,</strong></span> <span class='ocrx_word' id='word_1_679' title='bbox 3263 4114 3405 4168; x_wconf 78' lang='grc' dir='ltr'>εἴποι</span> <span class='ocrx_word' id='word_1_680' title='bbox 3440 4116 3501 4168; x_wconf 78' lang='grc' dir='ltr'>ἄν</span> <span class='ocrx_word' id='word_1_681' title='bbox 3522 4131 3534 4143; x_wconf 88' lang='grc'><strong>·</strong></span> <span class='ocrx_word' id='word_1_682' title='bbox 3571 4113 3686 4166; x_wconf 70' lang='grc' dir='ltr'><strong>Νῦν</strong></span> 
     </span>
    </p>
   </div>
   <div class='ocr_carea' id='block_1_89' title="bbox 432 4204 1999 4274">
    <p class='ocr_par' dir='ltr' id='par_1_89' title="bbox 432 4204 1999 4274">
     <span class='ocr_line' id='line_1_89' title="bbox 432 4204 1999 4274; baseline -0.001 -14"><span class='ocrx_word' id='word_1_683' title='bbox 432 4214 649 4267; x_wconf 88' lang='lat' dir='ltr'><strong>monte,</strong></span> <span class='ocrx_word' id='word_1_684' title='bbox 687 4205 930 4258; x_wconf 88' lang='lat' dir='ltr'><strong>nondum</strong></span> <span class='ocrx_word' id='word_1_685' title='bbox 965 4205 1172 4274; x_wconf 90' lang='lat' dir='ltr'><strong>positus</strong></span> <span class='ocrx_word' id='word_1_686' title='bbox 1192 4214 1274 4259; x_wconf 88' lang='lat' dir='ltr'><strong>est</strong></span> <span class='ocrx_word' id='word_1_687' title='bbox 1307 4206 1360 4259; x_wconf 91' lang='lat' dir='ltr'><strong>in</strong></span> <span class='ocrx_word' id='word_1_688' title='bbox 1390 4205 1826 4260; x_wconf 79' lang='lat' dir='ltr'><strong>fundamentum.</strong></span> <span class='ocrx_word' id='word_1_689' title='bbox 1862 4204 1999 4258; x_wconf 88' lang='lat' dir='ltr'><strong>Cum</strong></span> 
     </span>
    </p>
   </div>
   <div class='ocr_carea' id='block_1_90' title="bbox 433 4294 2003 4366">
    <p class='ocr_par' dir='ltr' id='par_1_90' title="bbox 433 4294 2003 4366">
     <span class='ocr_line' id='line_1_90' title="bbox 433 4294 2003 4366; baseline 0.002 -18"><span class='ocrx_word' id='word_1_690' title='bbox 433 4311 564 4351; x_wconf 88' lang='lat' dir='ltr'><strong>vero</strong></span> <span class='ocrx_word' id='word_1_691' title='bbox 593 4295 844 4366; x_wconf 76' lang='lat' dir='ltr'><strong>exigente</strong></span> <span class='ocrx_word' id='word_1_692' title='bbox 885 4310 1082 4360; x_wconf 86' lang='lat' dir='ltr'><strong>causa,</strong></span> <span class='ocrx_word' id='word_1_693' title='bbox 1137 4294 1431 4352; x_wconf 89' lang='lat' dir='ltr'><strong>translatus</strong></span> <span class='ocrx_word' id='word_1_694' title='bbox 1479 4296 1677 4360; x_wconf 87' lang='lat' dir='ltr'><strong>fuerit,</strong></span> <span class='ocrx_word' id='word_1_695' title='bbox 1732 4307 1786 4352; x_wconf 89' lang='lat' dir='ltr'><strong>et</strong></span> <span class='ocrx_word' id='word_1_696' title='bbox 1846 4307 2003 4351; x_wconf 77' lang='lat' dir='ltr'><strong>terra:</strong></span> 
     </span>
    </p>
   </div>
   <div class='ocr_carea' id='block_1_91' title="bbox 428 4384 2004 4458">
    <p class='ocr_par' dir='ltr' id='par_1_91' title="bbox 428 4384 2004 4458">
     <span class='ocr_line' id='line_1_91' title="bbox 428 4384 2004 4458; baseline 0.003 -20"><span class='ocrx_word' id='word_1_697' title='bbox 428 4384 699 4456; x_wconf 89' lang='lat' dir='ltr'><strong>profundo</strong></span> <span class='ocrx_word' id='word_1_698' title='bbox 723 4395 1037 4456; x_wconf 85' lang='lat' dir='ltr'><strong>coopertus,</strong></span> <span class='ocrx_word' id='word_1_699' title='bbox 1077 4397 1203 4443; x_wconf 90' lang='lat' dir='ltr'><strong>tunc</strong></span> <span class='ocrx_word' id='word_1_700' title='bbox 1236 4389 1280 4443; x_wconf 89' lang='lat' dir='ltr'><strong>si</strong></span> <span class='ocrx_word' id='word_1_701' title='bbox 1316 4405 1418 4443; x_wconf 79' lang='lat' dir='ltr'><strong>vox</strong></span> <span class='ocrx_word' id='word_1_702' title='bbox 1439 4389 1601 4458; x_wconf 82' lang='lat' dir='ltr'><strong>lapidi</strong></span> <span class='ocrx_word' id='word_1_703' title='bbox 1625 4389 1864 4453; x_wconf 86' lang='lat' dir='ltr'><strong>daretur,</strong></span> <span class='ocrx_word' id='word_1_704' title='bbox 1888 4389 2004 4443; x_wconf 59' lang='lat' dir='ltr'><strong>haec</strong></span> 
     </span>
    </p>
   </div>
   <div class='ocr_carea' id='block_1_92' title="bbox 430 4477 2004 4546">
    <p class='ocr_par' dir='ltr' id='par_1_92' title="bbox 430 4477 2004 4546">
     <span class='ocr_line' id='line_1_92' title="bbox 430 4477 2004 4546; baseline 0 -14"><span class='ocrx_word' id='word_1_705' title='bbox 430 4477 620 4546; x_wconf 83' lang='lat' dir='ltr'><strong>utique</strong></span> <span class='ocrx_word' id='word_1_706' title='bbox 651 4486 833 4546; x_wconf 88' lang='lat' dir='ltr'><strong>posset</strong></span> <span class='ocrx_word' id='word_1_707' title='bbox 858 4477 1069 4531; x_wconf 89' lang='lat' dir='ltr'><strong>dicere:</strong></span> <span class='ocrx_word' id='word_1_708' title='bbox 1101 4477 1202 4543; x_wconf 86' lang='lat' dir='ltr'><strong>Qui</strong></span> <span class='ocrx_word' id='word_1_709' title='bbox 1237 4494 1322 4533; x_wconf 91' lang='lat' dir='ltr'><strong>me</strong></span> <span class='ocrx_word' id='word_1_710' title='bbox 1358 4479 1463 4533; x_wconf 89' lang='lat' dir='ltr'><strong>huc</strong></span> <span class='ocrx_word' id='word_1_711' title='bbox 1495 4479 1816 4546; x_wconf 63' lang='lat' dir='ltr'><strong>:traustulit,</strong></span> <span class='ocrx_word' id='word_1_712' title='bbox 1858 4493 2004 4532; x_wconf 90' lang='lat' dir='ltr'><strong>nunc</strong></span> 
     </span>
    </p>
   </div>
   <div class='ocr_carea' id='block_1_93' title="bbox 429 4565 2004 4636">
    <p class='ocr_par' dir='ltr' id='par_1_93' title="bbox 429 4565 2004 4636">
     <span class='ocr_line' id='line_1_93' title="bbox 429 4565 2004 4636; baseline 0.001 -16"><span class='ocrx_word' id='word_1_713' title='bbox 429 4565 679 4620; x_wconf 83' lang='lat' dir='ltr'><strong>fundavit</strong></span> <span class='ocrx_word' id='word_1_714' title='bbox 706 4580 807 4617; x_wconf 90' lang='lat' dir='ltr'><strong>me.</strong></span> <span class='ocrx_word' id='word_1_715' title='bbox 845 4565 1009 4635; x_wconf 76' lang='lat' dir='ltr'><strong>Igitur</strong></span> <span class='ocrx_word' id='word_1_716' title='bbox 1036 4567 1149 4634; x_wconf 84' lang='lat' dir='ltr'><strong>ipse</strong></span> <span class='ocrx_word' id='word_1_717' title='bbox 1176 4582 1394 4636; x_wconf 87' lang='lat' dir='ltr'><strong>quoque</strong></span> <span class='ocrx_word' id='word_1_718' title='bbox 1422 4567 1715 4632; x_wconf 87' lang='lat' dir='ltr'><strong>Dominus,</strong></span> <span class='ocrx_word' id='word_1_719' title='bbox 1747 4583 1852 4621; x_wconf 91' lang='lat' dir='ltr'><strong>non</strong></span> <span class='ocrx_word' id='word_1_720' title='bbox 1876 4577 2004 4621; x_wconf 90' lang='lat' dir='ltr'><strong>tunc</strong></span> 
     </span>
    </p>
   </div>
   <div class='ocr_carea' id='block_1_94' title="bbox 427 4655 2005 4728">
    <p class='ocr_par' dir='ltr' id='par_1_94' title="bbox 427 4655 2005 4728">
     <span class='ocr_line' id='line_1_94' title="bbox 427 4655 2005 4728; baseline 0 -18"><span class='ocrx_word' id='word_1_721' title='bbox 427 4670 550 4710; x_wconf 88' lang='lat' dir='ltr'><strong>csse</strong></span> <span class='ocrx_word' id='word_1_722' title='bbox 597 4655 792 4724; x_wconf 72' lang='lat' dir='ltr'><strong>cozpit,</strong></span> <span class='ocrx_word' id='word_1_723' title='bbox 842 4672 964 4709; x_wconf 85' lang='lat' dir='ltr'><strong>cum</strong></span> <span class='ocrx_word' id='word_1_724' title='bbox 1024 4655 1280 4712; x_wconf 89' lang='lat' dir='ltr'><strong>fundatus</strong></span> <span class='ocrx_word' id='word_1_725' title='bbox 1340 4667 1422 4712; x_wconf 88' lang='lat' dir='ltr'><strong>est</strong></span> <span class='ocrx_word' id='word_1_726' title='bbox 1474 4657 1782 4728; x_wconf 88' lang='lat' dir='ltr'><strong>(siquidem</strong></span> <span class='ocrx_word' id='word_1_727' title='bbox 1849 4665 2005 4710; x_wconf 85' lang='lat' dir='ltr'><strong>antea</strong></span> 
     </span>
    </p>
   </div>
   <div class='ocr_carea' id='block_1_95' title="bbox 425 4743 2004 4819">
    <p class='ocr_par' dir='ltr' id='par_1_95' title="bbox 425 4743 2004 4819">
     <span class='ocr_line' id='line_1_95' title="bbox 425 4743 2004 4819; baseline -0.001 -17"><span class='ocrx_word' id='word_1_728' title='bbox 425 4754 545 4802; x_wconf 88' lang='lat' dir='ltr'><strong>erat</strong></span> <span class='ocrx_word' id='word_1_729' title='bbox 577 4745 879 4816; x_wconf 86' lang='lat' dir='ltr'><strong>Verbum),</strong></span> <span class='ocrx_word' id='word_1_730' title='bbox 917 4749 1008 4803; x_wconf 92' lang='lat' dir='ltr'><strong>sed</strong></span> <span class='ocrx_word' id='word_1_731' title='bbox 1040 4758 1327 4819; x_wconf 89' lang='lat' dir='ltr'><strong>postquam</strong></span> <span class='ocrx_word' id='word_1_732' title='bbox 1365 4757 1613 4804; x_wconf 90' lang='lat' dir='ltr'><strong>nostrum</strong></span> <span class='ocrx_word' id='word_1_733' title='bbox 1654 4748 1828 4802; x_wconf 90' lang='lat' dir='ltr'><strong>induit</strong></span> <span class='ocrx_word' id='word_1_734' title='bbox 1883 4743 2004 4801; x_wconf 81' lang='lat' dir='ltr'><strong>cor-</strong></span> 
     </span>
    </p>
   </div>
   <div class='ocr_carea' id='block_1_96' title="bbox 426 4838 2001 4910">
    <p class='ocr_par' dir='ltr' id='par_1_96' title="bbox 426 4838 2001 4910">
     <span class='ocr_line' id='line_1_96' title="bbox 426 4838 2001 4910; baseline -0.001 -18"><span class='ocrx_word' id='word_1_735' title='bbox 426 4853 531 4908; x_wconf 91' lang='lat' dir='ltr'><strong>pus</strong></span> <span class='ocrx_word' id='word_1_736' title='bbox 557 4878 570 4902; x_wconf 92' lang='lat'><strong>,</strong></span> <span class='ocrx_word' id='word_1_737' title='bbox 601 4840 746 4908; x_wconf 90' lang='lat' dir='ltr'><strong>quod</strong></span> <span class='ocrx_word' id='word_1_738' title='bbox 780 4856 845 4894; x_wconf 83' lang='lat' dir='ltr'><strong>ex</strong></span> <span class='ocrx_word' id='word_1_739' title='bbox 867 4840 1036 4894; x_wconf 85' lang='lat' dir='ltr'><strong>Maria</strong></span> <span class='ocrx_word' id='word_1_740' title='bbox 1073 4841 1347 4895; x_wconf 79' lang='lat' dir='ltr'><strong>desectum</strong></span> <span class='ocrx_word' id='word_1_741' title='bbox 1381 4840 1622 4910; x_wconf 88' lang='lat' dir='ltr'><strong>accepit,</strong></span> <span class='ocrx_word' id='word_1_742' title='bbox 1672 4848 1799 4894; x_wconf 89' lang='lat' dir='ltr'><strong>tunc</strong></span> <span class='ocrx_word' id='word_1_743' title='bbox 1833 4838 2001 4903; x_wconf 77' lang='lat' dir='ltr'><strong>dixit,</strong></span> 
     </span>
    </p>
   </div>
   <div class='ocr_carea' id='block_1_97' title="bbox 428 4929 2000 5004">
    <p class='ocr_par' dir='ltr' id='par_1_97' title="bbox 428 4929 2000 5004">
     <span class='ocr_line' id='line_1_97' title="bbox 428 4929 2000 5004; baseline 0.001 -21"><span class='ocrx_word' id='word_1_744' title='bbox 428 4929 697 4985; x_wconf 77' lang='lat' dir='ltr'><strong>Fundut&#39;it</strong></span> <span class='ocrx_word' id='word_1_745' title='bbox 751 4950 828 4986; x_wconf 88' lang='lat' dir='ltr'><strong>me</strong></span> <span class='ocrx_word' id='word_1_746' title='bbox 862 4949 878 4986; x_wconf 91' lang='lat'><strong><em>:</em></strong></span> <span class='ocrx_word' id='word_1_747' title='bbox 918 4935 1060 5004; x_wconf 88' lang='lat' dir='ltr'><strong>quod</strong></span> <span class='ocrx_word' id='word_1_748' title='bbox 1097 4935 1234 4988; x_wconf 72' lang='lat' dir='ltr'><strong>idrm</strong></span> <span class='ocrx_word' id='word_1_749' title='bbox 1279 4943 1362 4989; x_wconf 86' lang='lat' dir='ltr'><strong>est</strong></span> <span class='ocrx_word' id='word_1_750' title='bbox 1411 4950 1474 4988; x_wconf 91' lang='lat' dir='ltr'><strong>ac</strong></span> <span class='ocrx_word' id='word_1_751' title='bbox 1523 4933 1566 4988; x_wconf 92' lang='lat' dir='ltr'><strong>si</strong></span> <span class='ocrx_word' id='word_1_752' title='bbox 1598 4932 1799 4987; x_wconf 85' lang='lat' dir='ltr'><strong>diceret</strong></span> <span class='ocrx_word' id='word_1_753' title='bbox 1834 4952 1844 4985; x_wconf 93' lang='lat'>:</span> <span class='ocrx_word' id='word_1_754' title='bbox 1879 4931 1958 4984; x_wconf 83' lang='lat' dir='ltr'><strong>Me</strong></span> <span class='ocrx_word' id='word_1_755' title='bbox 1987 4971 2000 4996; x_wconf 95' lang='lat'><strong>,</strong></span> 
     </span>
    </p>
   </div>
   <div class='ocr_carea' id='block_1_98' title="bbox 2113 4199 3688 4279">
    <p class='ocr_par' dir='ltr' id='par_1_98' title="bbox 2113 4199 3688 4279">
     <span class='ocr_line' id='line_1_98' title="bbox 2113 4199 3688 4279; baseline -0.004 -18"><span class='ocrx_word' id='word_1_756' title='bbox 2113 4208 2432 4279; x_wconf 83' lang='grc' dir='ltr'>ὲθεμελίωσέ</span> <span class='ocrx_word' id='word_1_757' title='bbox 2453 4225 2539 4278; x_wconf 90' lang='grc' dir='ltr'><strong>με,</strong></span> <span class='ocrx_word' id='word_1_758' title='bbox 2676 4210 2704 4260; x_wconf 83' lang='grc' dir='ltr'>ὁ</span> <span class='ocrx_word' id='word_1_759' title='bbox 2721 4206 2777 4272; x_wconf 79' lang='grc' dir='ltr'>ἐξ</span> <span class='ocrx_word' id='word_1_760' title='bbox 2796 4207 2951 4277; x_wconf 78' lang='grc' dir='ltr'>ὄρους</span> <span class='ocrx_word' id='word_1_761' title='bbox 2963 4199 3063 4258; x_wconf 82' lang='grc' dir='ltr'>ὧδε</span> <span class='ocrx_word' id='word_1_762' title='bbox 3081 4204 3349 4276; x_wconf 88' lang='grc' dir='ltr'>μεταθείς.</span> <span class='ocrx_word' id='word_1_763' title='bbox 3369 4203 3572 4258; x_wconf 74' lang='grc' dir='ltr'>Οὐκοῦν</span> <span class='ocrx_word' id='word_1_764' title='bbox 3588 4204 3688 4272; x_wconf 79' lang='grc' dir='ltr'>οὐχ</span> 
     </span>
    </p>
   </div>
   <div class='ocr_carea' id='block_1_99' title="bbox 2112 4291 3687 4370">
    <p class='ocr_par' dir='ltr' id='par_1_99' title="bbox 2112 4291 3687 4370">
     <span class='ocr_line' id='line_1_99' title="bbox 2112 4291 3687 4370; baseline -0.004 -18"><span class='ocrx_word' id='word_1_765' title='bbox 2112 4301 2140 4352; x_wconf 87' lang='grc' dir='ltr'><strong>ό</strong></span> <span class='ocrx_word' id='word_1_766' title='bbox 2165 4298 2364 4370; x_wconf 80' lang='grc' dir='ltr'>Κύριος</span> <span class='ocrx_word' id='word_1_767' title='bbox 2392 4299 2485 4350; x_wconf 67' lang='grc' dir='ltr'>καὶ</span> <span class='ocrx_word' id='word_1_768' title='bbox 2516 4299 2604 4351; x_wconf 80' lang='grc' dir='ltr'><strong>ὅτε</strong></span> <span class='ocrx_word' id='word_1_769' title='bbox 2634 4296 3052 4366; x_wconf 85' lang='grc' dir='ltr'>τεθεμελίωται,</span> <span class='ocrx_word' id='word_1_770' title='bbox 3072 4295 3242 4366; x_wconf 82' lang='grc' dir='ltr'>ἀρχὴν</span> <span class='ocrx_word' id='word_1_771' title='bbox 3273 4295 3381 4365; x_wconf 75' lang='grc' dir='ltr'>ἔχει</span> <span class='ocrx_word' id='word_1_772' title='bbox 3415 4293 3507 4348; x_wconf 75' lang='grc' dir='ltr'>τοῦ</span> <span class='ocrx_word' id='word_1_773' title='bbox 3549 4291 3687 4346; x_wconf 81' lang='grc' dir='ltr'>εἶναι</span> 
     </span>
    </p>
   </div>
   <div class='ocr_carea' id='block_1_100' title="bbox 2114 4386 3687 4462">
    <p class='ocr_par' dir='ltr' id='par_1_100' title="bbox 2114 4386 3687 4462">
     <span class='ocr_line' id='line_1_100' title="bbox 2114 4386 3687 4462; baseline -0.003 -20"><span class='ocrx_word' id='word_1_774' title='bbox 2114 4386 2212 4462; x_wconf 85' lang='grc' dir='ltr'><strong>(ἦν</strong></span> <span class='ocrx_word' id='word_1_775' title='bbox 2238 4389 2344 4460; x_wconf 83' lang='grc' dir='ltr'>γὰρ</span> <span class='ocrx_word' id='word_1_776' title='bbox 2367 4389 2459 4442; x_wconf 72' lang='grc' dir='ltr'>καὶ</span> <span class='ocrx_word' id='word_1_777' title='bbox 2488 4388 2592 4460; x_wconf 77' lang='grc' dir='ltr'><strong>πρὸ</strong></span> <span class='ocrx_word' id='word_1_778' title='bbox 2620 4387 2807 4440; x_wconf 88' lang='grc' dir='ltr'>τούτου</span> <span class='ocrx_word' id='word_1_779' title='bbox 2839 4387 3026 4456; x_wconf 86' lang='grc' dir='ltr'>Λόγος)</span> <span class='ocrx_word' id='word_1_780' title='bbox 3045 4405 3056 4416; x_wconf 88' lang='grc'>·</span> <span class='ocrx_word' id='word_1_781' title='bbox 3090 4387 3202 4439; x_wconf 83' lang='grc' dir='ltr'>ἀλλ’</span> <span class='ocrx_word' id='word_1_782' title='bbox 3229 4387 3317 4439; x_wconf 82' lang='grc' dir='ltr'><strong>ὅτε</strong></span> <span class='ocrx_word' id='word_1_783' title='bbox 3338 4387 3398 4439; x_wconf 84' lang='grc' dir='ltr'><strong>τὸ</strong></span> <span class='ocrx_word' id='word_1_784' title='bbox 3422 4387 3687 4458; x_wconf 72' lang='grc' dir='ltr'>ἡμέτερον</span> 
     </span>
    </p>
   </div>
   <div class='ocr_carea' id='block_1_101' title="bbox 2112 4474 3688 4549">
    <p class='ocr_par' dir='ltr' id='par_1_101' title="bbox 2112 4474 3688 4549">
     <span class='ocr_line' id='line_1_101' title="bbox 2112 4474 3688 4549; baseline -0.004 -15"><span class='ocrx_word' id='word_1_785' title='bbox 2112 4479 2394 4534; x_wconf 76' lang='grc' dir='ltr'>ἐνεδύσατο</span> <span class='ocrx_word' id='word_1_786' title='bbox 2422 4477 2600 4548; x_wconf 83' lang='grc' dir='ltr'>σῶμα,</span> <span class='ocrx_word' id='word_1_787' title='bbox 2637 4478 2770 4549; x_wconf 79' lang='grc' dir='ltr'>ὅπερ</span> <span class='ocrx_word' id='word_1_788' title='bbox 2794 4478 2859 4530; x_wconf 80' lang='grc' dir='ltr'><strong>ἐκ</strong></span> <span class='ocrx_word' id='word_1_789' title='bbox 2887 4477 3105 4548; x_wconf 84' lang='grc' dir='ltr'>Μαρίας</span> <span class='ocrx_word' id='word_1_790' title='bbox 3132 4476 3334 4546; x_wconf 81' lang='grc' dir='ltr'>τμηθὲν</span> <span class='ocrx_word' id='word_1_791' title='bbox 3362 4475 3542 4540; x_wconf 76' lang='grc' dir='ltr'>ἔλαϐε,</span> <span class='ocrx_word' id='word_1_792' title='bbox 3564 4474 3688 4528; x_wconf 89' lang='grc' dir='ltr'>τότε</span> 
     </span>
    </p>
   </div>
   <div class='ocr_carea' id='block_1_102' title="bbox 2112 4565 3686 4643">
    <p class='ocr_par' dir='ltr' id='par_1_102' title="bbox 2112 4565 3686 4643">
     <span class='ocr_line' id='line_1_102' title="bbox 2112 4565 3686 4643; baseline -0.004 -20"><span class='ocrx_word' id='word_1_793' title='bbox 2112 4571 2294 4643; x_wconf 66' lang='grc' dir='ltr'>φησιν,</span> <span class='ocrx_word' id='word_1_794' title='bbox 2459 4570 2512 4619; x_wconf 84' lang='grc' dir='ltr'><em>Ἐ</em></span> <span class='ocrx_word' id='word_1_795' title='bbox 2520 4567 2843 4637; x_wconf 76' lang='grc' dir='ltr'>θεμελίωσέ</span> <span class='ocrx_word' id='word_1_796' title='bbox 2868 4584 2973 4636; x_wconf 78' lang='grc' dir='ltr'>με’</span> <span class='ocrx_word' id='word_1_797' title='bbox 3011 4568 3121 4619; x_wconf 84' lang='grc' dir='ltr'>ἴσον</span> <span class='ocrx_word' id='word_1_798' title='bbox 3151 4567 3228 4636; x_wconf 77' lang='grc' dir='ltr'><strong>τῷ</strong></span> <span class='ocrx_word' id='word_1_799' title='bbox 3255 4567 3428 4618; x_wconf 84' lang='grc' dir='ltr'>είπεῖν</span> <span class='ocrx_word' id='word_1_800' title='bbox 3448 4582 3461 4594; x_wconf 89' lang='grc'><strong>·</strong></span> <span class='ocrx_word' id='word_1_801' title='bbox 3512 4565 3686 4632; x_wconf 84' lang='grc' dir='ltr'>Λόγον</span> 
     </span>
    </p>
   </div>
   <div class='ocr_carea' id='block_1_103' title="bbox 2110 4655 3690 4730">
    <p class='ocr_par' dir='ltr' id='par_1_103' title="bbox 2110 4655 3690 4730">
     <span class='ocr_line' id='line_1_103' title="bbox 2110 4655 3690 4730; baseline -0.004 -16"><span class='ocrx_word' id='word_1_802' title='bbox 2110 4662 2238 4714; x_wconf 69' lang='grc' dir='ltr'>ὄντα</span> <span class='ocrx_word' id='word_1_803' title='bbox 2265 4677 2329 4730; x_wconf 86' lang='grc' dir='ltr'><strong>με</strong></span> <span class='ocrx_word' id='word_1_804' title='bbox 2358 4658 2647 4730; x_wconf 83' lang='grc' dir='ltr'>περιέϐαλε</span> <span class='ocrx_word' id='word_1_805' title='bbox 2678 4659 2849 4728; x_wconf 74' lang='grc' dir='ltr'>γηΐνῳ</span> <span class='ocrx_word' id='word_1_806' title='bbox 2877 4657 3106 4728; x_wconf 83' lang='grc' dir='ltr'>σώματι.</span> <span class='ocrx_word' id='word_1_807' title='bbox 3142 4656 3296 4709; x_wconf 75' lang='grc' dir='ltr'>Οὕτω</span> <span class='ocrx_word' id='word_1_808' title='bbox 3319 4656 3423 4727; x_wconf 82' lang='grc' dir='ltr'>γὰρ</span> <span class='ocrx_word' id='word_1_809' title='bbox 3448 4655 3512 4706; x_wconf 80' lang='grc' dir='ltr'>δι’</span> <span class='ocrx_word' id='word_1_810' title='bbox 3537 4657 3690 4726; x_wconf 78' lang='grc' dir='ltr'>ἡμᾶς</span> 
     </span>
    </p>
   </div>
   <div class='ocr_carea' id='block_1_104' title="bbox 2111 4742 3688 4822">
    <p class='ocr_par' dir='ltr' id='par_1_104' title="bbox 2111 4742 3688 4822">
     <span class='ocr_line' id='line_1_104' title="bbox 2111 4742 3688 4822; baseline -0.007 -18"><span class='ocrx_word' id='word_1_811' title='bbox 2111 4750 2446 4822; x_wconf 80' lang='grc' dir='ltr'>θεμελιοῦται</span> <span class='ocrx_word' id='word_1_812' title='bbox 2465 4789 2478 4815; x_wconf 95' lang='grc'><strong>,</strong></span> <span class='ocrx_word' id='word_1_813' title='bbox 2509 4748 2578 4801; x_wconf 82' lang='grc' dir='ltr'><strong>τά</strong></span> <span class='ocrx_word' id='word_1_814' title='bbox 2609 4747 2765 4818; x_wconf 82' lang='grc' dir='ltr'>ἡμῶν</span> <span class='ocrx_word' id='word_1_815' title='bbox 2799 4746 3186 4816; x_wconf 82' lang='grc' dir='ltr'>ἀναδεχόμενος</span> <span class='ocrx_word' id='word_1_816' title='bbox 3205 4785 3218 4806; x_wconf 96' lang='grc'><strong>,</strong></span> <span class='ocrx_word' id='word_1_817' title='bbox 3265 4745 3352 4796; x_wconf 81' lang='grc' dir='ltr'><strong>ἵνα</strong></span> <span class='ocrx_word' id='word_1_818' title='bbox 3379 4745 3538 4812; x_wconf 80' lang='grc' dir='ltr'>ἡμεῖς</span> <span class='ocrx_word' id='word_1_819' title='bbox 3561 4783 3576 4806; x_wconf 96' lang='grc'><strong>,</strong></span> <span class='ocrx_word' id='word_1_820' title='bbox 3611 4742 3688 4807; x_wconf 85' lang='grc' dir='ltr'>ὼς</span> 
     </span>
    </p>
   </div>
   <div class='ocr_carea' id='block_1_105' title="bbox 2112 4832 3688 4912">
    <p class='ocr_par' dir='ltr' id='par_1_105' title="bbox 2112 4832 3688 4912">
     <span class='ocr_line' id='line_1_105' title="bbox 2112 4832 3688 4912; baseline -0.007 -18"><span class='ocrx_word' id='word_1_821' title='bbox 2112 4841 2389 4912; x_wconf 75' lang='grc' dir='ltr'>σύστωμοι</span> <span class='ocrx_word' id='word_1_822' title='bbox 2423 4837 2976 4910; x_wconf 85' lang='grc' dir='ltr'>συναρμολογούμενοι</span> <span class='ocrx_word' id='word_1_823' title='bbox 3007 4837 3099 4889; x_wconf 75' lang='grc' dir='ltr'><strong>καὶ</strong></span> <span class='ocrx_word' id='word_1_824' title='bbox 3127 4833 3469 4895; x_wconf 80' lang='grc' dir='ltr'>συνδεθέντες</span> <span class='ocrx_word' id='word_1_825' title='bbox 3499 4834 3555 4884; x_wconf 73' lang='grc' dir='ltr'>ἐν</span> <span class='ocrx_word' id='word_1_826' title='bbox 3589 4832 3688 4884; x_wconf 81' lang='grc' dir='ltr'>αύ-</span> 
     </span>
    </p>
   </div>
   <div class='ocr_carea' id='block_1_106' title="bbox 2108 4924 3687 5005">
    <p class='ocr_par' dir='ltr' id='par_1_106' title="bbox 2108 4924 3687 5005">
     <span class='ocr_line' id='line_1_106' title="bbox 2108 4924 3687 5005; baseline -0.007 -18"><span class='ocrx_word' id='word_1_827' title='bbox 2108 4935 2185 5005; x_wconf 80' lang='grc' dir='ltr'><strong>τῷ</strong></span> <span class='ocrx_word' id='word_1_828' title='bbox 2302 4933 2496 5004; x_wconf 75' lang='grc' dir='ltr'>διὰτῆς</span> <span class='ocrx_word' id='word_1_829' title='bbox 2511 4929 2931 5002; x_wconf 81' lang='grc' dir='ltr'>όμοιώσεωςτῆς</span> <span class='ocrx_word' id='word_1_830' title='bbox 2954 4927 3174 4997; x_wconf 71' lang='grc' dir='ltr'>σαρκὸς,</span> <span class='ocrx_word' id='word_1_831' title='bbox 3191 4928 3270 4989; x_wconf 80' lang='grc' dir='ltr'><strong>εἰς</strong></span> <span class='ocrx_word' id='word_1_832' title='bbox 3292 4925 3457 4995; x_wconf 80' lang='grc' dir='ltr'>ἄνδρα</span> <span class='ocrx_word' id='word_1_833' title='bbox 3479 4924 3687 4976; x_wconf 73' lang='grc' dir='ltr'>τέλειον</span> 
     </span>
    </p>
   </div>
   <div class='ocr_carea' id='block_1_107' title="bbox 426 5015 2001 5096">
    <p class='ocr_par' dir='ltr' id='par_1_107' title="bbox 426 5020 2001 5094">
     <span class='ocr_line' id='line_1_107' title="bbox 426 5020 2001 5094; baseline -0.001 -20"><span class='ocrx_word' id='word_1_834' title='bbox 426 5023 519 5090; x_wconf 87' lang='lat' dir='ltr'><strong>qui</strong></span> <span class='ocrx_word' id='word_1_835' title='bbox 554 5037 672 5075; x_wconf 90' lang='lat' dir='ltr'><strong>sum</strong></span> <span class='ocrx_word' id='word_1_836' title='bbox 708 5022 943 5076; x_wconf 74' lang='lat' dir='ltr'><strong>Verbum</strong></span> <span class='ocrx_word' id='word_1_837' title='bbox 984 5043 995 5076; x_wconf 93' lang='lat'><strong>:</strong></span> <span class='ocrx_word' id='word_1_838' title='bbox 1031 5032 1246 5078; x_wconf 87' lang='lat' dir='ltr'><strong>terreno</strong></span> <span class='ocrx_word' id='word_1_839' title='bbox 1293 5039 1522 5094; x_wconf 89' lang='lat' dir='ltr'><strong>corpore</strong></span> <span class='ocrx_word' id='word_1_840' title='bbox 1579 5022 1876 5092; x_wconf 89' lang='lat' dir='ltr'><strong>cooperuit.</strong></span> <span class='ocrx_word' id='word_1_841' title='bbox 1913 5020 2001 5074; x_wconf 90' lang='lat' dir='ltr'><strong>Sic</strong></span> 
     </span>
    </p>
   </div>
   <div class='ocr_carea' id='block_1_108' title="bbox 2106 5015 3681 5096">
    <p class='ocr_par' dir='ltr' id='par_1_108' title="bbox 2109 5015 3681 5096">
     <span class='ocr_line' id='line_1_108' title="bbox 2109 5015 3681 5096; baseline -0.008 -18"><span class='ocrx_word' id='word_1_842' title='bbox 2109 5025 2560 5096; x_wconf 72' lang='grc' dir='ltr'>καταντήσαντες,</span> <span class='ocrx_word' id='word_1_843' title='bbox 2596 5021 2851 5074; x_wconf 82' lang='grc' dir='ltr'>ἀθάνατοι</span> <span class='ocrx_word' id='word_1_844' title='bbox 2884 5019 2977 5071; x_wconf 68' lang='grc' dir='ltr'>καὶ</span> <span class='ocrx_word' id='word_1_845' title='bbox 3005 5017 3270 5088; x_wconf 62' lang='grc' dir='ltr'>ἄφθαρτοι</span> <span class='ocrx_word' id='word_1_846' title='bbox 3293 5015 3681 5086; x_wconf 87' lang='grc' dir='ltr'>διαμείνωμεν.</span> 
     </span>
    </p>
   </div>
   <div class='ocr_carea' id='block_1_109' title="bbox 432 5105 3682 5187">
    <p class='ocr_par' dir='ltr' id='par_1_109' title="bbox 432 5105 3682 5187">
     <span class='ocr_line' id='line_1_109' title="bbox 432 5105 3682 5187; baseline -0.006 -13"><span class='ocrx_word' id='word_1_847' title='bbox 432 5117 578 5174; x_wconf 84' lang='lat' dir='ltr'><strong>enim</strong></span> <span class='ocrx_word' id='word_1_848' title='bbox 631 5117 740 5180; x_wconf 77' lang='lat' dir='ltr'><strong>ille,</strong></span> <span class='ocrx_word' id='word_1_849' title='bbox 778 5119 868 5187; x_wconf 88' lang='lat' dir='ltr'><strong>qui</strong></span> <span class='ocrx_word' id='word_1_850' title='bbox 932 5124 1114 5170; x_wconf 91' lang='lat' dir='ltr'><strong>nostra</strong></span> <span class='ocrx_word' id='word_1_851' title='bbox 1155 5118 1404 5187; x_wconf 82' lang='lat' dir='ltr'><strong>suscipit,</strong></span> <span class='ocrx_word' id='word_1_852' title='bbox 1467 5116 1640 5170; x_wconf 90' lang='lat' dir='ltr'><strong>nostri</strong></span> <span class='ocrx_word' id='word_1_853' title='bbox 1692 5131 1856 5170; x_wconf 84' lang='lat' dir='ltr'><strong>causa</strong></span> <span class='ocrx_word' id='word_1_854' title='bbox 1909 5113 2186 5178; x_wconf 83' lang='lat' dir='ltr'><strong>fundatur,</strong></span> <span class='ocrx_word' id='word_1_855' title='bbox 2239 5121 2298 5166; x_wconf 94' lang='lat' dir='ltr'><strong>ut</strong></span> <span class='ocrx_word' id='word_1_856' title='bbox 2347 5125 2468 5176; x_wconf 89' lang='lat' dir='ltr'><strong>nos,</strong></span> <span class='ocrx_word' id='word_1_857' title='bbox 2519 5109 2610 5180; x_wconf 93' lang='lat' dir='ltr'><strong>qui</strong></span> <span class='ocrx_word' id='word_1_858' title='bbox 2661 5107 2842 5162; x_wconf 86' lang='lat' dir='ltr'><strong>simile</strong></span> <span class='ocrx_word' id='word_1_859' title='bbox 2904 5107 3168 5161; x_wconf 88' lang='lat' dir='ltr'><strong>habemus</strong></span> <span class='ocrx_word' id='word_1_860' title='bbox 3220 5121 3444 5174; x_wconf 89' lang='lat' dir='ltr'><strong>corpus,</strong></span> <span class='ocrx_word' id='word_1_861' title='bbox 3495 5105 3682 5157; x_wconf 90' lang='lat' dir='ltr'><strong>carnis</strong></span> 
     </span>
    </p>
   </div>
   <div class='ocr_carea' id='block_1_110' title="bbox 435 5199 3694 5282">
    <p class='ocr_par' dir='ltr' id='par_1_110' title="bbox 435 5199 3694 5282">
     <span class='ocr_line' id='line_1_110' title="bbox 435 5199 3694 5282; baseline -0.006 -12"><span class='ocrx_word' id='word_1_862' title='bbox 435 5203 790 5271; x_wconf 70' lang='lat' dir='ltr'><strong>similitudine</strong></span> <span class='ocrx_word' id='word_1_863' title='bbox 818 5215 870 5267; x_wconf 82' lang='lat' dir='ltr'><strong>in</strong></span> <span class='ocrx_word' id='word_1_864' title='bbox 905 5212 997 5266; x_wconf 92' lang='lat' dir='ltr'><strong>illo</strong></span> <span class='ocrx_word' id='word_1_865' title='bbox 1030 5213 1197 5282; x_wconf 86' lang='lat' dir='ltr'><strong>aptati</strong></span> <span class='ocrx_word' id='word_1_866' title='bbox 1259 5224 1312 5268; x_wconf 89' lang='lat' dir='ltr'><strong>et</strong></span> <span class='ocrx_word' id='word_1_867' title='bbox 1342 5213 1604 5282; x_wconf 66' lang='lat' dir='ltr'><strong>colligati,</strong></span> <span class='ocrx_word' id='word_1_868' title='bbox 1636 5213 1690 5266; x_wconf 93' lang='lat' dir='ltr'><strong>in</strong></span> <span class='ocrx_word' id='word_1_869' title='bbox 1718 5213 1892 5265; x_wconf 86' lang='lat' dir='ltr'><strong>virum</strong></span> <span class='ocrx_word' id='word_1_870' title='bbox 1948 5208 2247 5280; x_wconf 76' lang='lat' dir='ltr'><strong>perfectura</strong></span> <span class='ocrx_word' id='word_1_871' title='bbox 2305 5221 2658 5262; x_wconf 87' lang='lat' dir='ltr'><strong>occurramus</strong></span> <span class='ocrx_word' id='word_1_872' title='bbox 2690 5205 2734 5270; x_wconf 81' lang='lat'><strong>’,</strong></span> <span class='ocrx_word' id='word_1_873' title='bbox 2787 5202 3235 5270; x_wconf 69' lang='lat' dir='ltr'><strong>immortilcsque</strong></span> <span class='ocrx_word' id='word_1_874' title='bbox 3285 5208 3338 5254; x_wconf 88' lang='lat' dir='ltr'><strong>et</strong></span> <span class='ocrx_word' id='word_1_875' title='bbox 3373 5199 3694 5267; x_wconf 86' lang='lat' dir='ltr'><strong>incorrupti&#39;</strong></span> 
     </span>
    </p>
   </div>
   <div class='ocr_carea' id='block_1_111' title="bbox 440 5325 778 5365">
    <p class='ocr_par' dir='ltr' id='par_1_111' title="bbox 440 5325 778 5365">
     <span class='ocr_line' id='line_1_111' title="bbox 440 5325 778 5365; baseline 0 -3"><span class='ocrx_word' id='word_1_876' title='bbox 440 5326 684 5365; x_wconf 88' lang='lat' dir='ltr'><strong>maneam</strong></span> <span class='ocrx_word' id='word_1_877' title='bbox 693 5326 723 5363; x_wconf 86' lang='grc' dir='ltr'>υ</span> <span class='ocrx_word' id='word_1_878' title='bbox 732 5325 756 5363; x_wconf 88' lang='lat' dir='ltr'><strong><em>S</em></strong></span> <span class='ocrx_word' id='word_1_879' title='bbox 765 5347 778 5362; x_wconf 83' lang='lat'><strong>.</strong></span> 
     </span>
    </p>
   </div>
   <div class='ocr_carea' id='block_1_112' title="bbox 507 5400 2008 5468">
    <p class='ocr_par' dir='ltr' id='par_1_112' title="bbox 507 5400 2008 5468">
     <span class='ocr_line' id='line_1_112' title="bbox 507 5400 2008 5468; baseline -0.004 -9"><span class='ocrx_word' id='word_1_880' title='bbox 507 5404 679 5459; x_wconf 84' lang='lat' dir='ltr'><strong>Nemo</strong></span> <span class='ocrx_word' id='word_1_881' title='bbox 721 5417 849 5457; x_wconf 82' lang='lat' dir='ltr'><strong>vero</strong></span> <span class='ocrx_word' id='word_1_882' title='bbox 905 5401 989 5454; x_wconf 87' lang='lat' dir='ltr'><strong>bis</strong></span> <span class='ocrx_word' id='word_1_883' title='bbox 1042 5403 1203 5453; x_wconf 86' lang='lat' dir='ltr'><strong>etiam</strong></span> <span class='ocrx_word' id='word_1_884' title='bbox 1252 5400 1505 5468; x_wconf 66' lang='lat' dir='ltr'><strong>loquendi</strong></span> <span class='ocrx_word' id='word_1_885' title='bbox 1565 5401 1738 5462; x_wconf 82' lang='lat' dir='ltr'><strong>modis</strong></span> <span class='ocrx_word' id='word_1_886' title='bbox 1787 5409 2008 5454; x_wconf 87' lang='lat' dir='ltr'><strong>contur-</strong></span> 
     </span>
    </p>
   </div>
   <div class='ocr_carea' id='block_1_113' title="bbox 441 5493 2010 5564">
    <p class='ocr_par' dir='ltr' id='par_1_113' title="bbox 441 5493 2010 5564">
     <span class='ocr_line' id='line_1_113' title="bbox 441 5493 2010 5564; baseline -0.001 -15"><span class='ocrx_word' id='word_1_887' title='bbox 441 5499 596 5551; x_wconf 88' lang='lat' dir='ltr'><strong>hctur</strong></span> <span class='ocrx_word' id='word_1_888' title='bbox 637 5513 650 5549; x_wconf 89' lang='lat'><strong>:</strong></span> <span class='ocrx_word' id='word_1_889' title='bbox 688 5497 822 5548; x_wconf 80' lang='lat' dir='ltr'><strong>Ante</strong></span> <span class='ocrx_word' id='word_1_890' title='bbox 884 5511 1082 5562; x_wconf 67' lang='lat' dir='ltr'><strong>rerum,</strong></span> <span class='ocrx_word' id='word_1_891' title='bbox 1119 5507 1164 5548; x_wconf 88' lang='lat' dir='ltr'><strong>et</strong></span> <span class='ocrx_word' id='word_1_892' title='bbox 1194 5535 1207 5558; x_wconf 90' lang='lat'><strong>,</strong></span> <span class='ocrx_word' id='word_1_893' title='bbox 1246 5493 1564 5562; x_wconf 74' lang='lat' dir='ltr'><strong>Priusquam</strong></span> <span class='ocrx_word' id='word_1_894' title='bbox 1621 5505 1810 5547; x_wconf 83' lang='lat' dir='ltr'><strong>terram</strong></span> <span class='ocrx_word' id='word_1_895' title='bbox 1871 5495 2010 5564; x_wconf 79' lang='lat' dir='ltr'><strong>face-</strong></span> 
     </span>
    </p>
   </div>
   <div class='ocr_carea' id='block_1_114' title="bbox 2183 5384 3685 5460">
    <p class='ocr_par' dir='ltr' id='par_1_114' title="bbox 2183 5384 3685 5460">
     <span class='ocr_line' id='line_1_114' title="bbox 2183 5384 3685 5460; baseline -0.008 -12"><span class='ocrx_word' id='word_1_896' title='bbox 2183 5397 2258 5448; x_wconf 85' lang='grc' dir='ltr'><strong>Τὸ</strong></span> <span class='ocrx_word' id='word_1_897' title='bbox 2298 5393 2377 5458; x_wconf 82' lang='grc' dir='ltr'>δὲ,</span> <span class='ocrx_word' id='word_1_898' title='bbox 2435 5393 2553 5460; x_wconf 87' lang='grc' dir='ltr'><strong>ΙΙρὸ</strong></span> <span class='ocrx_word' id='word_1_899' title='bbox 2611 5393 2718 5445; x_wconf 84' lang='grc' dir='ltr'><strong>τοῦ</strong></span> <span class='ocrx_word' id='word_1_900' title='bbox 2759 5389 2996 5453; x_wconf 74' lang='grc' dir='ltr'>αἰῶνος,</span> <span class='ocrx_word' id='word_1_901' title='bbox 3021 5390 3133 5452; x_wconf 76' lang='grc' dir='ltr'>καὶ,</span> <span class='ocrx_word' id='word_1_902' title='bbox 3157 5387 3278 5456; x_wconf 88' lang='grc' dir='ltr'><strong>Πρὸ</strong></span> <span class='ocrx_word' id='word_1_903' title='bbox 3312 5386 3418 5442; x_wconf 85' lang='grc' dir='ltr'><strong>τοῦ</strong></span> <span class='ocrx_word' id='word_1_904' title='bbox 3443 5394 3555 5454; x_wconf 78' lang='grc' dir='ltr'><strong>τήν</strong></span> <span class='ocrx_word' id='word_1_905' title='bbox 3574 5384 3685 5456; x_wconf 71' lang='grc' dir='ltr'>γῆν</span> 
     </span>
    </p>
   </div>
   <div class='ocr_carea' id='block_1_115' title="bbox 2118 5478 3686 5556">
    <p class='ocr_par' dir='ltr' id='par_1_115' title="bbox 2118 5478 3686 5556">
     <span class='ocr_line' id='line_1_115' title="bbox 2118 5478 3686 5556; baseline -0.01 -13"><span class='ocrx_word' id='word_1_906' title='bbox 2118 5486 2388 5556; x_wconf 76' lang='grc' dir='ltr'>ποιῆσαι,</span> <span class='ocrx_word' id='word_1_907' title='bbox 2419 5488 2533 5550; x_wconf 76' lang='grc' dir='ltr'>καὶ,</span> <span class='ocrx_word' id='word_1_908' title='bbox 2589 5483 2710 5553; x_wconf 83' lang='grc' dir='ltr'><strong>Πρὸ</strong></span> <span class='ocrx_word' id='word_1_909' title='bbox 2748 5483 2853 5538; x_wconf 87' lang='grc' dir='ltr'>τοῦ</span> <span class='ocrx_word' id='word_1_910' title='bbox 2888 5481 2994 5550; x_wconf 86' lang='grc' dir='ltr'>ὅρη</span> <span class='ocrx_word' id='word_1_911' title='bbox 3045 5478 3436 5548; x_wconf 81' lang='grc' dir='ltr'>ἑδρασθῆναι,</span> <span class='ocrx_word' id='word_1_912' title='bbox 3482 5479 3686 5549; x_wconf 63' lang='grc' dir='ltr'>μηδένα</span> 
     </span>
    </p>
   </div>
   <div class='ocr_carea' id='block_1_116' title="bbox 515 5677 1640 5751">
    <p class='ocr_par' dir='ltr' id='par_1_116' title="bbox 515 5677 1640 5751">
     <span class='ocr_line' id='line_1_116' title="bbox 515 5677 1640 5751; baseline 0.001 -22"><span class='ocrx_word' id='word_1_913' title='bbox 515 5677 529 5705; x_wconf 87' lang='grc'>¹</span> <span class='ocrx_word' id='word_1_914' title='bbox 560 5678 580 5729; x_wconf 83' lang='grc' dir='ltr'><strong>ι</strong></span> <span class='ocrx_word' id='word_1_915' title='bbox 609 5680 734 5733; x_wconf 71' lang='lat' dir='ltr'><strong>(Sor.</strong></span> <span class='ocrx_word' id='word_1_916' title='bbox 775 5695 858 5745; x_wconf 80' lang='lat' dir='ltr'><strong>in,</strong></span> <span class='ocrx_word' id='word_1_917' title='bbox 893 5681 976 5742; x_wconf 91' lang='lat' dir='ltr'><strong>ll,</strong></span> <span class='ocrx_word' id='word_1_918' title='bbox 1007 5680 1090 5735; x_wconf 87' lang='lat' dir='ltr'><strong>l0.</strong></span> <span class='ocrx_word' id='word_1_919' title='bbox 1167 5684 1186 5714; x_wconf 81' lang='grc'>³</span> <span class='ocrx_word' id='word_1_920' title='bbox 1221 5682 1419 5751; x_wconf 79' lang='lat' dir='ltr'><strong>Ephes.</strong></span> <span class='ocrx_word' id='word_1_921' title='bbox 1449 5695 1523 5742; x_wconf 82' lang='lat' dir='ltr'><strong>Iv,</strong></span> <span class='ocrx_word' id='word_1_922' title='bbox 1559 5679 1640 5730; x_wconf 77' lang='grc'><strong>15.</strong></span> 
     </span>
    </p>
   </div>
  </div>
