4008 6208
323 326 414 391 405

311 441 604 512 ταραττέτω
633 451 651 470 '

306 536 401 604 τῷ,
427 531 815 600 ἐθεμελίωσε,
845 531 938 582 καὶ
967 527 1046 598 τῷ
1064 568 1078 592 ,
1125 527 1328 583 ἔκτισε
1347 543 1361 558 ο
1393 526 1552 580 τοῦτο
1577 526 1686 597 γὰρ
1712 525 1873 579 πάλιν

305 622 390 690 τῆς
421 619 562 672 κατὰ
602 617 784 686 σάρκα
811 617 1122 687 οἰκονομίας
1170 615 1423 669 ἅπτεται.
1488 615 1554 668 Ἡ
1581 614 1690 686 γὰρ
1723 613 1875 684 παρὰ

301 712 382 764 τοῦ
411 711 666 781 Σωτῆρος
693 711 775 772 εἰς
803 711 949 779 ἡμᾶς
978 708 1241 778 γενομένη
1260 707 1438 779 χάρις,
1464 708 1587 778 ἄρτι
1617 707 1714 777 μὲν
1739 708 1869 759 ἑπε-

300 803 433 872 φάνη
458 845 472 866 ,
505 803 582 865 ὡς
609 797 764 854 εἶπεν
798 802 827 852 6
868 799 1207 862 Ἀπόστολος,
1239 801 1333 852 καὶ
1360 800 1580 868 γέγονεν
1607 798 1901 869 ὲπιδημή-”

299 911 481 957 caveo;
503 892 666 947 αὐτοῦ
683 909 698 924 ο
719 893 1120 963 προητοίμαπο
1134 891 1190 942 δὲ
1209 890 1348 960 αὕτη
1367 891 1459 944 καὶ
1478 890 1603 960 πρὶν
1623 887 1873 956 γενέσθαι

295 989 470 1056 ἡμᾶς,
505 986 704 1056 μᾶλλον
748 985 805 1038 δὲ
835 986 930 1038 καὶ
973 985 1078 1055 πρὸ
1279 983 1380 1051 τῆς
1427 981 1733 1050 καταϐολῆς
1779 979 1872 1033 τοῦ

295 1076 532 1145 κόσμου’
581 1075 737 1144 καὶὴ
795 1073 944 1125 αἰτία
997 1073 1206 1144 χρηστὴ
1258 1072 1352 1125 καὶ
1412 1070 1698 1140 θαυμαστή
1759 1067 1876 1132 πῶς

291 1168 453 1220 ἐστιν.
489 1166 606 1218 Οὐκ
638 1165 845 1233 ἔπρεπε
863 1164 957 1216 τὸν
976 1163 1106 1216 Θεὸν
1131 1161 1355 1233 ὕστερον
1395 1160 1523 1231 περὶ
1545 1159 1702 1230 ἡμῶν
1755 1159 1877 1228 βου-

291 1255 567 1317 λεύεσθαι,
605 1256 692 1307 ἱνα
720 1255 794 1326 μὴ
825 1255 901 1317 ὠς
926 1251 1134 1321 ἀγνοῶν
1159 1252 1230 1306 τά
1255 1253 1377 1306 καθ’
1414 1253 1560 1322 ἡμᾶς
1590 1251 1869 1322 φαίνηται.

288 1346 504 1410 Κτίζων
533 1346 710 1399 τοίνυν
749 1347 895 1415 ἡμᾶς
922 1343 1009 1397 διὰ
1041 1343 1132 1397 τοῦ
1178 1344 1307 1397 ἰδίου
1340 1343 1512 1411 Λόγου
1542 1344 1570 1396 6
1600 1342 1708 1396 τῶν
1739 1343 1875 1395 ὅλων

285 1437 450 1500 Θεὸς,
481 1437 580 1490 καὶ
605 1435 760 1498 εἰδὼς
800 1435 866 1489 τὰ
898 1435 1058 1506 ἡμῶν
1089 1437 1227 1508 ὑπὲρ
1261 1436 1408 1506 ἡμᾶς
1429 1473 1444 1496 ,
1483 1434 1873 1505 προγινώσκων

285 1547 362 1592 τε,
403 1530 509 1591 ὅτι,
539 1527 694 1581 καλοὶ
719 1528 998 1596 γενόμενοι
1027 1567 1040 1588 ,
1078 1527 1299 1598 ὕστερον
1325 1525 1636 1598 παραϐάται
1661 1526 1758 1596 τῆς
1781 1526 1870 1578 ὲν-

282 1620 447 1690 τολῆς
472 1619 727 1689 ἐσόμεθα,
748 1619 842 1672 καὶ
867 1621 932 1672 ὲκ
950 1620 1042 1672 τοῦ
1066 1619 1391 1690 παραδείσου
1417 1617 1868 1688 ὲκῦληθησόμεθα

281 1710 372 1764 διὰ
400 1711 504 1780 τὴν
529 1708 814 1780 παρακοὴν
842 1747 858 1774 ,

283 1798 678 1871 προετοιμάζει
701 1801 760 1852 ὲν
919 1798 999 1869 τῷ
1023 1799 1135 1868 ίδίῳ
1150 1800 1328 1867 Λόγῳ,
1352 1797 1417 1851 δι’
1442 1793 1504 1852 οὗ
1536 1799 1631 1852 καὶ
1657 1798 1872 1852 ἔκτισεν

281 1891 460 1960 ἡμᾶς,
493 1889 593 1961 τὴν
621 1890 752 1960 περὶ
774 1889 875 1960 τῆς
907 1889 1178 1960 σωτηρίας
1204 1888 1362 1959 ἡμῶν
1392 1887 1722 1959 οἰκονομίαν,
1760 1889 1869 1953 ἵνα,

284 1983 395 2035 κάν
421 1980 793 2052 ἀπατηθέντες
817 1979 971 2051 παρὰ
992 1979 1084 2033 τοῦ
1113 1979 1289 2046 ὄφεως
1309 1979 1654 2049 ἐκπέσωμεν,
1683 1980 1757 2052 μὴ
1786 1980 1876 2032 τέ-

282 2071 410 2124 λεον
440 2069 826 2140 ἀπομείνωμεν
856 2069 1076 2140 νεκροὶ,
1124 2068 1238 2122 ἀλλ’
1264 2068 1478 2138 ἔχοντες
1516 2071 1574 2122 ὲν
1602 2067 1680 2138 τῷ
1713 2068 1872 2140 Λόγῳ

282 2165 388 2236 τὴν
414 2163 930 2233 προητοιμασμὲνην
973 2164 1105 2233 ἡμῖν
1151 2161 1418 2232 λύτρωσιν
1466 2178 1525 2214 τε
1549 2161 1643 2214 καὶ
1693 2179 1869 2232 σωτη-

283 2258 439 2329 ρίαν,
476 2255 638 2310 πάλιν
663 2256 1010 2320 ἀναστάντες,
1047 2253 1302 2308 ἀθάνατοι
1325 2253 1715 2324 διαμείνωμεν,
1744 2253 1871 2306 ὅταν

279 2348 452 2412 αὐτὸς
484 2348 625 2418 ὑπὲρ
649 2347 807 2419 ἡμῶν
839 2346 980 2420 ἀρχὴ
1010 2345 1117 2398 τῶν
1137 2345 1274 2399 ὁδῶν
1307 2343 1520 2416 κτισθῇ,
1550 2345 1645 2398 καὶ⁵
1668 2347 1697 2398 ό
1723 2361 1870 2415 πρω-

285 2441 511 2502 τότοκος
559 2439 660 2509 τῆς
710 2428 940 2501 κτίσεως
970 2439 1193 2508 γένηται
1231 2436 1574 2508 πρωτότοκος
1603 2435 1869 2506 ἀδελφῶν,

285 2532 386 2585 καὶ
419 2530 585 2593 αὐτὸς
617 2529 840 2600 ἀπαρχὴ
861 2528 980 2582 τῶν
1013 2527 1220 2600 νεκρῶν
1254 2528 1480 2598 ἀναστῇ.
1516 2525 1688 2580 Τοῦτο
1716 2524 1864 2580 Παῦ-

283 2623 381 2686 λος
406 2623 436 2674 ό
474 2621 744 2694 μακάριος
769 2619 1063 2682 ἀπόστολος
1249 2617 1480 2690 γράφων
1501 2617 1740 2672 διδάσκει
1760 2633 1774 2648 ο
1805 2616 1868 2670 τὸ

274 2719 393 2790 γὰρ
423 2718 482 2770 ὲν
509 2717 630 2776 ταῖς
659 2711 1007 2782 Παροιμίαις,
1038 2706 1159 2775 Πρὸ
1188 2706 1294 2759 τοῦ
1323 2707 1560 2769 αῑωνος,
1589 2702 1704 2766 καὶ,
1735 2702 1858 2771 Πρὸ

278 2807 392 2863 τοῦ
413 2806 530 2874 τὴν
547 2803 666 2874 γῆν
685 2801 983 2872 γενέσθαι,
1005 2798 1080 2851 διε
1087 2795 1394 2868 ρμηνεύων,
1410 2794 1552 2848 οὕτω
1571 2794 1704 2864 φησὶ
1722 2794 1858 2865 πρὸς

290 2897 389 2967 μὲν
439 2892 737 2964 Τιμόθεονο
789 2884 1340 2957 Συγκακοπάθησον
1377 2881 1458 2947 τῷ
1498 2881 1860 2951 Εὐαγγελίῳ,

292 2988 438 3040 κατὰ
468 2985 724 3051 δύναμιν
745 2979 891 3034 Θεοῦ
912 2978 1017 3031 τοῦ
1040 2976 1353 3042 σώσαντος
1379 2971 1536 3043 ἡμᾶς
1560 2972 1658 3026 καὶ
1686 2971 1864 3025 καλέ-

291 3095 514 3143 σαντος
549 3074 768 3140 κλήσει
798 3072 961 3141 ἁγίᾳ·
994 3073 1065 3124 οὺ
1094 3067 1241 3123 κατὰ
1266 3067 1339 3122 τὰ
1362 3067 1505 3134 ἔργα

291 3169 448 3223 ἀλλὰ
495 3166 648 3220 κατά
689 3163 805 3231 τὴν
855 3161 1012 3214 ιδίαν
1047 3160 1332 3227 πρόθεσιν
1359 3156 1454 3210 καὶ
1485 3154 1692 3223 χάριν,
1750 3153 1862 3222 τὴν

291 3260 574 3315 δοθεῖσαν
599 3256 743 3325 ἡμῖν
769 3255 840 3307 ἐν
859 3251 1086 3322 Χριστῷ
1125 3249 1315 3317 Ἰησοῦ
1338 3247 1447 3315 πρὸ
1479 3248 1713 3316 χρόνων
1733 3247 1866 3298 αἰω-

289 3353 467 3412 νίων,
516 3343 962 3417 φανερωθεῖσαν
1001 3340 1070 3394 δὲ
1095 3340 1212 3394 νῦν
1243 3338 1339 3391 διὰ
1378 3334 1486 3404 τῆς
1515 3334 1865 3404 ἐπιφανείας

289 3443 393 3496 τοῦ
417 3438 699 3506 Σωτῆρος
729 3433 900 3504 ἡμῶν
937 3430 1131 3499 Ἰησοῦ
1157 3429 1434 3498 Χριστοῦ,
1465 3423 1868 3494 καταργήσαν-

288 3550 392 3598 τος
401 3531 520 3600 μὲν
534 3528 643 3583 τὸν
657 3526 931 3589 θάνατον,
945 3524 1316 3592 φωτίσαντος
1341 3519 1408 3573 δὲ
1427 3537 1457 3573 τ
1467 3518 1541 3586 ὴν
1692 3515 1863 3582 ζωήν.

293 3623 435 3694 Πρὸς
487 3621 547 3674 δὲ
602 3619 728 3680 τοὺς
772 3614 1083 3685 Ἐφεσίους·
1133 3609 1478 3678 Εὐλογητὸς
1516 3612 1548 3662 ό
1581 3605 1725 3672 Θεὸς
1763 3605 1864 3658 καὶ

292 3710 496 3776 Πατὴρ
529 3707 638 3762 τοῦ
666 3707 885 3773 Κυρίου
909 3703 1079 3772 ἡμῶν
1111 3701 1313 3769 Ἰησοῦ
1338 3699 1616 3768 Χριστοῦ,
1641 3701 1672 3751 ό
1697 3699 1870 3750 86.10-

293 3803 489 3871 γήσας
517 3798 680 3870 ἡμᾶς
708 3799 778 3851 ἐν
804 3795 971 3864 πάσῃ
993 3794 1236 3863 εὐλογίᾳ
1255 3787 1627 3861 πνευματικῇ
1655 3788 1725 3841 ἐν
1746 3786 1869 3852 τοῖς

294 3891 674 3961 ἐπουρανίοις
703 3884 1023 3962 ἐνιΧριστῷ
1057 3882 1250 3952 Ἰησοῦ
1281 3892 1296 3908 ⁶
1455 3877 1649 3946 καθὼς
1667 3874 1870 3962 ἐξελέ-

299 3984 442 4048 ξατο
481 3979 643 4050 ἡμᾶς
670 3979 740 4032 ἐν
762 3961 922 4042 αὐτῷ
945 3973 1062 4044 πρὸ
1097 3970 1434 4039 καταϐολῆς
1459 3970 1689 4037 κόσμου
1719 3961 1872 4020 εἶναι

297 4073 453 4144 ἡμᾶς
475 4072 687 4141 ἁγίους
712 4068 811 4123 καὶ
835 4066 1112 4137 ἀμώμους
1144 4065 1269 4117 κατ’
1306 4062 1562 4116 ἐνώπιον
1592 4057 1776 4114 αὑτοῦ
1804 4057 1874 4110 ἐν

1328 322 1706 386 PANOPLIA
1751 319 2213 380 DOGMATICA.
2251 341 2320 352 --
2349 318 2500 378 TlT.
2543 319 2650 379 Χῐ.

843 438 986 492 πάνυ
1015 436 1122 508 γὰρ
1156 437 1250 489 καὶ
1272 434 1428 488 τοῦτο
1461 432 1641 497 καλῶς
1672 433 1870 503 συνῆψε

1979 439 2071 494 ret,
2126 439 2200 493 et,
2241 429 2537 498 Antequam
2587 439 2787 484 utentes
2837 431 3239 488 collocarentrm
3297 434 3337 492 ‘.
3382 439 3544 497 Recte

3436 323 3547 388 406

1973 522 2118 577 enim
2149 523 2250 577 ista
2273 522 2557 591 conjunxit
2585 538 2709 577 cum
2749 523 2959 588 verbis,
3000 524 3275 593 fundavit,
3307 540 3360 583 et
3394 548 3536 586 crea-

1973 615 2066 667 vit.
2106 612 2350 684 Namque
2377 615 2494 670 haec
2523 615 2640 684 ejus
2668 617 2968 670 secundum
3003 632 3224 673 carnem
3263 622 3546 692 dispensa-

1979 705 2183 758 tionem
2212 713 2478 774 spectant.
2514 704 2724 774 Etenim
2759 708 2931 778 gratia
2959 723 3079 778 qua:
3108 711 3268 766 nobis
3299 728 3328 766 a
3359 713 3547 769 Salva-

1976 807 2091 853 tore
2138 796 2340 852 donata
2371 806 2492 862 est,
2548 799 2709 854 modo
2761 799 2974 868 quidem
3021 805 3309 870 apparuit,
3362 815 3420 860 ut
3470 808 3546 864 ait

1972 889 2268 959 Apostolus
2321 891 2367 954 ³,
2401 899 2701 960 cxortaque
2725 899 2809 946 est
2827 900 3117 962 postquam
3145 893 3260 963 ipse
3285 897 3503 952 advenit
3528 918 3542 953 :

1973 997 2166 1038 verum
2190 991 2482 1051 antequam
2528 998 2626 1036 nos
2655 999 3001 1038 nasceremur
3030 1026 3044 1050 ,
3081 987 3162 1041 vel
3197 990 3378 1056 potius
3421 1001 3546 1046 ante

1973 1073 2168 1128 mundi
2214 1074 2660 1128 constitutionem
2713 1087 3014 1144 praeparata
3061 1077 3191 1143 fuit,
3241 1080 3400 1148 cujus
3430 1082 3545 1137 haec

1979 1179 2148 1220 causa
2175 1175 2232 1219 et
2274 1174 2420 1218 recta
2456 1173 2541 1218 est
2587 1174 2640 1218 et
2679 1163 3018 1220 admiranda.
3070 1169 3236 1222 Deum
3269 1169 3335 1224 de
3388 1173 3544 1227 nobis

1973 1257 2250 1326 posterius
2279 1257 2582 1310 deliberare
2637 1255 2858 1310 minime
2882 1257 3138 1324 decebat,
3191 1275 3258 1313 ne
3304 1277 3392 1315 res
3447 1278 3546 1315 no-

1975 1357 2118 1402 stras
2156 1347 2411 1417 ignorare
2447 1346 2743 1401 videretur.
2785 1346 3051 1414 Quocirca
3080 1365 3203 1404 cum
3230 1366 3330 1406 nos
3361 1367 3543 1406 rerum

1974 1437 2353 1491 universarum
2379 1435 2519 1492 Deus
2537 1453 2633 1506 per
2656 1438 2934 1510 proprimn
2961 1437 3192 1495 Verbum
3223 1451 3465 1508 crearet,
3493 1454 3546 1497 et

1974 1539 2038 1578 ea
2058 1565 2072 1590 ,
2097 1541 2218 1595 qua:
2255 1524 2323 1578 ad
2354 1541 2456 1581 nos
2486 1527 2790 1594 pertinent,
2827 1544 2989 1598 supra
3023 1546 3124 1584 nos
3170 1536 3535 1602 prospiceret,

1970 1625 2441 1685 praenosceretquc
2468 1632 2566 1672 nos
2599 1627 2886 1686 postquam
2912 1621 3039 1674 boni
3071 1621 3198 1676 facti
3225 1623 3541 1692 fuissemus,

1011 1709 1390 1780 φιλάνθρωπος
1417 1709 1512 1762 καὶ⁸
1539 1708 1741 1776 ἀγαθὸς
1771 1708 1866 1772 ὢν,

1979 1706 2145 1772 legem
2181 1705 2475 1760 violaturos
2496 1746 2509 1771 ,
2542 1714 2706 1775 atque
2732 1706 2936 1763 idcirco
2985 1722 3017 1762 e
3072 1711 3328 1777 paradiso
3359 1717 3545 1783 expel-

1972 1796 2164 1850 lendos
2196 1814 2208 1849 :
2245 1795 2334 1850 ille
2369 1796 2462 1866 qui
2510 1797 2883 1866 perhumanus
2927 1805 2982 1852 et
3022 1799 3290 1870 benignus
3327 1812 3436 1870 est,
3491 1806 3544 1859 in

1972 1886 2194 1957 proprio
2232 1884 2443 1951 Verbo,
2477 1903 2575 1957 per
2607 1888 2752 1958 quod
2781 1904 2882 1946 nos
2911 1891 3137 1957 creavit,
3345 1903 3547 1950 nostra:

1974 1979 2169 2035 salutis
2216 1979 2682 2048 dispensationem
2741 1982 3098 2052 praeparavit,
3139 1992 3198 2038 ut
3259 1984 3542 2052 videlicet,

1975 2069 2190 2126 etiamsi
2219 2070 2560 2140 contingeret
2581 2081 2640 2126 ιιι
2666 2086 2698 2126 a
2727 2071 2974 2128 daemone
3002 2073 3362 2129 circumventi
3388 2077 3545 2131 eade—

1973 2176 2199 2228 remus,
2251 2177 2318 2217 ne
2367 2162 2569 2218 mortui
2611 2163 2829 2232 penitus
2879 2179 3319 2232 remaneremus,
3359 2168 3454 2222 sed
3489 2179 3545 2221 ut

1971 2251 2400 2321 redemptionem
2429 2261 2484 2307 et
2506 2253 2739 2308 salutem
2785 2253 2840 2308 in
2879 2252 3059 2310 Verbo
3085 2256 3246 2311 nobis
3284 2272 3546 2326 praepara-

1973 2350 2083 2400 tam
2119 2342 2415 2409 habentes,
2438 2344 2890 2400 revivisceremus
2925 2354 2981 2402 et
3021 2345 3356 2402 immortales
3402 2363 3542 2402 esso-

1974 2448 2129 2499 mus,
2165 2441 2455 2503 postquam
2480 2434 2599 2505 ipse
2629 2448 2732 2504 pro
2763 2434 2926 2490 nobis
2963 2435 3298 2506 principium
3328 2439 3540 2497 viarum

1970 2532 2056 2582 est
2087 2532 2302 2580 creatus
2322 2564 2337 2590 ,
2364 2532 2418 2579 et
2441 2524 2536 2594 qui
2561 2533 2827 2580 creatura:
2851 2525 3246 2597 primogenitus
3293 2538 3402 2592 est,
3436 2527 3543 2582 fra-

1973 2625 2116 2671 trum
2141 2614 2317 2671 factus
2344 2614 2449 2670 fuit
2478 2615 2906 2686 primogenitus,
2928 2625 2983 2672 et
3013 2616 3157 2686 ipse,
3201 2627 3542 2673 mortuorum

1976 2711 2266 2784 primitiae,
2290 2706 2506 2762 revixit.
2538 2702 2665 2757 Ηιεε
2693 2703 2808 2771 ipsa
2841 2709 2925 2753 est
2954 2697 3096 2752 beati
3131 2695 3362 2765 apostoli
3397 2695 3544 2747 Pauli

1977 2800 2222 2858 doctrina
2242 2839 2256 2861 ,
2291 2796 2385 2866 qui
2419 2795 2508 2849 illa
2542 2790 2959 2846 Proverbiorum
2991 2787 3150 2840 verba
3169 2827 3184 2852 ,
3207 2795 3327 2838 ante
3356 2800 3544 2844 wvum,

1977 2902 2053 2959 et,
2086 2899 2366 2960 antequam
2405 2897 2543 2940 terra
2574 2885 2748 2953 ﬁeret,
2783 2881 2856 2934 ita
2897 2879 3136 2948 Epistola
3179 2878 3246 2932 ad
3275 2875 3546 2930 Timothe-

1978 2999 2070 3038 um
2106 2984 2490 3049 interpretatur
2532 2976 2554 3006 ³
2582 2994 2595 3029 :
2639 2973 2922 3028 Cottabora
2952 2969 3234 3039 Evangelia
3262 2967 3549 3021 secundum

1661 3061 1863 3133 ἡμῶν,
1897 3071 1941 3129 C
1979 3073 2078 3127 Dei
2105 3073 2381 3134 virtutem,
2413 3068 2501 3137 qui
2535 3066 2705 3120 salvos
2759 3079 2850 3117 nos
2898 3062 3023 3132 fecit
3051 3072 3100 3116 et
3159 3062 3355 3116 vocavit
3398 3075 3550 3114 voca-

1980 3165 2119 3218 tione
2152 3171 2367 3219 sancta.
2407 3175 2506 3212 non
2541 3156 2826 3212 secundum
2868 3171 3025 3224 opera
3058 3164 3275 3218 nostra,
3323 3153 3413 3205 sed
3467 3168 3550 3205 se-

1979 3253 2207 3307 cundum
2231 3253 2504 3322 proprium
2537 3249 2862 3319 propositum
2882 3257 2930 3300 et
2960 3246 3187 3314 gratiam
3207 3285 3222 3307 ,
3258 3260 3373 3314 qua:
3399 3242 3547 3296 nobis

1979 3349 2110 3399 data
2135 3354 2210 3398 est
2240 3345 2293 3397 in
2353 3343 2562 3397 Christo
2601 3340 2728 3394 Iesu
2779 3347 2898 3392 ante
2944 3347 3143 3391 «eterna
3189 3346 3455 3402 tempora,
3499 3342 3550 3386 et

1981 3452 2117 3490 nunc
2143 3437 2388 3505 apparuit
2419 3451 2510 3504 per
2557 3434 2833 3487 adventura
2881 3427 3173 3483 Saluatoris
3214 3427 3380 3481 nostri
3420 3425 3550 3479 Iesu

1980 3529 2207 3594 Christi,
2239 3528 2328 3596 qui
2365 3537 2582 3579 mortem
2611 3525 2822 3594 quidem
2849 3521 3112 3576 destruxit
3135 3559 3150 3580 ,
3179 3519 3343 3572 vitam
3373 3525 3549 3568 autent

1979 3616 2325 3671 illuminavit.
2387 3614 2452 3667 Et
2496 3615 2560 3667 ad
2616 3611 2924 3681 Ephesios:
2957 3608 3269 3662 Benedictus
3316 3603 3457 3657 Deus
3497 3613 3546 3654 et

1981 3707 2148 3761 Pater
2179 3707 2389 3760 Domini
2412 3705 2578 3758 nostri
2605 3703 2732 3757 Iesu
2753 3702 2975 3765 Christi,
2999 3702 3087 3769 qui
3111 3697 3372 3752 benedixit
3398 3695 3548 3748 nobis

1981 3798 2037 3852 in
2063 3797 2206 3850 omni
2268 3795 2622 3849 benedictione
2671 3791 2975 3860 spirituali,
3034 3791 3090 3844 in
3133 3785 3460 3847 caalcstibus,
3493 3784 3546 3836 in

1981 3888 2194 3944 Christo
2229 3887 2394 3953 Iesu,
2433 3889 2570 3941 sicut
2609 3885 2763 3954 elegit
2815 3899 2906 3936 nos
2955 3883 3010 3934 in
3051 3882 3163 3950 ipso
3205 3887 3327 3932 ante
3365 3875 3549 3928 mundi

1981 3979 2428 4042 constitutionem,
2471 3987 2527 4030 ut
2563 3991 2793 4030 essemus
2838 3973 3009 4028 sancti
3037 3980 3083 4024 et
3127 3966 3458 4027 immaculati
3492 3966 3547 4020 in

1982 4080 2258 4140 conspectu
2294 4069 2406 4138 ejus
2434 4070 2488 4122 in
2511 4067 2790 4134 charitate,
2830 4065 2921 4136 qui
2947 4061 3336 4132 praedestinavit
3365 4074 3456 4112 nos
3489 4059 3546 4111 in

300 4159 866 4233 ἀγάπῃ,προορίσας
894 4154 1052 4227 ἡμᾶς
1087 4157 1174 4222 εἰς
1195 4152 1502 4208 υἱοθεσίαν
1535 4151 1633 4203 διὰ
1673 4145 1873 4214 Ἰησοῦ

1983 4165 2310 4234 adoptionem
2341 4178 2431 4232 per
2452 4160 2635 4216 Iesum
2669 4159 2939 4216 Christum
2969 4157 3024 4210 in
3051 4157 3222 4225 ipsum
3268 4157 3313 4206 δ.

307 4254 564 4328 Χριστοῦ
586 4255 674 4319 είς
703 4251 908 4310 αὐτόν.

485 4365 614 4428 Πῶς
639 4358 732 4418 οὖν
755 4360 1056 4429 ἐξελέξατο,
1088 4359 1219 4430 πρὶν
1235 4355 1486 4426 γενέσθαι
1508 4355 1675 4426 ἡμᾶς,
1707 4354 1756 4406 εί
1780 4352 1876 4422 μὴ,

295 4461 368 4524 ὡς
389 4459 555 4520 αὐτὸς
592 4456 814 4526 εἴρηκεν
834 4493 849 4518 ,
897 4455 958 4507 ὲν
987 4450 1136 4521 αὑτῷ
1169 4447 1311 4521 ἦμεν
1360 4445 1876 4520 προτετυπωμένοι;

299 4552 422 4614 Πῶς
441 4551 500 4603 δὲ
526 4549 686 4610 ὅλως,
716 4546 845 4616 πρὶν
864 4543 1182 4616 ἀνθρώπους
1203 4539 1510 4610 κτισθῆναι,
1537 4539 1682 4608 ἡμᾶς
1704 4534 1883 4608 προώ-

305 4657 453 4711 ρισεν
484 4641 566 4701 είς
595 4615 867 4690 υἱοθεσίαν
891 4671 909 4697 ,
972 4615 978 4616 ⁷
1073 4634 1122 4685 εί
1153 4615 1228 4702 μὴ
1261 4631 1422 4694 αὐτὸς
1445 4632 1473 4683 ὁ
1499 4627 1623 4691 Υἱὸς
1655 4627 1760 4699 πρὸ
1787 4625 1881 4680 τοῦ

303 4733 499 4794 αίῶνος
543 4727 940 4798 τεθεμελίωτο,
987 4722 1380 4792 ἀναδεξάμενος
1416 4720 1515 4792 τὴν
1556 4721 1696 4790 ὑπὲρ
1727 4719 1884 4788 ἡμῶν

304 4822 648 4893 οἱκονομίαν;
677 4821 748 4872 Ἦ
773 4819 909 4882 πῶς,
927 4818 1002 4880 ὡς
1022 4815 1275 4886 ἐπιφέρει
1297 4814 1469 4882 λέγων
1491 4815 1518 4866 ό
1546 4811 1883 4876 ’Δπόστολος,

303 4913 732 4982 ἐκληρώθημεν
753 4907 1227 4978 προορισθέντες,
1247 4908 1296 4960 εἰ
1322 4906 1395 4977 μὴ
1425 4904 1584 4968 αὐτὸς
1609 4907 1638 4958 6
1661 4903 1885 4975 Κύριος,

305 5007 416 5077 πρὸ
434 5004 532 5059 τοῦ
558 5005 754 5066 αἰῶνος
779 4999 846 5074 ἦν
874 4999 1241 5071 θεμελιωθεὶς,
1270 4997 1412 5052 ὥστε
1440 4997 1601 5053 αὑτὸν
1630 4997 1888 5068 πρόθεσιν

307 5097 452 5166 ἔχειν
485 5095 632 5164 ὑπὲρ
675 5094 834 5164 ἡμῶν
876 5093 1055 5146 πάντα
1084 5091 1176 5144 τὸν
1214 5089 1335 5144 καθ’
1371 5088 1527 5160 ἡμῶν
1570 5089 1766 5159 κλῆρον
1797 5087 1890 5141 τοῦ

308 5187 580 5257 κρίματος
759 5182 1117 5249 ἀναδέξασθαι
1145 5182 1234 5236 διὰ
1263 5181 1363 5250 τῆς
1393 5181 1595 5252 σαρκὸς
1615 5219 1630 5242 ,
1663 5179 1755 5234 καὶ
1782 5178 1891 5232 λοισι

307 5279 415 5330 πὸν
453 5278 604 5346 ἡμᾶς
646 5277 706 5329 ιν
746 5274 897 5344 αὐτῷ
935 5273 1374 5346 ζωοποιηθῆναις
1405 5271 1528 5334 Πῶς
1561 5269 1619 5324 δὲ
1647 5269 1742 5322 καὶ
1785 5267 1892 5338 πρὸ

310 5372 524 5437 χρόνων
546 5368 784 5423 αἰωνίων
807 5367 1186 5436 ἐλαμϐάνομεν
1213 5366 1565 5437 χάριν,μήπω
1586 5362 1892 5432 γεγονότες,

314 5460 368 5510 ει
402 5460 476 5529 μὴ
507 5461 564 5512 ὲν
591 5459 669 5528 τῷ
694 5456 917 5528 Χριστῷ
943 5453 1011 5529 ἦν
1036 5456 1374 5527 ἀποκειμένη
1407 5456 1438 5524 ἡ
1467 5455 1544 5518 είς
1575 5454 1722 5523 ἡμᾶς
1758 5453 1895 5522 (90d-

421 5660 436 5688 ⁸
474 5658 631 5714 Prov.
671 5673 790 5722 vm,
821 5655 1009 5712 23-25.
1129 5659 1147 5688 ³
1190 5656 1296 5709 Tit.
1329 5671 1388 5723 ιι,
1428 5655 1512 5707 Η.

1628 5656 1645 5686 ³
1691 5655 1732 5709 ιι
1766 5654 1903 5708 Tim.
1933 5667 1968 5716 ι,
2003 5651 2151 5707 8-ιυ.
2208 5610 2210 5612 ’

2164 4362 2447 4428 Quomodo
2474 4375 2602 4431 ergo
2627 4375 2727 4415 nos
2763 4358 2927 4428 elegit
2956 4366 3248 4425 antequam
3275 4366 3552 4413 essemus,

1987 4456 2117 4518 nisi,
2165 4462 2226 4508 ut
2270 4454 2389 4522 ipse
2425 4451 2580 4516 dixit,
2617 4453 2670 4504 in
2699 4451 2818 4520 ipso
2859 4447 3158 4502 fuissemus
3192 4441 3554 4514 praesignati?

1987 4545 2091 4612 Qui
2117 4559 2247 4599 vero
2283 4543 2397 4598 fieri
2446 4541 2658 4612 potuit,
2691 4547 2751 4594 ut
2778 4555 2897 4603 nos,
2942 4537 3263 4607 priusquam
3304 4532 3562 4588 homines

1985 4646 2344 4701 crearentur,
2394 4634 2448 4688 in
2491 4633 2836 4703 adoptionem
2889 4625 3394 4699 prudestinaverit,
3449 4621 3556 4676 nisi

1987 4727 2103 4798 ipse
2153 4725 2326 4781 Filius
2377 4733 2502 4778 ante
2541 4737 2716 4776 aevum
2749 4719 3008 4774 fundatus
3052 4721 3234 4787 esset,
3265 4717 3514 4777 suscepta
3538 4745 3552 4769 ,

1988 4819 2164 4876 nostri
2216 4819 2389 4889 gratia
2422 4858 2436 4882 ,
2485 4811 2934 4884 dispensatione?
2988 4807 3084 4862 Vel
3131 4801 3405 4874 quomodo
3439 4837 3453 4862 ,
3499 4804 3556 4848 ut

1992 4911 2213 4983 subiicit
2265 4907 2559 4979 Apostolus
2586 4946 2600 4970 ,
2643 4916 2785 4960 sorte
2830 4915 3011 4956 sumus
3064 4890 3428 4966 praedestinati
3479 4889 3507 4983 i‘
3539 4928 3553 4951 ,

1990 4978 2109 5060 nisi.
2131 5005 2246 5073 ipse
2274 4978 2536 5058 Dominus
2571 5005 2695 5052 ante
2723 5009 2898 5053 aevum
2932 4989 3192 5044 fundatus
3218 4985 3431 5043 fuisset,
3477 4978 3550 5030 ita

1993 5107 2053 5152 ut
2081 5096 2178 5165 ipsi
2205 5093 2543 5163 propositum
2576 5087 2740 5142 fuerit
2769 5098 2986 5141 omnem
3028 5077 3220 5152 judicii
3267 5074 3552 5127 adversum

1993 5202 2093 5243 nos
2119 5187 2211 5240 lati
2245 5191 2446 5239 sortem
2489 5193 2652 5234 carne
2692 5176 2988 5244 suscipere,
3025 5185 3135 5240 quo
3171 5181 3270 5221 nos
3303 5161 3558 5228 deinceps

1997 5267 2052 5321 in
2087 5265 2205 5334 ipso
2233 5261 2666 5317 vivificaremur?
2685 5257 2966 5326 Quomodo
2986 5266 3169 5311 autem
3201 5261 3256 5309 et
3281 5260 3407 5307 ante
3435 5260 3566 5306 tem-

1999 5373 2129 5430 pora
2156 5355 2432 5412 sucularia
2462 5354 2685 5424 gratiam
2725 5350 3141 5419 accepissemus,
3193 5345 3281 5414 qui
3319 5343 3562 5399 nondum

2003 5465 2244 5514 eramus,
2274 5447 2378 5502 nisi
2411 5446 2584 5517 gratia
2614 5445 2803 5498 fuisset
2833 5442 2884 5494 in
2927 5440 3139 5494 Christo
3182 5437 3416 5509 reposita
3448 5451 3566 5505 quae

2887 5644 2905 5674 ⁵
2945 5643 3077 5698 ibid.
3119 5645 3200 5697 il.

2275 5644 2294 5676 ⁸
2334 5645 2533 5715 Epiros.
2571 5660 2608 5707 ι,
2652 5643 2769 5699 5-5.
