4094 6204
414 296 519 361 4οἹ

1657 300 1700 355 Ε
1712 299 1971 357 U'J‘llYM
1982 299 2035 356 ll
2079 300 2119 357 Z
2130 300 2443 359 [GABENI

3571 298 3677 363 408

417 415 485 470 ad
511 429 615 469 nos
662 425 781 469 erat
816 424 1143 483 perventura
1173 416 1196 468 ?
1224 414 1362 470 Hinc
1394 413 1482 468 ille
1511 418 1565 467 lu
1598 414 1829 484 judicio,
1865 431 1989 470 cum

2094 434 2259 471 νουσα
2280 434 2474 488 χαρις;
2502 417 2593 470 Διὸ
2621 417 2715 471 καὶ
2739 417 2798 470 tv
2824 417 2890 486 τῇ
2922 415 3101 485 κρίσει
3130 415 3259 469 ὅταν
3278 417 3512 483 ἕκαστος
3538 422 3679 473 κατά

419 506 796 576 unusquisque
827 520 925 575 pro
952 506 1064 559 suis
1098 504 1253 558 factis
1277 505 1586 560 mercedem
1620 513 1701 559 est
1732 514 1991 575 acceptu-

2093 510 2191 579 τὴν
2228 509 2428 581 πρᾶξιν
2458 509 2855 580 ἀπολαμϐἀνῃ,
2898 509 3060 578 φήσει
3083 524 3096 539 ⁶
3131 508 3312 563 Δεῦτε
3341 511 3395 564 οι
3428 512 3681 580 εὐλογη-

420 613 537 657 rus,
566 596 709 652 dicet
740 613 755 649 :
800 594 1003 659 Venite,
1029 594 1289 647 benedicti
1322 592 1505 647 Patris
1542 596 1643 647 mei
1680 609 1696 646 :
1732 596 1990 663 possidete

2094 601 2258 668 μένοι
2283 602 2390 654 τοῦ
2408 602 2639 667 Πατρός
2670 619 2811 669 μου,
2834 601 3337 667 κληρονομήσατε
3360 601 3477 667 τὴν
3521 604 3679 669 ἢτοι-

420 698 671 755 ρανοιιιηι
724 686 861 737 vobis
919 697 1135 753 regnum
1201 700 1231 734 a
1292 684 1665 739 constitutione
1723 687 1988 739 mundi’.

421 778 706 846 Quomodo
757 777 937 846 igitur,
988 774 1071 828 vel
1106 774 1162 827 in
1194 790 1324 843 (ιιιο,
1378 783 1670 847 antequam
1720 792 1989 843 essemus,

420 879 671 941 paratum
708 878 813 933 est,
842 866 944 921 nisi
983 867 1034 920 in
1075 866 1326 928 Domino,
1358 869 1448 937 qui
1508 878 1636 923 ante
1666 884 1843 924 aevum
1870 885 1990 924 eam

419 961 491 1012 ob
539 972 755 1013 causam
791 955 1051 1011 fundatus
1083 965 1188 1022 est,
1231 967 1290 1011 ut
1321 973 1418 1011 nos
1449 973 1616 1028 super
1643 958 1819 1028 ipsum
1872 968 1989 1013 tan.

417 1065 579 1120 quam
612 1048 860 1103 aediﬁcati
884 1091 898 1113 ,
954 1048 1078 1103 vita:
1108 1059 1160 1104 et
1191 1048 1376 1119 gratiae
1405 1063 1526 1117 quae
1575 1049 1643 1104 ab
1672 1049 1762 1104 illo
1792 1049 1989 1114 oritur,

417 1139 567 1195 velut
589 1138 697 1209 apti
728 1138 957 1207 lapides,
1011 1137 1306 1207 participes
1333 1154 1582 1193 essemus
1607 1139 1629 1192 ἳ
1657 1138 1845 1208 Itaque
1868 1141 1992 1210 jure

417 1231 614 1284 merito
674 1229 911 1283 Verbum
963 1229 1014 1282 in
1068 1240 1308 1283 nostram
1363 1229 1592 1283 veniens
1643 1244 1886 1293 carnem,
1936 1229 1993 1282 in

417 1314 592 1393 eaque
636 1322 967 1390 principium
1026 1322 1230 1375 viarum
1269 1322 1322 1374 in
1367 1337 1532 1390 opera
1585 1337 1683 1375 sua
1718 1329 1988 1383 creatum,

416 1419 519 1472 hac
550 1419 783 1481 ratione,
815 1428 871 1470 ut
898 1426 1016 1470 erat
1043 1418 1094 1469 in
1128 1415 1244 1483 ipso
1279 1415 1456 1470 Patris
1492 1416 1765 1479 voluntas,
1797 1416 1994 1469 funda-

416 1518 527 1572 tur,
579 1508 739 1562 sicuti
797 1514 1282 1561 commemoratum
1336 1513 1453 1569 est,
1508 1517 1637 1559 ante
1686 1520 1883 1571 aevum,
1938 1512 1994 1557 et

417 1608 708 1667 antequam
763 1605 908 1651 terra
962 1596 1134 1661 ﬁeret,
1185 1606 1240 1647 et
1303 1606 1515 1650 montes
1569 1596 1988 1662 collocarentur,

415 1693 704 1761 fontesque
773 1691 1161 1753 scaturirent’,
1233 1704 1302 1743 ne
1351 1689 1598 1752 scilicet,
1639 1704 1762 1742 cum
1821 1698 1991 1752 terra,

2086 695 2411 761 μασμένην
2424 694 2568 761 ὑμῖν
2577 694 2908 757 βασιλείαν
2930 694 3048 747 ἀπὸ
3065 694 3407 763 καταϐολῆς
3420 696 3679 763 κόσμου.

2094 782 2216 845 Πῶς
2245 783 2359 848 οῦν,
2387 785 2419 854 ἢ
2451 787 2507 837 tv
2541 785 2646 837 τίνι
2669 785 2796 853 πρὶν
2825 783 3087 851 γενέσθαι
3115 786 3265 855 ἡμᾶς
3294 784 3602 855 ήτοιμάσθη
3632 787 3682 839 εί

2096 872 2171 942 μὴ
2209 873 2265 924 tv
2296 873 2371 942 τῷ
2408 874 2598 943 Κυρίῳ
2632 873 2705 942 τῷ
2743 874 2848 944 πρὸ
2876 873 3073 937 αἰῶνος
3107 875 3188 937 είς
3220 873 3380 927 τοῦτο
3411 873 3682 943 θεμελιωο

2093 963 2260 1027 θέντι,
2327 964 2393 1014 ἵν’
2446 964 2609 1033 ἡμεῖς
2668 963 2742 1026 ὡς
2804 963 2890 1017 ἐπ’
2943 964 3108 1017 αὑτὸν
3156 964 3681 1039 ἐποικοδομούμενοι

2098 1054 2494 1124 μεταλάϐωμεν
2538 1055 2612 1118 ὡς
2651 1055 2787 1108 λίθοι
2832 1056 3160 1127 εὐάρμοστοι
3210 1057 3307 1126 τῆς
3353 1056 3486 1126 παρ’
3532 1057 3682 1125 αὐτῷ

2102 1146 2249 1216 ζωῆς
2276 1164 2334 1198 τε
2373 1148 2466 1199 καὶ
2502 1146 2762 1216 χάριτος;
2802 1146 3015 1200 Οὐκοῦν
3052 1148 3280 1210 εἰκότως
3321 1147 3624 1202 ἐπιϐαίνων
3655 1151 3685 1201 δ

2094 1237 2263 1304 Λόγος
2298 1236 2377 1297 είς
2406 1236 2504 1304 τὴν
2535 1238 2809 1307 ἡμετέραν
2844 1238 3056 1308 σάρκα,
3092 1237 3187 1290 καὶ
3219 1239 3278 1292 tv
3316 1238 3456 1309 αύτῇ
3500 1241 3682 1302 κτιςὸ-

2097 1341 2276 1393 μῖνος,
2313 1326 2455 1396 ἀρχὴ
2480 1326 2613 1379 ὁδῶν
2646 1329 2725 1389 είς
2752 1326 2891 1398 ἔργα
2920 1328 3085 1381 αὑτοῦ
3111 1328 3461 1397 θεμελιοῦται
3486 1329 3678 1395 οὕτως,

2093 1417 2282 1487 ὥσπερ
2315 1414 2381 1488 ἢν
2413 1419 2470 1470 tv
2494 1419 2639 1481 αὐτῷ
2666 1420 2725 1472 τὸ
2752 1419 2999 1491 βούλημα
3024 1420 3119 1474 τοῦ
3156 1421 3389 1490 Πατρδς,
3426 1421 3681 1491 καθάπερ

2094 1510 2331 1581 εἴρηται,
2387 1514 2492 1582 πρὸ
2549 1512 2645 1565 τοῦ
2699 1513 2915 1577 αἰῶνος,
2974 1514 3069 1567 καὶ
3119 1513 3225 1585 πρὸ
3273 1514 3367 1567 τοῦ
3426 1514 3526 1584 τὴν
3575 1516 3681 1583 γῆν

2093 1600 2369 1667 γενέσθαι,
2403 1604 2496 1653 καὶ
2529 1601 2633 1671 πρὸ
2668 1600 2759 1653 τοῦ
2788 1602 2887 1671 ὅρη
2921 1601 3277 1671 ἑδρασθῆναι.
3316 1605 3413 1656 καὶ
3444 1605 3552 1672 πρὸ
3580 1603 3678 1655 τοῦ

2093 1692 2191 1752 τὰς
2221 1692 2408 1759 πηγὰς
2440 1688 2742 1760 προελθεῖν.
2772 1690 2888 1743 Ἵνα
2912 1690 3067 1760 κᾶνὴ
3098 1692 3191 1760 γῆ,
3218 1692 3311 1743 καὶ
3332 1692 3400 1744 τά
3427 1692 3552 1761 δρη,
3584 1692 3681 1744 καὶ

414 1794 652 1849 montes,
679 1798 971 1852 rerumque
993 1783 1372 1851 apparentium
1415 1783 1599 1850 ﬁgurae
1628 1781 1679 1834 in
1710 1782 1815 1834 ﬁne
1850 1797 1990 1850 prae.-

2100 1784 2168 1834 τά
2201 1784 2456 1851 σχήματα
2485 1782 2596 1833 τῶν
2629 1783 2972 1851 φαινομένων
3011 1781 3261 1853 παρέλθῃ
3295 1784 3353 1835 tv
3385 1786 3453 1852 τῇ
3486 1799 3680 1837 συντε-

416 1875 587 1930 sentis
621 1876 719 1929 aevi
752 1874 1138 1944 prmterierint,
1182 1889 1305 1935 nos,
1353 1873 1628 1938 similiter,
1664 1882 1721 1926 ut
1752 1873 1864 1935 illa,
1898 1890 1993 1927 ve-

415 1974 618 2021 tustate
666 1964 1102 2030 conﬁceremur;
1156 1965 1249 2019 sed
1284 1966 1467 2034 potius
1501 1973 1557 2017 ut
1591 1964 1754 2018 etiam
1801 1972 1989 2032 postea

413 2056 598 2110 vivere
648 2056 979 2121 valeremus,
1018 2064 1208 2125 utpote
1242 2056 1334 2125 qui
1375 2055 1532 2110 nobis
1561 2063 1691 2108 ante
1754 2069 1840 2108 res
1874 2054 1992 2108 illas

411 2158 774 2218 praeparatam
826 2148 882 2203 in
944 2150 1063 2219 ipso
1109 2147 1287 2203 Verbo
1341 2150 1640 2203 habeamus
1687 2150 1989 2202 secundum

411 2240 731 2294 electionem
780 2238 948 2294 vitam
1009 2248 1065 2293 et
1130 2238 1570 2294 benedictionem
1624 2238 1989 2308 spiritualem.

412 2331 505 2386 Sic
546 2332 691 2386 enim
750 2331 917 2385 vitam
960 2331 1187 2385 minime
1232 2331 1434 2384 ﬂuxam
1465 2330 1652 2385 licebit
1694 2330 1986 2399 consequi,

409 2435 831 2495 constanterque
868 2426 920 2479 in
953 2424 1173 2481 Christo
1223 2425 1493 2488 vivemus,
1541 2424 1799 2493 quoniam
1862 2432 1991 2478 ante

408 2518 499 2570 illa
542 2516 726 2569 omnia
761 2517 871 2592 vita
926 2524 1114 2568 nostra
1168 2515 1220 2568 in
1256 2513 1477 2568 Christo
1514 2512 1644 2567 Jesu
1675 2512 1898 2567 fundata
1935 2522 1989 2566 et

406 2619 595 2678 parata
629 2608 813 2661 fuerit.
869 2606 981 2661 Nec
1013 2608 1159 2660 enim
1208 2607 1261 2659 in
1315 2605 1424 2659 alio
1452 2620 1614 2674 quam
1648 2604 1701 2657 in
1757 2603 1989 2657 Domino

406 2702 611 2770 quiest
642 2711 770 2755 ante
808 2700 1029 2764 saecula,
1067 2708 1120 2753 et
1173 2714 1269 2768 per
1296 2713 1455 2767 quem
1484 2696 1625 2750 facta
1656 2704 1784 2750 sunt
1815 2711 1990 2750 saecu-

404 2793 456 2847 la
482 2793 523 2854 ³.
560 2795 727 2847 vitam
765 2803 1009 2846 nostram
1063 2790 1276 2845 fundari
1321 2805 1420 2859 par
1451 2798 1591 2849 erat,
1625 2794 1704 2852 ut,
1744 2802 1867 2841 cum
1902 2787 1990 2840 illa

404 2888 460 2940 in
486 2887 605 2955 ipso
630 2886 797 2940 veluti
824 2896 990 2951 esset,
1022 2900 1119 2939 nos
1153 2884 1316 2939 etiam
1346 2891 1565 2937 aeterna:
1597 2881 1721 2936 vitae
1749 2880 1991 2934 haeredes

404 2992 527 3031 csse
554 2991 859 3046 possemus.

402 3068 661 3137 Ejusdem
680 3068 887 3123 castiora
906 3070 1056 3122 tertio
1074 3069 1127 3121 in
1153 3068 1395 3132 Arianos,
1425 3070 1477 3120 in
1524 3084 1583 3120 ea
1610 3066 1765 3121 verba
1794 3081 1811 3119 :
1850 3084 1866 3115 ι
1887 3064 1993 3134 Ego

818 3150 866 3193 et
884 3139 1048 3193 Pater
1077 3156 1237 3191 unum
1273 3155 1453 3191 smnus
1489 3142 1529 3189 δ.
1569 3157 1586 3186 ι

474 3232 627 3288 Illam
640 3232 837 3289 deinde
854 3230 1177 3287 sententiam
1193 3227 1403 3283 Domini
1423 3241 1646 3296 carpere
1660 3233 1939 3295 cmperunl
1976 3240 1991 3278 :

400 3326 516 3397 Ego
549 3327 602 3379 in
629 3324 812 3386 Patre,
850 3334 896 3378 et
922 3323 1086 3377 Pater
1115 3322 1170 3376 in
1201 3338 1280 3375 me
1299 3323 1341 3374 ⁸.
1374 3320 1657 3385 Quomodo
1675 3325 1873 3387 potest.
1912 3318 1996 3371 in-

402 3420 618 3489 quiunt,
651 3419 741 3474 hic
767 3418 820 3472 in
840 3418 932 3471 illo
949 3431 1094 3483 esse,
1125 3415 1325 3470 autille
1338 3414 1407 3468 ab
1430 3414 1533 3467 hoc
1557 3411 1950 3482 comprehendi
1974 3411 1997 3464 ?

404 3510 693 3575 Quomodo
730 3518 909 3579 potest
933 3508 1116 3572 Pater,
1145 3507 1238 3576 qui
1279 3506 1456 3574 major
1481 3514 1585 3570 est,
1610 3504 1664 3558 in
1702 3502 1859 3567 Filio,
1900 3502 1994 3571 qui

405 3604 712 3667 minorest,
746 3601 971 3656 inesse?
1000 3600 1224 3654 Scilicet
1269 3598 1468 3653 mirum
1530 3605 1635 3661 est,
1683 3596 1878 3650 Filium
1939 3594 1995 3647 in

404 3696 566 3751 Patre
595 3710 739 3762 esse,
793 3710 916 3749 cum
947 3694 1014 3749 de
1063 3693 1221 3747 nobis
1275 3692 1441 3757 etiam
1484 3690 1751 3760 scriptum
1797 3689 1869 3743 sit
1901 3687 1998 3742 ειη

419 3804 515 3858 pro
570 3788 812 3853 vivimus,
863 3802 1130 3840 movemur
1166 3794 1213 3839 et
1250 3799 1431 3838 sumus
1474 3784 1517 3836 ⁸.
1578 3781 1772 3837 Merito
1816 3789 1997 3835 tamen

401 3879 510 3935 hoc
544 3880 653 3935 illis
682 3879 903 3943 accidit,
939 3894 1039 3949 pro
1068 3894 1233 3949 prava
1276 3878 1517 3947 ipsorum
1562 3884 1763 3935 mente,
1793 3875 1997 3944 quippe

396 3973 493 4043 qui
524 3971 696 4027 Deum
726 3986 847 4026 esse
864 3985 1065 4039 corpus
1105 3969 1444 4028 existiment,
1479 3980 1583 4021 nec
1622 3965 1713 4035 qui
1737 3964 1805 4019 sit
1835 3977 1998 4017 verus

398 4063 584 4130 Pater,
606 4072 699 4117 aut
727 4074 890 4117 verus
908 4053 1211 4125 Filius,aut
1242 4060 1330 4113 lux
1365 4057 1675 4119 invisibilis,
1701 4065 1796 4108 aut
1819 4054 1999 4123 Splen-

395 4160 498 4213 dor
509 4168 747 4210 aeternus
766 4154 935 4223 ipsius
955 4152 1262 4212 invisibilis,
1282 4161 1375 4204 aut
1392 4149 1632 4204 essentia
1654 4148 1995 4222 incorporea.

398 4259 454 4303 et
479 4246 1007 4312 formaincorporca,
1030 4254 1085 4297 ct
1104 4244 1276 4313 imago
1304 4242 1495 4311 ipsius,
1541 4237 1993 4293 animadvertant.

2100 1873 2223 1943 λείᾳ
2268 1870 2363 1925 τοῦ
2413 1872 2630 1934 αἰῶνος,
2679 1873 2755 1942 μὴ
2794 1871 2915 1925 κατ’
2961 1872 3101 1926 αύτά
3148 1872 3548 1942 παλαιωθῶμεν
3584 1876 3677 1926 καὶ

2098 1966 2284 2034 ἡμεῖς,
2306 1963 2441 2018 ἀλλὰ
2465 1963 2788 2035 δυνηθῶμεν
2819 1963 2915 2016 καὶ
2941 1966 3080 2032 μετὰ
3109 1964 3280 2016 ταῦτα
3311 1965 3433 2033 ζῇν,
3464 1964 3680 2034 ἔχοντες

2095 2057 2195 2128 τὴν
2222 2057 2328 2127 πρὸ
2356 2058 2561 2110 τούτων
2586 2056 3003 2125 ὲτοιμασθεῖσαν
3020 2058 3149 2127 ἡμῖν
3173 2059 3231 2108 tv
3252 2056 3399 2126 αὐτῷ
3422 2056 3499 2126 τῷ
3523 2058 3679 2126 Λόγῳ

2096 2145 2215 2198 κατ’
2257 2147 2490 2216 ἐκλογὴν
2539 2146 2687 2218 ζωήν
2730 2165 2788 2200 τε
2830 2150 2923 2200 καὶ
2973 2146 3226 2215 εὐλογίαν
3272 2151 3677 2217 πνευματικήν.

2094 2236 2252 2291 Οὕτω
2273 2237 2383 2308 γὰρ
2397 2238 2739 2309 δυνησόμεθα
2761 2240 2836 2309 μὴ
2861 2238 2997 2309 πρὸς
3020 2239 3213 2305 καιρὸν
3230 2239 3374 2308 ἔχειν
3391 2238 3487 2310 τὴν
3508 2237 3678 2308 ζωὴν,

2097 2328 2235 2382 ἀλλὰ
2273 2331 2367 2383 καὶ
2404 2331 2545 2400 μετὰ
2578 2331 2745 2383 ταῦτα
2789 2330 3061 2401 διαμεῖναι
3096 2331 3299 2395 ζῶντες
3330 2334 3387 2384 tv
3432 2332 3677 2402 Χριστῷ.

2112 2414 2332 2489 Ἐπειδὴ
2376 2421 2467 2472 καὶ
2500 2421 2606 2489 πρὸ
2642 2420 2847 2473 τούτων
2877 2422 2909 2488 ἡ
2944 2418 3057 2489 ζωὴ
3093 2420 3250 2489 ἡμῶν
3276 2420 3640 2490 τεθεμελίωτο
3662 2461 3678 2487 ,

2101 2510 2195 2563 καὶ
2225 2509 2526 2581 ἡτοίμαστο
2549 2512 2607 2562 ὲν
2632 2510 2874 2582 Χριστῷ.
2899 2508 3034 2565 Οὐδὲ
3061 2513 3168 2581 γάρ
3198 2512 3320 2566 οὐδὲ
3348 2515 3403 2565 tv
3431 2513 3576 2582 ἄλλῳ
3599 2512 3681 2565 Θε-

2098 2602 2433 2674 μελιωθῆναι
2473 2603 2570 2673 τὴν
2610 2604 2755 2672 ζωὴν
2798 2604 2956 2673 ἡμῶν
2991 2604 3234 2675 ἔπρεπεν
3278 2605 3328 2657 εί
3372 2605 3447 2674 μὴ
3502 2606 3559 2658 tv
3599 2606 3681 2676 τῷ

2096 2694 2284 2766 Κυρίῳ
2318 2695 2395 2764 τῷ
2426 2697 2531 2767 πρὸ
2559 2696 2772 2750 αἰώνων
2803 2696 2937 2759 ὄντι,
2969 2696 3036 2749 δι’
3068 2690 3128 2748 οὗ
3157 2697 3251 2749 καὶ
3283 2698 3330 2749 οἱ
3362 2698 3556 2757 αἰῶνες
3586 2714 3680 2766 γε-

2094 2788 2334 2856 γόνασιν,
2365 2787 2433 2840 ἵν’
2457 2788 2531 2852 ὡς
2555 2790 2613 2841 tv
2640 2789 2789 2858 αὐτῷ
2816 2789 2988 2857 αὐτῆς
3014 2788 3201 2859 οὔσης,
3233 2789 3553 2860 δυνηθῶμεν
3585 2791 3679 2844 καὶ

2098 2880 2257 2948 ἡμεῖς
2290 2878 2507 2932 αίώνιον
2544 2880 2951 2949 κληρονομῆσαι
2987 2878 3150 2949 ζωήν.

2045 3121 2063 3139 π
2109 3066 2217 3119 Τοῦ
2248 3066 2433 3119 αὐτοῦ
2464 3068 2529 3120 ἐκ
2565 3065 2846 3139 τοῦλκατᾲ
2893 3066 3211 3139 Ἀρειον-ῶν
3239 3067 3442 3133 τρίτου
3467 3069 3677 3136 λόγου,

2265 3139 2353 3201 είς
2383 3140 2451 3189 τό
2491 3156 2508 3187 ι
2557 3136 2701 3205 Ἐγὼ
2731 3137 2828 3189 καί
2864 3140 2895 3190 ὀ
2930 3136 3133 3204 Πατὴρ
3165 3136 3234 3190 ἕν
3257 3139 3463 3205 ἐσμεν.
3500 3157 3518 3188 ι

2176 3231 2448 3299 Ἤρξαντο
2480 3230 2666 3282 λοιπὴν
2693 3229 2968 3299 διασύρειν
3000 3228 3060 3283 τὸ
3091 3229 3197 3282 ὑπὸ
3225 3228 3320 3283 τοῦ
3351 3228 3560 3298 Κυρίου
3593 3229 3677 3280 λε-

2098 3322 2329 3392 γόμενον
2349 3337 2363 3353 ο
2397 3320 2544 3389 Ἐγὼ
2561 3322 2630 3375 ἐν
2658 3320 2737 3385 τῷ
2758 3320 2962 3397 Harp),
2998 3322 3097 3374 καί
3130 3323 3162 3375 ὁ
3195 3319 3399 3388 Πατὴρ
3427 3320 3498 3374 ἐν
3526 3318 3674 3390 ἐμοὶ,

2098 3414 2367 3481 λέγοντες,
2408 3413 2529 3476 [ιῶς
2559 3414 2779 3467 δύναται
2814 3407 2970 3477 οὗτος
3000 3416 3056 3466 ὲν
3082 3412 3297 3480 ἐκείνῳ,
3336 3414 3590 3475 κάκεῖνος
3619 3414 3677 3464 ἐν

2098 3505 2271 3575 τούτῳ
2295 3508 2489 3575 χωρεῖν
2512 3522 2526 3570 ;
2550 3506 2625 3589 ςΗ
2650 3506 2765 3568 πῶς
2792 3506 2931 3568 ὅλως
2956 3506 3180 3559 δύναται
3204 3508 3232 3559 ὁ
3258 3506 3450 3575 Πατὴρ
3476 3505 3678 3574 μείζων

2100 3599 2175 3653 ὢν
2226 3602 2284 3653 tv
2313 3602 2389 3671 τῷ
2418 3601 2531 3672 Υίῷ
2572 3604 2816 3655 ἐλάττονι
2840 3602 2953 3655 δντι
2983 3602 3218 3670 χωρεῖν;
3252 3599 3444 3653 Καίτοι
3472 3599 3523 3652 τί
3552 3600 3676 3653 θαυ·

2103 3693 2328 3764 μαστὸν,
2351 3695 2401 3747 εί
2428 3692 2549 3757 Υί³ις
2577 3696 2631 3745 tv
2658 3692 2734 3762 τῷ
2762 3692 2935 3762 Πατρί
2960 3709 2974 3758 ;
3006 3693 3140 3745 ὅπου
3164 3708 3227 3759 γε
3253 3692 3345 3743 καὶ
3368 3690 3495 3760 περὶ
3520 3690 3677 3759 ἡμῶν

2100 3785 2442 3855 γέγραπται·
2484 3786 2580 3838 Ἐν
2616 3785 2775 3850 αὐτῷ
2808 3785 2919 3853 γὰρ
2953 3783 3157 3852 ζῶμεν,
3197 3781 3295 3834 καὶ
3329 3781 3673 3849 κινούμεθα,

2100 3877 2200 3931 καὶ
2232 3876 2440 3947 ἐσμέν.
2483 3878 2758 3947 Πάσχουσι
2793 3877 2849 3929 δὲ
2880 3875 3037 3928 τοῦτο
3067 3874 3373 3936 ἀκολούθως
3408 3878 3472 3944 τῇ
3507 3891 3676 3928 κακο-

2100 3968 2218 4044 νοίᾳ
2256 3968 2489 4033 ἑαυτῶν,
2541 3968 2702 4037 σῶμα
2754 3968 3066 4037 νομίζοντες
3097 3961 3236 4019 εἶναι
3264 3965 3355 4017 τὸν
3385 3965 3539 4030 Θεὸν,
3582 3962 3676 4018 καὶ

2104 4061 2179 4131 μὴ
2218 4060 2485 4123 νοοῦντες,
2529 4061 2670 4131 μήτε
2711 4060 2793 4122 τίς
2824 4060 2972 4113 ἐστιν
3018 4056 3269 4126 ἀληθινὸς
3314 4056 3526 4127 Πατὴρ,
3579 4056 3675 4110 καὶ

2101 4152 2351 4223 ἀληθινὸς
2375 4152 2521 4218 Υἱὸς,
2554 4154 2688 4222 μήτε
2714 4152 2794 4214 τίς
2819 4154 2932 4204 ἐστι
2955 4150 3070 4220 φῶς
3099 4151 3352 4221 ἀόρατον,
3380 4148 3477 4201 καὶ
3504 4148 3673 4200 ἀΐδιον

2103 4248 2448 4317 ἀπαύγασμα
2476 4247 2639 4301 αὑτοῦ
2672 4248 2924 4318 ἀόρατον,
2958 4247 3098 4317 μήτε
3122 4246 3175 4299 τί
3205 4245 3354 4299 ἐστιν
3382 4242 3675 4311 ἀσώματος

397 4340 517 4395 Non
551 4338 801 4404 enim,ut
831 4337 907 4390 illi
940 4336 1255 4405 opinantur,
1288 4334 1411 4403 quia
1445 4332 1647 4386 dictum
1692 4339 1776 4385 est
1815 4347 1827 4383 :
1887 4329 1990 4398 Ego

2100 4339 2419 4401 ὑπόστασις,
2456 4339 2552 4391 καὶ
2582 4337 2869 4407 χαρακτὴρ
2903 4335 3216 4405 ἀσώματος,
3250 4336 3345 4387 καὶ
3374 4331 3543 4386 είκὼν
3571 4332 3674 4385 αύ-

396 4437 454 4487 in
480 4432 660 4494 Patre,
684 4440 733 4485 et
766 4430 921 4483 Pater
946 4430 1002 4481 in
1043 4443 1143 4488 me,
1174 4426 1246 4479 ita
1297 4433 1604 4479 commeant
1654 4424 1795 4477 inter
1823 4437 1903 4485 se,
1935 4431 1990 4476 ut

2097 4434 2218 4502 τῆς,
2250 4431 2325 4484 Οὐ
2355 4430 2463 4501 γὰρ
2490 4429 2565 4492 ὡς
2583 4430 2780 4481 ἐκεῖνοι
2810 4425 3123 4497 νομίζουσιν
3150 4424 3677 4495 ἀντεμϐιϐαζόμενοι

394 4527 644 4591 videmus
663 4524 1003 4592 contingere,
1037 4535 1158 4574 cum
1182 4534 1306 4573 vasa
1331 4517 1512 4571 inania
1532 4516 1791 4584 vicissim,
1816 4532 1981 4571 unum

2094 4527 2173 4589 είς
2218 4523 2480 4593 ἀλλήλους
2534 4523 2671 4574 είσὶν
2724 4523 2781 4574 tv
2829 4521 2906 4589 τῷ
2955 4519 3257 4587 λέγεσθαι·
3297 4518 3447 4587 Ἐγὼ
3484 4517 3554 4570 ἐν
3594 4516 3677 4581 τῷ

392 4634 459 4674 ex
486 4618 594 4672 alio
623 4615 924 4683 replentur.
944 4612 1192 4667 UtFilius
1216 4610 1268 4664 id
1289 4609 1433 4679 quod
1465 4609 1517 4663 in
1548 4608 1711 4663 Patre
1750 4623 1982 4665 vacuum

396 4720 503 4774 est,
531 4719 588 4765 el.
630 4709 788 4762 Pater
827 4707 880 4760 id
906 4706 1048 4775 quod
1083 4706 1135 4757 in
1170 4702 1307 4757 Filio
1344 4703 1585 4757 vicissim
1615 4710 1698 4757 est
1725 4717 1978 4764 vacuum,

391 4804 634 4874 impleat,
658 4810 711 4855 et
739 4809 934 4854 neuter
979 4812 1167 4851 eorum
1213 4797 1425 4867 plenus,
1493 4805 1655 4866 atque
1712 4794 1984 4865 perfectus

391 4899 483 4952 sit.
527 4894 639 4949 Hoc
675 4892 821 4947 enim
863 4902 947 4946 est
976 4905 1266 4959 corporum
1306 4889 1606 4958 proprium.
1638 4887 1983 4957 Quapropter

392 4986 509 5041 haec
533 4986 618 5041 vel
641 4985 819 5039 dicere
834 4983 1012 5038 scelus
1034 4992 1118 5036 est
1141 4980 1440 5048 impietatis
1486 4979 1721 5046 plenum.
1785 4980 1985 5033 Pienus

389 5077 537 5135 etiim
578 5086 741 5144 atque
761 5075 1033 5143 perfectus
1062 5080 1147 5126 est
1167 5069 1346 5123 Pater.
1374 5069 1433 5121 Et
1458 5069 1631 5125 Filius
1677 5068 1986 5123 Divinitatis

390 5175 476 5222 est
502 5165 804 5235 plenitudo.
826 5156 1010 5230 Neque
1041 5159 1203 5225 Deus,
1238 5169 1298 5213 ut
1329 5175 1477 5223 vasa,
1510 5160 1554 5212 si
1575 5160 1626 5211 in
1662 5159 1766 5213 illis
1815 5167 1984 5223 esset,

391 5256 764 5316 conﬁrmaret,
784 5254 977 5307 eodem
1013 5251 1177 5305 modo
1212 5249 1497 5303 conﬁrmat
1546 5248 1765 5304 Filium.
1815 5248 1985 5303 Filius

393 5347 537 5401 enim
569 5358 651 5402 est
681 5346 854 5400 Patris
888 5346 1059 5398 virtus
1098 5354 1153 5397 et
1199 5343 1463 5412 sapientia
1487 5343 1525 5395 ⁷.
1546 5346 1622 5398 Ac
1642 5359 1728 5399 res
1767 5345 1985 5412 quidem

2092 4616 2291 4683 Ῑιατρί,
2323 4616 2420 4669 καὶ
2462 4617 2494 4669 ό
2542 4613 2744 4683 Πατὴρ
2790 4613 2861 4669 ἐν
2926 4612 3078 4681 ἐμοὶ,
3113 4611 3302 4683 ὥσπερ
3332 4612 3389 4665 tv
3426 4610 3674 4677 ἀγγείοις

2091 4711 2270 4771 κενοῖς
2305 4708 2363 4772 ἐξ
2393 4707 2634 4776 ἀλλήλων
2664 4707 3084 4776 πληρουμένοις,
3113 4704 3254 4757 ὥστε
3285 4704 3375 4757 τὸν
3418 4703 3516 4772 μὲν
3550 4702 3671 4755 raw

2091 4800 2335 4869 πληροῦν
2358 4801 2417 4851 τὸ
2447 4798 2602 4851 κενὸν
2627 4797 2717 4851 τοῦ
2742 4798 2976 4867 Πατρὸς,
2998 4797 3090 4853 τὸν
3118 4795 3174 4848 δὲ
3194 4796 3410 4864 Πατέρα
3428 4792 3671 4863 πληροῦν

2087 4892 2149 4945 τὸ
2190 4890 2364 4944 κοῖλον
2408 4888 2503 4942 τοῦ
2549 4889 2700 4953 Υίοῦ,
2740 4890 2834 4942 καὶ
2873 4888 3134 4958 ἑκάτερον
3187 4886 3372 4948 αὐτοῖς
3411 4884 3487 4955 μὴ
3528 4878 3669 4963 εἶναι

2083 4984 2269 5053 πλήρη
2293 4983 2386 5035 xai.
2414 4981 2636 5036 τέλειον.
2663 4979 2939 5049 Σωμάτων
2969 4979 3077 5047 γὰρ
3121 4976 3251 5031 ῐδιον
3272 4976 3433 5031 τοῦτό
3460 4992 3547 5044 γε.
3576 4976 3667 5027 Διὸ

2084 5078 2176 5129 καὶ
2216 5076 2275 5128 τὸ
2321 5074 2481 5143 μόνον
2513 5073 2685 5125 strter
2721 5069 2878 5123 τοῦτο
2915 5068 3199 5123 ἀνάπλεών
3235 5070 3351 5121 ἐστι
3388 5066 3666 5127 ἀσεϐείας.

2087 5168 2308 5237 Πλήρης
2325 5165 2431 5233 γὰρ
2463 5163 2556 5218 καὶ
2584 5162 2784 5224 τέλειός
2817 5163 2964 5214 ἐστιν
2985 5160 3235 5228 ὁΠατὴρ,
3264 5157 3362 5211 καὶ
3392 5157 3667 5228 πλήρωμα

2090 5258 2343 5329 θεότητος
2376 5260 2524 5310 ἐστιν
2553 5256 2581 5307 ὸ
2616 5254 2763 5316 Υίός.
2800 5252 2922 5305 Οὐδ’
2952 5252 3019 5305 αὖ
3054 5252 3215 5305 πάλιν
3245 5251 3437 5321 ὥσπερ
3465 5252 3525 5303 tv
3553 5251 3665 5313 τοῖς

2090 5353 2268 5420 ἁγίοις
2308 5349 2592 5419 γινόμενος
2631 5349 2659 5401 ὁ
2693 5345 2827 5407 Θεὸς
2871 5343 3197 5413 ὲνεδυνάμου
3237 5342 3455 5405 αὐτοὺς,
3490 5338 3664 5403 οὕτως

395 5448 717 5509 procreatae,
744 5447 1018 5508 quatenus
1050 5435 1344 5505 participes
1395 5434 1540 5489 illius
1574 5444 1722 5499 sunt,
1784 5437 1979 5505 spiritu

2094 5446 2205 5497 tati.
2234 5443 2326 5495 atat
2356 5444 2413 5494 tv
2446 5440 2523 5509 τῷ
2554 5439 2665 5507 Υίῷ
2692 5454 2707 5470 ·
2738 5437 2899 5499 αὐτὸς
2933 5435 3043 5505 γάρ
3074 5436 3221 5487 ἐστιν
3255 5436 3287 5503 ἡ
3323 5432 3417 5487 τοῦ
3452 5432 3665 5501 Ηατρὸς

392 5539 593 5585 sanctae
622 5529 911 5598 ﬁunt,ipse
935 5537 1118 5582 autem
1162 5524 1328 5579 Filius
1358 5541 1463 5579 non
1526 5531 1818 5597 particeps,
1881 5530 1977 5583 sed

2094 5535 2315 5604 δύναμις
2346 5532 2440 5585 καὶ
2474 5532 2654 5600 σοφία.
2690 5528 2800 5581 Καὶ
2830 5530 2898 5580 τά
2933 5526 3031 5596 μὲν
3060 5529 3264 5597 γενητὰ
3299 5527 3502 5596 μετοχῇ
3537 5523 3663 5576 τού-

389 5711 413 5746 ?
448 5646 478 5767 ι’
501 5643 699 5769 ἑιςιιιίι.
741 5657 865 5739 ξεν,
894 5642 961 5693 τι
1037 5646 1055 5674 ’
1085 5645 1241 5698 Prov.
1266 5657 1384 5705 vm,
1417 5642 1607 5696 25-25.
1683 5644 1703 5674 ³
1732 5642 1890 5698 llcbr.
1924 5661 1958 5710 I,

549 5729 625 5767 or.
671 5728 705 5769 ι.
738 5714 827 5763 3.1.

2126 5646 2320 5701 ‘Joan.
2354 5664 2402 5712 χ,
2426 5644 2513 5699 50.
2616 5642 2637 5673 ⁵
2663 5641 2818 5697 Joan.
2846 5656 2935 5695 xw
2958 5681 2972 5707 ,
3007 5641 3096 5695 10.
3184 5640 3347 5696 Ἀρι.
3394 5654 3526 5704 xvu,
3571 5636 3661 5696 28-

520 5744 625 5775 μαι.
671 5744 705 5779 Ι)
743 5744 827 5763 ἀί.
