4008 6208
233 324 324 390 409

1181 341 1556 402 PANOPLIA
1602 344 2062 406 DOGMATICA.
2100 371 2168 381 -ν
2211 347 2361 408 ΤιΤ.
2409 349 2512 406 X1.

3364 348 3468 406 41d

227 458 306 494 του
341 440 396 494 ἐν
431 441 703 509 Πνεύματι
740 445 1058 513 ἁγιάζεται,
1089 452 1248 514 αὐτὸς
1281 452 1336 506 δὲ
1370 457 1396 508 6
1428 455 1554 517 Υἰδς
1585 457 1640 508 ὲν
1673 474 1769 526 με·

1878 456 2152 526 prOprium
2177 467 2260 510 est
2292 456 2465 510 Patris
2497 471 2738 526 germen.
2770 455 3134 521 Quamobrem
3155 471 3274 506 eum
3305 455 3468 508 divis-

227 533 397 603 τουσία
429 534 554 594 Υἱός
601 537 747 588 ἐστιν
769 579 782 595 .
817 539 949 592 ἀλλὰ
994 541 1237 612 γέννηιιιμτ⁸
1283 545 1374 597 τοῦ
1410 547 1618 616 Πατρὶς
1653 549 1782 601 ῐδιόν

227 623 347 676 ἐστι.
374 624 471 675 Διὰ
500 625 662 677 τοῦτο
692 627 802 696 γὰρ
833 631 924 680 καὶ
956 632 1176 693 εἰκότως
1210 635 1450 703 εἰρηκὼς
1482 639 1744 708 πρότερον
1765 653 1781 670 ⁸

235 713 362 778 Ἐγὼ
385 714 482 764 καί
518 719 550 767 ό
571 717 774 784 Πατὴρ
802 719 867 771 ἓν
897 720 1104 786 ἐσμεν,
1141 725 1386 792 ἐπήγαγε
1414 743 1475 778 το
1497 744 1510 757 ·
1543 727 1690 796 Ἐγὼ
1718 729 1785 781 ἐν

228 801 293 867 τῷ
339 805 545 871 Πατρί,
580 809 675 860 καί
721 812 754 862 ό
795 811 995 879 Πατὴρ
1019 813 1088 865 ἐν
1125 814 1276 883 ἐμοὶ,
1313 815 1399 870 [vat
1443 815 1519 886 τῷ
1553 818 1653 884 μὲν
1682 821 1782 888 τὴν

227 898 512 966 ταυτότητα
544 899 640 966 τῆς
675 900 950 973 Θεότητος,
983 905 1059 974 τῷ
1091 906 1148 959 δὲ
1179 907 1278 978 τὴν
1309 909 1538 980 ἑνότητα
1566 911 1662 979 τῆς
1695 913 1784 964 οὖ-

229 985 333 1047 σίας
364 987 534 1059 δείξῃ.
572 991 669 1042 Ἐν
695 995 803 1063 γάρ
833 995 988 1059 εἰσιν,
1021 997 1118 1067 οὔχ
1151 998 1228 1060 ὡς
1259 999 1374 1061 ἑνὸς
1405 1001 1481 1062 εἰς
1517 1001 1608 1054 δύο
1642 1002 1780 1072 μέρη

228 1078 592 1148 διαιρεθέντος,
638 1084 729 1134 καὶ
761 1085 927 1154 μηδὲν
955 1087 1123 1139 ὄντων
1169 1090 1308 1159 πλὴν
1350 1091 1467 1153 ἑνὸς
1493 1131 1506 1151 ,
1560 1095 1678 1146 οὐδὲ
1709 1095 1781 1156 ὠς

228 1167 307 1220 τοῦ
328 1170 441 1220 ἑνὸς
467 1170 549 1232 δὶς
575 1173 602 1223 6
617 1173 995 1242 .Oquoiaivou,
1018 1177 1136 1230 οὐδὲ
1154 1177 1291 1230 ὥστε
1308 1180 1396 1230 τὸν
1417 1181 1574 1232 αὐτον
1595 1181 1781 1234 ἄλλοτε

230 1258 311 1327 μὲν
342 1259 582 1330 Πατέρα,
613 1261 800 1314 ἄλλοτε
831 1265 886 1316 δὲ
918 1264 1043 1316 Υίὸν
1077 1266 1272 1318 ἑαυτοῦ
1303 1267 1548 1333 γίνεσθαι
1574 1284 1588 1300 ο
1623 1269 1783 1322 τοῦτο

227 1348 319 1417 γὰρ
345 1349 637 1412 Σαδέλλιος
663 1353 960 1423 φρονήσας,
991 1355 1264 1424 αἰρετικὸς
1291 1355 1482 1427 ἐκρίθη
1501 1373 1516 1388 ·
1540 1356 1675 1410 ἀλλὰ
1692 1356 1783 1408 δύο

226 1439 311 1510 μέν
336 1439 497 1502 εἰσιν,
530 1442 612 1493 ὅτι
640 1444 666 1492 6
700 1443 888 1512 Πατὴρ
939 1445 1128 1515 Πατήρ
1157 1447 1294 1510 ἐστι,
1319 1447 1413 1499 καὶ
1441 1446 1537 1514 οὐχ
1567 1447 1594 1499 6
1623 1446 1784 1510 αὐτὸς

223 1531 334 1593 Υἱός
390 1533 530 1594 ἐστι,
572 1534 668 1585 καὶ
705 1535 732 1586 6
769 1533 894 1597 Υἱὸς
924 1536 1053 1600 Υίός
1095 1537 1234 1603 ἐστι,
1285 1540 1380 1591 καὶ
1413 1539 1510 1607 οὐχ
1553 1539 1580 1590 6
1625 1539 1784 1601 αὐτὸς

223 1622 403 1691 Πατήρ
457 1623 596 1676 ἐστι.
658 1623 776 1678 Μία
825 1625 881 1678 δὲ
937 1628 968 1694 ἡ
1025 1627 1208 1694 φύσις,
1261 1629 1342 1682 ὅτι
1387 1630 1485 1682 οὐκ
1528 1629 1784 1699 ἀνόμοιον

217 1713 269 1762 τὸ
297 1711 545 1781 γέννημα
569 1712 662 1764 τοῦ
689 1716 1069 1785 γεννήσαντος.
1094 1717 1270 1771 Εἰκὼν
1296 1719 1400 1790 γάρ
1423 1721 1570 1772 ἐστιν
1596 1719 1780 1781 αὑτοῦ,

1888 554 1970 599 set
2004 561 2015 596 :
2057 541 2167 612 Ego
2192 554 2239 597 et
2282 543 2444 597 Pater
2483 561 2642 597 unum
2678 561 2881 604 sumus,
2943 545 3136 597 merito
3189 542 3466 610 subjecit:

1888 633 1999 701 Ego
2022 635 2075 686 in
2099 635 2277 695 Patre,
2310 646 2357 687 et
2390 635 2625 687 Peterin
2648 651 2744 687 me.
2781 632 2845 686 Ut
2881 631 2985 685 illis
3015 633 3194 685 verbis
3225 633 3466 684 eamdem

1886 725 2186 779 divinitatis
2234 726 2522 786 rationem,
2577 725 2659 777 bis
2725 724 3163 793 CODjllllt‘llOIH‘JH
3219 724 3470 776 essentia:

1885 817 2202 870 declararet.
2239 815 2420 870 Unum
2457 817 2601 869 enim
2627 815 2782 875 dixit,
2818 830 2925 867 non
2957 823 3009 866 ut
3050 829 3213 865 unum
3243 813 3296 864 in
3332 813 3468 864 duas

1884 916 2066 977 partes
2098 916 2330 968 secetur,
2365 922 2485 974 quae
2534 905 2750 958 nonnisi
2807 921 2972 957 unum
3021 904 3126 957 sint
3157 943 3170 965 ,
3197 917 3374 966 neque
3410 910 3469 953 ut

1887 1014 2051 1052 unum
2083 997 2162 1052 bis
2202 998 2546 1060 nominetur;
2579 1011 2754 1063 neque
2800 1005 2859 1048 ut
2893 1010 3057 1047 unum
3087 995 3246 1046 modo
3307 992 3468 1044 Pater

1884 1087 1974 1146 sit,
1996 1086 2156 1140 modo
2175 1087 2343 1140 Filius
2367 1086 2488 1154 ejus
2507 1086 2616 1139 (lat.
2646 1085 2733 1137 Sic
2754 1085 2898 1138 enim
2921 1083 3189 1137 Sabellius
3219 1087 3467 1136 sentiens

1878 1177 2152 1246 judicatus
2209 1187 2292 1230 est
2319 1177 2627 1229 limretieus.
2654 1175 2758 1228 Sed
2786 1177 2856 1227 ita
2891 1175 2996 1228 duo
3042 1183 3188 1235 sunt,
3226 1175 3466 1225 utPaler

1883 1266 2102 1330 quidem
2129 1266 2199 1318 sit
2236 1266 2414 1328 Pater,
2442 1281 2550 1317 non
2586 1275 2766 1317 autem
2787 1265 2926 1318 idem
2959 1262 3145 1316 Filius.
3179 1263 3245 1316 Et
3279 1263 3468 1323 Filius,

1882 1369 1990 1407 non
2028 1362 2208 1408 autem
2241 1354 2383 1408 idem
2423 1355 2602 1408 Pater.
2638 1353 2841 1408 Natura
2881 1368 3009 1406 vero
3061 1367 3164 1405 una
3191 1361 3293 1415 est,
3343 1351 3468 1419 quia

1882 1447 2098 1516 genitus
2126 1462 2233 1500 non
2263 1455 2347 1500 est
2375 1447 2602 1516 genitori
2634 1445 2939 1500 dissimilis.
2977 1445 3074 1497 Est
3107 1444 3252 1497 enim
3285 1443 3460 1510 imago

1884 1538 2023 1607 ejus.
2058 1539 2122 1591 Et
2151 1539 2354 1602 omnia,
2386 1553 2505 1606 quae
2523 1536 2698 1590 Patris
2751 1545 2897 1599 sunt,
2941 1543 3069 1588 sunt
3118 1535 3282 1586 etiam
3319 1531 3463 1584 Filii.

1884 1630 2225 1699 Quapropter
2261 1629 2433 1682 Filius
2460 1642 2569 1682 non
2595 1639 2677 1681 est
2701 1627 2838 1680 alius
2867 1626 3027 1679 Deus.
3076 1623 3263 1693 Neque
3311 1622 3462 1676 enim

1885 1721 2226 1774 extrinsecus
2257 1718 2357 1771 fuit
2378 1718 2730 1784 excogitatus,
2765 1729 2870 1784 qua
2889 1715 3104 1784 quidem
3136 1723 3384 1773 externa,
3405 1722 3463 1765 et

219 1806 300 1857 καὶ
327 1804 511 1857 πάντα
538 1803 635 1858 τοῦ
664 1806 876 1876 Πατρός
905 1807 998 1860 τοῦ
1032 1809 1159 1861 Υίοῦ
1191 1811 1330 1865 ἐστι.
1355 1811 1446 1863 Διὸ
1471 1811 1588 1862 οὐδὲ
1624 1810 1776 1872 ἄλλος

1888 1811 2196 1880 peregrina,
2222 1819 2275 1862 et
2304 1807 2506 1862 aPatre
2540 1809 2715 1862 aliena
2740 1807 3026 1861 divinitate
3058 1805 3210 1858 multi
3240 1803 3468 1857 omnino

218 1895 333 1960 Θεὸς
365 1897 394 1949 6
424 1895 551 1958 Υίδς
574 1936 590 1961 ,
619 1897 682 1949 οὐ
712 1898 820 1966 γὰρ
848 1897 1045 1962 ἔξωθεν
1079 1901 1343 1970 ἐπενοήθη
1366 1940 1380 1965 ,
1416 1903 1537 1953 ἐπεὶ
1566 1901 1781 1964 πάντως

219 1987 297 2038 καὶ
343 1987 555 2050 πολλοὶ,
603 1987 761 2057 ξένης
798 1989 949 2058 παρὰ
991 1990 1082 2042 τοῦ
1137 1991 1346 2060 Πατρὸς
1389 1991 1780 2061 ὲπινοουμένης

220 2077 480 2146 θεότητος.
545 2077 607 2131 Εἰ
656 2081 763 2150 γὰρ
817 2081 912 2133 καὶ
967 2081 1152 2152 ἔτερόν
1197 2083 1345 2136 ἐστιν
1401 2083 1477 2146 ὡς
1533 2083 1780 2153 γέννημα

217 2171 240 2220 6
267 2168 414 2234 Υἱὸς,
434 2167 568 2221 ἀλλὰ
600 2169 794 2223 ταυτόν
821 2172 968 2224 ἐστιν
997 2171 1069 2234 ὠς
1086 2172 1218 2235 Θεὸς
1245 2174 1339 2227 καὶ
1367 2172 1425 2224 ἓν
1459 2173 1594 2225 εἰσιν
1619 2171 1778 2236 αὐτὸς

217 2260 296 2309 καὶ
321 2258 350 2310 6
380 2257 571 2329 Πατὴρ
601 2261 663 2329 τῇ
699 2259 918 2329 ἰδιότητι
975 2263 1068 2313 καὶ
1096 2262 1390 2332 οἰκειότητι
1415 2261 1513 2330 τῆς
1543 2261 1780 2332 φύσεως,

219 2351 298 2400 καὶ
329 2352 392 2420 τῇ
423 2351 713 2419 ταυτότητι
741 2352 841 2416 τῆς
876 2354 1002 2420 μιᾶς
1030 2351 1300 2422 Θεότητος,
1327 2352 1516 2423 ὥσπερ
1541 2353 1773 2423 εἰρηται.

217 2441 311 2492 Καὶ
345 2442 453 2511 γὰρ
489 2444 585 2494 καὶ
613 2444 676 2494 τὸ
705 2441 1049 2514 ἀπαύγασμα
1082 2444 1198 2513 φῶς
1229 2445 1394 2508 ἐστιν,
1429 2445 1490 2497 οὐ
1527 2444 1780 2514 δεύτερον

213 2529 294 2584 τοῦ
332 2531 510 2602 ἡλίου,
551 2532 670 2586 οὐδὲ
711 2533 897 2607 ἕτερον
935 2537 1050 2604 φῶς
1075 2575 1091 2600 ,
1149 2535 1270 2588 οὐδὲ
1306 2537 1446 2589 κατὰ
1491 2537 1777 2605 μετουσίαν

214 2623 389 2686 αὐτοῦ,
444 2623 565 2678 ἀλλ’
617 2624 746 2677 ίδιον
790 2625 954 2678 αὑτοῦ
1003 2625 1272 2696 γέννημα.
1323 2627 1394 2678 Τὸ
1443 2626 1500 2680 δι
1539 2626 1778 2679 τοιοῦτον

211 2715 444 2784 γέννημα
476 2714 537 2778 ἐξ
565 2713 810 2784 ἀνάγκης
847 2716 962 2768 ἐστὶ
999 2716 1136 2784 φῶς,
1169 2717 1264 2768 atati.
1292 2717 1392 2769 οὐκ
1423 2716 1488 2771 ἄν
1520 2733 1601 2779 τις
1631 2715 1777 2769 είποι

209 2806 292 2859 δύο
313 2807 470 2876 φῶτα
497 2801 640 2860 εἶναι
666 2807 861 2872 ταῦτα,
885 2807 1018 2860 ἀλλὰ
1043 2807 1137 2860 δύο
1157 2807 1278 2877 μὲν,
1310 2807 1460 2877 ἣλιον
1481 2807 1575 2861 καὶ
1599 2806 1778 2861 ἀπαύ-

205 2910 390 2964 γασμα
411 2935 428 2961 ,
458 2895 520 2948 ἒν
550 2895 607 2948 δὲ
633 2896 695 2948 τὸ
721 2897 782 2963 ἐξ
805 2896 959 2966 ἡλίου
993 2896 1106 2965 φῶς
1130 2936 1144 2957 ,
1179 2898 1237 2948 έν
1265 2896 1342 2965 τῷ
1379 2897 1775 2967 ἀπαυγάσματι

203 2988 506 3054 φωτίζοντα
521 2987 820 3058 πανταχοῦ.
844 2988 1000 3042 Οὕτω
1025 2992 1121 3044 καὶ
1145 2991 1176 3060 ἠ
1200 2988 1294 3044 τοῦ
1317 2988 1448 3042 Υἰοῦ
1471 2989 1660 3060 θεότης
1679 2989 1776 3044 τοῦ

201 3080 415 3150 Πατρός
449 3081 620 3135 ἔστιν.
653 3080 816 3135 Ὅθεν
849 3081 941 3136 καὶ
971 3082 1272 3152 ἀδιαίρετός
1302 3084 1449 3148 ἔστι,
1479 3083 1574 3137 καὶ
1602 3083 1776 3146 οὕτως

197 3167 271 3233 εἰς
326 3171 488 3234 Θεὸς,
520 3170 616 3224 καὶ
659 3173 760 3225 οὐκ
805 3171 950 3225 ἔστιν
996 3173 1155 3237 ἄλλος
1194 3176 1332 3245 πλὴν
1383 3174 1567 3229 αὑτοῦ.
1619 3173 1776 3228 Οὕτω

197 3264 322 3329 γοῦν
353 3262 415 3314 ἓν
449 3261 632 3316 αὐτῶν
663 3262 864 3328 όντων,
895 3264 988 3317 καὶ
1014 3266 1143 3332 μιᾶς
1168 3264 1332 3336 οὔσης
1363 3265 1462 3335 τῆς
1486 3264 1737 3336 θεότητος
1757 3304 1772 3330 ,

193 3359 257 3406 τὰ
283 3354 433 3407 αὐτὰ
463 3353 684 3421 λέγεται
702 3354 834 3424 περὶ
852 3354 947 3408 τοῦ
976 3355 1128 3422 Υἰοῦ,
1155 3357 1257 3410 ὅσα
1285 3356 1504 3426 λέγεται
1528 3357 1622 3410 καὶ
1645 3358 1776 3428 περὶ

192 3445 282 3497 τώ
314 3446 556 3515 Πατρὶς,
585 3448 754 3516 χωρὶς
781 3445 877 3498 τοῦ
905 3447 1156 3513 λέγεσθαι
1181 3449 1392 3518 Πατήρ
1415 3448 1619 3502 Πάντα
1641 3450 1772 3517 τὰρ,

195 3537 357 3604 ςησὶν
392 3535 559 3598 αὐτὸς
594 3536 623 3586 6
655 3535 806 3599 Υἱὸς,
835 3535 951 3589 ὅσα
982 3536 1108 3604 ἔχει
1140 3539 1173 3590 ό
1205 3535 1416 3604 Πατὴρ
1437 3535 1551 3605 ἐμά
1581 3537 1774 3590 ἐστιν.

202 3626 258 3680 '0
282 3628 342 3680 ὀὶ
372 3627 589 3681 ἁκούων
611 3627 681 3681 τὰ
701 3625 795 3680 τοῦ
822 3627 1034 3694 [ἰατρὸς
1058 3628 1322 3696 λεγόμενα
1351 3626 1599 3694 ἐφ’σΥἰοῦ
1651 3626 1776 3695 ὅψε-

193 3736 283 3773 ται
336 3722 435 3774 καὶ
463 3715 620 3782 οὗτος
663 3720 754 3773 τὸν
790 3719 1008 3789 Πατέρα
1041 3720 1097 3772 έν
1143 3718 1220 3789 τῷ
1254 3718 1388 3788 Υἰῷ.
1415 3719 1694 3787 Θεωρήσει
1719 3717 1774 3770 δὲ

192 3813 286 3864 καὶ
328 3812 422 3866 τὸν
467 3811 595 3864 Υἰδν
643 3811 702 3864 ὲν
745 3809 823 3880 τῷ
867 3809 1045 3880 Πατρὶ
1086 3809 1214 3863 ὅταν
1259 3809 1329 3862 τὰ
1375 3809 1643 3877 λεγόμενα
1689 3808 1775 3872 ἐφ’

195 3902 327 3956 Υῑοῦ
370 3903 546 3956 ταῦτα
583 3902 813 3972 λέγηται
854 3902 949 3956 καὶ
995 3902 1086 3954 ἐπὶ
1121 3900 1353 3969 Πατρός.
1413 3899 1502 3952 Ἐν
1545 3898 1654 3968 γὰρ
1695 3896 1775 3967 τῷ

197 3993 312 4062 Titi»
341 3997 376 4063 ἡ
404 3994 650 4064 πατρική
681 3992 968 4061 Θεωρετται
1003 3989 1213 4058 θεότης.
1244 3989 1414 4042 Τοῦτο
1441 3989 1500 4042 δὲ
1533 3989 1632 4041 καὶ
1663 3986 1774 4040 ἀπὸ

196 4085 291 4137 τοῦ
323 4085 772 4156 παραδείγματος
797 4084 896 4152 τῆς
920 4082 1126 4146 εἰκόνος
1155 4079 1250 4134 τοῦ
1281 4079 1545 4150 βασιλέως
1575 4095 1776 4148 προσεο

199 4175 356 4243 χέστε
367 4177 458 4246 ρόν
479 4192 563 4238 τις
588 4176 874 4228 κατανοεῖν
902 4174 1213 4242 δυνήσεται.
1257 4171 1345 4225 Ἐν
1370 4174 1477 4242 γὰρ
1503 4173 1568 4242 τῇ
1601 4171 1772 4223 εἰκόνι

199 4267 290 4318 τοῦ
329 4264 592 4333 βασιλέως
617 4264 679 4316 τὺ
709 4259 847 4326 εἶδος
877 4263 974 4316 καὶ
1001 4266 1033 4333 ἡ
1066 4262 1246 4334 μορφή
1279 4261 1396 4313 ἐστι
1419 4276 1434 4290 α
1471 4261 1567 4312 καὶ
1601 4262 1659 4312 έν
1690 4257 1771 4328 τῷ

203 4357 410 4426 βασιλεί
430 4358 488 4412 δὲ
511 4356 573 4409 τὸ
597 4357 656 4408 ὲν
679 4358 743 4426 τῇ
767 4355 937 4407 εἰκόνι
963 4351 1102 4416 εἰδός
1122 4355 1291 4407 ἐστιν.
1327 4349 1773 4422 ’Δπαρὰλλακτος

201 4450 305 4520 γάρ
333 4452 479 4502 ἑστιν
503 4450 538 4520 ἡ
565 4449 624 4501 ιν
642 4449 706 4517 τῇ
737 4447 906 4500 εἰκόνι
927 4444 1022 4498 τοῦ
1045 4444 1308 4514 βασιλέως
1323 4446 1600 4513 ὁμοιότης,
1625 4443 1769 4496 ὥστε

203 4540 286 4591 τὸν
317 4540 586 4610 ἐνορῶντα
614 4541 684 4608 τῇ
707 4539 877 4591 εἰκόνι
897 4536 1028 4607 όρᾷν
1045 4537 1102 4590 έν
1126 4537 1262 4607 αὐτῇ
1293 4538 1384 4588 τὸν
1408 4535 1654 4606 βασιλέα,
1675 4537 1770 4588 καὶ

203 4631 286 4683 τὸν
321 4632 477 4686 πάλιν
501 4634 716 4702 όρωντα
753 4631 844 4684 τὸν
869 4630 1101 4700 βασιλέα
1129 4629 1534 4697 ἐπιγινώσκειν,
1559 4631 1642 4683 δτι
1676 4625 1772 4681 οὗ·

202 4724 287 4787 τός
335 4726 480 4778 ἰστιν
513 4727 543 4778 6
573 4724 632 4778 έν
674 4725 740 4793 τῇ
767 4723 954 4777 εἰκόνι.
1001 4722 1096 4775 Ἐκ
1123 4720 1181 4776 δὲ
1224 4719 1320 4776 τοῦ
1357 4720 1431 4791 μὴ
1463 4719 1772 4774 διαλάττειν

197 4816 294 4885 τὴν
326 4818 622 4888 ὁμοιότητα
651 4817 728 4887 τῷ
755 4817 962 4870 θέλοντι
995 4816 1133 4885 μετὰ
1157 4815 1255 4888 τὴν
1282 4816 1465 4870 εἰκόνα
1491 4815 1770 4885 θεωρῆσαι

199 4908 286 4961 τόν
319 4909 560 4980 βασιλέα,
590 4909 734 4963 sinat
768 4910 835 4964 ἂν
863 4910 898 4980 ἠ
927 4910 1094 4964 εἰκών
1115 4926 1130 4941 ο
1161 4907 1306 4977 Ἐγὼ
1332 4909 1426 4963 καὶ
1456 4908 1486 4960 6
1515 4907 1770 4978 βασιλεὺς

201 4999 259 5053 ῑν
281 5004 465 5070 ὶσμσν.
497 5005 641 5072 Ἐγὼ
660 5004 768 5073 γὰρ
788 5003 846 5055 ἐν
875 5001 1070 5072 ἰκτίνῳ
1093 5001 1234 5072 εἰμὶ,
1261 5002 1514 5064 κάκεῖνος
1539 5002 1596 5056 ἐν
1621 5002 1768 5074 litat,

205 5094 295 5146 καὶ
327 5094 354 5148 6
383 5097 516 5167 ὁρᾷς
551 5096 611 5150 ιν
637 5095 782 5165 ἐμοὶ,
819 5093 978 5148 τοῦτο
1006 5094 1068 5147 ιν
1099 5092 1294 5163 ἰκτίνῳ
1327 5092 1566 5163 βλέπεις.
1603 5094 1714 5148 Καὶ
1742 5092 1772 5146 ὃ

211 5183 452 5254 ἑώρακας
489 5189 548 5239 έν
579 5186 798 5258 ἰκτίνῳ,
829 5184 990 5240 τοῦτο
1017 5184 1239 5256 βλέπεις
1266 5185 1326 5240 έν
1357 5185 1503 5256 ὲμοί.
1546 5184 1606 5240 '0
1638 5185 1771 5254 γοῦν

207 5279 517 5342 προσκυνῶν
571 5277 674 5346 τὴν
731 5275 919 5330 εἰκόνα
1005 5279 1064 5329 ιν
1121 5275 1261 5348 αὐτῇ
1323 5278 1624 5347 προσκυνεῖ
1681 5276 1772 5329 τὸν

207 5364 438 5431 βασιλέα,
483 5365 550 5421 Ἦ
581 5367 694 5438 γὰρ
723 5368 934 5422 ἐκείνου
969 5369 1190 5440 μορφὴ.
1225 5369 1322 5422 καὶ
1353 5370 1418 5422 τὸ
1451 5364 1591 5430 εἶδός
1623 5369 1771 5423 ἐστιν

204 5453 234 5521 ἡ
270 5457 451 5512 εἰκῶν.
505 5458 661 5512 Ἐπεὶ
702 5458 884 5513 τοίνυν
926 5460 1022 5512 καὶ
1059 5462 1088 5514 6
1130 5459 1258 5523 Υἱὸς
1301 5459 1486 5513 εἰκὼν’
1511 5462 1626 5513 ἑστι
1676 5461 1772 5514 τοῦ

207 5543 446 5618 Πατρός,
503 5549 565 5614 ἐξ
614 5549 864 5620 ἀνάγκης
915 5551 1033 5605 ἐστὶ
1094 5553 1274 5618 νοεῖν,
1331 5551 1412 5604 ὅτι
1468 5553 1502 5620 ἡ
1557 5551 1770 5621 Θεότης,

207 5637 292 5688 καὶ
323 5641 358 5707 η
377 5639 574 5712 ἰδιότης
603 5640 697 5695 τοῦ
727 5643 938 5713 Πατρός
967 5645 1027 5697 τὸ
1056 5639 1195 5698 εἰναι
1223 5643 1315 5699 τοῦ
1349 5644 1478 5699 Υἰοῦ
1508 5646 1643 5710 ἐστι,
1678 5647 1772 5700 καὶ

271 5755 468 5819 ‘loan.
516 5778 621 5828 xw,
664 5761 749 5817 15.
827 5764 845 5794 ⁸
875 5761 1082 5833 Philipp
1122 5779 1180 5829 n,
1208 5764 1257 5818 6.

1881 1910 2029 1955 Sunt.
2059 1899 2314 1978 Quamvis
2358 1900 2505 1953 enim
2539 1899 2683 1952 aliud
2733 1898 2803 1951 sit
2833 1905 3101 1966 quatenus
3145 1895 3357 1965 genitus
3385 1904 3469 1947 est

1881 1990 2072 2055 Filius,
2098 1990 2239 2043 idem
2273 1998 2452 2041 tamen
2499 1997 2604 2050 est,
2631 1997 2900 2055 quatenus
2963 1987 3124 2038 Deus.
3161 1985 3224 2036 Et
3290 1999 3457 2035 unum

1879 2081 2186 2136 suntFilius
2204 2090 2252 2134 et
2273 2080 2450 2142 Pater,
2471 2079 2750 2146 quoniam,
2777 2076 3104 2138 utdiximns,
3123 2090 3226 2126 una
3249 2073 3465 2142 prepria

1880 2173 2177 2242 eademque
2193 2167 2406 2232 natura,
2431 2179 2486 2224 et
2509 2170 2765 2222 divinitas
2783 2177 2884 2220 est.
2914 2167 3191 2234 Siquidem
3213 2166 3464 2233 etspleno

1879 2265 1981 2319 dor
2007 2264 2094 2317 lux
2119 2273 2204 2318 est
2231 2277 2340 2316 non
2375 2261 2487 2316 sole
2513 2261 2834 2329 posteriore,
2871 2272 3048 2326 neque
3073 2257 3190 2310 luce
3213 2255 3464 2309 diversus

1883 2370 1912 2408 a
1943 2355 2078 2419 sole,
2118 2366 2294 2421 neque
2320 2351 2590 2421 particeps
2613 2351 2755 2403 illius
2785 2349 2881 2402 sed
2903 2347 3183 2418 pr0prium
3215 2359 3461 2415 germen.

1880 2445 2032 2512 Quod
2060 2445 2274 2515 quidem
2307 2459 2525 2515 germen
2549 2444 2771 2497 omnino
2798 2442 2887 2494 lux
2919 2449 3025 2503 est,
3070 2455 3245 2508 neque
3286 2438 3463 2492 lucem

1878 2537 2147 2606 duplicem
2175 2535 2267 2590 sed
2307 2549 2430 2589 cum
2462 2535 2570 2588 duo
2601 2535 2730 2598 sint,
2763 2533 2842 2588 sol
2873 2540 2932 2587 et
2982 2529 3260 2601 splendor,
3293 2543 3455 2582 unam

1881 2638 2059 2683 tamen
2095 2643 2126 2682 c
2152 2627 2268 2682 solo
2295 2627 2471 2681 lucem
2503 2626 2728 2690 dixeris,
2759 2624 3047 2695 splendore
3099 2622 3463 2676 illustrantem

1879 2722 2082 2775 omnia.
2115 2719 2203 2775 Sic
2219 2730 2272 2774 et
2298 2717 2418 2772 Filii
2442 2718 2698 2772 divinitas
2716 2716 2892 2771 Patris
2915 2724 3020 2778 est,
3055 2715 3284 2783 ideoque
3297 2711 3461 2766 dividi

1879 2829 1988 2868 non
2026 2819 2226 2882 potest.
2251 2809 2342 2866 Sic
2369 2826 2510 2866 unus
2537 2819 2620 2864 est
2645 2809 2808 2874 Deus,
2829 2817 2882 2863 et
2904 2823 3013 2862 non
3046 2817 3131 2863 est
3157 2807 3297 2860 alius
3329 2819 3466 2874 prte—

1883 2912 1962 2957 ter
2003 2903 2167 2958 hunc.
2212 2904 2399 2971 Itaque
2425 2917 2548 2956 cum
2581 2917 2749 2955 unum
2782 2901 2911 2963 sint,
2947 2910 3002 2954 et
3032 2914 3139 2953 una
3174 2899 3243 2952 sit
3269 2911 3463 2951 eorum

1880 2994 2166 3060 divinitas,
2199 3009 2319 3064 quae
2347 2994 2606 3049 dicuntur
2627 2992 2694 3046 de
2715 2990 2874 3057 Filio,
2903 2990 3093 3045 eadem
3125 2988 3380 3043 dicuntur
3398 2986 3467 3040 de

1879 3088 2040 3142 Patre
2065 3095 2313 3155 excepto,
2338 3084 2484 3153 quod
2521 3083 2677 3138 Pater
2701 3083 2809 3147 hic,
2859 3080 3028 3136 Filius
3061 3081 3149 3135 ille
3201 3079 3464 3133 duntaxat

1879 3178 2120 3233 dicitur:
2153 3178 2344 3230 Omnia
2371 3177 2528 3239 enim,
2557 3175 2736 3244 inquit
2765 3175 2881 3245 ipse
2925 3173 3114 3236 Filius,
3151 3187 3268 3241 quae
3304 3169 3466 3222 Pater

1875 3270 2046 3330 habet,
2078 3285 2194 3323 mea
2213 3278 2332 3322 sunt
2385 3270 2420 3319 ¹.
2453 3267 2570 3321 .Iam
2597 3268 2690 3338 qui
2714 3267 2865 3320 audit
2883 3282 2943 3319 ea
2969 3280 3088 3334 qua:
3116 3262 3291 3317 Patris
3313 3270 3465 3320 sunt.

1876 3363 1944 3418 de
1969 3361 2106 3416 Filio
2127 3361 2255 3427 dici,
2283 3360 2489 3415 videbit
2521 3368 2576 3414 et
2608 3361 2722 3430 ipse
2737 3359 2952 3414 Patrem
2987 3358 3040 3411 in
3071 3354 3229 3410 Filio.
3255 3353 3462 3408 Etcum

1878 3454 2150 3522 intelliget
2177 3470 2240 3507 ea
2269 3469 2388 3522 quae
2413 3454 2476 3507 tle
2505 3451 2642 3506 Filio
2669 3452 2945 3513 dicuntur,
2996 3449 3064 3503 de
3096 3445 3258 3500 Patre
3299 3445 3463 3499 etiam

1877 3547 2006 3611 dici,
2037 3547 2230 3602 Filium
2265 3547 2319 3600 in
2351 3545 2512 3600 Patre
2540 3544 2827 3614 spectabit.
2860 3544 2917 3597 In
2949 3540 3086 3595 Filio
3116 3540 3266 3592 enim
3283 3537 3464 3593 cerni-

1878 3648 1970 3694 tur
1998 3638 2258 3693 divinitas
2274 3633 2470 3691 Patris.
2487 3637 2598 3690 lloc
2617 3647 2796 3690 autem
2826 3634 2988 3703 regite
3003 3631 3254 3696 imaginis
3276 3644 3463 3682 exent-

1876 3731 1969 3801 plo
2002 3730 2216 3783 facilius
2260 3729 2490 3798 intelligi
2519 3727 2741 3796 poterit.
2796 3725 2853 3779 In
2896 3724 3130 3794 imagine
3181 3721 3330 3775 enim
3379 3731 3464 3775 est

1875 3821 2106 3892 species,
2126 3819 2367 3874 etl'orma
2387 3819 2550 3887 regis.
2565 3817 2698 3872 Etin
2715 3818 2834 3886 ipso
2847 3831 2970 3886 rege
2986 3814 3196 3884 species
3211 3812 3465 3882 imaginis

1876 3923 1982 3970 est.
1999 3911 2272 3967 Constans
2285 3911 2430 3965 enim
2447 3917 2535 3964 est
2553 3909 2608 3962 in
2639 3909 2875 3978 imagine
2890 3907 3031 3976 regis
3051 3905 3370 3961 similitudo.
3390 3903 3464 3959 Ut

1874 4004 1970 4075 qui
2005 4004 2408 4072 contemplatur
2435 4001 2844 4071 imaginem,~in
2882 3999 2998 4068 ipsa
3073 4011 3254 4068 regem
3298 4012 3466 4066 agno-

1877 4104 1998 4152 scat
2034 4105 2090 4151 et
2125 4096 2323 4149 videat.
2363 4093 2432 4148 Et
2471 4107 2685 4148 rursum
2717 4093 2810 4162 qui
2846 4105 3027 4161 regem
3075 4089 3293 4160 aspicit,
3338 4106 3464 4144 eum

1873 4203 2015 4252 esse,
2042 4196 2322 4258 agnoscat,
2355 4185 2450 4256 qui
2484 4185 2538 4240 in
2569 4184 2807 4255 imagine
2839 4184 3198 4239 cernebatur.
3261 4182 3467 4249 Quam-

1873 4279 2065 4334 obrem
2095 4279 2166 4334 ob
2195 4287 2398 4333 certam
2425 4285 2482 4331 et
2502 4275 2638 4330 nihil
2665 4275 3013 4330 diﬂerentem
3041 4273 3462 4330 similitudinem

1874 4372 1924 4424 el
1957 4370 2050 4438 qui
2103 4379 2385 4439 perspecta
2437 4370 2675 4438 imagine
2719 4366 2958 4421 voluerit
3003 4380 3182 4436 regem
3230 4364 3460 4425 intueri.
3558 4431 3559 4434 η

1799 4483 1848 4543 D
1875 4460 2106 4530 imagine
2123 4461 2327 4528 poterit
2372 4458 2446 4512 ita
2474 4457 2661 4512 dicere
2696 4475 2709 4510 :
2738 4456 2846 4526 Ego
2863 4464 2920 4510 et
2943 4470 3034 4510 rex
3064 4470 3232 4508 unum
3252 4470 3464 4508 sumus.

1873 4547 1986 4621 Ego
2009 4551 2158 4604 enim
2191 4549 2245 4602 in
2273 4547 2365 4602 illo
2385 4563 2532 4609 sum.
2560 4557 2615 4601 et
2634 4547 2725 4602 ille
2749 4547 2803 4600 in
2827 4562 2932 4600 me.
2960 4546 3024 4600 Et
3045 4545 3188 4614 quod
3210 4546 3390 4600 cernis
3409 4545 3466 4597 in

1873 4657 1986 4707 me,
2008 4642 2150 4696 idem
2185 4641 2239 4696 in
2259 4655 2326 4695 eo
2347 4639 2678 4710 conspicies,
2701 4648 2758 4692 et
2782 4637 2926 4708 quod
2961 4637 3015 4691 in
3041 4637 3132 4690 illo
3165 4637 3464 4703 conspicis,

1875 4732 2022 4787 idem
2043 4746 2238 4786 cernes
2258 4731 2311 4785 in
2335 4746 2442 4785 me.
2460 4730 2560 4795 Qui
2581 4745 2710 4800 ergo
2733 4730 2920 4782 adorat
2936 4727 3250 4797 imaginem,
3273 4726 3329 4778 in
3350 4725 3466 4792 ipsa

1870 4838 2053 4893 regem
2086 4824 2300 4879 adorat.
2321 4821 2456 4876 Nam
2496 4823 2616 4891 ejus
2638 4821 2846 4892 eﬂigies
2862 4829 2916 4874 et
2945 4819 3119 4873 forma
3147 4819 3326 4887 imago
3361 4826 3466 4870 est.

1870 4916 2140 4982 Quoniam
2182 4916 2346 4986 igitur
2363 4915 2536 4970 Filius
2563 4923 2649 4968 est
2679 4913 2856 4983 imago
2888 4913 3080 4975 Patris,
3115 4907 3468 4979 intelligimus

1869 5008 2189 5064 necessario
2215 5006 2559 5062 divinitatem
2590 5014 2647 5060 et
2706 5005 3094 5075 proprietatem
3128 5001 3302 5056 Patris
3342 5014 3466 5054 esse

1869 5100 2164 5156 essentiam
2179 5097 2326 5153 Filii.
2340 5099 2515 5168 Atque
2535 5096 2639 5153 hoc
2656 5097 2788 5152 illud
2805 5097 3039 5165 estquod
3057 5094 3287 5150 eaverba
3307 5094 3470 5164 signi-

1871 5193 2038 5247 ﬂcant
2062 5209 2076 5246 :
2097 5190 2201 5256 Qui
2221 5206 2340 5244 cum
2358 5191 2600 5261 informa
2629 5189 2724 5243 Dei
2737 5198 2868 5242 esset
2893 5191 2936 5243 ’.
2959 5187 3146 5242 Porro
3163 5184 3467 5242 divinitatis

1869 5283 2046 5340 forma
2059 5297 2169 5338 non
2188 5297 2252 5336 ex
2267 5281 2426 5336 Patre
2440 5289 2547 5346 est,
2567 5280 2663 5334 sed
2679 5279 2980 5334 divinitatis
2997 5278 3170 5332 Patris
3185 5276 3467 5348 plenitudo

1877 5383 1964 5430 est
1980 5372 2217 5430 essentia
2237 5371 2380 5437 Filii,
2405 5370 2715 5427 etVerbum
2736 5372 2878 5426 Deus
2907 5380 2992 5425 est
3026 5368 3216 5423 Filius.
3257 5367 3465 5434 Quam-

1879 5469 2072 5524 obrem
2127 5464 2352 5535 aequalis
2387 5465 2659 5520 cxsistens
2711 5479 2814 5516 non
2871 5463 3116 5530 rapinam
3168 5459 3465 5514 arbitratus

1881 5567 1982 5624 est,
2025 5572 2134 5612 esse
2163 5571 2219 5610 se
2253 5555 2510 5626 a'qualem
2536 5553 2668 5608 Dea.
2709 5555 2774 5607 Et
2801 5553 2929 5622 quia
2954 5552 3075 5608 Filii
3129 5552 3383 5608 divinitas
3409 5559 3467 5606 et

1882 5649 2096 5719 species
2123 5663 2234 5702 non
2263 5645 2421 5710 alius,
2456 5643 2560 5699 nisi
2595 5642 2769 5699 Patris
2819 5653 2926 5708 est,
2978 5645 3102 5700 ideo
3131 5643 3310 5699 dixit:
3349 5640 3463 5712 Ego
