4094 6204
488 315 585 376 411

1753 297 2138 358 ΕυΊῊΥΜΙΙ
2176 298 2534 361 ZIGABENI

3626 302 3737 364 412

487 428 541 480 in
577 425 735 476 Patre
766 438 900 473 Hllll.
932 417 1018 472 Sic
1054 417 1187 468 Deus
1221 423 1333 466 erat
1365 413 1417 464 in
1447 410 1657 465 Christo
1692 406 1942 464 mundum
1977 425 2061 462 re-

2183 409 2320 463 :0616
2366 413 2513 463 ἐστιν
2540 427 2553 441 ·
2587 413 2689 476 ’ος
2741 411 2810 464 ἐν
2835 412 3037 482 μορφῇ
3085 413 3232 468 Θεοῦ
3270 413 3576 480 ὑπάρχων.
3622 415 3740 467 Οὐκ

489 513 773 568 concilians
832 513 1000 564 sibi'.
1053 506 1336 573 Proprium
1389 504 1532 556 enim
1577 502 1753 556 Patris
1806 503 2056 556 essentia:

489 602 660 654 Filius
687 611 788 657 est,
822 598 876 651 in
916 611 1022 664 quo
1079 593 1313 646 mundus
1351 593 1460 644 Deo
1512 592 1914 648 reconciliatur.
1968 589 2059 644 Sic

488 706 609 759 quae
646 689 807 742 Elius
842 687 969 754 agit,
1002 684 1176 736 Patris
1223 692 1350 736 sunt
1378 697 1563 750 opera.
1613 683 1702 734 Sic
1746 682 1837 748 qui
1865 680 2054 734 Filium

491 785 658 846 videt,
689 783 898 834 Patrem
943 777 1108 828 videt.
1137 775 1193 828 In
1228 784 1450 843 paterna
1478 775 1623 827 enim
1646 775 1930 829 divinitate
1972 773 2060 826 Fi-

491 874 596 926 lius
626 880 710 924 est
765 880 818 922 et
847 877 1140 935 spectatur.
1203 867 1267 920 Et
1292 877 1515 935 paterna
1560 881 1679 932 qua:
1706 867 1761 918 in
1789 866 1908 927 ipso
1936 879 2061 932 spe-

493 965 605 1015 cies
640 969 743 1017 est.
779 960 832 1010 in
867 974 931 1010 eo
966 956 1179 1009 Patrem
1211 956 1466 1014 ostendit.
1499 967 1554 1010 et
1583 957 1661 1008 sic
1705 964 1788 1008 est
1811 955 1971 1008 Pater
2007 953 2059 1004 in

494 1053 652 1108 Filio.
688 1053 751 1104 Et
783 1048 1262 1118 proprietasatque
1280 1047 1537 1100 divinitas
1569 1062 1634 1098 ex
1658 1043 1814 1097 Patre
1848 1045 1900 1096 in
1928 1043 2062 1096 Filio

493 1146 570 1199 sic
607 1143 844 1197 ostendit
869 1140 1064 1194 Filium
1109 1139 1162 1192 in
1187 1138 1366 1203 Patre,
1392 1147 1449 1190 ut
1479 1138 1546 1190 ab
1584 1152 1648 1190 eo
1679 1135 1918 1204 separari
1954 1149 2062 1186 non

495 1237 685 1304 possit.
733 1234 831 1299 Qui
873 1247 1002 1286 vero
1036 1233 1206 1296 audit,
1251 1240 1304 1284 et
1348 1231 1500 1284 videt
1531 1244 1592 1282 ea
1632 1243 1751 1296 quae
1808 1229 2064 1281 dicuntur

493 1329 560 1380 de
588 1327 766 1389 Patre,
799 1325 863 1378 de
888 1324 1023 1376 Filio
1057 1325 1182 1375 item
1213 1322 1339 1384 dici,
1368 1335 1477 1373 non
1506 1319 1648 1387 quod
1691 1335 1787 1387 per
1835 1319 2063 1387 gratiam

499 1418 573 1471 sit
619 1431 809 1470 eorum
848 1414 1142 1484 particeps,
1172 1422 1334 1480 atque
1365 1411 1436 1466 ita
1475 1411 1671 1463 habeat
1702 1409 1790 1462 illa
1822 1409 1978 1460 insita
2011 1410 2065 1460 in

497 1509 739 1562 essentia
776 1522 898 1570 sua,
927 1506 1020 1560 sed
1061 1505 1204 1573 quod
1236 1503 1406 1572 ipsius
1431 1502 1552 1556 Filii
1580 1501 1816 1555 essentia
1839 1500 1910 1553 sit
1939 1515 2066 1568 pro-

495 1601 674 1670 prium
699 1596 950 1652 essentia:
985 1605 1226 1664 paternae
1251 1605 1472 1661 germen
1496 1590 1562 1654 is,
1609 1589 2066 1659 quemadmodum

496 1702 626 1746 ante
659 1690 790 1754 dixi,
827 1689 1083 1758 praeclare
1108 1685 1360 1755 intelligit
1405 1684 1613 1737 dictum
1647 1681 1779 1734 illud
1809 1699 1823 1734 :
1860 1679 1968 1749 Ego
2014 1681 2066 1731 in

2164 502 2227 552 ἐκ
2285 501 2482 570 μέρους
2533 502 2591 554 δὲ
2649 505 2681 572 ἡ
2734 504 2831 572 τῆς
2891 503 3147 573 θεότητος
3206 503 3426 572 μορφὴ,
3488 502 3626 555 ἀλλὰ
3678 502 3742 555 τὸ

2165 590 2437 660 πλήρωμα
2485 592 2584 660 τῆς
2637 591 2728 645 τοῦ
2783 594 2997 660 Πατρὸς
3051 593 3305 662 θεότητός
3380 595 3500 645 ἐστι
3548 594 3608 646 τὸ
3664 590 3742 645 εἷ-

2165 701 2255 735 ναι
2285 683 2378 735 τοῦ
2412 683 2562 738 Υίοῦ.
2600 686 2710 737 Καὶ
2735 686 2853 747 ὅλος
2897 686 3032 746 Θεός
3059 687 3207 738 ἐστιν
3229 687 3255 737 6
3284 685 3432 745 Υἱός.
3460 686 3558 737 Διὰ
3578 685 3738 737 τοῦτο

2165 774 2260 826 καὶ
2291 774 2380 828 ίσα
2423 775 2540 840 Θεῷ
2577 776 2671 841 ὢν,
2718 778 2815 846 οὐχ
2869 777 3162 846 ἁρπαγμὸν
3199 777 3258 828 τὸ
3306 775 3447 828 εἶναι
3499 778 3590 828 ίσα
3621 777 3744 845 θεῷ

2168 866 2424 934 ἡγήσατο.
2457 867 2568 918 Καὶ
2608 868 2766 920 πάλιν
2813 869 3000 937 ἐπειδὴ
3052 867 3144 921 τἰὖ
3183 867 3313 919 Υἱοῦ
3353 870 3384 937 ὴ
3427 867 3617 935 θεότης
3644 873 3739 922 καὶ

2168 955 2228 1006 τὸ
2266 951 2403 1016 εἶδος
2440 955 2654 1016 οὐδενὸς
2700 955 2858 1008 ἄλλου
2900 956 3051 1025 ἢτοῦ
3104 959 3322 1025 Πατρός
3379 959 3524 1017 ἐστι,
3576 959 3742 1012 τοῦτο

2173 1044 2314 1094 ἐστιν
2341 1045 2475 1113 ὅπερ
2513 1042 2685 1108 εἶπεν,
2720 1047 2802 1098 ὃτι
2852 1047 3000 1115 Ἐγὼ
3030 1047 3100 1099 ἐν
3150 1045 3229 1111 τῷ
3256 1047 3458 1112 Πατρί.
3496 1047 3681 1109 Οὕτως
3713 1051 3746 1102 6

2171 1133 2300 1195 Θεὸς
2330 1130 2396 1203 ἦν
2428 1137 2483 1187 ἐν
2508 1136 2746 1206 Χριστῷ,
2781 1138 2987 1206 κόσμον
3020 1139 3199 1208 ἑαυτῷ
3227 1139 3636 1195 καταλλάσσων.
3668 1142 3748 1192 Τὸ

2174 1223 2281 1292 γὰρ
2323 1225 2456 1278 ἴδιον
2482 1226 2580 1293 τῆς
2609 1226 2701 1304 τοῦ
2730 1229 2940 1295 Πατρὸς
2967 1229 3153 1292 οὐσίας
3183 1231 3333 1282 ἐστὶν
3367 1231 3394 1283 6
3421 1231 3570 1293 Υἱὸς,
3604 1235 3660 1285 ἐν

2172 1317 2415 1386 ήκτίσις
2471 1321 2610 1384 πρὸς
2657 1320 2748 1371 τὸν
2793 1321 2926 1372 Θεὸν
2969 1321 3401 1390 κατηλλὰσσετο.
3459 1323 3642 1387 Οὕτως
3709 1326 3747 1378 ἃ

2176 1409 2467 1475 ἐργάζεται
2515 1411 2540 1459 ὁ
2583 1409 2728 1473 Υἱὸς,
2756 1411 2853 1463 τοῦ
2886 1413 3096 1481 Πατρός
3129 1414 3276 1465 ἐστιν
3330 1414 3488 1482 ἔργα.
3525 1417 3598 1468 Τὸ
3631 1417 3746 1484 γὰρ

2175 1497 2313 1560 εἶδος
2343 1500 2437 1568 τῆς
2467 1500 2558 1552 τοῦ
2592 1503 2802 1571 Πατρὸς
2857 1504 3106 1571 θεότητός
3165 1507 3313 1556 ἐστιν
3354 1507 3384 1559 6
3414 1505 3564 1568 Υἱὸς,
3594 1508 3749 1569 ὅστις

2177 1591 2464 1660 ἐργάζεται
2496 1591 2566 1644 τὰ
2595 1594 2750 1662 ἔργα.
2781 1593 2940 1648 Οὕτω
2966 1595 3022 1647 δὲ
3053 1598 3078 1647 6
3114 1595 3329 1664 βλέπων
3361 1599 3455 1650 τὸν
3489 1598 3618 1651 Υἱὸν
3645 1601 3752 1670 ὁρᾷ

2176 1683 2267 1736 τὸν
2307 1683 2552 1752 Πατέρα.
2587 1685 2673 1734 Ἐν
2696 1685 2804 1753 γὰρ
2829 1687 2896 1754 τῇ
2937 1685 3168 1756 πατρῴᾳ
3201 1687 3416 1755 θεότητί
3447 1690 3590 1754 ἔστι,
3651 1691 3752 1743 καὶ

499 1786 681 1847 Putre,
711 1795 756 1836 el
786 1782 1013 1836 Peterin
1041 1797 1158 1844 me;
1191 1789 1246 1833 et
1280 1779 1408 1831 illud
1438 1796 1450 1830 :
1484 1775 1591 1847 Ego
1629 1787 1677 1829 et
1709 1775 1869 1827 Pater
1909 1789 2072 1827 unum

2183 1775 2459 1846 θεωρεῖται
2490 1778 2517 1829 6
2567 1777 2712 1839 Υἱός.
2760 1779 2870 1830 Καὶ
2898 1779 2959 1830 τὸ
2985 1779 3045 1832 ὲν
3095 1779 3244 1848 αὐτῷ
3299 1782 3570 1850 πατρικὸν
3604 1778 3753 1845 εἶδος

496 1891 698 1927 sumus.
738 1873 833 1926 Est
859 1872 1004 1926 enim
1041 1869 1229 1932 Filius,
1262 1869 1438 1938 qualis
1469 1867 1646 1932 Pater,
1677 1867 1933 1934 quoniam
1958 1880 2074 1918 om-

499 1968 611 2028 nia,
646 1981 764 2032 quae
797 1964 972 2018 Patris
998 1975 1142 2025 sunt,
1171 1963 1354 2016 habet.
1382 1961 1561 2026 Quare
1587 1960 1748 2014 simul
1768 1959 1928 2013 etiam
1947 1973 2071 2012 cum

500 2054 662 2108 Patre
691 2052 1050 2120 signiﬁcatur.
1076 2050 1267 2104 Nullus
1295 2051 1462 2112 enim,
1491 2049 1592 2102 nisi
1647 2048 1786 2102 [ilius
1828 2048 2071 2112 exsistat,

499 2157 709 2213 patrem
753 2130 1054 2213 appellarit.
1102 2142 1234 2197 Nam
1257 2143 1346 2210 qui
1382 2143 1549 2195 Deum
1581 2140 1890 2195 eﬂectorem
1922 2139 2075 2203 dicit,

501 2253 612 2290 non
638 2253 699 2291 ea
735 2237 995 2290 continuo
1017 2251 1136 2304 quae
1166 2235 1302 2288 facta
1343 2243 1494 2299 sunt,
1517 2235 1775 2288 ostendit.
1811 2232 1906 2287 Est
1927 2232 2076 2286 enim

504 2332 749 2395 i-lfector,
789 2341 846 2386 et
877 2329 1056 2399 opifex
1087 2329 1248 2383 etiam
1277 2336 1567 2395 antequam
1603 2327 1690 2380 illa
1712 2327 1844 2381 sint.
1876 2325 1945 2379 At
1984 2323 2076 2393 qui

502 2423 718 2478 Patrem
769 2422 920 2486 dicit,
969 2421 1152 2475 statim
1199 2418 1468 2486 signiﬁcat
1495 2429 1550 2473 et
1585 2418 1878 2472 essentiam
1926 2415 2072 2470 Filii.

504 2515 685 2580 Quare
710 2515 801 2583 qui
833 2513 1004 2567 credit
1032 2513 1086 2565 in
1107 2511 1330 2573 Filium,
1356 2497 1518 2564 etiam
1549 2509 1602 2563 in
1633 2508 1848 2564 Patrem
1880 2508 2075 2563 credit.

502 2608 691 2662 Credit
715 2605 865 2660 enim
897 2606 952 2658 in
980 2603 1154 2659 Patris
1179 2603 1434 2658 essentia:
1462 2603 1874 2671 preprictatem.
1904 2601 2078 2668 Atque

503 2705 579 2756 ita
635 2717 741 2756 una
785 2709 870 2756 est
902 2700 1035 2754 ﬁdes
1065 2700 1117 2751 in
1149 2713 1319 2751 unum
1349 2697 1538 2751 Deam.
1571 2695 1638 2749 Et
1665 2695 1755 2764 qui
1784 2694 1997 2757 adorat,
2025 2701 2081 2747 et

502 2795 634 2849 colit
657 2791 875 2854 Filium,
907 2792 960 2844 in
997 2791 1130 2845 Filio
1152 2791 1370 2845 Patrem
1403 2789 1568 2842 etiam
1627 2787 1818 2840 adorat
1845 2795 1899 2840 et
1927 2784 2076 2838 colit.

503 2887 622 2942 Una
655 2887 800 2940 enim
833 2894 916 2940 est
937 2885 1284 2948 divinitas,et
1313 2881 1518 2935 idcirco
1535 2894 1673 2933 unus
1708 2888 1790 2932 est
1815 2878 2008 2940 honor,
2026 2884 2082 2930 et

506 2993 615 3032 una
647 2977 890 3032 adoratio
918 2977 970 3030 in
1006 2975 1163 3037 Filio,
1189 2983 1243 3027 et
1265 2988 1362 3042 per
1383 2972 1576 3026 Filium
1598 2970 1889 3024 exhibetur
1911 2965 2075 3021 Patri.

2174 1868 2447 1920 δείκνυσιν
2495 1869 2554 1920 ὲν
2593 1869 2744 1939 αὐτῷ
2782 1869 2871 1922 τὸν
2902 1869 3140 1940 Πατέρα.
3185 1871 3294 1926 Καὶ
3341 1871 3516 1931 οὕτως
3545 1875 3696 1927 ἐστὶν
3725 1878 3756 1927 6

2178 1957 2364 2028 Πατὴρ
2391 1961 2447 2011 ὲν
2471 1959 2548 2028 τῷ
2577 1958 2711 2028 Υἱῷ.
2750 1961 2859 2014 Kal
2891 1960 2924 2030 ἡ
2967 1962 3030 2014 ἐκ
3060 1961 3155 2014 τοῦ
3211 1962 3427 2032 Πατρὸς
3455 1963 3512 2016 δὲ
3545 1966 3607 2018 ὲν
3631 1966 3756 2035 Υξῷ

2179 2049 2376 2118 ἰδιότης
2399 2051 2493 2103 καὶ
2539 2050 2728 2121 θεότης
2757 2051 2999 2104 δείκνυσι
3029 2051 3122 2106 τὸν
3175 2051 3306 2107 Υίὸν
3339 2055 3398 2107 ὲν
3436 2055 3516 2122 τῷ
3551 2055 3754 2126 Πατρί,

2176 2140 2270 2191 καὶ
2327 2140 2414 2192 ἀεὶ
2463 2139 2769 2210 ἀδιαίρετον
2821 2141 3010 2195 αὑτοῦ.
3051 2143 3158 2196 Καὶ
3194 2146 3222 2197 6
3261 2143 3478 2197 ἁκούων
3527 2146 3618 2212 δὲ,
3656 2147 3758 2199 καὶ

2179 2229 2393 2299 βλέπων
2430 2233 2497 2285 τὰ
2515 2233 2782 2301 λεγόμενα
2823 2233 2949 2303 περὶ
2973 2234 3068 2286 τοῦ
3103 2235 3339 2304 Πατρδς,
3371 2236 3546 2290 ταῦτα
3590 2236 3756 2305 λεγό-

2180 2341 2318 2394 μενα
2365 2326 2492 2392 περὶ
2523 2325 2616 2379 τοῦ
2647 2326 2802 2390 Υἱοῦ,
2837 2326 2898 2380 06
2926 2329 3066 2380 κατὰ
3094 2329 3275 2398 χάριν.
3305 2330 3338 2400 ἢ
3372 2331 3607 2402 μετοχὴν
3629 2334 3758 2385 ἑπι-

2177 2417 2438 2487 γινόμενα
2460 2421 2526 2487 τῇ
2563 2418 2723 2488 οὐσίᾳ
2740 2418 2930 2484 αὐτοῦ,
2957 2417 3074 2472 ἀλλ’
3113 2420 3196 2474 δτι
3228 2421 3361 2474 αὐτὸ
3398 2421 3462 2475 τὸ
3489 2416 3630 2476 εἶναι
3657 2423 3757 2476 τοῦ

2145 2509 2334 2573 ,Υίοῦ,
2388 2509 2519 2562 ἴδιον
2574 2510 2675 2578 τῆς
2709 2513 2984 2581 πατρικῆς
3043 2513 3234 2578 οὐσίας
3291 2515 3410 2567 ἐστὶ
3476 2515 3757 2585 γέννημα,

2178 2602 2358 2670 νοήσει
2419 2603 2596 2662 καλῶς
2634 2603 2694 2654 τὸ
2723 2603 3036 2674 εἰρημένον,
3089 2605 3232 2659 καθὰ
3263 2609 3526 2675 προεῖπον
3557 2625 3571 2639 ο
3614 2609 3764 2676 Ἐγὼ

2178 2691 2246 2745 ἐν
2266 2691 2345 2756 τῷ
2377 2693 2697 2760 Πατρὶ,καί
2731 2694 2761 2747 ὀ
2791 2694 3246 2765 Πατὴρένὲμοί·
3275 2699 3573 2767 καίοἙγὼ,
3602 2701 3703 2754 καὶ
3726 2703 3763 2755 ὀ

2179 2784 2384 2852 Πατὴρ
2407 2786 2478 2838 ἓν
2500 2787 2708 2856 ἐσμεν.
2752 2786 2910 2842 Ἐστι
2937 2787 3048 2860 γὰρ
3089 2789 3118 2841 6
3147 2790 3296 2856 Υίὸς,
3337 2787 3448 2855 οἷος
3479 2795 3506 2844 6
3543 2793 3760 2862 Πατὴρ,

2179 2876 2258 2946 τῷ
2287 2877 2464 2930 πάντα
2490 2879 2560 2931 τὰ
2597 2879 2692 2931 τοῦ
2729 2880 2942 2949 Πατρὸς
2970 2881 3136 2952 ἔχειν.
3189 2883 3282 2935 Διὸ
3325 2884 3420 2936 καὶ
3475 2885 3612 2954 μετὰ
3659 2887 3762 2938 τοῦ

2183 2972 2398 3041 Πατρὸς
2424 2972 2770 3040 σημαίνεται.
2805 2973 3028 3042 Πατέρα
3080 2973 3192 3044 γὰρ
3245 2975 3344 3028 οὐκ
3375 2976 3440 3029 ἄν
3469 2993 3552 3039 τις
3586 2979 3760 3041 εἴποι,

511 3071 574 3126 Et
597 3071 686 3140 qui
715 3071 793 3125 sic
809 3069 1061 3130 adorant,
1099 3081 1268 3120 unum
1309 3065 1499 3118 adorat
1530 3063 1722 3116 Deum.
1755 3060 1905 3117 Unus
1933 3059 2078 3114 enim

2189 3062 2262 3132 μὴ
2296 3063 2633 3132 ὑπάρχοντος
2667 3062 2820 3121 Tim}.
2868 3064 2927 3118 '0
2979 3064 3162 3133 μέντοι
3190 3065 3420 3136 ποιητὴν
3451 3068 3622 3136 λέγων
3669 3070 3764 3124 τὸν

509 3165 652 3217 Deus
667 3173 771 3223 est,
792 3171 846 3214 et
864 3175 971 3213 non
993 3167 1076 3212 est
1093 3158 1232 3212 alius
1251 3165 1447 3225 przetcr
1471 3157 1669 3224 ipsum.
1691 3154 1758 3207 Et
1780 3153 1940 3207 verba
1959 3151 2077 3206 illa:

511 3254 621 3324 Ego
639 3270 776 3314 sum,
801 3261 847 3306 et
877 3260 1063 3320 prater
1089 3266 1167 3302 me
1189 3265 1289 3302 non
1321 3258 1394 3302 est
1419 3249 1557 3300 alius
1587 3246 1722 3300 Deus
1768 3247 1824 3307 ⁸;
1853 3252 1941 3298 et:
1969 3241 2080 3314 Ego

509 3347 711 3415 primus
736 3347 790 3409 3;
837 3353 893 3398 et
925 3342 1072 3412 :Ego
1103 3349 1217 3410 post
1247 3343 1356 3393 hac
1379 3338 1421 3405 ⁸,
1454 3345 1605 3392 recte
1626 3336 1905 3391 dicuntur.
1937 3333 2083 3388 Deus

509 3441 656 3493 en‘m
700 3447 862 3501 unus,
891 3446 946 3490 et
991 3435 1159 3499 solus,
1215 3443 1269 3486 et
1319 3431 1526 3502 primus
1568 3437 1671 3484 est.
1731 3428 1844 3482 Nec
1886 3426 2084 3481 tollunt

509 3535 705 3593 Filium
737 3534 851 3588 hch
879 3532 1067 3586 verba.
1099 3528 1274 3584 Absit!
1311 3529 1407 3582 Est
1433 3525 1580 3580 enim
1605 3535 1659 3579 et
1683 3524 1799 3594 ipse
1829 3520 2001 3576 Filius
2025 3522 2082 3574 in

509 3645 642 3696 uno,
673 3638 725 3683 et
760 3627 895 3691 solo,
923 3635 975 3679 et
1011 3623 1208 3694 primo.
1249 3620 1318 3676 Ut
1365 3619 1455 3690 qui
1485 3619 1668 3684 unius,
1693 3625 1748 3672 et
1791 3614 1986 3680 solius,
2029 3622 2086 3671 et

509 3723 670 3792 primi
707 3720 856 3775 solus
888 3727 973 3772 est
1009 3714 1272 3777 Verbum,
1297 3720 1352 3766 et
1385 3710 1676 3781 sapientia,
1704 3716 1761 3762 et
1805 3706 2080 3775 splendor.

511 3815 628 3869 Non
654 3814 814 3885 igitur
842 3819 900 3865 ut
930 3809 1148 3864 tollatur
1184 3805 1373 3872 Filius,
1409 3805 1524 3859 haec
1555 3803 1696 3857 dicta
1736 3811 1885 3868 sunt,
1909 3801 2004 3855 sed
2029 3808 2088 3854 ut

508 3908 854 3964 ostendatur,
890 3917 998 3956 non
1025 3916 1142 3955 esse
1188 3900 1377 3961 alium,
1431 3895 1607 3965 qualis
1655 3903 1739 3949 est
1787 3893 1970 3956 Pater,
2033 3901 2088 3947 et

511 3998 674 4068 quale
717 4006 801 4049 est
857 3991 1118 4046 Vrrbum.
1183 3988 1418 4049 Etenim,
1469 3987 1724 4054 quoniam
1781 3985 1872 4051 (ιιί
1923 3981 2091 4037 falsos

511 4093 742 4144 adorant
761 4086 915 4144 deos,
945 4099 976 4136 a
1009 4096 1137 4135 vero
1156 4079 1264 4134 Deo
1299 4078 1602 4136 deciscunt,
1636 4074 1779 4127 Deus
1809 4074 1900 4142 qui
1932 4073 2090 4127 beni-

516 4195 654 4248 gnus
686 4186 790 4235 est,
815 4186 870 4228 et
905 4174 1155 4226 homines
1201 4177 1379 4231 curat,
1411 4179 1674 4220 revocans
1727 4172 1782 4217 et
1838 4171 2092 4216 avertens

514 4287 612 4325 eos
637 4271 704 4323 ab
719 4281 902 4322 errore
925 4281 942 4318 :
974 4263 1105 4332 Ego,
1132 4262 1325 4330 inquit,
1351 4259 1485 4312 Deus
1503 4257 1680 4319 solus;
1702 4264 1758 4309 et
1784 4273 1796 4308 :
1827 4254 1936 4324 Ego
1953 4270 2090 4317 sum,

519 4375 567 4417 et
599 4373 789 4430 praeter
819 4375 900 4413 me
944 4373 1048 4412 non
1081 4364 1155 4409 est
1200 4354 1366 4418 Deus,
1401 4360 1456 4406 et
1485 4351 1588 4405 alia
1629 4349 1918 4417 ejusmodi.
1961 4349 2094 4412 Quae

2185 3153 2317 3206 Θεὸν
2373 3153 2432 3205 06
2459 3154 2676 3216 πάντως
2708 3155 2799 3207 καὶ
2835 3155 2901 3208 τὰ
2929 3155 3193 3223 γενόμενα
3219 3156 3388 3228 δηλοῖ.
3443 3159 3597 3213 Ἐστι
3651 3161 3765 3232 γὰρ

2187 3245 2280 3300 καὶ
2314 3244 2419 3315 πρὸ
2474 3245 2584 3298 τῶν
2621 3246 2942 3315 ποιημάτων
2993 3251 3250 3319 ποιητής.
3322 3250 3380 3303 Ὀ
3419 3251 3478 3302 δὲ
3539 3255 3765 3324 Πατέρα

2187 3335 2361 3404 λέγων
2399 3336 2564 3398 εὐθὺς
2592 3337 2735 3406 μετὰ
2755 3336 2850 3391 106
2884 3337 3100 3406 Πατρὸς
3135 3339 3389 3409 σημαίνει
3421 3342 3513 3394 καὶ
3545 3343 3645 3414 τὴν
3666 3345 3766 3398 τοῦ

2189 3427 2318 3480 Υἱοῦ
2376 3427 2634 3498 ὕπαρξιν.
2691 3428 2791 3480 Διὰ
2819 3428 2981 3482 τοῦτο
3034 3431 3128 3482 καὶ
3158 3433 3184 3483 6
3237 3433 3516 3485 πιστεύων
3548 3436 3626 3497 εἰς
3669 3436 3769 3488 τὸν

2189 3517 2318 3572 Υίὸν
2346 3521 2423 3581 εἰς
2471 3519 2563 3572 τὸν
2611 3521 2829 3590 Πατέρα
2880 3522 3151 3575 πιστεύει.
3192 3523 3301 3574 Καὶ
3326 3523 3469 3577 οὕτω
3494 3525 3589 3595 μία
3616 3529 3769 3580 ἐστὶν

2190 3612 2225 3682 ή
2261 3613 2443 3675 πίστις
2470 3614 2549 3676 είς
2573 3613 2670 3666 ἕνα
2693 3613 2846 3667 Θεόν.
2883 3617 2989 3666 Καὶ
3016 3617 3044 3668 6
3075 3599 3401 3685 προσκυνῶν
3438 3618 3516 3679 δὲ,
3553 3621 3648 3671 καὶ
3681 3637 3769 3672 τι·

2195 3703 2312 3774 μῶν
2339 3704 2432 3758 τὸν
2473 3704 2613 3769 Υίὸν,
2644 3707 2700 3758 ὲν
2727 3704 2843 3776 Υίῷ
2873 3709 3174 3775 προσκυνεῖ
3223 3710 3316 3760 καὶ
3359 3711 3494 3778 τιμᾷ
3531 3711 3623 3762 τὸν
3655 3713 3774 3762 Πα-

2191 3796 2347 3864 τέρα.
2393 3794 2508 3848 Μία
2563 3795 2670 3866 γάρ
2707 3798 2856 3849 ἐστιν
2889 3798 2920 3866 ἡ
2953 3796 3146 3869 θεότης
3171 3839 3185 3864 ,
3227 3799 3325 3852 καὶ
3375 3800 3463 3852 διὰ
3486 3801 3644 3854 τοῦτο
3672 3802 3776 3868 μία

2151 3889 2350 3957 .τιμὴ,
2379 3890 2473 3944 καὶ
2523 3889 2619 3958 μία
2667 3888 2785 3941 ἐστὶ
2834 3888 3209 3958 προσκύνησις
3263 3893 3322 3944 ὲν
3375 3891 3525 3960 Υίῷ,
3569 3895 3663 3945 καὶ
3697 3892 3771 3945 δι’

2195 3978 2363 4032 αὐτοῦ
2409 3978 2667 4048 γινομένη
2701 3978 2779 4048 τῷ
2818 3980 3018 4050 Πατρί.
3053 3982 3163 4033 Kal
3191 3982 3220 4031 6
3247 3981 3389 4033 οὕτω
3441 3983 3773 4050 προσκυνῶν

2195 4071 2294 4122 ἕνα
2337 4070 2470 4122 Θεὸν
2517 4073 2836 4139 προσκυνεῖ.
2891 4065 2984 4131 Εἷς
3032 4072 3143 4140 γὰρ
3199 4071 3333 4134 Θεός
3377 4074 3514 4136 ἐστι,
3547 4075 3635 4124 καὶ
3669 4076 3776 4126 οὐκ

2197 4162 2342 4214 ἔστιν
2370 4162 2524 4225 ἄλλος
2551 4162 2690 4232 πλὴν
2731 4160 2918 4214 αὐτοῦ.
2953 4165 3060 4215 Καὶ
3105 4164 3167 4216 τὸ
3203 4163 3352 4231 Ἐγώ
3376 4166 3512 4232 ειμι,
3547 4164 3776 4219 καὶούκ

2197 4251 2326 4304 ἔστι
2339 4254 2422 4304 11.1
2433 4250 2508 4314 ὴν
2535 4249 2679 4318 ἐμοῦ
2705 4251 2894 4316 ἄλλος
2919 4252 3083 4318 Θεόςο
3111 4251 3206 4305 καὶ
3236 4252 3316 4304 16°
3355 4251 3504 4322 Ἐγὼ
3523 4252 3778 4320 πρῶτος,

2201 4342 2382 4394 καὶτὸ
2425 4341 2570 4411 Ἐγὼ
2613 4344 2762 4412 μετὰ
2803 4343 2990 4396 ταῦτα
3017 4343 3196 4406 καλῶς
3245 4344 3486 4411 λέγεται.
3524 4342 3619 4408 Εἷς
3663 4347 3783 4416 γὰρ

519 4457 738 4525 quidem
762 4452 943 4506 omnia
974 4447 1236 4518 loquitur,
1269 4454 1328 4498 ut
1351 4458 1413 4496 ea
1441 4457 1562 4511 qua:
1589 4457 1696 4494 non
1731 4449 1880 4502 sunt,
1908 4439 2078 4507 expel-

2195 4434 2328 4496 Θεὸς
2359 4435 2450 4486 καὶ
2481 4436 2663 4501 μόνος,
2692 4435 2786 4487 καὶ
2809 4433 3025 4508 πρῶτός
3049 4437 3218 4490 εστιν.
3243 4436 3356 4487 Οὐκ
3384 4437 3464 4497 είς
3495 4435 3784 4504 ἀναίρεσιν

520 4549 614 4610 lat,
650 4557 700 4600 et
730 4559 920 4598 omnes
952 4541 1200 4596 homines
1225 4538 1292 4592 ad
1319 4551 1376 4591 se
1407 4540 1703 4588 convertat.
1732 4535 1807 4585 Ac
1830 4531 2093 4599 quemad-

521 4641 743 4701 modum
784 4639 828 4691 si
868 4637 990 4706 quis
1019 4647 1143 4687 cum
1173 4631 1292 4684 dies
1318 4636 1483 4689 esset,
1511 4635 1567 4680 et
1606 4627 1684 4679 sol
1723 4625 2089 4686 illucesceret,

519 4739 726 4805 lignum
783 4729 1100 4797 simpliciter
1135 4724 1398 4793 pingeret,
1432 4733 1535 4772 nec
1569 4718 1675 4770 ulla
1726 4717 1864 4770 lucis
1911 4716 2098 4769 habita

505 4827 736 4880 ratione
784 4823 1011 4884 diceret,
1049 4818 1311 4887 picturam
1343 4814 1492 4866 illam
1519 4825 1644 4864 esse
1689 4808 1826 4861 lueis
1857 4821 2098 4868 causam,

526 4917 606 4972 sol
652 4922 833 4967 autem
880 4927 938 4965 re
990 4915 1276 4979 perspecta
1321 4906 1626 4959 clamaret:
1659 4899 1789 4967 Ego,
1822 4899 2096 4966 inquiens,

523 5026 644 5066 sum
675 5010 766 5062 lux
791 5007 918 5067 diei,
950 5019 1052 5058 nec
1080 4999 1226 5054 aliud
1253 4999 1422 5052 ullum
1448 5006 1531 5050 est
1560 4996 1669 5050 diei
1697 4997 1877 5048 lumen
1907 5002 2102 5061 praeter

531 5115 734 5163 meum,
777 5098 822 5151 si
868 5097 945 5151 sol
976 5097 1048 5148 ita
1079 5095 1416 5160 loqueretur,
1455 5103 1566 5141 non
1603 5102 1670 5141 eo
1711 5093 2003 5155 spectaret.
2043 5094 2103 5138 ut

530 5192 874 5262 splendorem
931 5201 1111 5248 suum,
1160 5183 1255 5236 sed
1307 5190 1367 5234 ut
1401 5194 1644 5234 errorem
1691 5187 1746 5231 et
1792 5177 2080 5231 stultitiam

505 5285 698 5344 'illius,
752 5281 840 5348 qui
878 5276 1009 5346 ligni
1060 5273 1297 5342 speciem
1347 5271 1706 5339 depinxisset,
1764 5267 2102 5332 excluderet,

2195 4527 2254 4578 δὲ
2292 4524 2386 4577 106
2439 4525 2570 4578 Υιοῦ
2613 4526 2760 4592 λέγει
2806 4527 3002 4588 ταῦτα,
3055 4526 3132 4595 μὴ
3191 4527 3400 4593 γένοιτο
3430 4544 3444 4559 ο
3509 4527 3626 4579 ἐστι
3669 4529 3786 4597 γὰρ

2200 4621 2295 4674 καὶ
2326 4619 2488 4680 αὐτὸς
2519 4621 2578 4671 ὲν
2604 4618 2682 4687 τῷ
2707 4619 2807 4682 ἐνὶ,
2843 4622 2942 4671 καὶ
2975 4619 3145 4688 μόνῳ,
3172 4620 3269 4672 καὶ
3315 4621 3546 4689 πρώτῳ,
3586 4620 3662 4681 ὡς
3685 4621 3787 4672 τοῦ

2201 4712 2319 4773 ἑνὸς
2349 4713 2442 4764 καὶ
2477 4711 2667 4778 μόνου,
2717 4709 2809 4762 καὶ
2837 4709 3057 4778 πρώτου
3103 4709 3262 4778 μόνος
3319 4711 3514 4776 Λόγος,
3568 4711 3663 4760 καὶ
3696 4727 3795 4761 σο-

2201 4802 2321 4870 φία,
2348 4801 2441 4854 καὶ
2477 4800 2818 4870 ἀπαύγασμα
2868 4800 2978 4855 ὢν·
3005 4799 3203 4855 οὔκουν
3240 4800 3306 4854 δι’
3341 4801 3506 4854 αὐτὸν
3546 4802 3789 4871 εἴρηται,

2206 4893 2324 4946 ἀλλ’
2352 4893 2431 4955 εις
2457 4892 2740 4962 ἀναίρεσιν
2791 4894 2886 4945 106
2941 4893 3016 4961 μὴ
3047 4887 3188 4945 εἶναι
3214 4892 3423 4962 ἕτερον,
3460 4888 3575 4954 οἷός
3633 4895 3792 4948 ἐστιν

2205 4987 2232 5037 6
2260 4985 2471 5053 Πατὴρ,
2520 4986 2617 5036 καὶ
2646 4986 2672 5036 ὁ
2699 4985 2890 5036 τούτου
2921 4983 3112 5051 Λόγος.
3161 4983 3378 5052 Ἐπειδὴ
3401 4984 3510 5052 γὰρ
3537 4983 3590 5036 oi
3620 4999 3795 5050 προσ-

2203 5079 2445 5147 κείμενοι
2499 5080 2612 5140 τοῖς
2660 5076 3041 5145 ψευδωνύμοις
3114 5075 3264 5139 θεοῖς
3321 5076 3653 5143 ἀφίστανται
3690 5076 3792 5129 τοῦ

2207 5169 2466 5241 ἀληθινοῦ
2493 5170 2651 5234 Θεοῦ,
2687 5170 2778 5222 διὰ
2804 5169 2960 5222 τοῦτο
2989 5169 3194 5237 ἀγαθὸς
3227 5167 3325 5228 ὢν,
3360 5172 3454 5222 καὶ
3491 5169 3795 5238 κηδόμενος

2215 5267 2323 5320 τῶν
2355 5267 2450 5320 ἀνθ
2463 5267 2658 5334 ρώπων
2684 5267 2712 5318 6
2737 5265 2893 5328 Θεὸς,
2946 5264 3392 5333 ἀνακαλούμενος
3421 5265 3548 5325 τοὺς
3585 5265 3801 5333 πλανης-

532 5378 611 5430 sic
643 5376 784 5428 Deus
810 5389 827 5426 :
857 5369 989 5438 Ego,
1019 5365 1214 5431 inquit,
1245 5378 1398 5428 sum;
1449 5372 1502 5416 et
1532 5381 1544 5414 :
1573 5361 1684 5431 Ego
1718 5359 2026 5423 Deussolus,
2061 5377 2078 5414 ι

2219 5359 2429 5420 θέντας,
2461 5355 2625 5427 φησιν
2653 5371 2666 5385 ·
2713 5355 2862 5422 Ἐγὼ
2910 5355 3056 5419 Θεὸς
3075 5357 3286 5423 μόνος,
3321 5355 3418 5408 καὶ
3477 5351 3624 5422 Ἐγώ
3649 5355 3796 5420 ειμι,

533 5483 635 5525 non
667 5475 739 5517 est
788 5463 924 5517 alius
954 5466 1147 5528 praeter
1198 5470 1301 5519 me,
1327 5462 1386 5506 ut
1442 5452 1695 5506 homines
1741 5467 1770 5504 a
1803 5451 1956 5505 falsis
1989 5452 2108 5506 deis

2221 5449 2320 5501 καὶ
2353 5449 2521 5512 πλὴν
2553 5446 2701 5514 ἐμοῦ
2743 5447 2853 5499 οὐκ
2887 5447 3020 5497 ἐστι
3073 5443 3236 5508 Θεὸς,
3295 5445 3392 5496 καὶ
3433 5444 3531 5496 ὅσα
3567 5439 3801 5494 τοιαῦτα

538 5557 783 5614 colendis
813 5560 1084 5609 averteret
1133 5557 1190 5604 et
1250 5555 1528 5611 avocaret,
1577 5551 1633 5598 et
1675 5543 1744 5598 ad
1803 5557 1864 5598 se
1923 5558 2078 5597 verui

2226 5541 2388 5610 ῥητὰ,
2423 5539 2511 5591 ἵνα
2561 5540 2629 5589 τὰ
2670 5537 2770 5607 μὲν
2805 5535 2880 5605 μὴ
2923 5535 3052 5590 ὅντα
3098 5534 3351 5604 διαΰάλῃ,
3407 5531 3712 5601 ἐπιστρέψῃ
3737 5531 3800 5582 δὲ

616 5695 630 5724 ⁸
663 5693 704 5745 ll
739 5691 866 5746 Cor.
892 5705 944 5752 ν,
970 5689 1057 5742 l9.
1133 5688 1152 5717 ⁸
1193 5685 1296 5738 lsa.
1338 5697 1482 5744 XLIV,
1518 5683 1570 5736 6.
1649 5680 1670 5712 ³
1694 5681 1826 5736 ibid.
1903 5679 1923 5711 ⁸
1955 5681 2086 5735 ibid.
