4094 6204
352 299 460 364 413

1338 303 1716 366 PANOPLIA
1757 303 2209 369 DOGMATICA.
2254 330 2322 343 -
2352 309 2498 369 TlT.
2536 309 2644 369 XI.

3493 317 3599 383 lli

354 411 542 465 πάντα
569 409 650 474 εἰς
677 409 893 467 ἑαυτόν.
926 411 1038 467 Καὶ
1081 411 1271 483 ὥσπερ
1295 413 1392 469 ὲάν
1441 432 1548 482 τις,
1581 418 1795 489 ἡμέρας
1840 418 1920 473 οὗ·

2039 418 2210 473 Deum
2265 420 2700 491 cognoscendum
2769 428 2825 476 et
2885 420 3217 478 adorandum
3284 425 3595 489 adduceret.

352 517 478 571 σης,
499 503 599 556 καὶ
625 502 778 575 ἡλίου
813 504 1121 573 φαίνοντος,
1158 506 1480 579 ζωγραφείη
1530 507 1687 573 ξύλον
1713 511 1921 576 ἁπλῶς,

349 591 476 646 ούδὶ
514 593 622 647 κᾶν
689 595 991 663 φαντασίαν
1036 595 1177 665 ἔχων
1220 598 1418 665 φωτὸς,
1480 598 1575 654 καὶ
1631 598 1781 667 λέγοι
1822 600 1924 671 τὴν

347 685 538 740 εἰκόνα
590 687 800 757 ταύτην
833 688 1015 742 αἰτίαν
1039 684 1180 743 εἷναι
1241 689 1337 743 τοῦ
1386 691 1590 759 φωτὸς,
1621 692 1650 744 6
1677 690 1736 744 δὲ
1769 692 1922 761 ἥλιος

347 777 512 832 τοῦτο
544 778 760 848 βλέπων
788 779 938 849 λέγοι
972 796 987 811 ⁸
1029 778 1171 849 Ἐγὼ
1228 781 1391 850 μόνος
1426 782 1544 852 sttit
1566 826 1571 833 .
1591 782 1653 836 τὺ
1684 782 1802 851 φῶς
1827 783 1925 851 τῆς

351 871 594 942 ἡμέρας,
635 873 732 925 καὶ
763 872 865 924 οὐκ
919 870 1067 925 ἔστιν
1104 871 1232 927 ἀλλο
1256 873 1371 941 φῶς
1396 873 1497 942 τῆς
1533 873 1746 943 ἡμέρας
1783 872 1924 944 πλὴν

351 962 510 1032 ἔμοῦ,
552 963 612 1016 οὐ
645 963 783 1034 πρὸς
819 964 880 1016 τὸ
910 962 1105 1017 ἑαυτοῦ
1135 963 1478 1033 ἀπαύγασμα
1506 962 1723 1033 βλέπων
1750 963 1924 1019 ταῦτα

347 1052 522 1124 λέγει,
561 1055 703 1109 ἀλλὰ
736 1056 873 1126 πρὸς
897 1056 995 1127 τὴν
1026 1056 1234 1124 πλάνην
1272 1056 1360 1111 διὰ
1381 1054 1480 1126 τὴν
1497 1057 1682 1109 εἰκόνα
1710 1056 1802 1109 τοῦ
1835 1055 1926 1122 ξύ-

348 1146 465 1211 λου,
493 1150 591 1200 καὶ
618 1150 979 1219 ἀνομοιότητα
1018 1150 1119 1219 τῆς
1173 1149 1409 1218 ματαίας
1461 1148 1794 1217 φαντασίας·
1833 1147 1925 1200 οὔ·

348 1255 460 1301 τως
476 1240 607 1292 ἐστὶ.⁴
620 1242 714 1293 καὶ
730 1241 812 1293 τό·
847 1241 992 1310 Ἐγώ
1010 1244 1127 1310 ειμι
1155 1244 1249 1295 καὶ
1269 1243 1349 1295 τό’
1389 1240 1537 1309 Ἐγὼ
1554 1242 1699 1305 Θεὸς
1717 1241 1921 1307 μόνος,

350 1329 446 1380 καὶ
474 1329 579 1381 οὐκ
607 1328 755 1383 ἐστιν
781 1314 939 1392 ἄλλος
962 1332 1101 1403 πλὴν
1129 1331 1286 1402 ἐμοῦ,
1315 1331 1400 1385 ἵνα
1419 1332 1530 1385 τῶν
1558 1331 1924 1401 ψευδωνύμων

347 1420 647 1490 ἀποστήσω
667 1422 791 1484 τοὺς
819 1422 1162 1492 ἀνθρώπους,
1189 1422 1284 1477 καὶ
1314 1424 1529 1493 μάθωσι
1547 1425 1732 1476 λοιπὸν
1763 1423 1924 1479 αὑτὸν

346 1510 442 1564 τὸν
472 1511 731 1582 ἀληθινὸν
760 1513 912 1567 Θεόν.
965 1514 1119 1567 Ἀλλά
1155 1514 1290 1585 πρὸς
1337 1515 1507 1569 ταῦτα
1529 1513 1691 1568 πάλιν
1719 1516 1927 1585 ἐπιχει-

347 1598 509 1672 ροῦσι
543 1603 868 1672 φιλονεικεῖν
908 1609 1027 1666 ταῖς
1071 1605 1230 1668 ἰδίαις
1264 1604 1697 1674 μυθοπλαστίαις
1737 1606 1924 1672 λέγον-

345 1713 442 1757 τες
495 1698 571 1767 μὴ
622 1695 799 1760 οὕτως
861 1693 1000 1751 sliat
1036 1698 1128 1750 τὸν
1175 1698 1303 1751 Υἱὸν
1336 1700 1431 1752 καὶ
1476 1698 1568 1751 τὸν
1595 1699 1812 1768 Πατέρα
1842 1696 1921 1764 ἓν,

2032 509 2230 566 Verum
2263 511 2380 566 haec
2437 512 2524 566 isti
2559 527 2777 567 rursum
2811 513 2972 584 nugis
3022 514 3346 583 quibusdam
3389 522 3503 578 suis
3540 524 3593 578 in

2030 601 2455 657 controversiam
2478 611 2689 658 vocant.
2725 602 2791 657 Et
2818 602 3028 658 Patrem
3057 616 3219 674 atque
3243 606 3460 673 Filium,
3486 628 3596 666 non

2031 689 2485 757 quemadmodum
2506 691 2746 746 Ecclesia
2765 693 3042 762 praedicat,
3063 695 3156 750 sed
3186 709 3237 749 ιιι
3267 698 3362 766 ipsi
3386 701 3593 764 volunt,

2030 796 2198 835 unum
2222 795 2341 837 esse
2365 782 2720 837 contendunt.
2765 782 3031 848 Quoniam
3066 786 3231 847 enim,
3276 804 3395 856 quae
3438 788 3597 844 Pater

2028 873 2230 939 vult,ea
2256 874 2370 928 vult
2393 874 2554 930 etiam
2577 873 2764 937 Filius,
2788 890 2892 932 nec
2907 878 3149 933 consiliis
3166 888 3220 933 et
3240 880 3454 948 iudiciis
3477 883 3597 951 ejus

2028 964 2369 1031 adversatur,
2400 967 2494 1020 sed
2544 966 2601 1020 in
2630 967 2882 1021 omnibus
2905 982 3027 1022 cum
3054 970 3170 1039 ipso
3194 972 3467 1037 convenit,
3501 990 3592 1026 ca-

2030 1055 2263 1126 demque
2300 1058 2538 1121 decreta,
2561 1067 2619 1112 et
2662 1066 3082 1113 consentaneum
3113 1069 3273 1130 atque
3294 1080 3597 1133 congruen-

2032 1158 2141 1202 tem
2164 1148 2426 1203 doctrina:
2475 1147 2651 1203 Patris
2693 1149 2961 1204 rationem
3013 1151 3188 1215 docet,
3241 1153 3366 1206 inde
3393 1156 3472 1218 ﬁt,
3514 1155 3599 1208 in-

2029 1236 2246 1305 quiunt,
2298 1246 2358 1290 ut
2390 1236 2547 1291 Pater
2583 1247 2638 1291 et
2684 1238 2856 1292 Filius
2906 1254 3076 1293 unum
3130 1241 3260 1295 sint.
3306 1242 3430 1296 llaec
3486 1260 3597 1299 non

2029 1330 2203 1379 solum
2233 1328 2433 1387 dicere,
2462 1328 2553 1380 sed
2581 1329 2817 1382 scribere
2842 1330 3056 1397 quidam
3082 1331 3202 1386 ausi
3234 1342 3380 1391 sunt.
3403 1334 3600 1401 quibus

2029 1414 2168 1486 nihil
2197 1416 2364 1485 tiiagis
2394 1415 2709 1480 absurdum,
2752 1427 2849 1471 aut
2878 1433 2907 1468 a
2946 1418 3157 1471 ratione
3206 1421 3442 1474 alienum
3492 1421 3596 1476 dici

2028 1515 2230 1575 potest.
2262 1507 2392 1560 Nam
2416 1507 2463 1561 si
2499 1516 2722 1576 propter
2752 1508 2894 1571 hanc
2919 1523 3139 1563 causam
3170 1511 3327 1565 Pater
3354 1523 3405 1567 et
3430 1512 3597 1567 Filius

2030 1613 2199 1652 unum
2223 1610 2374 1664 sunt,
2416 1609 2474 1653 et
2498 1600 2545 1654 si
2576 1600 2744 1655 Filius
2775 1602 2877 1656 hoc
2907 1604 3068 1657 modo
3107 1604 3250 1659 Patri
3279 1606 3470 1661 similis
3491 1617 3595 1672 est,

2028 1690 2173 1752 vide,
2206 1706 2274 1747 ne
2300 1692 2391 1761 qui
2418 1691 2575 1745 nobis
2601 1694 2914 1762 superiores
2944 1706 3094 1760 sunt,
3118 1697 3329 1767 Angeli,
3357 1708 3412 1752 ct
3440 1699 3599 1753 Prin-

347 1788 488 1857 μηδὲ
519 1790 729 1857 ὅμοιον,
764 1788 836 1847 ὡς
870 1790 901 1858 ἡ
945 1790 1241 1859 Ἐκκλησία
1264 1790 1544 1859 κηρύττει,
1574 1790 1691 1843 ἀλλ’
1729 1790 1802 1853 ὡς
1828 1791 1920 1844 αύ-

2028 1781 2259 1849 cipatus,
2299 1792 2354 1836 et
2390 1781 2716 1847 Potestates,
2749 1794 2803 1839 et
2855 1785 3057 1840 'l'hroni
3103 1796 3158 1841 et
3190 1787 3599 1844 Dominationes

345 1882 428 1933 τοὶ
455 1879 696 1935 θέλουσι.
734 1880 870 1931 Φασὶ
898 1881 1004 1947 γὰρ
1040 1883 1162 1934 ἐπεὶ
1193 1881 1228 1934 ἀ
1256 1881 1399 1934 θέλει
1436 1884 1465 1935 6
1501 1883 1710 1953 Πατὴρ,
1753 1881 1925 1938 ταῦτα

344 1972 495 2026 θέλει
525 1973 621 2025 καὶ
649 1974 678 2025 6
734 1972 898 2035 Υἱὸς,
940 1974 1035 2025 καὶ
1099 1973 1223 2027 οὔτε
1269 1976 1379 2036 τοῖς
1420 1976 1700 2046 νοήμασιν,
1746 1979 1778 2048 ἢ
1813 1982 1925 2043 τοῖς

343 2064 615 2133 κρίμασιν
642 2064 962 2129 ἀντίκειται,
997 2064 1112 2117 ἀλλ’
1154 2067 1213 2118 ὲν
1264 2066 1429 2119 πᾶσιν
1464 2070 1582 2120 ἐστι
1637 2067 1922 2143 σύμφωνος

342 2152 523 2223 αὐτῷ,
555 2154 653 2224 τὴν
689 2156 990 2224 ταυτότητα
1026 2154 1134 2209 τῶν
1175 2157 1491 2225 δογμάτων,
1548 2159 1641 2211 καὶ
1675 2159 1765 2211 τὸν
1794 2160 1925 2212 ἀκό-

341 2243 559 2308 λουθον,
584 2248 682 2300 καὶ
703 2250 1105 2319 συνηρτημένον
1126 2254 1190 2321 τῇ
1235 2251 1330 2305 τοῦ
1362 2252 1572 2322 Harpe;
1602 2252 1921 2324 διδασκαλίᾳ

342 2336 636 2399 ἀποδιδοὺς
685 2337 859 2405 λόγον,
913 2338 1003 2391 διὰ
1041 2338 1197 2392 τοῦτο
1233 2340 1395 2402 αὐτὸς
1426 2342 1521 2394 atat
1557 2343 1585 2394 6
1642 2343 1828 2411 Πατὴρ
1861 2343 1921 2395 ἓν

340 2429 474 2481 εἱσι.
517 2427 705 2480 Ταῦτα
734 2428 792 2480 δὲ
816 2430 877 2482 ού
906 2431 1063 2499 μόνον
1092 2430 1286 2496 είπεῖν,
1313 2430 1450 2483 ἀλλά
1484 2433 1578 2485 καὶ
1599 2434 1806 2503 γράψαι
1839 2451 1918 2486 τι-

340 2522 434 2582 νὲς
461 2520 852 2591 τετολμήκασι.
894 2522 1094 2575 Τούτου
1120 2523 1175 2576 δὲ
1206 2523 1260 2576 τί
1282 2524 1348 2578 ἄν
1382 2542 1464 2588 τις
1497 2526 1836 2596 ἀτοπώτερον
1883 2527 1915 2597 ἢ

341 2610 690 2682 ἀλογώτερον
723 2614 897 2680 sinet;
931 2614 993 2667 Et
1024 2616 1132 2684 γὰρ
1154 2614 1246 2668 διὰ
1277 2614 1447 2669 ταῦτα
1500 2616 1559 2668 ἓν
1591 2617 1729 2669 εἰσιν
1757 2619 1915 2671 ὁΠα-

338 2704 450 2774 τὴρ
478 2705 573 2756 καὶ
597 2706 627 2756 6
655 2704 800 2768 Υἱὸς,
827 2705 918 2758 καὶ
955 2705 1004 2758 εἰ
1032 2704 1205 2768 οὕτως
1230 2706 1416 2776 ὅμοιός
1455 2709 1600 2761 ἐστιν
1629 2709 1656 2761 6
1685 2709 1808 2772 Υἱὸς
1838 2709 1917 2780 τῷ

340 2797 549 2866 Πατρὶ,
588 2798 708 2866 ὥρα
739 2797 831 2849 καὶ
858 2798 982 2860 τοὺς
1003 2799 1289 2866 ἀγγέλους,
1317 2800 1410 2852 καὶ
1434 2798 1500 2852 τὰ
1518 2799 1650 2852 ἄλλα
1669 2802 1736 2854 τὰ
1762 2802 1916 2871 ἡμῶν

338 2891 748 2959 ὑπερκείμενα,
779 2890 976 2960 Ἀρχὰς
993 2907 1075 2954 τε,
1101 2893 1195 2944 καὶ
1227 2892 1525 2959 Ἐξουσίαςη
1546 2896 1642 2946 καὶ
1657 2892 1912 2964 Θρόνους,

338 2981 444 3033 καὶ
472 2978 816 3049 Κυριόττοτας
848 2975 987 3033 εἶναι
1014 2982 1107 3034 καὶ
1136 2981 1356 3047 αὐτοὺς,
1393 2981 1466 3044 ὡς
1501 2983 1592 3036 καὶ
1626 2984 1717 3035 τὸν
1764 2983 1912 3050 Υίδν,

337 3073 524 3136 υἱοὺς,
563 3072 815 3140 λέγεσθαί
843 3090 902 3125 τε
946 3073 1043 3125 καὶ
1071 3074 1195 3143 περί
1223 3071 1444 3137 τούτων,
1491 3075 1572 3127 ὅτι
1612 3074 1706 3126 καὶ
1737 3073 1910 3133 αὐτοὶ,
1939 3104 1985 3167 C

338 3166 441 3216 καὶ
480 3167 511 3217 6
552 3166 740 3234 Πατὴρ
790 3165 849 3218 ἓν
907 3166 1037 3229 εἰσι,
1077 3167 1171 3218 καὶ
1221 3166 1303 3219 ὅτι
1335 3166 1565 3229 ἕκαστος
1598 3164 1785 3232 εἰκὼν,
1823 3168 1917 3220 καὶ

336 3259 504 3324 λόγος
544 3261 660 3311 ἐστὶ
694 3257 787 3311 τοῦ
820 3258 1049 3328 Πατρός.
1087 3259 1152 3311 ’Δ
1185 3258 1293 3329 γάρ
1327 3258 1469 3313 θέλει
1500 3262 1530 3314 6
1562 3257 1715 3325 Θεὸς,
1744 3259 1916 3314 ταῦτα

337 3349 562 3403 θέλουσι
587 3351 680 3403 καὶ
700 3350 873 3416 αὐτοὶ,
905 3352 998 3403 καὶ
1023 3348 1149 3404 οὔτε
1186 3353 1296 3413 τοῖς
1330 3351 1614 3419 δόγμασιν,
1642 3351 1767 3404 οὔτε
1803 3354 1917 3413 τοῖς

338 3442 582 3511 κρίμασι
599 3441 977 3508 διαφωνοῦσιν,
1011 3441 1125 3494 ἀλλ’
1160 3444 1217 3494 ὲν
1239 3442 1404 3495 πᾶσίν
1423 3444 1559 3495 εἰσιν
1579 3443 1810 3511 ὑπήκοοι
1838 3443 1916 3514 τῷ

340 3535 697 3600 πεποιηκότι.
729 3533 841 3584 Οὐκ
887 3534 952 3585 ἂν
987 3533 1097 3602 γὰρ
1137 3531 1359 3602 ἔμειναν
1389 3535 1446 3585 ὲν
1468 3535 1533 3603 τῇ
1560 3535 1738 3605 οἰκείᾳ
1765 3535 1912 3605 δόξῃ,

338 3626 393 3676 εί
425 3627 504 3694 μὴ
552 3626 698 3693 ἅπερ
719 3625 908 3695 ἢθελεν
930 3629 958 3679 6
992 3626 1202 3697 Πατὴρ,
1234 3626 1406 3680 ταῦτα
1434 3628 1527 3681 καὶ
1563 3629 1716 3680 αὐτοὶ
1758 3628 1914 3680 ἐδούο-

337 3716 519 3768 λοντο.
573 3716 782 3769 Οὐκοῦν
830 3720 859 3769 6
913 3720 987 3785 μὴ
1025 3720 1245 3787 μείνας,
1297 3717 1431 3770 ἀλλά
1483 3719 1913 3787 παραφρονήσας

338 3808 549 3878 ἢκουσε
586 3820 603 3839 ⁸
634 3805 767 3873 Πῶς
800 3808 1023 3861 ἔπεσεν
1050 3808 1118 3861 ἐκ
1157 3807 1265 3860 τοῦ
1307 3808 1567 3875 οὐρανοῦ
1607 3811 1639 3861 d
1682 3806 1917 3874 ἑωσφόο

2024 1873 2156 1934 sint,
2198 1881 2256 1926 ιιι
2284 1873 2391 1939 ille,
2421 1873 2540 1939 filii,
2572 1884 2629 1929 et
2655 1874 2723 1929 de
2761 1876 2847 1931 his
2878 1877 3007 1931 item
3037 1878 3144 1933 dici
3196 1881 3387 1947 possit,
3415 1879 3518 1949 Ipsi
3542 1890 3602 1935 et

2025 1963 2185 2018 Pater
2220 1981 2386 2020 unum
2415 1976 2565 2031 sunt,
2594 1976 2649 2022 et
2683 1969 3054 2039 unusquisque
3087 1985 3278 2026 eorum
3322 1974 3499 2042 imago
3542 1984 3598 2027 et

2024 2057 2245 2111 verbum
2276 2067 2359 2112 est
2386 2056 2583 2113 Patris.
2641 2056 2774 2112 Nam
2805 2075 2925 2128 qua:
2975 2063 3090 2116 vult
3143 2063 3309 2125 Deus,
3375 2074 3430 2118 et
3486 2064 3595 2134 ipsi

2020 2147 2233 2211 Volunt,
2261 2163 2363 2203 nec
2402 2150 2712 2213 sententiis,
2754 2166 2856 2204 nec
2900 2152 3118 2221 judieiis
3172 2145 3451 2218 (tulerunt,
3499 2155 3592 2210 sed

2019 2238 2274 2292 omnibus
2303 2240 2358 2292 in
2388 2239 2551 2293 rebus
2583 2255 2684 2295 suo
2728 2242 3108 2311 obtemperant
3151 2244 3418 2299 etIectori.
3473 2245 3592 2300 Non

2018 2328 2163 2380 enim
2198 2327 2253 2380 in
2282 2329 2451 2397 gloria
2487 2332 2823 2384 mansissent
2863 2345 2984 2393 sua,
3024 2320 3131 2387 nisi
3173 2349 3236 2388 ea
3270 2350 3389 2403 qua:
3437 2332 3594 2388 Pater

2018 2418 2133 2471 vult
2157 2428 2211 2471 et
2246 2417 2346 2485 ipsi
2382 2419 2601 2473 vellent.
2630 2420 2749 2475 Non
2779 2424 2925 2476 enim
2952 2423 3007 2476 in
3037 2440 3129 2479 eos
3155 2427 3244 2494 qui
3272 2435 3590 2494 paruerunt,

2018 2515 2113 2563 sed
2145 2511 2200 2563 in
2232 2525 2360 2565 eum
2434 2527 2523 2579 qut
2566 2525 2856 2566 (autumas
2901 2516 3023 2580 luit,
3064 2517 3271 2570 dictum
3290 2529 3373 2572 est
3403 2538 3417 2572 :
3452 2520 3593 2583 Quo-

2016 2602 2168 2654 modo
2194 2601 2376 2655 cecidit
2406 2618 2434 2657 c
2468 2602 2595 2657 caelo
2623 2603 2830 2672 lucifer,
2861 2608 2952 2675 qui
2981 2624 3134 2662 ntaue
3157 2610 3425 2663 oriebatur
3455 2612 3496 2668 ⁸.
3532 2612 3589 2666 Si

2015 2691 2131 2747 haec
2156 2693 2229 2747 ita
2280 2693 2509 2758 habent,
2558 2711 2657 2749 cur
2704 2696 2857 2751 solus
2908 2696 3080 2754 Filius
3142 2702 3474 2772 unigenitus,
3534 2714 3590 2759 et

2016 2780 2277 2848 Verbum,
2304 2792 2360 2836 et
2388 2783 2656 2853 sapientia
2690 2787 2809 2841 est?
2838 2789 2945 2841 Aut
2971 2804 3089 2855 cur,
3121 2806 3245 2845 cum
3278 2801 3387 2846 tam
3433 2796 3588 2850 multi

2014 2876 2123 2930 sint
2144 2874 2289 2930 Patri
2311 2875 2538 2942 similes,
2571 2877 2721 2934 solus
2784 2878 2868 2935 hic
2898 2880 3074 2951 imago
3102 2882 3223 2936 est?
3253 2882 3394 2949 Quin
3427 2888 3588 2941 etiam

2013 2981 2077 3021 ex
2116 2966 2430 3023 hominibus
2474 2969 2632 3023 multi
2672 2972 2819 3025 Patri
2865 2972 3074 3029 similes
3105 2974 3479 3043 invenientur,
3532 2990 3592 3033 ut

2015 3068 2303 3129 martyres,
2329 3070 2388 3114 ut
2418 3064 2721 3130 propheta,
2753 3071 2811 3115 ut
2831 3064 3084 3131 apostoli,
3145 3073 3204 3119 ut
3244 3068 3589 3136 patriarchae.

2020 3149 2176 3205 Multi
2247 3153 2353 3207 hoc
2411 3154 2576 3209 etiam
2625 3163 2869 3225 tempore
2922 3155 3228 3212 Servatoris
3273 3160 3588 3215 mandatum

2016 3244 2371 3298 observantes
2396 3245 2784 3302 misericordes
2803 3248 3154 3311 exstiterunt,
3189 3258 3247 3303 ut
3278 3249 3458 3315 Pater,
3495 3252 3589 3320 qui

2017 3344 2103 3389 est
2144 3335 2203 3389 in
2239 3335 2412 3392 cmlis.
2454 3337 2818 3395 Observantes
2845 3349 2899 3394 et
2928 3339 3105 3396 illud:
3135 3340 3316 3395 Estote
3352 3344 3589 3397 imitato-

2016 3439 2097 3477 res
2126 3422 2387 3487 Dei,sicut
2416 3426 2515 3494 ﬁlii
2543 3426 2859 3492 charissimi,
2888 3440 2936 3482 et
2958 3430 3228 3483 ambulate
3259 3433 3316 3485 in
3347 3433 3585 3487 dilectio-

2016 3531 2097 3577 ne,
2126 3518 2260 3571 sicut
2289 3526 2337 3571 et
2369 3516 2606 3572 Christus
2631 3520 2812 3574 dilexit
2830 3537 2923 3574 nos
2963 3523 3008 3575 ².
3068 3524 3136 3576 lit
3182 3522 3330 3578 Pauli
3362 3525 3585 3580 fuerunt

2013 3606 2318 3661 imitatores
2368 3609 2547 3673 multi,
2610 3611 2752 3666 sicut
2803 3619 2857 3664 et
2900 3612 2994 3666 ille
3043 3615 3270 3669 Christi.
3332 3618 3582 3671 Attamen

2014 3714 2202 3754 eorum
2232 3698 2412 3754 nullus
2450 3716 2627 3769 neque
2651 3701 2908 3766 Verbum,
2943 3719 3046 3758 nec
3081 3705 3392 3775 unigenitus
3418 3708 3585 3763 Filius

2013 3805 2113 3844 nec
2135 3790 2311 3859 imago
2340 3801 2445 3845 est.
2470 3790 2657 3860 Neque
2676 3794 2889 3847 illorum
2907 3794 3045 3848 ullus
3068 3812 3232 3853 ausus
3248 3808 3332 3853 est
3361 3802 3540 3854 dicere
3567 3819 3581 3854 :

332 3919 468 3970 ρος,
518 3903 553 3954 ό
613 3901 761 3968 πρωί
804 3899 1185 3964 ἁνατέλλων;
1225 3899 1348 3961 Πῶς
1376 3895 1470 3950 οὖν
1514 3897 1680 3950 ὄντων
1710 3896 1912 3950 τούτων

2018 3881 2126 3952 Ego
2177 3892 2226 3936 et
2271 3883 2435 3937 Pater
2480 3896 2643 3937 unum
2684 3900 2894 3948 sumus;
2921 3895 3032 3950 aut,
3063 3886 3172 3957 Ego
3210 3890 3265 3941 in
3308 3890 3490 3957 Patre,
3536 3902 3584 3945 et

337 3992 508 4060 οὕτω,
534 3993 694 4062 μόνος
721 3994 749 4045 6
779 3992 903 4056 Υἱὸς
932 3993 1245 4061 μονογενὴς,
1271 3992 1364 4042 καὶ
1388 3990 1578 4056 Λόγος,
1606 3990 1697 4041 καὶ
1751 3986 1912 4057 σοφία

340 4089 528 4153 ἑστίη
562 4087 632 4139 Ἢ
660 4086 774 4147 πῶς
797 4085 1066 4138 τοσούτων
1087 4083 1259 4137 ὅντων
1279 4082 1481 4153 ὁμοίων
1502 4082 1579 4153 τῷ
1597 4081 1789 4151 [la-cpt.
1818 4081 1914 4150 μό-

337 4196 428 4242 νος
458 4176 616 4239 οὗτος
648 4177 811 4230 εἰκῶν
866 4178 1018 4243 iam;
1063 4177 1171 4229 Kal
1207 4176 1315 4244 γὰρ
1347 4175 1441 4227 καὶ
1494 4176 1555 4226 ὲν
1607 4173 1912 4244 ἀνθρώποις

337 4273 732 4342 εὑρεθήσονται
761 4269 1037 4338 ὅμοιοιτῷ
1068 4269 1262 4339 Πατρὶ,
1291 4268 1534 4319 πλεῖστοι
1569 4264 1668 4335 μὲν
1701 4266 1911 4335 μάρτυς

342 4382 434 4435 ρες
464 4365 774 4431 γενόμενοι,
827 4363 922 4415 καὶ
973 4359 1080 4430 πρὸ
1118 4361 1296 4413 αὐτῶν
1326 4361 1377 4412 οί
1409 4358 1706 4429 προφῆται,
1740 4358 1835 4411 καὶ
1861 4360 1910 4415 ot

2012 3974 2177 4029 Pater
2201 3975 2252 4028 in
2284 3990 2386 4029 me.
2420 3974 2526 4029 Sed
2551 3978 2617 4028 tlc
2653 3976 2737 4029 his
2755 3976 3014 4030 omnibus
3043 3979 3246 4032 dictum
3291 3990 3373 4034 est
3410 3999 3424 4035 :
3458 3984 3583 4047 Quis

2012 4067 2200 4124 similis
2224 4068 2315 4122 tibi
2350 4068 2403 4120 in
2443 4068 2566 4131 diis,
2595 4067 2859 4123 Domine?
2907 4071 3009 4121 Aut
3037 4071 3151 4138 quis
3189 4076 3583 4139 comparabitur

2014 4162 2106 4217 tibi
2133 4163 2188 4215 in
2215 4160 2343 4230 ﬁliis
2372 4160 2470 4214 Dei
2517 4160 2559 4215 ³.
2597 4158 2671 4215 De
2707 4161 2823 4229 ipso
2846 4170 3050 4228 autem,
3083 4163 3232 4217 solus
3261 4163 3435 4236 imago
3459 4183 3583 4222 vera

2012 4263 2068 4311 et
2112 4253 2375 4308 naturalis
2420 4264 2502 4308 est
2539 4251 2732 4306 Patris.
2783 4251 2936 4307 Licet
2988 4255 3135 4307 enim
3178 4256 3244 4310 ad
3291 4256 3579 4327 imaginem

2012 4345 2142 4399 laeti
2186 4344 2358 4398 simus
2389 4356 2441 4396 et
2473 4344 2649 4411 imago
2687 4353 2743 4396 et
2791 4345 2961 4411 gloria
2999 4344 3091 4399 Dei
3141 4361 3416 4411 vocemur,
3470 4367 3579 4408 non

338 4425 656 4516 ἀπῶτολοι,
697 4425 790 4504 καὶ
844 4425 1146 4520 πάλιν-πρὸ
1200 4446 1407 4502 τούτιον
1445 4425 1497 4500 οἰ
1534 4425 1905 4519 ⁷ιιιοιτριοὶρχαιο

2018 4446 2194 4489 tamen
2240 4445 2455 4503 propter
2501 4449 2618 4499 nos,
2667 4434 2762 4491 sed
2810 4444 3035 4505 prepter
3077 4437 3472 4493 inhabitantem
3523 4444 3580 4497 in

340 4544 531 4597 πολλοὶ
557 4543 616 4595 δὲ
643 4542 738 4594 καὶ
760 4542 854 4596 νῦν
879 4540 1152 4611 ἐφύλαξαν
1176 4542 1272 4607 τὴν
1305 4539 1398 4593 τοῦ
1432 4538 1636 4608 Πατρὺς
1669 4540 1909 4610 ἐντολὴν,

337 4641 629 4705 γενόμενοι
658 4636 1023 4703 οἰκτίρμονες,
1079 4636 1153 4695 ὡς
1190 4633 1218 4684 6
1259 4629 1448 4702 Πατὴρ
1482 4630 1685 4701 ὴμῶνό
1717 4634 1774 4684 ἐν
1804 4634 1914 4693 τοῖς

337 4725 613 4797 οὐρανοῖς,
644 4724 982 4794 τηρήσαντες
1010 4723 1097 4775 τόσ
1128 4723 1383 4776 Γίνεσθε
1413 4717 1780 4790 οὗνμιμηταί
1804 4719 1913 4775 τοῦ

338 4819 493 4874 Θεοῦ
513 4818 598 4883 ὡς
625 4815 808 4871 τέκνα
836 4815 1128 4883 ἀγαπητὰ,
1155 4816 1255 4868 καὶ
1287 4812 1659 4882 περιπατεῖτε
1678 4814 1747 4866 ἐν
1772 4812 1915 4880 ard.

337 4929 449 4979 πῃ,
475 4910 672 4976 καθὼς
698 4913 730 4965 d
758 4909 1011 4978 Xpta'roc
1038 4907 1354 4977 ἠγάπησεν
1372 4906 1549 4977 ὑμᾶς.
1586 4904 1835 4975 Μιμηταί
1850 4904 1908 4959 δὲ

335 5004 602 5074 γεγόνασι
629 5004 724 5056 καὶ
762 5002 856 5054 τοῦ
914 5000 1129 5055 Παύλου
1179 4998 1386 5063 πολλοὶ,
1431 4997 1507 5061 ὡς
1532 4998 1782 5059 κάκεῖνος
1813 4993 1907 5049 τοῦ

337 5096 608 5166 Χριστοῦ,
659 5096 752 5149 καὶ
793 5095 941 5164 ὅμως
970 5092 1146 5155 οὐδεὶς
1187 5091 1393 5145 τούτων
1422 5088 1545 5143 οὔτε
1569 5090 1761 5157 Λόγος,
1785 5085 1906 5141 οὔτε

339 5191 526 5259 σοφία,
551 5186 676 5241 οὔτε
702 5184 994 5257 μονογενὴς
1037 5184 1181 5247 Υἱὸς,
1230 5181 1355 5234 οὔτε
1395 5181 1555 5234 εἰκών
1579 5183 1749 5243 ἐστιν,
1781 5178 1905 5232 οὔτε

339 5299 426 5344 τις
453 5278 659 5333 τούτων
695 5278 1076 5345 ἀπετόλμησεν
1123 5275 1299 5327 εἰπεῖν
1321 5289 1336 5303 ·
1367 5271 1509 5340 Ἐγὼ
1538 5277 1633 5325 καὶ
1656 5276 1683 5325 6
1716 5270 1905 5341 Πατὴρ

334 5372 401 5428 ἓν
441 5373 647 5440 ἐσμεν,
686 5368 720 5440 ἢ
778 5366 925 5435 Ἐγὼ
964 5369 1024 5420 ἐν
1072 5368 1150 5437 τῷ
1196 5365 1391 5436 Πατρὶ,
1438 5365 1533 5416 καὶ
1558 5368 1587 5417 6
1637 5362 1823 5432 Πατὴρ
1849 5364 1908 5414 ἐν

337 5461 487 5532 ἐμοί.
528 5457 693 5515 ’Λλλά
728 5459 858 5529 περὶ
913 5457 1011 5528 μὲν
1037 5458 1262 5510 πάντων
1310 5457 1546 5525 εἴρηται,
1592 5454 1688 5517 Τίς
1723 5454 1910 5521 ὅμοιός

338 5569 424 5607 σοι
455 5556 514 5615 ἐν
540 5550 705 5618 θεοῖς,
733 5549 933 5621 Κύριος
965 5550 999 5621 ἢ
1026 5550 1106 5614 τίς
1150 5549 1543 5622 ὁμοιωθήσεται
1590 5563 1673 5600 σοι
1698 5547 1755 5599 ὲν
1775 5546 1910 5608 υἱοῖς

2015 4528 2175 4582 nobis
2207 4526 2520 4596 imaginem,
2552 4536 2608 4579 et
2660 4542 2843 4581 veram
2892 4526 3123 4596 gloriam
3174 4528 3289 4592 Dei,
3315 4546 3434 4599 quae
3487 4532 3578 4587 Dei

2024 4617 2263 4671 Verbum
2290 4627 2395 4675 est,
2426 4616 2572 4684 quod
2627 4625 2847 4684 propter
2901 4632 3006 4672 nos
3052 4617 3253 4675 factum
3299 4627 3383 4673 est
3431 4637 3578 4686 caro,

2017 4709 2176 4777 huius
2203 4708 2441 4761 nominis
2471 4708 2697 4776 gratiam
2758 4710 3088 4777 accepimus.
3136 4709 3370 4765 NeceSse
3398 4724 3578 4765 autem

2017 4811 2119 4865 est,
2148 4809 2205 4854 ut
2228 4800 2528 4855 similitudo
2553 4809 2610 4855 et
2631 4800 2808 4855 unitas
2833 4802 2899 4856 ad
2928 4803 3101 4871 ipsam
3132 4801 3253 4855 Filii
3286 4813 3574 4856 essentam

2018 4895 2204 4947 ducat.
2234 4892 2390 4960 Quod
2438 4893 2544 4949 nisi
2598 4894 2711 4954 ﬁat,
2783 4893 2921 4947 nihil
2974 4893 3226 4961 amplius,
3271 4908 3432 4961 quam
3491 4909 3578 4948 rrs

2014 4995 2333 5052 procreatae,
2365 4992 2424 5038 ut
2445 4984 2649 5038 dictum
2691 4993 2795 5046 est,
2836 4984 3034 5044 habere
3063 4983 3356 5048 videbitur,
3404 4998 3576 5051 neque

2013 5074 2156 5128 Patri
2182 5078 2288 5128 erit
2305 5075 2519 5138 similis,
2543 5074 2637 5128 sed
2663 5073 2855 5128 similis
2872 5075 2974 5128 erit
3009 5073 3353 5138 decretorum
3383 5073 3572 5132 Patris,

2012 5183 2043 5222 ο
2075 5168 2231 5223 Patre
2259 5181 2438 5222 autem
2473 5167 2675 5233 differt,
2703 5170 2828 5237 quia
2861 5168 3020 5223 Pater
3040 5168 3258 5237 quidem
3289 5176 3373 5223 est
3394 5167 3574 5230 Pater,

2008 5260 2227 5315 decreta
2256 5269 2435 5312 autem
2469 5270 2524 5312 et
2573 5260 2821 5313 doctrina
2871 5268 2999 5313 sunt
3050 5258 3247 5313 Patris.
3298 5260 3476 5325 Quare
3529 5264 3573 5314 si

1961 5389 1966 5395 .
2009 5359 2272 5420 quantum
2299 5349 2366 5405 ad
2394 5350 2646 5405 instituta
2670 5350 3085 5419 doctrinamque
3117 5352 3356 5418 pertinet
3381 5350 3576 5405 similis

2010 5451 2095 5496 est
2124 5440 2266 5493 Patri
2305 5439 2493 5504 Filius,
2523 5440 2788 5509 sequitur,
2818 5449 2879 5494 ut
2901 5441 3122 5494 nomine
3168 5447 3375 5494 tantum
3414 5440 3578 5495 Pater

2011 5531 2103 5599 sit,
2136 5530 2305 5586 Filius
2336 5538 2521 5587 autem
2551 5545 2662 5586 non
2699 5531 2858 5586 modo
2914 5544 3064 5594 vera,
3094 5538 3151 5586 et
3191 5540 3344 5587 certa
3396 5529 3577 5589 Patris

416 5695 428 5724 ⁸
461 5692 479 5746 l
516 5706 568 5745 a.
603 5705 713 5758 ιιν,
747 5688 832 5744 12.
908 5691 931 5722 ²
957 5689 1151 5761 Epiros.
1187 5705 1234 5755 ν,
1282 5692 1326 5755 t,
1355 5689 1409 5742 ἓ.
1490 5688 1509 5718 ³
1540 5687 1682 5741 Psal.
1715 5702 1980 5752 Lxxxvtn,
2010 5686 2057 5740 7.
