4008 6208
494 322 596 388 415

1744 314 2125 378 EUTllYMIl
2165 312 2523 374 ZIGABENI

3635 308 3736 369 4ίό

496 434 671 500 imago
725 446 832 484 non
882 430 976 494 sit,
1017 430 1108 484 sed
1138 444 1205 483 nc
1258 426 1641 496 proprietatem
1696 422 1912 491 quidem
1968 430 2063 475 aut

2167 419 2300 473 Θεοῦ
2325 436 2340 486 ;
2365 419 2495 489 περὶ
2529 415 2587 470 δέ
2620 413 2808 481 αὐτοῦ,
2855 414 2938 469 ὅτι
2964 414 3123 483 μόνος
3165 411 3330 466 εἰκὼν
3358 412 3608 484 ἀληθινὴ,
3643 418 3739 469 καὶ

495 523 903 577 similitudinem
932 521 1106 574 Patris
1142 518 1304 571 ullam
1362 516 1563 569 habere
1613 513 1879 567 videatur.
1933 511 2063 577 Qua:

496 615 639 668 enim
685 614 779 673 illi,
830 612 873 666 si
917 608 1314 664 commutabilis
1363 618 1465 667 est,
1504 622 1626 661 cum
1656 605 1814 660 Patre
1868 605 2063 659 simili-

500 704 666 756 tudo?
694 702 755 754 Et
785 700 983 752 Paulus
1009 699 1235 753 docebat
1266 712 1452 751 eorum
1480 698 1697 760 similia,
1721 712 1840 765 qua:
1865 697 2065 750 docue-

501 804 583 847 iat
624 793 894 851 Servator,
938 804 1036 842 nec
1078 797 1258 842 tamen
1321 790 1371 843 ei
1416 788 1608 842 similis
1653 800 1769 840 erat
1808 788 2062 841 essentia.

500 884 775 952 Ejusmodi
815 891 941 935 sunt
993 881 1219 933 istorum
1261 896 1439 949 nugte.
1502 882 1569 933 At
1598 880 1765 932 Filius
1796 890 1848 933 et
1900 878 2062 932 Pater

496 990 523 1028 s
545 990 573 1027 c
604 988 769 1025 unum
798 981 943 1036 sunt,
975 980 1033 1024 ut
1064 970 1257 1023 F.lium
1289 985 1409 1023 cum
1435 969 1607 1031 Patre,
1636 978 1691 1021 et
1712 969 2059 1038 splendorem

495 1079 616 1117 cum
646 1062 760 1117 sole
792 1079 959 1115 unum
1004 1077 1126 1115 esse
1174 1060 1572 1130 cognoscimus.
1618 1058 1690 1111 Ex
1724 1076 1830 1127 quo
1882 1058 1958 1115 lit.
2007 1068 2066 1111 ut

495 1162 687 1222 agente
732 1152 871 1205 Filio
900 1151 1061 1205 Pater
1094 1161 1236 1221 agat,
1271 1163 1323 1205 et
1356 1151 1604 1203 veniente
1656 1150 1793 1203 Filio
1832 1153 1895 1202 ad
1944 1164 2066 1202 san-

496 1256 635 1309 ctos,
679 1244 837 1297 Pater
874 1245 926 1297 in
958 1245 1096 1297 Filio
1136 1246 1338 1297 veniat.
1387 1244 1620 1331 Imagi’ne
1649 1244 1791 1295 enim
1824 1242 2065 1295 cernitur

494 1334 676 1398 Pater,
700 1346 754 1386 et
786 1333 836 1386 in
864 1333 1151 1401 splendore
1176 1334 1265 1386 lux
1290 1342 1396 1387 est.
1428 1330 1792 1405 Quapmptcr,
1813 1337 1871 1382 ut
1902 1330 2063 1399 paulo

494 1433 622 1478 ante
645 1424 902 1485 diximus,
934 1422 1091 1475 Patre
1146 1425 1369 1491 gratiam
1416 1431 1468 1475 et
1527 1436 1713 1490 pacem
1778 1422 2062 1490 largiente,

492 1532 613 1567 eam
646 1516 868 1584 largitur
905 1514 1095 1579 Filius,
1123 1524 1180 1567 ut
1224 1515 1424 1567 Paulus
1452 1514 1503 1565 in
1538 1513 1789 1566 omnibus
1811 1511 2063 1580 Epistolis

494 1607 609 1659 suis
654 1606 924 1675 significat
971 1622 983 1657 :
1023 1605 1209 1658 Cratza
1272 1606 1433 1667 vobis,
1477 1603 1751 1670 inquiens,
1796 1612 1845 1655 et
1897 1616 2060 1669 paxa

494 1697 602 1749 Dro
643 1696 807 1749 Patre
856 1709 1029 1749 nostro
1076 1706 1121 1748 et
1161 1696 1382 1747 Domino
1430 1694 1558 1747 Jcsu
1607 1692 1810 1747 Christo
1842 1692 1882 1745 ¹.
1942 1691 2060 1746 Una

494 1786 642 1837 enim
677 1796 731 1838 ct
759 1785 945 1839 eadem
986 1795 1068 1838 est
1101 1785 1268 1852 gratia
1302 1800 1331 1836 a
1364 1782 1521 1835 Patre
1566 1784 1617 1835 in
1658 1783 1817 1845 Filio,
1846 1792 1905 1835 ut
1955 1798 2059 1835 una
2094 1760 2134 1815 Β

497 1876 587 1929 lux
616 1886 699 1929 est
733 1877 864 1928 solis
893 1885 945 1929 et
981 1876 1301 1949 splen_dnris.
1336 1875 1573 1928 Rursum
1605 1874 1668 1928 ad
1704 1873 2058 1928 Thessaloni-

497 1981 691 2019 censes
725 1966 992 2023 scribens.
1038 1976 1290 2034 precatur
1337 1981 1351 2018 :
1406 1966 1541 2034 Ipse,
1592 1964 1868 2030 inquiens,
1924 1964 2059 2016 Deus

495 2066 689 2118 noster,
736 2066 783 2109 et
842 2055 1090 2109 Dominus
1150 2065 1321 2109 uoster
1368 2055 1517 2108 Jesus
1567 2055 1804 2108 Christus
1871 2055 2062 2118 dirigat

493 2154 633 2204 viam
662 2159 893 2203 nostram
922 2151 991 2203 ad
1027 2167 1111 2203 vos
1140 2150 1186 2205 '.
1223 2149 1280 2202 In
1310 2164 1417 2217 quo
1455 2146 1671 2215 quidem
1725 2146 1843 2198 loco
1892 2144 2067 2197 anim-

490 2244 885 2297 advertendum
969 2251 1076 2307 cst,
1144 2242 1319 2311 ipsum
1376 2254 1481 2293 non
1530 2239 1709 2291 dicere
1747 2253 1761 2289 :
1798 2236 2063 2304 Dirigant,

492 2332 613 2397 sed,
681 2332 914 2401 Dirigat,
958 2340 1017 2385 ut
1047 2346 1155 2383 non
1181 2339 1433 2398 tanquam
1477 2345 1503 2379 a
1533 2328 1746 2381 duobus
1791 2326 2059 2395 duplicem

492 2425 743 2493 gratiam,
793 2424 887 2477 sed
944 2432 1001 2476 ut
1045 2426 1114 2476 ab
1160 2437 1269 2475 uno
1312 2420 1539 2488 gratiam
1601 2433 1761 2472 unam
1806 2417 1924 2471 dari
1962 2416 2061 2469 di:-

493 2526 780 2572 monstret.
840 2517 1109 2592 Quoniam
1168 2513 1329 2567 Pater
1376 2512 1518 2565 illam
1565 2526 1663 2579 per
1708 2509 1900 2563 Filium
1946 2508 2059 2565 dat.

2167 515 2326 578 φύσει
2345 510 2439 563 τοῦ
2478 511 2693 577 Πατρός
2721 508 2890 561 ἐστιν.
2924 506 2984 559 El
3018 507 3128 577 γὰρ
3157 506 3252 559 καὶ
3279 508 3400 557 κατ’
3431 506 3616 561 είκόνα
3643 524 3737 574 γεο

2166 601 2421 671 γόναμεν,
2451 602 2546 653 καὶ
2569 598 2755 663 εἰκὼν,
2785 598 2881 650 καὶ
2920 597 3047 663 δόξα
3077 597 3211 650 Θεοῦ
3257 597 3731 667 ἐχρηματίσαμεν,

2164 693 2281 745 ἀλλ’
2320 692 2378 744 οὐ
2415 692 2480 744 δι’
2511 691 2739 753 ἑαυτοὺς
2790 689 2974 754 πάλιν,
3030 688 3120 740 διὰ
3145 689 3201 740 δὲ
3249 688 3349 757 τὴν
3377 689 3739 759 ἐνοικήσασαν

2164 783 2296 851 ἡμῖν
2334 782 2538 843 είκόνα,
2586 782 2678 833 καὶ
2716 779 2891 849 ἀληθῆ
2922 779 3079 843 δόξαν
3123 780 3215 831 τοῦ
3243 778 3400 841 Θεοῦ,
3433 780 3557 849 ἥτις
3591 778 3738 832 ἐστὶν

2164 873 2192 923 6
2231 871 2400 938 Λόγος
2437 870 2532 923 τοῦ
2576 868 2743 935 Θεοῦ,
2790 869 2909 920 δδι’
2964 870 3111 936 ἡμᾶς
3163 866 3392 934 ὕστερον
3443 868 3739 935 γενόμενος

2168 960 2327 1029 σὰρξ,
2356 958 2561 1027 ταύτην
2589 961 2691 1029 τῆς
2713 959 2956 1028 κλήσεως
2981 957 3176 1026 ἔχομεν
3198 956 3295 1026 τὴν
3328 958 3512 1027 χάριν.
3544 958 3740 1024 ’Δνάγ-

2167 1070 2235 1120 κη
2269 1052 2325 1104 δὲ
2377 1051 2475 1121 τὴν
2496 1050 2759 1119 ὁμοίωσιν
2804 1050 2898 1104 καὶ
2931 1050 3027 1120 τὴν
3055 1051 3283 1118 ἑνότητα
3314 1052 3403 1102 ἐπ’
3434 1050 3606 1121 αὐτὴν
3637 1050 3736 1121 τὴν

2165 1141 2354 1194 οὐσίαν
2377 1140 2469 1193 τοῦ
2503 1139 2634 1193 Υίοῦ
2672 1140 2883 1210 φέρειν.
2932 1142 2991 1193 Εἰ
3018 1140 3125 1209 γάρ
3162 1141 3237 1209 μὴ
3264 1140 3407 1193 οῦτω
3447 1157 3532 1203 τις
3558 1141 3730 1207 λέγει,

2166 1231 2287 1284 οὔτε
2314 1231 2472 1284 πλέον
2490 1249 2543 1284 τι
2581 1232 2690 1284 τῶν
2738 1231 2978 1297 γενητῶν
3021 1231 3160 1301 ἔχων
3188 1231 3510 1299 φανήσεται,
3543 1229 3734 1299 ὥσπερ

2167 1324 2403 1392 εἴρηται,
2434 1321 2555 1375 οὔτε
2578 1321 2670 1374 τοῦ
2702 1321 2913 1391 Πατρὸς
2935 1323 3118 1391 ὅμοιος
3137 1320 3313 1383 ἔσται,
3337 1320 3475 1375 ἀλλὰ
3501 1321 3612 1373 τῶν
3634 1321 3731 1372 τοῦ

2166 1413 2379 1480 Πατρδς
2412 1412 2595 1480 ὅμοιος
2626 1410 2779 1463 ἔσται
2807 1411 3114 1480 δογμάτων,
3150 1411 3244 1464 καὶ
3267 1410 3360 1464 τοῦ
3392 1411 3602 1479 Πατρδς
3621 1409 3741 1462 δια-

2167 1505 2344 1573 φέρει.
2381 1502 2501 1555 Ὀτι
2539 1502 2637 1571 μὲν
2673 1502 2859 1572 Πατὴρ
2890 1504 3078 1572 Πατήρ
3111 1504 3251 1567 ἐστι,
3278 1503 3345 1554 τά
3383 1502 3440 1554 δὲ
3468 1502 3739 1572 δόγματα,

2166 1596 2261 1646 καὶ
2286 1595 2318 1664 ἡ
2341 1594 2657 1647 διδασκαλία
2689 1592 2785 1646 τοῦ
2820 1594 3032 1663 Πατρός
3081 1595 3247 1646 ἐστιν.
3274 1595 3335 1646 Ei
3369 1592 3549 1646 τοίνυν
3597 1594 3740 1646 κατά

2167 1684 2236 1735 τὰ
2262 1683 2509 1750 δόγματα
2561 1684 2656 1736 καὶ
2684 1684 2784 1751 τὴν
2813 1682 3161 1737 διδασκαλίαν
3180 1682 3366 1751 ὅμοιός
3389 1684 3536 1736 ἐστιν
3562 1684 3589 1735 6
3613 1682 3740 1745 Υίδς

2163 1776 2257 1829 τοῦ
2296 1776 2527 1845 Πατρδς,
2552 1777 2579 1827 6
2611 1774 2711 1845 μὲν
2746 1775 2937 1843 Πατὴρ
2972 1774 3093 1827 κατ’
3120 1775 3318 1837 αὐτοὺς
3368 1775 3591 1845 ὀνόματι
3623 1777 3739 1828 Πα-

2164 1868 2267 1935 τήρ
2294 1867 2465 1928 ἐστιν,
2500 1867 2527 1917 6
2553 1865 2611 1918 δὲ
2640 1864 2768 1927 Υἱὸς
2792 1868 2894 1918 οῦκ
2920 1864 3339 1932 ἀπαράλλακτος
3371 1865 3557 1927 είκὼν,
3592 1866 3734 1934 μᾶλα

2166 1957 2255 2008 λον
2285 1956 2341 2007 δὲ
2400 1954 2523 2008 οὐδὲ
2554 1954 2692 2016 ὅλως
2724 1954 2982 2026 ίδιότητα,
3015 1954 3325 2024 ἢόμοίωσίν
3350 1973 3469 2007 τινα
3509 1954 3606 2006 τοῦ
3632 1956 3744 2008 Πα-

2166 2046 2292 2114 τρδς
2322 2045 2461 2115 ἔχων
2488 2045 2813 2114 φανήσεται.
2846 2045 2983 2097 Ποία
3002 2046 3111 2113 γάρ
3134 2046 3391 2113 ὁμοίωσις
3420 2045 3513 2097 καὶ
3538 2044 3741 2115 ἰδιότης

2172 2137 2250 2207 τῷ
2277 2137 2783 2208 παρεξηλλαγμένῳ
2815 2134 2909 2188 τοῦ
2952 2136 3162 2206 Πατρός
3190 2153 3204 2201 ;
3252 2139 3365 2191 Kal
3392 2138 3501 2206 γὰρ
3530 2137 3558 2188 6
3594 2136 3737 2189 Παῦ-

2169 2230 2259 2292 λος
2288 2231 2450 2298 ὃμοια
2480 2228 2557 2299 τῷ
2593 2227 2771 2297 Πατρὶ
2802 2227 3088 2290 διδάσκων,
3142 2228 3241 2279 οὐκ
3294 2224 3361 2297 ἦν
3396 2227 3516 2280 κατ’
3553 2227 3741 2281 οὐσίαν

2166 2322 2348 2390 ὅμοιος
2379 2321 2548 2390 αὐτῷ.
2592 2321 2819 2373 Ἐκεῖνοι
2862 2320 2961 2389 μὲν
2991 2315 3086 2374 οῦν
3116 2320 3339 2372 τοιαῦτα
3369 2319 3703 2388 φλυαροῦσιν
3722 2335 3735 2349 ’

2166 2413 2193 2463 6
2217 2411 2272 2463 δὲ
2301 2412 2424 2473 Υἱὸς
2455 2413 2547 2463 καὶ
2572 2411 2600 2462 6
2644 2411 2834 2481 Πατὴρ
2858 2409 3031 2474 οὕτως
3070 2410 3211 2463 εἰσιν
3234 2409 3312 2474 ἓν,
3331 2410 3406 2472 ὼς
3430 2410 3573 2462 ἔστιν
3594 2410 3741 2471 ἰδεῖν,

2168 2503 2264 2556 καὶ
2314 2504 2453 2555 νοεῖν
2492 2502 2617 2555 Υίὺν
2664 2502 2801 2569 πρὸς
2836 2502 3083 2571 Πατέρα,
3135 2502 3228 2555 καὶ
3280 2501 3342 2554 τὸ
3397 2501 3741 2569 ἀπαύγασμα

2168 2595 2304 2664 πρὸς
2356 2595 2445 2646 τὸν
2494 2594 2666 2663 ἡλιον.
2724 2594 2821 2647 Διά
2854 2595 2962 2663 γὰρ
2990 2595 3050 2646 τὸ
3080 2592 3251 2657 οὕτως
3282 2610 3420 2646 ειναι
3467 2593 3560 2645 τὸν
3592 2592 3741 2673 Υίὸν9

493 2607 627 2671 Quae
665 2609 824 2676 plane
857 2622 943 2661 res
968 2604 1143 2659 Patris
1178 2613 1231 2657 et
1264 2603 1384 2657 Filii
1420 2603 1623 2655 indicat
1669 2601 1955 2654 unitatem.

493 2698 858 2768 ἐργαζομένου
888 2695 983 2750 τοῦ
1019 2696 1172 2758 Υίοῦ,
1213 2698 1240 2748 6
1273 2693 1456 2764 Πατὴρ
1493 2690 1828 2761 ἐργάζεται,
1862 2690 1957 2743 καὶ
2002 2686 2297 2757 ἐρχομένου
2336 2685 2429 2738 τοῦ
2499 2684 2630 2739 Υίοῦ
2669 2687 2807 2757 πρὸς
2847 2686 2973 2750 τοὺς
3028 2686 3241 2755 ἁγίους,
3282 2684 3309 2736 6
3341 2683 3532 2754 Πατὴρ
3597 2684 3744 2737 ἐστιν

493 2794 521 2842 6
552 2790 841 2859 ἐρχόμενος
864 2791 922 2840 ἐν
943 2787 1021 2857 τῷ
1044 2787 1179 2853 Υῑῷ.
1213 2787 1302 2838 Ἑν
1326 2786 1434 2855 γάρ
1477 2787 1542 2853 τῇ
1583 2786 1753 2835 εἰκόνι
1780 2782 2065 2851 θεωρεῖται
2102 2778 2132 2829 6
2202 2776 2412 2847 Πατὴρ,
2444 2777 2539 2831 καὶ
2586 2780 2644 2832 ἐν
2665 2777 2741 2848 τῷ
2785 2776 3185 2846 ἀπαυγάσματί
3231 2776 3347 2830 ἐστι
3389 2775 3451 2828 τὸ
3483 2774 3621 2844 φῶς.
3643 2776 3746 2827 Διά

492 2882 675 2946 τοῦτο,
701 2882 841 2933 καθὰ
880 2880 1062 2950 μικρῷ
1100 2880 1329 2950 πρόσθεν
1380 2879 1628 2948 εἷπομεν,
1689 2876 1921 2938 διδόντος
1970 2873 2062 2927 τοῦ
2102 2873 2315 2944 Πατρὸς
2380 2873 2542 2943 χάριν
2573 2874 2669 2927 καὶ
2718 2874 2961 2944 εἰρήνην,
3030 2871 3236 2943 ταύτην
3265 2873 3293 2926 6
3345 2871 3471 2934 Υίδς
3502 2870 3744 2935 δίδωσιν,

492 2970 569 3031 ὡς
604 2971 632 3021 6
666 2968 872 3029 Παῦλος
912 2966 1336 3037 ἐπισημαίνεται
1392 2966 1479 3017 διὰ
1539 2964 1718 3031 πάσης
1773 2963 2063 3032 ἐπιστολῆς
2119 2962 2370 3033 γράφων,
2426 2962 2608 3031 Χάρις
2666 2964 2810 3033 ὑμῖν
2858 2964 2958 3018 καί
3032 2965 3240 3032 είρήνη
3278 2962 3396 3017 ἀπὸ
3429 2963 3578 3017 Θεοῦ
3620 2967 3744 3017 Ha-

496 3063 635 3129 τρὸς
669 3058 858 3128 ἡμῶν,
925 3059 1025 3112 καί
1058 3058 1278 3125 Κυρίου
1314 3056 1520 3124 Ἰησοῦ
1558 3054 1837 3123 Χριστοῦ.
1863 3054 1977 3107 Μία
2034 3054 2141 3125 γὰρ
2174 3055 2327 3126 καὶὴ
2382 3056 2521 3126 αὺτὴ
2574 3057 2736 3127 χάρις
2781 3056 2901 3109 ἐστὶ
2953 3056 3107 3126 παρὰ
3140 3056 3351 3124 Πατρδς
3383 3057 3440 3108 ἐν
3495 3055 3632 3125 Υιῷ,
3658 3056 3736 3110 ὼ;

494 3154 642 3205 ἔστιν
668 3151 727 3205 ἓν
760 3152 819 3205 τὸ
850 3151 965 3220 φῶς
989 3151 1082 3203 τοῦ
1139 3152 1315 3219 ἡλίου,
1366 3148 1581 3202 καὶτοῦ
1637 3147 2092 3215 άπαυγάσματος.
2136 3149 2303 3202 Πάλιν
2344 3146 2435 3204 οῦν
2497 3149 2861 3219 ἐπευχόμενος
2902 3149 3360 3202 Θεσσαλονικεῦσι
3404 3147 3498 3202 καὶ
3543 3147 3739 3215 λέγων·

492 3248 687 3311 Αὐτὸς
714 3247 781 3299 δὲ
810 3251 841 3300 ό
872 3247 1017 3312 Θεὸς
1055 3246 1154 3299 καί
1199 3245 1402 3313 Πατὴρ
1453 3243 1622 3313 ἡμῶν
1681 3241 1782 3295 καί
1842 3244 1874 3296 d
1922 3243 2138 3310 Κύριος
2172 3245 2340 3312 ἡμῶν
2408 3245 2647 3313 Ἰησοῦς
2671 3244 2925 3312 Χριστὸς
2978 3244 3404 3297 κατευθύναιεν
3434 3242 3547 3309 τὴν
3600 3241 3748 3295 εδδ-ν

495 3340 665 3410 ἡμῶν
702 3342 853 3409 πρὸς
878 3341 1055 3411 ὑμᾶς,
1095 3342 1195 3411 τὴν
1224 3340 1448 3408 ἑνότητα
1470 3337 1564 3391 τοῦ
1595 3337 1807 3407 Πατρδς
1836 3337 1932 3389 καὶ
1971 3337 2064 3390 τοῦ
2105 3339 2235 3392 Υίοῦ
2270 3340 2552 3409 ἐφύλαξεν.
2586 3338 2660 3393 Οὐ
2718 3338 2825 3408 γὰρ
2856 3334 2978 3391 εἷπε
3043 3336 3452 3397 κατευθύναιεν,
3477 3333 3551 3396 ὡς
3589 3335 3746 3402 παρὰ

494 3431 586 3486 δύο
607 3432 908 3501 διδομένης,
940 3431 1088 3498 παρὰ
1122 3428 1315 3482 τούτου
1366 3430 1459 3481 καὶ
1485 3426 1677 3481 τούτου
1738 3425 1934 3496 διπλῆς
1992 3426 2237 3497 χάριτος,
2286 3430 2423 3483 ἀλλὰ
2453 3430 2834 3492 κατευθύναι,
2888 3428 2976 3481 ἵνα
3034 3426 3205 3496 δείξῃ,
3247 3426 3328 3479 ὃτι
3368 3426 3395 3477 6
3431 3426 3618 3495 Πατὴρ
3655 3425 3746 3478 διὰ

497 3527 587 3579 τοῦ
618 3524 746 3578 Υἱοῦ
779 3524 959 3576 δίδωτι
982 3522 1205 3590 ταύτην.
1258 3523 1366 3574 Καὶ
1402 3523 1435 3590 ἡ
1475 3522 1621 3583 δόσις
1655 3518 1793 3589 αὕτη
1824 3518 2060 3573 δείκνυσι
2101 3524 2198 3591 τὴν
2228 3525 2458 3594 ἑνότητα
2486 3524 2580 3577 τοῦ
2617 3522 2830 3591 Πατρδς
2860 3523 2951 3575 καὶ
2974 3520 3067 3574 τοῦ
3092 3520 3244 3575 Υίοῦ.

1029 3613 1113 3667 Ea:
1147 3616 1323 3667 eodem
1358 3614 1509 3667 libro.

568 3710 770 3764 Beatus
792 3705 1031 3761 Joannes
1063 3705 1284 3758 brevius
1333 3712 1387 3757 et
1412 3703 1710 3773 perfectius
1750 3720 1909 3775 quam
1947 3721 2067 3771 nos,

504 3804 697 3857 horum
719 3799 1003 3853 verborum
1056 3810 1274 3850 sensum
1328 3795 1659 3865 explanabit,
1706 3804 1763 3850 et
1799 3798 2074 3864 cobibebi;

493 3893 745 3955 Arianos,
784 3905 851 3943 ne
880 3887 1109 3957 amplius
1161 3901 1220 3941 se
1267 3886 1423 3952 tales,
1483 3888 1659 3955 qualis
1721 3898 1806 3941 cst
1859 3888 2029 3943 Filius
2052 3915 2085 3953 ,-

493 3981 804 4049 opinentur.
898 3977 1147 4046 Alioquin
1246 3976 1347 4046 ipsi
1434 3992 1652 4046 quoque
1734 3978 1866 4033 illud
1970 3995 2072 4032 au—

494 4072 690 4125 dient:
733 4069 814 4123 Tu
868 4084 927 4124 es
975 4069 1158 4133 homo,
1205 4076 1261 4123 et
1306 4082 1417 4122 non
1465 4066 1625 4122 Deus.
1659 4066 1725 4121 Et
1751 4069 1887 4133 noli,
1945 4083 2069 4123 cum

494 4176 699 4230 pauper
755 4159 852 4224 sis,
884 4170 1085 4212 tecum
1118 4158 1288 4211 divite
1338 4157 1414 4211 uti
1478 4158 1743 4227 aequalem
1790 4172 2072 4227 compara-

495 4267 577 4306 re.
603 4251 694 4305 Sic
724 4250 888 4319 igitur
927 4249 1164 4304 Joannes
1209 4249 1433 4303 scribit:
1458 4249 1520 4303 In
1566 4250 1659 4303 hoc
1690 4251 2063 4320 ceguoscimus,

494 4343 706 4409 quodin
735 4342 848 4409 ipso
878 4356 1145 4393 manemus
1191 4349 1239 4394 et
1270 4341 1451 4407 ipsein
1484 4341 1653 4405 nobis,
1712 4343 1955 4411 quoniam
2004 4349 2069 4397 de

494 4434 703 4501 Spiritu
724 4447 818 4485 suo
838 4431 980 4484 nobis
999 4432 1136 4484 dedit
1162 4430 1204 4485 ³.
1253 4435 1431 4496 Quare
1455 4440 1675 4501 propter
1695 4433 1919 4501 gratiam
1943 4432 2067 4502 Spi-

495 4524 632 4579 ritus
664 4523 822 4577 nobis
845 4522 1199 4590 impertitam,
1227 4530 1282 4576 et
1310 4537 1410 4576 nos
1448 4524 1500 4576 in
1535 4524 1652 4592 ipso
1707 4539 1990 4578 manemus
2012 4534 2067 4580 et

494 4615 611 4682 ipse
638 4612 693 4666 in
718 4610 898 4666 nobis.
936 4609 1001 4663 Et
1029 4611 1283 4680 quoniam
1333 4610 1569 4679 Spiritus
1632 4611 1725 4665 Dei
1780 4622 1882 4677 est,
1913 4628 1978 4666 eo
2009 4613 2064 4666 in

491 4702 647 4757 nobis
683 4700 998 4763 exsistente,
1035 4714 1136 4754 nos
1171 4700 1298 4753 item
1327 4701 1419 4768 qui
1489 4700 1639 4755 illum
1690 4702 1977 4763 habemus,
2007 4701 2062 4754 in

494 4792 604 4846 Dco
664 4805 784 4845 esse
816 4789 1208 4844 existimamur.
1250 4786 1316 4842 Et
1346 4789 1423 4843 sic
1464 4798 1541 4843 est
1602 4790 1745 4843 Deus
1778 4790 1830 4842 in
1886 4790 2060 4856 nobis,

492 4897 599 4934 non
627 4888 684 4933 ut
699 4890 779 4934 est
808 4880 972 4934 Filius
1002 4879 1054 4933 in
1076 4880 1255 4933 Patre.
1275 4878 1392 4933 Non
1422 4880 1565 4933 enim
1590 4878 1759 4933 Filius
1790 4881 2062 4950 particeps

2097 3621 2144 3677 C

2624 3616 2726 3667 Ἕκ
2752 3614 2858 3668 τοῦ
2891 3612 3076 3668 αὐτοῦ
3107 3612 3318 3673 λόγου.

2262 3708 2319 3758 ‘0
2343 3704 2606 3776 μακάριος
2644 3704 2897 3775 Ἰωάννης
2929 3708 2992 3757 ἐκ
3022 3702 3119 3772 τῆς
3149 3701 3432 3771 ἐπιστολῆς
3462 3702 3520 3755 ὲν
3540 3701 3749 3769 ὀλίγοις

2178 3800 2273 3853 καὶ
2293 3799 2616 3868 τελεώτερον
2661 3798 2863 3868 μᾶλλον
2892 3798 3049 3868 ἡμῶν
3074 3798 3239 3861 δείξει
3267 3796 3377 3851 τῶν
3419 3800 3749 3869 γεγραμμέ-

2177 3907 2283 3944 νων
2323 3891 2413 3943 τὸν
2442 3890 2585 3952 νοῦν,
2638 3891 2732 3942 καὶ
2781 3888 2985 3942 παύσει
3038 3889 3224 3942 λοιπὸν
3261 3891 3387 3952 τοὺς
3423 3889 3747 3959 Ἀρειανοὺς

2160 3984 2375 4052 ,μηκέτι
2420 3982 2662 4051 νομίζειν
2712 3982 2939 4044 ἑαυτοὺς
2982 3982 3198 4034 ἔσεσθαι
3237 3981 3312 4044 ὡς
3340 3982 3432 4034 τὸν
3465 3981 3616 4048 Υίδν,
3651 3983 3748 4037 ἵνα

2176 4073 2252 4143 μὴ
2298 4074 2393 4126 καὶ
2434 4072 2587 4125 αὐτοὶ
2634 4071 2942 4125 ἀκούσωσιο
2976 4070 3060 4125 Σὺ
3091 4067 3149 4125 εἷ
3173 4070 3486 4140 ἅνθρωπος
3525 4073 3625 4126 καὶ
3670 4076 3753 4129 οὺ

2176 4160 2337 4226 Θεὸς,
2362 4160 2459 4214 καί
2476 4160 2562 4229 μὴ
2583 4161 3104 4235 συμπαρεκτείνου
3125 4158 3315 4226 πένης
3333 4159 3418 4213 ὢν
3443 4162 3747 4225 πλουσίῳ.

2172 4253 2377 4324 Γράφει
2433 4253 2613 4306 τοίνυν
2644 4253 2673 4305 6
2713 4253 2965 4323 Ἰωάννης
2992 4252 3137 4306 οὕτω
3169 4251 3343 4319 λέγων
3368 4287 3389 4307 .
3417 4250 3524 4306 Ἐν
3552 4253 3754 4321 τούτῳ

2172 4343 2561 4415 γινώσκομεν,
2594 4343 2682 4398 ὅτι
2703 4344 2775 4398 ἐν
2802 4344 2964 4409 αὐτῷ
3012 4343 3295 4413 μένομεν,
3325 4344 3425 4398 καί
3450 4344 3635 4410 αὐτὸς
3674 4344 3753 4397 ἐν

2170 4434 2335 4504 ἡμῖν,
2363 4434 2451 4487 ὅτι
2481 4434 2551 4487 ἐκ
2576 4434 2683 4489 τοῦ
2712 4435 3059 4503 Πνεύματος
3080 4433 3265 4488 αὐτοῦ
3289 4432 3549 4487 δέδωκεν
3574 4434 3750 4501 ἡμῖν.

2170 4526 2378 4580 Οὐκοῦν
2421 4526 2510 4580 διά
2550 4527 2651 4596 τὴν
2678 4524 2972 4595 δεδομένην
3004 4527 3138 4594 ἡμῖν
3163 4525 3326 4595 χάριν
3354 4524 3449 4577 τοῦ
3490 4525 3756 4594 Πνεύμασ

2168 4628 2257 4674 τος
2291 4615 2450 4682 ἡμεῖς
2469 4630 2528 4667 τε
2557 4615 2616 4666 ὲν
2642 4613 2791 4683 αῦτῷ
2830 4614 3116 4682 γινόμεθα,
3158 4618 3252 4667 καὶ
3283 4614 3446 4676 αὐτὸς
3490 4615 3549 4666 ἐν
3581 4616 3749 4685 ἡμῖν.

2168 4704 2279 4757 Kal
2306 4705 2495 4776 ἐπειδὴ
2532 4706 2594 4758 τὸ
2643 4705 2868 4775 Πνεῦμα
2910 4705 3005 4759 τοῦ
3060 4704 3197 4759 Θεοῦ
3235 4706 3376 4770 ἐστι,
3436 4706 3525 4759 διὰ
3578 4708 3753 4762 τοῦτο

2167 4795 2355 4849 τούτου
2419 4797 2704 4865 γινομένου
2761 4800 2816 4850 ἐν
2870 4798 3024 4867 ἡμῖν,
3079 4796 3306 4861 είκότως
3363 4796 3578 4867 ἔχοντες
3648 4802 3755 4853 καὶ

2166 4888 2328 4956 ἡμεῖς
2364 4887 2426 4939 τὸ
2454 4886 2697 4956 Πνεῦμα,
2728 4887 3064 4957 νομιζόμεθα
3091 4888 3150 4941 ἐν
3173 4888 3251 4955 τῷ
3297 4888 3415 4957 Θεῷ
3452 4888 3750 4954 γενέσθαι.

494 4972 752 5040 Spiritus,
782 4980 839 5023 ut
866 4986 965 5039 per
994 4970 1144 5025 illum
1179 4971 1233 5023 in
1264 4970 1423 5024 Patre
1457 4971 1549 5035 sit,
1596 4986 1773 5039 neque
1805 4973 1921 5041 ipse
1943 4973 2065 5042 Spi-

2170 4978 2279 5030 Καὶ
2301 4976 2472 5041 οὕτως
2500 4979 2653 5032 ἐστὶν
2676 4982 2703 5032 6
2734 4979 2867 5042 Θεὸς
2890 4980 2949 5032 ὲν
2974 4981 3129 5050 ἡμῖν,
3161 4978 3261 5031 οὐκ
3285 4980 3393 5048 ἄρα
3430 4980 3506 5041 ὡς
3534 4980 3689 5032 ἔστιν
3723 4983 3756 5034 6

496 5075 654 5118 ritum
684 5064 902 5131 accipit,
934 5062 1027 5119 sed
1054 5063 1203 5117 illum
1245 5064 1426 5132 potius
1461 5063 1711 5118 omnibus
1755 5063 2060 5132 dilargitur.

490 5151 601 5206 Nec
627 5152 862 5221 Spiritus
884 5150 1163 5221 coniungit
1194 5150 1425 5205 Verbum
1460 5168 1583 5207 cum
1614 5153 1793 5216 Patre,
1824 5153 1917 5207 sed
1947 5153 2061 5222 ipse

492 5243 675 5311 potius
699 5259 729 5295 a
766 5242 942 5297 Verbo
967 5242 1023 5298 id
1053 5243 1271 5312 accipit.
1298 5245 1363 5298 Et
1392 5245 1561 5299 Filius
1592 5246 1807 5314 quidem
1827 5248 1879 5300 in
1901 5246 2060 5300 Patre

490 5340 596 5399 est,
618 5344 676 5388 ut
703 5333 934 5389 Verbum
968 5335 1271 5405 proprium,
1302 5345 1358 5388 et
1404 5336 1657 5400 Splendor
1705 5336 1893 5404 ipsius.
1950 5332 2060 5388 Nos

490 5434 669 5479 autem
712 5427 832 5481 sine
886 5426 1114 5497 Spiritu,
1146 5437 1203 5479 ut
1251 5426 1522 5496 peregrini
1579 5436 1635 5481 et
1658 5426 1841 5490 alieni,
1900 5426 2060 5496 longe

492 5516 750 5570 absumus
778 5534 807 5570 a
835 5518 964 5583 Deo,
1003 5517 1239 5587 Spiritus
1281 5525 1461 5571 autem
1512 5518 1896 5573 communione
1934 5531 2056 5570 cum

2168 5065 2293 5129 Υίδς
2319 5069 2374 5119 ἐν
2397 5066 2473 5133 τῷ
2505 5067 2695 5137 Πατρί.
2734 5068 2807 5119 Οὐ
2835 5068 2941 5137 γάρ
2977 5066 3072 5121 καὶ
3117 5066 3145 5118 6
3180 5066 3306 5129 Υίδς
3342 5067 3587 5135 μετέχων
3623 5068 3755 5121 ἐστὶ

2166 5157 2258 5211 τοῦ
2299 5158 2634 5226 Πνεῦμα-ξος,
2692 5158 2778 5210 ἵνα
2832 5158 2919 5210 διά
2968 5157 3126 5212 τοῦτο
3176 5159 3273 5211 καὶ
3307 5161 3365 5210 ἐν
3427 5158 3505 5226 τῷ
3560 5158 3753 5226 [Iath

2168 5250 2416 5316 γένηται,
2473 5248 2594 5300 οὐδὲ
2626 5247 2918 5316 λαμϐάνων
2941 5249 3058 5300 ἐστὶ
3088 5248 3148 5301 τὸ
3174 5248 3418 5317 Πνεῦμα,
3446 5248 3585 5301 ἀλλὰ
3605 5251 3754 5317 μᾶλ-

2165 5338 2255 5391 λον
2282 5339 2442 5401 αὐτὸς
2473 5340 2584 5399 τοῖς
2610 5339 2745 5391 πᾶσι
2774 5336 2933 5390 τοῦτο
2956 5339 3312 5408 χορηγεί,καὶ
3338 5338 3400 5391 οὐ
3422 5338 3485 5390 τὸ
3517 5337 3755 5407 Πνεῦμα

2166 5429 2428 5481 συνάπτει
2480 5430 2571 5480 τὸν
2634 5429 2806 5497 Λόγον
2859 5430 2935 5498 τῷ
2984 5432 3193 5501 Πατρὶ,
3247 5429 3381 5483 ἀλλὰ
3446 5428 3652 5498 μᾶλλον
3683 5429 3754 5481 τὸ

2167 5517 2390 5584 Πνεῦμα
2422 5517 2513 5570 διὰ
2534 5518 2628 5572 τοῦ
2667 5519 2842 5589 Λόγου
2880 5520 3042 5574 τοῦτο
3093 5522 3385 5591 λαμϐάνει.
3418 5522 3533 5575 Kal.
3565 5521 3594 5573 6
3641 5519 3751 5591 μὲν

572 5652 585 5682 ¹
620 5651 637 5704 l
668 5654 793 5709 Cor.
820 5674 857 5719 ι,
880 5659 913 5711 5
936 5667 989 5713 et
1023 5659 1144 5715 alibi
1178 5659 1397 5729 passim.
1478 5662 1495 5691 ⁸
1525 5658 1539 5712 l
1570 5658 1765 5714 Thess.
1802 5676 1882 5728 ιιι,
1922 5659 2006 5713 ll.
2089 5659 2108 5691 ³
2135 5659 2152 5714 l
2175 5657 2335 5715 Joan.
2376 5675 2450 5725 Iv,
2479 5662 2563 5717 l5.
