4094 6204
385 355 490 420 “7

1363 352 1736 414 PANOPLIA
1779 351 2238 414 DOGMATICA.
2271 378 2338 389 -
2377 355 2522 416 ΤΙΤ.
2563 356 2662 416 Xl.

3533 359 3643 424 418

383 467 517 529 Υῖδς
552 467 612 518 ἐν
644 462 721 534 τῷ
753 461 925 534 Πατρί
975 460 1146 526 ἐστιν,
1180 459 1255 522 ὡς
1300 459 1469 528 Λόγος
1499 461 1630 525 ἴδιος
1661 463 1753 516 καὶ
1783 461 1963 516 ἀπαύ-

2067 459 2350 542 divinitate
2375 461 2700 532 copulamur
2732 479 2745 516 :
2775 470 2832 517 ut
2873 463 3018 532 quod
3075 463 3235 519 simul
3263 466 3315 521 ln
3372 467 3553 542 Patre,
3585 471 3642 530 id

384 572 577 624 γασμα
609 551 802 617 αὐτοῦ,
837 553 1000 620 ἡμεῖς
1021 549 1079 604 δὲ
1106 551 1274 619 χωρὶς
1297 551 1396 621 μὲν
1421 551 1514 604 τοῦ
1551 551 1758 620 Πατρδς
1793 551 1958 619 ξένοι,

384 647 484 702 καὶ
517 645 740 716 μακράν
789 644 958 712 ἐσμεν
1001 643 1096 695 τοῦ
1123 642 1282 707 Θεοῦ,
1320 644 1384 713 τῇ
1414 641 1472 696 δὲ
1516 643 1610 696 τοῦ
1641 642 1963 712 Πνεῦματος

387 741 598 809 μετοχῇ
641 733 1028 804 συναπτόμεθα
1081 737 1148 804 τῇ
1193 734 1431 804 θεότητι.
1497 735 1662 786 Ὥστε
1722 734 1784 786 τὸ
1819 733 1960 789 εἶναι

384 833 538 900 ἡμᾶς
591 831 649 882 ὲν
680 827 760 898 τῷ
793 826 970 898 Πατρὶ
1026 824 1101 896 μὴ
1153 825 1425 895 ἡμέτερον
1474 821 1636 890 εἶναι,
1699 824 1837 879 ἀλλὰ
1868 824 1960 880 τοῦ

386 918 711 986 Πνεῦματος
757 916 850 970 τοῦ
891 917 950 966 ὲν
983 917 1118 985 ἡμῖν
1150 914 1324 980 ὄντος,
1359 913 1454 968 καὶ
1499 916 1557 969 έν
1596 917 1728 985 ἡμῖν
1770 916 1962 984 μένον-

384 1026 501 1074 τος,
525 1009 632 1070 ἕως
669 1008 802 1060 αὐτὸ
824 1008 890 1076 τῇ
920 1005 1183 1076 ὁμολογίᾳ
1209 1003 1554 1074 φυλάττομεν
1579 1006 1636 1058 έν
1670 1007 1822 1076 ἡμῖν.
1859 1006 1963 1059 Λέ-

383 1116 576 1168 γοντος
599 1097 656 1150 δὲ
687 1096 850 1151 πάλιν
875 1095 968 1148 τοῦ
1014 1095 1260 1149 Ἰωάννου
1281 1111 1298 1126 ⁸
1328 1096 1433 1161 ⁸ος
1482 1094 1558 1148 ἂν
1585 1094 1958 1164 ὁμολογήσῃ,

387 1192 482 1245 ὅτι
497 1191 740 1259 Ἰησοῦς
766 1189 938 1243 ἐστιν
966 1191 1001 1242 ό
1032 1187 1167 1254 Υἱὸς
1188 1187 1295 1241 τοῦ
1314 1185 1481 1252 Θεοῦ,
1506 1190 1539 1242 ό
1558 1186 1702 1253 Θεὸς
1718 1187 1788 1241 ἐν
1801 1187 1963 1253 αὐτῷ

381 1282 582 1352 μένει,
613 1279 711 1334 καὶ
735 1280 920 1345 αὐτὸς
965 1279 1036 1332 ἐν
1085 1278 1166 1345 τῷ
1222 1281 1367 1344 Θεῷ,
1398 1279 1528 1332 ποια
1566 1278 1843 1349 ὁμοιότης,
1867 1279 1961 1332 καὶ
2005 1277 2009 1282 ’

386 1375 522 1426 ποία
581 1372 765 1440 ἰσότης
817 1370 974 1441 ημῶν
1015 1370 1152 1438 πρὸς
1210 1370 1304 1422 τὸν
1347 1369 1516 1434 Υῑόν;
1576 1369 1647 1421 ’Ἡ
1697 1369 1814 1432 πῶς
1861 1371 1963 1423 οὐκ

384 1463 706 1532 ἐλέγχονται
743 1461 1077 1531 πανταχόθεν
1130 1462 1180 1514 οι
1216 1459 1487 1530 ’Λρειανοὶ
1512 1497 1528 1522 ,
1569 1459 1664 1512 καὶ
1722 1460 1964 1530 μάλιστα

386 1554 543 1623 παρὰ
575 1552 670 1605 τοῦ
709 1552 976 1614 Ἰωάννου,
1007 1553 1091 1606 ὅτι
1137 1551 1313 1615 άλλως
1367 1552 1467 1622 μὲν
1505 1551 1654 1606 ἐστιν
1695 1554 1722 1606 6
1747 1553 1874 1616 Υἱὸς
1904 1555 1962 1606 ὲν

381 1645 466 1714 τῷ
495 1643 692 1712 Πιτρὶ.
724 1642 901 1707 ἄλλως
933 1641 989 1696 δὲ
1027 1643 1187 1712 ἡμεῖς
1229 1642 1286 1694 ὲν
1325 1641 1475 1712 αὐτῷ
1516 1642 1816 1713 γινόμεθα;
1851 1643 1962 1697 Καὶ

381 1738 512 1791 οὔτε
538 1739 701 1808 ἡμεῖς
740 1737 817 1799 ὡς
866 1738 1068 1798 ἐκεῖνος
1099 1735 1333 1804 ὲσόμεθά
1365 1753 1517 1798 ποτε,
1562 1734 1686 1789 οὕτε
1734 1735 1763 1787 6
1787 1736 1962 1805 Λόγος

382 1831 458 1892 ὡς
484 1831 649 1901 ἡμεῖς
687 1827 944 1897 τυγχάνει
968 1825 1065 1890 ὢν,
1107 1829 1156 1879 ει
1213 1827 1286 1897 μὴ
1315 1828 1424 1898 ἄρα
1455 1826 1726 1895 τολμῶσιν
1781 1825 1856 1889 ὡς
1901 1828 1959 1879 ιν

383 1923 525 1974 πᾶσι
577 1919 673 1971 καὶ
702 1917 795 1970 νῦν
820 1917 1020 1980 εἰπεῖν,
1050 1916 1132 1968 ὅτι
1166 1918 1194 1968 6
1233 1915 1360 1976 Υἱὸς
1397 1916 1598 1985 μετοχῇ
1651 1913 1746 1967 τοῦ
1789 1913 1961 1966 Πνεύ⁴

385 2027 584 2080 ματος,
618 2010 710 2062 καὶ
742 2006 1026 2076 βελτιώσει
1058 2004 1310 2076 πράξεως
1337 2006 1527 2074 γέγονε
1561 2007 1655 2059 καὶ⁵
1704 2004 1866 2068 αὐτὸς
1899 2005 1958 2056 ἐν

381 2103 468 2172 τῷ
516 2100 714 2170 Πατρί.
753 2097 917 2153 Ἀλλα
963 2099 1061 2151 καὶ
1110 2097 1267 2150 τοῦτο
1314 2096 1478 2150 πάλιν
1516 2096 1782 2166 ὑπερλίαν
1809 2096 1958 2148 ἐστὶν

379 2193 608 2256 ἀσεϐές,
643 2192 748 2244 κᾶν
780 2189 918 2250 ὅλως
956 2190 1034 2249 εἱς
1065 2187 1362 2258 ἐνθύμησιν
1394 2187 1599 2241 λαϐεῖν.
1628 2187 1798 2250 Αὐτὸς
1826 2187 1955 2258 γὰρ,

381 2285 580 2355 ὥσπερ
607 2281 846 2352 εἴρηται,
877 2280 935 2333 τὸ
969 2279 1192 2346 Πνεῦμα
1225 2279 1430 2340 δίδωσι,
1488 2280 1581 2330 καὶ
1607 2279 1708 2332 ὅσα
1734 2278 1847 2349 ἔχει
1898 2277 1960 2329 τὸ

386 2373 529 2430 Πνεῦ
539 2391 638 2443 μα,
661 2371 836 2424 ταῦτα
858 2369 1006 2437 παρὰ
1023 2369 1118 2422 τοῦ
1135 2369 1308 2437 Λόγου
1329 2369 1464 2438 ἕχει.
1485 2369 1692 2422 Οὐκοῦν
1715 2372 1742 2421 ὁ
1768 2369 1959 2440 Πατὴρ

383 2469 568 2534 λέγων
593 2463 723 2534 περὶ
750 2462 908 2532 ἡμῶν
935 2462 995 2515 τό
1020 2477 1038 2495 ο
1071 2460 1275 2526 Καθὼς
1303 2461 1408 2524 σὺ,
1444 2463 1655 2528 Πάτερ.
1695 2461 1766 2514 ἐν
1807 2461 1958 2530 ἐμοὶ,

383 2557 557 2628 κάγὼ
582 2557 654 2610 ἐν
683 2555 808 2621 σοι,
832 2555 936 2608 ἵνα
977 2554 1078 2608 καὶ
1111 2553 1281 2608 αὐτοὶ
1335 2554 1404 2606 ἐν
1431 2553 1572 2622 ἡμῖν
1605 2554 1677 2606 ἐν
1699 2549 1872 2618 ὦσιν,
1897 2555 1958 2606 οὐ

381 2652 488 2720 τὴν
541 2650 850 2714 ταυτότητα
877 2649 1027 2717 ἡμᾶς
1085 2646 1344 2716 μένοντας
1395 2648 1454 2698 ὲν
1493 2645 1639 2716 αὺτῷ
1681 2646 1826 2715 ἔχειν
1861 2661 1961 2715 ση-

388 2742 600 2813 μαίνει,
651 2739 788 2794 ἀλλὰ
820 2739 1041 2804 ἀξίωσις
1073 2740 1189 2791 ἐστι
1239 2737 1376 2804 πρὸς
1408 2738 1498 2790 τὸν
1538 2738 1778 2808 Πατέρα,
1830 2738 1904 2796 ὡς
1933 2739 1961 2790 6

400 2833 659 2904 Ἰωάννης
688 2830 948 2902 ἔγραψεν,
983 2830 1071 2882 ἵνα
1097 2827 1156 2882 τδ
1183 2829 1406 2906 Πνεῦμα
1436 2832 1728 2902 χαρίσηται
1760 2828 1829 2882 δι’
1859 2831 1961 2882 αὐ-

386 2925 489 2978 τοῦ
531 2925 644 2987 τοῖς
672 2920 1009 2985 πιστεύουσι,
1042 2920 1108 2974 δι’
1147 2915 1209 2974 οὗ
1239 2922 1332 2975 καὶ
1360 2921 1626 2990 δοκοῦμεν
1657 2923 1714 2974 ὲν
1735 2921 1814 2989 τῷ
1843 2919 1961 2990 θεῷ

388 3013 660 3085 γίνεσθαι,
692 3011 786 3066 καὶ
821 3010 961 3065 κατὰ
989 3011 1148 3065 τοῦτο
1169 3011 1533 3065 συνάπτεσθαι
1572 3011 1740 3080 αὐτῷ.
1778 3012 1961 3066 Ἐπει-

2061 567 2171 607 non
2205 535 2508 622 ipsi'nobis,
2541 555 2637 608 sed
2667 553 2890 624 Spiritui
2925 556 2975 608 in
3007 556 3162 610 nobis
3189 560 3472 615 exsistenti
3507 535 3565 618 et
3582 565 3638 620 in

2066 643 2226 699 nobis
2246 645 2484 698 manenti
2504 654 2786 714 acceptum
2809 646 3129 702 referamus.
3157 649 3226 702 At
3253 665 3376 705 cum
3405 651 3644 710 Joannes

2065 733 2206 788 idem
2241 735 2382 789 dicat
2418 752 2432 788 ε
2467 733 2570 798 Qui
2619 737 2892 804 conﬁtetur
2947 737 3123 791 Jesum
3167 756 3273 794 esse
3303 740 3500 796 Filium
3523 745 3640 810 Dei,

2065 823 2204 878 Deus
2222 825 2274 877 in
2297 825 2412 894 ipso
2429 836 2621 888 manet,
2649 836 2698 879 et
2717 829 2827 896 ipse
2851 830 2905 882 in
2947 828 3050 882 Deo
3078 831 3092 859 ‘
3118 869 3134 894 ,
3182 846 3428 900 quaenam
3448 835 3643 890 simili.

2065 915 2217 979 tudo,
2237 927 2330 972 aut
2355 918 2630 998 aequalitas
2656 920 2810 974 nobis
2843 935 2962 973 cum
2988 920 3169 975 Filio?
3202 922 3392 978 Nonne
3442 926 3634 981 Ariani

2066 1008 2326 1077 undique,
2361 1019 2414 1065 et
2447 1026 2476 1064 a
2499 1009 2707 1066 Joanne
2737 1013 3075 1082 potissimum
3112 1014 3377 1069 coniutati
3413 1017 3636 1072 tandem

2066 1099 2506 1155 animadvertunt
2545 1102 2706 1156 aliter
2757 1119 2876 1158 esse
2899 1103 3095 1158 Filium
3123 1105 3178 1158 in
3203 1104 3381 1170 Patre,
3402 1115 3454 1160 ει
3484 1108 3644 1161 aliter

2063 1205 2166 1244 nos
2197 1191 2249 1244 in
2275 1193 2410 1260 ipso,
2443 1203 2692 1262 etneque
2720 1209 2822 1249 nos
2859 1211 3090 1265 unquam
3135 1204 3188 1249 ut
3243 1194 3475 1250 Verbum
3503 1196 3643 1261 fore,

2064 1296 2243 1351 neque
2260 1281 2497 1337 Verbum
2524 1295 2584 1338 ut
2616 1299 2716 1338 nos
2744 1283 2920 1347 ?Nisi,
2942 1294 2999 1340 ut
3022 1301 3208 1339 eorum
3231 1300 3345 1339 mos
3366 1295 3469 1350 est,
3500 1302 3646 1340 nunc

2063 1373 2224 1426 etiam
2254 1373 2493 1428 audeant
2543 1375 2726 1430 dicere
2755 1377 3142 1432 communione
3169 1375 3422 1444 Spiritus,
3453 1384 3508 1430 et
3534 1379 3646 1429 vir-

2067 1463 2199 1516 tutis
2217 1478 2507 1535 progressu
2539 1463 2732 1519 Filium
2776 1467 2936 1520 etiam
2987 1467 3164 1537 ipsum
3197 1469 3248 1521 in
3295 1467 3450 1522 Patre
3500 1484 3644 1523 esse.

2066 1553 2223 1619 Quod
2252 1555 2471 1623 quidem
2510 1555 2562 1608 in
2598 1556 2788 1624 primis
2828 1559 3056 1628 impium
3084 1568 3169 1613 est
3197 1560 3280 1614 vel
3312 1563 3567 1632 cog’tare,
3597 1561 3642 1615 si

2065 1645 2283 1713 quidem
2313 1645 2450 1714 ipse,
2471 1656 2529 1700 ut
2553 1646 2757 1701 dictum
2781 1657 2885 1710 est,
2909 1648 3168 1717 Spiritum
3199 1650 3404 1712 tribuit,
3421 1657 3642 1720 etquod

2065 1737 2234 1792 habet
2272 1737 2508 1807 Spiritus
2569 1737 2620 1792 id
2653 1740 2722 1792 ab
2754 1753 2819 1792 eo
2858 1739 3044 1794 habet.
3106 1739 3470 1803 Quamobrem
3521 1759 3644 1796 eum

1994 1803 2035 1858 Β
2067 1803 2328 1884 Servator
2354 1829 2421 1883 de
2449 1829 2606 1883 nobis
2643 1830 2774 1883 dicit
2806 1847 2819 1882 :
2857 1829 3010 1884 Sicut
3039 1839 3116 1894 tu,
3144 1831 3326 1896 Pater,
3353 1832 3405 1883 in
3451 1849 3550 1896 mc,
3598 1843 3647 1887 rt

2063 1935 2155 1988 ego
2177 1920 2231 1971 in
2260 1928 2330 1984 te,
2357 1918 2493 1971 sicel
2519 1919 2619 1987 ipsi
2641 1919 2694 1970 in
2711 1918 2858 1971 nobis
2885 1920 2991 1971 sint
3027 1921 3070 1984 ’,
3098 1934 3205 1973 non
3243 1922 3648 1974 Ostenditeam‘

2062 2011 2184 2064 dem
2214 2025 2315 2064 nos
2347 2025 2469 2064 eum
2497 2010 2628 2079 ipsis
2672 2010 2966 2063 essentiam
3000 2010 3217 2063 habere.
3282 2011 3388 2064 Sed
3426 2013 3644 2064 Patrem

2061 2099 2925 2170 o:at,quemadmodumJoannes
2955 2101 3164 2165 scribit,
3192 2111 3250 2155 ut
3292 2104 3644 2157 credentibus

2067 2190 2330 2260 Spiritum
2372 2206 2466 2259 per
2487 2205 2546 2244 se
2575 2190 2848 2259 largiatur,
2885 2206 2983 2259 per
3013 2207 3172 2260 quem
3193 2193 3247 2244 in
3296 2193 3402 2246 Deo
3427 2208 3565 2258 esse,
3591 2205 3649 2248 et

2063 2284 2272 2339 idcirco
2301 2299 2422 2337 cum
2461 2285 2578 2352 ipso
2609 2282 2863 2352 conjungi
2909 2283 3207 2336 videamur.
3261 2283 3470 2338 Etenim
3517 2285 3646 2353 quia
3749 2275 3756 2296 ³

2062 2375 2302 2430 Verbum
2346 2373 2506 2428 estin
2550 2374 2713 2427 Patre
2738 2383 2790 2427 et
2842 2373 3078 2443 Spiritus
3131 2390 3197 2429 ex
3231 2375 3408 2430 Verbo
3459 2377 3642 2441 datur,

2063 2466 2186 2518 vult
2217 2472 2272 2517 ut
2297 2463 2557 2532 Spiritum
2605 2462 2958 2532 accipiamus,
2992 2473 3051 2516 ut
3100 2474 3446 2534 p0stcaquam
3489 2481 3645 2520 acce-

2078 2557 2340 2625 perimus,
2363 2555 2628 2609 habentes
2647 2553 2913 2623 Spiritum
2935 2555 3096 2609 Verbi
3130 2557 3180 2610 in
3201 2555 3360 2610 Patre
3379 2559 3648 2611 exsisten-

2073 2647 2166 2710 tis,
2192 2645 2475 2700 videamur
2505 2655 2561 2700 et
2602 2661 2704 2700 nos
2727 2662 2826 2716 per
2869 2646 3130 2716 Spiritum
3181 2662 3301 2702 esse
3355 2663 3522 2701 unum
3590 2648 3646 2701 in

2069 2739 2268 2802 Verbo,
2299 2747 2355 2792 et
2386 2753 2482 2807 per
2511 2736 2750 2793 Verbum
2778 2739 2834 2793 in
2866 2737 3042 2793 Patre.
3099 2739 3234 2795 Illud
3252 2750 3454 2805 autem,
3511 2741 3647 2793 sicut

2077 2846 2168 2884 nos
2189 2831 2495 2886 nihilaliud
2533 2831 2820 2901 signiﬁcat,
2850 2831 2956 2886 nisi
2983 2840 3040 2886 ut
3088 2847 3148 2884 ea
3181 2834 3350 2899 gratia
3413 2831 3647 2900 Spiritus

2064 2922 2120 2976 in
2150 2922 2448 2992 discipulos
2477 2923 2768 2978 distributa
2802 2939 3078 2993 nunquam
3102 2924 3336 2986 excidat,
3367 2938 3647 2990 nunquam

2063 3014 2353 3071 adimatur.
2384 3014 2440 3069 ld
2471 3015 2616 3084 quod
2649 3015 2946 3086 Apostolus
2996 3014 3170 3077 novit,
3217 3029 3342 3067 cum
3383 3014 3596 3068 diceret
3625 3030 3642 3068 :

384 3109 456 3178 δὴ
491 3107 601 3178 γὰρ
623 3108 652 3159 6
677 3106 852 3175 Λόγος
872 3107 1021 3158 ἐστὶν
1046 3107 1103 3158 ὲν
1128 3105 1206 3174 τῷ
1239 3105 1438 3174 Πατρὶ,
1465 3105 1525 3156 τὺ
1559 3103 1614 3156 δὲ
1645 3105 1867 3173 Πνεῦμα
1896 3105 1961 3156 ὲκ

2066 3104 2192 3170 Quis
2215 3121 2305 3158 nos
2323 3107 2588 3173 separabit
2635 3123 2667 3159 a
2691 3106 2949 3160 charitate
2974 3105 3069 3158 Dei
3097 3107 3117 3137 ⁸
3137 3105 3159 3157 ?
3179 3103 3466 3174 Nunquam
3495 3104 3642 3158 enim

384 3199 488 3254 τοῦ
519 3199 694 3266 Λόγου
721 3197 938 3258 δίδοται,
988 3196 1132 3249 θέλει
1163 3195 1348 3250 λαϐεῖν
1399 3196 1549 3266 ἡμᾶς
1598 3195 1658 3248 τὸ
1712 3195 1959 3265 Πνεῦμα,

391 3292 503 3355 ἵνα,
535 3290 665 3342 ὅταν
698 3290 879 3342 ἐκεῖνο
919 3287 1198 3357 λάσωμεν,
1226 3286 1349 3340 τότε
1395 3287 1609 3356 ἔχοντες
1640 3286 1700 3340 τὸ
1733 3287 1962 3357 Πνεῦμα

387 3379 485 3434 τοῦ
545 3379 723 3446 Λόγου
758 3377 854 3430 τοῦ
906 3377 1059 3439 ὄντος
1107 3379 1164 3429 έν
1207 3377 1284 3447 τῷ
1328 3377 1539 3448 Πατρὶ,
1579 3377 1820 3448 δόξωμεν
1867 3379 1962 3431 καὶ

391 3473 556 3543 ἡμεῖς
599 3471 686 3524 διὰ
716 3469 776 3522 τὸ
801 3469 1023 3538 Πνεῦμα
1063 3468 1121 3520 ἓν
1150 3469 1402 3534 γενέσθαι
1429 3469 1486 3520 ὲν
1524 3469 1600 3537 τῷ
1637 3471 1813 3540 Λόγῳ,
1866 3472 1962 3523 καὶ

390 3561 460 3615 δι’
493 3558 689 3613 ἑαυτοῦ
720 3560 778 3610 ὲν
805 3558 880 3627 τῷ
903 3557 1100 3628 [Ιατρί.
1129 3559 1201 3609 T6
1221 3557 1277 3610 δὲ
1301 3556 1474 3624 ἡμεῖς
1505 3558 1599 3610 ἐὰν
1629 3558 1785 3630 λέγῃ,
1810 3560 1962 3616 οὐδὲν

391 3654 584 3722 ἕτερον
615 3651 778 3704 πάλιν
807 3651 972 3714 ἐστὶν,
1014 3650 1043 3714 ἦ
1070 3649 1155 3701 ἵνα
1187 3650 1219 3718 ἠ
1253 3650 1507 3719 γινομένη
1543 3651 1765 3721 τοιαύτη
1800 3652 1962 3722 χάρις

391 3747 474 3806 εἰς
527 3742 659 3803 τοὺς
709 3740 956 3810 μαθητὰς
1006 3739 1340 3802 ἀδιάπτωτος
1400 3741 1492 3792 καὶ
1554 3741 1960 3811 ἀμεταμέλητος

391 3839 647 3906 γένηταιο
677 3833 816 3902 ὅπερ
864 3835 892 3886 6
933 3831 1257 3895 ’Λπόστολος
1289 3832 1572 3902 γινώσκων
1623 3832 1774 3899 ἔλεγε
1812 3848 1828 3863 ο
1866 3831 1964 3898 Τίς

391 3929 552 4000 ἡμᾶς
606 3929 846 3996 χωρίσει
898 3927 1016 3980 ἀπὸ
1069 3925 1177 3994 τῆς
1230 3916 1468 3994 ἀγάπης
1523 3926 1630 3979 τοῦ
1670 3925 1964 3993 Χριστοῦ;

405 4022 834 4092 Ἀμεταμέλητα
883 4019 992 4089 γὰρ
1040 4019 1109 4072 τὰ
1140 4020 1454 4088 χαρίσματα
1485 4018 1577 4071 τοῦ
1619 4017 1776 4081 Θεοῦ,
1810 4018 1902 4070 καὶ
1931 4019 1964 4086 ή

392 4116 559 4185 χάρις
580 4113 681 4182 τῆς
715 4112 979 4180 κλήσεως.
1017 4107 1093 4162 Τὸ
1143 4110 1253 4178 γὰρ
1283 4107 1507 4176 Πνεῦμά
1545 4109 1662 4161 ἐστι
1711 4106 1771 4160 τὸ
1795 4109 1852 4160 έν
1887 4109 1966 4172 τῷ

393 4207 519 4276 Θεῷ
546 4205 841 4276 τυγχάνον,
901 4204 999 4256 καὶ
1050 4203 1146 4271 οὐχ
1203 4202 1363 4272 ἡμεῖς
1401 4200 1524 4254 καθ’
1575 4200 1825 4263 ἑαυτούς.
1858 4200 1968 4254 Καὶ

2068 3197 2298 3266 panitet
2320 3195 2484 3251 Deum
2505 3211 2730 3252 munera
2750 3212 2846 3250 sua
2865 3196 3111 3266 largitum
3141 3210 3282 3260 esse,
3303 3205 3360 3248 et
3406 3194 3645 3249 vocatio-

2067 3291 2154 3344 nis
2177 3291 2403 3360 gratiam
2429 3289 2704 3344 tribuisse.
2729 3287 2968 3359 Spiritus
2998 3288 3144 3342 enim
3195 3294 3298 3353 est,
3331 3287 3424 3356 qui
3448 3287 3500 3340 in
3533 3285 3643 3340 Deo

2068 3383 2303 3446 exsistit,
2338 3397 2447 3435 non
2469 3394 2646 3436 autem
2665 3396 2767 3435 nos
2821 3396 2916 3450 pcr
2943 3395 3066 3434 nos.
3094 3381 3160 3433 Et
3186 3378 3640 3447 quemadmodum

2070 3475 2162 3530 lilii
2180 3483 2238 3530 et
2268 3475 2340 3529 dii
2369 3473 2632 3528 ellicimur
2652 3475 2721 3527 ob
2742 3473 2979 3527 Verbum
3001 3472 3146 3542 quod
3175 3473 3227 3524 in
3258 3471 3415 3525 nobis
3437 3480 3540 3531 est.
3563 3471 3641 3523 sic

2068 3582 2165 3638 per
2187 3565 2448 3635 Spiritum
2469 3566 2520 3619 in
2556 3565 2711 3618 nobis
2738 3567 3114 3629 exsistentem,
3138 3565 3226 3632 qui
3255 3575 3338 3617 est
3361 3564 3414 3616 in
3441 3562 3637 3623 Verbo,

2068 3659 2213 3727 quod
2242 3668 2328 3712 est
2352 3659 2404 3710 in
2438 3657 2620 3719 Patre,
2645 3671 2815 3708 unum
2838 3656 2893 3708 in
2923 3656 3059 3709 Filio
3082 3665 3136 3710 et
3169 3654 3326 3708 Patre
3352 3655 3554 3708 erimus
3587 3663 3644 3706 et

2068 3763 2188 3803 esse
2201 3748 2647 3802 existimabimur.
2672 3745 2900 3811 Quando
2920 3746 3080 3813 igitur
3097 3744 3292 3813 aliquis
3325 3759 3421 3812 per
3443 3757 3642 3811 pecca-

2063 3849 2176 3894 tum
2205 3839 2418 3908 aliquod
2457 3839 2654 3894 excidit
2686 3855 2715 3892 a
2749 3839 2976 3907 Spiritu,
3005 3836 3051 3891 is
3075 3853 3178 3890 non
3219 3845 3302 3890 est
3329 3835 3560 3904 amplius
3586 3833 3640 3887 in

2063 3929 2634 3998 Deo,quandoquidem
2655 3929 2722 3983 ab
2748 3945 2812 3982 eo
2830 3929 3052 3981 recessit
3072 3926 3310 3994 Spiritus
3345 3934 3567 3979 sanctus
3589 3933 3644 3977 et

2059 4025 2390 4082 consolator,
2444 4021 2539 4074 sed
2575 4023 2679 4074 erit
2710 4021 2764 4073 in
2820 4020 2910 4073 illo
2943 4019 3030 4072 cui
3086 4020 3324 4086 seipsum
3367 4015 3642 4086 peccando

2064 4111 2314 4179 subjecit.
2336 4110 2800 4174 Quemadmodum
2827 4111 2972 4164 Sauli
3006 4109 3253 4177 contigit,
3273 4122 3302 4160 a
3334 4122 3440 4176 quo
3463 4120 3643 4159 reces-

2066 4202 2138 4255 sit
2180 4203 2419 4272 Spiritus
2474 4203 2584 4267 Dei,
2624 4213 2678 4257 et
2706 4202 2934 4256 vexabat
2985 4215 3109 4254 cum
3169 4198 3400 4268 spiritus
3445 4195 3642 4248 malus.

395 4299 593 4367 ὥσπερ
641 4297 747 4349 υἱοὶ
776 4297 872 4348 καὶ
937 4293 1050 4345 θεοὶ
1091 4292 1179 4345 διὰ
1229 4293 1320 4343 τὸν
1365 4292 1422 4343 ὲν
1486 4293 1621 4361 ἡμῖν
1652 4293 1831 4359 λόγον,
1863 4291 2035 4353 οὕτως
2077 4293 2132 4344 ὲν
2168 4295 2245 4363 τῷ
2273 4293 2387 4362 Υἱῷ
2421 4294 2514 4346 καὶ
2543 4295 2600 4346 ἐν
2629 4293 2708 4363 τῷ
2745 4294 2916 4360 [Ιατρὶ
2948 4289 3206 4358 ἐσόμεθα,
3259 4288 3353 4339 καὶ
3385 4281 3644 4357 νομισθη-

396 4389 610 4458 σόμεθα
651 4388 707 4439 ἒν
749 4384 1116 4454 γεγενῆσθαι,
1179 4381 1266 4435 διὰ
1315 4380 1376 4434 τὸ
1434 4382 1489 4433 έν
1531 4383 1664 4451 ἡμῖν
1722 4378 1865 4434 εἶναι
1911 4381 1970 4432 τὸ
2011 4381 2258 4449 Πνεῦμα,
2307 4383 2498 4453 ὥσπερ
2548 4385 2693 4436 ἐστὶν
2746 4385 2802 4436 ὲν
2851 4382 2930 4450 τῷ
2985 4381 3141 4446 Λόγῳ
3180 4378 3258 4446 τῷ
3298 4378 3410 4430 όντι
3443 4375 3500 4426 ἐν
3565 4373 3642 4440 τῷ

396 4480 598 4552 Πατρί.
626 4479 757 4532 Ὅτε
790 4475 921 4540 γοῦν
953 4475 1210 4527 ἐκπίπτει
1261 4490 1347 4535 τις
1379 4473 1486 4526 ἀπὸ
1533 4472 1625 4525 τοῦ
1657 4473 1974 4541 Πνεῦματος
2021 4474 2109 4526 διά
2131 4491 2253 4526 τινα
2281 4475 2500 4536 κακίαν,
2537 4477 2634 4528 οὐκ
2670 4475 2749 4527 ἔτι
2781 4475 2839 4526 ὲν
2881 4473 2957 4542 τῷ
2985 4473 3103 4541 Θεῴ
3141 4473 3289 4522 ἐστιν
3344 4471 3552 4527 ἐκεῖνος
3613 4469 3642 4519 6

397 4573 607 4633 πεσὼν,
637 4572 725 4625 διὰ
749 4569 810 4622 τὸ
861 4568 1166 4637 ἀποστῆναι
1213 4565 1309 4620 ἀπ’
1356 4563 1522 4618 αὐτοῦ
1562 4564 1622 4617 τό
1648 4567 1704 4617 ὲν
1726 4563 1802 4633 τῷ
1847 4564 1966 4634 Θεῷ
2005 4564 2159 4632 ἅγιον
2179 4568 2270 4618 καὶ
2298 4568 2647 4635 παράκλητον
2677 4566 2901 4634 Πνεῦμα
2924 4582 2936 4594 ο
2965 4563 3082 4616 ἀλλ’
3113 4566 3168 4614 ἐν
3223 4561 3416 4630 ἐκείνῳ
3469 4561 3641 4628 ἔσται,

394 4665 442 4737 ᾧ
479 4665 673 4720 ἑαυτὸν
732 4658 996 4724 ὑπέταξεν
1053 4657 1408 4727 ἁμαρτάνων,
1453 4657 1529 4718 ὡς
1566 4657 1659 4708 ἐπὶ
1724 4655 1820 4708 τοῦ
1861 4655 2035 4708 Σαοὺλ
2073 4657 2313 4724 γέγονεν.
2369 4657 2602 4724 Ἀπέστη
2658 4657 2766 4726 γὰρ
2817 4655 2911 4707 ἀπ’
2963 4652 3125 4706 αὑτοῦ
3163 4651 3224 4704 τὸ
3278 4649 3506 4719 Πνεῦμα
3542 4646 3640 4700 τοῦ

397 4758 563 4822 Θεοῦ,
595 4758 692 4810 καὶ
717 4753 926 4807 ἐθλιὸεν
956 4750 1118 4803 αὐτὸν
1158 4749 1376 4818 πνεῦμα
1406 4749 1662 4818 πονηρόν.

839 4849 940 4902 Ἐκ
963 4846 1070 4900 τοῦ
1097 4843 1281 4900 αὐτοῦ
1320 4845 1526 4911 λόγου.
2000 4841 2046 4897 D

475 4942 602 5000 Πῶς
648 4939 870 4992 δύναται
911 4939 940 4990 6
971 4937 1098 4996 Υἱὸς
1141 4937 1205 4988 ἐκ
1250 4935 1342 4988 τοῦ
1393 4935 1604 5006 Πατρδς
1647 4930 1785 4988 εῖναι
1809 4932 1971 5001 φύσει

403 5037 498 5088 καὶ
535 5035 718 5102 ὅμοιος
755 5031 905 5098 αὐτῷ
942 5029 1064 5083 κατ’
1094 5029 1282 5081 οὐσίαν
1311 5029 1338 5080 6
1364 5027 1536 5094 λέγων
1561 5041 1575 5056 ·
1629 5025 1838 5092 Ἐδόθη
1867 5041 1970 5093 μοι

403 5129 576 5182 πᾶσα
597 5124 894 5188 ἐξουσία;
929 5121 1024 5175 καί
1049 5138 1064 5153 ’
1095 5122 1154 5174 '0
1185 5118 1371 5189 Πατὴρ
1402 5118 1589 5171 οὐδένα
1609 5117 1804 5189 κρίνει,
1834 5114 1969 5168 ἀλλὰ

401 5220 504 5288 τὴν
545 5218 728 5287 κρίσιν
758 5216 942 5268 πᾶσαν
963 5213 1196 5266 δέδωκεν
1224 5211 1304 5281 τῷ
1332 5209 1475 5280 Υῖῷς
1516 5209 1610 5286 καί
1639 5223 1654 5238 ⁸
1698 5209 1756 5261 Ὀ
1783 5208 1968 5278 Πατὴρ

2613 4835 2694 4888 Ex
2731 4835 2908 4886 eodem
2941 4833 3094 4885 libro.

2151 4927 2254 4994 Qui
2297 4928 2412 4982 ﬁeri
2442 4935 2641 4997 potest,
2685 4927 2882 4994 inquit,
2931 4934 2989 4977 ut
3026 4922 3196 4978 Filius
3229 4923 3300 4976 sit
3341 4932 3532 4978 natura
3572 4939 3640 4979 ex

2078 5021 2365 5083 Patre,vel
2411 5018 2554 5073 Patri
2604 5017 2900 5071 secundum
2949 5024 3197 5068 naturam
3249 5013 3461 5078 similis,
3514 5029 3638 5068 cum
3686 5071 3712 5087 .

2078 5112 2195 5182 ipse
2245 5112 2432 5166 dicat:
2465 5109 2605 5162 Data
2644 5115 2720 5162 est
2771 5108 2898 5160 mihi
2957 5109 3123 5160 omnis
3172 5113 3399 5172 potestas
3431 5104 3485 5169 δς
3543 5113 3637 5158 et:

2081 5208 2244 5258 Pater
2300 5203 2552 5255 neminem
2592 5199 2834 5270 judicat,
2864 5201 2952 5252 sed
2999 5214 3149 5252 omne
3196 5197 3457 5265 judicium
3503 5196 3644 5249 dedit

403 5310 598 5379 ἀγαπᾷ
646 5308 737 5362 τὸν
789 5305 938 5371 Υἱδν,
987 5304 1080 5357 καὶ
1131 5303 1308 5357 πάντα
1356 5301 1588 5355 δέδωκεν
1637 5302 1694 5354 ὲν
1726 5303 1791 5370 τῇ
1822 5301 1970 5370 χειρὶ

400 5399 604 5466 αὐτοῦ;
635 5398 732 5452 καὶ
760 5397 923 5451 πάλιν
942 5413 957 5428 ·
994 5394 1196 5448 Πάντα
1218 5409 1318 5462 μοι
1369 5390 1668 5459 παρεδόθη
1699 5390 1816 5444 ὑπὸ
1866 5388 1972 5441 τοῦ

403 5495 637 5561 Πατρός
660 5508 803 5562 you;
835 5491 928 5544 καὶ
956 5489 1119 5544 πάλιν
1149 5502 1164 5519 ⁸
1189 5483 1318 5540 Πᾶν
1355 5483 1386 5537 6
1419 5482 1638 5536 δέδωκέ
1671 5499 1772 5547 μοι
1800 5482 1832 5532 ό
1864 5483 1976 5531 Πα-

402 5585 517 5650 τὴρ
557 5583 708 5650 πρὸς
742 5581 849 5649 ἐμὲ
883 5578 1037 5646 ἥξει.
1077 5575 1207 5629 Εἶτα
1238 5574 1603 5642 ἐπιλέγουσιν,
1663 5571 1727 5622 Ei
1755 5564 1847 5637 ἦν,
1897 5567 1973 5629 ὡς

481 5719 496 5748 ’
522 5718 680 5771 Joan.
716 5732 787 5779 tv,
826 5717 912 5770 15.
1009 5715 1030 5744 ¹
1067 5712 1222 5768 Joan.
1262 5728 1392 5776 wn,
1452 5711 1541 5764 2i.

406 5807 482 5855 Vl,
514 5790 600 5843 57.

1642 5707 1662 5738 ⁸
1682 5706 1836 5760 Rom.
1861 5721 1975 5764 vm,

2077 5294 2208 5348 Filio
2240 5293 2260 5324 '
2295 5301 2385 5356 et,
2427 5290 2585 5344 Pater
2645 5289 2816 5358 diligit
2875 5286 3076 5341 Filium
3119 5295 3166 5339 et
3205 5286 3380 5338 omnia
3422 5283 3642 5336 tradidit

2074 5388 2129 5438 in
2188 5399 2348 5437 manu
2414 5383 2552 5446 eius.
2611 5380 2678 5435 Et
2731 5381 2970 5435 iterum:
3025 5376 3211 5433 Omnia
3269 5375 3394 5428 milii
3443 5372 3640 5428 tradita

2079 5485 2198 5529 sunt
2251 5492 2281 5526 a
2346 5472 2506 5527 Patre
2541 5489 2654 5526 meo
2679 5489 2698 5526 :
2728 5482 2782 5526 et
2811 5486 3045 5525 rursus:
3096 5467 3259 5523 Omne
3321 5469 3458 5538 quod
3501 5468 3644 5522 dedit

2078 5567 2204 5620 ini/ti
2234 5563 2416 5624 Pater,
2453 5564 2524 5616 ad
2575 5579 2655 5616 me
2720 5563 2881 5616 veniet
2922 5561 2964 5615 '.
3030 5557 3167 5613 Tum
3203 5559 3280 5613 ita
3313 5557 3644 5614 ratiocinan-

2890 5697 3092 5754 ‘Joan.
3137 5714 3204 5762 ν,
3239 5695 3331 5750 22.
3439 5693 3639 5750 'Joan.

2183 5701 2204 5734 ⁸
2236 5699 2423 5755 Matth.
2479 5714 2664 5765 uult,
2704 5699 2788 5753 18.
