4094 6204
467 327 573 391 419

1699 335 2086 397 EUTHYMH
2129 340 2491 404 ZlGABENl

3613 355 3725 420 4°20

461 451 552 494 tur
583 458 596 496 :
634 437 688 493 Si
720 438 842 494 talis
875 447 1065 495 natura
1098 449 1241 495 esset
1277 439 1464 508 Filius,
1507 442 1721 511 qualem
1759 459 1856 498 vos
1885 445 2031 498 aﬂir—

2141 447 2377 517 λέγεται,
2420 453 2548 515 Υἱὸς
2579 453 2719 506 κατᾶ
2750 455 2931 523 φύσιν,
2959 457 3018 509 οὗ
3057 455 3246 526 χρείαν
3274 454 3386 526 εἶχε
3411 459 3616 518 λαὸεῖ-ι,
3653 463 3754 517 Ἦ⁹

463 537 648 593 matis,
683 547 1022 600 nequaquam
1090 531 1167 583 illi
1199 546 1335 600 opus
1388 532 1582 586 luisset
1614 533 1716 588 ista
1771 536 2042 605 accipere.

2155 539 2270 601 mit;
2320 541 2544 596 δύναται
2583 544 2812 614 δύναμις
2861 541 3000 599 εἶναι
3033 549 3192 617 φύσει
3237 549 3332 602 καὶ
3373 551 3601 622 ἀληθινὴ
3630 555 3736 607 τοῦ

461 624 564 690 Qui
624 623 752 676 item
817 622 1075 675 naturalis
1136 631 1192 676 et
1254 637 1377 676 vera
1455 623 1632 679 Patris
1696 626 1869 680 virtus
1921 642 2036 682 esse

2150 628 2363 698 Πατρδς
2389 632 2417 682 ὁ
2442 632 2593 700 παρὰ
2621 633 2712 685 τὸν
2747 637 2940 704 καιρὸν
2975 636 3068 688 τοῦ
3117 637 3324 700 πάθους
3349 638 3524 704 λέγων
3552 657 3569 672 ο
3597 642 3731 695 Νῦν

461 723 636 782 potest
689 716 734 767 is
783 714 893 780 qui,
953 713 1039 767 ubi
1087 713 1324 780 patiendi
1371 724 1586 785 tempus
1634 718 1872 783 advenit,
1928 721 2040 775 ait:

471 805 627 857 Nunc
653 805 832 856 anima
867 820 980 855 mea
1014 804 1230 858 turbata
1263 814 1336 859 est
1381 823 1399 861 :
1432 817 1477 861 et
1518 810 1644 877 quid
1673 811 1843 863 dicam
1873 812 1898 864 ?
1929 811 2039 864 Pa-

463 910 558 964 ter.
617 910 765 946 serva
799 911 880 946 me
903 911 966 946 ea:
995 896 1092 947 hac
1124 897 1250 949 hora
1281 913 1298 950 :

463 985 649 1034 horant
694 981 848 1034 hanc.
910 983 1092 1046 Pater,
1141 985 1375 1054 glori/ica
1421 981 1614 1040 Filium
1649 999 1819 1044 tuum.
1891 990 2043 1046 Venit

461 1091 582 1142 ergo
617 1091 712 1127 vox
733 1077 796 1128 de
831 1077 975 1130 ccelo.
1009 1077 1074 1130 Et
1108 1080 1400 1149 gloriﬁcaui
1423 1121 1436 1145 ,
1467 1091 1514 1136 et
1547 1085 1737 1137 iterum
1769 1086 2006 1154 glori/ica
2027 1118 2039 1128 -

462 1166 524 1217 bo
567 1167 604 1218 ί,
643 1165 849 1220 Similia
909 1185 1100 1224 rursus
1151 1172 1278 1226 alibi
1327 1174 1534 1242 profert
1567 1192 1581 1229 :
1613 1176 1796 1240 Pater,
1836 1180 1883 1231 si
1924 1179 2041 1246 ﬁeri

1368 900 1458 950 sed
1509 911 1786 969 propterea
1834 903 1950 955 veni
1986 904 2042 956 in

2115 721 2185 786 μὴ
2215 721 2386 788 ψυχή
2417 740 2537 790 μου
2564 723 2936 790 τετάρακται,
2955 727 3126 779 καὶτί
3152 728 3300 780 εἴπω
3323 745 3342 792 ;
3375 729 3589 799 Πάτερ,
3612 732 3730 785 σῶ-

2145 813 2360 880 σόν-,με
2385 813 2452 866 ἐκ
2481 815 2590 880 τῆς
2619 815 2775 882 ὧρας
2805 819 3024 886 ταύτης
3050 835 3064 848 ·
3085 820 3246 873 ἀλλὰ
3279 821 3376 875 διὰ
3402 824 3580 878 τοῦτο
3616 821 3729 894 ἦλ-

2143 907 2253 956 θον
2279 908 2366 970 είς
2394 907 2508 973 τὴν
2524 909 2682 976 ὥραν
2704 913 2949 978 ταύτην.
2973 912 3182 980 Πάτερ,
3201 913 3469 977 δόξασόν
3483 932 3598 970 σου
3620 919 3729 971 τίν

2155 996 2310 1049 Υιόν.
2347 993 2575 1053 Ἦλθεν
2589 996 2703 1054 οὖν
2733 1001 2902 1070 φωνὴ
2938 1002 3006 1056 ἐκ
3032 1005 3138 1058 τοῦ
3160 1007 3444 1072 οὐρανοῦ,
3465 1008 3561 1061 καί
3595 1009 3731 1063 ἐδόο

2146 1087 2326 1152 ξασα,
2354 1090 2448 1142 καὶ
2470 1090 2658 1144 πάλιν
2684 1091 2944 1157 δοξάσω.
2973 1093 3141 1152 Πάλιν
3166 1112 3224 1147 τε
3252 1095 3313 1148 τὸ
3338 1097 3526 1166 ὅμοιον
3547 1099 3723 1166 ἔλεγε·

2143 1178 2354 1246 Πάτερ,
2385 1183 2436 1232 ει
2463 1181 2747 1247 δυνατὸν,
2775 1187 3116 1252 παρελθέτω
3144 1188 3246 1240 ἀπ’
3281 1187 3425 1258 ἐμοῦ
3448 1191 3513 1244 τὸ
3537 1193 3726 1261 nonf-

461 1265 646 1323 potest,
677 1267 906 1312 transeat
946 1261 1086 1314 calix
1147 1265 1246 1316 iste
1273 1266 1330 1330 ¹;
1389 1275 1441 1318 et
1469 1284 1482 1319 :
1510 1265 1644 1321 Cum
1681 1271 1789 1320 hare
1824 1271 2036 1323 dixisset

2141 1285 2269 1334 ριον
2296 1271 2490 1324 τοῦτο.
2533 1275 2662 1338 Καὶ,
2688 1275 2872 1327 Ταῦτα
2901 1276 3070 1330 είπὼν
3087 1279 3336 1347 ὁἸησοῦς
3350 1283 3623 1353 ἐταράχθη
3643 1285 3724 1354 τῷ

457 1348 610 1401 Jesus
645 1351 887 1402 turbatus
920 1360 996 1404 est
1019 1354 1229 1419 spiritu.
1250 1365 1296 1407 et
1315 1364 1633 1410 contestatus
1659 1368 1756 1418 est.
1785 1371 1833 1413 et
1857 1361 1992 1413 dixit
2016 1375 2037 1414 :

462 1439 650 1498 Amen.
685 1457 837 1492 amen
868 1443 982 1493 (lico
1016 1443 1174 1516 vobis,
1211 1461 1345 1497 unus
1376 1464 1438 1500 ea:
1467 1449 1706 1501 vobisme
1740 1451 2036 1505 traditurus

461 1541 538 1582 est
596 1531 635 1582 ³.
682 1514 766 1586 Ex.
817 1532 1014 1600 quibus
1076 1514 1144 1588 ita
1206 1538 1442 1603 perversi
1493 1540 1828 1594 concludunt
1889 1559 1902 1594 :
1977 1541 2034 1594 Si

461 1621 635 1672 virtus
684 1621 772 1674 ille
811 1625 923 1676 sive
976 1629 1216 1691 potentia
1266 1627 1481 1688 fuisset,
1532 1645 1637 1682 non
1675 1631 1919 1699 profecto
1964 1633 2034 1686 ti-

471 1710 719 1775 muiss:-t,
746 1713 839 1766 sed
867 1713 980 1781 ipse
1007 1715 1187 1783 potius
1223 1718 1338 1772 aliis
1367 1719 1470 1771 vim
1495 1730 1547 1774 et
1576 1723 1869 1789 potentiam
1899 1741 2032 1792 prte-

2142 1361 2437 1430 πνεύματι,
2457 1365 2551 1416 καὶ
2570 1365 2948 1436 ὲμαρτύρησε,
2974 1371 3068 1422 καὶ
3091 1365 3246 1422 εἶπεν
3269 1387 3283 1402 ·
3323 1373 3532 1440 Ἀμὴν,
3557 1377 3727 1445 ἀμὴν

2136 1451 2290 1519 ,λέγω
2313 1453 2477 1520 ὑμῖν,
2500 1451 2588 1520 εἷς
2603 1457 2671 1518 ἐξ
2692 1455 2858 1524 ὑμῶν
2876 1459 3218 1526 παραδώσει
3237 1479 3332 1530 με.
3352 1465 3459 1516 Καὶ
3478 1466 3570 1518 ἐπὶ
3597 1468 3726 1520 τού-

2135 1561 2213 1614 τῳ
2240 1547 2403 1612 φασὶν
2420 1547 2469 1599 οἱ
2495 1549 2851 1618 κακόφρονεςο
2876 1554 2936 1604 El
2955 1550 3400 1625 δύναμιςῆν,οὑκ
3419 1557 3485 1610 ἂν
3500 1559 3726 1613 ὲδειλίαο

2137 1652 2250 1698 σεν,
2277 1636 2413 1688 ἀλλὰ
2446 1639 2649 1706 μᾶλλον
2684 1641 2778 1692 καὶ¹
2806 1642 3016 1710 ἑτέροις
3055 1645 3114 1697 τὸ
3145 1645 3406 1700 δύνασθαι
3427 1652 3716 1720 παρεῖχεν.

2136 1722 2272 1782 Εἶτά
2305 1747 2469 1796 φασιν
2492 1747 2503 1759 ·
2531 1731 2592 1783 Εἰ
2617 1733 2777 1800 σοφία
2794 1727 2862 1803 ἦν
2888 1735 3048 1802 φύσει
3081 1736 3312 1808 ἀληθινὴ
3358 1741 3452 1792 καὶ
3485 1741 3590 1792 ἰδία
3624 1743 3722 1795 τοῦ

465 1802 689 1854 lmisset.
746 1804 967 1858 Addunt
1005 1806 1130 1859 item
1165 1812 1178 1860 Ξ
1210 1808 1261 1860 Si
1293 1819 1488 1864 natura
1537 1828 1664 1867 vera
1707 1825 1763 1869 et
1809 1817 2030 1885 propria

2144 1819 2375 1890 ιιατρὸς,
2397 1822 2514 1883 πῶς
2535 1797 2850 1893 γέγραπται
2873 1797 2988 1880 ’-Ὅ
3015 1828 3084 1881 δὲ
3120 1797 3357 1896 ἰησοές
3389 1833 3725 1900 προέκοπτε

465 1893 642 1945 Patris
700 1896 963 1962 sapientia
1014 1907 1150 1960 erat,
1194 1915 1290 1952 cur
1345 1902 1505 1970 igitur
1561 1906 1821 1975 scriptum
1890 1921 1973 1963 est
2019 1925 2040 1966 ι

467 1983 534 2035 Et
577 1983 727 2037 Jesus
771 1987 1068 2054 proﬁciebat
1111 1991 1394 2057 sapientia,
1453 2003 1502 2046 et
1585 2006 1741 2051 (etate
1781 2008 1830 2051 et
1859 2003 2036 2069 gratia

462 2076 604 2140 apud
637 2074 802 2128 Deum
829 2088 876 2129 et
926 2080 1156 2134 homines
1184 2082 1203 2113 ⁸
1245 2101 1259 2136 :
1296 2083 1546 2153 idemque
1577 2103 1697 2141 cum
1721 2092 1961 2147 venisset
1982 2095 2037 2147 in

462 2180 510 2232 p-
534 2176 642 2217 rtes
655 2165 910 2221 Caesareae
927 2168 1178 2242 Philippi.
1201 2175 1547 2246 interrogavit
1564 2178 1857 2249 discipulos
1874 2200 2035 2253 quem

467 2271 525 2308 se
570 2272 690 2310 esse
710 2259 952 2314 dicerent
974 2262 1221 2326 homines
1251 2266 1275 2323 ’ξ
1301 2284 1313 2320 :
1337 2283 1458 2320 eum
1482 2269 1607 2323 item
1633 2271 1684 2324 in
1716 2272 2035 2330 Bethaniam

455 2349 792 2413 advenisset,
842 2352 1152 2410 sciscitatus
1200 2366 1286 2410 est
1333 2359 1551 2415 ubinam
1599 2363 1808 2430 jaceret
1869 2367 2036 2423 Laza-

465 2455 558 2492 rus
584 2442 603 2472 ⁶
643 2462 653 2492 ;
691 2453 947 2504 prieterca
1008 2446 1289 2515 discipulis
1329 2450 1404 2503 ait
1438 2468 1450 2502 :
1485 2451 1624 2516 Quot
1675 2473 1834 2523 panes
1879 2459 2037 2513 habe-

465 2534 531 2583 tis
579 2533 642 2583 7?
673 2532 774 2597 Qui
831 2536 1008 2604 igitur,
1068 2540 1340 2605 inquiunt,
1377 2541 1486 2596 ﬁeri
1522 2554 1720 2614 potest,
1758 2558 1816 2600 ut
1851 2551 1942 2603 ille
1967 2551 2038 2605 sit

465 2626 753 2693 sapientia,
779 2629 867 2696 qui
894 2629 945 2681 in
973 2631 1238 2699 sapientia
1272 2636 1506 2703 proficit,
1531 2648 1583 2692 et
1621 2654 1681 2694 ea
1719 2643 1894 2697 nescit
1918 2660 2036 2714 qua:

465 2719 533 2772 ab
563 2719 682 2772 aliis
714 2728 863 2788 optat
889 2722 1141 2778 discere?
1191 2725 1249 2780 Id
1281 2729 1442 2781 etiam
1477 2730 1636 2784 iidem
1673 2733 1863 2787 dicunt
1895 2737 2034 2802 :Qui

466 2816 644 2876 potest
677 2810 764 2864 ille
797 2814 1077 2881 pr0prium
1113 2816 1288 2871 Patris
1321 2818 1560 2874 Verbum
1595 2837 1735 2885 esse,
1779 2827 1899 2880 sine
1929 2844 2037 2897 quo

467 2917 578 2954 non
610 2902 712 2957 fuit
734 2905 1025 2973 aliquando
1058 2907 1233 2972 Pater,
1263 2918 1317 2963 et
1351 2927 1447 2978 per
1477 2919 1619 2981 quod
1647 2919 1827 2970 omnia
1851 2917 2034 2982 etlicit,

467 3003 624 3047 utest
644 3005 824 3049 vestra
871 3000 1164 3064 sententia,
1193 3001 1284 3068 qui
1309 3001 1358 3054 in
1382 3018 1545 3058 cruce
1563 3006 1828 3062 clamabat
1857 3029 1868 3062 :
1897 3009 2036 3065 Deus

2141 1913 2452 1978 σοφίςῳιαὶ
2472 1912 2696 1980 ἡλικίᾳ,
2717 1915 2813 1969 καί
2834 1915 3032 1984 χάριτι
3056 1922 3217 1987 παρὰ
3238 1920 3361 1985 Θεῷ
3379 1923 3474 1974 καὶ
3491 1922 3721 1990 ἀνθρώ-

2140 2019 2317 2068 ποις;
2339 2005 2448 2057 Καὶ
2485 2004 2658 2057 ἐλθὼν
2683 2009 2763 2068 εἰς
2786 2009 2854 2060 τὰ
2878 2009 3017 2079 μέρη
3041 2011 3380 2081 Καισαρείας
3407 2013 3508 2082 τῆς
3535 2015 3728 2066 Φιλίπ-

2141 2112 2243 2148 που
2292 2095 2618 2150 ἐπυνθάνετο
2663 2097 2813 2168 παρὰ
2850 2099 2957 2150 τῶν
2998 2101 3254 2172 μαθητῶν
3298 2104 3420 2156 τίνα
3467 2103 3721 2171 λέγουσιν

2139 2187 2301 2240 αὐτὸν
2329 2187 2376 2238 οἱ
2408 2187 2682 2257 ἄνθρωποι
2707 2186 2864 2243 εἶναι.
2899 2189 2992 2252 Εἰς
3024 2190 3080 2244 δὲ
3108 2192 3205 2262 τὴν
3237 2192 3505 2260 Βηθανίαν
3536 2212 3722 2265 παρα-

2137 2278 2429 2345 γενόμενος
2463 2279 2662 2350 ἐρωτᾷ,
2697 2280 2798 2332 ποῦ
2835 2280 3085 2353 Λάζαρος
3118 2285 3294 2336 κεῖται
3317 2300 3332 2316 ·
3362 2284 3514 2352 ἔλεγε
3541 2285 3598 2338 δὲ
3627 2287 3724 2340 καὶ

2137 2371 2251 2431 τοῖς
2281 2370 2791 2438 μαθηταῖς,ΙΙὸσους
2819 2373 3018 2440 ἄρτους
3047 2374 3198 2443 ἔχετε
3225 2393 3238 2434 ;
3268 2375 3390 2438 Πῶς
3417 2376 3508 2428 οὖν
3533 2394 3718 2444 φασιν.

2137 2454 2290 2523 οὗτος
2329 2460 2489 2528 σοφία
2515 2463 2573 2513 ὲν
2601 2463 2760 2532 σοφίᾳ
2795 2464 3139 2532 προκόπτων,
3167 2465 3260 2518 καὶ
3289 2466 3500 2532 ἀγνοῶν
3529 2467 3564 2521 ἃ.
3589 2447 3722 2536 παρ’

2138 2549 2340 2619 ἐτέρων
2369 2549 2659 2619 μανθάνειν
2690 2549 2877 2620 ἠξίους
2911 2551 3033 2605 "Est
3054 2553 3110 2604 δὲ
3144 2553 3237 2606 καὶ
3270 2553 3428 2606 τοῦτο
3461 2557 3590 2625 παρ’
3617 2559 3720 2609 αὖ·

2137 2641 2245 2692 τῶν
2285 2640 2598 2713 λεγόμενον,
2629 2643 2752 2705 Πῶς
2792 2643 3014 2698 δύναται
3059 2645 3230 2714 Λόγος
3260 2646 3390 2711 ἴδιος
3433 2644 3571 2702 εἶναι
3622 2651 3720 2703 τοῦ

2138 2731 2371 2801 Πατρὸς,
2411 2729 2472 2787 οὗ
2501 2734 2630 2789 ἄνευ
2669 2736 2769 2788 οὐκ
2797 2731 2864 2805 ἦν
2900 2753 3027 2789 ποτε
3059 2738 3248 2808 Πατὴρ
3270 2778 3284 2798 .
3317 2739 3414 2792 καὶ
3443 2740 3510 2793 δι’
3545 2735 3607 2795 οὗ
3649 2744 3718 2796 τὰ

2138 2825 2319 2876 πάντα
2365 2823 2558 2885 ἐποίει,
2611 2825 2686 2888 ὡς
2746 2826 2904 2895 ὑμεῖς
2953 2830 3201 2895 φωνεῖτε,
3245 2830 3273 2882 ὁ
3322 2831 3416 2884 ἐπὶ
3473 2833 3572 2900 μὲν
3620 2834 3718 2887 τοῦ

2138 2915 2380 2983 Σταυροῦ
2413 2915 2585 2983 λέγων
2606 2934 2618 2947 °
2639 2917 2739 2970 Θεέ
2772 2919 3011 2987 μου,Θεέ
3037 2938 3159 2988 μου,
3192 2921 3334 2974 ῐνατί
3367 2940 3434 2991 με
3484 2927 3718 2992 ἐγκατέ-

2137 3003 2324 3068 λειπες
2351 3022 2366 3071 ;
2393 3005 2506 3074 Πρὸ
2539 3007 2595 3059 δὲ
2632 3006 2823 3060 τούτου
2857 3009 3145 3077 εὐχόμενος
3166 3023 3183 3042 ο
3213 3011 3447 3074 Δόξασόν
3489 3030 3583 3066 σου
3627 3016 3719 3066 τὸν

469 3101 633 3149 meus,
690 3103 855 3155 quare
893 3089 1213 3158 dereliquisti
1263 3093 1433 3144 me”?
1470 3091 1558 3146 Sic
1589 3097 1750 3149 etiam
1785 3111 2036 3168 precatus

2144 3097 2270 3150 Υίᾶν
2289 3113 2301 3126 ·
2319 3098 2414 3150 καί
2438 3099 2694 3162 ’Δοξασόν
2726 3116 2793 3170 με
2817 3102 2906 3166 σὺ,
2926 3101 3128 3171 Πάτερ,
3148 3105 3211 3173 τῇ
3230 3104 3375 3178 δόξῃ,
3399 3100 3594 3179 εἶχον
3614 3111 3718 3179 πρὸ

466 3188 580 3231 erat
596 3196 606 3231 :
623 3177 872 3246 Cleri/ica
896 3179 1086 3233 Filium
1104 3191 1249 3235 tuum
1270 3184 1326 3251 ⁹;
1358 3193 1442 3238 et:
1469 3184 1834 3260 Gloriﬁcd‘me,
1857 3191 2037 3260 Pater,

464 3269 636 3340 gloria
683 3288 842 3340 quam
889 3273 1047 3326 habui
1100 3278 1241 3344 apud
1319 3286 1386 3340 te,
1433 3278 1741 3346 priusquam
1815 3296 2037 3340 mundus

466 3363 614 3430 ﬁeret
647 3362 716 3414 ιο.
771 3363 1030 3419 Precatus
1075 3365 1204 3420 item
1256 3375 1342 3421 est
1396 3371 1450 3423 in
1503 3371 1841 3428 solitudine:
1877 3376 2038 3431 disci-

467 3454 731 3521 pulosque
760 3463 844 3508 est
881 3453 1131 3510 hortatus
1162 3457 1228 3510 ad
1263 3460 1552 3524 orandum,
1583 3478 1653 3517 ne
1683 3465 1951 3520 intrarent
1984 3469 2037 3521 in

467 3545 846 3597 tentationem.
878 3544 943 3599 Et
980 3564 994 3600 :
1027 3546 1258 3616 Spiritus
1285 3552 1514 3620 quidem,
1543 3553 1742 3619 aiebat,
1769 3567 2038 3626 promptus

465 3645 558 3692 est.
601 3651 724 3688 caro
766 3647 943 3691 autem
975 3639 1186 3707 inﬁrma
1219 3643 1284 3694 ιι.
1336 3642 1398 3696 Et
1429 3660 1442 3697 :
1470 3643 1542 3716 [te
1567 3646 1652 3698 die
1680 3656 1728 3700 et
1780 3649 1909 3702 hora
1943 3649 2036 3703 illa

469 3743 616 3780 nemo
645 3730 804 3790 novit,
841 3745 1003 3799 neque
1029 3732 1225 3801 angeli,
1255 3750 1419 3804 neque
1446 3735 1613 3790 Filius
1633 3738 1696 3791 ε’.
1735 3738 1811 3793 Ex
1839 3741 2039 3810 quibus

469 3821 696 3877 locisita
753 3823 987 3894 improbi
1018 3837 1513 3897 argumentantur:
1550 3830 1628 3892 Si.
1663 3839 1720 3886 ut
1753 3847 1850 3887 vos
1883 3843 2037 3903 puta-

467 3915 558 3978 tis.
607 3930 821 3985 semper
851 3915 1021 3972 Filius
1077 3920 1218 3987 apud
1270 3919 1484 3975 Patrem
1525 3923 1847 3988 exstitisset,
1893 3925 2037 3979 diem

469 4006 622 4060 illum
653 4010 878 4064 minime
910 4011 1206 4080 ignoraret,
1245 4013 1340 4067 sed
1371 4025 1627 4082 tanquam
1669 4016 1902 4070 Verbum
1945 4033 2037 4071 co-

467 4110 757 4167 gnosceret
795 4118 806 4152 :
858 4115 960 4154 nec
987 4102 1115 4155 item
1146 4119 1175 4156 a
1233 4103 1389 4157 Patre
1419 4105 1912 4174 derelinqueretur,
1943 4108 2036 4176 qui

471 4203 579 4241 una
631 4204 753 4242 cum
787 4190 907 4261 ipso
935 4193 1244 4258 exsisteret;
1303 4209 1407 4248 nec
1444 4196 1667 4264 gloriam
1712 4199 2034 4266 postularet,

2146 3188 2240 3242 τοῦ
2271 3189 2364 3242 τὸν
2399 3189 2602 3259 κόσμον
2635 3184 2778 3243 εῖναι
2817 3191 2967 3262 παρὰ
3000 3196 3114 3258 σοΐ,
3153 3197 3246 3247 καὶ
3282 3195 3478 3265 ηὔχετο
3509 3201 3567 3250 ἐν
3596 3203 3719 3261 ταῖς

2146 3280 2393 3347 ἐρήμοις,
2430 3281 2525 3334 καὶ
2545 3281 2886 3352 παρήγγελλε
2904 3286 3015 3347 τοῖς
3049 3285 3318 3355 μαθηταῖς
3350 3286 3605 3357 εὔχεσθαι
3641 3293 3718 3364 μὴ

2146 3369 2405 3422 εἰσελθεῖν
2419 3371 2496 3434 εἰς
2528 3372 2858 3442 πειρασμὸν,
2889 3373 2981 3425 καί
3007 3391 3019 3403 ·
3042 3375 3115 3428 Τὸ
3138 3376 3236 3444 μὲν
3263 3378 3483 3448 πνεῦμα
3512 3383 3720 3452 πρόθυ-

2150 3478 2248 3529 μον
2289 3461 2492 3529 ἔλεγεν,
2533 3465 2566 3532 ἡ
2611 3463 2669 3516 δὲ
2714 3463 2847 3534 σὰρξ
2882 3466 3151 3536 ἀσθενήςο
3174 3469 3269 3522 καὶ
3307 3471 3388 3523 ὃτι
3411 3485 3429 3504 ⁶
3458 3474 3590 3543 Περὶ
3617 3475 3717 3546 τῆς

2145 3552 2363 3622 ἡμέρας
2390 3555 2604 3624 ἐκείνης
2623 3595 2638 3620 ,
2670 3555 2766 3608 καὶ
2800 3558 2897 3624 τῆς
2926 3555 3074 3627 ὥρας
3105 3559 3277 3622 οὐδεὶς
3301 3556 3440 3615 οἶδεν
3459 3603 3474 3629 ,
3509 3564 3633 3618 οὔτε
3666 3570 3716 3621 oi

2146 3643 2392 3710 ἄγγελοι,
2422 3643 2545 3698 οὔτε
2578 3648 2604 3698 ὁ
2634 3646 2760 3708 Υἱός
2787 3663 2802 3710 ;
2839 3643 2970 3700 Εἶτα
3000 3648 3160 3702 πάλιν
3191 3653 3356 3717 φασὶν
3388 3654 3480 3706 ἐπὶ
3507 3655 3718 3722 τούτοις

2145 3737 2194 3788 οἱ
2222 3735 2477 3789 δείλαιοι·
2501 3737 2561 3789 El
2588 3733 2655 3808 ἦν
2681 3738 2820 3791 κατά
2847 3739 2946 3809 τὴν
2973 3741 3242 3813 ὑμετέραν
3273 3743 3513 3799 διάνοιαν
3529 3749 3715 3814 arato;

2146 3827 2405 3899 ὑπάρχων
2445 3829 2581 3900 πρὸς
2617 3829 2709 3884 τὸν
2741 3830 2907 3898 Θεὸν,
2941 3832 3064 3885 οὔτε
3098 3833 3163 3887 ἂν
3195 3835 3427 3905 ἠγνόησε
3461 3839 3713 3910 περὶτῆς

2145 3919 2381 3989 ἡμέρας,
2405 3919 2518 3973 ἀλλ’
2549 3919 2842 3989 ἐγίνωσκεν
2866 3922 2940 3984 ὡς
2963 3923 3134 3990 Λόγος
3155 3940 3169 3955 ο
3190 3924 3302 3976 οὐδ’
3320 3926 3388 3978 ἃν
3406 3927 3716 3992 ὲγκατελείυ

2144 4025 2274 4070 πετο
2304 4008 2379 4064 ὡς
2407 4011 2799 4080 συνυπάρχων,
2830 4011 2954 4066 οὔτε
2985 4012 3141 4078 δόξαν
3171 4013 3291 4085 ᾔτει
3320 4014 3538 4083 λαϐεῖν,
3573 4017 3714 4086 ἔχων

2145 4101 2312 4172 αὐτὴν
2358 4103 2416 4154 ὲν
2443 4102 2522 4171 τῷ
2559 4105 2756 4174 Πατρὶ,
2784 4104 2908 4158 οὔτε
2927 4106 3065 4168 ὅλως
3103 4105 3324 4176 ηὔχετοσ
3349 4109 3563 4172 οὐδενὸς
3601 4111 3715 4180 γὰρ

2142 4192 2216 4254 ὡς
2255 4193 2425 4260 Λόγος
2462 4192 2538 4246 ὢν
2575 4195 2770 4246 ἐδέετο·
2808 4194 2922 4246 ἀλλ’
2952 4198 3075 4248 ἐπεὶ
3113 4197 3319 4265 κτίσμα
3352 4198 3468 4250 ἐστὶ
3496 4200 3590 4252 καὶ
3628 4195 3714 4263 εἷς

469 4279 704 4348 quamin
737 4281 896 4334 Patre
923 4282 1166 4350 haberet;
1203 4299 1305 4340 nec
1335 4285 1571 4353 denique
1601 4302 1821 4356 prorsus
1849 4306 2036 4359 preca-

2142 4285 2249 4337 τῶν
2278 4284 2541 4357 γενητῶν,
2573 4284 2658 4338 διὰ
2685 4285 2840 4338 τοῦτο
2867 4285 3087 4340 τοιαῦτα
3111 4285 3283 4355 ἔλεγε,
3317 4290 3411 4341 καὶ
3439 4289 3610 4342 ἐδέετο
3636 4284 3712 4344 ἄν

470 4377 642 4433 retur,
673 4374 870 4440 quippe
895 4373 1010 4442 qui.
1037 4384 1096 4428 ut
1128 4374 1385 4440 Verbum,
1419 4377 1563 4432 nulla
1604 4379 1828 4434 omnino
1860 4396 1919 4435 re
1948 4382 2036 4435 in-

2142 4376 2240 4428 οὐκ
2262 4371 2393 4446 εἷχε.
2419 4376 2744 4445 κτισμάτων
2764 4376 2871 4447 γὰρ
2893 4377 3021 4430 ῐδιον
3035 4375 3094 4430 τὸ
3117 4378 3282 4447 χρήζε
3293 4396 3358 4444 ιν,
3383 4381 3478 4432 καὶ
3495 4379 3712 4435 δέεσθαι

468 4459 699 4526 digeret.
731 4460 930 4517 Verum
962 4466 1088 4534 quia
1117 4475 1170 4520 et
1201 4474 1417 4522 creatus
1451 4479 1646 4524 eratet
1677 4486 1786 4525 una
1811 4486 1841 4526 e
1875 4473 2036 4528 rebus

2141 4459 2214 4518 ὧν
2246 4466 2346 4519 οὐκ
2375 4464 2576 4536 ἔχουσι.
2608 4464 2846 4518 Τοιαῦτα
2879 4466 2979 4536 μὲν
3003 4464 3096 4518 οὖν
3123 4467 3172 4518 οἱ
3206 4466 3420 4529 ἀσεϐεῖς
3447 4468 3711 4539 ἐξάρχον-

471 4551 651 4614 factis,
701 4551 828 4608 hinc
881 4554 956 4608 ita
1002 4556 1342 4626 loquebatur,
1376 4558 1568 4627 hisque
1611 4561 1882 4630 indigebat
1914 4580 2035 4633 qua:

2141 4573 2230 4610 ται
2247 4555 2444 4609 λαλεῖν.
2473 4557 2618 4609 Ἔδει
2639 4556 2698 4609 δὲ
2721 4557 2893 4609 ταῦτα
2916 4557 3295 4626 λογιζομένους
3312 4561 3489 4613 εἰπεῖν
3513 4561 3713 4624 αὐτοὺς

471 4658 583 4698 non
609 4643 725 4714 ipse
752 4645 1002 4702 habebat.
1042 4647 1323 4718 Siquidem
1350 4665 1534 4704 rerum
1568 4660 1873 4707 creatarum
1905 4669 2035 4723 pro-

2141 4649 2233 4702 καὶ
2256 4649 2670 4718 τολμηρότεροψ
2695 4649 2846 4702 Διατ“ι
2871 4649 3005 4710 ὅλως
3033 4649 3170 4718 σὰρξ
3194 4649 3440 4718 ἐγένετο;
3474 4653 3583 4705 Καὶ
3606 4656 3716 4708 πά-

476 4737 650 4807 prium
695 4747 779 4794 est
833 4740 918 4793 his
999 4740 1242 4811 indigere
1293 4758 1414 4811 qua:
1465 4759 1575 4798 non
1625 4744 1846 4797 habent.
1895 4745 2036 4800 llaec

2141 4741 2222 4793 λιν
2247 4741 2492 4792 ἐπειπεῖν
2512 4753 2527 4767 ⁸
2560 4739 2680 4801 Πῶς
2701 4739 2809 4808 γὰρ
2829 4737 3057 4808 ἠδύνατο
3079 4739 3209 4802 Θεὸς
3235 4738 3310 4791 ὢν
3336 4742 3587 4809 γενέσθαι
3617 4745 3714 4799 ἇν-

475 4831 637 4900 igitur
679 4841 959 4903 suntquae
1011 4833 1161 4904 impii
1210 4835 1539 4891 insaniendo
1572 4837 1882 4907 proferunt.
1934 4839 2036 4905 Qui

2144 4832 2358 4901 θρωπος
2385 4848 2400 4896 ;
2434 4833 2502 4882 Ἢ
2529 4830 2643 4892 πῶς
2672 4831 2906 4900 ἠδύνατο
2932 4832 3002 4884 ἀσ
3022 4832 3220 4901 ὕματος
3250 4833 3406 4902 σῶμα
3440 4837 3670 4905 φορέσαι
3695 4857 3709 4893 :

471 4921 718 4989 quidem,
738 4940 860 4978 cum
886 4942 971 4980 res
997 4927 1306 4996 huiusmodi
1334 4931 1594 4999 cogitent,
1627 4941 1848 5000 possent
1877 4933 2036 4986 etiam

2147 4924 2212 4977 Ἦ
2263 4927 2356 4977 καὶ
2405 4922 2838 4992 Ἰουδαῖκὼτερον
2884 4925 3024 4977 κατὰ
3073 4924 3164 4976 τὸν
3214 4925 3467 4992 Καϊάφαν
3495 4929 3669 4978 εἰπεῖν
3698 4943 3714 4959 ·

469 5012 733 5067 audacius
764 5015 1138 5086 interrogare:
1171 5019 1347 5082 Quare
1381 5021 1611 5076 omnino
1647 5021 1880 5076 Verbum
1915 5040 2036 5078 caro

2143 5019 2296 5072 Διατί
2337 5017 2469 5078 ὅλως
2510 5015 2793 5086 ἄνθρωπος
2813 5014 2888 5067 ὢν
2923 5014 3054 5068 Θεὸν
3089 5015 3274 5069 ἑαυτὸν
3314 5019 3490 5081 ποιεῖ;
3525 5018 3714 5072 Ταῦτα

474 5104 677 5160 factum
732 5106 834 5172 sit;
870 5117 1093 5179 tumque
1126 5109 1454 5182 subiungere
1498 5129 1511 5164 ι
1577 5113 1865 5178 Quomodo
1895 5118 2036 5169 enim

2142 5111 2250 5182 γὰρ
2287 5111 2379 5163 καὶ
2422 5109 2488 5162 τὰ
2527 5108 2738 5171 τούτοις
2771 5109 3130 5180 παραπλήσια
3168 5109 3287 5161 τότε
3320 5108 3418 5176 μὲν
3470 5110 3713 5165 Ἰουδαῖιι

475 5195 566 5248 ille
595 5199 683 5265 qui
717 5198 855 5254 Deus
881 5212 1020 5263 erat,
1046 5202 1207 5255 homo
1239 5204 1387 5272 potui
1451 5203 1630 5258 ﬁerit?
1659 5204 1750 5260 Vel
1773 5207 2036 5274 quomoda

2147 5204 2427 5271 βλέποντες
2490 5200 2818 5270 ἐγόγγυζον,
2879 5199 2971 5254 νῦν
3027 5200 3084 5254 δὲ
3145 5200 3606 5267 ἀναγινώσκοντες
3659 5207 3710 5256 οἱ

479 5288 568 5342 ille
606 5290 696 5358 qui
726 5294 969 5362 corporis
987 5309 1182 5364 expers
1214 5304 1318 5353 est.
1355 5311 1554 5366 corpus
1587 5301 1761 5368 potuit
1795 5300 2036 5369 gestarel

2147 5296 2552 5366 ’Δρειομανίται
2588 5291 2898 5356 ἀπιστοῦσι,
2923 5294 3016 5345 καὶ
3047 5293 3126 5354 εἰς
3155 5291 3510 5363 βλασφημίαν
3546 5295 3714 5347 ἐκπε-

478 5377 593 5434 lmo
623 5385 756 5450 quin
777 5383 997 5440 Judzeos
1029 5387 1211 5456 potius
1267 5387 1556 5444 imitentur
1593 5400 1652 5445 et
1685 5408 1806 5447 cum
1833 5392 2036 5464 Caipha

2150 5389 2450 5444 πτώκασιν.
2481 5385 2550 5442 Et
2569 5404 2653 5450 τις
2679 5381 2772 5440 οὖν
2800 5386 2864 5438 ὲκ
2890 5385 3234 5456 παραλλήλου
3267 5384 3334 5437 τὰ
3360 5383 3580 5451 τούτων,
3617 5403 3716 5438 κα-

2627 5591 2682 5624 ⁸’
2732 5592 2864 5647 Luc.
2896 5607 2958 5655 ιι,
2991 5590 3078 5644 52.

2838 5662 2884 5695 ¹⁰
2912 5661 3070 5717 Joan.
3116 5672 3254 5724 xm,
3289 5662 3342 5712 5.

3190 5588 3212 5620 ⁵
3238 5586 3434 5643 Matth.
3470 5607 3581 5654 xvt,
3619 5592 3710 5646 13.

3193 5672 3254 5716 II.
3289 5662 3342 5712 5.
3445 5661 3486 5693 “
3514 5663 3710 5716 Matth.

3568 5679 3711 5717 αιιιι.

595 5591 613 5622 ⁸
657 5592 817 5646 Joan.
849 5609 948 5661 xu,
977 5594 1068 5659 9'7,
1099 5593 1188 5648 28.
1302 5598 1324 5630 ³
1377 5594 1562 5652 Matth.
1602 5612 1747 5651 sxw.
1781 5595 1868 5650 30.
1983 5597 2004 5628 ⁸

2141 5609 2216 5650 ιη.
2262 5610 2376 5659 xm,
2421 5596 2513 5648 21.

477 5662 499 5691 ⁸
547 5661 702 5732 Joan.
735 5677 810 5724 tu,
843 5664 956 5732 178.,
1005 5666 1022 5695 ⁷
1078 5663 1242 5718 Marc.
1273 5682 1346 5728 vr,
1388 5667 1476 5720 58.
1575 5667 1595 5698 ⁸
1643 5665 1833 5722 Matth.
1865 5683 2032 5731 nm,
2069 5665 2160 5720 46.
2253 5669 2273 5699 ⁹
2330 5665 2488 5720 Joan.
2519 5680 2615 5732 xu,
2648 5662 2739 5717 28.

482 5745 628 5792 nrt,
679 5729 768 5780 41.
843 5731 1080 5786 "Marc.
1149 5749 1266 5797 xm,
1307 5737 1394 5790 52.
