4094 6204
322 331 421 396 4Ξ1

1327 334 1699 396 ΡᾹΝΟΡῙᾸΑ
1742 336 2199 403 DOGMATICA.
2239 365 2308 378 ·-
2340 343 2487 403 ΤιΤ.
2516 345 2619 405 XI.

3476 345 3584 413 422

318 446 519 501 κείνων
540 445 786 511 ἐξετάζοι
811 450 1051 520 ῥήματα,
1084 447 1305 518 εὑρήσει
1334 449 1551 509 πάντως
1577 449 1658 512 είς
1682 448 1779 520 τὴν
1808 449 1898 502 αὐ-

2007 454 2242 510 clament
2267 474 2279 510 -.
2308 456 2420 511 Cur
2436 456 2705 520 Christus.
2728 456 2815 526 qui
2840 458 3005 512 homo
3030 466 3134 525 est,
3153 459 3391 528 seipsum
3410 457 3581 516 Deum

314 536 418 609 τὴν
455 536 658 600 αὐτοὺς
699 541 1077 602 συναντῶντας
1115 540 1397 605 ἀπιστίαν,
1440 541 1537 592 καὶ
1578 540 1700 610 ἴσην
1733 540 1914 595 αὐτῶν

238 650 242 654 ·
312 630 418 695 τῆς
448 629 708 691 ἀσεϐείας
750 631 849 700 τὴν
879 631 1105 700 τόλμαν,
1143 632 1236 683 καὶ
1280 633 1467 702 κοινὴν
1513 632 1694 686 αὐτῶν
1746 632 1913 687 οὖσαν

312 722 413 789 τὴν
444 720 584 789 πρὸς
611 722 763 790 ἡμᾶς
795 722 995 791 μάχην.
1036 722 1278 777 Ἰουδαῖοι
1306 724 1407 793 μὲν
1424 723 1532 793 γὰρ
1553 725 1738 791 ελεγον
1755 740 1767 753 ·
1788 723 1911 788 Πῶς

318 811 642 881 ’Ἀνθρωπος
672 811 769 879 ὢν,
796 813 1016 868 δύναται
1047 815 1179 878 Θεὸς
1201 812 1341 868 εἶναι
1370 832 1384 880 ;
1434 818 1700 887 ‘Apstavol
1716 817 1773 870 δέ
1797 832 1811 846 '
1846 817 1911 871 El

312 906 449 968 θεὸς
492 901 851 977 ἦν’ἁληθινὸς
894 910 959 961 ἐκ
1002 910 1090 961 τοῦ
1137 909 1295 971 Θεοῦ,
1348 911 1579 980 ἠδύνατο
1624 911 1910 975 ἄνθρωπος

315 999 604 1061 γενέσθαις
642 1001 737 1051 καὶ
781 1000 1025 1053 Ἰουδαῖοι
1056 1001 1528 1065 ἐσκανδαλίζοντο,
1565 1003 1660 1055 καὶ
1694 1001 1910 1071 ἐχλεύα⁶

314 1090 409 1152 ζον
429 1089 708 1157 λέγοντες·
735 1094 847 1146 Οὐκ
869 1093 934 1146 ἂν
958 1087 1019 1146 οὗ
1036 1111 1137 1158 :o;,
1156 1096 1204 1148 εί
1231 1091 1297 1165 ἦν
1320 1095 1404 1147 Υί’
1420 1113 1447 1157 ς
1468 1095 1626 1160 Θεοῦ,
1648 1096 1906 1165 ὑπέμεινε

314 1182 574 1247 σταυρόν.
620 1185 888 1252 ’Δρειανοὶ
925 1184 982 1237 δὲ
1027 1187 1109 1248 είς
1155 1187 1216 1237 τὺ
1259 1186 1592 1257 καταντικρὺ
1618 1188 1907 1258 στήκοντες

311 1272 499 1323 αὐτῶν
541 1275 843 1340 φάσκουσιν
870 1277 1002 1345 ἡμῖν
1024 1317 1038 1339 ,
1100 1279 1221 1339 Πῶς
1254 1277 1486 1347 τολμᾶτε
1518 1278 1699 1345 λέγειν
1732 1280 1903 1346 Λόγον

316 1363 453 1414 ἴδιον
486 1362 625 1417 εἶναι
651 1366 749 1432 τῆς
781 1367 874 1419 τοῦ
909 1369 1119 1438 [ἰατρὸς
1147 1370 1336 1431 οὐσίας
1366 1371 1456 1422 τὸν
1486 1372 1680 1438 ἔχοντα
1712 1370 1900 1439 σῶμα;

326 1448 466 1506 Εἶτα
503 1455 611 1505 τῶν
663 1457 934 1510 Ἰουδαίων
966 1459 1273 1527 ζητούντων
1306 1460 1627 1514 ἀποκτεῖναι
1660 1461 1749 1512 τὸν
1785 1461 1902 1513 Κύ-

322 1561 462 1613 ριον,
510 1546 593 1599 ὅτι
644 1547 864 1617 Πατέρα
904 1548 997 1601 τὸν
1034 1549 1166 1602 Θεδν
1204 1549 1391 1619 ἔλεγεν
1434 1551 1562 1603 ίδιον
1602 1545 1763 1614 εἶναι,
1805 1551 1901 1606 καὶ

318 1636 434 1687 ἴσον
457 1637 651 1689 ὲαυτὶν
674 1640 848 1691 ἐποίει
878 1639 1239 1709 ἐργαζόμενος
1263 1641 1298 1694 ἃ
1321 1643 1611 1710 ὲργᾶζεται
1639 1644 1664 1693 ὀ
1686 1642 1896 1713 Πατὴρ,

2015 548 2147 603 fecit
2181 549 2196 579 ¹
2233 550 2255 601 ?
2308 550 2395 604 lus
2448 549 2595 603 enim
2626 557 2681 604 et
2712 550 2983 605 similibus
3028 551 3376 617 sermonibus
3405 550 3578 607 Judasi

2011 640 2147 695 olim
2196 640 2600 709 obstrepebant,
2653 656 2776 697 cum
2815 641 2930 696 haec
2966 643 3238 702 viderent,
3267 657 3387 712 quae
3426 657 3575 698 nunc

2011 730 2196 785 Ariani
2252 730 2512 800 legentes,
2568 732 2765 785 nolnnt
2815 731 3064 795 credere,
3096 730 3194 787 sed
3223 734 3290 786 ad
3322 733 3580 801 blasphe-

2012 824 2153 876 mias
2203 821 2407 891 delapsi
2471 831 2620 874 sunt.
2681 821 2735 874 Si
2769 822 2893 889 quis
2958 822 3125 891 igitur
3168 822 3484 877 Judazorum
3521 830 3580 877 et

2010 913 2334 968 Arianorum
2391 914 2554 966 verba
2591 913 2730 966 inter
2761 928 2820 967 se
2863 913 2992 967 velit
3036 913 3308 975 conferre,
3337 913 3385 966 is
3419 913 3577 968 facile

2008 1005 2304 1074 perspiciet
2327 1005 2447 1060 illos
2469 1006 2523 1057 in
2556 1005 2807 1058 eamdem
2830 1005 3055 1059 omnino
3084 1005 3458 1059 inﬁdelitatem
3493 1007 3578 1058 in-

2006 1112 2253 1160 currere,
2283 1113 2580 1167 paremque
2609 1112 2801 1152 eorum
2832 1097 3165 1165 impietatem
3188 1105 3241 1151 et
3268 1096 3573 1161 audaciam,

2006 1203 2069 1242 ac
2106 1203 2454 1242 communem
2488 1188 2600 1241 illis
2631 1196 2824 1242 contra
2854 1201 2956 1240 nos
2984 1200 3108 1240 esse
3146 1201 3406 1255 pugnam.
3436 1184 3574 1239 Nam

2002 1279 2177 1335 ludzei
2224 1282 2447 1349 quidem
2504 1282 2767 1335 aiebant:
2836 1279 2939 1345 Qui
2996 1279 3111 1333 ﬁeri
3146 1286 3326 1347 potest
3391 1286 3452 1332 ut
3485 1278 3575 1333 ille

2002 1374 2094 1442 qui
2130 1375 2291 1427 homo
2320 1384 2426 1434 est,
2476 1373 2616 1427 Deus
2648 1374 2767 1427 sit?
2804 1373 2991 1426 Ariani
3019 1385 3148 1425 vero
3178 1388 3192 1424 :
3227 1371 3286 1425 Si
3311 1371 3453 1423 Deus
3483 1385 3573 1424 ve-

2002 1479 2096 1518 rus
2145 1474 2312 1519 estex
2370 1467 2497 1528 Deo,
2529 1481 2635 1533 quo
2673 1473 2830 1534 pacto
2868 1465 3046 1533 potuit
3075 1463 3190 1516 tieri
3219 1461 3385 1515 homo
3419 1461 3443 1514 ?
3471 1460 3573 1515 Ju-

1999 1556 2098 1611 dzei
2132 1564 2391 1626 praeterea
2428 1557 2744 1611 scandalum
2762 1556 3127 1626 patiebantur,
3150 1553 3573 1624 hujttsmodique

2002 1647 2396 1702 cavillabantur
2427 1646 2607 1702 verbis
2642 1664 2655 1699 :
2695 1645 2752 1699 Si
2794 1645 2961 1700 Filius
2992 1644 3084 1699 Dei
3117 1654 3263 1700 esset
3294 1645 3417 1707 iste,
3447 1658 3574 1697 cru-

316 1726 527 1791 ἔμαθον
548 1730 598 1780 οἱ
621 1727 893 1796 Ἀρειανοὶ
916 1732 1095 1798 λέγειν
1121 1733 1209 1785 καὶ
1237 1733 1411 1796 αὐτοὶ,
1432 1734 1510 1785 ὅτι
1531 1733 1655 1786 οὔτε
1685 1735 1798 1797 ῐσος
1821 1734 1897 1805 τῷ

2002 1753 2119 1793 cem
2152 1754 2261 1793 non
2291 1738 2595 1793 tolerasset.
2618 1736 2694 1790 Ex
2728 1738 2951 1792 adversa
3015 1747 3199 1791 autem
3230 1744 3382 1805 parte
3412 1734 3573 1788 Aria-

318 1817 443 1886 Θεῷ
475 1820 647 1883 ἐστιν,
678 1819 801 1871 οὔτε
839 1822 1029 1891 Πατὴρ
1062 1823 1189 1885 ίδιίς
1215 1825 1327 1876 ἐστι
1363 1824 1454 1876 καὶ
1484 1824 1643 1893 φύσει
1673 1825 1767 1877 τοῦ
1795 1803 1898 1879 Λόέ

2004 1827 2061 1879 ni
2092 1826 2208 1879 haec
2238 1842 2338 1879 nos
2359 1828 2695 1894 interrogant
2747 1844 2760 1879 :
2793 1826 2972 1890 Quare
3018 1840 3335 1879 asseverare
3361 1824 3576 1879 audetis

318 1923 419 1969 γου
456 1911 486 1960 ὁ
517 1909 654 1971 Oed;
677 1928 690 1940 '
749 1906 1040 1975 ἀλλάτοὺς
1074 1914 1140 1967 τὰ
1178 1914 1403 1967 τοιαῦτα
1437 1917 1765 1986 φρονοῦντας
1801 1918 1901 1989 ζη-

314 1999 507 2051 τοῦσιν
536 2001 877 2058 ἀποκτεῖναι.
903 2004 1071 2059 Πάλιν
1097 2022 1154 2059 τε
1182 2006 1288 2059 τῶν
1316 2007 1588 2062 Ἰουδαίων
1608 2009 1895 2077 λεγόντων

312 2093 441 2159 οὐχ
464 2087 645 2162 οὗτός
674 2094 850 2149 ἐστιν
887 2096 1118 2164 Ἰησοῦς
1135 2101 1167 2152 ό
1195 2099 1325 2164 Υἱὸς
1369 2098 1607 2168 Ἰωσὴφ.
1626 2096 1698 2156 οὗ
1724 2100 1900 2168 ἡμεῖς

314 2183 572 2251 οἴδαμεν
591 2185 696 2240 τὸν
722 2188 967 2257 πατέρα,
986 2191 1087 2245 καί
1111 2191 1226 2256 τὴν
1243 2191 1499 2260 μητέρα;
1520 2192 1643 2253 Πῶς
1666 2188 1781 2247 οὖν
1799 2192 1901 2246 λέ-

315 2292 407 2341 γει
432 2293 446 2305 ο
474 2279 632 2344 Πρὶν
680 2280 935 2350 Ἀϐραὰμ
965 2281 1242 2351 γενέσθαι
1268 2283 1381 2352 ἐγώ
1402 2287 1538 2353 είμι,
1567 2283 1663 2337 καί
1687 2284 1756 2337 ἐκ
1787 2284 1893 2337 τοῦ

314 2369 586 2435 οὐρανοῦ
630 2374 1043 2440 καταϐέϐηκα;
1087 2374 1445 2445 ΟίἎρειανοὶ
1469 2373 1893 2427 ἐπακολουθοῦσι

315 2462 413 2513 καὶ
435 2461 592 2515 αὐτοὶ
617 2462 813 2528 ὲξῐτου
834 2464 1086 2532 λέγοντες
1107 2481 1122 2498 ο
1144 2464 1268 2528 Πῶς
1293 2464 1517 2519 δύναται
1543 2465 1711 2531 Λόγος
1729 2459 1891 2529 εἶναι,

314 2553 345 2622 ἢ
371 2552 512 2615 θεὸς
535 2553 563 2604 6
588 2554 931 2625 κοιμώμενος
960 2556 1035 2619 ὠς
1057 2555 1362 2625 ἄνθρωπος,
1408 2556 1505 2609 καλ
1537 2555 1761 2616 κλαίων,
1797 2555 1895 2607 καὶ

314 2642 727 2713 πυνθαννεμενος
752 2661 767 2709 ;
810 2645 1135 2714 Ἀμφότεροι
1168 2645 1261 2699 οὖν
1289 2648 1351 2699 ὲκ
1380 2646 1488 2699 τῶν
1517 2645 1892 2714 ἀνθρωπίνων,

308 2723 394 2784 ὧν
427 2731 726 2802 ὑπέμεινεν
760 2735 789 2787 ὁ
822 2734 1014 2804 Σωτὴρ
1042 2733 1107 2787 δι’
1137 2736 1201 2804 ἦν
1235 2732 1348 2804 εἶχε
1382 2733 1578 2805 σάρκα,
1604 2732 1893 2803 ἀρνοῦνται

312 2822 420 2890 τὴν
447 2821 732 2892 άῖδιότητα
762 2826 859 2877 καὶ
888 2826 1117 2893 θεότητα
1151 2825 1243 2879 τοῦ
1274 2827 1472 2894 Λόγου.

2000 1916 2152 1970 illum
2205 1917 2484 1985 proprium
2530 1926 2741 1969 natum
2783 1915 2963 1971 Patris
3001 1915 3237 1969 Verbum
3294 1929 3437 1978 esse,
3480 1914 3574 1982 qui

2010 2022 2210 2076 corpus
2243 2006 2387 2075 quod
2423 2007 2532 2075 pati
2564 2007 2740 2076 possit
2773 2005 2979 2060 habet?
3028 2004 3198 2059 Judzi
3229 2003 3356 2057 item
3392 2001 3575 2055 Domi-

1999 2113 2129 2150 num
2166 2098 2471 2152 necandum
2504 2098 2838 2167 qumrebant,
2873 2097 3016 2165 quod
3048 2095 3237 2160 Deum,
3265 2108 3426 2148 suum
3449 2108 3576 2148 esse

1997 2189 2210 2244 Patrem
2247 2190 2473 2253 diceret,
2498 2174 2660 2259 eique
2692 2203 2752 2243 se
2782 2203 2966 2257 parem
3003 2186 3231 2253 laceret,
3264 2200 3386 2240 cum
3418 2199 3477 2239 se
3509 2200 3575 2239 ea

1998 2293 2159 2348 agere
2209 2293 2330 2347 quae
2361 2278 2449 2333 ille
2479 2280 2591 2350 agit
2626 2288 2937 2333 testaretur.
2971 2278 3171 2331 Eadem
3225 2290 3442 2345 quoque
3489 2282 3576 2329 est

1999 2369 2331 2421 Arianorum
2377 2369 2649 2433 doctrina,
2703 2368 2857 2423 illum
2905 2381 3107 2436 nempe
3154 2380 3335 2435 neque
3386 2380 3574 2435 parere

1999 2475 2121 2513 esse
2182 2460 2310 2522 Deo,
2371 2474 2551 2528 neque
2603 2458 2771 2513 Deum
2820 2458 3101 2528 praprium
3149 2472 3213 2511 ac
3269 2457 3574 2510 naturalem

2002 2550 2161 2605 Verbi
2190 2551 2409 2605 Patrem
2438 2566 2561 2605 esse
2608 2568 2621 2605 :
2673 2552 2804 2620 quin
2828 2551 2992 2605 etiam
3043 2549 3181 2613 illos,
3216 2548 3304 2618 qui
3339 2548 3411 2601 ita
3446 2563 3577 2601 sen-

2000 2640 2164 2703 tiunt,
2201 2640 2266 2695 ad
2293 2656 2482 2697 necem
2519 2642 2864 2712 perquirunt.
2914 2639 3141 2709 Insuper
3178 2640 3224 2693 is
3264 2647 3382 2693 erat
3407 2638 3571 2692 etiam

2000 2733 2309 2788 Judzeorum
2359 2749 2541 2789 sermo
2596 2752 2610 2788 :
2670 2734 2857 2788 Nonne
2902 2734 2984 2787 hic
3012 2744 3085 2788 est
3118 2731 3290 2786 Filius
3352 2731 3571 2799 Ioseph,

2003 2824 2154 2893 cujus
2199 2841 2293 2880 nos
2334 2836 2542 2895 patrem
2590 2835 2639 2880 et
2698 2838 2923 2880 matrem
2972 2825 3246 2879 nouimus?
3301 2824 3574 2888 Quomodo

311 2907 488 2983 igitur
541 2913 708 2978 dicit,
744 2916 1059 2984 Priusquam
1098 2917 1365 2971 Abraham
1428 2918 1595 2985 ﬁeret,
1631 2933 1721 2987 ego
1750 2932 1888 2979 sum,
1919 2927 1964 2969 et
2007 2918 2070 2970 de
2117 2918 2245 2971 caelo
2279 2919 2590 2973 descendi’.
2621 2918 2826 2974 JlldaBlS
2863 2915 3219 2972 consentiunt
3249 2913 3461 2975 Ariani,
3496 2920 3571 2965 at-

309 3022 426 3071 que
458 3006 565 3062 ista
599 3008 807 3073 pariter
823 3010 1159 3065 decantant:
1202 3010 1304 3077 Qui
1368 3011 1483 3065 fieri
1521 3021 1698 3079 potest
1731 3020 1790 3063 ut
1821 3010 1913 3063 ille
1951 3010 2023 3063 sit
2083 3010 2314 3064 Verbum
2380 3012 2465 3065 vel
2522 3011 2685 3076 Deus,
2716 3011 2808 3080 qui
2865 3009 3087 3073 dormit,
3124 3015 3185 3061 ut
3242 3006 3426 3068 homo,
3481 3006 3571 3071 qui

311 3098 411 3155 ﬂet
466 3111 525 3156 et
584 3102 919 3177 interrogat?
980 3105 1205 3161 Scilicet
1235 3107 1474 3175 utrique,
1513 3106 1782 3159 humanas
1813 3114 2034 3174 propter
2094 3105 2434 3168 aﬂ’ectiones,
2494 3106 2697 3175 quibus
2753 3119 2851 3173 pro
2906 3103 3109 3171 carnis,
3151 3115 3316 3172 quam
3374 3098 3571 3161 induit,

307 3190 622 3249 conditioni
651 3210 711 3251 se
740 3197 977 3267 subjecit
1014 3196 1287 3263 Salvator,
1334 3194 1496 3252 Verbi
1527 3196 1915 3267 proprietatem
1946 3204 2002 3250 et
2028 3195 2371 3251 divinitatem
2400 3197 2681 3268 rejiciunt.

326 3336 433 3389 Ἐκ
483 3335 596 3406 τοῦ
642 3336 831 3391 αὐτοῦ
878 3338 1024 3406 λόγο

390 3405 567 3495 ἁγίας
588 3406 687 3487 sca}
714 3408 897 3495 θείας.
910 3404 1310 3495 Γραςξὶξςζότί
1323 3406 1573 3495 [Gut/.117?
1610 3404 1734 3495 owe
1770 3408 1886 3495 την

386 3473 524 3596 negl
574 3474 683 3528 τοῦ
725 3473 1003 3558 ρωτῆρος
1034 3473 1434 3564 ἐέπαγτελίαν,
1489 3473 1605 3542 τὴν
1656 3477 1773 3544 μὲν
1809 3477 1890 3542 ὡς

388 3544 463 3614 dt
494 3545 591 3598 ίου
618 3547 755 3614 Υίου
786 3546 881 3599 καὶ
915 3548 1084 3605 Θεου,
1111 3546 1228 3612 τὴν
1254 3546 1322 3598 δὲ
1349 3564 1429 3611 ως
1451 3546 1709 3614 ὕστερον
1743 3548 1892 3614 ἁλη-

389 3586 641 3678 ἦέἷαῖ
661 3586 904 3681 ὶὶῖιεῗῦὶ
917 3586 1538 3684 ἱὶῖιζὶθὶνῖιὲιῖεἷγέἐτέἔ.

390 3728 610 3792 Σκοπὸς
650 3730 832 3782 τοίνυν
879 3720 1036 3793 οὗτος
1086 3731 1180 3785 καὶ
1232 3730 1520 3802 χαρακτὴρ
1581 3731 1683 3798 τῆς
1734 3730 1901 3795 ἁγίας

317 3819 571 3884 Γραφῆς,
591 3815 667 3878 ὼς
695 3813 955 3876 πολλάκις
975 3812 1228 3885 εἴπομεν,
1256 3812 1452 3883 διπλῆν
1479 3808 1622 3865 εἶναι
1649 3812 1748 3884 τὴν
1773 3812 1903 3883 περὶ

316 3899 419 3954 τοῦ
453 3900 705 3970 Σωτῆρος
747 3901 1079 3970 ἐπαγγελίαν
1149 3922 1175 3940 ο
1274 3901 1333 3954 ἐν
1376 3902 1548 3972 αὐτῇο
1581 3902 1664 3954 ὅτι
1707 3918 1767 3954 τε
1810 3902 1901 3956 ἀεὶ

316 3990 460 4055 Θεὸς
480 3986 548 4062 ἦν
566 3993 660 4046 καὶ
683 3993 812 4056 Υίός
844 3995 979 4058 ἐστι,
1009 3993 1181 4061 Λόγος
1204 3991 1281 4048 ὢν
1306 3994 1403 4048 καὶ
1429 3992 1771 4070 ἀπαύγασμα
1805 3996 1901 4049 καὶ

318 4078 491 4149 σοφία
515 4079 609 4132 τοῦ
643 4080 887 4153 Πατρός·
918 4082 1015 4138 καὶ
1037 4083 1120 4136 ὅτι
1150 4081 1407 4154 ὕστερον,
1441 4083 1508 4137 δι’
1534 4085 1684 4155 ἡμᾶς
1719 4084 1900 4156 σάρκα

315 4166 507 4222 λαϐὼν
533 4170 600 4222 ἐκ
630 4169 910 4241 Παρθένου
942 4163 1045 4242 τῆς
1074 4172 1337 4226 Θεοτόκου
1522 4173 1763 4244 Μαρίας,
1807 4175 1902 4229 ἄν·

318 4254 542 4326 ορωπος
568 4258 779 4327 γέγονε.
817 4260 926 4313 Καὶ
946 4260 1061 4313 ἔστι
1084 4261 1182 4330 μὲν
1197 4260 1387 4315 τοῦτον
1414 4263 1592 4336 εὑρεῖν
1607 4261 1695 4315 διὰ
1718 4264 1899 4335 πάσης

314 4345 421 4416 τῆς
451 4344 811 4401 θεοπνεύστου
840 4350 1063 4421 Γραφῆς
1101 4351 1519 4422 σημαινόμενον,
1568 4353 1645 4417 ὡς
1676 4354 1837 4418 αὐτὸς
1869 4356 1899 4409 ὁ

1027 3354 1065 3392 υ
1122 3338 1256 3405 περὶ
1308 3337 1415 3392 τοῦ
1476 3338 1713 3405 σκοποῦ
1771 3336 1882 3404 τῆς

1999 3338 2074 3394 E1:
2102 3341 2278 3393 eodem
2302 3337 2687 3394 libro.Sancta2
2745 3349 2794 3392 et
2821 3337 3014 3392 divina
3043 3335 3333 3404 Scriptura:
3379 3348 3572 3402 prapo-

2055 3418 2216 3461 sttum
2247 3417 2455 3473 esse,ut
2519 3409 2798 3477 dupliciter
2852 3408 2915 3460 de
2968 3405 3245 3477 Servatore
3295 3405 3571 3477 loquatur,

2059 3488 2166 3531 tum
2192 3487 2247 3529 ut
2274 3479 2336 3531 de
2369 3472 2680 3541 sempiterno
2715 3476 2847 3531 Filio
2874 3485 2924 3530 et
2955 3476 3081 3539 Deo,
3112 3486 3219 3527 tum
3244 3483 3300 3526 ut
3336 3476 3399 3526 de
3454 3472 3567 3537 illa,

2056 3549 2146 3613 qui
2175 3558 2357 3617 postea
2395 3563 2514 3601 vere
2540 3547 2867 3616 perfectaque
2896 3546 3069 3615 factus
3088 3546 3157 3598 sit
3187 3545 3363 3597 homo.

2060 3728 2162 3784 llic
2227 3727 2392 3798 igitur
2457 3741 2659 3797 seopus
2732 3735 2789 3782 et
2865 3726 3153 3781 character
3208 3732 3293 3779 est
3371 3732 3573 3778 sanctae

2002 3806 2315 3876 Scriptura,
2350 3812 2426 3865 uti
2453 3828 2593 3880 saepe
2618 3815 2880 3878 diximus,
2918 3832 3110 3886 nempe
3139 3823 3195 3872 ut
3225 3815 3334 3869 duo
3361 3816 3428 3870 de
3453 3815 3575 3870 Sal-

2000 3907 2188 3975 vatore
2237 3898 2600 3966 demonstret,
2663 3902 2815 3956 illum
2865 3905 3071 3959 scilicet
3126 3905 3293 3961 Deum
3358 3917 3574 3974 semper

2001 3986 2191 4055 fuisse,
2225 3999 2280 4044 et
2320 3988 2516 4045 Filium
2563 4008 2703 4060 esse,
2739 3995 2938 4064 quippe
2968 4011 3090 4050 cum
3124 3998 3194 4052 sit
3226 3996 3403 4053 Patris
3442 3992 3573 4051 Ver-

1998 4080 2128 4134 bum
2172 4081 2535 4152 splendorque
2587 4093 2640 4139 et
2685 4085 2983 4154 sapientia,
3039 4088 3325 4158 ipsumque
3383 4100 3569 4159 postea

1997 4182 2219 4241 propter
2250 4188 2374 4236 nos,
2420 4189 2587 4229 cat-ne
2631 4190 2697 4230 ex
2748 4169 2967 4248 Virgine
3011 4179 3237 4249 Deipara
3271 4179 3437 4236 Maria
3479 4196 3568 4239 as-

1998 4272 2233 4333 sumpta,
2259 4264 2533 4320 hominem
2562 4266 2761 4324 factum
2792 4285 2935 4325 esse.
2967 4271 3150 4341 Atque
3177 4272 3321 4328 hunc
3346 4275 3564 4343 quidem

1997 4366 2221 4421 scopum
2269 4368 2367 4423 per
2405 4356 2714 4413 universam
2760 4358 3023 4415 divinitus
3067 4362 3385 4432 inspiratam
3419 4363 3568 4421 Scri-

317 4434 528 4525 Κύριος
565 4437 787 4509 εἴρηκεν
812 4456 826 4472 θ
870 4439 1185 4508 Ἐρευνᾶτε
1225 4441 1333 4507 τὰς
1371 4443 1637 4512 Γραφὰς,
1667 4442 1759 4497 ὅτι
1797 4444 1897 4499 αὐ-

1999 4452 2213 4511 pturam
2246 4445 2507 4501 inculcari
2535 4448 2937 4519 deprehendere
2969 4461 3074 4519 est,
3107 4456 3566 4524 quemadmodum

315 4523 418 4576 tul
439 4526 603 4579 εἰσιν
779 4529 839 4581 al
871 4528 1288 4597 μαρτυροῦσαι
1330 4529 1464 4599 περὶ
1500 4530 1646 4599 ἐμοῦ
1662 4546 1679 4564 ’
1714 4531 1804 4585 ἵνα
1836 4531 1896 4585 δὲ

321 4616 420 4687 μὴ,
452 4616 634 4670 πάντα
656 4617 726 4671 τὰ
756 4619 895 4689 ῥητά
929 4620 1175 4688 συνάγων
1217 4663 1233 4688 ,
1367 4621 1535 4686 πολὺς
1559 4624 1616 4676 ὲν
1640 4621 1718 4693 τῷ
1757 4624 1895 4694 γρά-

319 4720 443 4773 φειν
471 4708 741 4777 γένωμαι,
772 4709 1129 4780 άρκεσθῶμεν
1160 4709 1235 4774 ὡς
1256 4711 1473 4765 πάντων
1502 4712 1893 4783 μνημονεῦσαι,

313 4796 410 4849 τοῦ
435 4798 536 4867 μιν
581 4798 828 4851 Ἰωάννου
850 4799 1133 4867 λέγοντος⁸
1179 4799 1282 4853 Ἔν
1316 4799 1476 4870 ἀρχῇ
1506 4797 1585 4871 ἦν
1613 4804 1647 4855 ό
1681 4804 1890 4874 Λόγος,

312 4886 417 4941 καὶ
437 4890 472 4941 ό
507 4888 698 4957 Λόγος
722 4885 803 4959 ἦν
829 4889 978 4957 πρὸς
1004 4889 1110 4943 τὸν
1140 4890 1308 4955 Θεὸν,
1335 4892 1433 4945 καὶ
1460 4892 1602 4959 Θεὸς
1627 4888 1708 4963 ἦν
1731 4898 1764 4948 ό
1783 4897 1895 4950 Ad.

312 4993 423 5045 τος
442 4993 458 5007 '
492 4976 674 5043 οὗτος
703 4973 782 5048 ἦν
806 4978 877 5031 ἐν
902 4976 1061 5047 ἀρχῇ
1090 4978 1241 5046 πρὸς
1264 4980 1373 5033 τὸν
1393 4980 1562 5035 Θεόν.
1587 4982 1791 5038 Πάντα
1816 4985 1892 5038 δι’

311 5066 506 5121 αὐτοῦ
535 5066 796 5138 ἐγένετο,
824 5067 922 5121 καί
952 5068 1128 5135 χωρίς
1159 5069 1343 5123 αὐτοῦ
1372 5069 1607 5139 ἐγένετο
1638 5072 1781 5127 οὐδὲ
1796 5074 1888 5129 ἐν.

310 5154 452 5212 Εἶτα
484 5173 501 5190 ο
668 5159 777 5214 Kal
809 5160 843 5213 ό
870 5159 1061 5229 Λόγος
1087 5158 1246 5228 σὰρξ
1281 5158 1539 5230 ἐγένετο,
1582 5163 1679 5217 καὶ
1709 5163 1893 5232 ἐσκή-

308 5265 515 5303 νωσεν
543 5249 615 5302 ἐν
655 5248 831 5318 ἡμῖν,
872 5250 970 5304 καί
1012 5250 1383 5321 ἐθεασάμεθα
1417 5251 1533 5321 τὴν
1567 5251 1757 5318 δόξαν
1786 5257 1892 5309 αὐ-

306 5340 443 5405 τοῦ,
475 5340 667 5405 δόξαν
701 5341 783 5408 ὡς
813 5342 1184 5413 μονογενοῦς
1223 5343 1382 5410 παρὰ
1413 5343 1643 5411 Πατρός
1668 5360 1682 5376 ·
1711 5344 1807 5398 τοῦ
1833 5346 1889 5400 δὲ

308 5430 533 5485 Παύλου
590 5431 892 5503 γράφοντος
925 5449 939 5463 ο
983 5435 1120 5500 Ὃς,
1156 5434 1225 5487 ἐν
1261 5432 1465 5502 μορφῇ
1506 5435 1654 5490 Θεοῦ
1702 5436 1891 5507 ὑπάρ-

308 5533 443 5585 χων
470 5556 487 5581 ,
554 5520 668 5587 οὐχ
738 5519 1050 5589 ἁρπαγμὸν
1108 5519 1380 5590 ἡγήσατο
1444 5522 1511 5576 τὸ
1570 5519 1721 5578 εῖναι
1784 5526 1891 5581 ἴσα

1997 4543 2225 4589 testatur
2253 4537 2368 4604 ipse
2401 4535 2665 4595 Dominus
2697 4540 2783 4596 his
2811 4542 2992 4598 verbis
3018 4562 3031 4598 :
3060 4543 3386 4600 Scrutantini
3420 4546 3566 4602 Scri-

1994 4634 2201 4693 pturas,
2226 4627 2350 4696 quia
2379 4627 2488 4682 ille
2513 4637 2635 4682 sunt
2675 4646 2793 4700 quas
2819 4633 3173 4687 testimonium
3201 4618 3467 4705 perhibent
3499 4637 3566 4691 de

1995 4728 2076 4766 me
2122 4714 2164 4768 ⁸.
2200 4713 2396 4770 Verum
2441 4733 2545 4777 ne.
2580 4720 2765 4773 omnia
2814 4720 2932 4775 loca
2974 4722 3311 4786 addueendo,
3361 4726 3565 4781 multus

1993 4802 2096 4857 hac
2129 4805 2181 4858 in
2212 4822 2267 4859 re
2295 4809 2564 4875 probanda
2595 4810 2798 4875 \idear,
2822 4827 2905 4877 ea,
2939 4828 3058 4882 quae
3088 4824 3407 4883 sequuntur,
3444 4821 3564 4871 vice

1994 4896 2237 4949 omnium
2264 4897 2455 4953 aﬂ‘erre
2479 4901 2611 4956 satis
2635 4900 2819 4956 fuerit.
2848 4901 2971 4958 Haec
2994 4904 3157 4974 igitur
3179 4913 3306 4959 sunt
3337 4903 3563 4962 Joannis

1995 4988 2153 5041 verba
2196 5007 2207 5041 :
2255 4988 2321 5042 In
2360 4992 2620 5060 principio
2649 5001 2763 5045 erat
2812 4991 3053 5060 Verbum,
3089 5003 3140 5048 et
3185 4992 3409 5048 Verbum
3447 5004 3563 5049 erat

1993 5081 2133 5148 apud
2163 5079 2348 5147 Deum,
2378 5091 2426 5135 et
2463 5082 2600 5135 Deus
2633 5092 2746 5136 erat
2784 5081 3005 5138 Verbum
3027 5102 3046 5139 :
3072 5085 3167 5139 hoc
3191 5094 3307 5140 erat
3336 5087 3389 5139 in
3418 5088 3561 5155 prin-

1992 5172 2130 5239 cipio
2162 5172 2303 5240 apud
2339 5172 2519 5227 Deum.
2554 5171 2746 5228 Omnia
2788 5191 2881 5245 per
2926 5177 3098 5246 ipsum
3135 5177 3280 5247 facta
3324 5188 3466 5245 sunt,
3508 5187 3560 5233 et

1990 5263 2101 5315 sine
2134 5264 2248 5330 ipso
2299 5263 2499 5331 factum
2538 5273 2615 5320 est
2649 5267 2780 5320 nihil
2826 5267 2867 5322 ⁸.
2904 5266 3106 5324 Deinde
3144 5285 3158 5322 :
3210 5268 3279 5323 Et
3337 5271 3558 5325 Verbum

1991 5369 2113 5406 caro
2146 5354 2349 5421 factum
2383 5364 2492 5422 est,
2538 5365 2587 5410 et
2633 5356 2893 5413 habitavit
2923 5360 2978 5412 in
3007 5360 3176 5425 nobis,
3225 5370 3278 5414 et
3327 5361 3556 5417 vidimus

1989 5445 2213 5516 gloriam
2261 5444 2398 5512 eius,
2451 5447 2677 5517 gloriam
2726 5452 2880 5520 quasi
2932 5452 3188 5520 unigeniti
3230 5469 3261 5506 a
3307 5451 3465 5506 Patre
3511 5454 3552 5506 ⁸.

1989 5533 2191 5590 Paulus
2223 5544 2402 5591 autem
2451 5536 2526 5592 ita
2568 5539 2794 5594 scribit:
2832 5540 2940 5607 Qui
2976 5557 3094 5595 cum
3141 5542 3196 5596 in
3242 5543 3416 5614 {arma
3456 5543 3555 5601 Dei

389 5698 406 5728 ¹
440 5695 604 5750 Jaan.
639 5714 688 5762 ς,
724 5697 810 5753 53.
869 5701 888 5729 '
919 5697 1076 5753 loan.
1114 5715 1185 5763 vr,
1215 5697 1322 5767 ης
1356 5714 1475 5765 vui,
1498 5699 1585 5755 58.
1653 5699 1673 5731 ³
1701 5696 1898 5757 Joan.t

1999 5701 2048 5757 9.
2108 5700 2312 5759 ‘Joan.
2340 5704 2527 5770 1.1-2.
2595 5702 2882 5765 'ibid.M.
