4008 6208
525 318 630 383 423

1727 312 2102 373 EUTilYMll
2166 306 2529 369 ZIGABENI

3676 302 3767 364 424

526 454 682 505 esset,
729 459 833 496 non
878 444 1120 513 rapinam
1152 441 1439 496 arbitratus
1484 450 1558 492 est
1600 456 1708 493 esse
1746 456 1800 492 se
1842 438 2095 508 wqualem

2221 429 2337 494 Θεῷ
2361 446 2375 460 ο
2424 430 2558 485 ἀλλ’
2586 428 2804 483 ἑαυτὸν
2834 428 3114 494 exet-(oce,
3144 446 3303 499 μορφ
3314 429 3388 498 ὴν
3417 428 3642 484 δούλου
3670 434 3767 484 λα-

528 534 658 601 Deo,
686 536 775 588 sed
803 536 1132 602 semetipsum
1153 533 1462 595 exinanivit,
1486 532 1657 599 forma
1693 532 1825 584 servi
1860 540 2093 599 accepta,

528 627 584 680 in
615 625 1014 679 similitudinem
1045 624 1313 676 hominum
1339 624 1535 691 factus,
1573 633 1621 675 et
1654 623 1825 691 ﬁgura
1856 623 2094 674 iuventua

530 726 586 768 ut
633 719 804 768 homo.
852 713 1165 766 llumitiavit
1223 714 1591 779 semetipsum,
1638 713 1811 781 factus
1855 710 2107 763 obedient

529 823 688 876 usque
731 806 800 858 ad
838 815 1074 868 mortem,
1119 815 1336 859 mortem
1383 816 1556 859 autent
1594 806 1763 857 crucis
1816 798 1853 855 '.
1895 801 1969 854 Ex
2010 801 2095 855 his

530 910 710 963 porro,
747 895 793 947 si
838 895 961 963 quis
996 896 1182 949 eadem
1231 896 1438 949 ratione
1493 895 1801 949 universam
1854 892 2095 960 Scriptu-

530 1000 642 1035 ram
677 983 1005 1050 perlustrare
1039 985 1290 1049 voluerit,
1326 985 1474 1039 clare
1500 984 1759 1055 percipiet
1785 999 1954 1053 quare
1986 981 2093 1033 ini-

532 1077 606 1130 tio
633 1075 792 1130 Pater
816 1076 894 1128 illi
925 1075 1064 1129 dixit
1094 1093 1107 1128 :
1148 1073 1273 1127 Fiat
1308 1074 1400 1126 luas
1454 1074 1495 1138 ³,
1528 1082 1601 1137 et,
1644 1073 1768 1126 Fiat
1796 1075 2104 1141 ﬁrmamen-

522 1176 643 1221 tum
682 1171 729 1230 ³,
759 1175 831 1231 et,
875 1164 1161 1219 Faciamus
1201 1165 1464 1217 hominem
1515 1166 1536 1197 ⁸
1563 1182 1576 1218 :
1607 1179 1707 1219 cur
1738 1165 1867 1217 item
1894 1178 2017 1216 eum
2052 1161 2105 1213 in

532 1257 639 1311 ﬁne
678 1257 1001 1311 saeculorum
1042 1256 1095 1310 in
1128 1256 1391 1309 mundum
1425 1254 1656 1317 miserit.
1695 1271 1807 1308 non
1848 1263 1910 1307 ut
1952 1269 2113 1307 mun-

531 1347 660 1402 dum
711 1348 1003 1416 judicaret,
1046 1345 1141 1401 sed
1183 1354 1242 1399 ut
1280 1344 1517 1399 mundus
1553 1359 1647 1413 per
1698 1344 1877 1414 ipsum
1927 1343 2111 1398 salvus

534 1438 685 1493 ﬁeret
717 1440 737 1469 ⁸
778 1455 794 1493 :

731 1523 835 1590 Qui
863 1522 1028 1592 igitur
1058 1521 1294 1576 divinam
1338 1520 1677 1589 Scripturam
1708 1519 1916 1587 legerit,
1945 1518 2115 1572 discat

534 1614 754 1683 quidem
794 1630 874 1668 vel
891 1615 953 1668 ba
985 1628 1049 1666 ex
1082 1613 1274 1666 Vetere
1297 1611 1669 1675 Testamento,
1707 1611 1799 1664 sed
1843 1627 1907 1664 ex
1937 1608 2114 1663 Evan-

534 1706 675 1773 gelio
738 1706 979 1759 attendat
1034 1704 1323 1758 Dominum
1380 1705 1657 1758 hominem
1717 1702 1917 1757 factum
1972 1718 2113 1756 esse.

535 1796 694 1862 Nam,
740 1796 980 1859 Verbum,
1011 1797 1205 1863 inquit,
1239 1813 1361 1851 caro
1397 1797 1597 1865 factum
1621 1805 1733 1857 est,
1770 1805 1817 1847 et
1856 1794 2115 1847 habitavit

536 1889 590 1939 in
616 1888 767 1939 nobis
822 1882 863 1940 ‘.
910 1886 1105 1949 Homo,
1144 1888 1389 1956 inquam,
1426 1884 1602 1940 factus
1629 1896 1729 1949 est,
1777 1899 1885 1938 non
1930 1894 2115 1938 autem

540 1978 591 2028 in
625 1975 901 2030 hominem
930 1978 1097 2030 venit.
1130 1974 1183 2029 ld
1223 1976 1367 2030 enim
1398 1978 1541 2031 scire
1572 1977 1735 2029 etiam
1768 1990 1988 2029 necesse
2012 1984 2114 2041 est,

537 2082 607 2121 ne
640 2066 780 2121 forte
812 2067 866 2121 in
902 2067 1216 2137 hujusmodi
1257 2068 1585 2123 sententiam
1627 2067 1973 2123 deﬂectentes
2012 2067 2116 2120 im-

536 2156 632 2224 pii,
669 2156 886 2225 aliquos
925 2134 1219 2226 decipiant,
1254 2157 1441 2225 illique
1485 2157 1817 2223 existiment,
1846 2156 2112 2226 quemad-
2144 2134 2190 2193 Β

539 2249 757 2301 modum
792 2247 921 2301 olim
954 2246 1190 2301 Verbum
1229 2249 1283 2301 in
1312 2264 1757 2319 unumquemque
1800 2258 2116 2303 sanctorum

536 2339 851 2405 descendit,
885 2338 956 2393 ita
998 2341 1161 2393 etiam
1199 2341 1253 2393 in
1280 2341 1557 2396 hominem
1605 2342 1859 2407 venisse,
1889 2350 1945 2395 ut
1992 2356 2117 2395 eum

537 2438 789 2483 sanctum
837 2428 1104 2494 redderet,
1141 2437 1195 2483 et
1225 2429 1277 2483 in
1304 2430 1423 2499 ipso
1462 2438 1768 2499 appareret,
1806 2431 1885 2484 uti
1916 2430 1971 2483 in
1996 2430 2120 2483 aliis

536 2520 785 2589 contigit.
820 2518 875 2573 Si
908 2520 1052 2574 enim
1100 2520 1174 2573 ita
1217 2536 1276 2576 se
1305 2536 1393 2575 res
1425 2522 1684 2587 haberet,
1726 2529 1779 2575 et
1809 2522 1862 2575 in
1901 2522 2121 2575 homine

541 2610 917 2665 tantummodo
949 2612 1328 2680 apparuisset:
1357 2612 1489 2665 nihil
1520 2628 1653 2667 sane
1681 2621 1825 2668 esset
1848 2613 1992 2683 quod
2023 2613 2118 2666 ad-

540 2702 885 2755 mirationem
916 2711 1095 2770 posset
1143 2717 1380 2769 movere,
1420 2719 1520 2757 nec
1562 2704 1654 2773 qui
1687 2719 1809 2758 eum
2044 2704 2121 2757 vi-

539 2792 761 2855 debant,
793 2791 1154 2861 obstupefacti
1189 2794 1489 2849 dixissent:
1514 2795 1795 2850 Undenam
1819 2795 1922 2850 iste
1942 2803 2022 2849 est
2055 2795 2121 2848 7‘P

539 2891 616 2945 et,
641 2882 751 2934 Cur
767 2893 822 2934 tu
843 2882 1005 2934 homo
1020 2897 1144 2935 cum
1172 2883 1270 2946 sis,
1300 2885 1531 2952 teipsum
1566 2882 1701 2937 facis
1719 2884 1889 2939 Deum
1936 2882 2121 2935 '?Au-—

539 2971 660 3025 dire
676 2970 941 3038 siquidem
975 2971 1052 3023 illi
1077 2986 1506 3026 consueverant:
1532 2973 1751 3027 Factum
1783 2984 1865 3028 cst
1884 2973 2117 3028 Verbum

544 3061 760 3115 Domini
804 3060 867 3114 ad
905 3061 1147 3129 singulos
1187 3064 1499 3133 pmplietas.
1548 3062 1704 3119 Nunc
1755 3074 1931 3118 autem
1976 3075 2121 3134 post-

544 3165 709 3219 quam
763 3148 856 3202 Dei
902 3147 1161 3215 Vcrbum,
1209 3166 1305 3219 per
1354 3152 1498 3217 quod
1552 3152 1733 3205 omnia
1785 3152 1923 3206 facta
1973 3163 2119 3215 sunt,

544 3245 707 3298 etiam
745 3243 886 3297 ﬁlius
932 3243 1169 3298 hominis
1202 3245 1317 3299 ﬁeri
1360 3260 1466 3298 non
1518 3247 1716 3310 renuit,
1748 3261 1911 3315 seque
1945 3247 2120 3315 ipsum

546 3334 874 3397 humiliavit,
901 3334 1043 3388 servi
1074 3334 1248 3388 forma
1286 3348 1505 3405 accepta
1538 3354 1550 3389 ;
1584 3337 1787 3391 idcirco
1814 3354 1944 3392 crux
1973 3338 2125 3391 Chri-

547 3423 617 3478 sti
647 3421 847 3477 Judzeis
876 3430 960 3477 est
989 3424 1328 3492 scandalum,
1363 3426 1519 3480 nobis
1550 3437 1730 3480 autem
1753 3428 2005 3483 Christus
2031 3427 2119 3482 Dei

546 3514 719 3568 virtus
763 3522 817 3568 ct
864 3514 957 3569 Dei
994 3515 1257 3584 sapientia
1287 3526 1371 3571 est
1432 3523 1472 3570 ⁸.
1509 3516 1640 3571 Nam
1679 3518 1921 3584 Verbum,
1964 3529 2019 3573 ut
2049 3521 2125 3574 ait

545 3604 821 3667 Joannes,
864 3622 986 3658 caro
1038 3601 1239 3687 fartum
1290 3616 1368 3661 est
1412 3606 1471 3661 ".
1540 3607 1819 3679 Siquidem
1869 3626 1987 3665 mos
2042 3620 2126 3665 est

549 3693 844 3764 Scriptura:
873 3712 1042 3750 sacra)
1081 3699 1351 3751 hominem
1395 3716 1610 3756 carnem
1656 3702 1948 3770 appellare.
1990 3701 2125 3756 Hinc

547 3785 686 3851 apud
720 3783 920 3837 Joolcm
955 3788 1271 3855 prophetam
1302 3788 1499 3842 dicitur
1531 3806 1544 3841 :
1584 3789 1868 3858 E/fundam
1906 3792 1967 3844 de
1999 3791 2124 3860 Spi-

548 3878 657 3930 ritu
689 3894 799 3930 meo
835 3879 888 3930 in
921 3894 1123 3930 onmem
1169 3895 1377 3931 carnem
1409 3876 1468 3934 “.
1512 3879 1641 3933 Item
1686 3880 1871 3935 Daniel
1902 3882 2123 3953 Astyagi

547 3966 685 4019 dixit
713 3985 724 4019 :
764 3966 873 4035 Ego
895 3967 1040 4020 idola
1071 3968 1379 4037 manufacta
1405 3986 1508 4022 non
1537 3969 1671 4033 colo,
1703 3971 1791 4023 sed
1842 3971 2004 4024 Deum
2049 3973 2125 4025 ri-

548 4066 777 4117 venlem,
820 4058 910 4125 qui
947 4057 1133 4109 malum
1166 4070 1214 4111 et
1259 4070 1453 4113 terram
1496 4062 1711 4125 creavit,
1743 4073 1790 4114 et
1821 4062 1872 4113 in
1921 4078 2124 4115 omnem

550 4160 762 4196 carnem
804 4145 1135 4197 dominatum
1187 4145 1339 4199 habet
1365 4147 1425 4199 ".
1462 4146 1562 4200 llic
1595 4147 1761 4210 enim,
1804 4157 1861 4200 ut
1899 4160 1952 4202 ct
1984 4147 2121 4215 Joel,

550 4232 832 4285 hominum
866 4248 1035 4299 genus
1063 4236 1244 4287 carnis
1277 4236 1495 4288 nomine
1524 4236 1813 4305 signiﬁcat.

750 4319 888 4373 Olim
930 4322 1095 4391 igitur
1140 4323 1204 4376 ad
1246 4325 1489 4394 singulos
1535 4338 1751 4381 sanctos
1805 4326 2003 4382 factum
2042 4336 2125 4384 est

558 4407 814 4475 Verbum,
842 4425 1046 4480 eosque
1067 4453 1082 4477 ,
1118 4414 1210 4481 qui
1242 4414 1417 4482 ipsum
1454 4415 1611 4487 digne
1641 4428 2020 4487 susceperunt,
2043 4418 2123 4473 ef-

549 4500 677 4555 fecit
715 4510 933 4555 sanctos
964 4519 976 4555 :
1014 4518 1113 4557 nec
1141 4514 1321 4557 tamen
1361 4520 1485 4560 cum
1520 4508 1594 4561 illi
1628 4523 2000 4576 nasceremur,
2037 4512 2120 4565 di-

549 4601 694 4645 ctum
742 4600 826 4646 est
872 4592 1047 4660 ipsum
1103 4593 1381 4648 hominem
1420 4594 1622 4651 factum
1657 4614 1797 4664 esse,
1848 4616 1949 4655 nec
1998 4617 2122 4656 cum

547 4689 878 4749 paterentur,
911 4695 1131 4748 passum
1165 4697 1306 4735 esse.
1340 4684 1473 4737 Cum
1505 4694 1685 4741 autem
1727 4690 1778 4742 in
1814 4690 1920 4745 ﬁne
1952 4706 2124 4746 szecn-

548 4771 723 4824 lorum
757 4771 822 4824 ad
861 4771 1246 4827 destruendum
1282 4785 1563 4843 peccatum
1603 4793 1668 4832 ex
1715 4779 1881 4835 Maria
1924 4785 2117 4852 prodiit

2231 4804 2399 4859 μησεν
2433 4784 2577 4849 ἅπαξ

547 4863 641 4930 (ita
664 4862 809 4915 cnim
830 4860 972 4913 Patri
992 4863 1165 4916 visum
1188 4873 1271 4918 est
1288 4882 1446 4921 suum
1468 4870 1681 4925 mittere
1696 4870 1892 4926 Filium
1914 4874 2114 4929 factum

552 4971 618 5010 ex
638 4954 887 5015 muliere,
904 4951 1106 5005 factum
1124 4952 1224 5006 sub
1252 4951 1448 5019 lege“,
1470 4960 1598 5004 tunc
1617 4950 1819 5004 dictum
1831 4960 1913 5004 est
1938 4948 2114 5018 ipsum

552 5061 717 5101 carne
767 5053 1045 5113 assumpta
1078 5041 1355 5096 hominem
1395 5040 1597 5094 factum
1631 5054 1772 5102 esse,
1819 5048 1981 5107 atque
2021 5053 2117 5107 pro

554 5142 709 5195 nobis
731 5140 783 5194 in
809 5153 871 5192 ea
898 5151 1017 5191 esse
1036 5150 1274 5204 passum,
1298 5144 1354 5186 ut
1386 5134 1454 5185 ait
1475 5132 1667 5187 Petrus
1691 5148 1705 5185 ;
1728 5131 1937 5186 Christo
1957 5132 2121 5200 igitur

551 5249 645 5300 pro
673 5231 818 5284 nobis
846 5242 1000 5297 passo
1030 5230 1079 5278 in
1098 5242 1255 5279 carne
1280 5228 1343 5289 “,
1375 5237 1432 5278 ut
1462 5224 1669 5278 scilicet
1699 5224 1917 5292 planum
1949 5223 2118 5286 ﬁeret,

554 5338 855 5391 mnnesque
918 5319 1261 5374 crederemus
1312 5331 1435 5369 eum
1499 5318 1709 5383 ipsum,
1758 5314 1851 5384 qui
1907 5328 2121 5382 semper

552 5414 696 5469 Deus
726 5414 846 5479 init,
878 5422 932 5468 et
966 5427 1084 5478 eos,
1117 5410 1183 5464 ad
1213 5425 1351 5479 quos
1385 5410 1634 5474 accessit,
1668 5416 1887 5463 sanctos
1916 5406 2112 5473 ell'ecit,

2213 518 2352 584 ϐὼν,
2391 520 2459 573 ἐν
2487 518 2799 589 ὁμοιώματι
2826 518 3149 587 ἀνθρώπων
3170 521 3490 590 γενόμενος
3528 566 3545 591 ,
3678 522 3769 575 και

2213 610 2476 680 σχήματι
2517 610 2776 679 εὑρεθεὶς
2829 611 2908 676 ὡς
2955 609 3284 678 ἅνθρωπος.
3356 612 3768 666 Ἐταπείνωσεν

2213 700 2449 767 ἑαυτὸν,
2488 703 2807 771 γενόμενος
2836 702 3102 767 ὑπήκοος
3141 700 3316 771 μέχρι
3364 703 3640 766 θανάτου,
3676 708 3769 759 θα-

2211 793 2394 848 νάτου
2419 794 2487 848 δὲ
2510 793 2800 863 σταυροῦ.
2849 794 2981 846 Ἀπὸ
3010 794 3210 848 τούτων
3238 795 3365 867 γὰρ,
3394 800 3460 868 τῇ
3487 797 3623 867 αὐτῇ
3663 797 3770 850 δια-

2212 887 2330 958 νοίᾳ
2360 887 2705 958 διερχόμενος
2723 905 2806 950 τις
2841 889 3020 940 πᾶσαν
3050 888 3148 958 τὴν
3182 888 3425 957 Γραφὴν,
3445 889 3635 957 ὄψεται
3665 888 3770 952 πῶς

2212 980 2269 1033 ὲν
2291 980 2428 1049 ἀρχῇ
2470 980 2566 1049 μὲν
2596 976 2713 1031 εἷπε
2760 977 2932 1048 τούτῳ
2964 979 2991 1029 6
3038 979 3226 1048 Πατήρ
3245 995 3259 1007 ο
3289 978 3606 1045 Γενηθήτω
3634 979 3770 1048 φῶς,

2208 1071 2320 1133 καὶ,
2350 1071 2667 1138 Γενηθήτω
2700 1072 3022 1141 στερέωμα,
3050 1075 3162 1136 καὶ,
3200 1072 3555 1141 Ποιήσωμεν
3577 1074 3779 1143 ἄνθρω-

2213 1175 2330 1214 πον
2353 1181 2360 1190 ·
2395 1164 2487 1215 ἐπὶ
2509 1164 2565 1215 δὲ
2594 1164 2873 1235 συντελείᾳ
2896 1166 3002 1217 τῶν
3043 1165 3254 1219 αἰώνων
3281 1164 3601 1219 ἀπέστειλεν
3626 1166 3779 1223 αὐτὸν

2213 1253 2293 1315 εἰς
2319 1252 2410 1305 τὸν
2442 1255 2667 1325 κόσμον,
2706 1257 2805 1325 οὐχ
2848 1258 2934 1309 ἵνα
2968 1258 3128 1328 κρίνῃ
3156 1257 3246 1310 τὸν
3273 1250 3496 1328 κόσμᾶν,
3543 1258 3655 1310 ἀλλ’
3695 1260 3778 1312 ἵνα

2216 1344 2361 1415 σωθῇ
2395 1345 2503 1416 (84)
2530 1348 2557 1398 6
2587 1347 2789 1418 κόσμος
2816 1347 2881 1400 δι’
2913 1348 3076 1401 αὑτοῦ
3100 1365 3112 1378 ο

2434 1516 2492 1569 Ὀ
2534 1515 2712 1569 τοίνυν
2749 1516 3087 1585 ἐντυγχάνων
3132 1518 3197 1586 τῇ
3247 1514 3366 1586 Θεία
3410 1516 3637 1587 Γραφῇ,
3682 1516 3785 1569 ἀπὸ

2222 1606 2320 1677 μὲν
2348 1605 2455 1661 τῶν
2488 1605 2739 1659 Παλαιῶν
2768 1605 2837 1658 τὰ
2870 1606 3008 1677 ῥητὰ
3037 1604 3495 1675 καταμανθανέτω
3531 1643 3547 1666 ,
3687 1605 3787 1658 ἀπο

2218 1698 2275 1751 δὲ
2312 1697 2419 1750 τῶν
2464 1696 2809 1765 Εὐαγγελίων
2841 1695 3113 1766 Οεωρείτω
3146 1696 3237 1748 τὸν
3268 1695 3469 1766 Κύριον
3503 1695 3785 1766 γενόμενον

2219 1789 2536 1862 ἄνθρωπον·
2584 1789 2646 1841 '0
2680 1788 2869 1856 Λόγος
2930 1789 3061 1858 γὰρ,
3113 1787 3284 1857 φησι,
3334 1787 3491 1855 σὰρξ
3534 1787 3782 1857 ἐγένετο,

2221 1881 2318 1934 καὶ
2352 1879 2705 1947 ἐσκήνωσεν
2729 1880 2799 1932 ἐν
2824 1879 2991 1948 ἡμῖν,
3025 1878 3344 1949 Ἀνθρωπος
3376 1878 3431 1930 δὲ
3464 1878 3674 1946 γέγονε,
3700 1879 3789 1933 καὶ

2220 1972 2319 2023 οὐκ
2358 1973 2436 2033 εἰς
2478 1970 2761 2042 ἄνθρωπον
2800 1965 2930 2042 ἦλθε
2956 1986 2969 2000 ·
3022 1969 3118 2023 καὶ
3151 1968 3306 2022 τοῦτο
3343 1969 3452 2040 γὰρ
3498 1968 3789 2037 ἀναγκαῖον

2222 2062 2446 2115 εἰδέναι·
2482 2064 2691 2134 μήποτε
2731 2063 2844 2124 καὶ,
2880 2064 2960 2126 εἰς
2992 2061 3150 2115 τοῦτο
3179 2062 3434 2125 πεσόντες
3466 2063 3515 2115 οἱ
3556 2062 3787 2128 ἀσεϐεῖς,

2220 2154 2541 2225 ἀπατήσωσί
2606 2172 2790 2219 τινας,
2842 2155 3084 2207 κάκεῖνοι
3136 2154 3432 2224 νομίσωσιν
3476 2195 3492 2220 ,
3674 2154 3787 2216 ὅτι,

2220 2246 2410 2317 ὥσπερ
2445 2248 2501 2298 ὲν
2538 2248 2649 2310 τοῖς
2684 2245 2992 2316 ἔμπροσθεν
3040 2244 3251 2315 χρόνοις
3292 2245 3371 2307 εὶς
3415 2244 3644 2296 ἕκαστον
3684 2243 3790 2299 τῶν

2222 2337 2390 2403 ἁγίων
2421 2335 2650 2402 ἐγίνετο,
2694 2335 2837 2389 οὕτω
2868 2337 2962 2388 καὶ
3006 2334 3100 2388 νῦν
3138 2335 3217 2397 εἰς
3266 2333 3554 2403 ἄνθρωπον
3597 2334 3789 2404 ἐπεδή-

2224 2443 2394 2497 μησεν
2426 2427 2453 2477 ὁ
2491 2425 2660 2494 Λόγος
2688 2424 2928 2494 ἁγιάζων
2957 2425 3051 2479 καὶ
3079 2424 3291 2487 τοῦτον,
3329 2423 3422 2475 καὶ
3450 2422 3813 2493 φανερούμεοο

2220 2536 2309 2582 νος
2330 2518 2521 2589 ὥσπερ
2542 2517 2635 2571 καὶ
2669 2519 2725 2569 ὲν
2756 2520 2867 2579 τοῖς
2908 2516 3107 2579 ἄλλοις.
3155 2516 3218 2567 Εἰ
3243 2515 3348 2585 γὰρ
3382 2514 3555 2577 οὕτως
3580 2510 3668 2585 ἦν,
3698 2514 3794 2567 καὶ

2225 2613 2382 2681 μόνον
2409 2612 2466 2662 ὲν
2484 2608 2753 2680 ἀνθρώπῳ
2777 2608 2963 2678 φανεὶς
2985 2603 3073 2677 ἦν,
3087 2607 3236 2660 οὐδὲν
3253 2602 3321 2677 ἦν
3346 2605 3645 2676 παράδοξον
3778 2647 3795 2673 ,

2220 2700 2344 2753 οὕτε
2381 2702 2431 2753 οἱ
2468 2700 2704 2771 ὁρῶντες
2748 2698 3046 2763 ἐξενίζοντο
3072 2697 3355 2765 λέγοντεςο
3402 2696 3653 2759 Ποταπὸς
3690 2698 3798 2767 ἄρα

2222 2792 2368 2844 ἐστὶν
2400 2786 2591 2855 οὗτος;
2639 2792 2755 2854 καὶ,
2806 2790 2906 2843 Διὰ
2944 2789 2998 2842 τί
3033 2791 3130 2854 σὺ,
3176 2788 3461 2860 ἄνθρωπος
3492 2788 3588 2853 ὢν,
3624 2793 3799 2852 ποιεῖς

2224 2881 2446 2936 σεαυτὸν
2477 2881 2650 2947 Θεὸν;
2688 2878 2847 2953 Εἶχον
2885 2882 2995 2953 γὰρ
3033 2882 3131 2953 τὴν
3166 2879 3450 2953 συνήθειαν
3483 2880 3797 2943 ἀκούοντες·

2224 2975 2333 3027 Καὶ
2362 2974 2577 3041 ἐγένετο
2601 2975 2772 3041 Λόγος
2794 2973 2997 3044 Κυρίου
3028 2974 3163 3044 πρὸς
3192 2975 3417 3026 ἕκαστον
3440 2972 3547 3025 τῶν
3581 2989 3799 3043 προφη-

2222 3066 2348 3120 τῶν.
2384 3065 2500 3118 Νῦν
2531 3066 2610 3132 δὲ,
2650 3066 2837 3136 ἐπειδὴ
2862 3066 2891 3117 6
2922 3065 3016 3117 τοῦ
3043 3063 3176 3117 Θεοῦ
3205 3064 3395 3131 Λόγος,
3420 3063 3486 3116 δι’
3511 3056 3572 3115 οὗ
3604 3063 3800 3132 γέγονε

2221 3157 2291 3210 τὰ
2334 3157 2530 3221 πάντα,
2569 3156 2828 3227 ὑπέμεινε
2869 3157 2962 3208 καὶ
3009 3156 3137 3208 Υἱὸν
3185 3153 3470 3225 ἀνθρώπου
3518 3154 3800 3223 γενέσθαι,

2224 3248 2318 3301 καὶ
2350 3246 2708 3300 ἐταπείνωσεν
2741 3244 2955 3306 ἑαυτὸν,
2989 3242 3166 3295 λαϐὼν
3196 3242 3381 3295 δούλου
3432 3247 3676 3315 μορφήν
3712 3246 3806 3299 διὰ

2222 3337 2381 3391 τοῦτο
2418 3337 2693 3399 Ἰουδαίοις
2721 3336 2817 3407 μὲν
2848 3334 3142 3389 σκάνδαλον
3172 3336 3319 3388 ἐστιν
3352 3337 3379 3388 6
3419 3335 3513 3388 τοῦ
3558 3337 3805 3407 Χριστοῦ

2228 3427 2476 3498 σταυρὸς,
2510 3428 2641 3497 ἡμῖν
2661 3425 2717 3478 δὲ
2745 3423 2978 3495 Χριστὸς
3005 3422 3139 3476 Θεοῦ
3167 3424 3393 3494 δύναμις
3418 3425 3514 3477 καὶ
3545 3424 3683 3478 Θεοῦ
3708 3443 3775 3479 σο
3793 3456 3807 3468 -

2228 3520 2360 3589 φία·
2404 3518 2457 3569 '0
2489 3518 2680 3586 Λόγος
2712 3515 2819 3586 γὰρ
2844 3555 2858 3581 ,
2908 3515 2983 3578 ὡς
3021 3512 3173 3568 εἶπεν
3214 3516 3242 3567 6
3307 3515 3597 3586 Ἰωάννης,
3641 3516 3811 3584 σὰρξ

2225 3610 2460 3682 ἐγένετο
2480 3627 2493 3640 ο
2519 3609 2618 3677 τῆς
2649 3607 2868 3677 Γραφῆς
2894 3605 3014 3668 ἔθος
3040 3606 3269 3676 ἐχούσης
3296 3606 3476 3675 λέγειν
3501 3608 3683 3676 σάρκα
3712 3606 3810 3659 τὸν

2224 3703 2528 3773 ἄνθρωπον,
2546 3700 2621 3763 ὡς
2648 3699 2737 3752 διὰ
2762 3699 2914 3769 Ἰωὴλ
2943 3697 3036 3750 τοῦ
3066 3699 3344 3768 προφήτου
3370 3698 3549 3767 φησίν·
3584 3696 3813 3766 Ἐκχεῶ

2224 3795 2343 3850 ἀπὸ
2374 3792 2478 3847 τοῦ
2515 3791 2861 3859 Πνεύματός
2888 3807 3007 3859 μου
3036 3789 3133 3842 ἐπὶ
3166 3788 3373 3843 πᾶσαν
3410 3789 3607 3856 σάρκα
3633 3804 3647 3818 ο
3706 3789 3813 3842 καὶ

2225 3887 2300 3949 ὡς
2490 3882 2688 3952 Δανιὴλ
2732 3882 2922 3952 εἴρηκε
2961 3880 3039 3950 τῷ
3085 3880 3389 3950 Ἀστυάγῃο
3428 3882 3508 3932 Οὐ
3552 3880 3817 3949 σέϐομαι

2223 3978 2442 4031 εἴδωλα
2470 3975 2872 4044 χειροποίητα,
2916 3972 3077 4027 ἀλλὰ
3103 3972 3211 4025 τὸν
3254 3971 3437 4031 ζῶντα
3477 3971 3647 4035 Θεὸν,
3696 3973 3819 4025 τόν

2223 4068 2515 4120 κτίσαντα
2549 4064 2655 4118 τὸν
2687 4064 2947 4131 οὐρανὸν
2978 4063 3077 4117 καὶ
3110 4063 3225 4131 τὴν
3259 4062 3403 4132 γῆν,
3449 4063 3545 4115 καὶ
3578 4064 3821 4132 ἔχοντα

2223 4155 2426 4221 πάσης
2457 4150 2686 4221 σαρκὸς
2714 4154 2959 4220 κυρείαν
2986 4170 2999 4182 ·
3036 4152 3214 4222 σάρκα
3254 4152 3364 4223 γὰρ
3398 4153 3494 4205 καὶ
3518 4146 3679 4216 οὗτος
3714 4155 3821 4208 καὶ

2236 4246 2388 4318 Ἰωὴλ
2415 4246 2476 4297 τὸ
2500 4244 2608 4297 τῶν
2637 4242 2731 4296 ὀινο
2742 4243 2936 4314 ρώπων
2959 4243 3113 4312 γένος
3137 4243 3403 4310 λέγουσιν.

2414 4336 2591 4391 Πάλαι
2643 4337 2739 4407 μὲν
2774 4332 2865 4388 οὖν
2910 4334 3046 4405 πρὸς
3085 4334 3313 4386 ἕκαστον
3482 4332 3592 4387 τῶν
3628 4335 3829 4402 ἁγίων

2223 4423 2453 4491 ἐγίνετο,
2480 4425 2572 4477 καὶ
2598 4422 2791 4493 ἡγίαζε
2822 4421 2917 4491 μὲν
2946 4422 3071 4483 τοὺς
3097 4422 3334 4490 γνησίως
3358 4421 3688 4492 δεχομένους
3716 4424 3831 4477 αὐ-

2222 4515 2333 4568 τόν’
2355 4514 2477 4568 οὔτε
2498 4515 2574 4580 δὲ,
2615 4512 2969 4583 γεννωμένων
2992 4511 3235 4573 ἐκείνων,
3262 4512 3499 4584 εἴρηται,
3520 4515 3599 4567 ὅτι
3636 4514 3831 4578 αὐτὸς

2224 4608 2513 4677 γεγένηται
2562 4606 2865 4675 ἄνθρωπος,
2898 4604 3042 4667 οὔτε,
3081 4604 3398 4673 πασχόντων
3432 4605 3684 4669 ἐκείνων,
3738 4605 3831 4659 εἶ-

2230 4713 2419 4768 ρηται’
2463 4694 2736 4750 Πέπονοεν
2769 4694 2951 4756 αὑτός.
2990 4695 3119 4746 Ὅτε
3158 4694 3213 4746 δὲ
3252 4695 3316 4746 ὲκ
3364 4694 3581 4764 Μαρίας
3607 4695 3830 4766 ἐπεδὴ-

2757 4785 2851 4836 tut
2878 4783 3156 4853 συντελείᾳ
3174 4782 3284 4835 τῶν
3318 4783 3527 4837 αἰώνων
3558 4786 3641 4846 εἰς
3675 4784 3825 4838 eos-

2224 4894 2378 4947 τησιν
2444 4876 2716 4947 ἁμαρτίας
2768 4872 2947 4945 (οὕτω
3013 4872 3123 4943 γὰρ
3177 4874 3478 4944 εὐδοκήσας
3528 4876 3559 4927 6
3610 4873 3833 4942 Πατὴρ

2222 4952 2439 5021 ἔπεμψε
2463 4952 2552 5002 τὸν
2577 4951 2771 5007 ἑαυτοῦ
2810 4952 2936 5006 Υἰὸν
2962 4957 3251 5023 γενόμενον
3297 4959 3361 5010 ὲκ
3387 4958 3677 5025 γυναικὸς,
3715 4978 3832 5026 γε·

2223 5040 2445 5111 νόμενον
2475 5042 2579 5094 ὑπ’)
2605 5042 2811 5112 νόμον),
2840 5044 2961 5097 τότε
3009 5048 3247 5116 εἴρηται,
3298 5049 3381 5101 ὅτι
3413 5049 3592 5118 σάρκα
3625 5067 3830 5120 προσ-

2224 5133 2404 5186 λαϐὼν
2440 5135 2731 5205 γεγένηται
2767 5137 3075 5206 ἄνθρωπος,
3104 5142 3195 5192 καὶ
3221 5143 3280 5192 ἐν
3324 5140 3497 5213 ταύτῃ
3530 5143 3834 5194 πέπονθεν

2224 5223 2365 5293 ὑπὲρ
2392 5226 2570 5295 ήμῶν,
2598 5225 2673 5289 ὡς
2707 5221 2859 5280 εἶπεν
2888 5229 2916 5278 6
2949 5229 3155 5298 Πέτρος
3180 5248 3194 5263 ’
3231 5232 3491 5297 Χριστοῦ
3530 5227 3651 5287 οὖν
3702 5250 3836 5285 3a-

2222 5316 2432 5381 θόντος
2464 5318 2618 5387 ὑπὲρ
2656 5316 2825 5387 ἡμῶν
2867 5322 3087 5388 σαρκί·
3135 5322 3218 5373 ἵνα
3275 5322 3484 5393 δειχθῇ,
3514 5325 3611 5375 καὶ
3669 5327 3833 5376 πάν-

2225 5425 2317 5472 τες
2364 5409 2769 5479 πιστεύσωμεν,
2799 5412 2903 5475 ὅτι,
2954 5414 3040 5466 ἀεὶ
3075 5411 3151 5465 ὢν
3202 5414 3354 5481 Θεὸς,
3398 5416 3493 5470 καὶ
3543 5416 3850 5483 ἁγιάζων,

625 5577 641 5606 ¹
679 5575 869 5644 Philip.
904 5590 963 5635 ιι,
1003 5572 1034 5627 6
1066 5574 1117 5627 8.
1149 5642 1160 5644 _
1196 5574 1230 5644 ζ
1249 5571 1383 5625 Gen.
1424 5570 1545 5644 1,}.
1621 5570 1642 5602 ³
1672 5568 1802 5644 ibid.
1838 5569 1891 5624 ϐ.
1966 5570 1988 5602 ’⁵
2024 5569 2117 5644 ibit

2322 5570 2379 5644 _'
2404 5568 2559 5644 Joan.
2583 5584 2672 5644 ιιι,
2706 5569 2812 5644 17εῄ
2847 5572 2891 5644 _‘
2919 5567 3077 5624 Joan.
3110 5571 3207 5644 1.}
3231 5572 3274 5624 ι.
3304 5570 3557 5644 __"__Jo_an.
3593 5585 3719 5634 nx,
3755 5568 3823 5644 Ε).

553 5643 757 5697 l'Jnan.
816 5637 866 5705 ὲ,
905 5646 992 5697 55.
1095 5642 1318 5697 I’ICnr.
1376 5658 1411 5701 I,
1468 5639 1555 5692 ‘24.
1669 5642 1709 5672 '°
1743 5637 1899 5693 Joan.
1951 5656 1987 5705 ι,
2040 5640 2125 5693 14.

557 5716 598 5743 ³⁵
630 5715 711 5766 1P
749 5728 814 5765 tr.
850 5732 918 5776 tv,
959 5718 1004 5765 Ι.

2232 5640 2271 5671 ¹¹
2311 5636 2451 5694 Joel.
2492 5654 2551 5702 ιι,
2580 5639 2668 5693 28.
2774 5638 2817 5671 ¹²
2844 5639 2977 5694 Dan.
3010 5656 3116 5704 xw,
3151 5640 3203 5693 4.
3302 5640 3346 5671 ¹³
3371 5638 3547 5694 Galat.
3607 5654 3694 5703 tv,
3753 5638 3823 5693 4.
