2047 3102
160 154 212 186 ίὲᾶ
636 148 825 179 PANOPLIA
849 147 968 179 DOGMJ

1004 148 1082 179 'lCA.
1095 161 1129 167 —
1143 148 1221 179 ΤῐΤ.
1243 148 1294 181 XI.
1761 150 1812 182 426

157 209 229 246 πρὸς
251 206 298 239 οὓς
314 206 438 240 ἐγένετο,
461 203 621 239 διακοσμῶν
640 211 670 229 τε
695 203 765 230 κατά
779 202 810 229 τὸ
832 201 960 237 βούλημα

1012 200 1162 236 omniaque
1186 200 1266 236 juxta
1300 201 1392 230 Patris
1420 202 1587 232 voluntatem
1627 204 1810 244 administrat,

156 255 206 282 τοῦ
220 254 330 289 Πατρὸς
349 253 383 279 τὰ
396 253 497 284 πάντα,
513 251 628 286 ὕστερον
642 249 689 276 καὶ
705 249 738 276 δι’
753 250 828 285 ἡμᾶς
845 248 959 284 γέγονεν

1014 252 1127 283 propter
1148 248 1355 276 noshorniuem
1373 254 1467 284 postea
1491 251 1594 278 factum
1618 251 1703 281 fuisse
1716 259 1808 290 atque,

156 300 316 335 ἄνθρωπος,
330 298 380 325 καὶ
394 297 572 332 σωματικῶς,
588 296 627 328 ὥς
644 304 728 331 φησιν
748 297 762 323 ὁ
785 295 961 329 ’Δπόστολος,

1015 299 1045 322 ιιι
1071 294 1194 329 loquitur
1207 294 1364 329 Apostolus,
1390 295 1560 324 divinitatem
1585 300 1765 333 corporaliter
1783 301 1810 328 in

156 345 322 381 κατῴκησεν
347 345 364 379 ὴ
379 344 475 378 θεότης
490 344 520 369 εν
545 342 578 377 τῇ
599 342 683 376 σαρκί
697 349 704 357 ·
726 342 783 368 ῐσον
808 342 848 377 τῷ
864 341 962 376 φάναε,

1015 348 1099 368 carne
1122 340 1259 368 habitasse
1277 341 1298 374 ί,
1315 342 1388 376 quod
1418 342 1488 370 idem
1514 348 1556 371 est
1581 352 1614 372 ac
1641 345 1666 373 si
1695 346 1808 379 diceret,

156 392 224 422 θεὸς
245 390 296 423 ὣν,
324 391 392 417 [διυν
419 389 482 425 ἔσχε
509 388 602 423 σῶμα,
624 389 673 415 καὶ
701 387 790 423 τούτῳ
817 387 961 423 χρώμενος

1015 386 1084 414 Cum
1101 384 1174 414 Deus
1195 391 1279 419 esset,
1296 387 1437 423 proprium
1464 389 1559 418 habuit
1574 399 1686 426 corpus,
1707 401 1762 428 quo
1780 399 1808 422 ut

156 438 281 474 ὀργάνῳ,
302 437 417 472 γέγονεν
432 437 576 471 ἄνθρωπος
592 434 626 461 δι’
643 435 728 471 ἡμᾶς.

1012 432 1197 461 instrumento
1212 437 1303 466 utens,
1319 433 1399 460 homo
1416 439 1528 470 propter
1541 443 1591 465 nos
1606 436 1696 466 factus
1710 444 1763 466 est.

375 483 434 517 Τῆς
450 482 547 517 αὐτῆς
560 482 757 515 ἀκολουθίας.

1248 479 1287 507 De
1307 481 1397 507 eodem
1410 488 1576 516 argumento.

193 530 252 564 Τῆς
285 529 388 564 σαρκδς
419 527 589 561 πασχούσης,
614 527 665 553 οὐκ
690 524 724 562 ῆν
753 525 832 558 ἐκτὸς
857 525 961 561 ταύτης

1050 525 1120 553 lline
1146 534 1209 554 cum
1238 534 1302 554 caro
1325 532 1474 562 pateretur,
1485 534 1561 556 extra
1579 538 1640 558 eam
1666 540 1721 559 non
1750 538 1809 563 erat

156 575 173 600 6
209 575 300 608 Λόγος
318 582 327 590 ·
355 573 400 600 διὰ
424 573 504 599 τοῦτο
525 574 580 607 γὰρ
608 571 691 599 αὑτοῦ
715 571 825 605 λέγεται
853 571 901 597 καὶ
927 571 959 598 τὸ

1010 571 1141 604 Verbum.
1162 580 1223 607 quae
1238 581 1320 600 causa
1338 578 1381 601 est
1392 582 1441 601 cur
1455 575 1515 609 ejus
1537 583 1598 603 esse
1618 577 1709 611 passio
1734 579 1809 606 dica-

157 613 262 644 πάθος·
280 611 446 643 καὶ·θεῖκῶς
462 612 490 638 δὲ
508 612 647 644 ποιοῦντος
666 614 748 640 αὑτοῦ
768 614 802 641 τά
815 614 883 650 ἔργα
898 614 947 641 τοῦ

1024 624 1076 646 tur.
1101 617 1170 645 Cum
1191 617 1253 645 item
1275 617 1333 653 ipse
1356 616 1446 645 Patris
1466 625 1548 652 opera
1570 619 1660 646 divine
1681 620 1808 648 alliceret.

156 659 278 694 Ιιατρὸς,
294 659 344 684 οὐκ
356 656 391 694 ἦν
401 658 499 690 ἔξωθεν
515 659 598 685 αὑτοῦ
611 660 627 694 ἡ
643 659 709 695 σάρξ
721 668 729 676 ⁸
744 660 802 687 ἀλλ’
822 661 851 688 ὲν
873 661 947 698 αὐτῷ

1021 668 1097 690 extra
1112 664 1199 698 ipsum
1218 672 1272 691 non
1285 669 1343 691 erat
1357 672 1432 696 raro,
1447 665 1493 692 sed
1506 665 1532 691 in
1550 665 1609 699 ipso
1624 672 1739 700 corpore
1753 667 1809 694 hinc

154 704 195 738 τῷ
208 703 316 739 σώματι
337 704 422 730 ταῦτα
434 704 515 731 πάλιν
533 705 548 730 6
564 704 664 741 Κύριος
682 705 787 732 ἐποίει·
804 706 849 733 διὰ
867 707 948 734 τοῦτο

1022 707 1153 736 (alliciebat
1167 708 1309 737 Dominus.
1325 708 1428 737 idcirco
1449 711 1521 737 enim
1540 710 1628 738 factus
1650 711 1733 739 homo
1755 713 1809 739 aie-

156 748 214 784 γάρ
228 748 276 774 καὶ
287 747 431 782 ἄνθρωπος
445 746 589 781 γενόμενος
604 746 697 780 ἔλεγεν
707 755 713 761 ·
731 748 765 773 ει
776 747 811 774 οὐ
823 747 897 773 ,ποιῶ
913 747 951 774 τὰ

1017 750 1063 777 bat
1076 759 1083 777 :
1099 749 1128 777 Si
1144 750 1232 776 Patris
1246 751 1295 777 mei
1308 759 1385 785 opera
1400 759 1451 777 non
1467 751 1548 785 facio,
1569 752 1633 778 milii
1644 753 1748 779 credere
1760 761 1807 779 no-

154 795 231 829 ἐρτα
246 794 300 821 τοῦ
313 793 430 829 Πατρός
449 801 520 827 μου,
539 792 583 827 μὴ
604 791 760 819 πιστεύετέ
770 801 822 827 μοι
840 800 847 808 ·
867 794 895 820 el
914 791 950 820 δὲ

1015 794 1061 822 lite
1077 803 1086 823 ε
1103 795 1127 822 si
1145 800 1232 822 autem
1251 795 1339 829 facio,
1356 796 1380 822 si
1401 796 1465 823 milii
1478 796 1583 823 credere
1603 798 1705 831 nolitis,
1719 799 1805 832 operi-

155 840 242 873 ποιῶ,
261 839 321 866 κᾶν
338 838 403 873 ἐμοὶ
421 838 464 873 μὴ
486 838 664 872 πιστεύητε,
687 838 751 871 τοῖς
775 839 876 874 ἔργοις
901 846 950 866 κι-

1016 841 1062 868 bus
1075 841 1169 868 saltem
1180 841 1289 874 credite,
1304 846 1331 868 ut
1346 842 1508 876 cognoscatis
1525 842 1632 869 Patrem
1646 843 1673 869 in
1687 851 1726 870 me
1739 851 1804 874 esse.

155 886 293 917 στεύετε,
307 885 358 913 ἵνα
371 884 538 919 τινώσκητε
554 902 562 915 ,
622 883 668 910 ὅτι
678 884 714 911 ἐν
727 884 791 919 ἐμοὶ
804 886 821 911 ό
834 884 948 919 Πατὴρ,

1015 892 1039 915 et
1052 895 1092 915 me
1105 888 1133 915 in
1152 888 1200 915 illo
1224 891 1245 915 '.
1264 887 1343 916 Certe
1363 895 1426 915 cum
1447 895 1516 923 opus
1538 887 1588 916 fuit
1610 896 1718 916 socrum
1734 888 1806 916 Petri

155 931 239 967 κάγὼ
253 931 290 958 ἐν
304 930 394 963 αὐτῷ.
419 930 526 965 ’Δμέλει
548 930 593 957 ὅτε
611 930 690 966 χρεία
707 930 803 965 γέγονε
819 930 868 966 τὴν
882 939 948 957 πεν-

1016 933 1083 962 febri
1107 934 1276 962 laborantem
1298 941 1395 961 curare
1420 936 1442 967 ³,
1460 933 1580 961 humano
1605 935 1714 970 quidem
1732 943 1805 963 more

157 976 241 1012 θεράν
251 976 299 1003 τοῦ
314 976 419 1012 Πέτρου
431 976 621 1009 πυρέσσουσαν
639 976 755 1012 ἐγεῖραι,
770 975 947 1012 ἀνθρωπίνως

1015 990 1127 1010 manum
1146 982 1277 1015 extendit,
1302 984 1348 1010 sed
1367 982 1494 1009 morbum
1513 982 1645 1010 divinitus
1665 981 1802 1017 repressit.

158 1023 208 1059 μὲν
222 1023 340 1055 ἐξέτεινε
353 1022 402 1058 τὴν
416 1024 506 1058 χεῖρα,
524 1022 623 1054 θεῖκῶς
640 1022 668 1049 δὲ
680 1020 716 1058 ἦν
730 1022 824 1049 παύων
842 1022 892 1058 τὴν
905 1022 949 1050 νό-

1015 1027 1146 1056 Similiter
1174 1035 1237 1055 cum
1256 1035 1358 1055 caecum
1380 1032 1474 1054 natum
1502 1028 1627 1061 sanavit,
1653 1027 1804 1054 humanum

157 1078 213 1095 σον.
227 1069 284 1096 Καὶ
299 1069 346 1095 ἐπὶ
359 1068 408 1104 μὲν
423 1068 470 1095 τοῦ
487 1068 518 1095 ὲκ
532 1069 645 1104 γενετῆς
720 1068 820 1103 τυφλοῦ
841 1067 948 1105 ἀνθρώ-

1014 1078 1126 1108 sputum
1146 1080 1163 1100 e
1185 1080 1268 1101 carne
1289 1073 1389 1106 emisit,
1407 1072 1454 1100 sed
1469 1080 1517 1108 per
1530 1073 1617 1100 lutum
1635 1073 1730 1100 oculos
1746 1073 1804 1107 ejus

157 1123 236 1141 πινον
252 1114 308 1141 ἀπὸ
327 1114 378 1149 τῆς
402 1114 504 1149 σαρκὸς
523 1114 598 1149 ἠφίει
612 1114 643 1140 τὸ
661 1114 784 1149 πτύσμα,
805 1114 904 1146 θεῖκῶς
918 1114 948 1141 δὲ

1013 1117 1105 1145 divine
1129 1119 1243 1153 aperuit.
1257 1118 1286 1145 ln
1302 1118 1405 1145 Lazaro
1429 1126 1538 1153 quoque
1562 1126 1578 1145 a
1601 1118 1717 1146 mortuis
1730 1119 1804 1146 excid

156 1161 220 1192 τοὺς
237 1160 396 1195 ὀφθαλμοὺς
408 1161 500 1195 ἤνοιγε
520 1159 565 1186 διὰ
583 1159 630 1186 τοῦ
654 1160 757 1195 πηλοῦ·
778 1160 824 1187 ἐπὶ
847 1160 877 1187 δὲ
900 1159 949 1187 τοῦ

1014 1163 1096 1190 tando
1113 1163 1261 1190 humanam
1278 1163 1388 1198 quidem
1415 1170 1519 1196 vocem,
1538 1167 1568 1189 ut
1589 1163 1683 1195 homo,
1698 1163 1802 1190 edidit:

155 1206 286 1241 Λαζάρου
297 1205 389 1241 φωνὴν
401 1206 460 1240 μὲν,
472 1205 510 1237 ὡς
521 1205 674 1241 ἄνθρωπος,
682 1205 855 1241 ἀνθρωπίνην
863 1205 948 1240 ἡφίεν

1013 1208 1059 1235 sed
1075 1208 1177 1241 divine,
1199 1212 1229 1235 ut
1250 1208 1332 1241 Deus,
1348 1207 1483 1235 Lazarum
1504 1207 1538 1234 ad
1556 1208 1639 1235 vitam
1655 1207 1802 1235 revocavit.

155 1252 255 1283 θεῖκῶς
268 1252 307 1284 δὲ,
322 1252 361 1283 ὡς
378 1251 454 1283 Θεὸς,
469 1251 514 1278 τὸν
527 1250 652 1288 Λάζαρον
664 1252 774 1288 ἧγειρεν
786 1252 819 1278 ὲκ
833 1251 948 1287 νεκρῶν.

1013 1252 1076 1281 Haec
1089 1260 1182 1281 autem
1202 1254 1303 1282 idcirco
1330 1254 1367 1281 ita
1395 1254 1484 1289 palam
1511 1253 1618 1286 liehant,
1648 1255 1721 1289 quod
1748 1261 1802 1281 non

154 1298 251 1325 Ταῦτα
263 1298 293 1325 δὲ
309 1298 396 1329 οὕτως
412 1297 518 1332 ἐγίνετο
537 1314 545 1327 .
609 1299 656 1325 καὶ
676 1298 823 1330 ἐδείκνυτο,
846 1298 887 1325 ὅτι
911 1297 949 1334 μὴ

1014 1300 1103 1334 specie
1125 1300 1173 1327 sed
1192 1307 1288 1327 revera
1306 1307 1406 1334 corpus
1423 1299 1545 1327 haberet.
1570 1298 1671 1334 Nempe
1691 1299 1803 1326 decebat

154 1344 296 1380 φαντασίᾳ
314 1344 383 1371 ἀλλά
401 1343 509 1379 ἀληθῶς
528 1342 563 1379 ἦν
584 1344 654 1380 ἔχων
674 1344 770 1380 σῶμα·
793 1344 898 1380 ἔπρεπε
919 1344 949 1371 δι

1015 1345 1174 1378 Dominum,
1199 1346 1347 1373 humanam
1373 1353 1483 1373 carnem
1514 1345 1690 1378 induentem,
1718 1349 1801 1372 totam

152 1392 201 1417 τὸν
217 1390 334 1426 Κύριον,
350 1390 568 1425 ὲνδιδυσκόμενον
583 1391 757 1426 ἀνθρωπίνην
769 1391 869 1427 σάρκα,
887 1391 950 1417 ταύ-

1012 1399 1071 1419 eam
1096 1399 1158 1418 cum
1179 1391 1297 1426 propriis
1315 1391 1505 1419 all'ectionibus
1524 1391 1644 1421 induere,
1661 1395 1690 1417 ut
1706 1398 1785 1425 quem
1797 1404 1803 1410 -

151 1445 205 1471 την
232 1435 304 1471 μετὰ
326 1436 381 1462 τῶν
404 1435 474 1461 ίδίων
502 1436 596 1462 παθῶν
620 1437 704 1471 αὐτῆς
726 1436 789 1472 ὅλην
869 1434 947 1463 ὲνδύ-

1012 1436 1159 1464 admodum
1179 1437 1324 1471 proprium
1336 1437 1396 1471 ejus
1420 1444 1480 1464 esse
1500 1443 1600 1470 corpus
1622 1435 1749 1467 dicimus,
1766 1435 1801 1462 ita

152 1482 274 1514 σασθαι,
300 1482 357 1513 ἵνα,
383 1482 476 1517 ὥσπερ
501 1482 564 1509 ἴδιον
588 1483 670 1509 αὖτοῦ
699 1483 813 1518 λέγομεν
832 1481 948 1510 εἷναιτδ

1011 1482 1094 1509 etiam
1114 1485 1237 1516 corporis
1261 1482 1430 1514 all'ectiones,
1445 1482 1567 1516 ejusdem
1581 1481 1670 1508 solum
1688 1481 1799 1515 propria

152 1526 249 1562 σῶμα,
267 1526 338 1553 οὕτω
355 1527 401 1553 καὶ
417 1528 450 1553 τὰ
474 1526 520 1553 τοῦ
546 1527 671 1562 σώματος
691 1528 763 1563 πάθη
790 1527 844 1554 ῐδια.
868 1527 948 1563 μόνον

1011 1534 1072 1555 esse
1094 1527 1261 1560 dicerentur,
1278 1527 1384 1554 tametsi
1402 1527 1461 1561 ejus
1475 1534 1529 1553 non
1544 1525 1713 1561 attingebant
1734 1519 1803 1552 divi-

151 1572 240 1599 αὑτοῦ
257 1572 382 1607 λέγηται,
401 1573 426 1598 εί
446 1573 493 1599 καὶ
513 1573 549 1608 μὴ
566 1574 669 1608 ἥπτετο
739 1573 810 1600 κατά
826 1574 876 1609 τὴν
891 1572 949 1600 θοό-

1012 1572 1134 1599 nitatem.
1149 1571 1242 1607 Itaque
1256 1573 1279 1599 si
1295 1571 1409 1599 alterius
1422 1576 1495 1599 esset
1507 1578 1618 1606 corpus,
1632 1571 1706 1598 illius
1719 1571 1801 1598 etiam

150 1627 227 1653 τητα
244 1604 339 1644 aetati.
356 1618 387 1644 Εἰ
406 1617 455 1653 μὲν
474 1604 520 1644 οὖν
533 1604 626 1654 ἐτέρου
640 1616 674 1654 ἦν
689 1618 721 1645 τὸ
736 1618 825 1654 σῶμα,
841 1604 947 1647 ὲκείνου

1010 1625 1071 1645 esse
1092 1617 1249 1646 affectiones
1269 1618 1447 1646 dicerentur:
1467 1618 1514 1645 sed
1541 1617 1564 1645 si
1585 1616 1664 1643 Verbi
1680 1623 1745 1643 caro
1761 1623 1801 1644 est

152 1664 188 1691 ἂν
203 1663 313 1697 λέγοιτο
334 1663 381 1690 καὶ
397 1663 431 1690 τὰ
452 1663 540 1699 πάθη·
563 1664 588 1690 εί
609 1664 638 1690 δὲ
661 1663 709 1691 τοῦ
732 1663 818 1698 Λόγου
841 1665 858 1700 ἡ
879 1664 948 1702 σὰρξ

1012 1662 1140 1698 (Verbum
1157 1663 1229 1690 enim
1246 1671 1309 1690 caro
1320 1663 1422 1698 factum
1438 1668 1476 1690 est
1497 1662 1506 1678 ⁵
1522 1662 1542 1698 ),
1559 1669 1670 1689 necesse
1684 1666 1726 1689 est
1739 1669 1800 1688 car-

152 1710 188 1744 (ό
202 1709 258 1744 γὰρ
270 1710 366 1744 Λόγος
380 1710 458 1744 σὰρξ
478 1709 625 1744 ἐγένετο),
644 1709 751 1745 ἀνάγκη
843 1711 890 1738 καὶ
911 1711 947 1738 τὰ

1011 1709 1054 1736 nis
1069 1708 1226 1736 affectiones
1243 1709 1317 1737 illius
1328 1710 1383 1737 diei
1397 1710 1476 1745 cujus
1500 1709 1558 1744 ipsa
1571 1716 1636 1737 caro
1649 1713 1700 1736 est.
1717 1708 1801 1743 Cujus

151 1756 205 1790 τῆς
231 1755 333 1791 σαρκὸς
358 1755 431 1790 πάθη
454 1755 581 1789 λέγεσθαι
597 1752 692 1788 αὐτοῦ,
715 1753 746 1783 οὗ
769 1756 817 1783 καὶ
837 1757 855 1792 ἡ
877 1756 946 1792 σάρξ

1012 1762 1094 1789 porro
1119 1755 1248 1782 dicuntur
1266 1755 1436 1788 aﬂ‘eetiones,
1452 1756 1547 1791 quales
1566 1755 1593 1782 in
1609 1755 1704 1790 primis
1720 1761 1800 1789 sunt,

152 1802 241 1827 ἐστιν.
258 1797 295 1828 οὗ
309 1801 338 1827 δὲ
353 1801 461 1835 λέγεται
481 1801 516 1828 τά
532 1802 616 1837 πάθη,
633 1801 678 1829 οἷά
694 1803 753 1829 ἐστι
833 1801 949 1837 μάλιστα

1011 1801 1207 1834 condemnari,
1221 1801 1433 1837 ﬂagellis'czedi,
1451 1801 1538 1834 sitire,
1553 1802 1628 1830 cruci
1642 1801 1723 1836 adigi,
1741 1809 1801 1829 mo-

152 1846 187 1873 τὺ
199 1846 409 1882 κατακριθῆναι,
426 1847 459 1873 τὸ
475 1847 689 1883 μαστιγωθῆναι,
715 1848 747 1874 τὺ
767 1848 857 1883 διψᾷν,
872 1849 919 1876 καὶ
932 1850 946 1875 6

1011 1847 1045 1879 ri.
1062 1847 1176 1882 aliaeque
1194 1848 1319 1882 corporis
1340 1847 1524 1880 inﬁrmitates,
1548 1848 1670 1881 ejusdem
1692 1855 1801 1882 quoque

153 1893 343 1928 οταυρδς,καὶ
358 1894 372 1920 6
391 1894 520 1927 θάνατος,
538 1894 585 1921 καὶ
604 1895 633 1921 αἱ
654 1895 733 1922 ἀλλαι
751 1894 799 1921 τοῦ
820 1895 946 1930 σώματος

1010 1896 1076 1919 sunt
1087 1896 1145 1918 tum
1161 1892 1290 1927 praeclare
1303 1897 1379 1926 gesta
1397 1897 1453 1920 tum
1476 1892 1571 1927 gratia.
1588 1892 1654 1919 Eam
1672 1892 1753 1927 igitur
1765 1891 1800 1919 ob

150 1938 305 1971 ἀσθένειαι,
328 1938 424 1965 τούτου
445 1939 493 1965 κα¹ι
514 1939 544 1966 τδ
567 1939 734 1975 κατόρθωμα
759 1940 806 1967 καὶ
827 1941 844 1976 ἡ
866 1940 946 1976 χάρις

1009 1945 1067 1965 rem
1092 1942 1275 1973 congruenter
1299 1942 1327 1965 et
1347 1937 1539 1965 convenienter
1557 1937 1714 1972 hujusmodi
1731 1937 1798 1965 alre-

150 1986 224 2012 ὲστί.
240 1984 290 2011 Διὰ
305 1985 385 2012 τοῦτο
399 1985 488 2012 τοίνυν
499 1985 653 2017 ἀκολούθως
664 1986 711 2012 καὶ
726 1986 884 2021 πρεπόντως
895 1986 945 2013 οὐκ

1010 1982 1114 2009 ctiones
1135 1990 1190 2010 non
1206 1982 1333 2014 alterius,
1349 1982 1397 2010 sed
1414 1981 1521 2009 Domini
1538 1989 1599 2009 esse
1613 1982 1752 2016 dicuntur,
1769 1986 1798 2010 ut

150 2031 246 2064 ἄλλου,
262 2030 328 2057 ἀλλά
341 2030 388 2057 τοῦ
408 2031 512 2064 Κυρίου
536 2030 644 2064 λέγεται
664 2031 699 2057 τὰ
721 2031 833 2058 τοιαῦτα
849 2030 923 2067 πάθη
935 2038 943 2047 ·

1009 2031 1038 2054 et
1049 2027 1136 2062 gratia
1151 2027 1186 2054 ab
1201 2027 1246 2054 illo
1264 2028 1316 2060 sit,
1337 2032 1365 2055 et
1384 2028 1485 2055 nullius
1501 2028 1587 2060 alius,
1602 2028 1650 2055 sed
1668 2036 1731 2056 vere
1751 2028 1796 2056 Dei

150 2076 197 2102 ἵνα
215 2076 263 2102 καὶ
279 2076 294 2110 ὴ
316 2075 396 2111 χάρις
413 2075 476 2110 παρ’
497 2075 579 2101 αὐτοῦ
594 2073 611 2111 ᾗ
627 2075 673 2102 καὶ
692 2076 728 2110 μὴ
749 2076 829 2103 ἄλλου
847 2075 944 2111 λάτραι

1009 2072 1127 2100 cultores
1142 2080 1282 2105 essemus,
1298 2073 1397 2108 quippe
1413 2073 1458 2107 qui
1475 2073 1576 2100 nullam
1595 2081 1610 2100 e
1625 2074 1707 2101 rebus
1720 2073 1798 2101 factis

150 2120 296 2156 γινώμεθα
316 2138 324 2151 ,
396 2120 465 2148 ἀλλά
486 2121 593 2156 ἀληθῶς
613 2121 764 2154 θεοσεϐεῖς,
781 2122 822 2148 ὅτι
842 2122 944 2158 μηδένα

1009 2125 1060 2145 nec
1074 2118 1212 2153 vulgarem
1230 2118 1349 2153 aliquem
1365 2118 1515 2152 hominem,
1531 2119 1578 2146 sed
1593 2125 1686 2146 verum
1709 2124 1736 2147 et
1749 2127 1798 2147 na-

151 2166 208 2193 τῶν
222 2166 361 2201 γενητῶν,
378 2167 446 2202 μηδὲ
465 2167 554 2193 κοινόν
571 2175 633 2194 τινα
649 2167 803 2204 ἄνθρωπον,
819 2167 886 2195 ἀλλά
898 2168 943 2197 τδν

1009 2167 1070 2191 tura
1086 2171 1118 2191 ex
1139 2163 1194 2190 Deo
1217 2164 1338 2199 genitum
1363 2163 1461 2191 Filium
1482 2164 1650 2198 invocemus,
1666 2165 1712 2200 qui
1729 2165 1798 2192 idem

152 2213 184 2239 ἐκ
197 2212 244 2238 τοῦ
263 2212 330 2239 Θεοῦ
346 2212 424 2247 φύσει
438 2213 485 2239 καὶ
499 2212 624 2248 ἀληθινὸν
637 2213 703 2240 Υιὺν
786 2214 880 2241 τοῦτον
896 2215 943 2242 καὶ

1009 2209 1118 2236 tametsi
1140 2208 1228 2236 factus
1251 2213 1292 2236 est
1317 2209 1411 2242 homo,
1429 2210 1607 2238 nihilominus
1627 2215 1654 2238 et
1669 2210 1798 2239 Dominus

154 2258 298 2293 γενόμενον
319 2258 472 2293 ἄνθρωπον,
488 2258 563 2286 οὐδὲν
579 2257 660 2295 ἧττον
676 2260 779 2296 Κύριον
793 2261 874 2288 αὐτὸν
895 2261 944 2290 καὶ
1008 2258 1034 2281 εί
1051 2254 1122 2282 Deus
1135 2259 1162 2281 ει
1175 2253 1300 2281 salvam"
1314 2259 1365 2282 εει·

153 2303 218 2328 Βεδν
234 2304 281 2329 καὶ
293 2303 407 2337 Σωτῆρα
421 2304 634 2338 ὲπικαλούμεθα.
964 2300 982 2326 υ

196 2345 282 2372 Τοῦτο
296 2344 324 2371 δὲ
345 2344 387 2375 τίς
404 2345 454 2371 οὐκ
469 2344 503 2371 ἂν
528 2344 714 2380 θαυμάσειεν;
740 2345 757 2380 ἢ
780 2355 821 2377 τις
843 2347 893 2374 οὐκ
916 2347 949 2375 ἂν

1038 2346 1089 2373 Cui
1110 2353 1190 2381 porro
1213 2346 1240 2373 id
1254 2346 1416 2375 admirabile
1439 2354 1495 2374 non
1511 2346 1657 2379 videbitur,
1673 2346 1712 2373 vel
1726 2345 1787 2381 quis

158 2391 285 2418 σῦνθοιτο
310 2391 381 2417 θεῖον
397 2390 505 2425 ἀληθῶς
527 2389 599 2417 εἶναι
626 2391 656 2417 τὸ
682 2392 818 2426 πρᾶγμας
836 2393 867 2419 Et
894 2393 949 2428 γὰρ

1004 2398 1060 2418 rem
1079 2399 1140 2418 vere
1155 2391 1276 2420 divinam
1294 2400 1356 2421 esse
1372 2400 1426 2421 non
1443 2393 1631 2421 consenserit?
1647 2392 1704 2420 Nisi
1718 2392 1789 2419 enim

157 2437 193 2463 τά
207 2438 257 2471 τῆς
272 2436 399 2470 θεότητος
420 2435 467 2462 τοῦ
483 2437 571 2470 Λόγου
588 2436 657 2472 ἔργα
673 2437 710 2472 μὴ
724 2437 768 2465 διὰ
791 2437 838 2464 τοῦ
853 2439 948 2474 σώμα-

1003 2437 1154 2466 divinitatis
1180 2438 1262 2466 Verbi
1283 2446 1365 2473 opera
1384 2446 1431 2474 per
1457 2446 1559 2473 corpus
1586 2443 1676 2465 essent
1706 2437 1788 2469 facta.

156 2491 205 2514 τος
233 2482 358 2517 ὶγίνετο,
384 2482 435 2508 οὐκ
463 2482 495 2509 ἂν
524 2483 686 2519 meo-tradier;
714 2484 876 2519 ἄνθρωπος-
903 2485 949 2511 καὶ

1003 2491 1143 2519 nunquam
1172 2484 1254 2511 homo
1286 2484 1397 2512 divinus
1418 2484 1534 2512 etractus
1554 2483 1673 2512 fuisset:
1694 2488 1721 2511 et
1747 2484 1787 2510 vi-

157 2528 253 2558 πάλιν,
273 2528 307 2555 el.
322 2528 356 2555 τά
371 2527 426 2554 ίδια
443 2524 493 2564 τῆς
518 2529 620 2564 σαρκὸς
642 2530 692 2556 οὐκ
707 2530 815 2564 ἐλέγετο
838 2530 885 2557 τοῦ
900 2530 950 2557 Δό-

1002 2520 1175 2562 ςίεεῑηῖηἱεί
1199 2538 1261 2565 quae
1284 2531 1375 2558 carnil
1393 2531 1503 2565 propria
1527 2535 1601 2563 sunt,
1628 2529 1708 2557 Verbi
1730 2536 1789 2556 esse

155 2584 220 2608 γου,
246 2575 297 2601 οὐκ
320 2574 353 2601 ἂν
374 2575 549 2610 ἠλευθερώθη
574 2575 716 2607 παντελῶς
736 2576 791 2603 ἀπὸ
814 2577 918 2604 τούτων
935 2578 949 2604 6

1003 2567 1169 2607 (liee‘t'entur.
1198 2576 1234 2603 ab
1260 2576 1304 2604 his
1323 2577 1406 2603 homo
1430 2583 1485 2603 non
1506 2576 1614 2611 penitus
1639 2574 1738 2602 fuisset
1760 2574 1789 2601 li-

157 2620 306 2656 ἄνθρωπος
319 2629 326 2636 ”
346 2621 403 2648 ἀλλ’
416 2622 440 2648 εί
458 2622 511 2657 ἄρα
529 2623 597 2657 πρὸς
611 2622 700 2656 ὀλίγον
718 2622 768 2658 μιν
782 2623 948 2657 ἀνεπαύετο,

1003 2622 1125 2650 beralus.
1153 2623 1252 2650 Verum
1279 2623 1303 2650 si
1338 2623 1450 2658 aliquod
1482 2628 1588 2657 tempus
1621 2625 1787 2652 cessassent.

159 2668 243 2693 πάλιν
260 2668 288 2693 δὲ
313 2667 409 2702 ἔμενεν
433 2668 449 2703 ἡ
465 2669 590 2703 ἁμαρτία
611 2669 640 2694 ὲν
653 2669 727 2704 αὐτῷ
751 2670 798 2696 καὶ
816 2670 832 2705 ἠ
848 2669 947 2705 φθορὰ,

1003 2677 1100 2696 rursus
1128 2673 1219 2696 tamen
1246 2669 1272 2696 in
1291 2669 1401 2697 homine
1426 2672 1570 2703 peccatum
1596 2670 1623 2694 et
1648 2666 1789 2701 corruptio

157 2713 256 2747 ὥσπερ
273 2714 319 2743 ἐπὶ
341 2713 397 2740 τῶν
424 2714 579 2749 ἔμπροσθεν
602 2715 754 2750 ἀνθρώπων
770 2715 877 2749 γέγονε,
900 2717 948 2742 καὶ

1002 2715 1189 2747 remansisset,
1219 2717 1257 2743 uti
1286 2719 1363 2742 antea
1388 2714 1499 2750 contigit
1529 2712 1709 2740 hominibus:
1738 2719 1788 2740 ne-

157 2759 241 2786 τοῦτο
265 2759 413 2787 δείκνυται.
441 2760 536 2787 Πολλοὶ
559 2760 624 2795 γοῦν
651 2760 724 2796 ἅγιοι
748 2762 876 2796 γεγόνασι
902 2762 950 2789 καὶ

1001 2769 1054 2796 que
1071 2762 1095 2789 id
1111 2762 1227 2797 probatu
1243 2766 1285 2791 est
1306 2762 1423 2790 diﬂlcile.
1443 2760 1519 2788 Multi
1544 2763 1642 2795 nempe
1660 2758 1746 2787 sancti
1762 2761 1788 2786 ct

198 2851 207 2867 ί
226 2850 333 2880 Coloss.
350 2859 380 2884 ιι,
396 2851 423 2878 9.
462 2853 472 2868 ¹
488 2851 567 2879 Joan.
585 2860 612 2884 ι,
630 2853 674 2886 57,
686 2854 731 2881 58.
770 2855 780 2871 ³
795 2853 891 2882 Matth.
911 2861 970 2888 VIII,
986 2851 1006 2880 ι.

462 2853 472 2868 ¹
488 2851 567 2879 Joan.
585 2860 612 2884 ι,
630 2853 674 2886 57,
686 2854 731 2881 58.
770 2855 780 2871 ³
795 2853 891 2882 Matth.
911 2861 970 2888 VIII,
986 2851 1029 2881 Η,
1067 2852 1167 2882 |.loan.
1186 2860 1204 2886 I,
1220 2852 1261 2880 Η.

354 2901 490 2932 Parnm.
509 2902 569 2933 Gn.
587 2902 715 2934 cxxx.
1511 2901 1547 2933 ιδ
