4094 6204
500 277 606 341 όΞἿ

502 407 569 459 ab
601 404 749 460 omni
777 414 1013 474 'pcecato
1050 405 1172 475 puri
1206 404 1463 459 exStitcre
1517 419 1534 456 :
1582 401 1879 471 quinetiam
1921 400 2075 457 Jere-

2179 398 2407 469 καθαροὶ⁵
2434 398 2615 470 πάσης
2632 396 2905 470 ἁμαρτίας
2942 414 2956 429 ⁸

504 496 643 550 mins
687 496 756 548 ab
797 506 955 549 utero
990 504 1213 549 sanctus
1258 502 1342 547 est
1385 490 1608 546 cﬂ‘ectus
1649 492 1697 554 ¹,
1740 499 1794 546 et
1840 490 2080 547 Joannes

501 604 625 642 cum
675 588 728 641 in
766 588 954 641 matris
988 598 1144 640 utcro
1174 584 1354 639 adhuc
1383 592 1705 654 gestarctur,
1738 584 1805 637 ad
1837 583 2081 653 Deiparze

502 678 913 732 Mariae‘vocem'
933 676 1113 730 lwtitia
1145 675 1437 730 exsultavit
1486 676 1534 730 Ρ.
1562 673 1947 730 Verumtamen
1979 674 2079 729 Re-

501 773 679 842 gnavit
723 786 864 824 mors
910 767 977 821 ab
1012 768 1186 822 Adam
1223 784 1385 839 usque
1419 767 1489 820 ad
1534 767 1784 837 Moysen,
1820 769 1980 822 etiam
2021 768 2073 821 iu

500 882 606 927 eos,
634 864 721 933 qui
748 880 849 916 non
871 872 1234 934 peccaverunt,
1259 864 1314 916 in
1338 861 1739 916 similitudinem
1759 862 2080 931 pra-varica-

502 956 661 1008 tiom’s
690 954 817 1009 Ade:
853 961 903 1019 ³,
932 964 1096 1024 atque
1138 956 1211 1008 ita
1252 953 1499 1008 homines
1538 952 1892 1006 nihilominus
1932 964 2078 1004 mor-

502 1047 633 1100 tales
675 1054 729 1099 ct
766 1046 1009 1115 corrupti
1055 1046 1400 1115 propriisque
1451 1053 1658 1099 naturae
1699 1040 2076 1096 aﬂ’ectionibus

499 1138 727 1207 subjecti
771 1152 1138 1207 permansere.
1183 1135 1301 1191 Jam
1346 1151 1473 1190 vero
1504 1145 1797 1205 postquam
1836 1134 2073 1187 Verbum

501 1226 664 1279 homo
695 1224 872 1279 factus
903 1234 1005 1288 est,
1044 1233 1097 1278 et
1137 1239 1260 1293 qua:
1298 1225 1476 1278 carnis
1519 1234 1665 1286 sunt,
1707 1221 1927 1291 [impria
1972 1220 2073 1274 sibi

497 1329 619 1369 esse
648 1315 837 1377 voluit,
879 1316 993 1369 lucc
1038 1329 1145 1367 non
1188 1315 1419 1382 amplius
1447 1329 1646 1383 corpus
1677 1312 1971 1381 attingunt,
2005 1311 2075 1363 ob

498 1405 737 1460 Verbum
768 1407 912 1473 quod
963 1406 1015 1458 in
1062 1406 1180 1474 ipso
1223 1404 1423 1459 factum
1460 1412 1571 1470 est,
1615 1403 1706 1457 scd
1752 1408 2074 1469 consumpta

498 1494 567 1550 ab
591 1495 681 1549 illo
713 1504 861 1559 sunt,
898 1510 996 1549 nec
1020 1496 1134 1565 jam
1163 1496 1409 1551 homines
1439 1511 1566 1549 suos
1595 1502 1811 1563 propter
1836 1491 2077 1546 aﬂ‘ectio-

499 1602 597 1641 nes
634 1596 949 1656 peccatores
983 1596 1035 1641 et
1064 1587 1261 1641 mortui
1286 1594 1527 1651 manent,
1555 1585 1649 1640 sed
1686 1584 1844 1638 Verbi
1877 1584 2075 1638 virtute

498 1678 903 1742 reviviscentes,
952 1677 1288 1732 immortales
1331 1684 1493 1746 atque
1539 1675 1841 1744 incorrupti
1876 1687 2075 1743 perpe-

500 1778 594 1822 tuo
628 1768 845 1823 durant.
879 1766 1145 1835 Quocirca
1176 1780 1300 1822 cum
1350 1780 1482 1821 caro
1519 1782 1585 1821 cx
1634 1765 1861 1835 Deipara
1901 1763 2072 1818 Maria

2182 1762 2345 1818 Ὅθεν
2370 1765 2465 1818 καὶ
2486 1767 2835 1838 γεννωμένης

500 1860 767 1924 nascitur,
816 1858 931 1929 ipse
979 1867 1157 1913 tamen
1198 1865 1358 1914 natus
1395 1871 1517 1912 esse
1556 1857 1774 1924 dicitur,
1823 1871 1932 1925 quo
1971 1857 2072 1911 do-

502 1960 665 2006 nante
711 1950 801 2005 alii
847 1960 1151 2006 nascuntur
1194 1958 1256 2004 ut
1300 1949 1439 2016 sint,
1481 1958 1540 2003 ut
1576 1950 1783 2004 scilicet
1825 1956 2072 2003 nostrum

502 2045 618 2113 ipse
664 2051 843 2097 ortum
873 2044 929 2096 in
972 2057 1030 2097 sc
1072 2040 1384 2105 transferat,
1413 2040 1650 2109 hincque
1673 2054 1776 2093 nos
1803 2053 1911 2093 nou
1934 2038 2070 2108 jam,

496 2142 561 2189 ut
604 2143 747 2189 terra
783 2132 923 2196 sola,
956 2131 1009 2186 in
1052 2139 1252 2187 terram
1293 2139 1649 2195 revertamur,
1670 2127 1774 2184 sed
1815 2139 2072 2196 tanquam

500 2241 625 2280 cum
680 2224 889 2279 caelesti
932 2221 1112 2277 Verbo
1165 2220 1475 2291 conjuncti,
1526 2218 1583 2273 in
1631 2218 1802 2274 caelos
1843 2218 1911 2271 ab
1951 2218 2070 2287 ipso

498 2317 884 2385 perducamur.
936 2311 1197 2367 Similiter
1240 2310 1406 2382 igitur
1434 2308 1579 2363 haud
1628 2307 1833 2377 absque
1859 2306 2070 2361 ratione

494 2408 632 2461 alias
675 2405 922 2475 corporis
966 2402 1280 2458 ati‘ectioues
1320 2400 1644 2470 in-seipsum
1677 2398 1975 2461 transtulit,
2012 2404 2073 2452 ut

494 2496 762 2561 videlicet,
792 2510 899 2550 non
926 2492 1041 2564 iam
1085 2502 1143 2547 ut
1188 2491 1460 2559 homines,
1515 2490 1608 2546 sed
1654 2497 1714 2544 ut
1752 2488 1971 2561 proprie
2002 2487 2072 2543 ad

495 2588 673 2658 ipsum
710 2585 950 2641 Verbum
981 2585 1331 2656 pertinentes,
1371 2592 1587 2638 aeterna:
1615 2583 1739 2637 vita:
1776 2580 2071 2651 participes

496 2679 867 2733 redderemur.
895 2674 1003 2731 Nec
1032 2676 1175 2729 enim
1211 2674 1487 2743 deinceps,
1522 2683 1582 2729 ut
1613 2673 1667 2729 in
1702 2671 1871 2744 priori
1902 2672 2074 2743 origi-

496 2783 585 2834 ne,
614 2769 665 2821 in
696 2767 865 2821 Adam
897 2765 1179 2830 morimur,
1208 2766 1302 2820 sed
1330 2774 1516 2819 nostra
1546 2764 1759 2834 origine
1790 2763 2072 2818 omnibus-

497 2874 602 2928 que
632 2858 814 2913 carnis
856 2857 1265 2911 inﬁrmitatibus
1297 2856 1351 2910 in
1380 2854 1617 2910 Verbum
1663 2855 1843 2924 ipsum
1887 2862 2068 2909 trans-

500 2936 646 3001 latis,
670 2953 701 2993 e
729 2949 871 2994 terra
893 2943 1216 3007 excitaumr,
1243 2947 1419 3000 soluta
1447 2949 1651 3017 peccati
1675 2948 2073 3011 maledictione,

1708 274 2094 336 EUTllYMIl
2150 275 2509 337 ZlGABENI

3651 275 3762 342 428

3078 395 3348 469 Ἱερεμίας
3363 398 3421 453 δὲ
3438 397 3529 453 καὶ
3544 399 3610 455 ὲκ
3645 418 3759 457 κοι-

2177 494 2297 557 λίας
2326 491 2596 563 ἡγιάσθη⁵
2632 491 2727 544 καὶ
2774 490 3024 563 Ἰωάννης
3060 490 3141 545 ἔτι
3321 493 3758 563 κυοφοροὺμενος

2177 585 2499 655 ἐσκίρτησεν
2520 584 2577 635 ὲν
2601 581 2919 651 ἀγαλλιάσει
2959 581 3052 634 ἐπὶ
3084 584 3153 653 τῇ
3189 585 3340 653 φωνῇ
3362 583 3460 653 τῆς
3489 583 3757 638 Θεοτόκου

2178 677 2398 747 Μαρίας
2422 693 2435 708 ο
2470 674 2564 729 καί
2610 676 2759 745 ὅμως
2803 674 3229 728 Ἐϐασίλευσεν
3272 678 3305 728 ό
3343 674 3599 739 θάνατος
3637 677 3760 731 ἀπὸ

2188 766 2369 835 Ἀδὰμ
2390 764 2568 835 μέχρι
2600 763 2875 830 Μωσέως,
2931 764 3029 817 καί
3078 764 3177 817 ἐπὶ
3205 764 3347 830 τοὺς
3368 764 3456 835 μὴ
3495 766 3763 835 ἁμαρτή-

2176 871 2426 921 σαντας,
2462 856 2560 909 ἐπὶ
2597 854 2674 920 τῷ
2708 853 3021 923 ὁμοιώματι
3063 852 3174 922 τῆς
3208 840 3604 921 παραϐάσεως
3658 857 3758 910 Ἀο

2174 947 2329 1017 δάμο
2374 947 2467 1000 καὶ
2512 946 2685 1010 οὕτως
2732 946 2924 1016 έμενον
2970 945 3119 999 οὐδὲν
3163 941 3326 1018 ἦττον
3375 947 3424 999 oi
3476 947 3755 1020 ἄνθρωποι

2177 1038 2361 1107 θνητοὶ
2393 1038 2487 1090 καὶ⁴
2528 1037 2777 1109 φθαρτοὶ,
2807 1038 3046 1092 δεκτικοὶ
3082 1037 3188 1091 τῶν
3226 1037 3371 1091 ἰδίων
3409 1037 3509 1108 τῆς
3539 1039 3757 1108 φύσεως

2176 1129 2384 1182 παθῶν.
2416 1129 2530 1182 Νῦν
2555 1131 2610 1183 δὲ
2647 1128 2741 1183 τοῦ
2770 1130 2945 1196 Λόγου
2974 1128 3270 1198 γενομένου
3441 1129 3755 1202 ἀνθρώπου,

2175 1221 2269 1272 καὶ
2307 1221 2727 1290 ίδιοποιουμένου
2756 1220 2824 1274 τὰ
2851 1224 2951 1291 τῆς
2982 1222 3201 1291 σαρκὸς,
3232 1220 3417 1275 οὐκέτι
3458 1221 3630 1275 ταῦτα
3658 1223 3755 1277 τοῦ

2180 1309 2429 1380 σώματος
2466 1312 2693 1365 ἅπτεται
2742 1311 2832 1364 διὰ
2854 1313 2943 1365 τὸν
2967 1314 3024 1364 ὲν
3057 1312 3205 1382 αὐτῷ
3236 1312 3526 1383 γενόμενον
3558 1314 3753 1382 Λόγονο

2176 1400 2289 1451 ἀλλ’
2318 1401 2407 1453 ὑπ’
2444 1400 2608 1455 αὐτοῦ
2634 1402 2733 1471 μὲν
2762 1402 3036 1473 ἀνήλωται
3074 1435 3091 1461 ,
3245 1402 3431 1456 λοιπὸν
3468 1403 3525 1455 δὲ
3570 1407 3618 1457 οἱ
3660 1406 3757 1460 ἄν·

2181 1489 2389 1561 θρωποι
2427 1492 2611 1546 οὐκέτι
2651 1494 2793 1547 κατά
2831 1494 2899 1547 τὰ
2932 1494 3038 1547 ἴδια
3082 1493 3229 1566 πάθη
3275 1495 3528 1563 μένουσιν
3576 1497 3759 1567 ἀμαρ-

2177 1582 2340 1635 τωλοὶ
2363 1584 2457 1636 καὶ
2480 1585 2686 1653 νεκροὶ,
2717 1584 2856 1638 ἀλλά
2893 1586 3037 1639 κατά
3060 1586 3160 1656 τὴν
3192 1585 3288 1639 τοῦ
3326 1587 3499 1656 Λόγου
3525 1588 3757 1660 δύναμιν

2179 1673 2531 1739 ἀναστάντες,
2561 1675 2818 1731 ἀθάνατοι
2853 1678 2946 1730 καὶ
2977 1676 3241 1748 ἄφθαρτοι
3264 1678 3353 1731 ἀεὶ
3384 1678 3752 1749 διαμένουσιν.

2999 1768 3099 1839 τῆς
3129 1769 3329 1840 σαρκὸς
3355 1772 3419 1823 ὲκ
3441 1770 3542 1840 τῆς
3563 1771 3759 1824 Cecro-

2183 1872 2278 1909 κου
2306 1856 2541 1929 Μαρίας,
2577 1858 2739 1921 αὐτὸς
2778 1858 2994 1928 λέγεται
3033 1860 3415 1931 γεγεννῆσθαι,
3458 1864 3489 1916 6
3515 1866 3626 1927 τοῖς
3658 1863 3760 1917 ἄλο

2177 1946 2292 2012 λοις
2315 1948 2527 2017 γένεσιν
2549 1952 2630 2014 εἰς
2652 1950 2713 2004 τὸ
2735 1947 2873 2006 εἶναι
2902 1952 3162 2025 παρέχων
3185 1970 3199 1984 ·
3239 1954 3325 2008 ἵνα
3352 1954 3452 2025 τὴν
3480 1954 3637 2026 ἡμῶν
3672 1958 3759 2019 είς

2181 2040 2373 2094 ἑαυτὸν
2405 2042 2611 2114 μεταθῇ
2639 2043 2851 2113 γένεσιν
2888 2083 2906 2110 ,
3038 2046 3134 2099 καὶ
3165 2046 3361 2117 μηκέτι
3386 2046 3463 2111 ὡς
3500 2049 3572 2116 γῆ
3613 2048 3753 2120 μόνη

2179 2128 2331 2196 ὄντες
2370 2133 2450 2194 είς
2495 2132 2600 2202 γῆν
2643 2132 2985 2205 ἀπέλθωμεν,
3025 2133 3139 2188 ἀλλ’
3182 2134 3257 2198 ὡς
3302 2134 3382 2206 τῷ
3426 2135 3484 2202 ἐξ
3522 2136 3754 2207 οὐρανοῦ

2177 2220 2336 2294 Λόγῳ
2363 2224 2720 2293 συναφθέντες
2739 2266 2754 2289 ,
2784 2227 2867 2288 είς
2891 2226 3150 2296 οὐρανοὺς
3427 2228 3755 2298 ἀναχθῶμεν

2180 2316 2312 2385 παρ’
2346 2315 2531 2369 αὐτοῦ.
2559 2315 2770 2369 Οὐκοῦν
2799 2315 2941 2370 οὕτω
2966 2317 3151 2371 καὶτὰ
3178 2317 3315 2373 ἄλλα
3347 2318 3494 2390 πάθη
3522 2319 3616 2371 τοῦ
3643 2321 3753 2373 σώ-

2184 2421 2349 2473 ματος
2376 2405 2478 2457 οὒκ
2496 2404 2797 2468 ἀπεικότως
2828 2407 2907 2469 είς
2939 2405 3130 2460 ἑαυτὸν
3172 2407 3493 2477 μετέθηκεν·
3526 2409 3611 2462 ἵνα
3643 2426 3753 2480 μη-

2179 2494 2298 2548 κέτι
2329 2495 2405 2559 ὡς
2427 2495 2723 2570 ἄνθρωποι,
2758 2497 2870 2550 ἀλλ’
2900 2496 2975 2561 ὡς
3007 2498 3126 2552 ἴδιοι
3150 2498 3243 2551 τοῦ
3265 2498 3460 2566 Λόγου,
3488 2500 3587 2570 τῆς
3611 2502 3750 2554 αἰω-

2178 2584 2290 2647 νίου
2319 2585 2462 2656 ζωῆς
2492 2586 2870 2658 μετάσχωμεν.
2903 2589 3099 2643 Οὐκέτι
3124 2588 3233 2659 γὰρ
3255 2590 3395 2643 κατὰ
3424 2590 3520 2661 τὴν
3550 2591 3752 2661 προτέ-

2172 2690 2280 2744 ραν
2313 2674 2523 2742 γένεσιν
2569 2676 2626 2729 ὲν
2664 2675 2741 2746 τῷ
2783 2676 2952 2747 ’Δδάμ
2991 2677 3407 2748 ἀποθνήσκομεν
3432 2693 3446 2707 ·
3477 2679 3612 2733 ἀλλά
3640 2679 3756 2733 λοι-

2179 2763 2280 2817 τὼν
2320 2768 2419 2835 τὴς
2461 2765 2727 2834 γενέσεως
2770 2766 2927 2838 ἡμῶν
2967 2769 3060 2822 καὶ
3106 2768 3289 2838 πάσης
3334 2768 3435 2839 τῆς
3484 2771 3754 2843 σαρκικῆς

2179 2856 2462 2921 ἀσθενείας
2507 2860 2909 2928 μετατεθέντων
2945 2861 3027 2924 εἰς
3069 2859 3163 2912 τὸν
3208 2860 3400 2928 Λόγον,
3428 2862 3758 2933 ἐγειρόμεθα

2175 2944 2282 2999 ἀπὸ
2313 2944 2415 3013 γῆς
2438 2982 2455 3008 ,
2497 2940 2754 3012 λυθείσης
2791 2940 2892 3012 τῆς
2934 2940 3004 2995 δι’
3045 2941 3323 3013 ἁμαρτίαν
3510 2943 3757 3013 κατάρας

499 3026 621 3096 ejus
652 3032 870 3098 merito,
905 3033 997 3103 qui
1032 3035 1085 3088 in
1119 3036 1300 3101 nobis,
1330 3038 1503 3092 nostri
1533 3039 1726 3109 gratia,
1768 3038 2075 3093 maledictio

2179 3034 2260 3088 διὰ
2290 3034 2382 3088 τὸν
2412 3034 2469 3086 ὲν
2503 3034 2636 3103 ἡμῖν
2670 3032 2810 3104 ὑπὲρ
2841 3030 3000 3104 ἡμῶν
3030 3022 3321 3100 γενόμενον
3347 3016 3595 3103 κατάραν
3613 3049 3624 3061 ·
3662 3035 3761 3087 καὶ

501 3117 677 3173 factus
727 3129 810 3174 est
846 3162 861 3186 ,
921 3121 1083 3191 idque
1129 3125 1421 3180 admodum
1479 3127 1880 3182 convenienter.
1936 3125 2071 3180 Nam

2179 3126 2402 3188 εἰκότως
2429 3141 2516 3192 γε.
2552 3124 2765 3194 Ὥσπερ
2797 3122 2907 3194 γὰρ
2933 3124 2998 3177 ὲκ
3024 3124 3128 3193 γῆς
3155 3123 3308 3186 ὄντες
3349 3124 3549 3188 πάντες
3592 3127 3648 3177 ὲν
3680 3124 3760 3193 τῷ

498 3210 955 3279 quemadmodum
984 3230 1083 3270 nos
1117 3230 1328 3282 omnes,
1356 3226 1417 3271 ut
1449 3216 1544 3287 qui
1578 3232 1646 3272 ex
1675 3227 1819 3273 terra
1846 3233 2072 3285 sumus,

2186 3218 2355 3288 ’Δδάμ
2384 3193 2802 3285 ἀποθνήσκομεν
2826 3255 2840 3280 ,
2886 3214 3057 3279 οὕτως
3102 3215 3309 3269 ἄνωθεν
3341 3214 3400 3279 ἐξ
3433 3214 3620 3278 ὓδατος
3664 3217 3761 3269 καὶ

497 3297 550 3350 in
592 3297 763 3353 Adam
796 3303 1064 3359 morimur
1104 3323 1116 3359 :
1166 3306 1237 3359 ita
1264 3321 1330 3360 ex
1356 3321 1502 3376 aqua
1532 3313 1588 3360 et
1628 3306 1823 3375 spiritu
1853 3323 2072 3362 sursum

497 3391 794 3456 regenerati
822 3432 837 3456 ,
875 3407 1066 3448 omnes
1104 3395 1157 3447 in
1191 3395 1412 3450 Christo
1444 3396 1550 3450 vita
1596 3396 1888 3452 donamur.

700 3486 771 3542 Ut
824 3496 1008 3542 autem
1050 3489 1366 3545 accuratius
1400 3489 1659 3558 cognosci
1699 3487 1874 3558 possit
1918 3496 2077 3542 uatu-

496 3593 613 3633 ram
645 3578 807 3634 Verbi
849 3579 957 3649 pati
1000 3579 1135 3633 nihil
1168 3595 1349 3649 posse,
1394 3579 1686 3648 carnisque
1732 3578 2077 3633 infirmitates

494 3680 714 3742 propter
736 3687 954 3726 carnem
986 3672 1084 3741 ipsi
1111 3671 1354 3735 attribui,
1383 3669 1523 3725 haud
1550 3671 1708 3725 absre
1733 3669 1837 3724 erit
1860 3670 2074 3724 beatum

494 3761 718 3817 Petrum
749 3764 981 3817 audire:
1016 3763 1214 3831 dignus
1246 3762 1516 3831 siquidem
1562 3762 1717 3817 testis
1754 3768 1840 3816 est
1877 3761 1966 3815 cui
2009 3759 2076 3813 de

497 3857 782 3910 Salvatore
807 3854 1005 3909 dicenti
1040 3854 1172 3908 ﬁdes
1217 3854 1503 3908 habeatur.
1553 3852 1647 3908 Sic
1685 3868 1815 3923 ergo
1858 3853 1912 3906 in
1947 3851 2074 3920 Epi-

495 3948 632 4001 stola
662 3945 888 4000 scribit:
918 3946 1127 3999 Christo
1155 3944 1319 4014 igitur
1350 3961 1443 4013 pro
1470 3944 1618 3997 nobis
1649 3960 1808 3997 carne
1837 3959 1992 4010 passo
2029 3951 2071 3997 δ.

496 4036 730 4092 Proinde
752 4052 875 4091 cum
900 4035 1111 4090 esurire
1134 4034 1332 4089 dicitur
1354 4042 1407 4087 et
1430 4034 1604 4097 sitire,
1629 4033 1900 4097 laborare,
1928 4032 2080 4102 igno—

498 4143 640 4193 rare,
667 4127 927 4191 dormire,
956 4125 1105 4187 ﬂere,
1148 4124 1447 4194 postulare,
1481 4123 1691 4191 fugere,
1738 4126 1917 4187 nasci,
1951 4122 2082 4176 cali-

494 4232 614 4271 cem
635 4217 935 4285 deprecari,
956 4230 1021 4270 ac
1035 4216 1268 4285 denique
1289 4229 1632 4284 quaecunque
1657 4213 1839 4269 carnis
1864 4213 2080 4283 propria

496 4316 647 4369 sunt,
670 4309 736 4361 de
750 4306 978 4377 singulis
1002 4315 1145 4360 recte
1159 4306 1262 4360 dici
1288 4304 1490 4374 possit:
1515 4303 1739 4358 Christo
1762 4304 1947 4373 igitur,
1968 4318 2086 4359 car-

491 4414 573 4452 »ne
587 4414 685 4467 pro
706 4397 883 4462 nobis,
908 4397 1185 4451 esuriente
1206 4405 1261 4450 et
1283 4394 1521 4459 sitiente,
1545 4410 1713 4464 seque
1735 4396 1988 4464 ignorare
2009 4398 2085 4452 di-

490 4500 682 4546 >ccnte.
712 4488 958 4558 colaphis
986 4501 1150 4549 caeso,
1169 4495 1223 4541 et
1264 4486 1545 4541 laborante
1568 4502 1666 4556 pro
1696 4487 1852 4542 nobis
1875 4503 2039 4544 carne
2065 4506 2079 4542 :

498 4582 737 4635 exaltato
762 4582 908 4645 item,
936 4589 1211 4643 nascente,
1230 4586 1533 4641 crescente,
1562 4594 1760 4646 carne;
1788 4579 2010 4635 timente
2031 4589 2076 4636 et

2180 4596 2337 4669 ἡμῶν
2373 4594 2574 4666 σαρκί·
2620 4594 2715 4647 καὶ
2752 4593 2828 4664 μὴ
2859 4594 3058 4646 ειδέναι
3084 4592 3336 4660 λέγοντος

499 4672 717 4737 latente,
735 4687 919 4738 carne;
938 4686 1002 4726 ac
1015 4670 1228 4725 dicente
1238 4668 1507 4737 similiter,
1527 4668 1586 4723 Si
1599 4670 1717 4739 ﬁeri
1876 4679 2039 4740 potest
2065 4713 2082 4738 ,

501 4775 733 4821 transeat
755 4782 787 4818 a
815 4762 1051 4818 ntecalix
1066 4763 1165 4816 iste
1197 4773 1216 4804 I
1231 4801 1248 4829 ,
1264 4762 1562 4831 vapulante
1582 4771 1637 4817 et
1662 4762 1965 4833 accipiente
1984 4777 2082 4832 pro

490 4858 659 4911 nobis
683 4866 891 4911 curne’:
921 4855 974 4909 in
1001 4853 1213 4911 caeteris
1259 4852 1482 4908 demum
1512 4853 1789 4908 similibus
1828 4853 1931 4907 rite
1956 4853 2081 4907 addi

488 4958 683 5020 queat,
713 4966 808 5019 pro
835 4950 982 5002 nobis
1005 4965 1181 5002 carne.
1217 4947 1424 5003 Idcirco
1458 4949 1605 5002 enim
1635 4956 1689 5000 et
1718 4948 1832 5016 ipse
1853 4946 2083 5016 Aposto-

503 5040 589 5094 ius
608 5041 759 5103 dicit,
796 5038 1007 5094 Christo
1057 5041 1224 5109 igitur
1263 5055 1442 5108 passo,
1484 5054 1593 5091 non
1641 5028 1955 5097 divinitate.
1987 5037 2082 5092 scd

496 5145 598 5199 pro
628 5130 775 5183 nobis
806 5145 982 5194 carne,
1002 5141 1060 5183 ut
1089 5131 1193 5182 illa:
1215 5128 1529 5182 affectiones
1549 5143 1659 5181 non
1674 5128 1906 5197 propriae
1922 5126 2083 5183 Verbi

486 5232 733 5286 maturat,
781 5223 873 5277 sed
918 5221 1102 5277 carnis
1148 5230 1343 5275 natura
1387 5220 1624 5289 propria:
1672 5235 1793 5274 esse
1823 5234 2085 5290 agnosce-

502 5323 713 5369 rentur.
762 5313 972 5368 Nemini
1017 5313 1183 5383 igitur
1226 5314 1340 5366 lucc
1387 5312 1624 5365 humana
1669 5312 1778 5366 sint
1810 5312 2082 5377 seandalo,

502 5406 601 5459 sed
630 5420 822 5459 omnes
850 5404 1032 5473 p0tius
1064 5416 1431 5473 agnoscamus
1465 5399 1703 5455 Verbum
1732 5402 1949 5469 quidem
1986 5416 2084 5472 pro

504 5503 716 5551 natura
746 5512 858 5552 suae
889 5495 1203 5551 conditione
1234 5493 1370 5546 nihil
1400 5493 1509 5562 pati
1539 5508 1722 5561 posse,
1750 5494 1844 5548 sed
1869 5504 2085 5564 propter

586 5684 598 5709 ³
634 5680 837 5733 Jct'em.
868 5696 908 5745 ι,
937 5686 989 5735 5.

2175 3311 2484 3378 πνεύματος
2517 3307 3012 3378 ἀναγεννηθέντες,
3067 3309 3125 3360 ὲν
3170 3307 3249 3377 τῷ
3289 3306 3511 3377 Χριστῷ
3558 3307 3759 3371 πάντες

2174 3399 2607 3469 ζωοποιούμεθα.

2378 3504 2499 3555 Ἵνα
2522 3501 2580 3555 δὲ
2604 3501 2697 3556 καὶ
2724 3500 2783 3553 τὸ
2815 3498 3025 3561 ἀπαθὲς
3051 3498 3148 3567 τῆς
3176 3494 3272 3549 τοῦ
3306 3495 3480 3562 Λόγου
3514 3492 3755 3562 φύσεως,

2176 3595 2392 3659 καὶτὰς
2430 3594 2517 3646 διὰ
2558 3593 2657 3663 τὴν
2699 3592 2878 3663 σάρκα
2916 3588 3211 3658 λεγομένας
3256 3584 3537 3647 ἀσθενείας
3586 3583 3754 3636 αὐτοῦ

2175 3685 2464 3755 γινώσκειν
2496 3698 2578 3743 τις
2609 3680 2996 3751 ἀκριϐέστερον
3026 3677 3127 3748 ἔχῃ
3158 3714 3175 3740 ,
3325 3670 3488 3725 καλὸν
3522 3669 3756 3723 ἀκοῦσαι

2174 3778 2268 3831 τοῦ
2300 3776 2570 3849 μακαρίου
2612 3774 2841 3843 Πέτρου·
2868 3769 3177 3835 ἀξιόπιστος
3216 3764 3325 3835 γὰρ
3371 3756 3527 3824 οὗτος
3557 3759 3757 3830 γένοιτ’

2175 3868 2241 3921 ἂν
2278 3866 2487 3937 μάρτυς
2515 3862 2642 3932 περὶ
2672 3860 2763 3914 τοῦ
2796 3859 3081 3930 Σωτῆρος’
3121 3854 3323 3925 γράφει
3361 3852 3540 3905 τοίνυν
3586 3854 3643 3904 ὲν
3684 3853 3757 3922 τῇ

2189 3956 2474 4026 Ἐπιστολῇ
2505 3955 2695 4022 λέγων·
2724 3950 2976 4022 Χριστοῦ
3136 3943 3249 4002 οὖν
3275 3946 3571 4010 παθόντος
3600 3944 3760 4010 ὑπὲρ

2180 4047 2349 4117 ἡμῶν
2384 4047 2585 4115 σαρκί.
2637 4043 2844 4099 Οὐκοῦν
2873 4042 2965 4095 καὶ
3001 4041 3129 4093 ὅταν
3163 4036 3386 4110 λέγηται
3420 4039 3627 4105 πεινᾷν,
3660 4036 3760 4088 καὶ

2181 4138 2341 4210 διψᾷν
2363 4179 2380 4201 ,
2411 4137 2506 4191 καὶ
2558 4136 2791 4205 κάμνειν
2816 4174 2832 4201 ,
2865 4132 2962 4185 καὶ
3013 4132 3088 4201 μὴ
3141 4129 3337 4181 εἰδέναι
3367 4166 3381 4191 ,
3426 4127 3520 4179 καὶ
3562 4125 3765 4179 x1056-

2179 4231 2291 4283 δειν
2314 4266 2333 4291 ,
2489 4227 2585 4282 καὶ
2615 4224 2844 4289 κλαίειν,
2887 4223 2981 4275 καὶ
3028 4223 3219 4283 αἰτεῖν,
3254 4221 3348 4272 καὶ
3382 4217 3626 4287 φεύγειν,
3663 4215 3765 4268 καὶ

2180 4318 2492 4388 γεννᾶσθαι,
2515 4318 2609 4371 καὶ
2639 4313 3021 4387 παραιτεῖσθαι
3054 4311 3114 4364 τὸ
3146 4311 3425 4380 ποτήριον,
3449 4308 3543 4362 καὶ
3572 4307 3765 4371 ἁπλῶς

2181 4411 2358 4466 πάντα
2394 4412 2464 4465 τὰ
2509 4410 2608 4481 τῆς
2648 4407 2848 4479 σαρκὸς
2874 4445 2889 4470 ,
2932 4405 3153 4477 λεχθείη
3204 4404 3269 4455 ἂν
3318 4401 3627 4464 ἀκολούθως
3673 4400 3765 4468 ἐφ’

2182 4506 2443 4559 ἑκάστου⁸
2480 4500 2717 4573 Χριστοῦ
2752 4494 2844 4553 οὖν
2880 4498 3170 4560 πεινῶντος
3210 4498 3304 4550 καὶ
3331 4496 3592 4565 διψῶντος
3618 4494 3767 4563 ὑπὲρ

3529 4589 3622 4642 καὶ
3659 4590 3766 4659 ῥα-

2182 4685 2480 4757 πιζομένω
2506 4724 2520 4750 ,
2557 4686 2653 4739 καὶ
2692 4684 2992 4754 κάμνοντος
3037 4683 3179 4753 ὑπὲρ
3222 4680 3377 4751 ἡμῶν
3426 4679 3619 4750 σαρκί·
3670 4678 3771 4731 καὶ

2182 4778 2487 4849 ὑψουμένου
2534 4777 2718 4842 πάλιν,
2772 4776 2866 4829 καὶ
2895 4773 3232 4844 γεννωμένου
3254 4812 3269 4837 ,
3316 4772 3409 4827 καὶ
3442 4771 3770 4835 αὑξάνοντος

2184 4869 2390 4941 σαρκί·
2436 4869 2533 4922 κα)⁸
2577 4866 2951 4937 φοϐουμένου,
2994 4863 3087 4917 καὶ
3128 4862 3506 4933 κρυπτομένου
3560 4859 3763 4931 σαρκί·

2182 4962 2275 5015 καὶ
2298 4960 2567 5028 λέγοντος,
2589 4961 2657 5013 Ei
2682 4956 2961 5017 δυνατὸν,
2992 4953 3332 5022 παρελθέτω
3353 4953 3453 5006 ἀπ’
3611 4953 3766 5020 ἐμοῦ

2178 5050 2248 5103 τὸ
2292 5046 2574 5115 ποτήριον
2613 5046 2789 5100 τοῦτο
2810 5087 2825 5111 ,
2870 5044 2967 5097 καὶ
3014 5042 3376 5112 τυπτομένου,
3416 5041 3509 5128 κθαὶ
3553 5039 3770 5112 λαμόά-

2183 5157 2364 5202 νοντος
2424 5137 2566 5209 ὑπὲρ
2595 5136 2750 5208 ἡμῶν
2778 5134 2973 5206 σαρκί·
3009 5134 3102 5188 καὶ
3129 5134 3265 5196 ὅλως
3292 5132 3468 5185 πάντα
3492 5131 3559 5185 τὰ
3578 5130 3766 5185 τοιαῦ-

2168 5248 2255 5284 τα
2442 5228 2594 5297 ὑπὲρ
2648 5225 2819 5297 ἡμῶν
2852 5227 3055 5297 σαρκί.
3114 5227 3226 5279 Καὶ
3257 5226 3365 5298 γὰρ
3403 5225 3498 5279 καὶ
3538 5222 3697 5285 αὐτὸς
3733 5224 3768 5277 ό

2200 5321 2517 5385 ’Δπόστολος
2548 5320 2637 5374 διὰ
2670 5318 2812 5373 τοῦτ’
2847 5320 3055 5389 εἴρηκε,
3096 5318 3353 5386 Χριστοῦ
3392 5313 3507 5372 οὖν
3545 5316 3768 5370 παθόν-

2185 5430 2286 5477 τος
2325 5415 2398 5467 οὺ
2431 5412 2684 5480 θεότητι,
2714 5411 2854 5465 ἀλλ’
2887 5408 3039 5478 ὑπὲρ
3085 5408 3257 5478 ἡμῶν
3305 5408 3507 5476 σαρκὶ,
3552 5407 3639 5460 ἵνα
3688 5404 3768 5478 μὴ

2186 5503 2354 5561 αὐτοῦ
2385 5502 2478 5557 τοῦ
2515 5503 2690 5571 Λόγου
2727 5500 2833 5554 ἴδια
2875 5500 3019 5554 κατά
3065 5498 3247 5569 φύσιν,
3297 5498 3412 5551 ἀλλ’
3461 5497 3632 5567 αὐτῆς
3664 5496 3771 5567 τῆς

1066 5680 1089 5710 ¹
1116 5679 1249 5735 Luc.
1287 5697 1326 5745 ι,
1352 5678 1442 5735 ιι.
1517 5678 1540 5712 ³
1564 5675 1726 5731 Rom.
1750 5691 1805 5743 ν,
1842 5676 1929 5731 ti.
2008 5676 2076 5733 ⁸1

2185 5690 2255 5736 tt'.
2288 5697 2362 5745 tv,
2394 5684 2444 5735 i.
2522 5682 2542 5714 '
2577 5680 2763 5735 Matth.
2806 5697 2953 5747 nrt,
2988 5680 3079 5735 59.
