4094 6204
399 275 510 340 429

1396 279 1775 344 PANOPLlA
1815 278 2283 342 DOGMATICA.
2309 304 2376 317 η-
2406 278 2560 340 TIT.
2596 279 2706 341 XI.

3560 284 3664 347 630

396 413 604 486 σαρκὸς
637 413 746 467 ῖδια
797 410 960 481 φύσει
995 409 1064 467 τὰ
1110 409 1258 483 πάθη
1311 410 1641 483 ἐπιγνωσθῇ.
1677 412 1771 483 Μὴ
1802 411 1975 467 τοίνυν

2086 422 2305 465 carnem
2345 423 2510 480 quam
2557 407 2736 463 induit
2779 407 2886 464 ista
2928 406 3004 464 illi
3035 410 3282 475 attribui,
3313 413 3444 483 quia
3469 430 3666 486 nempe

391 506 460 559 ἐκ
489 504 601 557 τῶν
632 501 994 574 ἀνθρωπίνων
1041 518 1129 565 τις
1164 499 1633 567 σκανδαλιζέσθω,
1665 501 1800 555 ἀλλὰ
1846 501 1985 572 μᾶλ-

391 595 486 647 λον
515 593 853 662 γινωσκέτω,
897 591 974 656 ὡς
1008 593 1109 663 τὴν
1149 591 1311 660 φύσιν
1337 590 1500 654 αὐτὸς
1550 591 1580 643 ό
1625 592 1796 661 Λόγος
1840 593 1984 648 ἀπα-

397 683 501 753 θής
533 685 671 745 ἐστι,
713 683 805 735 καὶ
836 683 986 752 ὅμως
1140 681 1211 734 δι’
1243 681 1310 754 ἢν
1343 681 1629 735 ἐνεδύσατο
1664 682 1862 753 σάρκα,
1897 683 1986 737 λέ-

397 790 557 841 γεται
622 773 746 843 περὶ
780 772 946 825 αὐτοῦ
989 770 1200 838 ταῦτα,
1254 772 1441 843 ἐπειδὴ
1485 772 1588 843 τῆς
1630 773 1728 843 μὲν
1776 773 1984 844 σαρκὸς

397 866 508 918 [δια
541 865 738 929 ταῦτα,
765 864 860 918 τοῦ
885 864 942 919 δὲ
977 865 1229 936 Σωτῆρος
1255 865 1386 919 ἴδιον
1412 866 1544 920 αὐτὸ
1569 865 1632 919 τὸ
1657 864 1835 936 σῶμα.
1869 867 1982 920 Καὶ

397 957 567 1021 αὐτὸς
606 958 706 1029 μὲν
734 956 954 1028 ἀπαθὴς
996 955 1094 1028 τὴν
1127 955 1310 1024 φύσιν,
1355 957 1432 1020 ὡς
1463 956 1579 1010 ἔστι
1604 996 1618 1019 ,
1789 955 1981 1029 διαμέ-

393 1065 498 1111 νει,
539 1023 618 1118 μή
660 1023 1035 1119 βλαπτόμενος
1052 1023 1176 1100 ’ἀπὸ
1228 1047 1452 1111 τούτων,
1488 1047 1624 1101 ἀλλὰ
1661 1023 1976 1119 μᾶλλονδνὲξ-

393 1138 681 1207 αφανίζων
703 1137 798 1191 καὶ
827 1137 1111 1192 ἀπολλύων
1127 1139 1285 1193 αὐτά·
1304 1140 1354 1192 οἱ
1375 1139 1433 1192 δὲ
1453 1139 1751 1210 ἄνθρωποι,
1904 1139 1982 1204 ὡς

395 1231 480 1293 εἰς
510 1231 604 1285 τὸν
647 1230 835 1300 ἀπαθῆ
886 1229 1236 1302 μεταϐάντων
1269 1231 1448 1285 αὐτῶν
1495 1230 1602 1283 τῶν
1656 1231 1842 1284 παθῶν
1884 1233 1982 1286 καὶ

395 1309 849 1379 ἀπηλειμμένων,
877 1309 1111 1370 ’ἀπαθεῖς
1134 1307 1230 1361 καὶ
1255 1305 1529 1378 ἐλεύθεροι
1560 1307 1764 1362 τούτων
1792 1307 1976 1360 λοιπὸν

395 1400 494 1451 καὶ
526 1400 680 1452 αὐτοὶ
708 1401 788 1463 είς
809 1400 934 1463 τοὺς
955 1397 1157 1461 αἰῶνας
1184 1397 1482 1466 γίγνονται,
1515 1394 1700 1462 καθὼς
1741 1398 1979 1466 ἐδίδαξεν

394 1491 425 1542 ὁ
469 1489 722 1560 Ἰωάννης
761 1489 936 1560 λέγων
963 1505 978 1520 ·
1019 1487 1131 1542 Καὶ
1161 1487 1395 1553 οἴδατε,
1433 1487 1525 1541 ὅτι
1567 1487 1800 1554 ἐκεῖνος·
1833 1487 1977 1559 ἐφα-

393 1579 649 1647 νερώθη,
687 1579 792 1634 ινα
832 1579 940 1645 τὰς
985 1578 1276 1648 ἁμαρτίας
1468 1575 1640 1647 ἡμῶν
1675 1575 1790 1646 ἄρῃ
1813 1592 1828 1608 ⁶
1875 1577 1978 1632 καὶ

395 1670 656 1739 ἁμαρτία
681 1671 752 1723 ἐν
771 1668 932 1734 αὺτῷ
953 1670 1065 1723 οὐκ
1097 1668 1250 1724 ἐστι.
1283 1667 1487 1722 Τούτου
1521 1667 1578 1721 δὲ
1605 1665 1777 1730 οὕτως
1801 1667 1973 1732 ὄντος,

393 1763 502 1816 οὐκ
530 1762 818 1832 ἐγκαλέσει
840 1779 924 1826 τις
953 1762 1248 1834 αίρετικδς,
1266 1760 1368 1815 Διὰ
1392 1761 1445 1814 τί
1469 1759 1752 1815 ἀνίσταται
1773 1762 1807 1830 ἡ
1841 1757 1978 1830 σὰρξ

393 1854 563 1921 φύσει
583 1852 752 1926 θνητὴ
784 1853 1126 1924 τυγχάνουσα
1157 1867 1177 1915 ζ

390 1945 485 1999 διὰ
519 1945 572 1997 τί
627 1946 703 2017 μὴ
754 1946 918 2000 πάλιν
965 1946 1128 2016 πεινᾷ
1170 1944 1266 1998 καὶ
1297 1943 1444 2014 διψᾷ,
1485 1943 1580 1997 καὶ
1626 1942 1846 2013 πάσχει,
1883 1942 1978 1996 καὶ

394 2037 553 2108 μένει
585 2037 793 2108 θνητή;
841 2037 935 2092 Ἐκ
959 2038 1070 2109 γὰρ
1100 2037 1203 2109 τῆς
1227 2036 1333 2107 γῆς
1360 2037 1574 2106 γέγονε,
1616 2037 1711 2089 καὶ
1735 2035 1796 2089 τδ
1834 2035 1977 2089 κατὰ

392 2127 564 2197 φύσιν
597 2128 714 2192 πῶς
739 2127 806 2181 ἂν
848 2127 942 2181 ἀπ’
972 2128 1142 2198 αὐτῆς
1171 2127 1466 2187 παύσοιτο;
1502 2126 1816 2195 Δυναμένης
1852 2125 1975 2178 τότε

391 2218 497 2288 τῆς
537 2218 742 2288 σαρκὸς
766 2216 1161 2289 ἀποκρίνεσθαι
1339 2215 1475 2287 πρὸς
1515 2213 1608 2268 τὸν
1641 2213 1785 2268 οὓτω
1828 2213 1976 2281 φιλό-

391 2327 578 2364 νεικον
603 2310 910 2382 αἱρετικόν·
938 2311 1068 2380 Εἰμὶ
1094 2309 1192 2380 μὲν
1211 2309 1284 2361 ’ὲκ
1307 2309 1410 2378 γῆς
1435 2307 1577 2361 κατὰ
1603 2306 1763 2376 φύσιν
1784 2304 1972 2376 θνητὴ,

389 2403 514 2457 ἀλλ’
565 2402 790 2474 ὕστερον
845 2401 940 2455 τοῦ
991 2401 1168 2468 Λόγου
1201 2399 1404 2469 γέγονα
1453 2398 1612 2470 σὰρξ,
1667 2397 1763 2452 καὶ
1811 2397 1974 2460 αὐτὸς

390 2493 663 2558 ἐϐάσταξέ
843 2510 945 2564 μου
974 2492 1045 2546 τὰ
1071 2491 1241 2564 πάθη,
1269 2491 1448 2545 καίτοι
1474 2488 1692 2560 ἀπαθὴς
1716 2488 1792 2541 ὢν
1812 2504 1827 2522 ·
1862 2486 1975 2556 ἐγὼ

387 2585 448 2639 δὲ
469 2586 671 2654 γέγονα
694 2583 900 2638 τούτων
929 2583 1188 2654 ἐλευθέρα
1214 2623 1228 2647 ,
1255 2582 1359 2636 οὐκ
1390 2580 1658 2652 ἁφιεμένη
1703 2578 1974 2633 δουλεύειν

390 2674 474 2728 ἔτι
504 2675 717 2740 τούτοις
751 2675 840 2730 διὰ
889 2673 981 2726 τὸν
1020 2668 1468 2742 ἐλευθερώσαντὰ
1508 2685 1576 2740 με
1620 2665 1826 2738 Κύριον
1868 2665 1977 2719 ἀπὸ

387 2767 620 2820 τούτων.
649 2767 712 2820 El
738 2767 844 2839 γὰρ
875 2765 1147 2834 ἐγκαλεῖς,
1184 2763 1266 2816 ὅτι
1303 2762 1400 2832 τῆς
1425 2759 1566 2814 κατὰ
1599 2758 1759 2828 φύσιν
1798 2758 1972 2829 ἀπηλ-

390 2857 566 2929 λάγην
594 2857 818 2930 φθορᾶς,
840 2857 942 2926 ὅρα
1112 2853 1186 2924 μὴ
1215 2851 1538 2921 ἐγκαλέσῃς,
1569 2851 1654 2904 ὅτι
1677 2848 1814 2903 ὁτοῦ
1834 2843 1970 2902 Θεοῦ

389 2949 564 3018 Λόγος
587 2950 688 3020 τὴν
717 2947 858 3019 ἐμὴν
877 2948 976 3017 τῆς
1001 2945 1244 3008 δουλείας
1275 2943 1436 2997 ἔλαϐε
1467 2943 1700 3013 μορφήν.
1887 2941 1974 3004 Ὡς

2087 501 2204 555 haec
2235 501 2420 556 carnis
2445 501 2662 572 propria
2702 509 2831 555 sunt
2864 501 3152 571 ipsumque
3181 517 3385 573 corpus
3416 502 3664 559 Salvato-

2086 589 2165 643 ris
2205 599 2288 644 est
2332 589 2635 658 proprium.
2669 587 2938 654 Quocirca
2988 589 3078 644 ille
3121 589 3362 660 quidem,
3395 592 3557 647 nullis
3596 609 3666 648 ex

2089 687 2284 733 natura
2303 693 2403 733 sua
2425 679 2698 733 obnoxius
2715 679 3118 747 affectionibus,
3149 681 3312 735 sicuti
3341 690 3422 736 est
3452 698 3667 752 perma-

2089 778 2198 836 net,
2233 783 2334 823 nec
2363 770 2434 823 ab
2469 769 2555 824 his
2593 769 2824 834 laeditur,
2857 771 2951 825 sed
2981 785 3076 826 cas
3100 773 3283 841 potius
3314 773 3455 828 delet
3486 784 3540 828 et
3570 791 3666 829 ex-

2087 861 2343 916 terminat
2385 879 2399 915 :
2460 861 2706 915 homines
2759 870 2958 926 autem,
3004 861 3138 931 ipsis
3189 862 3566 918 affectionibus
3608 869 3662 919 in

2088 953 2262 1019 illum,
2290 952 2384 1022 qui
2413 967 2602 1006 earum
2629 966 2824 1022 expers
2851 963 2955 1017 est,
2982 954 3146 1008 veluti
3179 955 3458 1010 translatis
3489 967 3543 1011 et
3568 959 3667 1012 de-

2089 1045 2232 1112 lctis,
2268 1045 2336 1100 iis
2361 1051 2417 1099 et
2455 1043 2560 1114 ipsi
2602 1042 2759 1099 liberi
2807 1045 3008 1114 pariter
3041 1043 3105 1101 .in
3149 1055 3470 1114 perpetuum
3501 1048 3661 1113 liunt,

2088 1134 2548 1208 quemadmodum
2587 1134 2674 1193 bis
2700 1134 2881 1190 verbis
2912 1132 3152 1189 Joannes
3183 1135 3340 1190 docet
3366 1153 3378 1188 :
3416 1135 3486 1189 Et
3515 1139 3663 1193 scitis

2087 1228 2228 1298 quod
2262 1226 2353 1280 ille
2379 1225 2651 1294 apparuit,
2673 1233 2732 1278 ut
2762 1232 2979 1292 peccata
3009 1232 3192 1279 nostra
3213 1225 3438 1288 tolleret,
3468 1237 3516 1282 ει
3543 1246 3666 1297 paco

2077 1309 2326 1362 catumin
2352 1324 2410 1362 eo
2440 1324 2543 1362 non
2571 1317 2649 1362 est
2697 1311 2736 1363 ί.
2763 1309 2895 1376 Quae
2923 1327 3046 1368 eum
3077 1313 3148 1366 ita
3177 1313 3494 1379 sint,nullus
3519 1325 3668 1372 certe

2086 1399 2240 1456 locus
2284 1399 2537 1457 haeretico
2579 1403 2906 1473 relinquitur
2933 1406 3041 1461 hoc
3086 1408 3248 1462 modo
3278 1409 3660 1467 obtrectandi:

2083 1489 2264 1557 Quare
2282 1506 2412 1547 caro
2425 1508 2548 1562 quae
2573 1503 2766 1549 natura
2789 1497 3036 1554 mortalis
3052 1507 3136 1553 est
3162 1497 3475 1556 reviviscit?
3505 1499 3664 1567 Quod

2083 1585 2128 1636 si
2162 1581 2457 1646 reviviscit,
2490 1598 2590 1638 cur
2621 1599 2729 1638 non
2771 1586 2966 1640 iterum
2993 1589 3171 1644 esurit
3203 1599 3258 1644 ct
3283 1589 3418 1654 sitit,
3447 1601 3498 1644 et
3521 1592 3664 1660 pati-

2082 1681 2190 1734 tur,
2222 1671 2577 1741 mortalisque
2601 1682 2784 1730 manet
2804 1690 2928 1730 cum
2949 1691 3015 1730 ex
3044 1687 3185 1731 terra
3211 1678 3283 1732 sit
3315 1678 3491 1732 facta?
3517 1679 3667 1746 Quo-

2083 1763 2246 1819 modo
2281 1779 2410 1820 vero
2458 1766 2606 1836 quod
2661 1766 2738 1820 illi
2786 1767 3035 1822 naturale
3066 1777 3149 1823 est
3183 1768 3252 1822 ab
3281 1783 3344 1824 ea
3372 1769 3664 1825 discessit?

1339 1853 1404 1906 Ei
1447 1851 1504 1904 δὲ
1547 1851 1644 1905 καὶ¹
1670 1851 1974 1913 ἀνίσταται,

2082 1852 2237 1910 Tunc
2262 1856 2407 1910 enim
2440 1869 2569 1912 caro
2602 1857 2670 1911 ad
2703 1857 3016 1927 hujusmodi
3047 1874 3312 1929 nugacem
3345 1859 3664 1916 haereticum

2082 1958 2268 2015 posset
2300 1949 2633 2018 respondere
2660 1967 2674 2004 :
2706 1948 2818 2018 Ego
2855 1949 3076 2019 quidem
3121 1965 3187 2004 ex
3239 1959 3384 2006 terra
3417 1968 3538 2006 sum
3578 1967 3667 2007 se-

2079 2039 2320 2094 cundum
2361 2048 2616 2094 naturam
2661 2039 2929 2102 mortalis.
2958 2040 3052 2096 sed
3099 2047 3287 2110 postea
3332 2038 3494 2095 Verbi
3535 2056 3665 2097 caro

2080 2125 2222 2183 facta
2241 2141 2387 2191 sum,
2410 2127 2557 2196 quod
2577 2141 2729 2182 meas
2753 2126 3088 2193 all‘ectiones,
3115 2128 3328 2184 tametsi
3349 2145 3539 2184 earum
3562 2145 3663 2185 ex-

2080 2233 2225 2286 pers,
2260 2217 2517 2286 portavit,
2553 2217 2749 2288 bisque
2791 2218 2905 2288 ipsa
2948 2218 3114 2274 libera
3157 2219 3348 2274 ell‘ecta
3384 2236 3531 2284 sum,
3564 2235 3664 2276 nec

2075 2308 2188 2377 jam
2234 2309 2496 2378 deinceps
2530 2309 2637 2364 illis
2685 2309 2866 2366 servio
2909 2310 2978 2363 ob
3019 2308 3311 2364 Dominum
3340 2309 3435 2380 qui
3473 2325 3560 2366 me
3592 2310 3662 2364 ab

2079 2399 2270 2456 iisdem
2300 2400 2569 2455 liberavit.
2592 2399 2729 2455 Nam
2757 2400 2804 2454 si
2830 2415 2917 2456 me
2945 2400 3300 2472 reprehendis
3325 2400 3469 2470 quod
3502 2416 3532 2454 a
3564 2415 3662 2454 na-

2079 2493 2239 2546 turali
2280 2493 2632 2563 corruptione
2677 2492 2873 2548 l'uerim
2929 2492 3155 2548 liberata
3185 2509 3198 2546 :
3228 2491 3351 2545 vide
3387 2506 3458 2545 ne
3494 2491 3657 2546 etiam

2079 2583 2464 2652 reprehendas,
2485 2585 2628 2653 quod
2651 2583 2747 2638 Dei
2779 2583 3013 2638 Verbum
3039 2599 3215 2638 meam
3247 2583 3521 2638 servitutis
3548 2581 3662 2637 for-

2076 2689 2221 2728 mam
2249 2675 2540 2745 acceperit.
2583 2673 2653 2730 Ut
2683 2675 2828 2730 enim
2864 2674 3148 2738 Dominus,
3180 2675 3370 2729 induto
3405 2690 3656 2744 corpore,
3721 2731 3746 2756 ο

2079 2766 2244 2822 homo
2267 2778 2353 2823 est
2385 2767 2592 2832 factus;
2625 2767 2696 2822 ita
2731 2783 2832 2822 nos
2864 2767 3112 2823 homines
3131 2781 3229 2836 per
3244 2764 3404 2821 Verbi
3433 2782 3655 2822 carnem

2074 2857 2367 2927 ,assumpti,
2408 2858 2576 2912 divini
2621 2859 2690 2913 ab
2739 2873 2802 2913 eo
2843 2857 3129 2923 ellieimur,
3178 2867 3502 2928 aeternaeque
3534 2858 3658 2911 vita:

2078 2945 2319 3002 haeredes
2365 2949 2420 3003 in
2451 2958 2732 3019 posterum
2764 2964 2976 3004 sumus.

387 3041 546 3114 γὰρὸ
578 3037 1173 3112 Κύρικ,ὲνδυσάμενος
1204 3036 1266 3088 τὸ
1292 3034 1470 3105 σῶμα,
1501 3034 1722 3103 γέγονεν
1753 3033 2058 3105 ἄνθρωπος,
2086 3034 2260 3102 οὕτως
2290 3041 2450 3110 ἡμεῖς
2483 3042 2532 3093 οἱ
2581 3040 2858 3112 ἂνθρωποι
2893 3040 3043 3111 παρὰ
3076 3039 3168 3095 τοῦ
3217 3040 3390 3110 Λόγου
3439 3058 3500 3093 τε
3541 3039 3660 3095 θεο-

389 3132 694 3206 ποιούμεθα

385 3319 484 3373 ὲὰν
543 3317 746 3387 ἴδωμεν
803 3315 964 3369 αὑτὸν
1003 3315 1068 3368 δι’
1098 3314 1330 3386 ὀργάνου
1387 3313 1483 3366 τοῦ
1539 3311 1668 3366 ίδίου
1723 3309 1977 3382 σώματος

387 3406 588 3470 θεῖκῶς
609 3405 914 3478 πράττοντά
961 3421 1014 3458 τι
1076 3405 1108 3476 ἢ
1160 3403 1406 3472 λέγοντα,
1454 3401 1838 3472 γινώσκωμεν,
1891 3402 1974 3458 ὅτι

385 3496 520 3559 Θεὸς
541 3493 636 3560 ὢν,
672 3493 842 3547 ταῦτα
869 3493 1182 3566 ὲργάζεταν
1213 3493 1307 3546 καὶ
1331 3491 1513 3556 πάλιν,
1537 3491 1634 3546 ἐὰν
1665 3492 1862 3563 ἴδωμεν
1883 3491 1975 3570 αὐέ

385 3588 480 3642 τὸν
514 3586 870 3660 ἀνθρωπίνως
912 3584 1254 3656 λαλοῦντιῆ
1301 3583 1602 3654 πάσχοντα,
1646 3583 1720 3655 μὴ
1770 3582 1976 3650 ἀγνοῶ-

387 3699 516 3753 μεν,
544 3682 626 3735 ὅτι
663 3680 840 3751 σάρκα
868 3679 1050 3750 φορῶν
1091 3679 1312 3749 γέγονεν
1362 3677 1665 3750 ἄνθρωπος,
1717 3677 1810 3730 καὶ⁵
1832 3676 1975 3730 οὕτω

385 3771 564 3827 ταῦτα
604 3775 746 3825 ποιεῖ
779 3771 874 3824 καὶ
902 3770 1070 3824 λαλεῖ.
1115 3770 1376 3824 Ἐκάστου
1403 3769 1514 3839 γὰρ
1563 3768 1625 3820 τὸ
1657 3766 1787 3821 ἴδιον
1811 3767 1976 3836 γινώ-

386 3880 630 3926 σκοντες,
655 3863 748 3915 καὶ
774 3863 1056 3933 ἀμφότερα
1082 3858 1141 3925 ἐξ
1163 3861 1280 3925 ἑνὸς
1305 3859 1655 3930 πραττόμενα
1677 3857 1972 3926 ’βλέποντες

383 3954 484 4006 καὶ
508 3954 774 4018 νοοῦντες,
800 3952 974 4024 ὀρθῶς
1003 3951 1348 4022 πιστεύομεν,
1380 3951 1475 4003 καὶ
1495 3950 1596 4002 οὐκ
1621 3949 1686 4002 ἄν
1842 3964 1975 4004 ποτε

384 4042 868 4114 πλανηθησόμεθα.
914 4043 1039 4096 Ἐὰν
1077 4042 1136 4095 δέ
1184 4058 1288 4104 τις,
1338 4035 1535 4103 θεῖκῶς
1586 4038 1656 4092 τὰ
1689 4040 1842 4110 παρὰ
1877 4039 1971 4092 τοῦ

383 4134 563 4202 Λόγου
596 4134 854 4204 γινόμενα
879 4133 1116 4205 βλέπων,
1151 4133 1453 4204 ἀρνήσηται
1487 4131 1550 4183 τδ
1593 4130 1831 4201 σῶμα,ἥ
1875 4131 1970 4184 καὶ

378 4227 454 4281 τὰ
490 4225 583 4280 τοῦ
623 4225 874 4296 σώματος
939 4225 1048 4279 ῐδια
1093 4223 1326 4295 βλέπων,
1379 4222 1688 4294 άρνήσηται
1735 4220 1834 4292 τὴν
1870 4220 1967 4274 τοῦ

379 4322 558 4391 Λόγου
734 4321 997 4393 ἔνσαρκον
1025 4317 1345 4391 παρουσίαν,
1375 4317 1408 4388 ἢ
1448 4317 1512 4370 ἐκ
1555 4315 1664 4369 τῶν
1697 4314 1972 4386 ἀνθρωπί-

381 4433 492 4468 νων
520 4413 753 4467 ταπεινὰ
776 4414 902 4484 περὶ
929 4410 1024 4465 τοῦ
1040 4412 1212 4480 Λόγου
1235 4411 1480 4482 φρονήσῃ
1512 4449 1528 4476 ,
1654 4409 1682 4462 ό
1707 4406 1966 4473 τοιοῦτος,

377 4506 460 4569 ὡς
492 4506 594 4576 μὲν
634 4505 918 4569 Ἰουδαῖκδς
949 4503 1188 4574 κάπηλος
1236 4503 1444 4574 μίσγων
1497 4502 1590 4556 τὸν
1618 4497 1760 4554 οἶνον
1790 4500 1964 4568 ὕδατι,

379 4594 681 4648 σκάνδαλον
731 4593 943 4664 νομίσει

380 4687 595 4759 μωρίαν
623 4685 889 4756 ἡγήσεται
913 4682 973 4737 τὸ
995 4685 1280 4755 κήρυγμα,
1310 4678 1398 4738 οἷα
1421 4683 1485 4756 δὴ
1517 4681 1610 4736 καὶ
1637 4685 1686 4736 οί
1716 4683 1973 4757 θεομάχοι

397 4778 669 4850 Ἀρειανοὶ
691 4775 1010 4831 πεπόνθασι.
1065 4776 1146 4830 Τὰ
1185 4775 1294 4848 γὰρ
1331 4775 1648 4848 ἀνθρώπινα
1684 4776 1974 4847 βλέποντες

381 4870 480 4923 τοῦ
516 4869 772 4942 Σωτῆρος
824 4869 1082 4941 ἐνόμισαν
1108 4870 1273 4925 αὑτὸν
1321 4865 1460 4924 εἶναι
1497 4870 1728 4942 κτίσμα.
1759 4871 1973 4924 Οὐκοῦν

383 4963 494 5016 ἔδει
522 4963 617 5016 καὶ
646 4962 714 5016 τὰ
753 4960 910 5014 θεῖκᾶι
940 4959 1238 5031 βλέποντας
1286 4950 1485 5026 αὐτοὺς
1537 4961 1674 5033 ἔργα
1721 4961 1816 5016 τοῦ
1868 4962 1973 5016 Λό-

384 5070 485 5122 γου
522 5089 537 5112 .
609 5064 630 5086 ο
688 5044 1027 5124 ἀρνήσασθαι
1061 5051 1156 5105 τοῦ
1209 5050 1459 5122 σώματος
1489 5051 1655 5107 αύτοῦ
1684 5051 1783 5124 τὴν
1814 5050 1971 5120 γένεο

388 5162 503 5209 σιν,
565 5145 661 5198 καλ⁵
707 5145 894 5198 λοιπὸν
950 5145 1044 5199 καὶ
1085 5144 1412 5216 Μανιχαίοις
1461 5145 1691 5208 ἑαυτοὺς
1739 5159 1976 5212 συγκατ-

385 5237 661 5310 αριθμεῖν.
694 5237 832 5291 Ἀλλ’
856 5239 1053 5291 ἐκεῖνοι
1085 5237 1185 5309 μὲν
1217 5237 1324 5290 κᾶν
1343 5237 1443 5308 ὀψέ
1470 5254 1602 5290 ποτε
1768 5235 1974 5306 μανθα-

385 5330 651 5396 νέτωσαν,
695 5330 780 5382 ὅτι
825 5329 1045 5399 ὀΛόγος
1097 5329 1236 5401 σὰρξ
1288 5330 1523 5398 ὲγένετσ
1555 5332 1715 5401 ἡμεῖς
1750 5328 1828 5394 δὲ,
1883 5329 1973 5382 τὸν

386 5421 590 5476 σκοπὸν
612 5422 712 5492 τῆς
751 5421 982 5486 πίστεως
1026 5421 1257 5494 ἔχοντες,
1301 5420 1756 5492 ὲπιγινώσκωμεν

888 3130 1328 3204 προσληφθέντες
1379 3129 1467 3183 διὰ
1511 3129 1612 3200 τῆς
1654 3127 1856 3201 σαρκὸς
1891 3127 2078 3193 αὐτοῦ,
2112 3133 2206 3186 καὶ
2237 3132 2423 3188 λοιπὸν
2451 3134 2596 3206 ζωὴν
2619 3133 2836 3188 αἰώνιον
2870 3133 3338 3207 κληρονομοῦμεν.

715 3224 764 3278 Τ
768 3223 908 3278 αὕτα
956 3222 1274 3291 ἀναγκαίως
1331 3219 1811 3292 προεξητάσαμεν,
1862 3221 1971 3287 ἴνα,
1995 3241 2036 3297 ρ

2255 3224 2378 3282 llaec
2400 3226 2634 3295 primum
2653 3227 2954 3296 expendere
2981 3239 3206 3282 necesse
3243 3225 3364 3290 fuit,
3385 3234 3442 3280 ut
3466 3225 3511 3279 si
3549 3224 3656 3280 Do-

2070 3314 2278 3370 minum
2302 3315 2622 3381 viderimus,
2657 3317 2740 3370 sui
2774 3316 3019 3386 corporis
3044 3318 3429 3380 instrumento,
3449 3316 3653 3386 aliquid

2067 3404 2248 3461 divine
2272 3414 2518 3478 agentem
2537 3416 2630 3462 aut
2644 3408 2934 3471 dicentem,
2949 3407 3362 3463 meminerimus
3379 3423 3502 3462 eum
3525 3424 3649 3464 cum

2067 3493 2210 3552 Deus
2231 3496 2323 3562 sit,
2347 3497 2450 3552 ista
2467 3498 2697 3552 ellicere.
2731 3496 2784 3551 Si
2805 3512 2932 3552 vero
2961 3512 3149 3552 rursus
3181 3497 3434 3551 eumdem
3462 3497 3657 3552 videri-

2078 3604 2200 3642 mus
2214 3589 2453 3644 humano
2477 3605 2626 3644 more
2643 3590 2790 3661 loqui
2808 3600 2861 3644 et
2879 3590 3010 3659 pati,
3024 3606 3130 3643 non
3147 3589 3461 3658 ignoremus
3475 3589 3648 3649 illum,

2073 3695 2239 3734 carne
2263 3681 2474 3746 induta,
2498 3679 2700 3736 factum
2735 3697 2857 3736 esse
2889 3681 3198 3744 hominem,
3240 3679 3428 3749 sicque
3463 3679 3552 3732 illa
3597 3689 3652 3734 et

2073 3784 2233 3838 agere
2255 3770 2491 3839 etloqui.
2515 3771 2570 3824 Si
2595 3771 2740 3824 enim
2771 3771 2918 3840 quod
2956 3771 3240 3840 utriusque
3267 3771 3543 3841 proprium
3567 3780 3652 3826 est

2075 3859 2552 3930 perceperimus,et
2564 3867 2793 3928 utraque
2805 3857 2876 3914 ab
2895 3871 3006 3912 uno
3020 3857 3106 3930 agi
3127 3859 3650 3918 consideraverinms

2071 3961 2127 4007 et
2145 3949 2592 4013 intellexerimus,
2611 3959 2758 4014 recta
2771 3949 3017 4020 profecto
3032 3951 3137 4007 erit
3154 3951 3288 4008 ﬁdes
3315 3961 3522 4020 nostra,
3549 3969 3650 4008 nec

2074 4056 2312 4111 unquam
2331 4039 2574 4096 futurum
2598 4050 2766 4097 estut
2792 4057 3060 4098 erremus.
3082 4041 3150 4096 At
3167 4042 3212 4096 si
3244 4041 3389 4112 quis,
3424 4041 3510 4098 his
3528 4059 3650 4114 qua:

2069 4149 2100 4188 a
2123 4129 2302 4187 Verbo
2325 4132 2506 4187 divine
2531 4134 2668 4188 liunt
2691 4133 3023 4203 conspectis,
3047 4133 3167 4204 ejus
3189 4147 3389 4202 corpus
3416 4150 3650 4205 negave-

2077 4223 2153 4278 rit
2183 4242 2197 4278 :
2237 4223 2321 4278 vel
2355 4224 2400 4278 si
2431 4238 2496 4279 ea
2538 4239 2661 4293 quze
2683 4225 2930 4294 corporis
2977 4224 3193 4295 propria
3233 4235 3362 4280 sunt
3395 4225 3646 4292 intuitus,

2071 4331 2394 4388 corporeum
2621 4314 2778 4372 Verbi
2809 4317 3102 4372 adventum
3132 4333 3303 4373 ausus
3330 4315 3493 4373 fuerit
3524 4319 3646 4374 inli-

2070 4405 2228 4469 ciari,
2253 4416 2348 4459 aut
2375 4421 2438 4460 ex
2473 4405 2728 4462 humanis
2771 4407 2940 4476 gestis
2969 4407 3179 4478 abjecte
3220 4406 3288 4462 de
3317 4405 3494 4463 Verbo
3523 4425 3656 4464 senm

2069 4499 2222 4567 serit,
2244 4498 2336 4554 isti
2371 4514 2479 4554 non
2505 4515 2666 4556 secus
2685 4515 2750 4556 ac
2773 4499 3002 4558 ludaico
3025 4501 3282 4572 cauponi,
3310 4501 3494 4558 vinum
3519 4519 3643 4558 cum

1142 4593 1232 4661 τὸν
1266 4589 1516 4661 σταυρὸν,
1555 4591 1631 4652 ὡς
1659 4590 1720 4644 δὲ
1747 4591 1965 4663 Ἕλλην,

2076 4607 2216 4662 aqua
2249 4591 2500 4646 miscenti
2541 4593 2585 4656 ’,
2609 4608 2738 4648 crux
2759 4592 3075 4648 scandalum
3101 4593 3221 4656 erit,
3243 4594 3493 4662 idemque
3517 4611 3646 4663 gen‘

2063 4685 2144 4742 tili
2163 4682 2383 4748 similis,
2401 4681 2836 4752 praedicationem
2859 4683 3148 4740 stultitiam
3168 4695 3290 4738 esse
3305 4680 3549 4737 censebit
3599 4679 3643 4738 ³,

2063 4776 2210 4844 quod
2237 4775 2348 4846 jam
2374 4773 2469 4831 Dei
2493 4775 2747 4834 hostibus
2768 4774 2987 4831 Arianis
3011 4775 3231 4842 accidit,
3263 4773 3358 4844 qui
3382 4771 3646 4827 nimirum

2063 4870 2134 4926 ob
2182 4869 2454 4926 humanos
2505 4867 2804 4925 Salvatoris
2847 4877 3025 4934 actus,
3065 4876 3318 4923 creatum
3350 4880 3476 4921 eum
3522 4878 3648 4920 esse

2064 4961 2312 5016 arbitrati
2349 4969 2496 5016 sunt.
2536 4960 2738 5027 Quidni
2779 4959 2943 5030 igitur
2971 4960 3139 5015 etiam
3175 4959 3246 5015 ob
3277 4957 3463 5012 divina
3499 4955 3645 5010 illius

2063 5070 2248 5126 opera,
2283 5057 2404 5122 ejus
2444 5053 2691 5124 corporis
2734 5053 3172 5124 procreationem
3211 5050 3529 5122 negaverint
3559 5063 3646 5104 se-

2061 5159 2229 5215 seque
2257 5145 2512 5214 deinceps
2551 5143 2864 5200 Manichaeis
2895 5142 3282 5220 adjuuxerint?
3315 5138 3513 5195 Verum
3556 5139 3644 5193 vel

2061 5237 2250 5293 saltem
2273 5251 2398 5293 sero
2430 5236 2507 5291 illi
2533 5236 2750 5308 quidem
2768 5236 2984 5294 discant
3006 5234 3242 5291 Verbum
3273 5246 3496 5290 carnem
3520 5246 3645 5288 esse

2061 5329 2261 5385 factum
2295 5348 2308 5384 :
2347 5344 2448 5384 nos
2476 5338 2656 5386 autem
2693 5330 2815 5386 ﬁdei
2847 5344 3075 5399 scopum
3114 5327 3437 5394 retinentes,
3469 5340 3643 5396 agno-

1939 5419 1974 5472 ἃ
2058 5435 2278 5477 scamus
2305 5435 2520 5486 eorum,
2545 5420 3261 5491 quaemaleilliintclligunt,
3291 5426 3498 5474 rectam
3520 5431 3642 5496 esse

385 5513 720 5570 διανοοῦνται
749 5507 897 5570 οὗτοι
928 5515 1136 5582 κακῶς,
1163 5513 1332 5586 ὀρθὴν
1358 5513 1548 5584 ἔχοντα
1575 5513 1675 5584 τὴν
1711 5514 1972 5567 διάνοιαν.

2076 5512 2527 5585 signiﬁcationem.
2546 5511 2680 5569 Nam
2708 5512 2823 5568 haec
2851 5511 3016 5578 dicta,
3045 5509 3207 5564 Pater
3234 5509 3415 5580 diligit
3437 5507 3638 5562 Filium

477 5681 492 5712 ⁸
529 5679 546 5734 l
578 5677 734 5736 Joan.
766 5694 847 5748 In,
879 5679 930 5734 5.
1007 5677 1024 5710 ¹
1056 5677 1160 5735 lsa.
1191 5677 1350 5744 1,22.
1432 5679 1451 5711 ³
1484 5680 1503 5732 ι
1539 5678 1662 5734 Cor.
1697 5693 1734 5744 ι,
1761 5680 1851 5734 25.
