  <div class='ocr_page' id='page_1' title='image "/cluster/home/n/w/nwhite01/storage/ocr_20150623/130/hvd.32044073502387/221.png"; bbox 0 0 4008 6208; ppageno 0'>
   <div class='ocr_carea' id='block_1_1' title="bbox 469 255 559 318">
    <p class='ocr_par' dir='ltr' id='par_1_1' title="bbox 469 255 559 318">
     <span class='ocr_line' id='line_1_1' title="bbox 469 255 559 318; baseline 0.033 -3"><span class='ocrx_word' id='word_1_1' title='bbox 469 255 559 318; x_wconf 61' lang='lat' dir='ltr'><strong>iiii</strong></span> 
     </span>
    </p>
   </div>
   <div class='ocr_carea' id='block_1_2' title="bbox 1649 249 2452 318">
    <p class='ocr_par' dir='ltr' id='par_1_2' title="bbox 1649 249 2452 318">
     <span class='ocr_line' id='line_1_2' title="bbox 1649 249 2452 318; baseline 0.007 -8"><span class='ocrx_word' id='word_1_2' title='bbox 1649 249 1975 313; x_wconf 78' lang='lat' dir='ltr'><strong>EUTHYM</strong></span> <span class='ocrx_word' id='word_1_3' title='bbox 1989 253 2041 313; x_wconf 86' lang='lat' dir='ltr'><strong>il</strong></span> <span class='ocrx_word' id='word_1_4' title='bbox 2096 253 2452 318; x_wconf 76' lang='lat' dir='ltr'><strong>Z-‘lGABENl</strong></span> 
     </span>
    </p>
   </div>
   <div class='ocr_carea' id='block_1_3' title="bbox 3625 263 3713 328">
    <p class='ocr_par' dir='ltr' id='par_1_3' title="bbox 3625 263 3713 328">
     <span class='ocr_line' id='line_1_3' title="bbox 3625 263 3713 328; baseline 0.034 -3"><span class='ocrx_word' id='word_1_5' title='bbox 3625 263 3713 328; x_wconf 72' lang='grc'><strong>(32</strong></span> 
     </span>
    </p>
   </div>
   <div class='ocr_carea' id='block_1_4' title="bbox 468 379 2019 457">
    <p class='ocr_par' dir='ltr' id='par_1_4' title="bbox 468 379 2018 453">
     <span class='ocr_line' id='line_1_4' title="bbox 468 379 2018 453; baseline -0.003 -13"><span class='ocrx_word' id='word_1_6' title='bbox 468 399 518 440; x_wconf 83' lang='lat' dir='ltr'><strong>et</strong></span> <span class='ocrx_word' id='word_1_7' title='bbox 542 387 720 441; x_wconf 82' lang='lat' dir='ltr'><strong>omnia</strong></span> <span class='ocrx_word' id='word_1_8' title='bbox 747 385 891 440; x_wconf 79' lang='lat' dir='ltr'><strong>dedit</strong></span> <span class='ocrx_word' id='word_1_9' title='bbox 921 386 974 441; x_wconf 83' lang='lat' dir='ltr'><strong><em>in</em></strong></span> <span class='ocrx_word' id='word_1_10' title='bbox 1002 401 1162 440; x_wconf 83' lang='lat' dir='ltr'><strong>manu</strong></span> <span class='ocrx_word' id='word_1_11' title='bbox 1190 383 1305 453; x_wconf 77' lang='lat' dir='ltr'><strong>ejus</strong></span> <span class='ocrx_word' id='word_1_12' title='bbox 1349 380 1373 412; x_wconf 67' lang='lat'><strong><em>‘</em></strong></span> <span class='ocrx_word' id='word_1_13' title='bbox 1399 397 1414 447; x_wconf 91' lang='lat'><strong>;</strong></span> <span class='ocrx_word' id='word_1_14' title='bbox 1440 388 1514 445; x_wconf 86' lang='lat' dir='ltr'><strong>et,</strong></span> <span class='ocrx_word' id='word_1_15' title='bbox 1551 379 1746 436; x_wconf 80' lang='lat' dir='ltr'><strong>Omnia</strong></span> <span class='ocrx_word' id='word_1_16' title='bbox 1782 381 1912 435; x_wconf 75' lang='lat' dir='ltr'><strong>milii</strong></span> <span class='ocrx_word' id='word_1_17' title='bbox 1934 392 2018 436; x_wconf 73' lang='lat' dir='ltr'><strong>ira</strong></span> 
     </span>
    </p>
   </div>
   <div class='ocr_carea' id='block_1_5' title="bbox 2127 379 3712 457">
    <p class='ocr_par' dir='ltr' id='par_1_5' title="bbox 2153 379 3712 457">
     <span class='ocr_line' id='line_1_5' title="bbox 2153 379 3712 457; baseline 0.011 -24"><span class='ocrx_word' id='word_1_18' title='bbox 2153 379 2227 434; x_wconf 87' lang='lat' dir='ltr'><em>T6</em></span> <span class='ocrx_word' id='word_1_19' title='bbox 2254 381 2386 453; x_wconf 79' lang='grc' dir='ltr'>γὰρ.</span> <span class='ocrx_word' id='word_1_20' title='bbox 2417 382 2471 436; x_wconf 85' lang='grc' dir='ltr'>Ὁ</span> <span class='ocrx_word' id='word_1_21' title='bbox 2498 386 2703 453; x_wconf 80' lang='grc' dir='ltr'>Πατηρ</span> <span class='ocrx_word' id='word_1_22' title='bbox 2739 385 2943 457; x_wconf 65' lang='grc' dir='ltr'><em>ἀγαπᾷ</em></span> <span class='ocrx_word' id='word_1_23' title='bbox 2978 386 3087 442; x_wconf 77' lang='grc' dir='ltr'><strong>τὸν</strong></span> <span class='ocrx_word' id='word_1_24' title='bbox 3145 387 3302 455; x_wconf 76' lang='grc' dir='ltr'><strong>Υιὸν,</strong></span> <span class='ocrx_word' id='word_1_25' title='bbox 3358 391 3458 444; x_wconf 72' lang='grc' dir='ltr'>καὶ</span> <span class='ocrx_word' id='word_1_26' title='bbox 3540 392 3712 450; x_wconf 76' lang='grc' dir='ltr'>πάντα</span> 
     </span>
    </p>
   </div>
   <div class='ocr_carea' id='block_1_6' title="bbox 466 471 2044 542">
    <p class='ocr_par' dir='ltr' id='par_1_6' title="bbox 466 471 2044 542">
     <span class='ocr_line' id='line_1_6' title="bbox 466 471 2044 542; baseline -0.003 -12"><span class='ocrx_word' id='word_1_27' title='bbox 466 481 579 531; x_wconf 82' lang='lat' dir='ltr'><strong>dita</strong></span> <span class='ocrx_word' id='word_1_28' title='bbox 610 487 729 532; x_wconf 83' lang='lat' dir='ltr'><strong>sunt</strong></span> <span class='ocrx_word' id='word_1_29' title='bbox 747 496 779 532; x_wconf 90' lang='lat' dir='ltr'><strong>a</strong></span> <span class='ocrx_word' id='word_1_30' title='bbox 801 478 961 532; x_wconf 84' lang='lat' dir='ltr'><strong>Patre</strong></span> <span class='ocrx_word' id='word_1_31' title='bbox 984 493 1093 531; x_wconf 82' lang='lat' dir='ltr'><strong>meo</strong></span> <span class='ocrx_word' id='word_1_32' title='bbox 1134 479 1186 541; x_wconf 84' lang='grc'><strong>¹;</strong></span> <span class='ocrx_word' id='word_1_33' title='bbox 1212 485 1286 540; x_wconf 89' lang='lat' dir='ltr'><strong>et,</strong></span> <span class='ocrx_word' id='word_1_34' title='bbox 1307 471 1430 526; x_wconf 88' lang='lat' dir='ltr'><strong>Non</strong></span> <span class='ocrx_word' id='word_1_35' title='bbox 1448 488 1662 542; x_wconf 72' lang='lat' dir='ltr'><strong>possum</strong></span> <span class='ocrx_word' id='word_1_36' title='bbox 1684 488 1778 542; x_wconf 84' lang='lat' dir='ltr'><strong>ego</strong></span> <span class='ocrx_word' id='word_1_37' title='bbox 1795 490 1829 526; x_wconf 90' lang='lat' dir='ltr'><strong>a</strong></span> <span class='ocrx_word' id='word_1_38' title='bbox 1851 475 2044 541; x_wconf 79' lang='lat' dir='ltr'><strong>meipso</strong></span> 
     </span>
    </p>
   </div>
   <div class='ocr_carea' id='block_1_7' title="bbox 467 564 2046 641">
    <p class='ocr_par' dir='ltr' id='par_1_7' title="bbox 467 564 2046 641">
     <span class='ocr_line' id='line_1_7' title="bbox 467 564 2046 641; baseline 0.001 -21"><span class='ocrx_word' id='word_1_39' title='bbox 467 571 638 638; x_wconf 79' lang='lat' dir='ltr'><strong>facere</strong></span> <span class='ocrx_word' id='word_1_40' title='bbox 678 572 981 641; x_wconf 78' lang='lat' dir='ltr'><strong>quidquam,</strong></span> <span class='ocrx_word' id='word_1_41' title='bbox 1005 567 1096 622; x_wconf 81' lang='lat' dir='ltr'><strong>sed</strong></span> <span class='ocrx_word' id='word_1_42' title='bbox 1135 568 1271 619; x_wconf 83' lang='lat' dir='ltr'><strong>sicut</strong></span> <span class='ocrx_word' id='word_1_43' title='bbox 1304 564 1487 631; x_wconf 80' lang='lat' dir='ltr'><strong><em>audio,</em></strong></span> <span class='ocrx_word' id='word_1_44' title='bbox 1516 564 1702 634; x_wconf 85' lang='lat' dir='ltr'><strong>judico</strong></span> <span class='ocrx_word' id='word_1_45' title='bbox 1757 573 1797 630; x_wconf 87' lang='grc'><strong>³,</strong></span> <span class='ocrx_word' id='word_1_46' title='bbox 1829 566 2046 637; x_wconf 82' lang='lat' dir='ltr'><strong>aliaque</strong></span> 
     </span>
    </p>
   </div>
   <div class='ocr_carea' id='block_1_8' title="bbox 467 656 2044 734">
    <p class='ocr_par' dir='ltr' id='par_1_8' title="bbox 467 656 2044 734">
     <span class='ocr_line' id='line_1_8' title="bbox 467 656 2044 734; baseline -0.002 -18"><span class='ocrx_word' id='word_1_47' title='bbox 467 665 517 716; x_wconf 89' lang='lat' dir='ltr'><strong>id</strong></span> <span class='ocrx_word' id='word_1_48' title='bbox 553 676 1081 734; x_wconf 78' lang='lat' dir='ltr'><strong>genusnequaquam</strong></span> <span class='ocrx_word' id='word_1_49' title='bbox 1110 659 1491 714; x_wconf 90' lang='lat' dir='ltr'><strong>demonstrant</strong></span> <span class='ocrx_word' id='word_1_50' title='bbox 1521 656 1720 711; x_wconf 78' lang='lat' dir='ltr'><strong>Filium</strong></span> <span class='ocrx_word' id='word_1_51' title='bbox 1746 658 2044 728; x_wconf 82' lang='lat' dir='ltr'><strong>aliquando</strong></span> 
     </span>
    </p>
   </div>
   <div class='ocr_carea' id='block_1_9' title="bbox 465 750 2042 821">
    <p class='ocr_par' dir='ltr' id='par_1_9' title="bbox 465 750 2042 821">
     <span class='ocr_line' id='line_1_9' title="bbox 465 750 2042 821; baseline -0.001 -13"><span class='ocrx_word' id='word_1_52' title='bbox 465 757 566 811; x_wconf 87' lang='lat' dir='ltr'><strong>ista</strong></span> <span class='ocrx_word' id='word_1_53' title='bbox 592 772 696 810; x_wconf 90' lang='lat' dir='ltr'><strong>non</strong></span> <span class='ocrx_word' id='word_1_54' title='bbox 727 756 1000 809; x_wconf 80' lang='lat' dir='ltr'><strong>habuisse.</strong></span> <span class='ocrx_word' id='word_1_55' title='bbox 1182 751 1285 818; x_wconf 86' lang='lat' dir='ltr'><strong>Qui</strong></span> <span class='ocrx_word' id='word_1_56' title='bbox 1321 751 1466 805; x_wconf 88' lang='lat' dir='ltr'><strong>enim</strong></span> <span class='ocrx_word' id='word_1_57' title='bbox 1507 750 1622 806; x_wconf 82' lang='lat' dir='ltr'><strong>ﬁeri</strong></span> <span class='ocrx_word' id='word_1_58' title='bbox 1663 750 1856 821; x_wconf 82' lang='lat' dir='ltr'><strong>possit,</strong></span> <span class='ocrx_word' id='word_1_59' title='bbox 1894 760 1953 805; x_wconf 91' lang='lat' dir='ltr'><strong>ut</strong></span> <span class='ocrx_word' id='word_1_60' title='bbox 1978 765 2042 806; x_wconf 90' lang='lat' dir='ltr'><strong>ea</strong></span> 
     </span>
    </p>
   </div>
   <div class='ocr_carea' id='block_1_10' title="bbox 462 842 2042 915">
    <p class='ocr_par' dir='ltr' id='par_1_10' title="bbox 462 842 2042 915">
     <span class='ocr_line' id='line_1_10' title="bbox 462 842 2042 915; baseline -0.001 -16"><span class='ocrx_word' id='word_1_61' title='bbox 462 864 582 915; x_wconf 79' lang='lat' dir='ltr'><strong>qua:</strong></span> <span class='ocrx_word' id='word_1_62' title='bbox 609 845 768 899; x_wconf 85' lang='lat' dir='ltr'><strong>Pater</strong></span> <span class='ocrx_word' id='word_1_63' title='bbox 799 846 979 907; x_wconf 90' lang='lat' dir='ltr'><strong>habet,</strong></span> <span class='ocrx_word' id='word_1_64' title='bbox 1007 845 1096 900; x_wconf 85' lang='lat' dir='ltr'><strong>Ille</strong></span> <span class='ocrx_word' id='word_1_65' title='bbox 1135 859 1243 898; x_wconf 89' lang='lat' dir='ltr'><strong>non</strong></span> <span class='ocrx_word' id='word_1_66' title='bbox 1276 857 1492 912; x_wconf 85' lang='lat' dir='ltr'><strong>semper</strong></span> <span class='ocrx_word' id='word_1_67' title='bbox 1521 842 1796 910; x_wconf 90' lang='lat' dir='ltr'><strong>habuerit,</strong></span> <span class='ocrx_word' id='word_1_68' title='bbox 1827 843 1920 912; x_wconf 81' lang='lat' dir='ltr'><strong>qui</strong></span> <span class='ocrx_word' id='word_1_69' title='bbox 1949 858 2042 898; x_wconf 89' lang='lat' dir='ltr'><strong>so-</strong></span> 
     </span>
    </p>
   </div>
   <div class='ocr_carea' id='block_1_11' title="bbox 463 931 2042 1004">
    <p class='ocr_par' dir='ltr' id='par_1_11' title="bbox 463 931 2042 1004">
     <span class='ocr_line' id='line_1_11' title="bbox 463 931 2042 1004; baseline 0.001 -16"><span class='ocrx_word' id='word_1_70' title='bbox 463 938 546 990; x_wconf 85' lang='lat' dir='ltr'><strong>lus</strong></span> <span class='ocrx_word' id='word_1_71' title='bbox 575 945 767 989; x_wconf 87' lang='lat' dir='ltr'><strong>natura</strong></span> <span class='ocrx_word' id='word_1_72' title='bbox 802 933 1036 990; x_wconf 85' lang='lat' dir='ltr'><strong>Verbum</strong></span> <span class='ocrx_word' id='word_1_73' title='bbox 1078 944 1133 990; x_wconf 87' lang='lat' dir='ltr'><strong>et</strong></span> <span class='ocrx_word' id='word_1_74' title='bbox 1181 934 1462 1004; x_wconf 77' lang='lat' dir='ltr'><strong>Sapientia</strong></span> <span class='ocrx_word' id='word_1_75' title='bbox 1505 931 1685 988; x_wconf 89' lang='lat' dir='ltr'><strong>Patris</strong></span> <span class='ocrx_word' id='word_1_76' title='bbox 1715 942 1803 989; x_wconf 89' lang='lat' dir='ltr'><strong>est</strong></span> <span class='ocrx_word' id='word_1_77' title='bbox 1833 951 1847 988; x_wconf 90' lang='lat'><strong>:</strong></span> <span class='ocrx_word' id='word_1_78' title='bbox 1881 933 2042 1004; x_wconf 84' lang='lat' dir='ltr'><strong>cujus</strong></span> 
     </span>
    </p>
   </div>
   <div class='ocr_carea' id='block_1_12' title="bbox 460 1025 2041 1099">
    <p class='ocr_par' dir='ltr' id='par_1_12' title="bbox 460 1025 2041 1099">
     <span class='ocr_line' id='line_1_12' title="bbox 460 1025 2041 1099; baseline 0 -17"><span class='ocrx_word' id='word_1_79' title='bbox 460 1032 586 1084; x_wconf 89' lang='lat' dir='ltr'><strong>item</strong></span> <span class='ocrx_word' id='word_1_80' title='bbox 621 1031 732 1084; x_wconf 63' lang='lat' dir='ltr'><strong>hare</strong></span> <span class='ocrx_word' id='word_1_81' title='bbox 767 1038 896 1084; x_wconf 88' lang='lat' dir='ltr'><strong>sunt</strong></span> <span class='ocrx_word' id='word_1_82' title='bbox 923 1029 1118 1083; x_wconf 89' lang='lat' dir='ltr'><strong>verba:</strong></span> <span class='ocrx_word' id='word_1_83' title='bbox 1155 1029 1348 1083; x_wconf 86' lang='lat' dir='ltr'><strong><em>Omnia</em></strong></span> <span class='ocrx_word' id='word_1_84' title='bbox 1378 1043 1496 1099; x_wconf 73' lang='lat' dir='ltr'><strong>qua:</strong></span> <span class='ocrx_word' id='word_1_85' title='bbox 1527 1027 1680 1082; x_wconf 81' lang='lat' dir='ltr'><strong>habet</strong></span> <span class='ocrx_word' id='word_1_86' title='bbox 1713 1025 1901 1087; x_wconf 85' lang='lat' dir='ltr'><strong>Pater.</strong></span> <span class='ocrx_word' id='word_1_87' title='bbox 1925 1043 2041 1082; x_wconf 80' lang='lat' dir='ltr'><strong>ntea</strong></span> 
     </span>
    </p>
   </div>
   <div class='ocr_carea' id='block_1_13' title="bbox 457 1117 2040 1190">
    <p class='ocr_par' dir='ltr' id='par_1_13' title="bbox 457 1117 2040 1190">
     <span class='ocr_line' id='line_1_13' title="bbox 457 1117 2040 1190; baseline -0.001 -17"><span class='ocrx_word' id='word_1_88' title='bbox 457 1132 579 1174; x_wconf 80' lang='lat' dir='ltr'><strong>sunt</strong></span> <span class='ocrx_word' id='word_1_89' title='bbox 613 1135 658 1188; x_wconf 68' lang='grc' dir='ltr'><strong>ι,</strong></span> <span class='ocrx_word' id='word_1_90' title='bbox 684 1131 757 1186; x_wconf 90' lang='lat' dir='ltr'><strong>ct,</strong></span> <span class='ocrx_word' id='word_1_91' title='bbox 785 1137 905 1190; x_wconf 72' lang='lat' dir='ltr'><strong>qure</strong></span> <span class='ocrx_word' id='word_1_92' title='bbox 941 1137 1069 1174; x_wconf 86' lang='lat' dir='ltr'><strong>mea</strong></span> <span class='ocrx_word' id='word_1_93' title='bbox 1111 1130 1260 1184; x_wconf 90' lang='lat' dir='ltr'><strong>sunt,</strong></span> <span class='ocrx_word' id='word_1_94' title='bbox 1296 1119 1474 1177; x_wconf 82' lang='lat' dir='ltr'><strong>Patris</strong></span> <span class='ocrx_word' id='word_1_95' title='bbox 1499 1123 1661 1175; x_wconf 81' lang='lat' dir='ltr'><strong>etiam</strong></span> <span class='ocrx_word' id='word_1_96' title='bbox 1698 1125 1828 1175; x_wconf 88' lang='lat' dir='ltr'><strong>sunt</strong></span> <span class='ocrx_word' id='word_1_97' title='bbox 1879 1120 1947 1172; x_wconf 75' lang='lat'><strong>‘?</strong></span> <span class='ocrx_word' id='word_1_98' title='bbox 1981 1117 2040 1173; x_wconf 90' lang='lat' dir='ltr'><strong>Si</strong></span> 
     </span>
    </p>
   </div>
   <div class='ocr_carea' id='block_1_14' title="bbox 455 1209 2040 1281">
    <p class='ocr_par' dir='ltr' id='par_1_14' title="bbox 455 1209 2040 1281">
     <span class='ocr_line' id='line_1_14' title="bbox 455 1209 2040 1281; baseline 0.001 -18"><span class='ocrx_word' id='word_1_99' title='bbox 455 1211 600 1265; x_wconf 86' lang='lat' dir='ltr'><strong>enim</strong></span> <span class='ocrx_word' id='word_1_100' title='bbox 631 1229 750 1281; x_wconf 80' lang='lat' dir='ltr'><strong>qua;-</strong></span> <span class='ocrx_word' id='word_1_101' title='bbox 777 1210 970 1266; x_wconf 75' lang='lat' dir='ltr'><strong>‘Patris</strong></span> <span class='ocrx_word' id='word_1_102' title='bbox 1011 1221 1158 1274; x_wconf 85' lang='lat' dir='ltr'><strong>sunt,</strong></span> <span class='ocrx_word' id='word_1_103' title='bbox 1204 1220 1332 1266; x_wconf 86' lang='lat' dir='ltr'><strong>sunt</strong></span> <span class='ocrx_word' id='word_1_104' title='bbox 1370 1227 1588 1281; x_wconf 88' lang='lat' dir='ltr'><strong>quoque</strong></span> <span class='ocrx_word' id='word_1_105' title='bbox 1633 1209 1780 1274; x_wconf 86' lang='lat' dir='ltr'><strong>Filii,</strong></span> <span class='ocrx_word' id='word_1_106' title='bbox 1819 1211 2040 1280; x_wconf 75' lang='lat' dir='ltr'><strong>haecque</strong></span> 
     </span>
    </p>
   </div>
   <div class='ocr_carea' id='block_1_15' title="bbox 447 1285 2040 1372">
    <p class='ocr_par' dir='ltr' id='par_1_15' title="bbox 447 1285 2040 1372">
     <span class='ocr_line' id='line_1_15' title="bbox 447 1285 2040 1372; baseline -0.001 -15"><span class='ocrx_word' id='word_1_107' title='bbox 447 1285 669 1371; x_wconf 81' lang='lat' dir='ltr'><strong>semper</strong></span> <span class='ocrx_word' id='word_1_108' title='bbox 696 1302 856 1356; x_wconf 74' lang='lat' dir='ltr'><strong>Pater</strong></span> <span class='ocrx_word' id='word_1_109' title='bbox 892 1303 1071 1369; x_wconf 82' lang='lat' dir='ltr'><strong>habet,</strong></span> <span class='ocrx_word' id='word_1_110' title='bbox 1111 1303 1462 1372; x_wconf 83' lang='lat' dir='ltr'><strong>perspicuum</strong></span> <span class='ocrx_word' id='word_1_111' title='bbox 1494 1317 1626 1357; x_wconf 82' lang='lat' dir='ltr'><strong>sane</strong></span> <span class='ocrx_word' id='word_1_112' title='bbox 1677 1310 1781 1370; x_wconf 89' lang='lat' dir='ltr'><strong>est,</strong></span> <span class='ocrx_word' id='word_1_113' title='bbox 1824 1317 1888 1356; x_wconf 90' lang='lat' dir='ltr'><strong>ea</strong></span> <span class='ocrx_word' id='word_1_114' title='bbox 1919 1316 2040 1371; x_wconf 66' lang='lat' dir='ltr'><strong>qua:</strong></span> 
     </span>
    </p>
   </div>
   <div class='ocr_carea' id='block_1_16' title="bbox 458 1391 2037 1462">
    <p class='ocr_par' dir='ltr' id='par_1_16' title="bbox 458 1391 2037 1462">
     <span class='ocr_line' id='line_1_16' title="bbox 458 1391 2037 1462; baseline 0 -16"><span class='ocrx_word' id='word_1_115' title='bbox 458 1392 627 1449; x_wconf 85' lang='lat' dir='ltr'><strong>Filius</strong></span> <span class='ocrx_word' id='word_1_116' title='bbox 656 1394 836 1459; x_wconf 85' lang='lat' dir='ltr'><strong>habet,</strong></span> <span class='ocrx_word' id='word_1_117' title='bbox 871 1411 993 1449; x_wconf 93' lang='lat' dir='ltr'><strong>cum</strong></span> <span class='ocrx_word' id='word_1_118' title='bbox 1027 1395 1213 1448; x_wconf 89' lang='lat' dir='ltr'><strong>eadem</strong></span> <span class='ocrx_word' id='word_1_119' title='bbox 1249 1393 1356 1448; x_wconf 83' lang='lat' dir='ltr'><strong>sint</strong></span> <span class='ocrx_word' id='word_1_120' title='bbox 1389 1392 1590 1458; x_wconf 87' lang='lat' dir='ltr'><strong>Patris,</strong></span> <span class='ocrx_word' id='word_1_121' title='bbox 1615 1407 1831 1462; x_wconf 85' lang='lat' dir='ltr'><strong>semper</strong></span> <span class='ocrx_word' id='word_1_122' title='bbox 1863 1392 1918 1445; x_wconf 89' lang='lat' dir='ltr'><strong>in</strong></span> <span class='ocrx_word' id='word_1_123' title='bbox 1943 1391 2037 1446; x_wconf 89' lang='lat' dir='ltr'><strong>illo</strong></span> 
     </span>
    </p>
   </div>
   <div class='ocr_carea' id='block_1_17' title="bbox 452 1481 2035 1556">
    <p class='ocr_par' dir='ltr' id='par_1_17' title="bbox 452 1481 2035 1556">
     <span class='ocr_line' id='line_1_17' title="bbox 452 1481 2035 1556; baseline -0.002 -20"><span class='ocrx_word' id='word_1_124' title='bbox 452 1499 592 1538; x_wconf 87' lang='lat' dir='ltr'><strong>esse.</strong></span> <span class='ocrx_word' id='word_1_125' title='bbox 626 1483 743 1537; x_wconf 84' lang='lat' dir='ltr'><strong>Non</strong></span> <span class='ocrx_word' id='word_1_126' title='bbox 776 1485 943 1556; x_wconf 76' lang='lat' dir='ltr'><strong>igitur</strong></span> <span class='ocrx_word' id='word_1_127' title='bbox 973 1484 1076 1538; x_wconf 84' lang='lat' dir='ltr'><strong>ista</strong></span> <span class='ocrx_word' id='word_1_128' title='bbox 1105 1483 1596 1547; x_wconf 81' lang='lat' dir='ltr'><strong>commemorabat,</strong></span> <span class='ocrx_word' id='word_1_129' title='bbox 1629 1483 1789 1552; x_wconf 87' lang='lat' dir='ltr'><strong>quasi</strong></span> <span class='ocrx_word' id='word_1_130' title='bbox 1824 1497 1889 1536; x_wconf 86' lang='lat' dir='ltr'><strong>ea</strong></span> <span class='ocrx_word' id='word_1_131' title='bbox 1927 1481 2035 1534; x_wconf 79' lang='lat' dir='ltr'><strong>ali—</strong></span> 
     </span>
    </p>
   </div>
   <div class='ocr_carea' id='block_1_18' title="bbox 451 1570 2036 1641">
    <p class='ocr_par' dir='ltr' id='par_1_18' title="bbox 451 1570 2036 1641">
     <span class='ocr_line' id='line_1_18' title="bbox 451 1570 2036 1641; baseline 0.001 -17"><span class='ocrx_word' id='word_1_132' title='bbox 451 1573 673 1641; x_wconf 84' lang='lat' dir='ltr'><strong>quando</strong></span> <span class='ocrx_word' id='word_1_133' title='bbox 706 1589 813 1626; x_wconf 93' lang='lat' dir='ltr'><strong>non</strong></span> <span class='ocrx_word' id='word_1_134' title='bbox 841 1573 1090 1626; x_wconf 88' lang='lat' dir='ltr'><strong>habuerit</strong></span> <span class='ocrx_word' id='word_1_135' title='bbox 1121 1572 1256 1626; x_wconf 90' lang='lat' dir='ltr'><strong>:sed</strong></span> <span class='ocrx_word' id='word_1_136' title='bbox 1288 1572 1432 1640; x_wconf 91' lang='lat' dir='ltr'><strong>quod</strong></span> <span class='ocrx_word' id='word_1_137' title='bbox 1458 1570 1648 1637; x_wconf 81' lang='lat' dir='ltr'><strong>Filius,</strong></span> <span class='ocrx_word' id='word_1_138' title='bbox 1683 1571 1775 1641; x_wconf 88' lang='lat' dir='ltr'><strong>qtti</strong></span> <span class='ocrx_word' id='word_1_139' title='bbox 1811 1585 1875 1625; x_wconf 88' lang='lat' dir='ltr'><strong>ea</strong></span> <span class='ocrx_word' id='word_1_140' title='bbox 1912 1587 2036 1641; x_wconf 71' lang='lat' dir='ltr'><strong>quae</strong></span> 
     </span>
    </p>
   </div>
   <div class='ocr_carea' id='block_1_19' title="bbox 451 1661 1701 1733">
    <p class='ocr_par' dir='ltr' id='par_1_19' title="bbox 451 1661 1701 1733">
     <span class='ocr_line' id='line_1_19' title="bbox 451 1661 1701 1733; baseline -0.001 -16"><span class='ocrx_word' id='word_1_141' title='bbox 451 1664 632 1726; x_wconf 82' lang='lat' dir='ltr'><strong>habet,</strong></span> <span class='ocrx_word' id='word_1_142' title='bbox 671 1679 884 1733; x_wconf 86' lang='lat' dir='ltr'><strong>semper</strong></span> <span class='ocrx_word' id='word_1_143' title='bbox 911 1663 1091 1726; x_wconf 86' lang='lat' dir='ltr'><strong>habet,</strong></span> <span class='ocrx_word' id='word_1_144' title='bbox 1126 1662 1242 1732; x_wconf 87' lang='lat' dir='ltr'><strong>ipsa</strong></span> <span class='ocrx_word' id='word_1_145' title='bbox 1275 1677 1306 1716; x_wconf 90' lang='lat' dir='ltr'><strong>a</strong></span> <span class='ocrx_word' id='word_1_146' title='bbox 1337 1661 1496 1717; x_wconf 85' lang='lat' dir='ltr'><strong>Patre</strong></span> <span class='ocrx_word' id='word_1_147' title='bbox 1520 1662 1701 1717; x_wconf 89' lang='lat' dir='ltr'><strong>habet.</strong></span> 
     </span>
    </p>
   </div>
   <div class='ocr_carea' id='block_1_20' title="bbox 635 1753 2106 1847">
    <p class='ocr_par' dir='ltr' id='par_1_20' title="bbox 635 1753 2106 1847">
     <span class='ocr_line' id='line_1_20' title="bbox 635 1753 2106 1847; baseline -0.001 -38"><span class='ocrx_word' id='word_1_148' title='bbox 635 1753 715 1847; x_wconf 83' lang='lat' dir='ltr'><strong>Ne</strong></span> <span class='ocrx_word' id='word_1_149' title='bbox 741 1756 864 1826; x_wconf 88' lang='lat' dir='ltr'><strong>quis</strong></span> <span class='ocrx_word' id='word_1_150' title='bbox 892 1755 1038 1810; x_wconf 90' lang='lat' dir='ltr'><strong>enim</strong></span> <span class='ocrx_word' id='word_1_151' title='bbox 1063 1754 1260 1809; x_wconf 88' lang='lat' dir='ltr'><strong>Filium</strong></span> <span class='ocrx_word' id='word_1_152' title='bbox 1294 1754 1480 1847; x_wconf 69' lang='lat' dir='ltr'><strong>omnia</strong></span> <span class='ocrx_word' id='word_1_153' title='bbox 1507 1754 1822 1847; x_wconf 62' lang='lat' dir='ltr'><strong>quaehabet</strong></span> <span class='ocrx_word' id='word_1_154' title='bbox 1848 1753 2030 1821; x_wconf 84' lang='lat' dir='ltr'><strong>Pater,</strong></span> <span class='ocrx_word' id='word_1_155' title='bbox 2065 1793 2106 1847; x_wconf 70' lang='grc' dir='ltr'><strong>Β</strong></span> 
     </span>
    </p>
   </div>
   <div class='ocr_carea' id='block_1_21' title="bbox 448 1844 2033 1918">
    <p class='ocr_par' dir='ltr' id='par_1_21' title="bbox 448 1844 2033 1918">
     <span class='ocr_line' id='line_1_21' title="bbox 448 1844 2033 1918; baseline -0.003 -15"><span class='ocrx_word' id='word_1_156' title='bbox 448 1847 651 1903; x_wconf 89' lang='lat' dir='ltr'><strong>habere</strong></span> <span class='ocrx_word' id='word_1_157' title='bbox 686 1846 1014 1918; x_wconf 83' lang='lat' dir='ltr'><strong>intelligens,</strong></span> <span class='ocrx_word' id='word_1_158' title='bbox 1043 1861 1110 1902; x_wconf 75' lang='lat' dir='ltr'><strong>ex</strong></span> <span class='ocrx_word' id='word_1_159' title='bbox 1129 1861 1350 1902; x_wconf 88' lang='lat' dir='ltr'><strong>summa</strong></span> <span class='ocrx_word' id='word_1_160' title='bbox 1382 1845 1473 1899; x_wconf 87' lang='lat' dir='ltr'><strong>illa</strong></span> <span class='ocrx_word' id='word_1_161' title='bbox 1509 1844 1887 1910; x_wconf 86' lang='lat' dir='ltr'><strong>similitudine,</strong></span> <span class='ocrx_word' id='word_1_162' title='bbox 1911 1859 2033 1913; x_wconf 77' lang='lat' dir='ltr'><strong>qua:</strong></span> 
     </span>
    </p>
   </div>
   <div class='ocr_carea' id='block_1_22' title="bbox 447 1937 2032 2010">
    <p class='ocr_par' dir='ltr' id='par_1_22' title="bbox 447 1937 2032 2010">
     <span class='ocr_line' id='line_1_22' title="bbox 447 1937 2032 2010; baseline -0.001 -15"><span class='ocrx_word' id='word_1_163' title='bbox 447 1942 656 2010; x_wconf 86' lang='lat' dir='ltr'><strong>absque</strong></span> <span class='ocrx_word' id='word_1_164' title='bbox 684 1942 794 1995; x_wconf 90' lang='lat' dir='ltr'><strong>ulla</strong></span> <span class='ocrx_word' id='word_1_165' title='bbox 829 1949 911 1995; x_wconf 88' lang='lat' dir='ltr'><strong>est</strong></span> <span class='ocrx_word' id='word_1_166' title='bbox 943 1939 1280 2006; x_wconf 72' lang='lat' dir='ltr'><strong>dilferentia,</strong></span> <span class='ocrx_word' id='word_1_167' title='bbox 1311 1946 1370 1994; x_wconf 84' lang='lat' dir='ltr'><strong>et</strong></span> <span class='ocrx_word' id='word_1_168' title='bbox 1395 1953 1462 1994; x_wconf 81' lang='lat' dir='ltr'><strong>ex</strong></span> <span class='ocrx_word' id='word_1_169' title='bbox 1493 1939 1796 2003; x_wconf 90' lang='lat' dir='ltr'><strong>identitate,</strong></span> <span class='ocrx_word' id='word_1_170' title='bbox 1838 1947 1895 1992; x_wconf 83' lang='lat' dir='ltr'><strong>ut</strong></span> <span class='ocrx_word' id='word_1_171' title='bbox 1927 1937 2032 1994; x_wconf 91' lang='lat' dir='ltr'><strong>hoc</strong></span> 
     </span>
    </p>
   </div>
   <div class='ocr_carea' id='block_1_23' title="bbox 446 2029 2029 2101">
    <p class='ocr_par' dir='ltr' id='par_1_23' title="bbox 446 2029 2029 2101">
     <span class='ocr_line' id='line_1_23' title="bbox 446 2029 2029 2101; baseline -0.003 -15"><span class='ocrx_word' id='word_1_172' title='bbox 446 2034 612 2088; x_wconf 89' lang='lat' dir='ltr'><strong>verbo</strong></span> <span class='ocrx_word' id='word_1_173' title='bbox 655 2045 800 2099; x_wconf 87' lang='lat' dir='ltr'><strong>utar,</strong></span> <span class='ocrx_word' id='word_1_174' title='bbox 842 2047 1032 2088; x_wconf 89' lang='lat' dir='ltr'><strong>eorum</strong></span> <span class='ocrx_word' id='word_1_175' title='bbox 1073 2046 1196 2101; x_wconf 66' lang='lat' dir='ltr'><strong>quae</strong></span> <span class='ocrx_word' id='word_1_176' title='bbox 1231 2030 1412 2098; x_wconf 85' lang='lat' dir='ltr'><strong>habet,</strong></span> <span class='ocrx_word' id='word_1_177' title='bbox 1453 2045 1520 2085; x_wconf 88' lang='lat' dir='ltr'><strong>eo</strong></span> <span class='ocrx_word' id='word_1_178' title='bbox 1568 2029 1863 2099; x_wconf 87' lang='lat' dir='ltr'><strong>impietatis</strong></span> <span class='ocrx_word' id='word_1_179' title='bbox 1903 2043 2029 2083; x_wconf 91' lang='lat' dir='ltr'><strong>cum</strong></span> 
     </span>
    </p>
   </div>
   <div class='ocr_carea' id='block_1_24' title="bbox 447 2120 2028 2192">
    <p class='ocr_par' dir='ltr' id='par_1_24' title="bbox 447 2120 2028 2192">
     <span class='ocr_line' id='line_1_24' title="bbox 447 2120 2028 2192; baseline -0.003 -14"><span class='ocrx_word' id='word_1_180' title='bbox 447 2123 684 2178; x_wconf 88' lang='lat' dir='ltr'><strong>Sabellio</strong></span> <span class='ocrx_word' id='word_1_181' title='bbox 722 2137 917 2177; x_wconf 90' lang='lat' dir='ltr'><strong>errans</strong></span> <span class='ocrx_word' id='word_1_182' title='bbox 944 2123 1244 2188; x_wconf 85' lang='lat' dir='ltr'><strong>deveniret,</strong></span> <span class='ocrx_word' id='word_1_183' title='bbox 1273 2132 1329 2176; x_wconf 91' lang='lat' dir='ltr'><strong>ut</strong></span> <span class='ocrx_word' id='word_1_184' title='bbox 1352 2122 1530 2192; x_wconf 86' lang='lat' dir='ltr'><strong>ipsum</strong></span> <span class='ocrx_word' id='word_1_185' title='bbox 1555 2136 1678 2176; x_wconf 88' lang='lat' dir='ltr'><strong>esse</strong></span> <span class='ocrx_word' id='word_1_186' title='bbox 1704 2120 1916 2175; x_wconf 84' lang='lat' dir='ltr'><strong>Patrem</strong></span> <span class='ocrx_word' id='word_1_187' title='bbox 1941 2135 2028 2175; x_wconf 88' lang='lat' dir='ltr'><strong>ar-</strong></span> 
     </span>
    </p>
   </div>
   <div class='ocr_carea' id='block_1_25' title="bbox 445 2211 2021 2278">
    <p class='ocr_par' dir='ltr' id='par_1_25' title="bbox 445 2211 2021 2278">
     <span class='ocr_line' id='line_1_25' title="bbox 445 2211 2021 2278; baseline -0.001 -10"><span class='ocrx_word' id='word_1_188' title='bbox 445 2215 780 2269; x_wconf 86' lang='lat' dir='ltr'><strong>bitraretur:</strong></span> <span class='ocrx_word' id='word_1_189' title='bbox 814 2214 1020 2269; x_wconf 88' lang='lat' dir='ltr'><strong>idcirco</strong></span> <span class='ocrx_word' id='word_1_190' title='bbox 1068 2213 1154 2269; x_wconf 89' lang='lat' dir='ltr'><strong>his</strong></span> <span class='ocrx_word' id='word_1_191' title='bbox 1181 2221 1264 2268; x_wconf 88' lang='lat' dir='ltr'><strong>est</strong></span> <span class='ocrx_word' id='word_1_192' title='bbox 1306 2215 1440 2268; x_wconf 83' lang='lat' dir='ltr'><strong>usus</strong></span> <span class='ocrx_word' id='word_1_193' title='bbox 1475 2213 1726 2278; x_wconf 81' lang='lat' dir='ltr'><strong>vocibus,</strong></span> <span class='ocrx_word' id='word_1_194' title='bbox 1770 2211 1912 2266; x_wconf 86' lang='lat' dir='ltr'><strong>Data</strong></span> <span class='ocrx_word' id='word_1_195' title='bbox 1943 2222 2021 2266; x_wconf 72' lang='lat' dir='ltr'><strong>est</strong></span> 
     </span>
    </p>
   </div>
   <div class='ocr_carea' id='block_1_26' title="bbox 443 2303 2020 2376">
    <p class='ocr_par' dir='ltr' id='par_1_26' title="bbox 443 2303 2020 2376">
     <span class='ocr_line' id='line_1_26' title="bbox 443 2303 2020 2376; baseline -0.001 -16"><span class='ocrx_word' id='word_1_196' title='bbox 443 2307 574 2360; x_wconf 75' lang='lat' dir='ltr'><strong>milii</strong></span> <span class='ocrx_word' id='word_1_197' title='bbox 625 2314 666 2373; x_wconf 79' lang='grc'><strong>⁸,</strong></span> <span class='ocrx_word' id='word_1_198' title='bbox 692 2307 929 2376; x_wconf 72' lang='lat' dir='ltr'><strong>accepit,</strong></span> <span class='ocrx_word' id='word_1_199' title='bbox 962 2307 1165 2360; x_wconf 87' lang='lat' dir='ltr'><strong>tradita</strong></span> <span class='ocrx_word' id='word_1_200' title='bbox 1188 2314 1310 2360; x_wconf 83' lang='lat' dir='ltr'><strong>sunt</strong></span> <span class='ocrx_word' id='word_1_201' title='bbox 1335 2305 1462 2358; x_wconf 81' lang='lat' dir='ltr'><strong>mihi</strong></span> <span class='ocrx_word' id='word_1_202' title='bbox 1486 2307 1531 2370; x_wconf 81' lang='grc'><strong>⁸,</strong></span> <span class='ocrx_word' id='word_1_203' title='bbox 1557 2313 1615 2359; x_wconf 91' lang='lat' dir='ltr'><strong>ut</strong></span> <span class='ocrx_word' id='word_1_204' title='bbox 1645 2303 1695 2358; x_wconf 90' lang='lat' dir='ltr'><strong>id</strong></span> <span class='ocrx_word' id='word_1_205' title='bbox 1724 2304 1901 2359; x_wconf 87' lang='lat' dir='ltr'><strong>solum</strong></span> <span class='ocrx_word' id='word_1_206' title='bbox 1933 2318 2020 2359; x_wconf 83' lang='lat' dir='ltr'><strong>os-</strong></span> 
     </span>
    </p>
   </div>
   <div class='ocr_carea' id='block_1_27' title="bbox 441 2393 2024 2464">
    <p class='ocr_par' dir='ltr' id='par_1_27' title="bbox 441 2393 2024 2464">
     <span class='ocr_line' id='line_1_27' title="bbox 441 2393 2024 2464; baseline -0.002 -12"><span class='ocrx_word' id='word_1_207' title='bbox 441 2399 708 2464; x_wconf 82' lang='lat' dir='ltr'><strong>tenderet,</strong></span> <span class='ocrx_word' id='word_1_208' title='bbox 756 2412 815 2452; x_wconf 91' lang='lat' dir='ltr'><strong>se</strong></span> <span class='ocrx_word' id='word_1_209' title='bbox 851 2397 1103 2452; x_wconf 80' lang='lat' dir='ltr'><strong>videlicet</strong></span> <span class='ocrx_word' id='word_1_210' title='bbox 1141 2395 1357 2451; x_wconf 87' lang='lat' dir='ltr'><strong>Patrem</strong></span> <span class='ocrx_word' id='word_1_211' title='bbox 1390 2411 1498 2450; x_wconf 89' lang='lat' dir='ltr'><strong>non</strong></span> <span class='ocrx_word' id='word_1_212' title='bbox 1529 2411 1672 2461; x_wconf 87' lang='lat' dir='ltr'><strong>esse,</strong></span> <span class='ocrx_word' id='word_1_213' title='bbox 1709 2395 1801 2450; x_wconf 90' lang='lat' dir='ltr'><strong>sed</strong></span> <span class='ocrx_word' id='word_1_214' title='bbox 1847 2393 2024 2449; x_wconf 88' lang='lat' dir='ltr'><strong>Patris</strong></span> 
     </span>
    </p>
   </div>
   <div class='ocr_carea' id='block_1_28' title="bbox 438 2483 2023 2558">
    <p class='ocr_par' dir='ltr' id='par_1_28' title="bbox 438 2483 2023 2558">
     <span class='ocr_line' id='line_1_28' title="bbox 438 2483 2023 2558; baseline -0.003 -16"><span class='ocrx_word' id='word_1_215' title='bbox 438 2484 683 2542; x_wconf 70' lang='lat' dir='ltr'><strong>Verbum</strong></span> <span class='ocrx_word' id='word_1_216' title='bbox 719 2499 1094 2558; x_wconf 69' lang='lat' dir='ltr'><strong>:eternumque</strong></span> <span class='ocrx_word' id='word_1_217' title='bbox 1121 2502 1244 2543; x_wconf 91' lang='lat' dir='ltr'><strong>esse</strong></span> <span class='ocrx_word' id='word_1_218' title='bbox 1268 2485 1489 2553; x_wconf 86' lang='lat' dir='ltr'><strong>Filium,</strong></span> <span class='ocrx_word' id='word_1_219' title='bbox 1513 2486 1606 2556; x_wconf 92' lang='lat' dir='ltr'><strong>qui</strong></span> <span class='ocrx_word' id='word_1_220' title='bbox 1624 2487 1694 2541; x_wconf 91' lang='lat' dir='ltr'><strong>ob</strong></span> <span class='ocrx_word' id='word_1_221' title='bbox 1714 2500 1868 2540; x_wconf 90' lang='lat' dir='ltr'><strong>suam</strong></span> <span class='ocrx_word' id='word_1_222' title='bbox 1901 2483 2023 2554; x_wconf 88' lang='lat' dir='ltr'><strong>qui-</strong></span> 
     </span>
    </p>
   </div>
   <div class='ocr_carea' id='block_1_29' title="bbox 439 2575 2026 2648">
    <p class='ocr_par' dir='ltr' id='par_1_29' title="bbox 439 2575 2026 2648">
     <span class='ocr_line' id='line_1_29' title="bbox 439 2575 2026 2648; baseline -0.004 -13"><span class='ocrx_word' id='word_1_223' title='bbox 439 2581 560 2635; x_wconf 91' lang='lat' dir='ltr'><strong>dem</strong></span> <span class='ocrx_word' id='word_1_224' title='bbox 596 2597 718 2636; x_wconf 88' lang='lat' dir='ltr'><strong>cum</strong></span> <span class='ocrx_word' id='word_1_225' title='bbox 757 2579 918 2637; x_wconf 84' lang='lat' dir='ltr'><strong>Patre</strong></span> <span class='ocrx_word' id='word_1_226' title='bbox 947 2579 1358 2636; x_wconf 88' lang='lat' dir='ltr'><strong>similitudinem</strong></span> <span class='ocrx_word' id='word_1_227' title='bbox 1388 2593 1602 2648; x_wconf 84' lang='lat' dir='ltr'><strong>semper</strong></span> <span class='ocrx_word' id='word_1_228' title='bbox 1625 2579 1785 2632; x_wconf 88' lang='lat' dir='ltr'><strong>habet</strong></span> <span class='ocrx_word' id='word_1_229' title='bbox 1813 2592 1936 2647; x_wconf 76' lang='lat' dir='ltr'><strong>qua:</strong></span> <span class='ocrx_word' id='word_1_230' title='bbox 1958 2575 2026 2630; x_wconf 86' lang='lat' dir='ltr'><strong>ab</strong></span> 
     </span>
    </p>
   </div>
   <div class='ocr_carea' id='block_1_30' title="bbox 351 2670 2024 2744">
    <p class='ocr_par' dir='ltr' id='par_1_30' title="bbox 351 2670 2024 2744">
     <span class='ocr_line' id='line_1_30' title="bbox 351 2670 2024 2744; baseline -0.004 -16"><span class='ocrx_word' id='word_1_231' title='bbox 351 2685 364 2700; x_wconf 84' lang='grc'>⁶</span> <span class='ocrx_word' id='word_1_232' title='bbox 438 2690 504 2730; x_wconf 89' lang='lat' dir='ltr'><strong>eo</strong></span> <span class='ocrx_word' id='word_1_233' title='bbox 541 2675 734 2742; x_wconf 84' lang='lat' dir='ltr'><strong>habet;</strong></span> <span class='ocrx_word' id='word_1_234' title='bbox 764 2676 891 2744; x_wconf 88' lang='lat' dir='ltr'><strong>quia</strong></span> <span class='ocrx_word' id='word_1_235' title='bbox 920 2689 1051 2729; x_wconf 83' lang='lat' dir='ltr'><strong>vero</strong></span> <span class='ocrx_word' id='word_1_236' title='bbox 1076 2672 1257 2727; x_wconf 75' lang='lat' dir='ltr'><strong>Filius</strong></span> <span class='ocrx_word' id='word_1_237' title='bbox 1283 2672 1422 2726; x_wconf 86' lang='lat' dir='ltr'><strong>idem</strong></span> <span class='ocrx_word' id='word_1_238' title='bbox 1451 2672 1567 2742; x_wconf 90' lang='lat' dir='ltr'><strong>ipse</strong></span> <span class='ocrx_word' id='word_1_239' title='bbox 1594 2680 1700 2739; x_wconf 87' lang='lat' dir='ltr'><strong>est,</strong></span> <span class='ocrx_word' id='word_1_240' title='bbox 1729 2670 1933 2725; x_wconf 88' lang='lat' dir='ltr'><strong>idcirco</strong></span> <span class='ocrx_word' id='word_1_241' title='bbox 1957 2684 2024 2722; x_wconf 75' lang='lat' dir='ltr'><strong>ex</strong></span> 
     </span>
    </p>
   </div>
   <div class='ocr_carea' id='block_1_31' title="bbox 439 2759 2024 2835">
    <p class='ocr_par' dir='ltr' id='par_1_31' title="bbox 439 2759 2024 2835">
     <span class='ocr_line' id='line_1_31' title="bbox 439 2759 2024 2835; baseline -0.003 -17"><span class='ocrx_word' id='word_1_242' title='bbox 439 2763 600 2821; x_wconf 83' lang='lat' dir='ltr'><strong>Patre</strong></span> <span class='ocrx_word' id='word_1_243' title='bbox 643 2765 808 2819; x_wconf 86' lang='lat' dir='ltr'><strong>habet</strong></span> <span class='ocrx_word' id='word_1_244' title='bbox 852 2779 973 2835; x_wconf 65' lang='lat' dir='ltr'><strong>qua:</strong></span> <span class='ocrx_word' id='word_1_245' title='bbox 1021 2779 1237 2833; x_wconf 87' lang='lat' dir='ltr'><strong>semper</strong></span> <span class='ocrx_word' id='word_1_246' title='bbox 1291 2763 1472 2816; x_wconf 83' lang='lat' dir='ltr'><strong>habet.</strong></span> <span class='ocrx_word' id='word_1_247' title='bbox 1517 2760 1672 2827; x_wconf 86' lang='lat' dir='ltr'><strong>Quod</strong></span> <span class='ocrx_word' id='word_1_248' title='bbox 1719 2761 1863 2814; x_wconf 91' lang='lat' dir='ltr'><strong>enim</strong></span> <span class='ocrx_word' id='word_1_249' title='bbox 1908 2759 2024 2813; x_wconf 62' lang='lat' dir='ltr'><strong>haec</strong></span> 
     </span>
    </p>
   </div>
   <div class='ocr_carea' id='block_1_32' title="bbox 441 2849 2020 2923">
    <p class='ocr_par' dir='ltr' id='par_1_32' title="bbox 441 2849 2020 2923">
     <span class='ocr_line' id='line_1_32' title="bbox 441 2849 2020 2923; baseline -0.003 -15"><span class='ocrx_word' id='word_1_250' title='bbox 441 2856 626 2923; x_wconf 77' lang='lat' dir='ltr'><strong>\erba,</strong></span> <span class='ocrx_word' id='word_1_251' title='bbox 659 2857 790 2909; x_wconf 81' lang='lat' dir='ltr'><strong>data</strong></span> <span class='ocrx_word' id='word_1_252' title='bbox 829 2865 928 2921; x_wconf 80' lang='lat' dir='ltr'><strong>est,</strong></span> <span class='ocrx_word' id='word_1_253' title='bbox 965 2856 1167 2908; x_wconf 64' lang='lat' dir='ltr'><strong>tradita</strong></span> <span class='ocrx_word' id='word_1_254' title='bbox 1211 2864 1353 2918; x_wconf 77' lang='lat' dir='ltr'><strong>sunt,</strong></span> <span class='ocrx_word' id='word_1_255' title='bbox 1385 2853 1598 2922; x_wconf 90' lang='lat' dir='ltr'><strong>aliaque</strong></span> <span class='ocrx_word' id='word_1_256' title='bbox 1637 2851 1857 2916; x_wconf 88' lang='lat' dir='ltr'><strong>similia,</strong></span> <span class='ocrx_word' id='word_1_257' title='bbox 1897 2849 2020 2904; x_wconf 89' lang='lat' dir='ltr'><strong>Filii</strong></span> 
     </span>
    </p>
   </div>
   <div class='ocr_carea' id='block_1_33' title="bbox 437 2940 2021 3013">
    <p class='ocr_par' dir='ltr' id='par_1_33' title="bbox 437 2940 2021 3013">
     <span class='ocr_line' id='line_1_33' title="bbox 437 2940 2021 3013; baseline -0.006 -9"><span class='ocrx_word' id='word_1_258' title='bbox 437 2949 777 3004; x_wconf 83' lang='lat' dir='ltr'><strong>divinitatem</strong></span> <span class='ocrx_word' id='word_1_259' title='bbox 822 2962 928 3001; x_wconf 89' lang='lat' dir='ltr'><strong>non</strong></span> <span class='ocrx_word' id='word_1_260' title='bbox 959 2948 1226 3011; x_wconf 88' lang='lat' dir='ltr'><strong>minuant,</strong></span> <span class='ocrx_word' id='word_1_261' title='bbox 1267 2946 1359 2999; x_wconf 89' lang='lat' dir='ltr'><strong>sed</strong></span> <span class='ocrx_word' id='word_1_262' title='bbox 1385 2947 1578 3013; x_wconf 77' lang='lat' dir='ltr'><strong>potius</strong></span> <span class='ocrx_word' id='word_1_263' title='bbox 1617 2958 1742 2999; x_wconf 90' lang='lat' dir='ltr'><strong>eum</strong></span> <span class='ocrx_word' id='word_1_264' title='bbox 1772 2957 1898 2997; x_wconf 88' lang='lat' dir='ltr'><strong>vere</strong></span> <span class='ocrx_word' id='word_1_265' title='bbox 1931 2940 2021 2995; x_wconf 88' lang='lat' dir='ltr'><strong>Fi-</strong></span> 
     </span>
    </p>
   </div>
   <div class='ocr_carea' id='block_1_34' title="bbox 437 3034 2019 3110">
    <p class='ocr_par' dir='ltr' id='par_1_34' title="bbox 437 3034 2019 3110">
     <span class='ocr_line' id='line_1_34' title="bbox 437 3034 2019 3110; baseline -0.004 -14"><span class='ocrx_word' id='word_1_266' title='bbox 437 3042 570 3096; x_wconf 91' lang='lat' dir='ltr'><strong>lium</strong></span> <span class='ocrx_word' id='word_1_267' title='bbox 595 3056 717 3097; x_wconf 88' lang='lat' dir='ltr'><strong>esse</strong></span> <span class='ocrx_word' id='word_1_268' title='bbox 747 3049 1072 3110; x_wconf 77' lang='lat' dir='ltr'><strong>argumento</strong></span> <span class='ocrx_word' id='word_1_269' title='bbox 1101 3039 1235 3103; x_wconf 88' lang='lat' dir='ltr'><strong>sint,</strong></span> <span class='ocrx_word' id='word_1_270' title='bbox 1274 3053 1338 3091; x_wconf 83' lang='lat' dir='ltr'><strong>ex</strong></span> <span class='ocrx_word' id='word_1_271' title='bbox 1374 3037 1565 3090; x_wconf 82' lang='lat' dir='ltr'><strong>iisdem</strong></span> <span class='ocrx_word' id='word_1_272' title='bbox 1603 3036 1710 3091; x_wconf 84' lang='lat' dir='ltr'><strong>illis</strong></span> <span class='ocrx_word' id='word_1_273' title='bbox 1737 3034 2019 3090; x_wconf 83' lang='lat' dir='ltr'><strong>vocabulis</strong></span> 
     </span>
    </p>
   </div>
   <div class='ocr_carea' id='block_1_35' title="bbox 436 3125 2014 3195">
    <p class='ocr_par' dir='ltr' id='par_1_35' title="bbox 436 3125 2014 3195">
     <span class='ocr_line' id='line_1_35' title="bbox 436 3125 2014 3195; baseline -0.004 -9"><span class='ocrx_word' id='word_1_274' title='bbox 436 3133 563 3186; x_wconf 89' lang='lat' dir='ltr'><strong>licet</strong></span> <span class='ocrx_word' id='word_1_275' title='bbox 581 3131 812 3187; x_wconf 89' lang='lat' dir='ltr'><strong>discere.</strong></span> <span class='ocrx_word' id='word_1_276' title='bbox 832 3128 966 3182; x_wconf 85' lang='lat' dir='ltr'><strong>Nam</strong></span> <span class='ocrx_word' id='word_1_277' title='bbox 989 3131 1034 3183; x_wconf 86' lang='lat' dir='ltr'><strong>si</strong></span> <span class='ocrx_word' id='word_1_278' title='bbox 1055 3130 1238 3182; x_wconf 90' lang='lat' dir='ltr'><strong>omnia</strong></span> <span class='ocrx_word' id='word_1_279' title='bbox 1267 3129 1343 3181; x_wconf 86' lang='lat' dir='ltr'><strong>illi</strong></span> <span class='ocrx_word' id='word_1_280' title='bbox 1369 3127 1564 3181; x_wconf 89' lang='lat' dir='ltr'><strong>tradita</strong></span> <span class='ocrx_word' id='word_1_281' title='bbox 1587 3135 1738 3187; x_wconf 88' lang='lat' dir='ltr'><strong>sunt.</strong></span> <span class='ocrx_word' id='word_1_282' title='bbox 1775 3125 2014 3195; x_wconf 87' lang='lat' dir='ltr'><strong>primum</strong></span> 
     </span>
    </p>
   </div>
   <div class='ocr_carea' id='block_1_36' title="bbox 2151 472 3714 555">
    <p class='ocr_par' dir='ltr' id='par_1_36' title="bbox 2151 472 3714 555">
     <span class='ocr_line' id='line_1_36' title="bbox 2151 472 3714 555; baseline 0.008 -29"><span class='ocrx_word' id='word_1_283' title='bbox 2151 472 2410 529; x_wconf 76' lang='grc' dir='ltr'><strong>δέδωκεν</strong></span> <span class='ocrx_word' id='word_1_284' title='bbox 2438 476 2607 546; x_wconf 75' lang='grc' dir='ltr'><strong>ὲνῖῇ</strong></span> <span class='ocrx_word' id='word_1_285' title='bbox 2635 479 2787 548; x_wconf 74' lang='grc' dir='ltr'><strong>χειρὶ</strong></span> <span class='ocrx_word' id='word_1_286' title='bbox 2844 479 3054 533; x_wconf 81' lang='grc' dir='ltr'>αὐτοῦ’</span> <span class='ocrx_word' id='word_1_287' title='bbox 3098 481 3191 535; x_wconf 75' lang='grc' dir='ltr'><strong>καὶ</strong></span> <span class='ocrx_word' id='word_1_288' title='bbox 3241 483 3323 547; x_wconf 85' lang='grc' dir='ltr'><strong>τὸ,</strong></span> <span class='ocrx_word' id='word_1_289' title='bbox 3379 481 3580 537; x_wconf 78' lang='grc' dir='ltr'>Πάντα</span> <span class='ocrx_word' id='word_1_290' title='bbox 3627 503 3714 555; x_wconf 83' lang='grc' dir='ltr'><strong>μοι</strong></span> 
     </span>
    </p>
   </div>
   <div class='ocr_carea' id='block_1_37' title="bbox 2151 565 3713 641">
    <p class='ocr_par' dir='ltr' id='par_1_37' title="bbox 2151 565 3713 641">
     <span class='ocr_line' id='line_1_37' title="bbox 2151 565 3713 641; baseline 0.01 -24"><span class='ocrx_word' id='word_1_291' title='bbox 2151 565 2450 636; x_wconf 77' lang='grc' dir='ltr'>παρεδόθη</span> <span class='ocrx_word' id='word_1_292' title='bbox 2477 568 2597 623; x_wconf 84' lang='grc' dir='ltr'><strong>ὐπὸ</strong></span> <span class='ocrx_word' id='word_1_293' title='bbox 2620 569 2726 624; x_wconf 85' lang='grc' dir='ltr'><strong>τοῦ</strong></span> <span class='ocrx_word' id='word_1_294' title='bbox 2751 572 2983 640; x_wconf 80' lang='grc' dir='ltr'><em>Πατρός</em></span> <span class='ocrx_word' id='word_1_295' title='bbox 3022 590 3163 641; x_wconf 80' lang='grc' dir='ltr'><strong>μου·</strong></span> <span class='ocrx_word' id='word_1_296' title='bbox 3204 574 3299 628; x_wconf 81' lang='grc' dir='ltr'><strong>καὶ</strong></span> <span class='ocrx_word' id='word_1_297' title='bbox 3327 573 3408 639; x_wconf 90' lang='lat'><strong>16,</strong></span> <span class='ocrx_word' id='word_1_298' title='bbox 3439 578 3523 629; x_wconf 87' lang='grc' dir='ltr'><strong>Οὐ</strong></span> <span class='ocrx_word' id='word_1_299' title='bbox 3555 577 3713 632; x_wconf 77' lang='grc' dir='ltr'>δύνα-</span> 
     </span>
    </p>
   </div>
   <div class='ocr_carea' id='block_1_38' title="bbox 2144 658 3713 732">
    <p class='ocr_par' dir='ltr' id='par_1_38' title="bbox 2144 658 3713 732">
     <span class='ocr_line' id='line_1_38' title="bbox 2144 658 3713 732; baseline 0.01 -22"><span class='ocrx_word' id='word_1_300' title='bbox 2144 675 2253 726; x_wconf 82' lang='grc' dir='ltr'>μαι</span> <span class='ocrx_word' id='word_1_301' title='bbox 2273 658 2388 730; x_wconf 78' lang='grc' dir='ltr'><strong>ἐγὼ</strong></span> <span class='ocrx_word' id='word_1_302' title='bbox 2419 661 2614 715; x_wconf 76' lang='grc' dir='ltr'><em>ποιεῖν</em></span> <span class='ocrx_word' id='word_1_303' title='bbox 2634 661 2735 718; x_wconf 71' lang='grc' dir='ltr'><strong>ἀπ’</strong></span> <span class='ocrx_word' id='word_1_304' title='bbox 2755 663 3018 732; x_wconf 82' lang='grc' dir='ltr'><strong>ἐμαυτοῦ</strong></span> <span class='ocrx_word' id='word_1_305' title='bbox 3050 664 3232 719; x_wconf 79' lang='grc' dir='ltr'><strong>οὐδέν</strong></span> <span class='ocrx_word' id='word_1_306' title='bbox 3253 680 3268 696; x_wconf 84' lang='grc'><strong><em>⁸</em></strong></span> <span class='ocrx_word' id='word_1_307' title='bbox 3383 686 3386 690; x_wconf 93' lang='grc'>·</span> <span class='ocrx_word' id='word_1_308' title='bbox 3411 667 3570 722; x_wconf 73' lang='grc' dir='ltr'><em>ἀλλὰ</em></span> <span class='ocrx_word' id='word_1_309' title='bbox 3591 675 3713 726; x_wconf 80' lang='grc' dir='ltr'><strong>καθ-</strong></span> 
     </span>
    </p>
   </div>
   <div class='ocr_carea' id='block_1_39' title="bbox 2149 747 3713 832">
    <p class='ocr_par' dir='ltr' id='par_1_39' title="bbox 2149 747 3713 832">
     <span class='ocr_line' id='line_1_39' title="bbox 2149 747 3713 832; baseline 0.01 -30"><span class='ocrx_word' id='word_1_310' title='bbox 2149 747 2231 814; x_wconf 85' lang='grc' dir='ltr'>ὼς</span> <span class='ocrx_word' id='word_1_311' title='bbox 2273 751 2490 817; x_wconf 77' lang='grc' dir='ltr'><em>ἀκούω,</em></span> <span class='ocrx_word' id='word_1_312' title='bbox 2525 755 2729 822; x_wconf 81' lang='grc' dir='ltr'><strong>κρίνω·</strong></span> <span class='ocrx_word' id='word_1_313' title='bbox 2767 757 2862 809; x_wconf 72' lang='grc' dir='ltr'><strong>καὶ</strong></span> <span class='ocrx_word' id='word_1_314' title='bbox 2924 757 3025 810; x_wconf 82' lang='grc' dir='ltr'>ὅσα</span> <span class='ocrx_word' id='word_1_315' title='bbox 3054 756 3286 812; x_wconf 83' lang='grc' dir='ltr'>τοιαῦτά</span> <span class='ocrx_word' id='word_1_316' title='bbox 3324 758 3439 812; x_wconf 83' lang='grc' dir='ltr'>ἐστι</span> <span class='ocrx_word' id='word_1_317' title='bbox 3479 761 3632 832; x_wconf 80' lang='grc' dir='ltr'>ῥητὰ,</span> <span class='ocrx_word' id='word_1_318' title='bbox 3662 763 3713 817; x_wconf 75' lang='grc' dir='ltr'><strong>οὐ</strong></span> 
     </span>
    </p>
   </div>
   <div class='ocr_carea' id='block_1_40' title="bbox 2142 840 3714 917">
    <p class='ocr_par' dir='ltr' id='par_1_40' title="bbox 2142 840 3714 917">
     <span class='ocr_line' id='line_1_40' title="bbox 2142 840 3714 917; baseline 0.009 -24"><span class='ocrx_word' id='word_1_319' title='bbox 2142 840 2204 893; x_wconf 89' lang='lat'><strong>16</strong></span> <span class='ocrx_word' id='word_1_320' title='bbox 2237 842 2311 912; x_wconf 82' lang='grc' dir='ltr'>μὴ</span> <span class='ocrx_word' id='word_1_321' title='bbox 2345 844 2638 915; x_wconf 75' lang='grc' dir='ltr'>ἐσχηκέναι</span> <span class='ocrx_word' id='word_1_322' title='bbox 2665 847 2796 900; x_wconf 79' lang='grc' dir='ltr'>ποτὲ</span> <span class='ocrx_word' id='word_1_323' title='bbox 2831 847 2923 902; x_wconf 82' lang='grc' dir='ltr'><strong>τὸν</strong></span> <span class='ocrx_word' id='word_1_324' title='bbox 2948 849 3077 902; x_wconf 76' lang='grc' dir='ltr'><strong>Υἱὸν</strong></span> <span class='ocrx_word' id='word_1_325' title='bbox 3110 849 3287 904; x_wconf 81' lang='grc' dir='ltr'>ταῦτα</span> <span class='ocrx_word' id='word_1_326' title='bbox 3311 851 3570 906; x_wconf 82' lang='grc' dir='ltr'>δείκνυσι.</span> <span class='ocrx_word' id='word_1_327' title='bbox 3605 850 3714 917; x_wconf 83' lang='grc' dir='ltr'><strong>Πῶς</strong></span> 
     </span>
    </p>
   </div>
   <div class='ocr_carea' id='block_1_41' title="bbox 2141 930 3712 1013">
    <p class='ocr_par' dir='ltr' id='par_1_41' title="bbox 2141 930 3712 1013">
     <span class='ocr_line' id='line_1_41' title="bbox 2141 930 3712 1013; baseline 0.008 -29"><span class='ocrx_word' id='word_1_328' title='bbox 2141 930 2252 1002; x_wconf 74' lang='grc' dir='ltr'>γὰρ</span> <span class='ocrx_word' id='word_1_329' title='bbox 2273 932 2310 986; x_wconf 79' lang='grc' dir='ltr'><strong>ἃ</strong></span> <span class='ocrx_word' id='word_1_330' title='bbox 2333 932 2444 1004; x_wconf 79' lang='grc' dir='ltr'><strong>ἔχει</strong></span> <span class='ocrx_word' id='word_1_331' title='bbox 2469 937 2496 987; x_wconf 89' lang='lat'><strong>6</strong></span> <span class='ocrx_word' id='word_1_332' title='bbox 2531 936 2742 1007; x_wconf 79' lang='grc' dir='ltr'>Πατὴρ,</span> <span class='ocrx_word' id='word_1_333' title='bbox 2782 938 2883 990; x_wconf 79' lang='grc' dir='ltr'><strong>οὐκ</strong></span> <span class='ocrx_word' id='word_1_334' title='bbox 2915 934 3060 1009; x_wconf 76' lang='grc' dir='ltr'><strong>εἶχεν</strong></span> <span class='ocrx_word' id='word_1_335' title='bbox 3118 940 3303 1005; x_wconf 81' lang='grc' dir='ltr'>ἀϊδίως</span> <span class='ocrx_word' id='word_1_336' title='bbox 3351 942 3381 994; x_wconf 98' lang='lat'><strong>6</strong></span> <span class='ocrx_word' id='word_1_337' title='bbox 3423 943 3580 1013; x_wconf 88' lang='grc' dir='ltr'>μόνος</span> <span class='ocrx_word' id='word_1_338' title='bbox 3608 946 3712 997; x_wconf 68' lang='grc' dir='ltr'>κατ’</span> 
     </span>
    </p>
   </div>
   <div class='ocr_carea' id='block_1_42' title="bbox 2141 1020 3713 1099">
    <p class='ocr_par' dir='ltr' id='par_1_42' title="bbox 2141 1020 3713 1099">
     <span class='ocr_line' id='line_1_42' title="bbox 2141 1020 3713 1099; baseline 0.009 -27"><span class='ocrx_word' id='word_1_339' title='bbox 2141 1020 2328 1076; x_wconf 79' lang='grc' dir='ltr'>οὐσίαν</span> <span class='ocrx_word' id='word_1_340' title='bbox 2357 1022 2450 1076; x_wconf 79' lang='grc' dir='ltr'>τοῦ</span> <span class='ocrx_word' id='word_1_341' title='bbox 2486 1025 2698 1097; x_wconf 85' lang='grc' dir='ltr'>Πατρὺς</span> <span class='ocrx_word' id='word_1_342' title='bbox 2720 1026 2895 1094; x_wconf 85' lang='grc' dir='ltr'><strong>Λόγος</strong></span> <span class='ocrx_word' id='word_1_343' title='bbox 2924 1029 3020 1082; x_wconf 79' lang='grc' dir='ltr'><strong>καὶ</strong></span> <span class='ocrx_word' id='word_1_344' title='bbox 3041 1029 3232 1099; x_wconf 82' lang='grc' dir='ltr'>Σοφία,</span> <span class='ocrx_word' id='word_1_345' title='bbox 3271 1032 3299 1084; x_wconf 92' lang='lat'><strong>6</strong></span> <span class='ocrx_word' id='word_1_346' title='bbox 3509 1033 3603 1085; x_wconf 73' lang='grc' dir='ltr'><strong>καὶ</strong></span> <span class='ocrx_word' id='word_1_347' title='bbox 3641 1031 3713 1086; x_wconf 81' lang='grc' dir='ltr'><strong>λέ-</strong></span> 
     </span>
    </p>
   </div>
   <div class='ocr_carea' id='block_1_43' title="bbox 2140 1112 3712 1188">
    <p class='ocr_par' dir='ltr' id='par_1_43' title="bbox 2140 1112 3712 1188">
     <span class='ocr_line' id='line_1_43' title="bbox 2140 1112 3712 1188; baseline 0.008 -25"><span class='ocrx_word' id='word_1_348' title='bbox 2140 1127 2253 1180; x_wconf 88' lang='grc' dir='ltr'><strong>γων</strong></span> <span class='ocrx_word' id='word_1_349' title='bbox 2274 1126 2286 1140; x_wconf 83' lang='grc'><em>’</em></span> <span class='ocrx_word' id='word_1_350' title='bbox 2316 1112 2519 1166; x_wconf 80' lang='grc' dir='ltr'><strong>Πάντα</strong></span> <span class='ocrx_word' id='word_1_351' title='bbox 2540 1113 2659 1168; x_wconf 79' lang='grc' dir='ltr'>ὅσα</span> <span class='ocrx_word' id='word_1_352' title='bbox 2685 1115 2812 1184; x_wconf 74' lang='grc' dir='ltr'><strong>ἔχει</strong></span> <span class='ocrx_word' id='word_1_353' title='bbox 2841 1120 2873 1170; x_wconf 86' lang='grc' dir='ltr'><strong>ό</strong></span> <span class='ocrx_word' id='word_1_354' title='bbox 2899 1117 3122 1187; x_wconf 82' lang='grc' dir='ltr'><strong>Πατὴρ,</strong></span> <span class='ocrx_word' id='word_1_355' title='bbox 3158 1120 3270 1188; x_wconf 82' lang='grc' dir='ltr'><strong>ἐμά</strong></span> <span class='ocrx_word' id='word_1_356' title='bbox 3307 1119 3468 1174; x_wconf 84' lang='grc' dir='ltr'><strong>ἐστι’</strong></span> <span class='ocrx_word' id='word_1_357' title='bbox 3499 1121 3613 1186; x_wconf 75' lang='grc' dir='ltr'><strong>καὶ,</strong></span> <span class='ocrx_word' id='word_1_358' title='bbox 3652 1120 3712 1175; x_wconf 75' lang='grc' dir='ltr'><strong>τὰ</strong></span> 
     </span>
    </p>
   </div>
   <div class='ocr_carea' id='block_1_44' title="bbox 2140 1201 3711 1283">
    <p class='ocr_par' dir='ltr' id='par_1_44' title="bbox 2140 1201 3711 1283">
     <span class='ocr_line' id='line_1_44' title="bbox 2140 1201 3711 1283; baseline 0.008 -30"><span class='ocrx_word' id='word_1_359' title='bbox 2140 1201 2247 1272; x_wconf 78' lang='grc' dir='ltr'>ἐμὰ</span> <span class='ocrx_word' id='word_1_360' title='bbox 2275 1203 2368 1256; x_wconf 76' lang='grc' dir='ltr'><strong>τοῦ</strong></span> <span class='ocrx_word' id='word_1_361' title='bbox 2407 1205 2619 1278; x_wconf 77' lang='grc' dir='ltr'>Πατρός</span> <span class='ocrx_word' id='word_1_362' title='bbox 2667 1207 2844 1272; x_wconf 84' lang='grc' dir='ltr'>ὲστιν;</span> <span class='ocrx_word' id='word_1_363' title='bbox 2886 1208 2948 1259; x_wconf 76' lang='grc' dir='ltr'><strong>Εἰ</strong></span> <span class='ocrx_word' id='word_1_364' title='bbox 2977 1211 3084 1279; x_wconf 82' lang='grc' dir='ltr'><strong>γὰρ</strong></span> <span class='ocrx_word' id='word_1_365' title='bbox 3129 1209 3198 1263; x_wconf 73' lang='grc' dir='ltr'><strong>τὰ</strong></span> <span class='ocrx_word' id='word_1_366' title='bbox 3255 1209 3350 1263; x_wconf 79' lang='grc' dir='ltr'>τοῦ</span> <span class='ocrx_word' id='word_1_367' title='bbox 3400 1211 3609 1283; x_wconf 82' lang='grc' dir='ltr'>[ἰατρὸς</span> <span class='ocrx_word' id='word_1_368' title='bbox 3631 1209 3711 1266; x_wconf 80' lang='grc' dir='ltr'><strong>τοῦ</strong></span> 
     </span>
    </p>
   </div>
   <div class='ocr_carea' id='block_1_45' title="bbox 2139 1295 3714 1374">
    <p class='ocr_par' dir='ltr' id='par_1_45' title="bbox 2139 1295 3714 1374">
     <span class='ocr_line' id='line_1_45' title="bbox 2139 1295 3714 1374; baseline 0.007 -27"><span class='ocrx_word' id='word_1_369' title='bbox 2139 1295 2271 1348; x_wconf 75' lang='grc' dir='ltr'><strong>Υιοῦ</strong></span> <span class='ocrx_word' id='word_1_370' title='bbox 2302 1297 2578 1362; x_wconf 82' lang='grc' dir='ltr'><strong>ὲστιν,ὰε“ι</strong></span> <span class='ocrx_word' id='word_1_371' title='bbox 2624 1297 2682 1350; x_wconf 85' lang='grc' dir='ltr'><strong>δὲ</strong></span> <span class='ocrx_word' id='word_1_372' title='bbox 2727 1297 2901 1353; x_wconf 80' lang='grc' dir='ltr'>ταῦτα</span> <span class='ocrx_word' id='word_1_373' title='bbox 2941 1300 3056 1369; x_wconf 74' lang='grc' dir='ltr'><strong>ἔχει</strong></span> <span class='ocrx_word' id='word_1_374' title='bbox 3098 1303 3127 1354; x_wconf 88' lang='lat'><strong>6</strong></span> <span class='ocrx_word' id='word_1_375' title='bbox 3176 1303 3389 1374; x_wconf 82' lang='grc' dir='ltr'>Πατὴρ,</span> <span class='ocrx_word' id='word_1_376' title='bbox 3574 1306 3714 1374; x_wconf 81' lang='grc' dir='ltr'>δῆλον</span> 
     </span>
    </p>
   </div>
   <div class='ocr_carea' id='block_1_46' title="bbox 2137 1387 3712 1466">
    <p class='ocr_par' dir='ltr' id='par_1_46' title="bbox 2137 1387 3712 1466">
     <span class='ocr_line' id='line_1_46' title="bbox 2137 1387 3712 1466; baseline 0.004 -26"><span class='ocrx_word' id='word_1_377' title='bbox 2137 1388 2218 1440; x_wconf 83' lang='grc' dir='ltr'>ὅτι</span> <span class='ocrx_word' id='word_1_378' title='bbox 2251 1387 2287 1441; x_wconf 76' lang='grc' dir='ltr'>ἃ</span> <span class='ocrx_word' id='word_1_379' title='bbox 2320 1387 2434 1457; x_wconf 82' lang='grc' dir='ltr'><strong>εχει</strong></span> <span class='ocrx_word' id='word_1_380' title='bbox 2467 1391 2495 1440; x_wconf 92' lang='lat'><strong>6</strong></span> <span class='ocrx_word' id='word_1_381' title='bbox 2521 1388 2669 1455; x_wconf 73' lang='grc' dir='ltr'><strong>Υἱὸς,</strong></span> <span class='ocrx_word' id='word_1_382' title='bbox 2710 1389 2886 1443; x_wconf 75' lang='grc' dir='ltr'>ταῦτα</span> <span class='ocrx_word' id='word_1_383' title='bbox 2918 1391 3047 1446; x_wconf 74' lang='grc' dir='ltr'>ὄντα</span> <span class='ocrx_word' id='word_1_384' title='bbox 3076 1391 3170 1445; x_wconf 83' lang='grc' dir='ltr'><strong>τοῦ</strong></span> <span class='ocrx_word' id='word_1_385' title='bbox 3202 1393 3438 1466; x_wconf 79' lang='grc' dir='ltr'>ΙΙατρδς,</span> <span class='ocrx_word' id='word_1_386' title='bbox 3459 1393 3546 1448; x_wconf 77' lang='grc' dir='ltr'><strong>ἀεί</strong></span> <span class='ocrx_word' id='word_1_387' title='bbox 3577 1394 3712 1448; x_wconf 78' lang='grc' dir='ltr'>ἐστιν</span> 
     </span>
    </p>
   </div>
   <div class='ocr_carea' id='block_1_47' title="bbox 2136 1477 3713 1552">
    <p class='ocr_par' dir='ltr' id='par_1_47' title="bbox 2136 1477 3713 1552">
     <span class='ocr_line' id='line_1_47' title="bbox 2136 1477 3713 1552; baseline 0.006 -24"><span class='ocrx_word' id='word_1_388' title='bbox 2136 1479 2194 1532; x_wconf 80' lang='grc' dir='ltr'>ὲν</span> <span class='ocrx_word' id='word_1_389' title='bbox 2217 1477 2385 1548; x_wconf 81' lang='grc' dir='ltr'>αὐτῷ.</span> <span class='ocrx_word' id='word_1_390' title='bbox 2421 1480 2495 1531; x_wconf 82' lang='grc' dir='ltr'><strong>Οὐ</strong></span> <span class='ocrx_word' id='word_1_391' title='bbox 2540 1478 2628 1534; x_wconf 84' lang='grc' dir='ltr'>διὰ</span> <span class='ocrx_word' id='word_1_392' title='bbox 2665 1480 2727 1532; x_wconf 89' lang='lat'><strong>16</strong></span> <span class='ocrx_word' id='word_1_393' title='bbox 2763 1481 2838 1552; x_wconf 86' lang='grc' dir='ltr'>μὴ</span> <span class='ocrx_word' id='word_1_394' title='bbox 2887 1482 3180 1552; x_wconf 79' lang='grc' dir='ltr'><strong>ἐσχηκέναι</strong></span> <span class='ocrx_word' id='word_1_395' title='bbox 3229 1482 3324 1538; x_wconf 82' lang='grc' dir='ltr'>οὖν</span> <span class='ocrx_word' id='word_1_396' title='bbox 3372 1501 3502 1541; x_wconf 82' lang='grc' dir='ltr'>ποτε</span> <span class='ocrx_word' id='word_1_397' title='bbox 3552 1484 3713 1538; x_wconf 80' lang='grc' dir='ltr'>ταῦτα</span> 
     </span>
    </p>
   </div>
   <div class='ocr_carea' id='block_1_48' title="bbox 2135 1569 3713 1648">
    <p class='ocr_par' dir='ltr' id='par_1_48' title="bbox 2135 1569 3713 1648">
     <span class='ocr_line' id='line_1_48' title="bbox 2135 1569 3713 1648; baseline 0.006 -27"><span class='ocrx_word' id='word_1_398' title='bbox 2135 1569 2338 1638; x_wconf 75' lang='grc' dir='ltr'><strong>ἔλεγενο</strong></span> <span class='ocrx_word' id='word_1_399' title='bbox 2370 1570 2486 1624; x_wconf 82' lang='grc' dir='ltr'><strong>ἀλλ’</strong></span> <span class='ocrx_word' id='word_1_400' title='bbox 2507 1572 2536 1624; x_wconf 87' lang='grc' dir='ltr'><strong>ὃ</strong></span> <span class='ocrx_word' id='word_1_401' title='bbox 2569 1571 2710 1643; x_wconf 75' lang='grc' dir='ltr'><strong>ἔχων</strong></span> <span class='ocrx_word' id='word_1_402' title='bbox 2737 1573 2922 1638; x_wconf 82' lang='grc' dir='ltr'>ἁῖδίως</span> <span class='ocrx_word' id='word_1_403' title='bbox 2957 1577 2987 1628; x_wconf 90' lang='lat'><strong>6</strong></span> <span class='ocrx_word' id='word_1_404' title='bbox 3010 1574 3140 1639; x_wconf 77' lang='grc' dir='ltr'><strong>Υἱὸς</strong></span> <span class='ocrx_word' id='word_1_405' title='bbox 3179 1573 3216 1630; x_wconf 71' lang='grc' dir='ltr'><strong>ἃ.</strong></span> <span class='ocrx_word' id='word_1_406' title='bbox 3255 1575 3396 1647; x_wconf 76' lang='grc' dir='ltr'><strong>ἔχει,</strong></span> <span class='ocrx_word' id='word_1_407' title='bbox 3572 1576 3713 1648; x_wconf 74' lang='grc' dir='ltr'>παρὰ</span> 
     </span>
    </p>
   </div>
   <div class='ocr_carea' id='block_1_49' title="bbox 2132 1658 2637 1731">
    <p class='ocr_par' dir='ltr' id='par_1_49' title="bbox 2132 1658 2637 1731">
     <span class='ocr_line' id='line_1_49' title="bbox 2132 1658 2637 1731; baseline 0.004 -20"><span class='ocrx_word' id='word_1_408' title='bbox 2132 1658 2227 1711; x_wconf 82' lang='grc' dir='ltr'>τοῦ</span> <span class='ocrx_word' id='word_1_409' title='bbox 2255 1661 2278 1712; x_wconf 85' lang='grc' dir='ltr'><strong><em>ι</em></strong></span> <span class='ocrx_word' id='word_1_410' title='bbox 2283 1660 2470 1731; x_wconf 74' lang='grc' dir='ltr'>ἰατρὸς</span> <span class='ocrx_word' id='word_1_411' title='bbox 2503 1660 2637 1730; x_wconf 75' lang='grc' dir='ltr'><strong>ἔχει.</strong></span> 
     </span>
    </p>
   </div>
   <div class='ocr_carea' id='block_1_50' title="bbox 2358 1753 3715 1828">
    <p class='ocr_par' dir='ltr' id='par_1_50' title="bbox 2358 1753 3715 1828">
     <span class='ocr_line' id='line_1_50' title="bbox 2358 1753 3715 1828; baseline 0.005 -24"><span class='ocrx_word' id='word_1_412' title='bbox 2358 1753 2474 1805; x_wconf 77' lang='grc' dir='ltr'>Ἵνα</span> <span class='ocrx_word' id='word_1_413' title='bbox 2523 1753 2632 1824; x_wconf 86' lang='grc' dir='ltr'><strong>γὰρ</strong></span> <span class='ocrx_word' id='word_1_414' title='bbox 2679 1755 2754 1826; x_wconf 84' lang='grc' dir='ltr'>μή</span> <span class='ocrx_word' id='word_1_415' title='bbox 2797 1772 2901 1822; x_wconf 83' lang='grc' dir='ltr'>τις,</span> <span class='ocrx_word' id='word_1_416' title='bbox 2957 1755 3168 1826; x_wconf 83' lang='grc' dir='ltr'><strong>βλέπων</strong></span> <span class='ocrx_word' id='word_1_417' title='bbox 3213 1757 3306 1812; x_wconf 80' lang='grc' dir='ltr'>τὸν</span> <span class='ocrx_word' id='word_1_418' title='bbox 3358 1757 3486 1812; x_wconf 80' lang='grc' dir='ltr'>Υἱδν</span> <span class='ocrx_word' id='word_1_419' title='bbox 3533 1756 3715 1828; x_wconf 70' lang='grc' dir='ltr'>ἔχοντα</span> 
     </span>
    </p>
   </div>
   <div class='ocr_carea' id='block_1_51' title="bbox 2131 1841 3714 1921">
    <p class='ocr_par' dir='ltr' id='par_1_51' title="bbox 2131 1841 3714 1921">
     <span class='ocr_line' id='line_1_51' title="bbox 2131 1841 3714 1921; baseline 0.005 -25"><span class='ocrx_word' id='word_1_420' title='bbox 2131 1841 2310 1896; x_wconf 81' lang='grc' dir='ltr'>πάντα</span> <span class='ocrx_word' id='word_1_421' title='bbox 2373 1845 2472 1896; x_wconf 79' lang='grc' dir='ltr'>ὅσα</span> <span class='ocrx_word' id='word_1_422' title='bbox 2523 1844 2637 1914; x_wconf 78' lang='grc' dir='ltr'><strong>ἔχει</strong></span> <span class='ocrx_word' id='word_1_423' title='bbox 2687 1847 2716 1896; x_wconf 93' lang='lat'><strong>6</strong></span> <span class='ocrx_word' id='word_1_424' title='bbox 2769 1847 2977 1919; x_wconf 81' lang='grc' dir='ltr'>Πατὴρ,</span> <span class='ocrx_word' id='word_1_425' title='bbox 3020 1851 3085 1902; x_wconf 76' lang='grc' dir='ltr'><strong>ἐκ</strong></span> <span class='ocrx_word' id='word_1_426' title='bbox 3140 1849 3240 1919; x_wconf 75' lang='grc' dir='ltr'><strong>τῆς</strong></span> <span class='ocrx_word' id='word_1_427' title='bbox 3300 1849 3714 1921; x_wconf 79' lang='grc' dir='ltr'>ἀπαραλλάκτου</span> 
     </span>
    </p>
   </div>
   <div class='ocr_carea' id='block_1_52' title="bbox 2130 1933 3717 2012">
    <p class='ocr_par' dir='ltr' id='par_1_52' title="bbox 2130 1933 3717 2012">
     <span class='ocr_line' id='line_1_52' title="bbox 2130 1933 3717 2012; baseline 0.004 -26"><span class='ocrx_word' id='word_1_428' title='bbox 2130 1933 2446 2006; x_wconf 76' lang='grc' dir='ltr'>ὁμοιότητος</span> <span class='ocrx_word' id='word_1_429' title='bbox 2491 1937 2586 1989; x_wconf 77' lang='grc' dir='ltr'><strong>καὶ</strong></span> <span class='ocrx_word' id='word_1_430' title='bbox 2631 1937 2960 2010; x_wconf 82' lang='grc' dir='ltr'>ταυτότητος</span> <span class='ocrx_word' id='word_1_431' title='bbox 3141 1933 3218 1993; x_wconf 82' lang='grc' dir='ltr'>ὧν</span> <span class='ocrx_word' id='word_1_432' title='bbox 3250 1940 3385 2012; x_wconf 78' lang='grc' dir='ltr'><strong>ἔχει,</strong></span> <span class='ocrx_word' id='word_1_433' title='bbox 3429 1939 3717 2010; x_wconf 78' lang='grc' dir='ltr'>πλανηθεὶς</span> 
     </span>
    </p>
   </div>
   <div class='ocr_carea' id='block_1_53' title="bbox 2130 2025 3715 2103">
    <p class='ocr_par' dir='ltr' id='par_1_53' title="bbox 2130 2025 3715 2103">
     <span class='ocr_line' id='line_1_53' title="bbox 2130 2025 3715 2103; baseline 0.005 -23"><span class='ocrx_word' id='word_1_434' title='bbox 2130 2025 2271 2080; x_wconf 79' lang='grc' dir='ltr'>κατὰ</span> <span class='ocrx_word' id='word_1_435' title='bbox 2298 2027 2587 2082; x_wconf 76' lang='grc' dir='ltr'>Σαϐέλλιον</span> <span class='ocrx_word' id='word_1_436' title='bbox 2633 2029 2904 2103; x_wconf 75' lang='grc' dir='ltr'><strong>ἀσεϐήσῃ,</strong></span> <span class='ocrx_word' id='word_1_437' title='bbox 2955 2032 3184 2103; x_wconf 79' lang='grc' dir='ltr'><strong>νομίσας</strong></span> <span class='ocrx_word' id='word_1_438' title='bbox 3231 2031 3394 2086; x_wconf 77' lang='grc' dir='ltr'>αὑτὸν</span> <span class='ocrx_word' id='word_1_439' title='bbox 3453 2028 3592 2087; x_wconf 78' lang='grc' dir='ltr'>εἶναι</span> <span class='ocrx_word' id='word_1_440' title='bbox 3626 2033 3715 2088; x_wconf 62' lang='grc' dir='ltr'><strong>τὸν</strong></span> 
     </span>
    </p>
   </div>
   <div class='ocr_carea' id='block_1_54' title="bbox 2130 2117 3712 2205">
    <p class='ocr_par' dir='ltr' id='par_1_54' title="bbox 2130 2117 3712 2205">
     <span class='ocr_line' id='line_1_54' title="bbox 2130 2117 3712 2205; baseline 0.006 -36"><span class='ocrx_word' id='word_1_441' title='bbox 2130 2117 2370 2190; x_wconf 80' lang='grc' dir='ltr'><strong>Πατέρα·</strong></span> <span class='ocrx_word' id='word_1_442' title='bbox 2410 2118 2501 2171; x_wconf 84' lang='grc' dir='ltr'><strong>διὰ</strong></span> <span class='ocrx_word' id='word_1_443' title='bbox 2517 2117 2675 2172; x_wconf 81' lang='grc' dir='ltr'>τοῦτο</span> <span class='ocrx_word' id='word_1_444' title='bbox 2715 2119 2800 2185; x_wconf 84' lang='lat'><strong>16,</strong></span> <span class='ocrx_word' id='word_1_445' title='bbox 2840 2121 3178 2205; x_wconf 55' lang='grc' dir='ltr'><strong>ὲδόθηεμοι,</strong></span> <span class='ocrx_word' id='word_1_446' title='bbox 3233 2123 3330 2176; x_wconf 74' lang='grc' dir='ltr'><strong>καὶ</strong></span> <span class='ocrx_word' id='word_1_447' title='bbox 3355 2124 3435 2188; x_wconf 89' lang='lat'><strong>16,</strong></span> <span class='ocrx_word' id='word_1_448' title='bbox 3474 2125 3712 2190; x_wconf 70' lang='grc' dir='ltr'><em>ἔλαϐον,</em></span> 
     </span>
    </p>
   </div>
   <div class='ocr_carea' id='block_1_55' title="bbox 2129 2208 3715 2287">
    <p class='ocr_par' dir='ltr' id='par_1_55' title="bbox 2129 2208 3715 2287">
     <span class='ocr_line' id='line_1_55' title="bbox 2129 2208 3715 2287; baseline 0.007 -28"><span class='ocrx_word' id='word_1_449' title='bbox 2129 2209 2224 2260; x_wconf 78' lang='grc' dir='ltr'><strong>καὶ</strong></span> <span class='ocrx_word' id='word_1_450' title='bbox 2255 2208 2337 2272; x_wconf 88' lang='lat'><strong>16,</strong></span> <span class='ocrx_word' id='word_1_451' title='bbox 2373 2209 2675 2279; x_wconf 75' lang='grc' dir='ltr'><strong>παρεδόθη</strong></span> <span class='ocrx_word' id='word_1_452' title='bbox 2840 2229 2967 2281; x_wconf 80' lang='grc' dir='ltr'><strong>μοι,</strong></span> <span class='ocrx_word' id='word_1_453' title='bbox 2999 2215 3218 2284; x_wconf 74' lang='grc' dir='ltr'><strong>εἴρηκεν</strong></span> <span class='ocrx_word' id='word_1_454' title='bbox 3257 2216 3399 2286; x_wconf 82' lang='grc' dir='ltr'><strong>ὑπὲρ</strong></span> <span class='ocrx_word' id='word_1_455' title='bbox 3432 2215 3527 2268; x_wconf 80' lang='grc' dir='ltr'><strong>τοῦ</strong></span> <span class='ocrx_word' id='word_1_456' title='bbox 3557 2217 3715 2287; x_wconf 86' lang='grc' dir='ltr'>μόνον</span> 
     </span>
    </p>
   </div>
   <div class='ocr_carea' id='block_1_56' title="bbox 2128 2297 3713 2380">
    <p class='ocr_par' dir='ltr' id='par_1_56' title="bbox 2128 2297 3713 2380">
     <span class='ocr_line' id='line_1_56' title="bbox 2128 2297 3713 2380; baseline 0.006 -28"><span class='ocrx_word' id='word_1_457' title='bbox 2128 2297 2298 2365; x_wconf 79' lang='grc' dir='ltr'>δεῖξαι</span> <span class='ocrx_word' id='word_1_458' title='bbox 2321 2302 2403 2354; x_wconf 85' lang='grc' dir='ltr'><strong>ὅτι</strong></span> <span class='ocrx_word' id='word_1_459' title='bbox 2424 2301 2526 2355; x_wconf 83' lang='grc' dir='ltr'><strong>οὐκ</strong></span> <span class='ocrx_word' id='word_1_460' title='bbox 2550 2301 2696 2356; x_wconf 77' lang='grc' dir='ltr'>ἐστιν</span> <span class='ocrx_word' id='word_1_461' title='bbox 2719 2303 2882 2367; x_wconf 70' lang='grc' dir='ltr'>αὐτὸς</span> <span class='ocrx_word' id='word_1_462' title='bbox 2909 2307 2938 2360; x_wconf 91' lang='lat'><strong>6</strong></span> <span class='ocrx_word' id='word_1_463' title='bbox 2972 2304 3182 2377; x_wconf 74' lang='grc' dir='ltr'>Πατὴρ,</span> <span class='ocrx_word' id='word_1_464' title='bbox 3212 2306 3350 2360; x_wconf 82' lang='grc' dir='ltr'><strong>ἀλλὰ</strong></span> <span class='ocrx_word' id='word_1_465' title='bbox 3389 2308 3483 2361; x_wconf 79' lang='grc' dir='ltr'><strong>τοῦ</strong></span> <span class='ocrx_word' id='word_1_466' title='bbox 3507 2309 3713 2380; x_wconf 66' lang='grc' dir='ltr'>Πατρός</span> 
     </span>
    </p>
   </div>
   <div class='ocr_carea' id='block_1_57' title="bbox 2128 2391 3716 2472">
    <p class='ocr_par' dir='ltr' id='par_1_57' title="bbox 2128 2391 3716 2472">
     <span class='ocr_line' id='line_1_57' title="bbox 2128 2391 3716 2472; baseline 0.006 -29"><span class='ocrx_word' id='word_1_467' title='bbox 2128 2392 2158 2443; x_wconf 93' lang='lat'><strong>6</strong></span> <span class='ocrx_word' id='word_1_468' title='bbox 2185 2391 2377 2461; x_wconf 83' lang='grc' dir='ltr'><strong>Λόγος,</strong></span> <span class='ocrx_word' id='word_1_469' title='bbox 2402 2393 2494 2446; x_wconf 74' lang='grc' dir='ltr'>καὶ</span> <span class='ocrx_word' id='word_1_470' title='bbox 2539 2397 2568 2448; x_wconf 87' lang='lat'><strong>6</strong></span> <span class='ocrx_word' id='word_1_471' title='bbox 2588 2395 2760 2459; x_wconf 72' lang='grc' dir='ltr'><strong>ἁῖδιος</strong></span> <span class='ocrx_word' id='word_1_472' title='bbox 2773 2395 2901 2459; x_wconf 80' lang='grc' dir='ltr'>Υἱός</span> <span class='ocrx_word' id='word_1_473' title='bbox 2923 2399 3062 2461; x_wconf 82' lang='grc' dir='ltr'>ἐστι,</span> <span class='ocrx_word' id='word_1_474' title='bbox 3095 2398 3185 2452; x_wconf 79' lang='grc' dir='ltr'><strong>διὰ</strong></span> <span class='ocrx_word' id='word_1_475' title='bbox 3213 2399 3310 2468; x_wconf 86' lang='grc' dir='ltr'>μὲν</span> <span class='ocrx_word' id='word_1_476' title='bbox 3337 2400 3437 2470; x_wconf 80' lang='grc' dir='ltr'>τὴν</span> <span class='ocrx_word' id='word_1_477' title='bbox 3466 2400 3716 2472; x_wconf 73' lang='grc' dir='ltr'>ὁμοιότη-</span> 
     </span>
    </p>
   </div>
   <div class='ocr_carea' id='block_1_58' title="bbox 2127 2483 3710 2563">
    <p class='ocr_par' dir='ltr' id='par_1_58' title="bbox 2127 2483 3710 2563">
     <span class='ocr_line' id='line_1_58' title="bbox 2127 2483 3710 2563; baseline 0.006 -28"><span class='ocrx_word' id='word_1_478' title='bbox 2127 2499 2198 2535; x_wconf 89' lang='grc' dir='ltr'><strong>τα</strong></span> <span class='ocrx_word' id='word_1_479' title='bbox 2223 2483 2316 2537; x_wconf 82' lang='grc' dir='ltr'><strong>τοῦ</strong></span> <span class='ocrx_word' id='word_1_480' title='bbox 2354 2486 2568 2557; x_wconf 83' lang='grc' dir='ltr'>Πατρδς</span> <span class='ocrx_word' id='word_1_481' title='bbox 2594 2486 2734 2557; x_wconf 66' lang='grc' dir='ltr'>ἔχων</span> <span class='ocrx_word' id='word_1_482' title='bbox 2765 2487 2952 2552; x_wconf 80' lang='grc' dir='ltr'>ἁῖδίως</span> <span class='ocrx_word' id='word_1_483' title='bbox 2999 2489 3144 2562; x_wconf 72' lang='grc' dir='ltr'>ἅπερ</span> <span class='ocrx_word' id='word_1_484' title='bbox 3183 2489 3294 2561; x_wconf 75' lang='grc' dir='ltr'><strong>ἔχει</strong></span> <span class='ocrx_word' id='word_1_485' title='bbox 3347 2493 3475 2563; x_wconf 82' lang='grc' dir='ltr'>παρ’</span> <span class='ocrx_word' id='word_1_486' title='bbox 3522 2491 3710 2545; x_wconf 75' lang='grc' dir='ltr'>αὐτοῦ·</span> 
     </span>
    </p>
   </div>
   <div class='ocr_carea' id='block_1_59' title="bbox 2127 2573 3715 2654">
    <p class='ocr_par' dir='ltr' id='par_1_59' title="bbox 2127 2573 3715 2654">
     <span class='ocr_line' id='line_1_59' title="bbox 2127 2573 3715 2654; baseline 0.006 -26"><span class='ocrx_word' id='word_1_487' title='bbox 2127 2575 2217 2629; x_wconf 79' lang='grc' dir='ltr'><strong>διὰ</strong></span> <span class='ocrx_word' id='word_1_488' title='bbox 2246 2575 2304 2628; x_wconf 85' lang='lat'><strong>66</strong></span> <span class='ocrx_word' id='word_1_489' title='bbox 2329 2576 2391 2629; x_wconf 88' lang='lat'><strong>16</strong></span> <span class='ocrx_word' id='word_1_490' title='bbox 2414 2573 2554 2632; x_wconf 80' lang='grc' dir='ltr'>εἶναι</span> <span class='ocrx_word' id='word_1_491' title='bbox 2585 2579 2748 2633; x_wconf 71' lang='grc' dir='ltr'>αὑτὸν</span> <span class='ocrx_word' id='word_1_492' title='bbox 2780 2579 2906 2634; x_wconf 64' lang='grc' dir='ltr'>Υὶδν</span> <span class='ocrx_word' id='word_1_493' title='bbox 2942 2615 2960 2642; x_wconf 86' lang='grc'><strong><em>,</em></strong></span> <span class='ocrx_word' id='word_1_494' title='bbox 3111 2583 3176 2635; x_wconf 82' lang='grc' dir='ltr'><strong>ὲκ</strong></span> <span class='ocrx_word' id='word_1_495' title='bbox 3223 2581 3319 2636; x_wconf 83' lang='grc' dir='ltr'><strong>τοῦ</strong></span> <span class='ocrx_word' id='word_1_496' title='bbox 3361 2583 3568 2654; x_wconf 75' lang='grc' dir='ltr'>[ἰατρὸς</span> <span class='ocrx_word' id='word_1_497' title='bbox 3601 2584 3715 2653; x_wconf 71' lang='grc' dir='ltr'><strong>ἔχει</strong></span> 
     </span>
    </p>
   </div>
   <div class='ocr_carea' id='block_1_60' title="bbox 2131 2665 3715 2743">
    <p class='ocr_par' dir='ltr' id='par_1_60' title="bbox 2131 2665 3715 2743">
     <span class='ocr_line' id='line_1_60' title="bbox 2131 2665 3715 2743; baseline 0.004 -25"><span class='ocrx_word' id='word_1_498' title='bbox 2131 2665 2275 2736; x_wconf 78' lang='grc' dir='ltr'>ἅπερ</span> <span class='ocrx_word' id='word_1_499' title='bbox 2301 2667 2487 2732; x_wconf 80' lang='grc' dir='ltr'><strong>ὰῖδίως</strong></span> <span class='ocrx_word' id='word_1_500' title='bbox 2518 2668 2648 2740; x_wconf 75' lang='grc' dir='ltr'><strong>ἔχει.</strong></span> <span class='ocrx_word' id='word_1_501' title='bbox 2671 2670 2795 2724; x_wconf 71' lang='grc' dir='ltr'><strong>Ὅτι</strong></span> <span class='ocrx_word' id='word_1_502' title='bbox 2821 2670 2932 2743; x_wconf 82' lang='grc' dir='ltr'>γὰρ</span> <span class='ocrx_word' id='word_1_503' title='bbox 2960 2674 3042 2734; x_wconf 86' lang='grc' dir='ltr'><strong>τὸ,</strong></span> <span class='ocrx_word' id='word_1_504' title='bbox 3082 2672 3284 2740; x_wconf 81' lang='grc' dir='ltr'><strong>ἐδόθη,</strong></span> <span class='ocrx_word' id='word_1_505' title='bbox 3328 2673 3425 2728; x_wconf 77' lang='grc' dir='ltr'><strong>καὶ</strong></span> <span class='ocrx_word' id='word_1_506' title='bbox 3460 2672 3544 2738; x_wconf 93' lang='lat'><strong>16,</strong></span> <span class='ocrx_word' id='word_1_507' title='bbox 3563 2688 3715 2741; x_wconf 74' lang='grc' dir='ltr'><strong>πφ-</strong></span> 
     </span>
    </p>
   </div>
   <div class='ocr_carea' id='block_1_61' title="bbox 2125 2758 3714 2837">
    <p class='ocr_par' dir='ltr' id='par_1_61' title="bbox 2125 2758 3714 2837">
     <span class='ocr_line' id='line_1_61' title="bbox 2125 2758 3714 2837; baseline 0.004 -26"><span class='ocrx_word' id='word_1_508' title='bbox 2125 2758 2326 2827; x_wconf 80' lang='grc' dir='ltr'>εδόθη,</span> <span class='ocrx_word' id='word_1_509' title='bbox 2361 2761 2455 2813; x_wconf 71' lang='grc' dir='ltr'><strong>καὶ</strong></span> <span class='ocrx_word' id='word_1_510' title='bbox 2493 2761 2561 2814; x_wconf 79' lang='grc' dir='ltr'>τὰ</span> <span class='ocrx_word' id='word_1_511' title='bbox 2597 2762 2762 2832; x_wconf 80' lang='grc' dir='ltr'>ὃμοια</span> <span class='ocrx_word' id='word_1_512' title='bbox 2787 2762 3018 2828; x_wconf 78' lang='grc' dir='ltr'><strong>τούτοις,</strong></span> <span class='ocrx_word' id='word_1_513' title='bbox 3061 2765 3162 2818; x_wconf 79' lang='grc' dir='ltr'><strong>οὐκ</strong></span> <span class='ocrx_word' id='word_1_514' title='bbox 3207 2764 3423 2818; x_wconf 77' lang='grc' dir='ltr'><strong>ἐλαττοῖ</strong></span> <span class='ocrx_word' id='word_1_515' title='bbox 3452 2765 3550 2837; x_wconf 74' lang='grc' dir='ltr'>τὴν</span> <span class='ocrx_word' id='word_1_516' title='bbox 3591 2765 3714 2817; x_wconf 74' lang='lat'><em>066-</em></span> 
     </span>
    </p>
   </div>
   <div class='ocr_carea' id='block_1_62' title="bbox 2125 2851 3720 2929">
    <p class='ocr_par' dir='ltr' id='par_1_62' title="bbox 2125 2851 3720 2929">
     <span class='ocr_line' id='line_1_62' title="bbox 2125 2851 3720 2929; baseline 0.004 -25"><span class='ocrx_word' id='word_1_517' title='bbox 2125 2869 2261 2922; x_wconf 83' lang='grc' dir='ltr'>τητα</span> <span class='ocrx_word' id='word_1_518' title='bbox 2292 2852 2388 2905; x_wconf 82' lang='grc' dir='ltr'><strong>τοῦ</strong></span> <span class='ocrx_word' id='word_1_519' title='bbox 2417 2851 2572 2917; x_wconf 78' lang='grc' dir='ltr'><strong>Υιοῦ,</strong></span> <span class='ocrx_word' id='word_1_520' title='bbox 2591 2852 2728 2908; x_wconf 71' lang='grc' dir='ltr'><strong>ἀλλὰ</strong></span> <span class='ocrx_word' id='word_1_521' title='bbox 2751 2855 2847 2908; x_wconf 76' lang='grc' dir='ltr'><strong>καὶ</strong></span> <span class='ocrx_word' id='word_1_522' title='bbox 2874 2855 3072 2926; x_wconf 79' lang='grc' dir='ltr'>μᾶλλον</span> <span class='ocrx_word' id='word_1_523' title='bbox 3100 2856 3371 2912; x_wconf 80' lang='grc' dir='ltr'>δείκνυσιν</span> <span class='ocrx_word' id='word_1_524' title='bbox 3398 2857 3558 2913; x_wconf 76' lang='grc' dir='ltr'>αὐτὸν</span> <span class='ocrx_word' id='word_1_525' title='bbox 3587 2858 3720 2929; x_wconf 72' lang='grc' dir='ltr'><strong>ἁλη-</strong></span> 
     </span>
    </p>
   </div>
   <div class='ocr_carea' id='block_1_63' title="bbox 2126 2943 3718 3020">
    <p class='ocr_par' dir='ltr' id='par_1_63' title="bbox 2126 2943 3718 3020">
     <span class='ocr_line' id='line_1_63' title="bbox 2126 2943 3718 3020; baseline 0.006 -24"><span class='ocrx_word' id='word_1_526' title='bbox 2126 2943 2236 3007; x_wconf 85' lang='grc' dir='ltr'>θῶς</span> <span class='ocrx_word' id='word_1_527' title='bbox 2261 2943 2411 3009; x_wconf 75' lang='grc' dir='ltr'>Υιδν,</span> <span class='ocrx_word' id='word_1_528' title='bbox 2447 2943 2623 3008; x_wconf 79' lang='grc' dir='ltr'><strong>ἔξεστι</strong></span> <span class='ocrx_word' id='word_1_529' title='bbox 2651 2944 2748 2999; x_wconf 77' lang='grc' dir='ltr'><strong>καὶ</strong></span> <span class='ocrx_word' id='word_1_530' title='bbox 2788 2947 2884 3002; x_wconf 74' lang='grc' dir='ltr'><strong>ἀπ’</strong></span> <span class='ocrx_word' id='word_1_531' title='bbox 2910 2947 3089 3000; x_wconf 82' lang='grc' dir='ltr'>αὐτῶν</span> <span class='ocrx_word' id='word_1_532' title='bbox 3121 2947 3230 3002; x_wconf 84' lang='grc' dir='ltr'><strong>τῶν</strong></span> <span class='ocrx_word' id='word_1_533' title='bbox 3257 2948 3436 3020; x_wconf 74' lang='grc' dir='ltr'>ῥητῶν</span> <span class='ocrx_word' id='word_1_534' title='bbox 3611 2967 3718 3005; x_wconf 82' lang='grc' dir='ltr'><strong>κα-</strong></span> 
     </span>
    </p>
   </div>
   <div class='ocr_carea' id='block_1_64' title="bbox 2125 3033 3716 3112">
    <p class='ocr_par' dir='ltr' id='par_1_64' title="bbox 2125 3033 3716 3112">
     <span class='ocr_line' id='line_1_64' title="bbox 2125 3033 3716 3112; baseline 0.006 -27"><span class='ocrx_word' id='word_1_535' title='bbox 2125 3033 2410 3105; x_wconf 81' lang='grc' dir='ltr'>ταμαθεῖν.</span> <span class='ocrx_word' id='word_1_536' title='bbox 2445 3035 2506 3088; x_wconf 84' lang='lat' dir='ltr'><strong>El</strong></span> <span class='ocrx_word' id='word_1_537' title='bbox 2535 3035 2645 3108; x_wconf 84' lang='grc' dir='ltr'><strong>γὰρ</strong></span> <span class='ocrx_word' id='word_1_538' title='bbox 2672 3037 2852 3092; x_wconf 76' lang='grc' dir='ltr'>πάντα</span> <span class='ocrx_word' id='word_1_539' title='bbox 2873 3039 3022 3110; x_wconf 84' lang='grc' dir='ltr'>αὐτῷ</span> <span class='ocrx_word' id='word_1_540' title='bbox 3048 3039 3342 3111; x_wconf 72' lang='grc' dir='ltr'>παρεδόθηο</span> <span class='ocrx_word' id='word_1_541' title='bbox 3370 3041 3584 3110; x_wconf 82' lang='grc' dir='ltr'>πρῶτον</span> <span class='ocrx_word' id='word_1_542' title='bbox 3613 3043 3716 3112; x_wconf 74' lang='grc' dir='ltr'>μὲν</span> 
     </span>
    </p>
   </div>
   <div class='ocr_carea' id='block_1_65' title="bbox 2125 3125 3714 3202">
    <p class='ocr_par' dir='ltr' id='par_1_65' title="bbox 2125 3125 3714 3202">
     <span class='ocr_line' id='line_1_65' title="bbox 2125 3125 3714 3202; baseline 0.004 -22"><span class='ocrx_word' id='word_1_543' title='bbox 2125 3127 2282 3190; x_wconf 71' lang='grc' dir='ltr'>ἄλλος</span> <span class='ocrx_word' id='word_1_544' title='bbox 2303 3126 2421 3179; x_wconf 72' lang='grc' dir='ltr'>ἐστὶ</span> <span class='ocrx_word' id='word_1_545' title='bbox 2451 3127 2562 3181; x_wconf 85' lang='grc' dir='ltr'>τῶν</span> <span class='ocrx_word' id='word_1_546' title='bbox 2592 3129 2832 3194; x_wconf 81' lang='grc' dir='ltr'>πάντων,</span> <span class='ocrx_word' id='word_1_547' title='bbox 2862 3125 2938 3184; x_wconf 81' lang='grc' dir='ltr'>ὧν</span> <span class='ocrx_word' id='word_1_548' title='bbox 2977 3130 3300 3202; x_wconf 76' lang='grc' dir='ltr'><strong>παρέλαϐεν·</strong></span> <span class='ocrx_word' id='word_1_549' title='bbox 3339 3133 3547 3196; x_wconf 76' lang='grc' dir='ltr'><strong>ἔπειτα,</strong></span> <span class='ocrx_word' id='word_1_550' title='bbox 3569 3135 3714 3186; x_wconf 77' lang='grc' dir='ltr'><strong>πάν-</strong></span> 
     </span>
    </p>
   </div>
   <div class='ocr_carea' id='block_1_66' title="bbox 433 3194 2019 3284">
    <p class='ocr_par' dir='ltr' id='par_1_66' title="bbox 433 3194 2019 3284">
     <span class='ocr_line' id='line_1_66' title="bbox 433 3194 2019 3284; baseline 0.003 -15"><span class='ocrx_word' id='word_1_551' title='bbox 433 3213 689 3283; x_wconf 81' lang='lat' dir='ltr'><strong>sequitur</strong></span> <span class='ocrx_word' id='word_1_552' title='bbox 730 3225 858 3266; x_wconf 88' lang='lat' dir='ltr'><strong>eum</strong></span> <span class='ocrx_word' id='word_1_553' title='bbox 912 3211 1079 3265; x_wconf 87' lang='lat' dir='ltr'><strong>alium</strong></span> <span class='ocrx_word' id='word_1_554' title='bbox 1115 3225 1241 3267; x_wconf 89' lang='lat' dir='ltr'><strong>esse</strong></span> <span class='ocrx_word' id='word_1_555' title='bbox 1285 3212 1355 3264; x_wconf 84' lang='lat' dir='ltr'><strong>ab</strong></span> <span class='ocrx_word' id='word_1_556' title='bbox 1403 3212 1664 3269; x_wconf 86' lang='lat' dir='ltr'><strong>omnibus</strong></span> <span class='ocrx_word' id='word_1_557' title='bbox 1697 3194 1820 3284; x_wconf 72' lang='lat' dir='ltr'><strong>qua:</strong></span> <span class='ocrx_word' id='word_1_558' title='bbox 1871 3232 2019 3274; x_wconf 87' lang='lat' dir='ltr'><strong>acce-</strong></span> 
     </span>
    </p>
   </div>
   <div class='ocr_carea' id='block_1_67' title="bbox 2127 3194 3712 3284">
    <p class='ocr_par' dir='ltr' id='par_1_67' title="bbox 2127 3194 3712 3284">
     <span class='ocr_line' id='line_1_67' title="bbox 2127 3194 3712 3284; baseline -0.002 -13"><span class='ocrx_word' id='word_1_559' title='bbox 2127 3233 2219 3271; x_wconf 65' lang='grc' dir='ltr'><strong>ξων</strong></span> <span class='ocrx_word' id='word_1_560' title='bbox 2257 3214 2335 3268; x_wconf 80' lang='grc' dir='ltr'>ὢν</span> <span class='ocrx_word' id='word_1_561' title='bbox 2389 3214 2752 3284; x_wconf 83' lang='grc' dir='ltr'><strong>κληρονόμος,</strong></span> <span class='ocrx_word' id='word_1_562' title='bbox 2811 3214 2972 3283; x_wconf 81' lang='grc' dir='ltr'><strong>μόνος</strong></span> <span class='ocrx_word' id='word_1_563' title='bbox 3017 3194 3070 3269; x_wconf 44' lang='lat'><em>6&#39;</em></span> <span class='ocrx_word' id='word_1_564' title='bbox 3092 3215 3214 3279; x_wconf 75' lang='grc' dir='ltr'>Υἱός</span> <span class='ocrx_word' id='word_1_565' title='bbox 3249 3218 3366 3268; x_wconf 78' lang='grc' dir='ltr'>ἐστι</span> <span class='ocrx_word' id='word_1_566' title='bbox 3419 3194 3544 3268; x_wconf 27' lang='grc' dir='ltr'><strong>καὶ-</strong></span> <span class='ocrx_word' id='word_1_567' title='bbox 3574 3215 3712 3278; x_wconf 64' lang='lat' dir='ltr'><strong>trito;</strong></span> 
     </span>
    </p>
   </div>
   <div class='ocr_carea' id='block_1_68' title="bbox 435 3303 2019 3379">
    <p class='ocr_par' dir='ltr' id='par_1_68' title="bbox 435 3305 2019 3378">
     <span class='ocr_line' id='line_1_68' title="bbox 435 3305 2019 3378; baseline 0.006 -22"><span class='ocrx_word' id='word_1_568' title='bbox 435 3310 532 3378; x_wconf 76' lang='lat' dir='ltr'><strong>pit.</strong></span> <span class='ocrx_word' id='word_1_569' title='bbox 571 3307 800 3371; x_wconf 86' lang='lat' dir='ltr'><strong>Deinde,</strong></span> <span class='ocrx_word' id='word_1_570' title='bbox 851 3320 977 3360; x_wconf 91' lang='lat' dir='ltr'><strong>cum</strong></span> <span class='ocrx_word' id='word_1_571' title='bbox 1026 3305 1275 3360; x_wconf 88' lang='lat' dir='ltr'><strong>omnium</strong></span> <span class='ocrx_word' id='word_1_572' title='bbox 1314 3307 1387 3362; x_wconf 90' lang='lat' dir='ltr'><strong>sit</strong></span> <span class='ocrx_word' id='word_1_573' title='bbox 1441 3307 1634 3369; x_wconf 67' lang='lat' dir='ltr'><strong>haeres,</strong></span> <span class='ocrx_word' id='word_1_574' title='bbox 1685 3316 1839 3362; x_wconf 89' lang='lat' dir='ltr'><strong>certe</strong></span> <span class='ocrx_word' id='word_1_575' title='bbox 1875 3309 2019 3366; x_wconf 77' lang='lat' dir='ltr'><strong>solus</strong></span> 
     </span>
    </p>
   </div>
   <div class='ocr_carea' id='block_1_69' title="bbox 2127 3303 3708 3379">
    <p class='ocr_par' dir='ltr' id='par_1_69' title="bbox 2127 3303 3708 3379">
     <span class='ocr_line' id='line_1_69' title="bbox 2127 3303 3708 3379; baseline -0.003 -17"><span class='ocrx_word' id='word_1_576' title='bbox 2127 3309 2231 3362; x_wconf 81' lang='grc' dir='ltr'>ιατ’</span> <span class='ocrx_word' id='word_1_577' title='bbox 2292 3309 2484 3362; x_wconf 77' lang='grc' dir='ltr'>οὐσίαν</span> <span class='ocrx_word' id='word_1_578' title='bbox 2522 3308 2614 3360; x_wconf 79' lang='grc' dir='ltr'><strong>τοῦ</strong></span> <span class='ocrx_word' id='word_1_579' title='bbox 2649 3307 2884 3378; x_wconf 79' lang='grc' dir='ltr'>Πατρός.</span> <span class='ocrx_word' id='word_1_580' title='bbox 2919 3307 2983 3360; x_wconf 77' lang='lat' dir='ltr'><strong>El</strong></span> <span class='ocrx_word' id='word_1_581' title='bbox 3043 3311 3153 3379; x_wconf 77' lang='grc' dir='ltr'>γὰρ</span> <span class='ocrx_word' id='word_1_582' title='bbox 3179 3305 3259 3370; x_wconf 78' lang='lat' dir='ltr'><strong>si;</strong></span> <span class='ocrx_word' id='word_1_583' title='bbox 3300 3303 3368 3378; x_wconf 79' lang='grc' dir='ltr'>ἦν</span> <span class='ocrx_word' id='word_1_584' title='bbox 3411 3307 3518 3360; x_wconf 85' lang='grc' dir='ltr'><strong>τῶν</strong></span> <span class='ocrx_word' id='word_1_585' title='bbox 3555 3308 3708 3360; x_wconf 77' lang='grc' dir='ltr'>πάν-</span> 
     </span>
    </p>
   </div>
   <div class='ocr_carea' id='block_1_70' title="bbox 436 3395 2019 3472">
    <p class='ocr_par' dir='ltr' id='par_1_70' title="bbox 436 3395 2019 3470">
     <span class='ocr_line' id='line_1_70' title="bbox 436 3395 2019 3470; baseline 0.002 -17"><span class='ocrx_word' id='word_1_586' title='bbox 436 3403 550 3470; x_wconf 84' lang='lat' dir='ltr'><strong>ipse</strong></span> <span class='ocrx_word' id='word_1_587' title='bbox 585 3413 808 3470; x_wconf 89' lang='lat' dir='ltr'><strong>quoque</strong></span> <span class='ocrx_word' id='word_1_588' title='bbox 877 3395 1049 3453; x_wconf 86' lang='lat' dir='ltr'><strong>Filius</strong></span> <span class='ocrx_word' id='word_1_589' title='bbox 1095 3406 1151 3452; x_wconf 82' lang='lat' dir='ltr'><strong>et</strong></span> <span class='ocrx_word' id='word_1_590' title='bbox 1185 3398 1440 3468; x_wconf 81' lang='lat' dir='ltr'><strong>proprius</strong></span> <span class='ocrx_word' id='word_1_591' title='bbox 1488 3407 1572 3453; x_wconf 89' lang='lat' dir='ltr'><strong>est</strong></span> <span class='ocrx_word' id='word_1_592' title='bbox 1623 3397 1802 3454; x_wconf 79' lang='lat' dir='ltr'><strong>Patris</strong></span> <span class='ocrx_word' id='word_1_593' title='bbox 1841 3414 2019 3456; x_wconf 69' lang='lat' dir='ltr'><strong>secuti</strong></span> 
     </span>
    </p>
   </div>
   <div class='ocr_carea' id='block_1_71' title="bbox 2127 3395 3715 3472">
    <p class='ocr_par' dir='ltr' id='par_1_71' title="bbox 2127 3397 3715 3472">
     <span class='ocr_line' id='line_1_71' title="bbox 2127 3397 3715 3472; baseline -0.003 -16"><span class='ocrx_word' id='word_1_594' title='bbox 2127 3419 2242 3468; x_wconf 73' lang='lat' dir='ltr'><strong>raw,</strong></span> <span class='ocrx_word' id='word_1_595' title='bbox 2291 3401 2355 3455; x_wconf 79' lang='grc' dir='ltr'><strong>οὐ</strong></span> <span class='ocrx_word' id='word_1_596' title='bbox 2407 3400 2629 3455; x_wconf 82' lang='grc' dir='ltr'>πάντων</span> <span class='ocrx_word' id='word_1_597' title='bbox 2685 3397 2754 3472; x_wconf 78' lang='grc' dir='ltr'>ἦν</span> <span class='ocrx_word' id='word_1_598' title='bbox 2819 3400 2984 3464; x_wconf 78' lang='grc' dir='ltr'>αὐτὸς</span> <span class='ocrx_word' id='word_1_599' title='bbox 3041 3399 3403 3472; x_wconf 77' lang='grc' dir='ltr'><strong>κληρονόμος.</strong></span> <span class='ocrx_word' id='word_1_600' title='bbox 3454 3399 3571 3452; x_wconf 78' lang='grc' dir='ltr'><strong>Νῦν</strong></span> <span class='ocrx_word' id='word_1_601' title='bbox 3625 3399 3715 3464; x_wconf 81' lang='lat'><strong>66,</strong></span> 
     </span>
    </p>
   </div>
   <div class='ocr_carea' id='block_1_72' title="bbox 437 3489 2019 3564">
    <p class='ocr_par' dir='ltr' id='par_1_72' title="bbox 437 3489 2019 3558">
     <span class='ocr_line' id='line_1_72' title="bbox 437 3489 2019 3558; baseline 0.001 -14"><span class='ocrx_word' id='word_1_602' title='bbox 437 3493 566 3544; x_wconf 86' lang='lat' dir='ltr'><strong>dum</strong></span> <span class='ocrx_word' id='word_1_603' title='bbox 620 3499 896 3546; x_wconf 87' lang='lat' dir='ltr'><strong>naturam.</strong></span> <span class='ocrx_word' id='word_1_604' title='bbox 936 3489 993 3544; x_wconf 85' lang='lat' dir='ltr'><strong>Si</strong></span> <span class='ocrx_word' id='word_1_605' title='bbox 1044 3489 1192 3543; x_wconf 88' lang='lat' dir='ltr'><strong>enim</strong></span> <span class='ocrx_word' id='word_1_606' title='bbox 1229 3505 1258 3543; x_wconf 92' lang='lat' dir='ltr'><strong>c</strong></span> <span class='ocrx_word' id='word_1_607' title='bbox 1306 3504 1532 3543; x_wconf 82' lang='lat' dir='ltr'><strong>numero</strong></span> <span class='ocrx_word' id='word_1_608' title='bbox 1563 3491 1810 3544; x_wconf 87' lang='lat' dir='ltr'><strong>omnium</strong></span> <span class='ocrx_word' id='word_1_609' title='bbox 1861 3503 2019 3558; x_wconf 79' lang='lat' dir='ltr'><strong>essetl</strong></span> 
     </span>
    </p>
   </div>
   <div class='ocr_carea' id='block_1_73' title="bbox 2127 3489 3722 3564">
    <p class='ocr_par' dir='ltr' id='par_1_73' title="bbox 2127 3491 3722 3564">
     <span class='ocr_line' id='line_1_73' title="bbox 2127 3491 3722 3564; baseline -0.002 -18"><span class='ocrx_word' id='word_1_610' title='bbox 2127 3493 2299 3550; x_wconf 70' lang='grc' dir='ltr'>πάντα</span> <span class='ocrx_word' id='word_1_611' title='bbox 2329 3492 2627 3564; x_wconf 74' lang='grc' dir='ltr'>λαμὸἀνων</span> <span class='ocrx_word' id='word_1_612' title='bbox 2651 3492 2840 3558; x_wconf 81' lang='grc' dir='ltr'>αὐτὸς,</span> <span class='ocrx_word' id='word_1_613' title='bbox 2870 3491 3032 3556; x_wconf 74' lang='grc' dir='ltr'><strong>ἄλλος</strong></span> <span class='ocrx_word' id='word_1_614' title='bbox 3075 3493 3197 3544; x_wconf 70' lang='grc' dir='ltr'>ἐστὶ</span> <span class='ocrx_word' id='word_1_615' title='bbox 3227 3493 3334 3545; x_wconf 88' lang='grc' dir='ltr'>τῶν</span> <span class='ocrx_word' id='word_1_616' title='bbox 3362 3491 3582 3546; x_wconf 78' lang='grc' dir='ltr'>πάντων</span> <span class='ocrx_word' id='word_1_617' title='bbox 3613 3491 3722 3543; x_wconf 67' lang='grc' dir='ltr'><strong>καὶ</strong></span> 
     </span>
    </p>
   </div>
   <div class='ocr_carea' id='block_1_74' title="bbox 438 3579 2019 3653">
    <p class='ocr_par' dir='ltr' id='par_1_74' title="bbox 438 3579 2019 3652">
     <span class='ocr_line' id='line_1_74' title="bbox 438 3579 2019 3652; baseline 0.001 -16"><span class='ocrx_word' id='word_1_618' title='bbox 438 3599 544 3636; x_wconf 86' lang='lat' dir='ltr'><strong>non</strong></span> <span class='ocrx_word' id='word_1_619' title='bbox 601 3582 846 3637; x_wconf 88' lang='lat' dir='ltr'><strong>omnium</strong></span> <span class='ocrx_word' id='word_1_620' title='bbox 918 3579 1162 3650; x_wconf 81' lang='lat' dir='ltr'><strong>profecto</strong></span> <span class='ocrx_word' id='word_1_621' title='bbox 1218 3591 1366 3635; x_wconf 86' lang='lat' dir='ltr'><strong>esset</strong></span> <span class='ocrx_word' id='word_1_622' title='bbox 1434 3583 1625 3636; x_wconf 74' lang='lat' dir='ltr'><strong>Ineres.</strong></span> <span class='ocrx_word' id='word_1_623' title='bbox 1684 3581 2019 3652; x_wconf 79' lang='lat' dir='ltr'><strong>Quapmptet</strong></span> 
     </span>
    </p>
   </div>
   <div class='ocr_carea' id='block_1_75' title="bbox 2127 3579 3724 3653">
    <p class='ocr_par' dir='ltr' id='par_1_75' title="bbox 2127 3580 3724 3653">
     <span class='ocr_line' id='line_1_75' title="bbox 2127 3580 3724 3653; baseline -0.001 -18"><span class='ocrx_word' id='word_1_624' title='bbox 2127 3583 2278 3653; x_wconf 79' lang='grc' dir='ltr'>μόνος</span> <span class='ocrx_word' id='word_1_625' title='bbox 2333 3582 2465 3646; x_wconf 77' lang='grc' dir='ltr'>ῐδιος</span> <span class='ocrx_word' id='word_1_626' title='bbox 2485 3583 2578 3636; x_wconf 80' lang='grc' dir='ltr'><strong>τοῦ</strong></span> <span class='ocrx_word' id='word_1_627' title='bbox 2605 3584 2840 3652; x_wconf 79' lang='grc' dir='ltr'>Πατρός.</span> <span class='ocrx_word' id='word_1_628' title='bbox 2869 3582 2993 3635; x_wconf 84' lang='grc' dir='ltr'>Ὀτι</span> <span class='ocrx_word' id='word_1_629' title='bbox 3019 3582 3078 3634; x_wconf 79' lang='lat'><strong>66</strong></span> <span class='ocrx_word' id='word_1_630' title='bbox 3102 3581 3262 3634; x_wconf 81' lang='grc' dir='ltr'>πάλιν</span> <span class='ocrx_word' id='word_1_631' title='bbox 3285 3582 3362 3645; x_wconf 84' lang='lat'><strong>16,</strong></span> <span class='ocrx_word' id='word_1_632' title='bbox 3391 3580 3593 3644; x_wconf 81' lang='grc' dir='ltr'><strong>ἐδόθη,</strong></span> <span class='ocrx_word' id='word_1_633' title='bbox 3616 3590 3724 3634; x_wconf 70' lang='grc' dir='ltr'><strong>καὶ</strong></span> 
     </span>
    </p>
   </div>
   <div class='ocr_carea' id='block_1_76' title="bbox 437 3667 2009 3739">
    <p class='ocr_par' dir='ltr' id='par_1_76' title="bbox 437 3667 2009 3739">
     <span class='ocr_line' id='line_1_76' title="bbox 437 3667 2009 3739; baseline 0.007 -23"><span class='ocrx_word' id='word_1_634' title='bbox 437 3679 560 3718; x_wconf 85' lang='lat' dir='ltr'><strong>cum</strong></span> <span class='ocrx_word' id='word_1_635' title='bbox 596 3667 776 3720; x_wconf 89' lang='lat' dir='ltr'><strong>omnia</strong></span> <span class='ocrx_word' id='word_1_636' title='bbox 810 3667 925 3736; x_wconf 88' lang='lat' dir='ltr'><strong>ipse</strong></span> <span class='ocrx_word' id='word_1_637' title='bbox 957 3668 1208 3737; x_wconf 85' lang='lat' dir='ltr'><strong>accipiat,</strong></span> <span class='ocrx_word' id='word_1_638' title='bbox 1242 3669 1389 3724; x_wconf 82' lang='lat' dir='ltr'><strong>alius</strong></span> <span class='ocrx_word' id='word_1_639' title='bbox 1421 3670 1606 3739; x_wconf 84' lang='lat' dir='ltr'><strong>utique</strong></span> <span class='ocrx_word' id='word_1_640' title='bbox 1639 3680 1722 3725; x_wconf 86' lang='lat' dir='ltr'><strong>est</strong></span> <span class='ocrx_word' id='word_1_641' title='bbox 1743 3671 1810 3726; x_wconf 89' lang='lat' dir='ltr'><strong>ab</strong></span> <span class='ocrx_word' id='word_1_642' title='bbox 1831 3671 2009 3726; x_wconf 87' lang='lat' dir='ltr'><strong>omni-</strong></span> 
     </span>
    </p>
   </div>
   <div class='ocr_carea' id='block_1_77' title="bbox 437 3754 2006 3829">
    <p class='ocr_par' dir='ltr' id='par_1_77' title="bbox 437 3754 2006 3829">
     <span class='ocr_line' id='line_1_77' title="bbox 437 3754 2006 3829; baseline 0.007 -21"><span class='ocrx_word' id='word_1_643' title='bbox 437 3754 535 3808; x_wconf 61' lang='lat' dir='ltr'><strong>bus</strong></span> <span class='ocrx_word' id='word_1_644' title='bbox 558 3799 572 3822; x_wconf 92' lang='lat'><strong>,</strong></span> <span class='ocrx_word' id='word_1_645' title='bbox 621 3756 880 3826; x_wconf 81' lang='lat' dir='ltr'><strong>solusque</strong></span> <span class='ocrx_word' id='word_1_646' title='bbox 927 3767 1010 3813; x_wconf 89' lang='lat' dir='ltr'><strong>est</strong></span> <span class='ocrx_word' id='word_1_647' title='bbox 1055 3759 1305 3829; x_wconf 88' lang='lat' dir='ltr'><strong>proprius</strong></span> <span class='ocrx_word' id='word_1_648' title='bbox 1338 3759 1536 3816; x_wconf 90' lang='lat' dir='ltr'><strong>Patris.</strong></span> <span class='ocrx_word' id='word_1_649' title='bbox 1572 3761 1725 3827; x_wconf 84' lang='lat' dir='ltr'><strong>Quod</strong></span> <span class='ocrx_word' id='word_1_650' title='bbox 1760 3777 1893 3818; x_wconf 70' lang='lat' dir='ltr'><strong>vero</strong></span> <span class='ocrx_word' id='word_1_651' title='bbox 1923 3765 2006 3819; x_wconf 84' lang='lat' dir='ltr'><strong>his</strong></span> 
     </span>
    </p>
   </div>
   <div class='ocr_carea' id='block_1_78' title="bbox 433 3847 2008 3923">
    <p class='ocr_par' dir='ltr' id='par_1_78' title="bbox 433 3847 2008 3923">
     <span class='ocr_line' id='line_1_78' title="bbox 433 3847 2008 3923; baseline 0.006 -23"><span class='ocrx_word' id='word_1_652' title='bbox 433 3847 613 3901; x_wconf 84' lang='lat' dir='ltr'><strong>verbis</strong></span> <span class='ocrx_word' id='word_1_653' title='bbox 629 3848 756 3901; x_wconf 83' lang='lat' dir='ltr'><strong>data</strong></span> <span class='ocrx_word' id='word_1_654' title='bbox 783 3857 966 3915; x_wconf 76' lang='lat' dir='ltr'><strong>est,et,</strong></span> <span class='ocrx_word' id='word_1_655' title='bbox 989 3851 1187 3904; x_wconf 79' lang='lat' dir='ltr'><strong>tradita</strong></span> <span class='ocrx_word' id='word_1_656' title='bbox 1205 3861 1361 3914; x_wconf 80' lang='lat' dir='ltr'><strong>-sunt,</strong></span> <span class='ocrx_word' id='word_1_657' title='bbox 1392 3868 1498 3905; x_wconf 89' lang='lat' dir='ltr'><strong>non</strong></span> <span class='ocrx_word' id='word_1_658' title='bbox 1529 3854 2008 3923; x_wconf 81' lang='lat' dir='ltr'><strong>signiﬁcetureum</strong></span> 
     </span>
    </p>
   </div>
   <div class='ocr_carea' id='block_1_79' title="bbox 435 3939 2006 4014">
    <p class='ocr_par' dir='ltr' id='par_1_79' title="bbox 435 3939 2006 4014">
     <span class='ocr_line' id='line_1_79' title="bbox 435 3939 2006 4014; baseline 0.007 -23"><span class='ocrx_word' id='word_1_659' title='bbox 435 3939 520 3992; x_wconf 88' lang='lat' dir='ltr'><strong>his</strong></span> <span class='ocrx_word' id='word_1_660' title='bbox 550 3939 844 4008; x_wconf 82' lang='lat' dir='ltr'><strong>aliquando</strong></span> <span class='ocrx_word' id='word_1_661' title='bbox 866 3941 1128 4007; x_wconf 80' lang='lat' dir='ltr'><strong>caruisse,</strong></span> <span class='ocrx_word' id='word_1_662' title='bbox 1151 3957 1218 3996; x_wconf 82' lang='lat' dir='ltr'><strong>ex</strong></span> <span class='ocrx_word' id='word_1_663' title='bbox 1242 3943 1405 3996; x_wconf 82' lang='lat' dir='ltr'><strong>simili</strong></span> <span class='ocrx_word' id='word_1_664' title='bbox 1425 3944 1547 3998; x_wconf 90' lang='lat' dir='ltr'><strong>loco</strong></span> <span class='ocrx_word' id='word_1_665' title='bbox 1563 3946 2006 4014; x_wconf 39' lang='lat' dir='ltr'><strong>perspiceretcaa-</strong></span> 
     </span>
    </p>
   </div>
   <div class='ocr_carea' id='block_1_80' title="bbox 433 4033 2006 4106">
    <p class='ocr_par' dir='ltr' id='par_1_80' title="bbox 433 4033 2006 4106">
     <span class='ocr_line' id='line_1_80' title="bbox 433 4033 2006 4106; baseline 0.005 -22"><span class='ocrx_word' id='word_1_666' title='bbox 433 4043 654 4102; x_wconf 72' lang='lat' dir='ltr'><strong>turaque</strong></span> <span class='ocrx_word' id='word_1_667' title='bbox 688 4034 812 4086; x_wconf 89' lang='lat' dir='ltr'><strong>inde</strong></span> <span class='ocrx_word' id='word_1_668' title='bbox 844 4033 968 4086; x_wconf 89' lang='lat' dir='ltr'><strong>licet</strong></span> <span class='ocrx_word' id='word_1_669' title='bbox 999 4034 1321 4103; x_wconf 77' lang='lat' dir='ltr'><strong>intelligere.</strong></span> <span class='ocrx_word' id='word_1_670' title='bbox 1546 4036 1637 4090; x_wconf 80' lang='lat' dir='ltr'><strong>Ait</strong></span> <span class='ocrx_word' id='word_1_671' title='bbox 1663 4053 1856 4106; x_wconf 84' lang='lat' dir='ltr'><strong>nempe</strong></span> <span class='ocrx_word' id='word_1_672' title='bbox 1883 4037 2006 4092; x_wconf 84' lang='lat' dir='ltr'><strong>Sal-</strong></span> 
     </span>
    </p>
   </div>
   <div class='ocr_carea' id='block_1_81' title="bbox 430 4125 2006 4201">
    <p class='ocr_par' dir='ltr' id='par_1_81' title="bbox 430 4125 2006 4201">
     <span class='ocr_line' id='line_1_81' title="bbox 430 4125 2006 4201; baseline 0.006 -24"><span class='ocrx_word' id='word_1_673' title='bbox 430 4135 582 4179; x_wconf 83' lang='lat' dir='ltr'><strong>vator</strong></span> <span class='ocrx_word' id='word_1_674' title='bbox 606 4127 719 4194; x_wconf 89' lang='lat' dir='ltr'><strong>ipse</strong></span> <span class='ocrx_word' id='word_1_675' title='bbox 744 4145 756 4180; x_wconf 94' lang='lat'>:</span> <span class='ocrx_word' id='word_1_676' title='bbox 789 4125 936 4181; x_wconf 86' lang='lat' dir='ltr'><strong>Sicut</strong></span> <span class='ocrx_word' id='word_1_677' title='bbox 968 4127 1126 4181; x_wconf 81' lang='lat' dir='ltr'><strong>Pater</strong></span> <span class='ocrx_word' id='word_1_678' title='bbox 1149 4129 1300 4183; x_wconf 82' lang='lat' dir='ltr'><strong>habet</strong></span> <span class='ocrx_word' id='word_1_679' title='bbox 1326 4131 1486 4184; x_wconf 80' lang='lat' dir='ltr'><strong>vitam</strong></span> <span class='ocrx_word' id='word_1_680' title='bbox 1513 4131 1564 4184; x_wconf 82' lang='lat' dir='ltr'><strong>in</strong></span> <span class='ocrx_word' id='word_1_681' title='bbox 1591 4134 1866 4201; x_wconf 73' lang='lat' dir='ltr'><strong>semetipso</strong></span> <span class='ocrx_word' id='word_1_682' title='bbox 1887 4172 1900 4195; x_wconf 95' lang='lat'><em>,</em></span> <span class='ocrx_word' id='word_1_683' title='bbox 1929 4134 2006 4186; x_wconf 85' lang='lat' dir='ltr'><strong>sic</strong></span> 
     </span>
    </p>
   </div>
   <div class='ocr_carea' id='block_1_82' title="bbox 421 4215 2002 4290">
    <p class='ocr_par' dir='ltr' id='par_1_82' title="bbox 421 4215 2002 4290">
     <span class='ocr_line' id='line_1_82' title="bbox 421 4215 2002 4290; baseline 0.005 -22"><span class='ocrx_word' id='word_1_684' title='bbox 421 4217 573 4270; x_wconf 56' lang='lat' dir='ltr'><strong>&#39;r‘tedit</strong></span> <span class='ocrx_word' id='word_1_685' title='bbox 607 4227 656 4270; x_wconf 87' lang='lat' dir='ltr'><strong>et</strong></span> <span class='ocrx_word' id='word_1_686' title='bbox 682 4215 824 4272; x_wconf 82' lang='lat' dir='ltr'><strong>Filio</strong></span> <span class='ocrx_word' id='word_1_687' title='bbox 855 4220 1016 4272; x_wconf 86' lang='lat' dir='ltr'><strong>vitam</strong></span> <span class='ocrx_word' id='word_1_688' title='bbox 1045 4220 1230 4275; x_wconf 81' lang='lat' dir='ltr'><strong>habere</strong></span> <span class='ocrx_word' id='word_1_689' title='bbox 1261 4223 1312 4275; x_wconf 87' lang='lat' dir='ltr'><strong>in</strong></span> <span class='ocrx_word' id='word_1_690' title='bbox 1353 4221 1686 4290; x_wconf 75' lang='lat' dir='ltr'><strong>semetipso&#39;.</strong></span> <span class='ocrx_word' id='word_1_691' title='bbox 1711 4219 1844 4275; x_wconf 86' lang='lat' dir='ltr'><strong>Nam</strong></span> <span class='ocrx_word' id='word_1_692' title='bbox 1879 4237 2002 4276; x_wconf 84' lang='lat' dir='ltr'><strong>eum</strong></span> 
     </span>
    </p>
   </div>
   <div class='ocr_carea' id='block_1_83' title="bbox 427 4308 2003 4385">
    <p class='ocr_par' dir='ltr' id='par_1_83' title="bbox 427 4308 2003 4385">
     <span class='ocr_line' id='line_1_83' title="bbox 427 4308 2003 4385; baseline 0.006 -25"><span class='ocrx_word' id='word_1_693' title='bbox 427 4308 578 4369; x_wconf 76' lang='lat' dir='ltr'><strong>dicit,</strong></span> <span class='ocrx_word' id='word_1_694' title='bbox 606 4308 770 4374; x_wconf 82' lang='lat' dir='ltr'><strong>dedit,</strong></span> <span class='ocrx_word' id='word_1_695' title='bbox 804 4325 861 4364; x_wconf 91' lang='lat' dir='ltr'><strong>se</strong></span> <span class='ocrx_word' id='word_1_696' title='bbox 893 4325 1001 4364; x_wconf 90' lang='lat' dir='ltr'><strong>non</strong></span> <span class='ocrx_word' id='word_1_697' title='bbox 1037 4326 1157 4366; x_wconf 88' lang='lat' dir='ltr'><strong>esse</strong></span> <span class='ocrx_word' id='word_1_698' title='bbox 1181 4309 1395 4366; x_wconf 87' lang='lat' dir='ltr'><strong>Patrem</strong></span> <span class='ocrx_word' id='word_1_699' title='bbox 1423 4313 1710 4370; x_wconf 78' lang='lat' dir='ltr'><strong>declarat:</strong></span> <span class='ocrx_word' id='word_1_700' title='bbox 1740 4315 2003 4385; x_wconf 86' lang='lat' dir='ltr'><strong>particula</strong></span> 
     </span>
    </p>
   </div>
   <div class='ocr_carea' id='block_1_84' title="bbox 427 4401 2002 4465">
    <p class='ocr_par' dir='ltr' id='par_1_84' title="bbox 427 4401 2002 4465">
     <span class='ocr_line' id='line_1_84' title="bbox 427 4401 2002 4465; baseline 0.006 -15"><span class='ocrx_word' id='word_1_701' title='bbox 427 4406 630 4460; x_wconf 81' lang='lat' dir='ltr'><strong>autem,</strong></span> <span class='ocrx_word' id='word_1_702' title='bbox 669 4401 775 4465; x_wconf 79' lang='lat' dir='ltr'><strong>sic,</strong></span> <span class='ocrx_word' id='word_1_703' title='bbox 800 4402 992 4464; x_wconf 80' lang='lat' dir='ltr'><strong>utitur,</strong></span> <span class='ocrx_word' id='word_1_704' title='bbox 1019 4411 1079 4457; x_wconf 84' lang='lat' dir='ltr'><strong>ut</strong></span> <span class='ocrx_word' id='word_1_705' title='bbox 1109 4402 1561 4459; x_wconf 74' lang='lat' dir='ltr'><strong>naturalem&#39;Filii</strong></span> <span class='ocrx_word' id='word_1_706' title='bbox 1592 4421 1714 4460; x_wconf 91' lang='lat' dir='ltr'><strong>cum</strong></span> <span class='ocrx_word' id='word_1_707' title='bbox 1743 4405 1906 4462; x_wconf 88' lang='lat' dir='ltr'><strong>Patre</strong></span> <span class='ocrx_word' id='word_1_708' title='bbox 1926 4407 2002 4462; x_wconf 84' lang='lat' dir='ltr'><strong>si-</strong></span> 
     </span>
    </p>
   </div>
   <div class='ocr_carea' id='block_1_85' title="bbox 421 4489 2019 4566">
    <p class='ocr_par' dir='ltr' id='par_1_85' title="bbox 421 4491 2005 4566">
     <span class='ocr_line' id='line_1_85' title="bbox 421 4491 2005 4566; baseline 0.004 -20"><span class='ocrx_word' id='word_1_709' title='bbox 421 4491 782 4546; x_wconf 88' lang='lat' dir='ltr'><strong>militudinem</strong></span> <span class='ocrx_word' id='word_1_710' title='bbox 816 4502 868 4547; x_wconf 85' lang='lat' dir='ltr'><strong>et</strong></span> <span class='ocrx_word' id='word_1_711' title='bbox 889 4494 1270 4564; x_wconf 83' lang='lat' dir='ltr'><strong>proprietatem</strong></span> <span class='ocrx_word' id='word_1_712' title='bbox 1299 4493 1584 4565; x_wconf 75' lang='lat' dir='ltr'><strong>significet.</strong></span> <span class='ocrx_word' id='word_1_713' title='bbox 1627 4495 1683 4550; x_wconf 89' lang='lat' dir='ltr'><strong>Si</strong></span> <span class='ocrx_word' id='word_1_714' title='bbox 1716 4496 1878 4566; x_wconf 81' lang='lat' dir='ltr'><strong>igitur</strong></span> <span class='ocrx_word' id='word_1_715' title='bbox 1904 4496 2005 4552; x_wconf 80' lang='lat' dir='ltr'><strong>fuit</strong></span> 
     </span>
    </p>
   </div>
   <div class='ocr_carea' id='block_1_86' title="bbox 2127 4489 3186 4566">
    <p class='ocr_par' dir='ltr' id='par_1_86' title="bbox 2127 4489 3186 4563">
     <span class='ocr_line' id='line_1_86' title="bbox 2127 4489 3186 4563; baseline 0.001 -18"><span class='ocrx_word' id='word_1_716' title='bbox 2127 4492 2202 4545; x_wconf 71' lang='grc' dir='ltr'><strong>ὄτι</strong></span> <span class='ocrx_word' id='word_1_717' title='bbox 2230 4493 2323 4545; x_wconf 67' lang='grc' dir='ltr'>καὶ</span> <span class='ocrx_word' id='word_1_718' title='bbox 2343 4493 2372 4544; x_wconf 87' lang='lat'><strong>6</strong></span> <span class='ocrx_word' id='word_1_719' title='bbox 2396 4492 2524 4556; x_wconf 78' lang='grc' dir='ltr'>Υἱὸς</span> <span class='ocrx_word' id='word_1_720' title='bbox 2553 4489 2619 4563; x_wconf 83' lang='grc' dir='ltr'>ἦν</span> <span class='ocrx_word' id='word_1_721' title='bbox 2647 4493 2735 4546; x_wconf 80' lang='grc' dir='ltr'><strong>ὅτε</strong></span> <span class='ocrx_word' id='word_1_722' title='bbox 2764 4493 2865 4546; x_wconf 83' lang='grc' dir='ltr'><strong>οὐκ</strong></span> <span class='ocrx_word' id='word_1_723' title='bbox 2891 4489 3054 4563; x_wconf 80' lang='grc' dir='ltr'><strong>εἶχεν.</strong></span> <span class='ocrx_word' id='word_1_724' title='bbox 3101 4495 3186 4558; x_wconf 84' lang='grc' dir='ltr'>Ὡς</span> 
     </span>
    </p>
   </div>
   <div class='ocr_carea' id='block_1_87' title="bbox 423 4582 1997 4657">
    <p class='ocr_par' dir='ltr' id='par_1_87' title="bbox 423 4582 1997 4657">
     <span class='ocr_line' id='line_1_87' title="bbox 423 4582 1997 4657; baseline 0.006 -21"><span class='ocrx_word' id='word_1_725' title='bbox 423 4582 714 4651; x_wconf 85' lang='lat' dir='ltr'><strong>aliquando</strong></span> <span class='ocrx_word' id='word_1_726' title='bbox 745 4600 868 4638; x_wconf 90' lang='lat' dir='ltr'><strong>cum</strong></span> <span class='ocrx_word' id='word_1_727' title='bbox 901 4583 1063 4640; x_wconf 86' lang='lat' dir='ltr'><strong>Pater</strong></span> <span class='ocrx_word' id='word_1_728' title='bbox 1107 4600 1214 4640; x_wconf 91' lang='lat' dir='ltr'><strong>non</strong></span> <span class='ocrx_word' id='word_1_729' title='bbox 1265 4586 1489 4641; x_wconf 86' lang='lat' dir='ltr'><strong>haberet</strong></span> <span class='ocrx_word' id='word_1_730' title='bbox 1528 4602 1589 4641; x_wconf 83' lang='lat' dir='ltr'><strong>ea</strong></span> <span class='ocrx_word' id='word_1_731' title='bbox 1641 4602 1763 4657; x_wconf 76' lang='lat' dir='ltr'><strong>quae</strong></span> <span class='ocrx_word' id='word_1_732' title='bbox 1794 4589 1997 4645; x_wconf 80' lang='lat' dir='ltr'><strong>habet:</strong></span> 
     </span>
    </p>
   </div>
   <div class='ocr_carea' id='block_1_88' title="bbox 404 4673 2002 4750">
    <p class='ocr_par' dir='ltr' id='par_1_88' title="bbox 404 4673 2002 4750">
     <span class='ocr_line' id='line_1_88' title="bbox 404 4673 2002 4750; baseline 0.004 -22"><span class='ocrx_word' id='word_1_733' title='bbox 404 4673 627 4730; x_wconf 82' lang='lat' dir='ltr'><strong>&#39;nullum</strong></span> <span class='ocrx_word' id='word_1_734' title='bbox 663 4676 886 4730; x_wconf 88' lang='lat' dir='ltr'><strong>dubium</strong></span> <span class='ocrx_word' id='word_1_735' title='bbox 917 4685 998 4731; x_wconf 89' lang='lat' dir='ltr'><strong>est</strong></span> <span class='ocrx_word' id='word_1_736' title='bbox 1035 4678 1166 4747; x_wconf 91' lang='lat' dir='ltr'><strong>quin</strong></span> <span class='ocrx_word' id='word_1_737' title='bbox 1206 4678 1367 4731; x_wconf 81' lang='lat' dir='ltr'><strong>ctiam</strong></span> <span class='ocrx_word' id='word_1_738' title='bbox 1399 4678 1559 4733; x_wconf 75' lang='lat' dir='ltr'><strong>fuerit</strong></span> <span class='ocrx_word' id='word_1_739' title='bbox 1592 4679 1882 4750; x_wconf 82' lang='lat' dir='ltr'><strong>aliquando</strong></span> <span class='ocrx_word' id='word_1_740' title='bbox 1913 4680 2002 4736; x_wconf 86' lang='lat' dir='ltr'><strong>Fi-</strong></span> 
     </span>
    </p>
   </div>
   <div class='ocr_carea' id='block_1_89' title="bbox 421 4767 1999 4836">
    <p class='ocr_par' dir='ltr' id='par_1_89' title="bbox 421 4767 1999 4836">
     <span class='ocr_line' id='line_1_89' title="bbox 421 4767 1999 4836; baseline 0.003 -17"><span class='ocrx_word' id='word_1_741' title='bbox 421 4767 546 4834; x_wconf 88' lang='lat' dir='ltr'><strong>lius,</strong></span> <span class='ocrx_word' id='word_1_742' title='bbox 577 4783 700 4822; x_wconf 90' lang='lat' dir='ltr'><strong>cum</strong></span> <span class='ocrx_word' id='word_1_743' title='bbox 731 4768 816 4821; x_wconf 76' lang='lat' dir='ltr'><strong>iila</strong></span> <span class='ocrx_word' id='word_1_744' title='bbox 853 4783 958 4821; x_wconf 91' lang='lat' dir='ltr'><strong>non</strong></span> <span class='ocrx_word' id='word_1_745' title='bbox 987 4767 1234 4824; x_wconf 87' lang='lat' dir='ltr'><strong>‘habcret.</strong></span> <span class='ocrx_word' id='word_1_746' title='bbox 1269 4768 1401 4822; x_wconf 85' lang='lat' dir='ltr'><strong>Nam</strong></span> <span class='ocrx_word' id='word_1_747' title='bbox 1442 4781 1500 4822; x_wconf 91' lang='lat' dir='ltr'><strong>ut</strong></span> <span class='ocrx_word' id='word_1_748' title='bbox 1537 4767 1693 4822; x_wconf 79' lang='lat' dir='ltr'><strong>Pater</strong></span> <span class='ocrx_word' id='word_1_749' title='bbox 1724 4770 1906 4836; x_wconf 88' lang='lat' dir='ltr'><strong>habet,</strong></span> <span class='ocrx_word' id='word_1_750' title='bbox 1929 4771 1999 4824; x_wconf 81' lang='lat' dir='ltr'><strong>ita</strong></span> 
     </span>
    </p>
   </div>
   <div class='ocr_carea' id='block_1_90' title="bbox 421 4858 2000 4931">
    <p class='ocr_par' dir='ltr' id='par_1_90' title="bbox 421 4858 2000 4931">
     <span class='ocr_line' id='line_1_90' title="bbox 421 4858 2000 4931; baseline 0.005 -22"><span class='ocrx_word' id='word_1_751' title='bbox 421 4868 474 4912; x_wconf 82' lang='lat' dir='ltr'><strong>rt</strong></span> <span class='ocrx_word' id='word_1_752' title='bbox 495 4858 686 4915; x_wconf 85' lang='lat' dir='ltr'><strong>Filius.</strong></span> <span class='ocrx_word' id='word_1_753' title='bbox 713 4858 913 4914; x_wconf 78' lang='lat' dir='ltr'><strong>Verum</strong></span> <span class='ocrx_word' id='word_1_754' title='bbox 945 4863 988 4914; x_wconf 87' lang='lat' dir='ltr'><strong>si</strong></span> <span class='ocrx_word' id='word_1_755' title='bbox 1019 4861 1071 4915; x_wconf 88' lang='lat' dir='ltr'><strong>id</strong></span> <span class='ocrx_word' id='word_1_756' title='bbox 1102 4862 1331 4931; x_wconf 87' lang='lat' dir='ltr'><strong>impium</strong></span> <span class='ocrx_word' id='word_1_757' title='bbox 1359 4862 1505 4917; x_wconf 86' lang='lat' dir='ltr'><strong>dictu</strong></span> <span class='ocrx_word' id='word_1_758' title='bbox 1532 4871 1634 4926; x_wconf 89' lang='lat' dir='ltr'><strong>est,</strong></span> <span class='ocrx_word' id='word_1_759' title='bbox 1669 4877 1700 4915; x_wconf 91' lang='lat' dir='ltr'><strong>e</strong></span> <span class='ocrx_word' id='word_1_760' title='bbox 1724 4862 2000 4917; x_wconf 76' lang='lat' dir='ltr'><strong>contrario</strong></span> 
     </span>
    </p>
   </div>
   <div class='ocr_carea' id='block_1_91' title="bbox 421 4950 1994 5022">
    <p class='ocr_par' dir='ltr' id='par_1_91' title="bbox 421 4950 1994 5022">
     <span class='ocr_line' id='line_1_91' title="bbox 421 4950 1994 5022; baseline 0.005 -21"><span class='ocrx_word' id='word_1_761' title='bbox 421 4958 600 5003; x_wconf 82' lang='lat' dir='ltr'><strong>autem</strong></span> <span class='ocrx_word' id='word_1_762' title='bbox 634 4951 780 5019; x_wconf 88' lang='lat' dir='ltr'><strong>pium</strong></span> <span class='ocrx_word' id='word_1_763' title='bbox 807 4961 886 5004; x_wconf 80' lang='lat' dir='ltr'><strong>est</strong></span> <span class='ocrx_word' id='word_1_764' title='bbox 912 4951 1198 5018; x_wconf 76' lang='lat' dir='ltr'><strong>aliirmare,</strong></span> <span class='ocrx_word' id='word_1_765' title='bbox 1229 4967 1445 5022; x_wconf 86' lang='lat' dir='ltr'><strong>semper</strong></span> <span class='ocrx_word' id='word_1_766' title='bbox 1463 4950 1688 5007; x_wconf 80' lang='lat' dir='ltr'><strong>Patrem</strong></span> <span class='ocrx_word' id='word_1_767' title='bbox 1716 4953 1994 5020; x_wconf 84' lang='lat' dir='ltr'><strong>habuisse,</strong></span> 
     </span>
    </p>
   </div>
   <div class='ocr_carea' id='block_1_92' title="bbox 421 5041 2000 5113">
    <p class='ocr_par' dir='ltr' id='par_1_92' title="bbox 421 5041 2000 5113">
     <span class='ocr_line' id='line_1_92' title="bbox 421 5041 2000 5113; baseline 0.005 -22"><span class='ocrx_word' id='word_1_768' title='bbox 421 5057 488 5093; x_wconf 85' lang='lat' dir='ltr'><strong>an</strong></span> <span class='ocrx_word' id='word_1_769' title='bbox 531 5057 636 5093; x_wconf 87' lang='lat' dir='ltr'><strong>non</strong></span> <span class='ocrx_word' id='word_1_770' title='bbox 682 5041 1074 5110; x_wconf 87' lang='lat' dir='ltr'><strong>perabsurdum</strong></span> <span class='ocrx_word' id='word_1_771' title='bbox 1110 5051 1213 5104; x_wconf 88' lang='lat' dir='ltr'><strong>est,</strong></span> <span class='ocrx_word' id='word_1_772' title='bbox 1239 5043 1379 5099; x_wconf 79' lang='lat' dir='ltr'><strong>Filio</strong></span> <span class='ocrx_word' id='word_1_773' title='bbox 1423 5055 1766 5113; x_wconf 69' lang='lat' dir='ltr'><strong>asseverante</strong></span> <span class='ocrx_word' id='word_1_774' title='bbox 1808 5059 2000 5113; x_wconf 87' lang='lat' dir='ltr'><strong>quem-</strong></span> 
     </span>
    </p>
   </div>
   <div class='ocr_carea' id='block_1_93' title="bbox 421 5131 1998 5201">
    <p class='ocr_par' dir='ltr' id='par_1_93' title="bbox 421 5131 1998 5201">
     <span class='ocr_line' id='line_1_93' title="bbox 421 5131 1998 5201; baseline 0.004 -18"><span class='ocrx_word' id='word_1_775' title='bbox 421 5132 711 5185; x_wconf 84' lang='lat' dir='ltr'><strong>admodum</strong></span> <span class='ocrx_word' id='word_1_776' title='bbox 758 5131 919 5186; x_wconf 64' lang='lat' dir='ltr'><strong>Pa&#39;ler</strong></span> <span class='ocrx_word' id='word_1_777' title='bbox 960 5133 1121 5187; x_wconf 89' lang='lat' dir='ltr'><strong>habet</strong></span> <span class='ocrx_word' id='word_1_778' title='bbox 1164 5134 1235 5188; x_wconf 75' lang='lat' dir='ltr'><strong>ita</strong></span> <span class='ocrx_word' id='word_1_779' title='bbox 1271 5143 1324 5189; x_wconf 90' lang='lat' dir='ltr'><strong>et</strong></span> <span class='ocrx_word' id='word_1_780' title='bbox 1371 5133 1567 5198; x_wconf 78' lang='lat' dir='ltr'><strong>Filium</strong></span> <span class='ocrx_word' id='word_1_781' title='bbox 1613 5136 1834 5201; x_wconf 86' lang='lat' dir='ltr'><strong>habere,</strong></span> <span class='ocrx_word' id='word_1_782' title='bbox 1878 5136 1998 5189; x_wconf 74' lang='lat' dir='ltr'><strong>illos</strong></span> 
     </span>
    </p>
   </div>
   <div class='ocr_carea' id='block_1_94' title="bbox 421 5223 1996 5282">
    <p class='ocr_par' dir='ltr' id='par_1_94' title="bbox 421 5223 1996 5282">
     <span class='ocr_line' id='line_1_94' title="bbox 421 5223 1996 5282; baseline 0.003 -8"><span class='ocrx_word' id='word_1_783' title='bbox 421 5223 776 5278; x_wconf 87' lang='lat' dir='ltr'><strong>nihilominus</strong></span> <span class='ocrx_word' id='word_1_784' title='bbox 803 5226 1129 5281; x_wconf 78' lang='lat' dir='ltr'><strong>contendere</strong></span> <span class='ocrx_word' id='word_1_785' title='bbox 1165 5242 1273 5279; x_wconf 88' lang='lat' dir='ltr'><strong>non</strong></span> <span class='ocrx_word' id='word_1_786' title='bbox 1323 5226 1394 5280; x_wconf 73' lang='lat' dir='ltr'><strong>ita</strong></span> <span class='ocrx_word' id='word_1_787' title='bbox 1436 5227 1529 5282; x_wconf 87' lang='lat' dir='ltr'><strong>sed</strong></span> <span class='ocrx_word' id='word_1_788' title='bbox 1567 5227 1728 5281; x_wconf 85' lang='lat' dir='ltr'><strong>aliter</strong></span> <span class='ocrx_word' id='word_1_789' title='bbox 1755 5225 1996 5281; x_wconf 86' lang='lat' dir='ltr'><strong>habere?</strong></span> 
     </span>
    </p>
   </div>
   <div class='ocr_carea' id='block_1_95' title="bbox 2109 4029 3034 4098">
    <p class='ocr_par' dir='ltr' id='par_1_95' title="bbox 2109 4029 3034 4098">
     <span class='ocr_line' id='line_1_95' title="bbox 2109 4029 3034 4098; baseline 0.005 -15"><span class='ocrx_word' id='word_1_790' title='bbox 2109 4029 2341 4084; x_wconf 68' lang='grc' dir='ltr'><em>δέδωκε</em></span> <span class='ocrx_word' id='word_1_791' title='bbox 2355 4029 2520 4098; x_wconf 71' lang='grc' dir='ltr'><strong>οζωὴν</strong></span> <span class='ocrx_word' id='word_1_792' title='bbox 2543 4033 2710 4098; x_wconf 68' lang='grc' dir='ltr'><strong>ἔχειν</strong></span> <span class='ocrx_word' id='word_1_793' title='bbox 2733 4033 2805 4086; x_wconf 79' lang='grc' dir='ltr'><strong>ἐν</strong></span> <span class='ocrx_word' id='word_1_794' title='bbox 2823 4033 3034 4098; x_wconf 74' lang='grc' dir='ltr'><strong>ἐαυτῷ.</strong></span> 
     </span>
    </p>
   </div>
   <div class='ocr_carea' id='block_1_96' title="bbox 2114 3667 3720 3740">
    <p class='ocr_par' dir='ltr' id='par_1_96' title="bbox 2114 3667 3720 3740">
     <span class='ocr_line' id='line_1_96' title="bbox 2114 3667 3720 3740; baseline -0.001 -17"><span class='ocrx_word' id='word_1_795' title='bbox 2114 3670 2422 3740; x_wconf 63' lang='grc' dir='ltr'><strong>παρεδόθη</strong></span> <span class='ocrx_word' id='word_1_796' title='bbox 2443 3707 2464 3735; x_wconf 87' lang='lat'><em>,</em></span> <span class='ocrx_word' id='word_1_797' title='bbox 2491 3707 2512 3727; x_wconf 85' lang='lat'><strong>..</strong></span> <span class='ocrx_word' id='word_1_798' title='bbox 2629 3669 2692 3722; x_wconf 85' lang='grc' dir='ltr'><strong>οὐ</strong></span> <span class='ocrx_word' id='word_1_799' title='bbox 2725 3669 2786 3722; x_wconf 84' lang='grc' dir='ltr'><strong>τό</strong></span> <span class='ocrx_word' id='word_1_800' title='bbox 2814 3685 2943 3722; x_wconf 87' lang='grc' dir='ltr'>ποτε</span> <span class='ocrx_word' id='word_1_801' title='bbox 2973 3668 3048 3740; x_wconf 81' lang='grc' dir='ltr'>μὴ</span> <span class='ocrx_word' id='word_1_802' title='bbox 3079 3668 3224 3740; x_wconf 74' lang='grc' dir='ltr'>ἔχειν</span> <span class='ocrx_word' id='word_1_803' title='bbox 3253 3668 3414 3720; x_wconf 81' lang='grc' dir='ltr'>αὐτὸν</span> <span class='ocrx_word' id='word_1_804' title='bbox 3444 3667 3720 3734; x_wconf 74' lang='grc' dir='ltr'><strong>δείκνυσι,</strong></span> 
     </span>
    </p>
   </div>
   <div class='ocr_carea' id='block_1_97' title="bbox 2111 3757 3719 3830">
    <p class='ocr_par' dir='ltr' id='par_1_97' title="bbox 2111 3757 3719 3830">
     <span class='ocr_line' id='line_1_97' title="bbox 2111 3757 3719 3830; baseline 0.001 -17"><span class='ocrx_word' id='word_1_805' title='bbox 2111 3759 2346 3813; x_wconf 67' lang='grc' dir='ltr'>»δυνατὸν</span> <span class='ocrx_word' id='word_1_806' title='bbox 2364 3759 2428 3811; x_wconf 68' lang='grc' dir='ltr'><strong>ὲκ</strong></span> <span class='ocrx_word' id='word_1_807' title='bbox 2459 3757 2552 3811; x_wconf 84' lang='grc' dir='ltr'>τοῦ</span> <span class='ocrx_word' id='word_1_808' title='bbox 2573 3758 2761 3830; x_wconf 79' lang='grc' dir='ltr'><strong>ὁμοίου</strong></span> <span class='ocrx_word' id='word_1_809' title='bbox 2797 3759 2960 3830; x_wconf 77' lang='grc' dir='ltr'><strong>ῥητοῦ</strong></span> <span class='ocrx_word' id='word_1_810' title='bbox 2995 3761 3088 3812; x_wconf 79' lang='grc' dir='ltr'><strong>καὶ</strong></span> <span class='ocrx_word' id='word_1_811' title='bbox 3143 3758 3273 3830; x_wconf 75' lang='grc' dir='ltr'><strong>περὶ</strong></span> <span class='ocrx_word' id='word_1_812' title='bbox 3328 3759 3543 3813; x_wconf 82' lang='grc' dir='ltr'>πάντων</span> <span class='ocrx_word' id='word_1_813' title='bbox 3579 3776 3719 3814; x_wconf 79' lang='grc' dir='ltr'>συν-</span> 
     </span>
    </p>
   </div>
   <div class='ocr_carea' id='block_1_98' title="bbox 2127 3847 3724 3922">
    <p class='ocr_par' dir='ltr' id='par_1_98' title="bbox 2127 3847 3724 3922">
     <span class='ocr_line' id='line_1_98' title="bbox 2127 3847 3724 3922; baseline 0.002 -20"><span class='ocrx_word' id='word_1_814' title='bbox 2127 3848 2253 3903; x_wconf 74' lang='grc' dir='ltr'>ιδεῖν</span> <span class='ocrx_word' id='word_1_815' title='bbox 2289 3849 2350 3902; x_wconf 86' lang='lat'><strong>16</strong></span> <span class='ocrx_word' id='word_1_816' title='bbox 2375 3847 2630 3903; x_wconf 81' lang='grc' dir='ltr'>τοιοῦτον.</span> <span class='ocrx_word' id='word_1_817' title='bbox 2668 3850 2805 3920; x_wconf 78' lang='grc' dir='ltr'><strong>Φησὶ</strong></span> <span class='ocrx_word' id='word_1_818' title='bbox 2833 3850 2942 3921; x_wconf 82' lang='grc' dir='ltr'><strong>γὰρ</strong></span> <span class='ocrx_word' id='word_1_819' title='bbox 2984 3849 3146 3914; x_wconf 80' lang='grc' dir='ltr'>αὐτὸς</span> <span class='ocrx_word' id='word_1_820' title='bbox 3187 3852 3216 3903; x_wconf 94' lang='lat'><strong>6</strong></span> <span class='ocrx_word' id='word_1_821' title='bbox 3242 3850 3450 3922; x_wconf 57' lang='grc' dir='ltr'><strong>Σωτήρ</strong></span> <span class='ocrx_word' id='word_1_822' title='bbox 3479 3851 3724 3920; x_wconf 68' lang='grc' dir='ltr'>Ὥσπερ</span> 
     </span>
    </p>
   </div>
   <div class='ocr_carea' id='block_1_99' title="bbox 2115 3938 3723 4010">
    <p class='ocr_par' dir='ltr' id='par_1_99' title="bbox 2115 3938 3723 4010">
     <span class='ocr_line' id='line_1_99' title="bbox 2115 3938 3723 4010; baseline 0.002 -17"><span class='ocrx_word' id='word_1_823' title='bbox 2115 3942 2157 3993; x_wconf 74' lang='grc' dir='ltr'><em>ὁ</em></span> <span class='ocrx_word' id='word_1_824' title='bbox 2183 3939 2388 4007; x_wconf 75' lang='grc' dir='ltr'>Πατὴρ</span> <span class='ocrx_word' id='word_1_825' title='bbox 2428 3938 2590 4006; x_wconf 73' lang='grc' dir='ltr'><strong>ζωὴν</strong></span> <span class='ocrx_word' id='word_1_826' title='bbox 2607 3941 2732 4009; x_wconf 71' lang='grc' dir='ltr'><strong><em>ἔχει</em></strong></span> <span class='ocrx_word' id='word_1_827' title='bbox 2757 3942 2826 3993; x_wconf 74' lang='grc' dir='ltr'>ἐν</span> <span class='ocrx_word' id='word_1_828' title='bbox 2855 3941 3066 4007; x_wconf 76' lang='grc' dir='ltr'><strong>ἐαυτῷ,</strong></span> <span class='ocrx_word' id='word_1_829' title='bbox 3097 3942 3288 4008; x_wconf 79' lang='grc' dir='ltr'>οὕτως</span> <span class='ocrx_word' id='word_1_830' title='bbox 3336 3942 3434 3996; x_wconf 75' lang='grc' dir='ltr'><strong>καὶ</strong></span> <span class='ocrx_word' id='word_1_831' title='bbox 3490 3942 3572 4008; x_wconf 85' lang='grc' dir='ltr'>τῷ</span> <span class='ocrx_word' id='word_1_832' title='bbox 3597 3944 3723 4010; x_wconf 79' lang='grc' dir='ltr'><strong>Υιῷ</strong></span> 
     </span>
    </p>
   </div>
   <div class='ocr_carea' id='block_1_100' title="bbox 3221 4035 3723 4106">
    <p class='ocr_par' dir='ltr' id='par_1_100' title="bbox 3221 4035 3723 4106">
     <span class='ocr_line' id='line_1_100' title="bbox 3221 4035 3723 4106; baseline 0 -18"><span class='ocrx_word' id='word_1_833' title='bbox 3221 4035 3315 4088; x_wconf 81' lang='grc' dir='ltr'><strong>Ἐκ</strong></span> <span class='ocrx_word' id='word_1_834' title='bbox 3345 4035 3441 4104; x_wconf 81' lang='grc' dir='ltr'>μὲν</span> <span class='ocrx_word' id='word_1_835' title='bbox 3472 4035 3583 4106; x_wconf 79' lang='grc' dir='ltr'><strong>γὰρ</strong></span> <span class='ocrx_word' id='word_1_836' title='bbox 3611 4036 3723 4088; x_wconf 75' lang='grc' dir='ltr'>τοῦ</span> 
     </span>
    </p>
   </div>
   <div class='ocr_carea' id='block_1_101' title="bbox 2113 4121 3726 4198">
    <p class='ocr_par' dir='ltr' id='par_1_101' title="bbox 2113 4121 3726 4198">
     <span class='ocr_line' id='line_1_101' title="bbox 2113 4121 3726 4198; baseline 0.004 -24"><span class='ocrx_word' id='word_1_837' title='bbox 2113 4121 2322 4190; x_wconf 59' lang='grc' dir='ltr'><strong>λέγειν,</strong></span> <span class='ocrx_word' id='word_1_838' title='bbox 2345 4121 2584 4184; x_wconf 70' lang='grc' dir='ltr'><strong>δέδωκε,</strong></span> <span class='ocrx_word' id='word_1_839' title='bbox 2621 4124 2878 4194; x_wconf 80' lang='grc' dir='ltr'><strong>σημαίνει</strong></span> <span class='ocrx_word' id='word_1_840' title='bbox 2933 4125 3121 4178; x_wconf 70' lang='grc' dir='ltr'>ἑαυτὸν</span> <span class='ocrx_word' id='word_1_841' title='bbox 3158 4127 3233 4198; x_wconf 80' lang='grc' dir='ltr'>μὴ</span> <span class='ocrx_word' id='word_1_842' title='bbox 3273 4122 3410 4181; x_wconf 80' lang='grc' dir='ltr'>εἶναι</span> <span class='ocrx_word' id='word_1_843' title='bbox 3451 4127 3540 4179; x_wconf 79' lang='lat' dir='ltr'><em>16v</em></span> <span class='ocrx_word' id='word_1_844' title='bbox 3593 4129 3726 4180; x_wconf 81' lang='grc' dir='ltr'><strong>Πα-</strong></span> 
     </span>
    </p>
   </div>
   <div class='ocr_carea' id='block_1_102' title="bbox 2119 4213 3766 4290">
    <p class='ocr_par' dir='ltr' id='par_1_102' title="bbox 2119 4213 3766 4290">
     <span class='ocr_line' id='line_1_102' title="bbox 2119 4213 3766 4290; baseline 0.004 -24"><span class='ocrx_word' id='word_1_845' title='bbox 2119 4213 2274 4284; x_wconf 81' lang='grc' dir='ltr'>τέρα’</span> <span class='ocrx_word' id='word_1_846' title='bbox 2308 4215 2365 4266; x_wconf 84' lang='lat' dir='ltr'><em>6v</em></span> <span class='ocrx_word' id='word_1_847' title='bbox 2393 4213 2450 4268; x_wconf 83' lang='lat'><strong>66</strong></span> <span class='ocrx_word' id='word_1_848' title='bbox 2487 4213 2564 4286; x_wconf 74' lang='grc' dir='ltr'>τῷ</span> <span class='ocrx_word' id='word_1_849' title='bbox 2589 4214 2790 4282; x_wconf 81' lang='grc' dir='ltr'><strong>λέγειν,</strong></span> <span class='ocrx_word' id='word_1_850' title='bbox 2824 4216 3031 4280; x_wconf 81' lang='grc' dir='ltr'>οὕτως,</span> <span class='ocrx_word' id='word_1_851' title='bbox 3056 4216 3297 4270; x_wconf 83' lang='grc' dir='ltr'>δείκνυσι</span> <span class='ocrx_word' id='word_1_852' title='bbox 3330 4217 3426 4289; x_wconf 72' lang='grc' dir='ltr'>τὴν</span> <span class='ocrx_word' id='word_1_853' title='bbox 3453 4219 3588 4290; x_wconf 79' lang='grc' dir='ltr'>πρὸς</span> <span class='ocrx_word' id='word_1_854' title='bbox 3615 4220 3727 4272; x_wconf 84' lang='lat' dir='ltr'><em>16v</em></span> <span class='ocrx_word' id='word_1_855' title='bbox 3763 4272 3766 4273; x_wconf 65' lang='lat'><strong>,</strong></span> 
     </span>
    </p>
   </div>
   <div class='ocr_carea' id='block_1_103' title="bbox 2113 4305 3719 4382">
    <p class='ocr_par' dir='ltr' id='par_1_103' title="bbox 2113 4305 3719 4382">
     <span class='ocr_line' id='line_1_103' title="bbox 2113 4305 3719 4382; baseline 0.003 -22"><span class='ocrx_word' id='word_1_856' title='bbox 2113 4305 2343 4377; x_wconf 64' lang='grc' dir='ltr'>’Πατέρα</span> <span class='ocrx_word' id='word_1_857' title='bbox 2394 4305 2490 4359; x_wconf 84' lang='grc' dir='ltr'>τοῦ</span> <span class='ocrx_word' id='word_1_858' title='bbox 2522 4306 2652 4360; x_wconf 76' lang='grc' dir='ltr'><strong>Υἰοῦ</strong></span> <span class='ocrx_word' id='word_1_859' title='bbox 2707 4307 2940 4379; x_wconf 80' lang='grc' dir='ltr'>φυσικὴν</span> <span class='ocrx_word' id='word_1_860' title='bbox 2982 4310 3271 4380; x_wconf 79' lang='grc' dir='ltr'>ὁμοιότητα</span> <span class='ocrx_word' id='word_1_861' title='bbox 3318 4313 3411 4364; x_wconf 72' lang='grc' dir='ltr'><strong>καὶ</strong></span> <span class='ocrx_word' id='word_1_862' title='bbox 3443 4311 3719 4382; x_wconf 71' lang='grc' dir='ltr'>ἰδιότητα.</span> 
     </span>
    </p>
   </div>
   <div class='ocr_carea' id='block_1_104' title="bbox 2119 4395 3722 4474">
    <p class='ocr_par' dir='ltr' id='par_1_104' title="bbox 2119 4395 3722 4474">
     <span class='ocr_line' id='line_1_104' title="bbox 2119 4395 3722 4474; baseline 0.004 -22"><span class='ocrx_word' id='word_1_863' title='bbox 2119 4399 2184 4452; x_wconf 76' lang='grc' dir='ltr'><strong>ΕΞ</strong></span> <span class='ocrx_word' id='word_1_864' title='bbox 2210 4399 2308 4470; x_wconf 82' lang='grc' dir='ltr'>μὲν</span> <span class='ocrx_word' id='word_1_865' title='bbox 2333 4395 2425 4454; x_wconf 82' lang='grc' dir='ltr'><strong>οὖν</strong></span> <span class='ocrx_word' id='word_1_866' title='bbox 2455 4396 2522 4472; x_wconf 83' lang='grc' dir='ltr'>ἦν</span> <span class='ocrx_word' id='word_1_867' title='bbox 2554 4417 2682 4453; x_wconf 84' lang='grc' dir='ltr'>ποτε</span> <span class='ocrx_word' id='word_1_868' title='bbox 2740 4401 2827 4453; x_wconf 81' lang='grc' dir='ltr'><strong>ὅτε</strong></span> <span class='ocrx_word' id='word_1_869' title='bbox 2863 4402 2963 4455; x_wconf 80' lang='grc' dir='ltr'><strong>οὐκ</strong></span> <span class='ocrx_word' id='word_1_870' title='bbox 2997 4397 3140 4472; x_wconf 73' lang='grc' dir='ltr'>εἶχεν</span> <span class='ocrx_word' id='word_1_871' title='bbox 3196 4404 3224 4454; x_wconf 89' lang='lat'><strong>6</strong></span> <span class='ocrx_word' id='word_1_872' title='bbox 3258 4403 3465 4474; x_wconf 78' lang='grc' dir='ltr'>Πατὴρ.</span> <span class='ocrx_word' id='word_1_873' title='bbox 3520 4404 3722 4474; x_wconf 72' lang='grc' dir='ltr'><strong>δῆλον,</strong></span> 
     </span>
    </p>
   </div>
   <div class='ocr_carea' id='block_1_105' title="bbox 3381 4495 3725 4566">
    <p class='ocr_par' dir='ltr' id='par_1_105' title="bbox 3381 4495 3725 4566">
     <span class='ocr_line' id='line_1_105' title="bbox 3381 4495 3725 4566; baseline 0.006 -19"><span class='ocrx_word' id='word_1_874' title='bbox 3381 4495 3488 4566; x_wconf 83' lang='grc' dir='ltr'><strong>γὰρ</strong></span> <span class='ocrx_word' id='word_1_875' title='bbox 3529 4498 3557 4549; x_wconf 96' lang='lat'><strong>6</strong></span> <span class='ocrx_word' id='word_1_876' title='bbox 3584 4498 3725 4549; x_wconf 83' lang='grc' dir='ltr'>[Ια-</span> 
     </span>
    </p>
   </div>
   <div class='ocr_carea' id='block_1_106' title="bbox 2118 4583 3752 4657">
    <p class='ocr_par' dir='ltr' id='par_1_106' title="bbox 2118 4583 3752 4657">
     <span class='ocr_line' id='line_1_106' title="bbox 2118 4583 3752 4657; baseline 0.002 -20"><span class='ocrx_word' id='word_1_877' title='bbox 2118 4584 2242 4656; x_wconf 78' lang='grc' dir='ltr'>τὴρ,</span> <span class='ocrx_word' id='word_1_878' title='bbox 2276 4583 2449 4648; x_wconf 75' lang='grc' dir='ltr'>οὕτως</span> <span class='ocrx_word' id='word_1_879' title='bbox 2477 4585 2572 4638; x_wconf 84' lang='grc' dir='ltr'><strong>καὶ</strong></span> <span class='ocrx_word' id='word_1_880' title='bbox 2596 4587 2624 4638; x_wconf 94' lang='lat'><strong>6</strong></span> <span class='ocrx_word' id='word_1_881' title='bbox 2655 4585 2782 4648; x_wconf 78' lang='grc' dir='ltr'><strong>Υἱὸς</strong></span> <span class='ocrx_word' id='word_1_882' title='bbox 2809 4585 2940 4656; x_wconf 71' lang='grc' dir='ltr'><strong>ἔχει.</strong></span> <span class='ocrx_word' id='word_1_883' title='bbox 2978 4587 3038 4638; x_wconf 84' lang='grc' dir='ltr'>Εἰ</span> <span class='ocrx_word' id='word_1_884' title='bbox 3083 4586 3138 4638; x_wconf 86' lang='grc' dir='ltr'>δὲ</span> <span class='ocrx_word' id='word_1_885' title='bbox 3185 4587 3376 4650; x_wconf 77' lang='grc' dir='ltr'>ἀσεϐὲς</span> <span class='ocrx_word' id='word_1_886' title='bbox 3411 4587 3510 4657; x_wconf 83' lang='grc' dir='ltr'>μὲν</span> <span class='ocrx_word' id='word_1_887' title='bbox 3542 4587 3752 4656; x_wconf 39' lang='grc' dir='ltr'>τοῦτο]</span> 
     </span>
    </p>
   </div>
   <div class='ocr_carea' id='block_1_107' title="bbox 2118 4673 3729 4748">
    <p class='ocr_par' dir='ltr' id='par_1_107' title="bbox 2118 4673 3729 4748">
     <span class='ocr_line' id='line_1_107' title="bbox 2118 4673 3729 4748; baseline 0.002 -20"><span class='ocrx_word' id='word_1_888' title='bbox 2118 4673 2318 4742; x_wconf 81' lang='grc' dir='ltr'><strong>λέγειν,</strong></span> <span class='ocrx_word' id='word_1_889' title='bbox 2355 4675 2577 4740; x_wconf 78' lang='grc' dir='ltr'><strong>εὐσεϐὲς</strong></span> <span class='ocrx_word' id='word_1_890' title='bbox 2603 4676 2660 4729; x_wconf 87' lang='lat'><strong>66</strong></span> <span class='ocrx_word' id='word_1_891' title='bbox 2693 4675 2893 4746; x_wconf 76' lang='grc' dir='ltr'>μᾶλλόν</span> <span class='ocrx_word' id='word_1_892' title='bbox 2909 4678 3053 4730; x_wconf 77' lang='grc' dir='ltr'>ἐστιν</span> <span class='ocrx_word' id='word_1_893' title='bbox 3081 4679 3277 4738; x_wconf 81' lang='grc' dir='ltr'>εἰπεῖν,</span> <span class='ocrx_word' id='word_1_894' title='bbox 3313 4679 3392 4730; x_wconf 79' lang='grc' dir='ltr'>ὅτι</span> <span class='ocrx_word' id='word_1_895' title='bbox 3419 4677 3505 4731; x_wconf 78' lang='grc' dir='ltr'><strong>ἀεὶ</strong></span> <span class='ocrx_word' id='word_1_896' title='bbox 3528 4678 3654 4748; x_wconf 73' lang='grc' dir='ltr'><strong>ἔχει</strong></span> <span class='ocrx_word' id='word_1_897' title='bbox 3694 4681 3729 4732; x_wconf 86' lang='lat'><strong>6</strong></span> 
     </span>
    </p>
   </div>
   <div class='ocr_carea' id='block_1_108' title="bbox 2119 4763 3726 4835">
    <p class='ocr_par' dir='ltr' id='par_1_108' title="bbox 2119 4763 3726 4835">
     <span class='ocr_line' id='line_1_108' title="bbox 2119 4763 3726 4835; baseline 0.004 -20"><span class='ocrx_word' id='word_1_898' title='bbox 2119 4763 2330 4834; x_wconf 83' lang='grc' dir='ltr'>Πατήρ·</span> <span class='ocrx_word' id='word_1_899' title='bbox 2386 4763 2502 4827; x_wconf 81' lang='grc' dir='ltr'><strong>πῶς</strong></span> <span class='ocrx_word' id='word_1_900' title='bbox 2547 4765 2647 4817; x_wconf 81' lang='grc' dir='ltr'><strong>οὐκ</strong></span> <span class='ocrx_word' id='word_1_901' title='bbox 2689 4764 2890 4818; x_wconf 74' lang='grc' dir='ltr'>ἄτοπον</span> <span class='ocrx_word' id='word_1_902' title='bbox 2941 4765 3036 4818; x_wconf 77' lang='grc' dir='ltr'>τοῦ</span> <span class='ocrx_word' id='word_1_903' title='bbox 3072 4766 3204 4820; x_wconf 82' lang='grc' dir='ltr'>Υἱοῦ</span> <span class='ocrx_word' id='word_1_904' title='bbox 3266 4765 3536 4835; x_wconf 80' lang='grc' dir='ltr'>λέγοντος,</span> <span class='ocrx_word' id='word_1_905' title='bbox 3595 4768 3726 4830; x_wconf 82' lang='grc' dir='ltr'>ὅτι,</span> 
     </span>
    </p>
   </div>
   <div class='ocr_carea' id='block_1_109' title="bbox 2117 4852 3734 4929">
    <p class='ocr_par' dir='ltr' id='par_1_109' title="bbox 2117 4852 3734 4929">
     <span class='ocr_line' id='line_1_109' title="bbox 2117 4852 3734 4929; baseline 0.004 -23"><span class='ocrx_word' id='word_1_906' title='bbox 2117 4852 2194 4918; x_wconf 82' lang='grc' dir='ltr'>ὡς</span> <span class='ocrx_word' id='word_1_907' title='bbox 2216 4855 2244 4906; x_wconf 92' lang='lat'><strong>6</strong></span> <span class='ocrx_word' id='word_1_908' title='bbox 2267 4855 2456 4927; x_wconf 79' lang='grc' dir='ltr'>Πατὴρ</span> <span class='ocrx_word' id='word_1_909' title='bbox 2476 4855 2610 4926; x_wconf 77' lang='grc' dir='ltr'><strong>ἔχει,</strong></span> <span class='ocrx_word' id='word_1_910' title='bbox 2641 4855 2813 4920; x_wconf 77' lang='grc' dir='ltr'>οὕτως</span> <span class='ocrx_word' id='word_1_911' title='bbox 2835 4857 2928 4911; x_wconf 64' lang='grc' dir='ltr'><strong>καὶ⁵</strong></span> <span class='ocrx_word' id='word_1_912' title='bbox 2956 4859 2984 4910; x_wconf 90' lang='lat'><strong>6</strong></span> <span class='ocrx_word' id='word_1_913' title='bbox 3013 4859 3140 4922; x_wconf 69' lang='grc' dir='ltr'><strong>Υἱὸς</strong></span> <span class='ocrx_word' id='word_1_914' title='bbox 3181 4859 3314 4929; x_wconf 75' lang='grc' dir='ltr'><strong>ἔχει,</strong></span> <span class='ocrx_word' id='word_1_915' title='bbox 3361 4857 3585 4922; x_wconf 81' lang='grc' dir='ltr'>τούτους</span> <span class='ocrx_word' id='word_1_916' title='bbox 3624 4859 3734 4912; x_wconf 82' lang='grc' dir='ltr'><strong>λέ-</strong></span> 
     </span>
    </p>
   </div>
   <div class='ocr_carea' id='block_1_110' title="bbox 2112 4947 3733 5022">
    <p class='ocr_par' dir='ltr' id='par_1_110' title="bbox 2112 4947 3733 5022">
     <span class='ocr_line' id='line_1_110' title="bbox 2112 4947 3733 5022; baseline 0.004 -22"><span class='ocrx_word' id='word_1_917' title='bbox 2112 4964 2234 5015; x_wconf 84' lang='grc' dir='ltr'><strong>γειν</strong></span> <span class='ocrx_word' id='word_1_918' title='bbox 2261 4948 2335 5019; x_wconf 83' lang='grc' dir='ltr'>μὴ</span> <span class='ocrx_word' id='word_1_919' title='bbox 2367 4947 2538 5012; x_wconf 77' lang='grc' dir='ltr'>οὕτως</span> <span class='ocrx_word' id='word_1_920' title='bbox 2561 4947 2728 5019; x_wconf 72' lang='grc' dir='ltr'><strong>ἔχειν,</strong></span> <span class='ocrx_word' id='word_1_921' title='bbox 2763 4950 2880 5003; x_wconf 72' lang='grc' dir='ltr'>ἀλλ’</span> <span class='ocrx_word' id='word_1_922' title='bbox 2908 4951 3080 5015; x_wconf 73' lang='grc' dir='ltr'>ἄλλως</span> <span class='ocrx_word' id='word_1_923' title='bbox 3136 4951 3316 5022; x_wconf 56' lang='lat' dir='ltr'><strong>Exsul;</strong></span> <span class='ocrx_word' id='word_1_924' title='bbox 3363 4950 3578 5005; x_wconf 73' lang='grc' dir='ltr'>Μᾶλλον</span> <span class='ocrx_word' id='word_1_925' title='bbox 3618 4947 3733 5006; x_wconf 78' lang='grc' dir='ltr'>οὖν</span> 
     </span>
    </p>
   </div>
   <div class='ocr_carea' id='block_1_111' title="bbox 2111 5037 3730 5113">
    <p class='ocr_par' dir='ltr' id='par_1_111' title="bbox 2111 5037 3730 5113">
     <span class='ocr_line' id='line_1_111' title="bbox 2111 5037 3730 5113; baseline 0.002 -23"><span class='ocrx_word' id='word_1_926' title='bbox 2111 5039 2147 5091; x_wconf 88' lang='lat'><strong>6</strong></span> <span class='ocrx_word' id='word_1_927' title='bbox 2169 5037 2337 5106; x_wconf 85' lang='grc' dir='ltr'>Λόγος</span> <span class='ocrx_word' id='word_1_928' title='bbox 2362 5039 2554 5102; x_wconf 85' lang='grc' dir='ltr'>πιστός</span> <span class='ocrx_word' id='word_1_929' title='bbox 2579 5040 2714 5104; x_wconf 77' lang='grc' dir='ltr'>ἐστι,</span> <span class='ocrx_word' id='word_1_930' title='bbox 2745 5041 2840 5094; x_wconf 73' lang='grc' dir='ltr'><strong>καὶ</strong></span> <span class='ocrx_word' id='word_1_931' title='bbox 2867 5041 3064 5108; x_wconf 77' lang='grc' dir='ltr'>πάντα,</span> <span class='ocrx_word' id='word_1_932' title='bbox 3118 5041 3153 5095; x_wconf 73' lang='grc' dir='ltr'><strong>ἃ</strong></span> <span class='ocrx_word' id='word_1_933' title='bbox 3186 5041 3337 5108; x_wconf 78' lang='grc' dir='ltr'>λέγει</span> <span class='ocrx_word' id='word_1_934' title='bbox 3395 5041 3730 5113; x_wconf 78' lang='grc' dir='ltr'><strong>εἰληφέναι,</strong></span> 
     </span>
    </p>
   </div>
   <div class='ocr_carea' id='block_1_112' title="bbox 2115 5129 3736 5206">
    <p class='ocr_par' dir='ltr' id='par_1_112' title="bbox 2115 5129 3736 5206">
     <span class='ocr_line' id='line_1_112' title="bbox 2115 5129 3736 5206; baseline 0.004 -23"><span class='ocrx_word' id='word_1_935' title='bbox 2115 5129 2206 5183; x_wconf 75' lang='grc' dir='ltr'><strong>ἀεὶ</strong></span> <span class='ocrx_word' id='word_1_936' title='bbox 2240 5130 2395 5200; x_wconf 80' lang='grc' dir='ltr'><strong>ἔχων,</strong></span> <span class='ocrx_word' id='word_1_937' title='bbox 2421 5132 2560 5186; x_wconf 72' lang='grc' dir='ltr'>αὐτὰ</span> <span class='ocrx_word' id='word_1_938' title='bbox 2587 5131 2701 5203; x_wconf 78' lang='grc' dir='ltr'><strong>ἔχει</strong></span> <span class='ocrx_word' id='word_1_939' title='bbox 2921 5133 3072 5205; x_wconf 74' lang='grc' dir='ltr'>παρὰ</span> <span class='ocrx_word' id='word_1_940' title='bbox 3114 5133 3207 5186; x_wconf 74' lang='grc' dir='ltr'>τοῦ</span> <span class='ocrx_word' id='word_1_941' title='bbox 3264 5135 3498 5206; x_wconf 64' lang='grc' dir='ltr'>Πατρός</span> <span class='ocrx_word' id='word_1_942' title='bbox 3550 5136 3662 5188; x_wconf 69' lang='grc' dir='ltr'><strong>καὶ</strong></span> <span class='ocrx_word' id='word_1_943' title='bbox 3700 5137 3736 5188; x_wconf 80' lang='grc' dir='ltr'>ὁ</span> 
     </span>
    </p>
   </div>
   <div class='ocr_carea' id='block_1_113' title="bbox 2122 5221 3735 5296">
    <p class='ocr_par' dir='ltr' id='par_1_113' title="bbox 2122 5221 3735 5296">
     <span class='ocr_line' id='line_1_113' title="bbox 2122 5221 3735 5296; baseline 0.003 -22"><span class='ocrx_word' id='word_1_944' title='bbox 2122 5221 2221 5292; x_wconf 81' lang='grc' dir='ltr'>μὲν</span> <span class='ocrx_word' id='word_1_945' title='bbox 2248 5222 2436 5293; x_wconf 78' lang='grc' dir='ltr'>Πατὴρ</span> <span class='ocrx_word' id='word_1_946' title='bbox 2468 5224 2526 5276; x_wconf 83' lang='grc' dir='ltr'><strong>οὐ</strong></span> <span class='ocrx_word' id='word_1_947' title='bbox 2558 5225 2708 5295; x_wconf 80' lang='grc' dir='ltr'>παρά</span> <span class='ocrx_word' id='word_1_948' title='bbox 2749 5242 2915 5289; x_wconf 80' lang='grc' dir='ltr'>τινος,</span> <span class='ocrx_word' id='word_1_949' title='bbox 2943 5227 2970 5278; x_wconf 87' lang='grc' dir='ltr'>ὁ</span> <span class='ocrx_word' id='word_1_950' title='bbox 3019 5225 3074 5279; x_wconf 86' lang='grc' dir='ltr'><strong>δὲ</strong></span> <span class='ocrx_word' id='word_1_951' title='bbox 3100 5226 3229 5288; x_wconf 74' lang='grc' dir='ltr'>Υἱὸς</span> <span class='ocrx_word' id='word_1_952' title='bbox 3258 5224 3410 5296; x_wconf 78' lang='grc' dir='ltr'>παρὰ</span> <span class='ocrx_word' id='word_1_953' title='bbox 3446 5225 3539 5278; x_wconf 81' lang='grc' dir='ltr'><strong>τοῦ</strong></span> <span class='ocrx_word' id='word_1_954' title='bbox 3589 5227 3735 5279; x_wconf 79' lang='grc' dir='ltr'><strong>Πα-</strong></span> 
     </span>
    </p>
   </div>
   <div class='ocr_carea' id='block_1_114' title="bbox 2115 5315 3738 5389">
    <p class='ocr_par' dir='ltr' id='par_1_114' title="bbox 2115 5315 3738 5389">
     <span class='ocr_line' id='line_1_114' title="bbox 2115 5315 3738 5389; baseline 0.002 -22"><span class='ocrx_word' id='word_1_955' title='bbox 2115 5315 2244 5386; x_wconf 73' lang='grc' dir='ltr'>τρδς</span> <span class='ocrx_word' id='word_1_956' title='bbox 2267 5316 2399 5386; x_wconf 77' lang='grc' dir='ltr'><strong>ἔχει.</strong></span> <span class='ocrx_word' id='word_1_957' title='bbox 2444 5317 2530 5381; x_wconf 83' lang='grc' dir='ltr'>Ὠς</span> <span class='ocrx_word' id='word_1_958' title='bbox 2581 5317 2810 5389; x_wconf 77' lang='grc' dir='ltr'>γὰρκαὶ</span> <span class='ocrx_word' id='word_1_959' title='bbox 2861 5318 2953 5371; x_wconf 76' lang='grc' dir='ltr'>ἐπὶ</span> <span class='ocrx_word' id='word_1_960' title='bbox 3014 5319 3105 5372; x_wconf 78' lang='grc' dir='ltr'>τοῦ</span> <span class='ocrx_word' id='word_1_961' title='bbox 3167 5319 3631 5388; x_wconf 68' lang='grc' dir='ltr'>ἀπαειγάσματος,</span> <span class='ocrx_word' id='word_1_962' title='bbox 3677 5320 3738 5372; x_wconf 81' lang='lat' dir='ltr'><strong>sl.</strong></span> 
     </span>
    </p>
   </div>
   <div class='ocr_carea' id='block_1_115' title="bbox 2118 5405 3738 5482">
    <p class='ocr_par' dir='ltr' id='par_1_115' title="bbox 2118 5405 3738 5482">
     <span class='ocr_line' id='line_1_115' title="bbox 2118 5405 3738 5482; baseline 0.004 -24"><span class='ocrx_word' id='word_1_963' title='bbox 2118 5405 2248 5459; x_wconf 72' lang='grc' dir='ltr'>αὐτὸ</span> <span class='ocrx_word' id='word_1_964' title='bbox 2270 5407 2332 5459; x_wconf 88' lang='lat'><strong>16</strong></span> <span class='ocrx_word' id='word_1_965' title='bbox 2357 5407 2697 5478; x_wconf 81' lang='grc' dir='ltr'>ἀπαύγασμα</span> <span class='ocrx_word' id='word_1_966' title='bbox 2753 5409 2922 5479; x_wconf 73' lang='grc' dir='ltr'>λέγοιο</span> <span class='ocrx_word' id='word_1_967' title='bbox 2959 5413 3144 5466; x_wconf 73' lang='grc' dir='ltr'>Πάντα</span> <span class='ocrx_word' id='word_1_968' title='bbox 3190 5413 3353 5465; x_wconf 86' lang='grc' dir='ltr'>τόπον</span> <span class='ocrx_word' id='word_1_969' title='bbox 3379 5412 3580 5465; x_wconf 75' lang='grc' dir='ltr'><strong>δέδωκὲ</strong></span> <span class='ocrx_word' id='word_1_970' title='bbox 3627 5429 3738 5482; x_wconf 75' lang='grc' dir='ltr'>μοι</span> 
     </span>
    </p>
   </div>
   <div class='ocr_carea' id='block_1_116' title="bbox 416 5312 1997 5387">
    <p class='ocr_par' dir='ltr' id='par_1_116' title="bbox 416 5312 1997 5387">
     <span class='ocr_line' id='line_1_116' title="bbox 416 5312 1997 5387; baseline 0.001 -18"><span class='ocrx_word' id='word_1_971' title='bbox 416 5312 616 5386; x_wconf 81' lang='lat' dir='ltr'><strong>Utique</strong></span> <span class='ocrx_word' id='word_1_972' title='bbox 654 5313 893 5371; x_wconf 78' lang='lat' dir='ltr'><strong>Verbum</strong></span> <span class='ocrx_word' id='word_1_973' title='bbox 936 5316 1107 5387; x_wconf 73' lang='lat' dir='ltr'><strong>magis</strong></span> <span class='ocrx_word' id='word_1_974' title='bbox 1139 5316 1243 5370; x_wconf 70' lang='lat' dir='ltr'><strong>fide</strong></span> <span class='ocrx_word' id='word_1_975' title='bbox 1274 5317 1498 5387; x_wconf 83' lang='lat' dir='ltr'><strong>dignum</strong></span> <span class='ocrx_word' id='word_1_976' title='bbox 1527 5325 1629 5382; x_wconf 82' lang='lat' dir='ltr'><strong>est,</strong></span> <span class='ocrx_word' id='word_1_977' title='bbox 1660 5317 1997 5385; x_wconf 85' lang='lat' dir='ltr'><strong>proindeque</strong></span> 
     </span>
    </p>
   </div>
   <div class='ocr_carea' id='block_1_117' title="bbox 416 5409 1997 5480">
    <p class='ocr_par' dir='ltr' id='par_1_117' title="bbox 416 5409 1997 5480">
     <span class='ocr_line' id='line_1_117' title="bbox 416 5409 1997 5480; baseline -0.001 -18"><span class='ocrx_word' id='word_1_978' title='bbox 416 5411 602 5465; x_wconf 87' lang='lat' dir='ltr'><strong>omnia</strong></span> <span class='ocrx_word' id='word_1_979' title='bbox 633 5426 754 5480; x_wconf 77' lang='lat' dir='ltr'><strong>qua:</strong></span> <span class='ocrx_word' id='word_1_980' title='bbox 787 5425 844 5465; x_wconf 90' lang='lat' dir='ltr'><strong>se</strong></span> <span class='ocrx_word' id='word_1_981' title='bbox 875 5426 904 5465; x_wconf 86' lang='lat' dir='ltr'><strong>a</strong></span> <span class='ocrx_word' id='word_1_982' title='bbox 927 5409 1084 5464; x_wconf 83' lang='lat' dir='ltr'><strong>Patre</strong></span> <span class='ocrx_word' id='word_1_983' title='bbox 1103 5409 1382 5479; x_wconf 87' lang='lat' dir='ltr'><strong>accepisse</strong></span> <span class='ocrx_word' id='word_1_984' title='bbox 1403 5418 1656 5475; x_wconf 81' lang='lat' dir='ltr'><strong>testatur,</strong></span> <span class='ocrx_word' id='word_1_985' title='bbox 1688 5425 1750 5464; x_wconf 89' lang='lat' dir='ltr'><strong>ea</strong></span> <span class='ocrx_word' id='word_1_986' title='bbox 1781 5421 1997 5477; x_wconf 88' lang='lat' dir='ltr'><strong>semper</strong></span> 
     </span>
    </p>
   </div>
   <div class='ocr_carea' id='block_1_118' title="bbox 489 5531 3737 5608">
    <p class='ocr_par' dir='ltr' id='par_1_118' title="bbox 489 5531 3737 5608">
     <span class='ocr_line' id='line_1_118' title="bbox 489 5531 3737 5608; baseline 0.002 -13"><span class='ocrx_word' id='word_1_987' title='bbox 489 5545 507 5574; x_wconf 79' lang='lat'>-&#39;</span> <span class='ocrx_word' id='word_1_988' title='bbox 543 5541 703 5595; x_wconf 78' lang='lat' dir='ltr'><strong>Joan.</strong></span> <span class='ocrx_word' id='word_1_989' title='bbox 733 5538 917 5601; x_wconf 72' lang='lat'><strong>111,55.</strong></span> <span class='ocrx_word' id='word_1_990' title='bbox 995 5539 1016 5569; x_wconf 80' lang='lat'>&#39;</span> <span class='ocrx_word' id='word_1_991' title='bbox 1048 5534 1236 5590; x_wconf 84' lang='lat' dir='ltr'><strong>Matth.</strong></span> <span class='ocrx_word' id='word_1_992' title='bbox 1270 5533 1489 5608; x_wconf 42' lang='grc' dir='ltr'><strong>κιρ-27η</strong></span> <span class='ocrx_word' id='word_1_993' title='bbox 1541 5531 1745 5608; x_wconf 67' lang='lat' dir='ltr'><strong>fJoan.</strong></span> <span class='ocrx_word' id='word_1_994' title='bbox 1778 5531 1942 5608; x_wconf 79' lang='lat' dir='ltr'><strong>v,_5_0.</strong></span> <span class='ocrx_word' id='word_1_995' title='bbox 2019 5534 2218 5591; x_wconf 63' lang='lat' dir='ltr'><strong>‘Joan.</strong></span> <span class='ocrx_word' id='word_1_996' title='bbox 2244 5551 2350 5603; x_wconf 71' lang='lat' dir='ltr'><strong>xvi,</strong></span> <span class='ocrx_word' id='word_1_997' title='bbox 2385 5535 2474 5591; x_wconf 75' lang='lat' dir='ltr'><strong>i5.</strong></span> <span class='ocrx_word' id='word_1_998' title='bbox 2550 5538 2570 5568; x_wconf 84' lang='lat'>&#39;</span> <span class='ocrx_word' id='word_1_999' title='bbox 2601 5534 2757 5591; x_wconf 77' lang='lat' dir='ltr'><strong>Joan.</strong></span> <span class='ocrx_word' id='word_1_1000' title='bbox 2792 5550 2925 5602; x_wconf 77' lang='lat' dir='ltr'><strong>xvu,</strong></span> <span class='ocrx_word' id='word_1_1001' title='bbox 2957 5536 3043 5590; x_wconf 79' lang='grc' dir='ltr'><strong>ιο.</strong></span> <span class='ocrx_word' id='word_1_1002' title='bbox 3121 5535 3142 5568; x_wconf 82' lang='grc'><strong><em>⁸</em></strong></span> <span class='ocrx_word' id='word_1_1003' title='bbox 3170 5537 3360 5596; x_wconf 78' lang='lat' dir='ltr'><strong>Matth.</strong></span> <span class='ocrx_word' id='word_1_1004' title='bbox 3399 5542 3737 5608; x_wconf 67' lang='lat' dir='ltr'><strong>xxvut,18.</strong></span> 
     </span>
    </p>
   </div>
   <div class='ocr_carea' id='block_1_119' title="bbox 423 5601 1901 5677">
    <p class='ocr_par' dir='ltr' id='par_1_119' title="bbox 423 5601 1901 5677">
     <span class='ocr_line' id='line_1_119' title="bbox 423 5601 1901 5677; baseline -0.006 -9"><span class='ocrx_word' id='word_1_1005' title='bbox 423 5614 443 5645; x_wconf 82' lang='lat'><strong>&#39;</strong></span> <span class='ocrx_word' id='word_1_1006' title='bbox 467 5612 630 5668; x_wconf 75' lang='lat' dir='ltr'><strong>Joan.</strong></span> <span class='ocrx_word' id='word_1_1007' title='bbox 672 5627 726 5677; x_wconf 73' lang='grc' dir='ltr'><strong>ι,</strong></span> <span class='ocrx_word' id='word_1_1008' title='bbox 759 5611 845 5662; x_wconf 77' lang='grc'><strong>18.</strong></span> <span class='ocrx_word' id='word_1_1009' title='bbox 924 5609 945 5642; x_wconf 85' lang='grc'><strong>⁸</strong></span> <span class='ocrx_word' id='word_1_1010' title='bbox 976 5609 1171 5664; x_wconf 81' lang='lat' dir='ltr'><strong>Matth.</strong></span> <span class='ocrx_word' id='word_1_1011' title='bbox 1205 5622 1280 5674; x_wconf 70' lang='grc' dir='ltr'><strong>ιι,</strong></span> <span class='ocrx_word' id='word_1_1012' title='bbox 1308 5605 1397 5659; x_wconf 72' lang='lat'><strong>27.</strong></span> <span class='ocrx_word' id='word_1_1013' title='bbox 1475 5607 1495 5639; x_wconf 84' lang='lat'><strong>’</strong></span> <span class='ocrx_word' id='word_1_1014' title='bbox 1532 5601 1692 5659; x_wconf 84' lang='lat' dir='ltr'><strong>Joan.</strong></span> <span class='ocrx_word' id='word_1_1015' title='bbox 1729 5620 1780 5658; x_wconf 80' lang='lat' dir='ltr'><strong>v.</strong></span> <span class='ocrx_word' id='word_1_1016' title='bbox 1813 5604 1901 5660; x_wconf 69' lang='grc'><strong>26.</strong></span> 
     </span>
    </p>
   </div>
  </div>
