  <div class='ocr_page' id='page_1' title='image "/cluster/home/n/w/nwhite01/storage/ocr_20150623/130/hvd.32044073502387/222.png"; bbox 0 0 2047 3102; ppageno 0'>
   <div class='ocr_carea' id='block_1_1' title="bbox 845 98 969 107">
    <p class='ocr_par' dir='ltr' id='par_1_1' title="bbox 845 98 969 107">
     <span class='ocr_line' id='line_1_1' title="bbox 845 98 969 107; baseline -0.008 0"><span class='ocrx_word' id='word_1_1' title='bbox 845 98 880 102; x_wconf 60' lang='grc' dir='ltr'><strong>&gt;υσ</strong></span> <span class='ocrx_word' id='word_1_2' title='bbox 898 98 969 107; x_wconf 59' lang='grc' dir='ltr'><strong>δυ.</strong></span> 
     </span>
    </p>
   </div>
   <div class='ocr_carea' id='block_1_2' title="bbox 177 154 228 186">
    <p class='ocr_par' dir='ltr' id='par_1_2' title="bbox 177 154 228 186">
     <span class='ocr_line' id='line_1_2' title="bbox 177 154 228 186; baseline -0.02 0"><span class='ocrx_word' id='word_1_3' title='bbox 177 154 228 186; x_wconf 61' lang='grc'><strong>433</strong></span> 
     </span>
    </p>
   </div>
   <div class='ocr_carea' id='block_1_3' title="bbox 701 154 1356 185">
    <p class='ocr_par' dir='ltr' id='par_1_3' title="bbox 701 154 1356 185">
     <span class='ocr_line' id='line_1_3' title="bbox 701 154 1356 185; baseline -0.002 0"><span class='ocrx_word' id='word_1_4' title='bbox 701 154 889 185; x_wconf 80' lang='lat' dir='ltr'><strong>PANOPLIA</strong></span> <span class='ocrx_word' id='word_1_5' title='bbox 910 154 1189 185; x_wconf 65' lang='lat' dir='ltr'><strong>DOGMATICA.~</strong></span> <span class='ocrx_word' id='word_1_6' title='bbox 1208 155 1273 184; x_wconf 84' lang='lat' dir='ltr'><strong>TI&#39;I‘</strong></span> <span class='ocrx_word' id='word_1_7' title='bbox 1306 155 1356 185; x_wconf 81' lang='lat' dir='ltr'><strong>XI.</strong></span> 
     </span>
    </p>
   </div>
   <div class='ocr_carea' id='block_1_4' title="bbox 1763 150 1813 183">
    <p class='ocr_par' dir='ltr' id='par_1_4' title="bbox 1763 150 1813 183">
     <span class='ocr_line' id='line_1_4' title="bbox 1763 150 1813 183; baseline -0.02 0"><span class='ocrx_word' id='word_1_8' title='bbox 1763 150 1813 183; x_wconf 60' lang='lat' dir='ltr'><strong>iiii</strong></span> 
     </span>
    </p>
   </div>
   <div class='ocr_carea' id='block_1_5' title="bbox 175 215 977 257">
    <p class='ocr_par' dir='ltr' id='par_1_5' title="bbox 175 219 972 257">
     <span class='ocr_line' id='line_1_5' title="bbox 175 219 972 257; baseline 0.004 -11"><span class='ocrx_word' id='word_1_9' title='bbox 175 221 206 247; x_wconf 80' lang='grc' dir='ltr'><strong>τὺ</strong></span> <span class='ocrx_word' id='word_1_10' title='bbox 224 219 283 254; x_wconf 82' lang='grc' dir='ltr'><strong>φῶς</strong></span> <span class='ocrx_word' id='word_1_11' title='bbox 302 219 443 254; x_wconf 79' lang='grc' dir='ltr'>φωτῖζειν·</span> <span class='ocrx_word' id='word_1_12' title='bbox 457 220 503 247; x_wconf 83' lang='grc' dir='ltr'><strong>καὶ</strong></span> <span class='ocrx_word' id='word_1_13' title='bbox 512 220 563 247; x_wconf 79' lang='grc' dir='ltr'>οὔκ</span> <span class='ocrx_word' id='word_1_14' title='bbox 579 221 627 248; x_wconf 73' lang='grc' dir='ltr'><strong>ἀπ’</strong></span> <span class='ocrx_word' id='word_1_15' title='bbox 645 221 764 257; x_wconf 75' lang='grc' dir='ltr'><strong>ἐμαυτοῦ</strong></span> <span class='ocrx_word' id='word_1_16' title='bbox 779 222 898 257; x_wconf 77' lang='grc' dir='ltr'>φωτίζω,</span> <span class='ocrx_word' id='word_1_17' title='bbox 914 222 972 250; x_wconf 79' lang='grc' dir='ltr'><strong>ἀλλ’</strong></span> 
     </span>
    </p>
   </div>
   <div class='ocr_carea' id='block_1_6' title="bbox 1027 215 1813 257">
    <p class='ocr_par' dir='ltr' id='par_1_6' title="bbox 1027 215 1813 252">
     <span class='ocr_line' id='line_1_6' title="bbox 1027 215 1813 252; baseline -0.004 -6"><span class='ocrx_word' id='word_1_18' title='bbox 1027 219 1139 252; x_wconf 88' lang='lat' dir='ltr'><strong>habens,</strong></span> <span class='ocrx_word' id='word_1_19' title='bbox 1154 226 1168 245; x_wconf 89' lang='lat' dir='ltr'><strong>a</strong></span> <span class='ocrx_word' id='word_1_20' title='bbox 1185 218 1265 245; x_wconf 78' lang='lat' dir='ltr'><strong>Patre</strong></span> <span class='ocrx_word' id='word_1_21' title='bbox 1285 217 1374 245; x_wconf 86' lang='lat' dir='ltr'><strong>habet.</strong></span> <span class='ocrx_word' id='word_1_22' title='bbox 1396 216 1482 244; x_wconf 86' lang='lat' dir='ltr'><strong>Porro</strong></span> <span class='ocrx_word' id='word_1_23' title='bbox 1504 216 1583 244; x_wconf 85' lang='lat' dir='ltr'><strong>Pater</strong></span> <span class='ocrx_word' id='word_1_24' title='bbox 1607 215 1652 243; x_wconf 85' lang='lat' dir='ltr'><strong>illa</strong></span> <span class='ocrx_word' id='word_1_25' title='bbox 1674 223 1688 242; x_wconf 89' lang='lat' dir='ltr'><strong>a</strong></span> <span class='ocrx_word' id='word_1_26' title='bbox 1706 217 1813 244; x_wconf 83' lang='lat' dir='ltr'><strong>nemine</strong></span> 
     </span>
    </p>
   </div>
   <div class='ocr_carea' id='block_1_7' title="bbox 173 264 973 301">
    <p class='ocr_par' dir='ltr' id='par_1_7' title="bbox 173 264 973 301">
     <span class='ocr_line' id='line_1_7' title="bbox 173 264 973 301; baseline 0.005 -11"><span class='ocrx_word' id='word_1_27' title='bbox 173 264 214 296; x_wconf 82' lang='grc' dir='ltr'><strong>ὡς</strong></span> <span class='ocrx_word' id='word_1_28' title='bbox 230 264 261 291; x_wconf 80' lang='lat'><strong>16</strong></span> <span class='ocrx_word' id='word_1_29' title='bbox 274 264 333 299; x_wconf 81' lang='grc' dir='ltr'>φῶς</span> <span class='ocrx_word' id='word_1_30' title='bbox 352 264 486 300; x_wconf 82' lang='grc' dir='ltr'>βούλεται·</span> <span class='ocrx_word' id='word_1_31' title='bbox 501 265 580 292; x_wconf 78' lang='grc' dir='ltr'>τοῦτο</span> <span class='ocrx_word' id='word_1_32' title='bbox 598 265 626 292; x_wconf 79' lang='grc' dir='ltr'><strong>δὲ</strong></span> <span class='ocrx_word' id='word_1_33' title='bbox 640 265 719 301; x_wconf 73' lang='grc' dir='ltr'>λέγον</span> <span class='ocrx_word' id='word_1_34' title='bbox 731 283 740 296; x_wconf 74' lang='grc' dir='ltr'><strong>ν</strong></span> <span class='ocrx_word' id='word_1_35' title='bbox 816 267 846 293; x_wconf 87' lang='grc' dir='ltr'>οὐ</span> <span class='ocrx_word' id='word_1_36' title='bbox 864 267 894 293; x_wconf 87' lang='grc' dir='ltr'><strong>τό</strong></span> <span class='ocrx_word' id='word_1_37' title='bbox 908 276 973 294; x_wconf 81' lang='grc' dir='ltr'>ποτε</span> 
     </span>
    </p>
   </div>
   <div class='ocr_carea' id='block_1_8' title="bbox 177 311 974 348">
    <p class='ocr_par' dir='ltr' id='par_1_8' title="bbox 177 311 974 348">
     <span class='ocr_line' id='line_1_8' title="bbox 177 311 974 348; baseline 0.006 -12"><span class='ocrx_word' id='word_1_38' title='bbox 177 311 215 346; x_wconf 81' lang='grc' dir='ltr'>μὴ</span> <span class='ocrx_word' id='word_1_39' title='bbox 231 311 305 346; x_wconf 74' lang='grc' dir='ltr'>ἔχειν</span> <span class='ocrx_word' id='word_1_40' title='bbox 319 311 399 337; x_wconf 75' lang='grc' dir='ltr'>ἑαυτὸ</span> <span class='ocrx_word' id='word_1_41' title='bbox 414 311 549 338; x_wconf 82' lang='grc' dir='ltr'>δείκνυσιν</span> <span class='ocrx_word' id='word_1_42' title='bbox 560 332 567 345; x_wconf 96' lang='grc'><strong>,</strong></span> <span class='ocrx_word' id='word_1_43' title='bbox 592 312 649 339; x_wconf 83' lang='grc' dir='ltr'><strong>ἀλλ’</strong></span> <span class='ocrx_word' id='word_1_44' title='bbox 664 313 707 339; x_wconf 82' lang='grc' dir='ltr'>ὅτι</span> <span class='ocrx_word' id='word_1_45' title='bbox 729 313 777 339; x_wconf 85' lang='grc' dir='ltr'>τοῦ</span> <span class='ocrx_word' id='word_1_46' title='bbox 804 314 892 348; x_wconf 70' lang='grc' dir='ltr'>φωτὸς</span> <span class='ocrx_word' id='word_1_47' title='bbox 909 314 974 341; x_wconf 78' lang='grc' dir='ltr'>ἴδιόν</span> 
     </span>
    </p>
   </div>
   <div class='ocr_carea' id='block_1_9' title="bbox 175 356 973 393">
    <p class='ocr_par' dir='ltr' id='par_1_9' title="bbox 175 356 973 393">
     <span class='ocr_line' id='line_1_9' title="bbox 175 356 973 393; baseline 0.005 -11"><span class='ocrx_word' id='word_1_48' title='bbox 175 356 246 391; x_wconf 78' lang='grc' dir='ltr'>ειμι,</span> <span class='ocrx_word' id='word_1_49' title='bbox 262 356 311 383; x_wconf 79' lang='grc' dir='ltr'><strong>καὶ</strong></span> <span class='ocrx_word' id='word_1_50' title='bbox 326 357 360 383; x_wconf 72' lang='grc' dir='ltr'><strong>τὰ</strong></span> <span class='ocrx_word' id='word_1_51' title='bbox 386 357 492 383; x_wconf 78' lang='grc' dir='ltr'>ἐκείνου</span> <span class='ocrx_word' id='word_1_52' title='bbox 510 357 600 385; x_wconf 85' lang='grc' dir='ltr'>πάντα</span> <span class='ocrx_word' id='word_1_53' title='bbox 629 358 683 393; x_wconf 79' lang='grc' dir='ltr'>ἐμά</span> <span class='ocrx_word' id='word_1_54' title='bbox 708 358 792 386; x_wconf 78' lang='grc' dir='ltr'>ἐστιν.</span> <span class='ocrx_word' id='word_1_55' title='bbox 817 359 909 391; x_wconf 82' lang='grc' dir='ltr'><strong>Οὕτως</strong></span> <span class='ocrx_word' id='word_1_56' title='bbox 925 360 973 386; x_wconf 74' lang='grc' dir='ltr'>καὶ</span> 
     </span>
    </p>
   </div>
   <div class='ocr_carea' id='block_1_10' title="bbox 176 400 974 439">
    <p class='ocr_par' dir='ltr' id='par_1_10' title="bbox 176 400 974 439">
     <span class='ocr_line' id='line_1_10' title="bbox 176 400 974 439; baseline 0.006 -13"><span class='ocrx_word' id='word_1_57' title='bbox 176 400 259 427; x_wconf 79' lang='grc' dir='ltr'>πλέον</span> <span class='ocrx_word' id='word_1_58' title='bbox 344 401 390 427; x_wconf 75' lang='grc' dir='ltr'><strong>ἐπὶ</strong></span> <span class='ocrx_word' id='word_1_59' title='bbox 406 400 453 427; x_wconf 88' lang='grc' dir='ltr'>τοῦ</span> <span class='ocrx_word' id='word_1_60' title='bbox 466 401 532 427; x_wconf 76' lang='grc' dir='ltr'>Υῐοῦ</span> <span class='ocrx_word' id='word_1_61' title='bbox 550 403 620 428; x_wconf 83' lang='grc' dir='ltr'>νοεῖν</span> <span class='ocrx_word' id='word_1_62' title='bbox 634 401 733 435; x_wconf 73' lang='grc' dir='ltr'>ἔξεστι.</span> <span class='ocrx_word' id='word_1_63' title='bbox 748 402 804 429; x_wconf 77' lang='grc' dir='ltr'><strong>Καὶ</strong></span> <span class='ocrx_word' id='word_1_64' title='bbox 815 402 870 439; x_wconf 87' lang='grc' dir='ltr'><strong>γὰρ</strong></span> <span class='ocrx_word' id='word_1_65' title='bbox 884 403 974 431; x_wconf 84' lang='grc' dir='ltr'>πάντα</span> 
     </span>
    </p>
   </div>
   <div class='ocr_carea' id='block_1_11' title="bbox 175 446 973 485">
    <p class='ocr_par' dir='ltr' id='par_1_11' title="bbox 175 446 973 485">
     <span class='ocr_line' id='line_1_11' title="bbox 175 446 973 485; baseline 0.005 -13"><span class='ocrx_word' id='word_1_66' title='bbox 175 446 302 478; x_wconf 79' lang='grc' dir='ltr'>δεδωκὼς</span> <span class='ocrx_word' id='word_1_67' title='bbox 318 448 332 473; x_wconf 85' lang='grc' dir='ltr'><strong><em>ὸ</em></strong></span> <span class='ocrx_word' id='word_1_68' title='bbox 346 447 443 483; x_wconf 83' lang='grc' dir='ltr'>Πατὴρ</span> <span class='ocrx_word' id='word_1_69' title='bbox 457 446 496 482; x_wconf 88' lang='grc' dir='ltr'><strong>τῷ</strong></span> <span class='ocrx_word' id='word_1_70' title='bbox 511 447 578 483; x_wconf 83' lang='grc' dir='ltr'>Υῐῷ,</span> <span class='ocrx_word' id='word_1_71' title='bbox 602 448 691 474; x_wconf 79' lang='grc' dir='ltr'>πάντα</span> <span class='ocrx_word' id='word_1_72' title='bbox 710 447 790 475; x_wconf 83' lang='grc' dir='ltr'>πάλιν</span> <span class='ocrx_word' id='word_1_73' title='bbox 804 449 818 475; x_wconf 89' lang='lat'><strong>6</strong></span> <span class='ocrx_word' id='word_1_74' title='bbox 834 449 930 485; x_wconf 84' lang='grc' dir='ltr'>Πατὴρ</span> <span class='ocrx_word' id='word_1_75' title='bbox 944 450 973 477; x_wconf 82' lang='grc' dir='ltr'>ὲν</span> 
     </span>
    </p>
   </div>
   <div class='ocr_carea' id='block_1_12' title="bbox 176 492 974 530">
    <p class='ocr_par' dir='ltr' id='par_1_12' title="bbox 176 492 974 530">
     <span class='ocr_line' id='line_1_12' title="bbox 176 492 974 530; baseline 0.005 -11"><span class='ocrx_word' id='word_1_76' title='bbox 176 493 217 528; x_wconf 84' lang='grc' dir='ltr'>τῷ</span> <span class='ocrx_word' id='word_1_77' title='bbox 236 493 295 529; x_wconf 76' lang='grc' dir='ltr'><strong>Υῑῷ</strong></span> <span class='ocrx_word' id='word_1_78' title='bbox 308 492 377 529; x_wconf 77' lang='grc' dir='ltr'>ἔχει·</span> <span class='ocrx_word' id='word_1_79' title='bbox 390 493 497 520; x_wconf 77' lang='grc' dir='ltr'>καὶτοῦ</span> <span class='ocrx_word' id='word_1_80' title='bbox 516 493 581 520; x_wconf 85' lang='grc' dir='ltr'><strong>Υἱοῦ</strong></span> <span class='ocrx_word' id='word_1_81' title='bbox 604 494 632 520; x_wconf 74' lang='grc' dir='ltr'><strong>δὲ</strong></span> <span class='ocrx_word' id='word_1_82' title='bbox 647 494 765 530; x_wconf 79' lang='grc' dir='ltr'>ἔχοντος,</span> <span class='ocrx_word' id='word_1_83' title='bbox 793 495 874 522; x_wconf 82' lang='grc' dir='ltr'>πάλιν</span> <span class='ocrx_word' id='word_1_84' title='bbox 887 496 902 521; x_wconf 97' lang='lat'><strong>6</strong></span> <span class='ocrx_word' id='word_1_85' title='bbox 917 496 974 523; x_wconf 84' lang='grc' dir='ltr'><strong>Πα-</strong></span> 
     </span>
    </p>
   </div>
   <div class='ocr_carea' id='block_1_13' title="bbox 177 537 973 575">
    <p class='ocr_par' dir='ltr' id='par_1_13' title="bbox 177 537 973 575">
     <span class='ocr_line' id='line_1_13' title="bbox 177 537 973 575; baseline 0.004 -12"><span class='ocrx_word' id='word_1_86' title='bbox 177 538 230 573; x_wconf 76' lang='grc' dir='ltr'>τὴρ</span> <span class='ocrx_word' id='word_1_87' title='bbox 254 537 325 564; x_wconf 81' lang='grc' dir='ltr'>αὐτὰ</span> <span class='ocrx_word' id='word_1_88' title='bbox 340 538 407 572; x_wconf 72' lang='grc' dir='ltr'>ἔχει.</span> <span class='ocrx_word' id='word_1_89' title='bbox 503 538 535 565; x_wconf 83' lang='grc' dir='ltr'><strong><em>Ἦ</em></strong></span> <span class='ocrx_word' id='word_1_90' title='bbox 554 538 609 574; x_wconf 89' lang='grc' dir='ltr'><strong>γὰρ</strong></span> <span class='ocrx_word' id='word_1_91' title='bbox 641 538 687 565; x_wconf 81' lang='grc' dir='ltr'>τοῦ</span> <span class='ocrx_word' id='word_1_92' title='bbox 709 538 774 565; x_wconf 84' lang='grc' dir='ltr'>Υἱοῦ</span> <span class='ocrx_word' id='word_1_93' title='bbox 802 539 896 575; x_wconf 81' lang='grc' dir='ltr'>θεότης</span> <span class='ocrx_word' id='word_1_94' title='bbox 925 539 973 566; x_wconf 75' lang='grc' dir='ltr'>τοῦ</span> 
     </span>
    </p>
   </div>
   <div class='ocr_carea' id='block_1_14' title="bbox 179 583 973 621">
    <p class='ocr_par' dir='ltr' id='par_1_14' title="bbox 179 583 973 621">
     <span class='ocr_line' id='line_1_14' title="bbox 179 583 973 621; baseline 0.001 -10"><span class='ocrx_word' id='word_1_95' title='bbox 179 584 286 620; x_wconf 78' lang='grc' dir='ltr'>Πατρὸς</span> <span class='ocrx_word' id='word_1_96' title='bbox 298 583 395 619; x_wconf 82' lang='grc' dir='ltr'>θεότης</span> <span class='ocrx_word' id='word_1_97' title='bbox 410 583 477 610; x_wconf 69' lang='grc' dir='ltr'><strong>ἐστί·</strong></span> <span class='ocrx_word' id='word_1_98' title='bbox 503 585 549 617; x_wconf 66' lang='grc' dir='ltr'><strong>καὶ</strong></span> <span class='ocrx_word' id='word_1_99' title='bbox 574 584 661 616; x_wconf 80' lang='grc' dir='ltr'>οὕτως</span> <span class='ocrx_word' id='word_1_100' title='bbox 679 585 693 610; x_wconf 90' lang='lat'><strong>6</strong></span> <span class='ocrx_word' id='word_1_101' title='bbox 707 584 803 620; x_wconf 80' lang='grc' dir='ltr'>Πατὴρ</span> <span class='ocrx_word' id='word_1_102' title='bbox 817 585 846 611; x_wconf 81' lang='grc' dir='ltr'>ἐν</span> <span class='ocrx_word' id='word_1_103' title='bbox 862 585 901 620; x_wconf 82' lang='grc' dir='ltr'>τῷ</span> <span class='ocrx_word' id='word_1_104' title='bbox 917 585 973 621; x_wconf 81' lang='grc' dir='ltr'><strong>Υῑῷ</strong></span> 
     </span>
    </p>
   </div>
   <div class='ocr_carea' id='block_1_15' title="bbox 177 630 707 666">
    <p class='ocr_par' dir='ltr' id='par_1_15' title="bbox 177 630 707 666">
     <span class='ocr_line' id='line_1_15' title="bbox 177 630 707 666; baseline 0 -10"><span class='ocrx_word' id='word_1_105' title='bbox 177 630 234 656; x_wconf 80' lang='grc' dir='ltr'><strong>τῶν</strong></span> <span class='ocrx_word' id='word_1_106' title='bbox 249 630 360 657; x_wconf 83' lang='grc' dir='ltr'>πάντων</span> <span class='ocrx_word' id='word_1_107' title='bbox 371 630 421 665; x_wconf 75' lang='grc' dir='ltr'>τὴν</span> <span class='ocrx_word' id='word_1_108' title='bbox 438 630 563 666; x_wconf 77' lang='grc' dir='ltr'>πρόνοιαν</span> <span class='ocrx_word' id='word_1_109' title='bbox 577 632 707 657; x_wconf 75' lang='grc' dir='ltr'>ποιεῖται.</span> 
     </span>
    </p>
   </div>
   <div class='ocr_carea' id='block_1_16' title="bbox 1027 262 1812 297">
    <p class='ocr_par' dir='ltr' id='par_1_16' title="bbox 1027 262 1812 297">
     <span class='ocr_line' id='line_1_16' title="bbox 1027 262 1812 297; baseline -0.004 -4"><span class='ocrx_word' id='word_1_110' title='bbox 1027 266 1118 297; x_wconf 89' lang='lat' dir='ltr'><strong>habet.</strong></span> <span class='ocrx_word' id='word_1_111' title='bbox 1135 266 1181 293; x_wconf 89' lang='lat' dir='ltr'><strong>sed</strong></span> <span class='ocrx_word' id='word_1_112' title='bbox 1197 265 1282 292; x_wconf 84' lang='lat' dir='ltr'><strong>Filius</strong></span> <span class='ocrx_word' id='word_1_113' title='bbox 1296 264 1376 291; x_wconf 88' lang='lat' dir='ltr'><strong>habet</strong></span> <span class='ocrx_word' id='word_1_114' title='bbox 1395 272 1410 291; x_wconf 89' lang='lat' dir='ltr'><strong>a</strong></span> <span class='ocrx_word' id='word_1_115' title='bbox 1423 263 1512 291; x_wconf 81' lang='lat' dir='ltr'><strong>Patre.</strong></span> <span class='ocrx_word' id='word_1_116' title='bbox 1531 262 1599 290; x_wconf 82' lang='lat' dir='ltr'><strong>Nam</strong></span> <span class='ocrx_word' id='word_1_117' title='bbox 1617 266 1646 290; x_wconf 88' lang='lat' dir='ltr'><strong>ut</strong></span> <span class='ocrx_word' id='word_1_118' title='bbox 1662 262 1812 296; x_wconf 80' lang='lat' dir='ltr'><strong>splendoris</strong></span> 
     </span>
    </p>
   </div>
   <div class='ocr_carea' id='block_1_17' title="bbox 1026 308 1809 346">
    <p class='ocr_par' dir='ltr' id='par_1_17' title="bbox 1026 308 1809 346">
     <span class='ocr_line' id='line_1_17' title="bbox 1026 308 1809 346; baseline -0.005 -8"><span class='ocrx_word' id='word_1_119' title='bbox 1026 312 1151 346; x_wconf 76' lang='lat' dir='ltr'><strong>exemplo</strong></span> <span class='ocrx_word' id='word_1_120' title='bbox 1168 315 1240 344; x_wconf 83' lang='lat' dir='ltr'><strong>utar,</strong></span> <span class='ocrx_word' id='word_1_121' title='bbox 1255 310 1277 338; x_wconf 87' lang='lat' dir='ltr'><strong>si</strong></span> <span class='ocrx_word' id='word_1_122' title='bbox 1291 311 1348 345; x_wconf 89' lang='lat' dir='ltr'><strong>ipse</strong></span> <span class='ocrx_word' id='word_1_123' title='bbox 1364 310 1492 345; x_wconf 86' lang='lat' dir='ltr'><strong>splendor</strong></span> <span class='ocrx_word' id='word_1_124' title='bbox 1507 309 1543 336; x_wconf 84' lang='lat' dir='ltr'><strong>ita</strong></span> <span class='ocrx_word' id='word_1_125' title='bbox 1553 309 1711 344; x_wconf 76' lang='lat' dir='ltr'><strong>loqueretur</strong></span> <span class='ocrx_word' id='word_1_126' title='bbox 1725 318 1732 335; x_wconf 90' lang='lat'><strong>:</strong></span> <span class='ocrx_word' id='word_1_127' title='bbox 1749 308 1809 335; x_wconf 82' lang='lat' dir='ltr'><strong>0m-</strong></span> 
     </span>
    </p>
   </div>
   <div class='ocr_carea' id='block_1_18' title="bbox 1026 354 1814 389">
    <p class='ocr_par' dir='ltr' id='par_1_18' title="bbox 1026 354 1814 389">
     <span class='ocr_line' id='line_1_18' title="bbox 1026 354 1814 389; baseline -0.006 -4"><span class='ocrx_word' id='word_1_128' title='bbox 1026 366 1088 385; x_wconf 88' lang='lat' dir='ltr'><strong>nem</strong></span> <span class='ocrx_word' id='word_1_129' title='bbox 1102 357 1192 384; x_wconf 92' lang='lat' dir='ltr'><strong>locum</strong></span> <span class='ocrx_word' id='word_1_130' title='bbox 1210 356 1274 383; x_wconf 89' lang='lat' dir='ltr'><strong>mihi</strong></span> <span class='ocrx_word' id='word_1_131' title='bbox 1292 356 1336 383; x_wconf 87' lang='lat' dir='ltr'><strong>lux</strong></span> <span class='ocrx_word' id='word_1_132' title='bbox 1352 356 1384 383; x_wconf 91' lang='lat' dir='ltr'><strong>ad</strong></span> <span class='ocrx_word' id='word_1_133' title='bbox 1399 354 1608 382; x_wconf 86' lang='lat' dir='ltr'><strong>illuminandum</strong></span> <span class='ocrx_word' id='word_1_134' title='bbox 1624 354 1708 386; x_wconf 83' lang='lat' dir='ltr'><strong>dedit,</strong></span> <span class='ocrx_word' id='word_1_135' title='bbox 1725 362 1814 389; x_wconf 83' lang='lat' dir='ltr'><strong>neque</strong></span> 
     </span>
    </p>
   </div>
   <div class='ocr_carea' id='block_1_19' title="bbox 1025 399 1814 437">
    <p class='ocr_par' dir='ltr' id='par_1_19' title="bbox 1025 399 1814 437">
     <span class='ocr_line' id='line_1_19' title="bbox 1025 399 1814 437; baseline -0.005 -6"><span class='ocrx_word' id='word_1_136' title='bbox 1025 411 1057 431; x_wconf 73' lang='lat' dir='ltr'><strong>ex</strong></span> <span class='ocrx_word' id='word_1_137' title='bbox 1077 403 1180 437; x_wconf 90' lang='lat' dir='ltr'><strong>meipso</strong></span> <span class='ocrx_word' id='word_1_138' title='bbox 1193 402 1327 433; x_wconf 86' lang='lat' dir='ltr'><strong>illumino,</strong></span> <span class='ocrx_word' id='word_1_139' title='bbox 1342 401 1388 428; x_wconf 88' lang='lat' dir='ltr'><strong>sed</strong></span> <span class='ocrx_word' id='word_1_140' title='bbox 1408 405 1437 428; x_wconf 85' lang='lat' dir='ltr'><strong>ut</strong></span> <span class='ocrx_word' id='word_1_141' title='bbox 1452 400 1503 428; x_wconf 92' lang='lat' dir='ltr'><strong>luci</strong></span> <span class='ocrx_word' id='word_1_142' title='bbox 1520 401 1628 435; x_wconf 84' lang='lat' dir='ltr'><strong>placet:</strong></span> <span class='ocrx_word' id='word_1_143' title='bbox 1649 407 1716 427; x_wconf 97' lang='lat' dir='ltr'><strong>sane</strong></span> <span class='ocrx_word' id='word_1_144' title='bbox 1739 399 1814 427; x_wconf 87' lang='lat' dir='ltr'><strong>hisee</strong></span> 
     </span>
    </p>
   </div>
   <div class='ocr_carea' id='block_1_20' title="bbox 1026 444 1813 479">
    <p class='ocr_par' dir='ltr' id='par_1_20' title="bbox 1026 444 1813 479">
     <span class='ocr_line' id='line_1_20' title="bbox 1026 444 1813 479; baseline -0.006 -3"><span class='ocrx_word' id='word_1_145' title='bbox 1026 449 1115 476; x_wconf 81' lang='lat' dir='ltr'><strong>verbis</strong></span> <span class='ocrx_word' id='word_1_146' title='bbox 1138 456 1191 475; x_wconf 93' lang='lat' dir='ltr'><strong>non</strong></span> <span class='ocrx_word' id='word_1_147' title='bbox 1216 447 1347 474; x_wconf 86' lang='lat' dir='ltr'><strong>indicaret</strong></span> <span class='ocrx_word' id='word_1_148' title='bbox 1372 453 1401 473; x_wconf 90' lang='lat' dir='ltr'><strong>se</strong></span> <span class='ocrx_word' id='word_1_149' title='bbox 1424 446 1569 479; x_wconf 86' lang='lat' dir='ltr'><strong>aliquando</strong></span> <span class='ocrx_word' id='word_1_150' title='bbox 1590 452 1644 472; x_wconf 91' lang='lat' dir='ltr'><strong>non</strong></span> <span class='ocrx_word' id='word_1_151' title='bbox 1674 444 1813 478; x_wconf 81' lang='lat' dir='ltr'><strong>habuisse,</strong></span> 
     </span>
    </p>
   </div>
   <div class='ocr_carea' id='block_1_21' title="bbox 1027 491 1812 529">
    <p class='ocr_par' dir='ltr' id='par_1_21' title="bbox 1027 491 1812 529">
     <span class='ocr_line' id='line_1_21' title="bbox 1027 491 1812 529; baseline -0.005 -7"><span class='ocrx_word' id='word_1_152' title='bbox 1027 495 1073 522; x_wconf 87' lang='lat' dir='ltr'><strong>sed</strong></span> <span class='ocrx_word' id='word_1_153' title='bbox 1091 495 1180 529; x_wconf 83' lang='lat' dir='ltr'><strong>potius</strong></span> <span class='ocrx_word' id='word_1_154' title='bbox 1200 501 1232 520; x_wconf 88' lang='lat' dir='ltr'><strong>ea</strong></span> <span class='ocrx_word' id='word_1_155' title='bbox 1253 496 1324 520; x_wconf 84' lang='lat' dir='ltr'><strong>esset</strong></span> <span class='ocrx_word' id='word_1_156' title='bbox 1338 491 1471 519; x_wconf 89' lang='lat' dir='ltr'><strong>sententia</strong></span> <span class='ocrx_word' id='word_1_157' title='bbox 1489 491 1566 526; x_wconf 83' lang='lat' dir='ltr'><strong>:Ego</strong></span> <span class='ocrx_word' id='word_1_158' title='bbox 1586 491 1655 518; x_wconf 78' lang='lat' dir='ltr'><strong>lucis</strong></span> <span class='ocrx_word' id='word_1_159' title='bbox 1668 499 1728 519; x_wconf 91' lang='lat' dir='ltr'><strong>sum</strong></span> <span class='ocrx_word' id='word_1_160' title='bbox 1747 499 1812 526; x_wconf 92' lang='lat' dir='ltr'><strong>pro-</strong></span> 
     </span>
    </p>
   </div>
   <div class='ocr_carea' id='block_1_22' title="bbox 1027 536 1813 575">
    <p class='ocr_par' dir='ltr' id='par_1_22' title="bbox 1027 536 1813 575">
     <span class='ocr_line' id='line_1_22' title="bbox 1027 536 1813 575; baseline -0.003 -8"><span class='ocrx_word' id='word_1_161' title='bbox 1027 540 1112 575; x_wconf 81' lang='lat' dir='ltr'><strong>prius,</strong></span> <span class='ocrx_word' id='word_1_162' title='bbox 1129 540 1242 574; x_wconf 77' lang='lat' dir='ltr'><strong>ejusque</strong></span> <span class='ocrx_word' id='word_1_163' title='bbox 1267 538 1358 565; x_wconf 84' lang='lat' dir='ltr'><strong>omnia</strong></span> <span class='ocrx_word' id='word_1_164' title='bbox 1380 544 1440 564; x_wconf 82' lang='lat' dir='ltr'><strong>mea</strong></span> <span class='ocrx_word' id='word_1_165' title='bbox 1459 541 1532 564; x_wconf 89' lang='lat' dir='ltr'><strong>sunt.</strong></span> <span class='ocrx_word' id='word_1_166' title='bbox 1552 536 1624 563; x_wconf 85' lang='lat' dir='ltr'><strong>Idem</strong></span> <span class='ocrx_word' id='word_1_167' title='bbox 1649 537 1774 565; x_wconf 79' lang='lat' dir='ltr'><strong>similiter</strong></span> <span class='ocrx_word' id='word_1_168' title='bbox 1786 542 1813 565; x_wconf 87' lang='lat' dir='ltr'><strong>et</strong></span> 
     </span>
    </p>
   </div>
   <div class='ocr_carea' id='block_1_23' title="bbox 1026 582 1813 620">
    <p class='ocr_par' dir='ltr' id='par_1_23' title="bbox 1026 582 1813 620">
     <span class='ocr_line' id='line_1_23' title="bbox 1026 582 1813 620; baseline -0.003 -8"><span class='ocrx_word' id='word_1_169' title='bbox 1026 582 1112 613; x_wconf 78' lang='lat' dir='ltr'><strong>multo</strong></span> <span class='ocrx_word' id='word_1_170' title='bbox 1130 586 1215 620; x_wconf 83' lang='lat' dir='ltr'><strong>magis</strong></span> <span class='ocrx_word' id='word_1_171' title='bbox 1228 585 1261 612; x_wconf 90' lang='lat' dir='ltr'><strong>de</strong></span> <span class='ocrx_word' id='word_1_172' title='bbox 1274 584 1341 611; x_wconf 81' lang='lat' dir='ltr'><strong>Filio</strong></span> <span class='ocrx_word' id='word_1_173' title='bbox 1355 583 1558 618; x_wconf 85' lang='lat' dir='ltr'><strong>intelligendum</strong></span> <span class='ocrx_word' id='word_1_174' title='bbox 1571 587 1621 610; x_wconf 82' lang='lat' dir='ltr'><strong>est.</strong></span> <span class='ocrx_word' id='word_1_175' title='bbox 1634 582 1730 610; x_wconf 87' lang='lat' dir='ltr'><strong>Omnia</strong></span> <span class='ocrx_word' id='word_1_176' title='bbox 1741 584 1813 610; x_wconf 88' lang='lat' dir='ltr'><strong>enitn</strong></span> 
     </span>
    </p>
   </div>
   <div class='ocr_carea' id='block_1_24' title="bbox 1027 629 1812 662">
    <p class='ocr_par' dir='ltr' id='par_1_24' title="bbox 1027 629 1812 662">
     <span class='ocr_line' id='line_1_24' title="bbox 1027 629 1812 662; baseline -0.004 -4"><span class='ocrx_word' id='word_1_177' title='bbox 1027 631 1108 659; x_wconf 85' lang='lat' dir='ltr'><strong>Pater</strong></span> <span class='ocrx_word' id='word_1_178' title='bbox 1133 631 1202 658; x_wconf 84' lang='lat' dir='ltr'><strong>Filio</strong></span> <span class='ocrx_word' id='word_1_179' title='bbox 1223 630 1306 662; x_wconf 84' lang='lat' dir='ltr'><strong>dedit,</strong></span> <span class='ocrx_word' id='word_1_180' title='bbox 1329 634 1358 657; x_wconf 88' lang='lat' dir='ltr'><strong>et</strong></span> <span class='ocrx_word' id='word_1_181' title='bbox 1380 637 1476 657; x_wconf 84' lang='lat' dir='ltr'><strong>rursus</strong></span> <span class='ocrx_word' id='word_1_182' title='bbox 1499 629 1569 656; x_wconf 80' lang='lat' dir='ltr'><strong>idem</strong></span> <span class='ocrx_word' id='word_1_183' title='bbox 1588 629 1667 656; x_wconf 83' lang='lat' dir='ltr'><strong>Pater</strong></span> <span class='ocrx_word' id='word_1_184' title='bbox 1682 630 1812 656; x_wconf 89' lang='lat' dir='ltr'><strong>omniain</strong></span> 
     </span>
    </p>
   </div>
   <div class='ocr_carea' id='block_1_25' title="bbox 178 676 1814 713">
    <p class='ocr_par' dir='ltr' id='par_1_25' title="bbox 178 676 1814 713">
     <span class='ocr_line' id='line_1_25' title="bbox 178 676 1814 713; baseline 0 -10"><span class='ocrx_word' id='word_1_185' title='bbox 178 676 249 705; x_wconf 80' lang='lat' dir='ltr'><strong>Filio</strong></span> <span class='ocrx_word' id='word_1_186' title='bbox 265 678 356 705; x_wconf 85' lang='lat' dir='ltr'><strong>habet.</strong></span> <span class='ocrx_word' id='word_1_187' title='bbox 373 676 442 705; x_wconf 83' lang='lat' dir='ltr'><strong>Filio</strong></span> <span class='ocrx_word' id='word_1_188' title='bbox 457 678 520 704; x_wconf 89' lang='lat' dir='ltr'><strong>item</strong></span> <span class='ocrx_word' id='word_1_189' title='bbox 538 677 663 708; x_wconf 87' lang='lat' dir='ltr'><strong>habente,</strong></span> <span class='ocrx_word' id='word_1_190' title='bbox 688 678 782 705; x_wconf 85' lang='lat' dir='ltr'><strong>eadem</strong></span> <span class='ocrx_word' id='word_1_191' title='bbox 796 685 906 713; x_wconf 87' lang='lat' dir='ltr'><strong>quoque</strong></span> <span class='ocrx_word' id='word_1_192' title='bbox 925 678 1006 706; x_wconf 84' lang='lat' dir='ltr'><strong>Pater</strong></span> <span class='ocrx_word' id='word_1_193' title='bbox 1025 678 1115 706; x_wconf 83' lang='lat' dir='ltr'><strong>habet.</strong></span> <span class='ocrx_word' id='word_1_194' title='bbox 1133 677 1271 713; x_wconf 86' lang='lat' dir='ltr'><strong>Siquidem</strong></span> <span class='ocrx_word' id='word_1_195' title='bbox 1293 677 1354 705; x_wconf 71' lang='lat' dir='ltr'><strong>Filii</strong></span> <span class='ocrx_word' id='word_1_196' title='bbox 1369 676 1507 709; x_wconf 77' lang='lat' dir='ltr'><strong>divinitas,</strong></span> <span class='ocrx_word' id='word_1_197' title='bbox 1522 676 1610 705; x_wconf 83' lang='lat' dir='ltr'><strong>Patris</strong></span> <span class='ocrx_word' id='word_1_198' title='bbox 1618 682 1660 704; x_wconf 86' lang='lat' dir='ltr'><strong>est</strong></span> <span class='ocrx_word' id='word_1_199' title='bbox 1673 677 1814 708; x_wconf 85' lang='lat' dir='ltr'><strong>divinitas,</strong></span> 
     </span>
    </p>
   </div>
   <div class='ocr_carea' id='block_1_26' title="bbox 178 722 1210 759">
    <p class='ocr_par' dir='ltr' id='par_1_26' title="bbox 178 722 1210 759">
     <span class='ocr_line' id='line_1_26' title="bbox 178 722 1210 759; baseline 0.001 -9"><span class='ocrx_word' id='word_1_200' title='bbox 178 727 263 758; x_wconf 82' lang='lat' dir='ltr'><strong>atque</strong></span> <span class='ocrx_word' id='word_1_201' title='bbox 275 723 312 750; x_wconf 90' lang='lat' dir='ltr'><strong>ita</strong></span> <span class='ocrx_word' id='word_1_202' title='bbox 325 722 406 750; x_wconf 87' lang='lat' dir='ltr'><strong>Pater</strong></span> <span class='ocrx_word' id='word_1_203' title='bbox 419 723 445 750; x_wconf 88' lang='lat' dir='ltr'><strong>in</strong></span> <span class='ocrx_word' id='word_1_204' title='bbox 464 723 533 750; x_wconf 81' lang='lat' dir='ltr'><strong>Filio</strong></span> <span class='ocrx_word' id='word_1_205' title='bbox 553 730 596 749; x_wconf 89' lang='lat' dir='ltr'><strong>res</strong></span> <span class='ocrx_word' id='word_1_206' title='bbox 612 731 707 751; x_wconf 85' lang='lat' dir='ltr'><strong>omnes</strong></span> <span class='ocrx_word' id='word_1_207' title='bbox 722 723 890 758; x_wconf 78' lang='lat' dir='ltr'><strong>providentia</strong></span> <span class='ocrx_word' id='word_1_208' title='bbox 902 724 970 759; x_wconf 85' lang='lat' dir='ltr'><strong>gerit</strong></span> <span class='ocrx_word' id='word_1_209' title='bbox 987 729 1014 752; x_wconf 86' lang='lat' dir='ltr'><strong>et</strong></span> <span class='ocrx_word' id='word_1_210' title='bbox 1029 724 1210 752; x_wconf 81' lang='lat' dir='ltr'><strong>administrat.</strong></span> 
     </span>
    </p>
   </div>
   <div class='ocr_carea' id='block_1_27' title="bbox 281 767 970 806">
    <p class='ocr_par' dir='ltr' id='par_1_27' title="bbox 281 767 970 806">
     <span class='ocr_line' id='line_1_27' title="bbox 281 767 970 806; baseline 0.001 -9"><span class='ocrx_word' id='word_1_211' title='bbox 281 770 342 797; x_wconf 84' lang='grc' dir='ltr'>Τῶν</span> <span class='ocrx_word' id='word_1_212' title='bbox 359 770 408 805; x_wconf 77' lang='grc' dir='ltr'>μὲν</span> <span class='ocrx_word' id='word_1_213' title='bbox 424 768 471 797; x_wconf 76' lang='grc' dir='ltr'>οὖν</span> <span class='ocrx_word' id='word_1_214' title='bbox 485 769 613 797; x_wconf 73' lang='grc' dir='ltr'><strong>τοιούτων</strong></span> <span class='ocrx_word' id='word_1_215' title='bbox 627 770 716 806; x_wconf 73' lang='grc' dir='ltr'>ῥητῶν</span> <span class='ocrx_word' id='word_1_216' title='bbox 733 767 852 803; x_wconf 68' lang='grc' dir='ltr'>τοιοῦτος</span> <span class='ocrx_word' id='word_1_217' title='bbox 867 772 882 798; x_wconf 89' lang='lat'><strong>6</strong></span> <span class='ocrx_word' id='word_1_218' title='bbox 898 771 970 803; x_wconf 84' lang='grc' dir='ltr'><strong>νοῦς·</strong></span> 
     </span>
    </p>
   </div>
   <div class='ocr_carea' id='block_1_28' title="bbox 179 814 972 850">
    <p class='ocr_par' dir='ltr' id='par_1_28' title="bbox 179 814 972 850">
     <span class='ocr_line' id='line_1_28' title="bbox 179 814 972 850; baseline 0 -9"><span class='ocrx_word' id='word_1_219' title='bbox 179 815 247 850; x_wconf 72' lang='grc' dir='ltr'>περὶ</span> <span class='ocrx_word' id='word_1_220' title='bbox 262 815 292 842; x_wconf 78' lang='grc' dir='ltr'><strong>δὲ</strong></span> <span class='ocrx_word' id='word_1_221' title='bbox 303 815 358 841; x_wconf 84' lang='grc' dir='ltr'><strong>τῶν</strong></span> <span class='ocrx_word' id='word_1_222' title='bbox 369 815 547 850; x_wconf 80' lang='grc' dir='ltr'><strong>ἀνθρωπίνως</strong></span> <span class='ocrx_word' id='word_1_223' title='bbox 554 814 708 850; x_wconf 82' lang='grc' dir='ltr'>λεγομένων</span> <span class='ocrx_word' id='word_1_224' title='bbox 719 814 783 850; x_wconf 78' lang='grc' dir='ltr'>περὶ</span> <span class='ocrx_word' id='word_1_225' title='bbox 790 814 836 841; x_wconf 84' lang='grc' dir='ltr'><strong>τοῦ</strong></span> <span class='ocrx_word' id='word_1_226' title='bbox 916 815 972 841; x_wconf 80' lang='grc' dir='ltr'><strong>Σω-</strong></span> 
     </span>
    </p>
   </div>
   <div class='ocr_carea' id='block_1_29' title="bbox 179 859 969 896">
    <p class='ocr_par' dir='ltr' id='par_1_29' title="bbox 179 859 969 896">
     <span class='ocr_line' id='line_1_29' title="bbox 179 859 969 896; baseline -0.001 -9"><span class='ocrx_word' id='word_1_227' title='bbox 179 862 275 896; x_wconf 79' lang='grc' dir='ltr'>τῆρος,</span> <span class='ocrx_word' id='word_1_228' title='bbox 298 862 345 887; x_wconf 75' lang='grc' dir='ltr'><strong>καὶ</strong></span> <span class='ocrx_word' id='word_1_229' title='bbox 364 860 451 887; x_wconf 80' lang='grc' dir='ltr'>ταῦτα</span> <span class='ocrx_word' id='word_1_230' title='bbox 477 860 557 887; x_wconf 83' lang='grc' dir='ltr'>πάλιν</span> <span class='ocrx_word' id='word_1_231' title='bbox 577 860 675 895; x_wconf 73' lang='grc' dir='ltr'><strong>εὐσεδῆ</strong></span> <span class='ocrx_word' id='word_1_232' title='bbox 697 859 747 895; x_wconf 80' lang='grc' dir='ltr'>τὴν</span> <span class='ocrx_word' id='word_1_233' title='bbox 768 859 887 887; x_wconf 82' lang='grc' dir='ltr'>διάνοιαν</span> <span class='ocrx_word' id='word_1_234' title='bbox 902 859 969 895; x_wconf 71' lang='grc' dir='ltr'>ἔχει.</span> 
     </span>
    </p>
   </div>
   <div class='ocr_carea' id='block_1_30' title="bbox 180 906 449 942">
    <p class='ocr_par' dir='ltr' id='par_1_30' title="bbox 180 906 449 942">
     <span class='ocr_line' id='line_1_30' title="bbox 180 906 449 942; baseline -0.004 -9"><span class='ocrx_word' id='word_1_235' title='bbox 180 907 233 933; x_wconf 80' lang='grc' dir='ltr'><strong>Διὰ</strong></span> <span class='ocrx_word' id='word_1_236' title='bbox 245 906 326 933; x_wconf 77' lang='grc' dir='ltr'>τοῦτο</span> <span class='ocrx_word' id='word_1_237' title='bbox 335 906 390 942; x_wconf 84' lang='grc' dir='ltr'><strong>γὰρ</strong></span> <span class='ocrx_word' id='word_1_238' title='bbox 400 906 449 932; x_wconf 66' lang='grc' dir='ltr'>καῖ</span> 
     </span>
    </p>
   </div>
   <div class='ocr_carea' id='block_1_31' title="bbox 180 949 971 986">
    <p class='ocr_par' dir='ltr' id='par_1_31' title="bbox 180 949 971 986">
     <span class='ocr_line' id='line_1_31' title="bbox 180 949 971 986; baseline -0.003 -8"><span class='ocrx_word' id='word_1_239' title='bbox 180 953 238 983; x_wconf 76' lang='grc' dir='ltr'>ενα,</span> <span class='ocrx_word' id='word_1_240' title='bbox 251 951 299 978; x_wconf 75' lang='grc' dir='ltr'><strong>ἐὰν</strong></span> <span class='ocrx_word' id='word_1_241' title='bbox 314 951 475 986; x_wconf 77' lang='grc' dir='ltr'>ἀκούσωμεν</span> <span class='ocrx_word' id='word_1_242' title='bbox 491 950 683 986; x_wconf 75' lang='grc' dir='ltr'><strong>ἐπερωτῶντος</strong></span> <span class='ocrx_word' id='word_1_243' title='bbox 697 949 791 981; x_wconf 81' lang='grc' dir='ltr'>αὐτοῦ,</span> <span class='ocrx_word' id='word_1_244' title='bbox 818 949 870 976; x_wconf 82' lang='grc' dir='ltr'><strong>ποῦ</strong></span> <span class='ocrx_word' id='word_1_245' title='bbox 881 950 971 982; x_wconf 77' lang='grc' dir='ltr'>Λάζα-</span> 
     </span>
    </p>
   </div>
   <div class='ocr_carea' id='block_1_32' title="bbox 182 994 972 1033">
    <p class='ocr_par' dir='ltr' id='par_1_32' title="bbox 182 994 972 1033">
     <span class='ocr_line' id='line_1_32' title="bbox 182 994 972 1033; baseline -0.001 -10"><span class='ocrx_word' id='word_1_246' title='bbox 182 1006 230 1033; x_wconf 85' lang='grc' dir='ltr'><strong>ρος</strong></span> <span class='ocrx_word' id='word_1_247' title='bbox 240 998 339 1028; x_wconf 78' lang='grc' dir='ltr'>κεῖται,</span> <span class='ocrx_word' id='word_1_248' title='bbox 353 997 401 1023; x_wconf 77' lang='grc' dir='ltr'><strong>καὶ</strong></span> <span class='ocrx_word' id='word_1_249' title='bbox 413 997 477 1023; x_wconf 80' lang='grc' dir='ltr'>ὅταν</span> <span class='ocrx_word' id='word_1_250' title='bbox 493 997 532 1027; x_wconf 79' lang='grc' dir='ltr'><strong>εις</strong></span> <span class='ocrx_word' id='word_1_251' title='bbox 548 995 583 1023; x_wconf 86' lang='grc' dir='ltr'><strong>τὰ</strong></span> <span class='ocrx_word' id='word_1_252' title='bbox 605 995 675 1032; x_wconf 77' lang='grc' dir='ltr'>μέρη</span> <span class='ocrx_word' id='word_1_253' title='bbox 696 995 866 1030; x_wconf 70' lang='grc' dir='ltr'><strong>Καισαρείας</strong></span> <span class='ocrx_word' id='word_1_254' title='bbox 887 994 972 1022; x_wconf 69' lang='grc' dir='ltr'><strong>ἐλθὼν</strong></span> 
     </span>
    </p>
   </div>
   <div class='ocr_carea' id='block_1_33' title="bbox 181 1035 973 1071">
    <p class='ocr_par' dir='ltr' id='par_1_33' title="bbox 181 1035 973 1071">
     <span class='ocr_line' id='line_1_33' title="bbox 181 1035 973 1071; baseline -0.006 -4"><span class='ocrx_word' id='word_1_255' title='bbox 181 1041 351 1068; x_wconf 72' lang='grc' dir='ltr'>πυνθάνεται</span> <span class='ocrx_word' id='word_1_256' title='bbox 371 1058 379 1070; x_wconf 86' lang='lat'><strong>,</strong></span> <span class='ocrx_word' id='word_1_257' title='bbox 449 1038 519 1065; x_wconf 75' lang='grc' dir='ltr'>Τίνα</span> <span class='ocrx_word' id='word_1_258' title='bbox 543 1045 581 1071; x_wconf 77' lang='grc' dir='ltr'><strong>με</strong></span> <span class='ocrx_word' id='word_1_259' title='bbox 602 1037 747 1070; x_wconf 71' lang='grc' dir='ltr'>λέγουσιν</span> <span class='ocrx_word' id='word_1_260' title='bbox 772 1037 800 1062; x_wconf 83' lang='grc' dir='ltr'><strong>οι</strong></span> <span class='ocrx_word' id='word_1_261' title='bbox 825 1035 973 1068; x_wconf 75' lang='grc' dir='ltr'>ἄνθρωποι</span> 
     </span>
    </p>
   </div>
   <div class='ocr_carea' id='block_1_34' title="bbox 180 1082 975 1118">
    <p class='ocr_par' dir='ltr' id='par_1_34' title="bbox 180 1082 975 1118">
     <span class='ocr_line' id='line_1_34' title="bbox 180 1082 975 1118; baseline -0.005 -5"><span class='ocrx_word' id='word_1_262' title='bbox 180 1085 277 1118; x_wconf 62' lang='lat' dir='ltr'><strong>sinu;</strong></span> <span class='ocrx_word' id='word_1_263' title='bbox 290 1085 349 1117; x_wconf 70' lang='grc' dir='ltr'>καὶ,</span> <span class='ocrx_word' id='word_1_264' title='bbox 366 1085 486 1116; x_wconf 83' lang='grc' dir='ltr'><strong>Πόσους</strong></span> <span class='ocrx_word' id='word_1_265' title='bbox 499 1083 584 1118; x_wconf 69' lang='grc' dir='ltr'>ἔχετε</span> <span class='ocrx_word' id='word_1_266' title='bbox 597 1082 725 1116; x_wconf 62' lang='lat' dir='ltr'><strong>amove;</strong></span> <span class='ocrx_word' id='word_1_267' title='bbox 739 1082 795 1114; x_wconf 77' lang='grc' dir='ltr'>καὶ,</span> <span class='ocrx_word' id='word_1_268' title='bbox 825 1082 975 1110; x_wconf 69' lang='grc' dir='ltr'>τ’[θέλστο</span> 
     </span>
    </p>
   </div>
   <div class='ocr_carea' id='block_1_35' title="bbox 180 1128 975 1164">
    <p class='ocr_par' dir='ltr' id='par_1_35' title="bbox 180 1128 975 1164">
     <span class='ocr_line' id='line_1_35' title="bbox 180 1128 975 1164; baseline -0.004 -6"><span class='ocrx_word' id='word_1_269' title='bbox 180 1133 235 1158; x_wconf 75' lang='lat' dir='ltr'><strong>Ira</strong></span> <span class='ocrx_word' id='word_1_270' title='bbox 245 1129 364 1163; x_wconf 76' lang='grc' dir='ltr'>ποιήσω</span> <span class='ocrx_word' id='word_1_271' title='bbox 374 1129 457 1164; x_wconf 55' lang='lat' dir='ltr'><strong>dph,-</strong></span> <span class='ocrx_word' id='word_1_272' title='bbox 464 1128 643 1163; x_wconf 74' lang='grc' dir='ltr'>γινώσκιιιμεν</span> <span class='ocrx_word' id='word_1_273' title='bbox 656 1128 691 1153; x_wconf 75' lang='grc' dir='ltr'><strong>ὲκ</strong></span> <span class='ocrx_word' id='word_1_274' title='bbox 700 1128 754 1154; x_wconf 80' lang='grc' dir='ltr'><strong>τῶν</strong></span> <span class='ocrx_word' id='word_1_275' title='bbox 769 1129 975 1163; x_wconf 74' lang='grc' dir='ltr'><strong>προειρημένων</strong></span> 
     </span>
    </p>
   </div>
   <div class='ocr_carea' id='block_1_36' title="bbox 180 1173 975 1212">
    <p class='ocr_par' dir='ltr' id='par_1_36' title="bbox 180 1173 975 1212">
     <span class='ocr_line' id='line_1_36' title="bbox 180 1173 975 1212; baseline -0.006 -9"><span class='ocrx_word' id='word_1_276' title='bbox 180 1178 233 1212; x_wconf 84' lang='grc' dir='ltr'>τὴν</span> <span class='ocrx_word' id='word_1_277' title='bbox 249 1176 334 1212; x_wconf 78' lang='grc' dir='ltr'>ὀρθὴν</span> <span class='ocrx_word' id='word_1_278' title='bbox 348 1175 403 1202; x_wconf 81' lang='grc' dir='ltr'><strong>τῶν</strong></span> <span class='ocrx_word' id='word_1_279' title='bbox 417 1174 507 1211; x_wconf 80' lang='grc' dir='ltr'>ῥητῶν</span> <span class='ocrx_word' id='word_1_280' title='bbox 520 1173 649 1205; x_wconf 84' lang='grc' dir='ltr'>διάνοιαν,</span> <span class='ocrx_word' id='word_1_281' title='bbox 666 1174 713 1199; x_wconf 74' lang='grc' dir='ltr'><strong>καὶ</strong></span> <span class='ocrx_word' id='word_1_282' title='bbox 738 1173 774 1208; x_wconf 81' lang='grc' dir='ltr'>μὴ</span> <span class='ocrx_word' id='word_1_283' title='bbox 791 1173 975 1205; x_wconf 77' lang='grc' dir='ltr'>σκανδαλιζώο</span> 
     </span>
    </p>
   </div>
   <div class='ocr_carea' id='block_1_37' title="bbox 183 1219 975 1257">
    <p class='ocr_par' dir='ltr' id='par_1_37' title="bbox 183 1219 975 1257">
     <span class='ocr_line' id='line_1_37' title="bbox 183 1219 975 1257; baseline -0.005 -8"><span class='ocrx_word' id='word_1_284' title='bbox 183 1223 256 1257; x_wconf 77' lang='grc' dir='ltr'>μεθα</span> <span class='ocrx_word' id='word_1_285' title='bbox 268 1221 343 1249; x_wconf 78' lang='grc' dir='ltr'><strong>κατὰ</strong></span> <span class='ocrx_word' id='word_1_286' title='bbox 369 1222 432 1252; x_wconf 80' lang='grc' dir='ltr'>τοὺς</span> <span class='ocrx_word' id='word_1_287' title='bbox 458 1220 657 1256; x_wconf 82' lang='grc' dir='ltr'>χριστομάχους</span> <span class='ocrx_word' id='word_1_288' title='bbox 679 1219 842 1254; x_wconf 80' lang='grc' dir='ltr'>’Λρειανούς.</span> <span class='ocrx_word' id='word_1_289' title='bbox 863 1219 975 1254; x_wconf 75' lang='grc' dir='ltr'>Πρῶτον</span> 
     </span>
    </p>
   </div>
   <div class='ocr_carea' id='block_1_38' title="bbox 184 1264 976 1302">
    <p class='ocr_par' dir='ltr' id='par_1_38' title="bbox 184 1264 976 1302">
     <span class='ocr_line' id='line_1_38' title="bbox 184 1264 976 1302; baseline -0.006 -8"><span class='ocrx_word' id='word_1_290' title='bbox 184 1268 236 1302; x_wconf 73' lang='grc' dir='ltr'>μὲν</span> <span class='ocrx_word' id='word_1_291' title='bbox 248 1265 296 1293; x_wconf 80' lang='grc' dir='ltr'>οὖν</span> <span class='ocrx_word' id='word_1_292' title='bbox 384 1267 440 1297; x_wconf 90' lang='grc' dir='ltr'>τοῖς</span> <span class='ocrx_word' id='word_1_293' title='bbox 455 1265 584 1292; x_wconf 78' lang='grc' dir='ltr'><strong>ἀσεϐοῦσι</strong></span> <span class='ocrx_word' id='word_1_294' title='bbox 610 1264 688 1291; x_wconf 82' lang='grc' dir='ltr'>τοῦτο</span> <span class='ocrx_word' id='word_1_295' title='bbox 709 1264 814 1299; x_wconf 78' lang='grc' dir='ltr'><strong>ῥητέον,</strong></span> <span class='ocrx_word' id='word_1_296' title='bbox 837 1264 917 1290; x_wconf 78' lang='grc' dir='ltr'>πόθεν</span> <span class='ocrx_word' id='word_1_297' title='bbox 931 1272 976 1290; x_wconf 87' lang='grc' dir='ltr'>νο-</span> 
     </span>
    </p>
   </div>
   <div class='ocr_carea' id='block_1_39' title="bbox 183 1307 976 1349">
    <p class='ocr_par' dir='ltr' id='par_1_39' title="bbox 183 1307 976 1349">
     <span class='ocr_line' id='line_1_39' title="bbox 183 1307 976 1349; baseline -0.006 -10"><span class='ocrx_word' id='word_1_298' title='bbox 183 1313 312 1349; x_wconf 75' lang='grc' dir='ltr'>μὶζουσιν</span> <span class='ocrx_word' id='word_1_299' title='bbox 326 1312 433 1346; x_wconf 78' lang='grc' dir='ltr'>ἀγνοεῖν</span> <span class='ocrx_word' id='word_1_300' title='bbox 446 1311 525 1337; x_wconf 81' lang='grc' dir='ltr'>αὐτόν</span> <span class='ocrx_word' id='word_1_301' title='bbox 538 1319 545 1342; x_wconf 75' lang='grc' dir='ltr'><strong>ς</strong></span> <span class='ocrx_word' id='word_1_302' title='bbox 561 1307 665 1346; x_wconf 13' lang='grc' dir='ltr'>Οὒκγὰρ</span> <span class='ocrx_word' id='word_1_303' title='bbox 676 1310 691 1335; x_wconf 90' lang='lat'><strong>6</strong></span> <span class='ocrx_word' id='word_1_304' title='bbox 707 1309 854 1345; x_wconf 75' lang='grc' dir='ltr'>ἐπερωτῶν</span> <span class='ocrx_word' id='word_1_305' title='bbox 866 1309 976 1340; x_wconf 79' lang='grc' dir='ltr'>πάντως</span> 
     </span>
    </p>
   </div>
   <div class='ocr_carea' id='block_1_40' title="bbox 181 1354 977 1392">
    <p class='ocr_par' dir='ltr' id='par_1_40' title="bbox 181 1354 977 1392">
     <span class='ocr_line' id='line_1_40' title="bbox 181 1354 977 1392; baseline -0.008 -7"><span class='ocrx_word' id='word_1_306' title='bbox 181 1359 232 1385; x_wconf 70' lang='grc' dir='ltr'>καὶ</span> <span class='ocrx_word' id='word_1_307' title='bbox 245 1357 353 1392; x_wconf 81' lang='grc' dir='ltr'>ἀγνοῶν</span> <span class='ocrx_word' id='word_1_308' title='bbox 367 1357 503 1391; x_wconf 74' lang='grc' dir='ltr'>ἐπερωτᾷ·</span> <span class='ocrx_word' id='word_1_309' title='bbox 516 1355 574 1382; x_wconf 76' lang='grc' dir='ltr'><strong>ἀλλ’</strong></span> <span class='ocrx_word' id='word_1_310' title='bbox 588 1355 675 1387; x_wconf 73' lang='grc' dir='ltr'>ἔξεστι</span> <span class='ocrx_word' id='word_1_311' title='bbox 687 1354 733 1380; x_wconf 82' lang='grc' dir='ltr'><strong>τὸν</strong></span> <span class='ocrx_word' id='word_1_312' title='bbox 746 1354 835 1381; x_wconf 77' lang='grc' dir='ltr'>εἰδότα</span> <span class='ocrx_word' id='word_1_313' title='bbox 848 1354 895 1380; x_wconf 72' lang='grc' dir='ltr'><strong>καὶ</strong></span> <span class='ocrx_word' id='word_1_314' title='bbox 909 1355 977 1389; x_wconf 85' lang='grc' dir='ltr'>ὲρω-</span> 
     </span>
    </p>
   </div>
   <div class='ocr_carea' id='block_1_41' title="bbox 181 1399 976 1439">
    <p class='ocr_par' dir='ltr' id='par_1_41' title="bbox 181 1399 976 1439">
     <span class='ocr_line' id='line_1_41' title="bbox 181 1399 976 1439; baseline -0.006 -9"><span class='ocrx_word' id='word_1_315' title='bbox 181 1405 234 1439; x_wconf 77' lang='grc' dir='ltr'><strong>τᾷν</strong></span> <span class='ocrx_word' id='word_1_316' title='bbox 248 1421 258 1434; x_wconf 73' lang='grc' dir='ltr'><strong>ι</strong></span> <span class='ocrx_word' id='word_1_317' title='bbox 330 1403 394 1437; x_wconf 78' lang='grc' dir='ltr'>περὶ</span> <span class='ocrx_word' id='word_1_318' title='bbox 410 1399 445 1427; x_wconf 82' lang='grc' dir='ltr'>ὧν</span> <span class='ocrx_word' id='word_1_319' title='bbox 461 1401 614 1428; x_wconf 75' lang='grc' dir='ltr'>ἐπίσταται.</span> <span class='ocrx_word' id='word_1_320' title='bbox 639 1401 744 1435; x_wconf 80' lang='grc' dir='ltr'>’Λμέλει</span> <span class='ocrx_word' id='word_1_321' title='bbox 761 1400 807 1427; x_wconf 77' lang='grc' dir='ltr'><strong>καὶ</strong></span> <span class='ocrx_word' id='word_1_322' title='bbox 819 1400 833 1426; x_wconf 92' lang='lat'><strong>6</strong></span> <span class='ocrx_word' id='word_1_323' title='bbox 852 1400 976 1435; x_wconf 79' lang='grc' dir='ltr'><strong>Ἰωάννης</strong></span> 
     </span>
    </p>
   </div>
   <div class='ocr_carea' id='block_1_42' title="bbox 182 1443 976 1484">
    <p class='ocr_par' dir='ltr' id='par_1_42' title="bbox 182 1443 976 1484">
     <span class='ocr_line' id='line_1_42' title="bbox 182 1443 976 1484; baseline -0.006 -8"><span class='ocrx_word' id='word_1_324' title='bbox 182 1447 370 1484; x_wconf 70' lang='grc' dir='ltr'>ἐπερωτῶντα</span> <span class='ocrx_word' id='word_1_325' title='bbox 385 1447 430 1473; x_wconf 80' lang='grc' dir='ltr'><strong>τὸν</strong></span> <span class='ocrx_word' id='word_1_326' title='bbox 439 1447 459 1473; x_wconf 83' lang='grc' dir='ltr'>Χ</span> <span class='ocrx_word' id='word_1_327' title='bbox 464 1447 564 1482; x_wconf 77' lang='grc' dir='ltr'>ριστὸν,</span> <span class='ocrx_word' id='word_1_328' title='bbox 574 1446 693 1478; x_wconf 78' lang='grc' dir='ltr'><strong>Πόσους</strong></span> <span class='ocrx_word' id='word_1_329' title='bbox 706 1446 913 1479; x_wconf 70' lang='grc' dir='ltr'>ἄρτους-ἔχετε,</span> <span class='ocrx_word' id='word_1_330' title='bbox 922 1443 976 1471; x_wconf 75' lang='grc' dir='ltr'>οῐδι</span> 
     </span>
    </p>
   </div>
   <div class='ocr_carea' id='block_1_43' title="bbox 185 1490 977 1530">
    <p class='ocr_par' dir='ltr' id='par_1_43' title="bbox 185 1490 977 1530">
     <span class='ocr_line' id='line_1_43' title="bbox 185 1490 977 1530; baseline -0.006 -9"><span class='ocrx_word' id='word_1_331' title='bbox 185 1495 225 1530; x_wconf 81' lang='grc' dir='ltr'>μὴ</span> <span class='ocrx_word' id='word_1_332' title='bbox 234 1493 394 1529; x_wconf 76' lang='grc' dir='ltr'>ἀγνοοῦντα,</span> <span class='ocrx_word' id='word_1_333' title='bbox 406 1492 474 1519; x_wconf 72' lang='grc' dir='ltr'><strong>ἀλλὰ</strong></span> <span class='ocrx_word' id='word_1_334' title='bbox 484 1492 661 1526; x_wconf 69' lang='grc' dir='ltr'>γινώσκονται</span> <span class='ocrx_word' id='word_1_335' title='bbox 678 1492 744 1525; x_wconf 78' lang='grc' dir='ltr'><strong>φησὶ</strong></span> <span class='ocrx_word' id='word_1_336' title='bbox 755 1490 819 1527; x_wconf 80' lang='grc' dir='ltr'>γὰρ,</span> <span class='ocrx_word' id='word_1_337' title='bbox 839 1490 928 1517; x_wconf 87' lang='grc' dir='ltr'>Τοῦτο</span> <span class='ocrx_word' id='word_1_338' title='bbox 942 1490 977 1516; x_wconf 72' lang='grc' dir='ltr'><strong>δὲ</strong></span> 
     </span>
    </p>
   </div>
   <div class='ocr_carea' id='block_1_44' title="bbox 182 1536 977 1575">
    <p class='ocr_par' dir='ltr' id='par_1_44' title="bbox 182 1536 977 1575">
     <span class='ocr_line' id='line_1_44' title="bbox 182 1536 977 1575; baseline -0.006 -7"><span class='ocrx_word' id='word_1_339' title='bbox 182 1542 272 1575; x_wconf 76' lang='grc' dir='ltr'>ἔλεγε</span> <span class='ocrx_word' id='word_1_340' title='bbox 288 1538 431 1573; x_wconf 75' lang='grc' dir='ltr'>πειράζων</span> <span class='ocrx_word' id='word_1_341' title='bbox 442 1538 495 1564; x_wconf 74' lang='grc' dir='ltr'>τὸν</span> <span class='ocrx_word' id='word_1_342' title='bbox 507 1538 667 1564; x_wconf 70' lang='grc' dir='ltr'><strong>Φίλιππον·</strong></span> <span class='ocrx_word' id='word_1_343' title='bbox 684 1538 775 1569; x_wconf 77' lang='grc' dir='ltr'>αὐτὸς</span> <span class='ocrx_word' id='word_1_344' title='bbox 790 1537 845 1571; x_wconf 80' lang='grc' dir='ltr'>γὰρ</span> <span class='ocrx_word' id='word_1_345' title='bbox 859 1536 935 1571; x_wconf 70' lang='grc' dir='ltr'>ᾔδει,</span> <span class='ocrx_word' id='word_1_346' title='bbox 948 1536 977 1563; x_wconf 76' lang='grc' dir='ltr'>τι</span> 
     </span>
    </p>
   </div>
   <div class='ocr_carea' id='block_1_45' title="bbox 182 1579 1010 1620">
    <p class='ocr_par' dir='ltr' id='par_1_45' title="bbox 182 1579 1010 1620">
     <span class='ocr_line' id='line_1_45' title="bbox 182 1579 1010 1620; baseline -0.008 -7"><span class='ocrx_word' id='word_1_347' title='bbox 182 1586 296 1620; x_wconf 71' lang='grc' dir='ltr'>ἔμελλε</span> <span class='ocrx_word' id='word_1_348' title='bbox 323 1585 430 1612; x_wconf 75' lang='grc' dir='ltr'>ποιεῖν.</span> <span class='ocrx_word' id='word_1_349' title='bbox 460 1585 492 1610; x_wconf 74' lang='lat' dir='ltr'><strong>Et</strong></span> <span class='ocrx_word' id='word_1_350' title='bbox 523 1583 552 1610; x_wconf 85' lang='grc' dir='ltr'><strong>δὲ</strong></span> <span class='ocrx_word' id='word_1_351' title='bbox 575 1584 633 1618; x_wconf 77' lang='grc' dir='ltr'>ᾔδει</span> <span class='ocrx_word' id='word_1_352' title='bbox 652 1584 721 1616; x_wconf 74' lang='grc' dir='ltr'>ὅπερ</span> <span class='ocrx_word' id='word_1_353' title='bbox 747 1582 844 1613; x_wconf 79' lang='grc' dir='ltr'>ἐποίει,</span> <span class='ocrx_word' id='word_1_354' title='bbox 858 1583 909 1609; x_wconf 72' lang='grc' dir='ltr'><strong>οὐκ</strong></span> <span class='ocrx_word' id='word_1_355' title='bbox 922 1579 1010 1618; x_wconf 58' lang='grc' dir='ltr'>ἀραί]</span> 
     </span>
    </p>
   </div>
   <div class='ocr_carea' id='block_1_46' title="bbox 183 1626 976 1665">
    <p class='ocr_par' dir='ltr' id='par_1_46' title="bbox 183 1626 976 1665">
     <span class='ocr_line' id='line_1_46' title="bbox 183 1626 976 1665; baseline -0.005 -8"><span class='ocrx_word' id='word_1_356' title='bbox 183 1630 304 1665; x_wconf 84' lang='grc' dir='ltr'>ἀγνοῶν,</span> <span class='ocrx_word' id='word_1_357' title='bbox 318 1629 387 1656; x_wconf 82' lang='grc' dir='ltr'><strong>ἀλλὰ</strong></span> <span class='ocrx_word' id='word_1_358' title='bbox 396 1629 538 1663; x_wconf 81' lang='grc' dir='ltr'>γινώσκων</span> <span class='ocrx_word' id='word_1_359' title='bbox 550 1628 687 1663; x_wconf 79' lang='grc' dir='ltr'>ἐπερωτᾷ.</span> <span class='ocrx_word' id='word_1_360' title='bbox 784 1627 850 1654; x_wconf 82' lang='grc' dir='ltr'>’Δπδ</span> <span class='ocrx_word' id='word_1_361' title='bbox 869 1627 897 1653; x_wconf 81' lang='grc' dir='ltr'><strong>δὲ</strong></span> <span class='ocrx_word' id='word_1_362' title='bbox 913 1626 976 1653; x_wconf 85' lang='grc' dir='ltr'>τού-</span> 
     </span>
    </p>
   </div>
   <div class='ocr_carea' id='block_1_47' title="bbox 183 1674 976 1711">
    <p class='ocr_par' dir='ltr' id='par_1_47' title="bbox 183 1674 976 1711">
     <span class='ocr_line' id='line_1_47' title="bbox 183 1674 976 1711; baseline -0.006 -7"><span class='ocrx_word' id='word_1_363' title='bbox 183 1686 233 1704; x_wconf 83' lang='grc' dir='ltr'>του</span> <span class='ocrx_word' id='word_1_364' title='bbox 247 1677 296 1704; x_wconf 75' lang='grc' dir='ltr'>καὶ</span> <span class='ocrx_word' id='word_1_365' title='bbox 316 1676 350 1703; x_wconf 81' lang='grc' dir='ltr'><strong>τὰ</strong></span> <span class='ocrx_word' id='word_1_366' title='bbox 374 1677 456 1711; x_wconf 83' lang='grc' dir='ltr'>ὃμοια</span> <span class='ocrx_word' id='word_1_367' title='bbox 474 1676 543 1702; x_wconf 86' lang='grc' dir='ltr'>νοεῖν</span> <span class='ocrx_word' id='word_1_368' title='bbox 566 1674 679 1706; x_wconf 72' lang='grc' dir='ltr'>ἔξεστιν,</span> <span class='ocrx_word' id='word_1_369' title='bbox 705 1674 756 1705; x_wconf 79' lang='grc' dir='ltr'>ἂτι,</span> <span class='ocrx_word' id='word_1_370' title='bbox 773 1674 837 1701; x_wconf 76' lang='grc' dir='ltr'>ὅταν</span> <span class='ocrx_word' id='word_1_371' title='bbox 851 1674 940 1709; x_wconf 76' lang='grc' dir='ltr'>ἐρωτᾷ</span> <span class='ocrx_word' id='word_1_372' title='bbox 962 1674 976 1700; x_wconf 90' lang='lat'><strong>6</strong></span> 
     </span>
    </p>
   </div>
   <div class='ocr_carea' id='block_1_48' title="bbox 184 1719 977 1758">
    <p class='ocr_par' dir='ltr' id='par_1_48' title="bbox 184 1719 977 1758">
     <span class='ocr_line' id='line_1_48' title="bbox 184 1719 977 1758; baseline -0.006 -9"><span class='ocrx_word' id='word_1_373' title='bbox 184 1723 290 1758; x_wconf 78' lang='grc' dir='ltr'>Κύριος</span> <span class='ocrx_word' id='word_1_374' title='bbox 306 1741 314 1755; x_wconf 85' lang='grc'><strong>,</strong></span> <span class='ocrx_word' id='word_1_375' title='bbox 383 1722 433 1748; x_wconf 81' lang='grc' dir='ltr'><strong>οὐκ</strong></span> <span class='ocrx_word' id='word_1_376' title='bbox 461 1720 576 1755; x_wconf 80' lang='grc' dir='ltr'>ἀγνοῶν,</span> <span class='ocrx_word' id='word_1_377' title='bbox 591 1719 641 1746; x_wconf 82' lang='grc' dir='ltr'>ποῦ</span> <span class='ocrx_word' id='word_1_378' title='bbox 655 1719 778 1755; x_wconf 82' lang='grc' dir='ltr'><strong>Λάζαρος</strong></span> <span class='ocrx_word' id='word_1_379' title='bbox 803 1720 901 1751; x_wconf 84' lang='grc' dir='ltr'>κεῖται,</span> <span class='ocrx_word' id='word_1_380' title='bbox 917 1719 977 1745; x_wconf 69' lang='grc' dir='ltr'><strong>οὐδὲ</strong></span> 
     </span>
    </p>
   </div>
   <div class='ocr_carea' id='block_1_49' title="bbox 183 1765 976 1801">
    <p class='ocr_par' dir='ltr' id='par_1_49' title="bbox 183 1765 976 1801">
     <span class='ocr_line' id='line_1_49' title="bbox 183 1765 976 1801; baseline -0.005 -7"><span class='ocrx_word' id='word_1_381' title='bbox 183 1769 246 1795; x_wconf 74' lang='grc' dir='ltr'>τίνα</span> <span class='ocrx_word' id='word_1_382' title='bbox 262 1767 387 1801; x_wconf 81' lang='grc' dir='ltr'>λέγουσιν</span> <span class='ocrx_word' id='word_1_383' title='bbox 411 1766 492 1793; x_wconf 79' lang='grc' dir='ltr'>αὐτὸν</span> <span class='ocrx_word' id='word_1_384' title='bbox 515 1765 585 1792; x_wconf 76' lang='grc' dir='ltr'>εἶναι</span> <span class='ocrx_word' id='word_1_385' title='bbox 611 1765 637 1792; x_wconf 73' lang='grc' dir='ltr'>οἱ</span> <span class='ocrx_word' id='word_1_386' title='bbox 666 1765 814 1800; x_wconf 82' lang='grc' dir='ltr'>ἄνθρωποι,</span> <span class='ocrx_word' id='word_1_387' title='bbox 840 1766 976 1800; x_wconf 71' lang='grc' dir='ltr'>ἐπερωτᾷ,</span> 
     </span>
    </p>
   </div>
   <div class='ocr_carea' id='block_1_50' title="bbox 183 1810 977 1847">
    <p class='ocr_par' dir='ltr' id='par_1_50' title="bbox 183 1810 977 1847">
     <span class='ocr_line' id='line_1_50' title="bbox 183 1810 977 1847; baseline -0.004 -6"><span class='ocrx_word' id='word_1_388' title='bbox 183 1814 253 1841; x_wconf 79' lang='grc' dir='ltr'>ἀλλὰ</span> <span class='ocrx_word' id='word_1_389' title='bbox 266 1812 409 1847; x_wconf 77' lang='grc' dir='ltr'>γινώσκων</span> <span class='ocrx_word' id='word_1_390' title='bbox 421 1813 490 1846; x_wconf 81' lang='grc' dir='ltr'>ὅπερ</span> <span class='ocrx_word' id='word_1_391' title='bbox 513 1810 605 1847; x_wconf 79' lang='grc' dir='ltr'>ἠρώτα</span> <span class='ocrx_word' id='word_1_392' title='bbox 629 1810 721 1842; x_wconf 81' lang='grc' dir='ltr'>αὐτὸς,</span> <span class='ocrx_word' id='word_1_393' title='bbox 738 1810 817 1842; x_wconf 69' lang='grc' dir='ltr'>εἰδὼς</span> <span class='ocrx_word' id='word_1_394' title='bbox 834 1811 861 1837; x_wconf 85' lang='grc' dir='ltr'>τί</span> <span class='ocrx_word' id='word_1_395' title='bbox 886 1811 977 1846; x_wconf 72' lang='grc' dir='ltr'>μέλλει</span> 
     </span>
    </p>
   </div>
   <div class='ocr_carea' id='block_1_51' title="bbox 185 1856 978 1893">
    <p class='ocr_par' dir='ltr' id='par_1_51' title="bbox 185 1856 978 1893">
     <span class='ocr_line' id='line_1_51' title="bbox 185 1856 978 1893; baseline -0.004 -6"><span class='ocrx_word' id='word_1_396' title='bbox 185 1861 282 1887; x_wconf 77' lang='grc' dir='ltr'>ποιεῖν·</span> <span class='ocrx_word' id='word_1_397' title='bbox 298 1859 345 1886; x_wconf 68' lang='grc' dir='ltr'><strong>καὶ</strong></span> <span class='ocrx_word' id='word_1_398' title='bbox 363 1858 468 1893; x_wconf 80' lang='grc' dir='ltr'>ταχέως</span> <span class='ocrx_word' id='word_1_399' title='bbox 485 1858 532 1892; x_wconf 82' lang='grc' dir='ltr'>μὲν</span> <span class='ocrx_word' id='word_1_400' title='bbox 548 1857 637 1884; x_wconf 82' lang='grc' dir='ltr'>αὐτῶν</span> <span class='ocrx_word' id='word_1_401' title='bbox 654 1856 725 1884; x_wconf 74' lang='grc' dir='ltr'>οὕτω</span> <span class='ocrx_word' id='word_1_402' title='bbox 740 1857 771 1884; x_wconf 86' lang='grc' dir='ltr'>τὸ</span> <span class='ocrx_word' id='word_1_403' title='bbox 787 1857 867 1891; x_wconf 81' lang='grc' dir='ltr'>σοφὸν</span> <span class='ocrx_word' id='word_1_404' title='bbox 881 1856 978 1884; x_wconf 78' lang='grc' dir='ltr'><strong>ἐκϐάλ-</strong></span> 
     </span>
    </p>
   </div>
   <div class='ocr_carea' id='block_1_52' title="bbox 184 1901 976 1937">
    <p class='ocr_par' dir='ltr' id='par_1_52' title="bbox 184 1901 976 1937">
     <span class='ocr_line' id='line_1_52' title="bbox 184 1901 976 1937; baseline -0.004 -6"><span class='ocrx_word' id='word_1_405' title='bbox 184 1905 270 1932; x_wconf 78' lang='grc' dir='ltr'>λεται,</span> <span class='ocrx_word' id='word_1_406' title='bbox 287 1905 336 1930; x_wconf 77' lang='grc' dir='ltr'>Ἂν</span> <span class='ocrx_word' id='word_1_407' title='bbox 349 1904 378 1930; x_wconf 81' lang='grc' dir='ltr'><strong>δὲ</strong></span> <span class='ocrx_word' id='word_1_408' title='bbox 389 1902 574 1937; x_wconf 76' lang='grc' dir='ltr'>φιλονεικῶσιν</span> <span class='ocrx_word' id='word_1_409' title='bbox 666 1902 706 1929; x_wconf 74' lang='grc' dir='ltr'>ἔτι</span> <span class='ocrx_word' id='word_1_410' title='bbox 718 1901 763 1929; x_wconf 83' lang='grc' dir='ltr'><strong>διὰ</strong></span> <span class='ocrx_word' id='word_1_411' title='bbox 784 1902 814 1928; x_wconf 83' lang='grc' dir='ltr'>τὸ</span> <span class='ocrx_word' id='word_1_412' title='bbox 824 1902 976 1937; x_wconf 65' lang='grc' dir='ltr'>ἐπερωτᾷν,</span> 
     </span>
    </p>
   </div>
   <div class='ocr_carea' id='block_1_53' title="bbox 185 1947 977 1983">
    <p class='ocr_par' dir='ltr' id='par_1_53' title="bbox 185 1947 977 1983">
     <span class='ocr_line' id='line_1_53' title="bbox 185 1947 977 1983; baseline -0.001 -7"><span class='ocrx_word' id='word_1_413' title='bbox 185 1949 370 1981; x_wconf 77' lang='grc' dir='ltr'>ἁκουὲτωσαν,</span> <span class='ocrx_word' id='word_1_414' title='bbox 388 1949 429 1975; x_wconf 83' lang='grc' dir='ltr'>ὅτι</span> <span class='ocrx_word' id='word_1_415' title='bbox 442 1950 471 1975; x_wconf 85' lang='grc' dir='ltr'>ὲν</span> <span class='ocrx_word' id='word_1_416' title='bbox 485 1948 534 1983; x_wconf 84' lang='grc' dir='ltr'>μὲν</span> <span class='ocrx_word' id='word_1_417' title='bbox 554 1949 588 1983; x_wconf 83' lang='grc' dir='ltr'>τῇ</span> <span class='ocrx_word' id='word_1_418' title='bbox 603 1948 709 1983; x_wconf 78' lang='grc' dir='ltr'>Θεότητι</span> <span class='ocrx_word' id='word_1_419' title='bbox 722 1948 772 1974; x_wconf 82' lang='grc' dir='ltr'><strong>οὐκ</strong></span> <span class='ocrx_word' id='word_1_420' title='bbox 786 1947 858 1974; x_wconf 71' lang='grc' dir='ltr'>ἐστιν</span> <span class='ocrx_word' id='word_1_421' title='bbox 870 1949 977 1982; x_wconf 78' lang='grc' dir='ltr'>ἄγνοια.</span> 
     </span>
    </p>
   </div>
   <div class='ocr_carea' id='block_1_54' title="bbox 185 1992 977 2030">
    <p class='ocr_par' dir='ltr' id='par_1_54' title="bbox 185 1992 977 2030">
     <span class='ocr_line' id='line_1_54' title="bbox 185 1992 977 2030; baseline -0.004 -9"><span class='ocrx_word' id='word_1_422' title='bbox 185 1996 234 2030; x_wconf 81' lang='grc' dir='ltr'>τῆς</span> <span class='ocrx_word' id='word_1_423' title='bbox 250 1995 279 2020; x_wconf 82' lang='grc' dir='ltr'><strong>δὲ</strong></span> <span class='ocrx_word' id='word_1_424' title='bbox 299 1993 400 2028; x_wconf 75' lang='grc' dir='ltr'>σαρκὸς</span> <span class='ocrx_word' id='word_1_425' title='bbox 414 1993 478 2019; x_wconf 87' lang='grc' dir='ltr'>ἴδιόν</span> <span class='ocrx_word' id='word_1_426' title='bbox 497 1993 555 2019; x_wconf 75' lang='grc' dir='ltr'>ἐστι</span> <span class='ocrx_word' id='word_1_427' title='bbox 571 1992 601 2019; x_wconf 82' lang='grc' dir='ltr'><strong>τὺ</strong></span> <span class='ocrx_word' id='word_1_428' title='bbox 625 1993 742 2026; x_wconf 82' lang='grc' dir='ltr'>ἀγνοεῖν,</span> <span class='ocrx_word' id='word_1_429' title='bbox 759 1992 883 2028; x_wconf 84' lang='grc' dir='ltr'>καθάπερ</span> <span class='ocrx_word' id='word_1_430' title='bbox 899 1992 977 2028; x_wconf 81' lang='grc' dir='ltr'>εἴρη-</span> 
     </span>
    </p>
   </div>
   <div class='ocr_carea' id='block_1_55' title="bbox 185 2038 979 2074">
    <p class='ocr_par' dir='ltr' id='par_1_55' title="bbox 185 2038 979 2074">
     <span class='ocr_line' id='line_1_55' title="bbox 185 2038 979 2074; baseline -0.004 -7"><span class='ocrx_word' id='word_1_431' title='bbox 185 2049 240 2067; x_wconf 85' lang='grc' dir='ltr'>ται.</span> <span class='ocrx_word' id='word_1_432' title='bbox 259 2039 315 2066; x_wconf 82' lang='grc' dir='ltr'><strong>Καὶ</strong></span> <span class='ocrx_word' id='word_1_433' title='bbox 331 2040 372 2066; x_wconf 82' lang='grc' dir='ltr'>ὅτι</span> <span class='ocrx_word' id='word_1_434' title='bbox 382 2039 459 2065; x_wconf 79' lang='grc' dir='ltr'>τοῦτο</span> <span class='ocrx_word' id='word_1_435' title='bbox 468 2038 567 2073; x_wconf 78' lang='grc' dir='ltr'>ἀληθές</span> <span class='ocrx_word' id='word_1_436' title='bbox 583 2039 667 2069; x_wconf 78' lang='grc' dir='ltr'>ἔστιν,</span> <span class='ocrx_word' id='word_1_437' title='bbox 683 2039 734 2073; x_wconf 79' lang='grc' dir='ltr'>δρα</span> <span class='ocrx_word' id='word_1_438' title='bbox 761 2038 819 2070; x_wconf 82' lang='grc' dir='ltr'><strong>πῶς</strong></span> <span class='ocrx_word' id='word_1_439' title='bbox 842 2040 856 2065; x_wconf 85' lang='grc' dir='ltr'><strong>ὸ</strong></span> <span class='ocrx_word' id='word_1_440' title='bbox 875 2038 979 2074; x_wconf 78' lang='grc' dir='ltr'>Κύριος</span> 
     </span>
    </p>
   </div>
   <div class='ocr_carea' id='block_1_56' title="bbox 186 2083 978 2120">
    <p class='ocr_par' dir='ltr' id='par_1_56' title="bbox 186 2083 978 2120">
     <span class='ocr_line' id='line_1_56' title="bbox 186 2083 978 2120; baseline -0.003 -7"><span class='ocrx_word' id='word_1_441' title='bbox 186 2089 201 2113; x_wconf 85' lang='lat'><strong>6</strong></span> <span class='ocrx_word' id='word_1_442' title='bbox 286 2085 498 2120; x_wconf 80' lang='grc' dir='ltr'>πυνθανόμενος,</span> <span class='ocrx_word' id='word_1_443' title='bbox 512 2084 563 2111; x_wconf 87' lang='grc' dir='ltr'>ποῦ</span> <span class='ocrx_word' id='word_1_444' title='bbox 572 2085 694 2120; x_wconf 82' lang='grc' dir='ltr'>Λάζαρος</span> <span class='ocrx_word' id='word_1_445' title='bbox 708 2086 806 2116; x_wconf 83' lang='grc' dir='ltr'>χεῖται,</span> <span class='ocrx_word' id='word_1_446' title='bbox 819 2085 900 2116; x_wconf 80' lang='grc' dir='ltr'>αὐτὸς</span> <span class='ocrx_word' id='word_1_447' title='bbox 917 2083 978 2111; x_wconf 74' lang='grc' dir='ltr'>εἶπε</span> 
     </span>
    </p>
   </div>
   <div class='ocr_carea' id='block_1_57' title="bbox 188 2130 976 2167">
    <p class='ocr_par' dir='ltr' id='par_1_57' title="bbox 188 2130 976 2167">
     <span class='ocr_line' id='line_1_57' title="bbox 188 2130 976 2167; baseline -0.001 -10"><span class='ocrx_word' id='word_1_448' title='bbox 188 2133 225 2167; x_wconf 80' lang='grc' dir='ltr'>μὴ</span> <span class='ocrx_word' id='word_1_449' title='bbox 241 2131 348 2167; x_wconf 83' lang='grc' dir='ltr'>παρὼν,</span> <span class='ocrx_word' id='word_1_450' title='bbox 369 2130 438 2157; x_wconf 79' lang='grc' dir='ltr'>ἀλλὰ</span> <span class='ocrx_word' id='word_1_451' title='bbox 458 2130 505 2157; x_wconf 75' lang='grc' dir='ltr'><strong>καὶ</strong></span> <span class='ocrx_word' id='word_1_452' title='bbox 529 2130 638 2166; x_wconf 81' lang='grc' dir='ltr'>μακρὰν</span> <span class='ocrx_word' id='word_1_453' title='bbox 650 2130 698 2162; x_wconf 82' lang='grc' dir='ltr'>ὢν,</span> <span class='ocrx_word' id='word_1_454' title='bbox 711 2130 834 2166; x_wconf 77' lang='grc' dir='ltr'>Λάζαρος</span> <span class='ocrx_word' id='word_1_455' title='bbox 847 2130 976 2163; x_wconf 82' lang='grc' dir='ltr'>ἀπέθανε,</span> 
     </span>
    </p>
   </div>
   <div class='ocr_carea' id='block_1_58' title="bbox 186 2175 978 2211">
    <p class='ocr_par' dir='ltr' id='par_1_58' title="bbox 186 2175 978 2211">
     <span class='ocr_line' id='line_1_58' title="bbox 186 2175 978 2211; baseline -0.001 -7"><span class='ocrx_word' id='word_1_456' title='bbox 186 2178 234 2204; x_wconf 71' lang='grc' dir='ltr'><strong>καὶ</strong></span> <span class='ocrx_word' id='word_1_457' title='bbox 248 2177 301 2203; x_wconf 81' lang='grc' dir='ltr'>ποῦ</span> <span class='ocrx_word' id='word_1_458' title='bbox 327 2176 473 2203; x_wconf 79' lang='grc' dir='ltr'>ἀπέθανεν.</span> <span class='ocrx_word' id='word_1_459' title='bbox 510 2176 538 2202; x_wconf 92' lang='lat'><strong>&#39;0</strong></span> <span class='ocrx_word' id='word_1_460' title='bbox 561 2175 589 2202; x_wconf 78' lang='grc' dir='ltr'><strong>δὲ</strong></span> <span class='ocrx_word' id='word_1_461' title='bbox 613 2176 784 2207; x_wconf 78' lang='grc' dir='ltr'>κατάὑτοὺς</span> <span class='ocrx_word' id='word_1_462' title='bbox 803 2175 978 2211; x_wconf 75' lang='grc' dir='ltr'>νομιζόμενος</span> 
     </span>
    </p>
   </div>
   <div class='ocr_carea' id='block_1_59' title="bbox 187 2220 979 2257">
    <p class='ocr_par' dir='ltr' id='par_1_59' title="bbox 187 2220 979 2257">
     <span class='ocr_line' id='line_1_59' title="bbox 187 2220 979 2257; baseline -0.003 -8"><span class='ocrx_word' id='word_1_463' title='bbox 187 2223 304 2256; x_wconf 82' lang='grc' dir='ltr'>ἀγνοεῖν,</span> <span class='ocrx_word' id='word_1_464' title='bbox 323 2222 403 2253; x_wconf 83' lang='grc' dir='ltr'>αὑτός</span> <span class='ocrx_word' id='word_1_465' title='bbox 414 2222 487 2248; x_wconf 74' lang='grc' dir='ltr'>ἐστιν</span> <span class='ocrx_word' id='word_1_466' title='bbox 506 2221 521 2247; x_wconf 90' lang='lat'><strong>6</strong></span> <span class='ocrx_word' id='word_1_467' title='bbox 540 2221 602 2252; x_wconf 83' lang='grc' dir='ltr'>τοὺς</span> <span class='ocrx_word' id='word_1_468' title='bbox 617 2220 808 2257; x_wconf 81' lang='grc' dir='ltr'>διαλογισμοὺς</span> <span class='ocrx_word' id='word_1_469' title='bbox 822 2221 877 2248; x_wconf 84' lang='grc' dir='ltr'><strong>τῶν</strong></span> <span class='ocrx_word' id='word_1_470' title='bbox 892 2222 979 2257; x_wconf 80' lang='grc' dir='ltr'>μαθη-</span> 
     </span>
    </p>
   </div>
   <div class='ocr_carea' id='block_1_60' title="bbox 186 2266 1014 2313">
    <p class='ocr_par' dir='ltr' id='par_1_60' title="bbox 186 2266 1014 2313">
     <span class='ocr_line' id='line_1_60' title="bbox 186 2266 1014 2313; baseline -0.001 -19"><span class='ocrx_word' id='word_1_471' title='bbox 186 2269 240 2294; x_wconf 82' lang='grc' dir='ltr'><strong>τῶν</strong></span> <span class='ocrx_word' id='word_1_472' title='bbox 260 2267 466 2303; x_wconf 76' lang='grc' dir='ltr'>προγινώσκων,</span> <span class='ocrx_word' id='word_1_473' title='bbox 477 2266 612 2313; x_wconf 20' lang='grc' dir='ltr'>καὶνειδὼς</span> <span class='ocrx_word' id='word_1_474' title='bbox 624 2267 660 2313; x_wconf 79' lang='grc' dir='ltr'>τὰ</span> <span class='ocrx_word' id='word_1_475' title='bbox 680 2267 709 2294; x_wconf 83' lang='grc' dir='ltr'>ὲν</span> <span class='ocrx_word' id='word_1_476' title='bbox 721 2268 754 2302; x_wconf 83' lang='grc' dir='ltr'>τῇ</span> <span class='ocrx_word' id='word_1_477' title='bbox 774 2267 889 2294; x_wconf 77' lang='grc' dir='ltr'><strong>ἑκάστου</strong></span> <span class='ocrx_word' id='word_1_478' title='bbox 912 2276 980 2303; x_wconf 79' lang='grc' dir='ltr'>καρ-</span> <span class='ocrx_word' id='word_1_479' title='bbox 994 2287 1014 2313; x_wconf 80' lang='grc' dir='ltr'>υ</span> 
     </span>
    </p>
   </div>
   <div class='ocr_carea' id='block_1_61' title="bbox 186 2311 978 2348">
    <p class='ocr_par' dir='ltr' id='par_1_61' title="bbox 186 2311 978 2348">
     <span class='ocr_line' id='line_1_61' title="bbox 186 2311 978 2348; baseline 0.001 -9"><span class='ocrx_word' id='word_1_480' title='bbox 186 2314 239 2348; x_wconf 67' lang='grc' dir='ltr'>δίᾳ,</span> <span class='ocrx_word' id='word_1_481' title='bbox 252 2314 300 2339; x_wconf 74' lang='grc' dir='ltr'><strong>καὶ</strong></span> <span class='ocrx_word' id='word_1_482' title='bbox 315 2313 340 2339; x_wconf 82' lang='grc' dir='ltr'><strong>τί</strong></span> <span class='ocrx_word' id='word_1_483' title='bbox 356 2314 429 2339; x_wconf 75' lang='grc' dir='ltr'>ἐστιν</span> <span class='ocrx_word' id='word_1_484' title='bbox 443 2313 472 2338; x_wconf 78' lang='grc' dir='ltr'>ὲν</span> <span class='ocrx_word' id='word_1_485' title='bbox 495 2312 534 2348; x_wconf 85' lang='grc' dir='ltr'>τῷ</span> <span class='ocrx_word' id='word_1_486' title='bbox 549 2311 695 2348; x_wconf 85' lang='grc' dir='ltr'>ἀνθρώπῳ·</span> <span class='ocrx_word' id='word_1_487' title='bbox 709 2313 756 2339; x_wconf 77' lang='grc' dir='ltr'><strong>καὶ</strong></span> <span class='ocrx_word' id='word_1_488' title='bbox 769 2312 799 2339; x_wconf 88' lang='grc' dir='ltr'>τό</span> <span class='ocrx_word' id='word_1_489' title='bbox 821 2320 853 2346; x_wconf 88' lang='grc' dir='ltr'><strong>γε</strong></span> <span class='ocrx_word' id='word_1_490' title='bbox 876 2313 978 2347; x_wconf 79' lang='grc' dir='ltr'>μεῖζον,</span> 
     </span>
    </p>
   </div>
   <div class='ocr_carea' id='block_1_62' title="bbox 188 2356 981 2393">
    <p class='ocr_par' dir='ltr' id='par_1_62' title="bbox 188 2356 981 2393">
     <span class='ocr_line' id='line_1_62' title="bbox 188 2356 981 2393; baseline 0.001 -9"><span class='ocrx_word' id='word_1_491' title='bbox 188 2358 270 2389; x_wconf 77' lang='grc' dir='ltr'>αὐτὸς</span> <span class='ocrx_word' id='word_1_492' title='bbox 286 2357 364 2393; x_wconf 80' lang='grc' dir='ltr'>μόνος</span> <span class='ocrx_word' id='word_1_493' title='bbox 378 2357 509 2391; x_wconf 84' lang='grc' dir='ltr'>γινώσκει</span> <span class='ocrx_word' id='word_1_494' title='bbox 533 2356 579 2383; x_wconf 80' lang='grc' dir='ltr'>τὸν</span> <span class='ocrx_word' id='word_1_495' title='bbox 600 2357 720 2393; x_wconf 77' lang='grc' dir='ltr'>Πατέρα,</span> <span class='ocrx_word' id='word_1_496' title='bbox 736 2358 783 2384; x_wconf 76' lang='grc' dir='ltr'><strong>καὶ</strong></span> <span class='ocrx_word' id='word_1_497' title='bbox 799 2357 881 2392; x_wconf 82' lang='grc' dir='ltr'>λέγει·</span> <span class='ocrx_word' id='word_1_498' title='bbox 907 2357 981 2393; x_wconf 75' lang='grc' dir='ltr'><strong>Ἐ’τῶ</strong></span> 
     </span>
    </p>
   </div>
   <div class='ocr_carea' id='block_1_63' title="bbox 187 2401 809 2437">
    <p class='ocr_par' dir='ltr' id='par_1_63' title="bbox 187 2401 809 2437">
     <span class='ocr_line' id='line_1_63' title="bbox 187 2401 809 2437; baseline 0 -8"><span class='ocrx_word' id='word_1_499' title='bbox 187 2404 221 2429; x_wconf 81' lang='grc' dir='ltr'>ἐν</span> <span class='ocrx_word' id='word_1_500' title='bbox 237 2402 277 2436; x_wconf 82' lang='grc' dir='ltr'>τῷ</span> <span class='ocrx_word' id='word_1_501' title='bbox 291 2402 393 2436; x_wconf 78' lang='grc' dir='ltr'>Πατρὶ,</span> <span class='ocrx_word' id='word_1_502' title='bbox 409 2402 458 2429; x_wconf 74' lang='grc' dir='ltr'><strong>καὶ</strong></span> <span class='ocrx_word' id='word_1_503' title='bbox 475 2404 490 2429; x_wconf 83' lang='grc' dir='ltr'><em>ό</em></span> <span class='ocrx_word' id='word_1_504' title='bbox 503 2401 604 2437; x_wconf 79' lang='grc' dir='ltr'>Πατὴρ</span> <span class='ocrx_word' id='word_1_505' title='bbox 688 2403 722 2429; x_wconf 81' lang='grc' dir='ltr'>ὲν</span> <span class='ocrx_word' id='word_1_506' title='bbox 733 2403 809 2437; x_wconf 83' lang='grc' dir='ltr'>ἐμοί.</span> 
     </span>
    </p>
   </div>
   <div class='ocr_carea' id='block_1_64' title="bbox 285 2502 980 2540">
    <p class='ocr_par' dir='ltr' id='par_1_64' title="bbox 285 2502 980 2540">
     <span class='ocr_line' id='line_1_64' title="bbox 285 2502 980 2540; baseline 0.003 -10"><span class='ocrx_word' id='word_1_507' title='bbox 285 2503 390 2530; x_wconf 81' lang='grc' dir='ltr'>Οὐκοῦν</span> <span class='ocrx_word' id='word_1_508' title='bbox 402 2502 575 2530; x_wconf 60' lang='grc' dir='ltr'>παντὶποῦεο</span> <span class='ocrx_word' id='word_1_509' title='bbox 591 2502 676 2538; x_wconf 77' lang='grc' dir='ltr'>,δῆλόν</span> <span class='ocrx_word' id='word_1_510' title='bbox 691 2504 774 2535; x_wconf 81' lang='grc' dir='ltr'>ἐστιν,</span> <span class='ocrx_word' id='word_1_511' title='bbox 797 2504 839 2530; x_wconf 84' lang='grc' dir='ltr'>ὅτι</span> <span class='ocrx_word' id='word_1_512' title='bbox 858 2505 908 2539; x_wconf 87' lang='grc' dir='ltr'>τῆς</span> <span class='ocrx_word' id='word_1_513' title='bbox 931 2505 980 2540; x_wconf 74' lang='grc' dir='ltr'>μὲν</span> 
     </span>
    </p>
   </div>
   <div class='ocr_carea' id='block_1_65' title="bbox 189 2548 981 2587">
    <p class='ocr_par' dir='ltr' id='par_1_65' title="bbox 189 2548 981 2587">
     <span class='ocr_line' id='line_1_65' title="bbox 189 2548 981 2587; baseline 0.003 -11"><span class='ocrx_word' id='word_1_514' title='bbox 189 2550 290 2585; x_wconf 81' lang='grc' dir='ltr'>σαρκός</span> <span class='ocrx_word' id='word_1_515' title='bbox 302 2551 360 2576; x_wconf 70' lang='grc' dir='ltr'>ἐστι</span> <span class='ocrx_word' id='word_1_516' title='bbox 378 2550 409 2576; x_wconf 85' lang='grc' dir='ltr'>τὸ</span> <span class='ocrx_word' id='word_1_517' title='bbox 420 2550 537 2583; x_wconf 82' lang='grc' dir='ltr'>ἀγνοεῖν,</span> <span class='ocrx_word' id='word_1_518' title='bbox 560 2550 642 2581; x_wconf 74' lang='grc' dir='ltr'>αὐτὸς</span> <span class='ocrx_word' id='word_1_519' title='bbox 663 2550 692 2576; x_wconf 79' lang='grc' dir='ltr'><strong>δὲ</strong></span> <span class='ocrx_word' id='word_1_520' title='bbox 709 2550 723 2576; x_wconf 84' lang='grc'>6</span> <span class='ocrx_word' id='word_1_521' title='bbox 745 2550 840 2584; x_wconf 81' lang='grc' dir='ltr'>Λόγος,</span> <span class='ocrx_word' id='word_1_522' title='bbox 896 2551 981 2585; x_wconf 84' lang='grc' dir='ltr'>Λόγος</span> 
     </span>
    </p>
   </div>
   <div class='ocr_carea' id='block_1_66' title="bbox 188 2594 981 2630">
    <p class='ocr_par' dir='ltr' id='par_1_66' title="bbox 188 2594 981 2630">
     <span class='ocr_line' id='line_1_66' title="bbox 188 2594 981 2630; baseline 0.003 -9"><span class='ocrx_word' id='word_1_523' title='bbox 188 2595 257 2627; x_wconf 75' lang='grc' dir='ltr'><strong>ἐπὶ,</strong></span> <span class='ocrx_word' id='word_1_524' title='bbox 272 2594 306 2621; x_wconf 81' lang='grc' dir='ltr'>τὰ</span> <span class='ocrx_word' id='word_1_525' title='bbox 321 2595 411 2622; x_wconf 83' lang='grc' dir='ltr'>πάντα</span> <span class='ocrx_word' id='word_1_526' title='bbox 433 2595 480 2621; x_wconf 80' lang='grc' dir='ltr'><strong>καὶ</strong></span> <span class='ocrx_word' id='word_1_527' title='bbox 507 2595 571 2630; x_wconf 84' lang='grc' dir='ltr'>πρὶν</span> <span class='ocrx_word' id='word_1_528' title='bbox 597 2594 732 2629; x_wconf 74' lang='grc' dir='ltr'>γενέσεως</span> <span class='ocrx_word' id='word_1_529' title='bbox 755 2595 893 2629; x_wconf 82' lang='grc' dir='ltr'>γινώσκει.</span> <span class='ocrx_word' id='word_1_530' title='bbox 912 2597 981 2623; x_wconf 64' lang='grc' dir='ltr'><strong>οὐδὲ</strong></span> 
     </span>
    </p>
   </div>
   <div class='ocr_carea' id='block_1_67' title="bbox 188 2640 980 2677">
    <p class='ocr_par' dir='ltr' id='par_1_67' title="bbox 188 2640 980 2677">
     <span class='ocr_line' id='line_1_67' title="bbox 188 2640 980 2677; baseline 0.003 -10"><span class='ocrx_word' id='word_1_531' title='bbox 188 2641 244 2676; x_wconf 79' lang='grc' dir='ltr'>γὰρ</span> <span class='ocrx_word' id='word_1_532' title='bbox 265 2661 274 2672; x_wconf 87' lang='grc'><strong>,</strong></span> <span class='ocrx_word' id='word_1_533' title='bbox 344 2640 440 2676; x_wconf 74' lang='grc' dir='ltr'>ἐπειδὴ</span> <span class='ocrx_word' id='word_1_534' title='bbox 459 2640 572 2674; x_wconf 77' lang='grc' dir='ltr'>γέγονεν</span> <span class='ocrx_word' id='word_1_535' title='bbox 599 2641 752 2677; x_wconf 79' lang='grc' dir='ltr'>ἄνθρωπος,</span> <span class='ocrx_word' id='word_1_536' title='bbox 777 2642 913 2669; x_wconf 78' lang='grc' dir='ltr'>πέπαυται</span> <span class='ocrx_word' id='word_1_537' title='bbox 933 2643 980 2669; x_wconf 81' lang='grc' dir='ltr'>τοῦ</span> 
     </span>
    </p>
   </div>
   <div class='ocr_carea' id='block_1_68' title="bbox 189 2683 981 2723">
    <p class='ocr_par' dir='ltr' id='par_1_68' title="bbox 189 2683 981 2723">
     <span class='ocr_line' id='line_1_68' title="bbox 189 2683 981 2723; baseline 0.005 -12"><span class='ocrx_word' id='word_1_538' title='bbox 189 2683 259 2712; x_wconf 80' lang='grc' dir='ltr'>εἶναι</span> <span class='ocrx_word' id='word_1_539' title='bbox 272 2685 348 2717; x_wconf 84' lang='grc' dir='ltr'>Θεός·</span> <span class='ocrx_word' id='word_1_540' title='bbox 362 2685 433 2716; x_wconf 74' lang='grc' dir='ltr'>οὐδὲ,</span> <span class='ocrx_word' id='word_1_541' title='bbox 450 2685 544 2722; x_wconf 78' lang='grc' dir='ltr'>ἐπειδὴ</span> <span class='ocrx_word' id='word_1_542' title='bbox 560 2686 627 2717; x_wconf 86' lang='grc' dir='ltr'>Θεός</span> <span class='ocrx_word' id='word_1_543' title='bbox 639 2686 708 2719; x_wconf 81' lang='grc' dir='ltr'>ἐστι,</span> <span class='ocrx_word' id='word_1_544' title='bbox 723 2687 817 2722; x_wconf 83' lang='grc' dir='ltr'>φεύγει</span> <span class='ocrx_word' id='word_1_545' title='bbox 833 2688 863 2715; x_wconf 84' lang='lat'><strong>16</strong></span> <span class='ocrx_word' id='word_1_546' title='bbox 874 2687 981 2723; x_wconf 76' lang='grc' dir='ltr'><strong>ἀνθρώ⁶</strong></span> 
     </span>
    </p>
   </div>
   <div class='ocr_carea' id='block_1_69' title="bbox 190 2731 983 2771">
    <p class='ocr_par' dir='ltr' id='par_1_69' title="bbox 190 2731 983 2771">
     <span class='ocr_line' id='line_1_69' title="bbox 190 2731 983 2771; baseline 0.005 -14"><span class='ocrx_word' id='word_1_547' title='bbox 190 2739 277 2758; x_wconf 81' lang='grc' dir='ltr'>πινον·</span> <span class='ocrx_word' id='word_1_548' title='bbox 300 2731 337 2766; x_wconf 83' lang='grc' dir='ltr'>μὴ</span> <span class='ocrx_word' id='word_1_549' title='bbox 351 2732 469 2765; x_wconf 77' lang='grc' dir='ltr'>γένοιτοῐ</span> <span class='ocrx_word' id='word_1_550' title='bbox 486 2732 554 2759; x_wconf 78' lang='grc' dir='ltr'>ἀλλὰ</span> <span class='ocrx_word' id='word_1_551' title='bbox 571 2732 669 2767; x_wconf 82' lang='grc' dir='ltr'>μᾶλλον</span> <span class='ocrx_word' id='word_1_552' title='bbox 687 2733 753 2765; x_wconf 82' lang='grc' dir='ltr'>Θεὸς</span> <span class='ocrx_word' id='word_1_553' title='bbox 767 2733 815 2766; x_wconf 86' lang='grc' dir='ltr'>ὢν,</span> <span class='ocrx_word' id='word_1_554' title='bbox 830 2735 983 2771; x_wconf 76' lang='grc' dir='ltr'>προσελάμ-</span> 
     </span>
    </p>
   </div>
   <div class='ocr_carea' id='block_1_70' title="bbox 191 2777 982 2817">
    <p class='ocr_par' dir='ltr' id='par_1_70' title="bbox 191 2777 982 2817">
     <span class='ocr_line' id='line_1_70' title="bbox 191 2777 982 2817; baseline 0.006 -14"><span class='ocrx_word' id='word_1_555' title='bbox 191 2777 257 2804; x_wconf 75' lang='grc' dir='ltr'>ϐανε</span> <span class='ocrx_word' id='word_1_556' title='bbox 340 2777 391 2813; x_wconf 78' lang='grc' dir='ltr'>τὴν</span> <span class='ocrx_word' id='word_1_557' title='bbox 404 2778 505 2814; x_wconf 77' lang='grc' dir='ltr'>σάρκα,</span> <span class='ocrx_word' id='word_1_558' title='bbox 517 2780 565 2805; x_wconf 78' lang='grc' dir='ltr'><strong>καὶ</strong></span> <span class='ocrx_word' id='word_1_559' title='bbox 587 2780 616 2805; x_wconf 70' lang='grc' dir='ltr'>ὲν</span> <span class='ocrx_word' id='word_1_560' title='bbox 629 2780 711 2815; x_wconf 76' lang='grc' dir='ltr'>σαρκὶ</span> <span class='ocrx_word' id='word_1_561' title='bbox 726 2778 765 2806; x_wconf 80' lang='grc' dir='ltr'>ὢν</span> <span class='ocrx_word' id='word_1_562' title='bbox 778 2779 911 2808; x_wconf 80' lang='grc' dir='ltr'>ὲθεοποίει</span> <span class='ocrx_word' id='word_1_563' title='bbox 933 2781 982 2817; x_wconf 79' lang='grc' dir='ltr'>τὴν</span> 
     </span>
    </p>
   </div>
   <div class='ocr_carea' id='block_1_71' title="bbox 230 2846 992 2883">
    <p class='ocr_par' dir='ltr' id='par_1_71' title="bbox 230 2846 992 2883">
     <span class='ocr_line' id='line_1_71' title="bbox 230 2846 992 2883; baseline -0.003 -5"><span class='ocrx_word' id='word_1_564' title='bbox 230 2850 238 2866; x_wconf 85' lang='grc'>¹</span> <span class='ocrx_word' id='word_1_565' title='bbox 256 2848 335 2878; x_wconf 80' lang='lat' dir='ltr'><strong>Joan.</strong></span> <span class='ocrx_word' id='word_1_566' title='bbox 350 2858 386 2883; x_wconf 78' lang='lat' dir='ltr'><strong>tu,</strong></span> <span class='ocrx_word' id='word_1_567' title='bbox 399 2850 447 2879; x_wconf 64' lang='lat'><strong>&#39;51.</strong></span> <span class='ocrx_word' id='word_1_568' title='bbox 484 2849 495 2866; x_wconf 82' lang='lat'>&#39;</span> <span class='ocrx_word' id='word_1_569' title='bbox 509 2848 604 2876; x_wconf 79' lang='lat' dir='ltr'><strong>Matth.</strong></span> <span class='ocrx_word' id='word_1_570' title='bbox 622 2854 677 2880; x_wconf 73' lang='grc' dir='ltr'>ιιι,</span> <span class='ocrx_word' id='word_1_571' title='bbox 691 2846 733 2875; x_wconf 78' lang='lat' dir='ltr'><strong>t3.</strong></span> <span class='ocrx_word' id='word_1_572' title='bbox 772 2846 783 2863; x_wconf 88' lang='grc'><em>³</em></span> <span class='ocrx_word' id='word_1_573' title='bbox 797 2846 881 2874; x_wconf 73' lang='lat' dir='ltr'><strong>Marc.</strong></span> <span class='ocrx_word' id='word_1_574' title='bbox 900 2855 935 2880; x_wconf 72' lang='lat' dir='ltr'><strong>v1,</strong></span> <span class='ocrx_word' id='word_1_575' title='bbox 948 2848 992 2876; x_wconf 75' lang='lat'><strong>58.</strong></span> 
     </span>
    </p>
   </div>
   <div class='ocr_carea' id='block_1_72' title="bbox 1131 769 1811 806">
    <p class='ocr_par' dir='ltr' id='par_1_72' title="bbox 1131 769 1811 806">
     <span class='ocr_line' id='line_1_72' title="bbox 1131 769 1811 806; baseline -0.003 -8"><span class='ocrx_word' id='word_1_576' title='bbox 1131 771 1195 800; x_wconf 69' lang='lat' dir='ltr'><strong>Hmc</strong></span> <span class='ocrx_word' id='word_1_577' title='bbox 1213 771 1295 806; x_wconf 86' lang='lat' dir='ltr'><strong>igitur</strong></span> <span class='ocrx_word' id='word_1_578' title='bbox 1311 775 1354 798; x_wconf 88' lang='lat' dir='ltr'><strong>est</strong></span> <span class='ocrx_word' id='word_1_579' title='bbox 1375 771 1484 798; x_wconf 88' lang='lat' dir='ltr'><strong>illorum</strong></span> <span class='ocrx_word' id='word_1_580' title='bbox 1497 771 1640 798; x_wconf 82' lang='lat' dir='ltr'><strong>verborum</strong></span> <span class='ocrx_word' id='word_1_581' title='bbox 1668 769 1811 798; x_wconf 81' lang='lat' dir='ltr'><strong>sententia.</strong></span> 
     </span>
    </p>
   </div>
   <div class='ocr_carea' id='block_1_73' title="bbox 1024 814 1812 852">
    <p class='ocr_par' dir='ltr' id='par_1_73' title="bbox 1024 814 1812 852">
     <span class='ocr_line' id='line_1_73' title="bbox 1024 814 1812 852; baseline -0.005 -8"><span class='ocrx_word' id='word_1_582' title='bbox 1024 817 1090 850; x_wconf 84' lang='lat' dir='ltr'><strong>Quae</strong></span> <span class='ocrx_word' id='word_1_583' title='bbox 1109 817 1209 852; x_wconf 87' lang='lat' dir='ltr'><strong>pariter</strong></span> <span class='ocrx_word' id='word_1_584' title='bbox 1229 817 1263 844; x_wconf 91' lang='lat' dir='ltr'><strong>de</strong></span> <span class='ocrx_word' id='word_1_585' title='bbox 1276 816 1416 843; x_wconf 84' lang='lat' dir='ltr'><strong>S‘alvatore</strong></span> <span class='ocrx_word' id='word_1_586' title='bbox 1440 816 1558 842; x_wconf 89' lang='lat' dir='ltr'><strong>humano</strong></span> <span class='ocrx_word' id='word_1_587' title='bbox 1577 822 1652 841; x_wconf 87' lang='lat' dir='ltr'><strong>more</strong></span> <span class='ocrx_word' id='word_1_588' title='bbox 1674 814 1812 845; x_wconf 88' lang='lat' dir='ltr'><strong>dicuntur,</strong></span> 
     </span>
    </p>
   </div>
   <div class='ocr_carea' id='block_1_74' title="bbox 1024 859 1812 898">
    <p class='ocr_par' dir='ltr' id='par_1_74' title="bbox 1024 859 1812 898">
     <span class='ocr_line' id='line_1_74' title="bbox 1024 859 1812 898; baseline -0.003 -8"><span class='ocrx_word' id='word_1_589' title='bbox 1024 871 1118 891; x_wconf 90' lang='lat' dir='ltr'><strong>eorum</strong></span> <span class='ocrx_word' id='word_1_590' title='bbox 1134 870 1242 898; x_wconf 85' lang='lat' dir='ltr'><strong>quoque</strong></span> <span class='ocrx_word' id='word_1_591' title='bbox 1258 862 1359 897; x_wconf 90' lang='lat' dir='ltr'><strong>pia-est</strong></span> <span class='ocrx_word' id='word_1_592' title='bbox 1374 860 1547 895; x_wconf 81' lang='lat' dir='ltr'><strong>signiﬁcatio.</strong></span> <span class='ocrx_word' id='word_1_593' title='bbox 1565 859 1667 886; x_wconf 89' lang='lat' dir='ltr'><strong>Idcirco</strong></span> <span class='ocrx_word' id='word_1_594' title='bbox 1682 859 1754 886; x_wconf 90' lang='lat' dir='ltr'><strong>enim</strong></span> <span class='ocrx_word' id='word_1_595' title='bbox 1768 861 1812 888; x_wconf 89' lang='lat' dir='ltr'><strong>illa</strong></span> 
     </span>
    </p>
   </div>
   <div class='ocr_carea' id='block_1_75' title="bbox 533 904 977 944">
    <p class='ocr_par' dir='ltr' id='par_1_75' title="bbox 533 904 970 941">
     <span class='ocr_line' id='line_1_75' title="bbox 533 904 970 941; baseline 0 -10"><span class='ocrx_word' id='word_1_596' title='bbox 533 904 758 941; x_wconf 81' lang='grc' dir='ltr'>προεεητάσαμεν</span> <span class='ocrx_word' id='word_1_597' title='bbox 782 904 817 931; x_wconf 82' lang='grc' dir='ltr'><strong>τὰ</strong></span> <span class='ocrx_word' id='word_1_598' title='bbox 841 905 970 937; x_wconf 85' lang='grc' dir='ltr'>τοιαῦτα,</span> 
     </span>
    </p>
   </div>
   <div class='ocr_carea' id='block_1_76' title="bbox 1027 904 1813 944">
    <p class='ocr_par' dir='ltr' id='par_1_76' title="bbox 1027 906 1813 944">
     <span class='ocr_line' id='line_1_76' title="bbox 1027 906 1813 944; baseline -0.005 -8"><span class='ocrx_word' id='word_1_599' title='bbox 1027 910 1105 944; x_wconf 85' lang='lat' dir='ltr'><strong>prius</strong></span> <span class='ocrx_word' id='word_1_600' title='bbox 1115 909 1272 937; x_wconf 78' lang='lat' dir='ltr'><strong>examinare</strong></span> <span class='ocrx_word' id='word_1_601' title='bbox 1282 908 1370 935; x_wconf 91' lang='lat' dir='ltr'><strong>visum</strong></span> <span class='ocrx_word' id='word_1_602' title='bbox 1387 910 1439 939; x_wconf 87' lang='lat' dir='ltr'><strong>est,</strong></span> <span class='ocrx_word' id='word_1_603' title='bbox 1450 910 1488 939; x_wconf 92' lang='lat' dir='ltr'><strong>ut,</strong></span> <span class='ocrx_word' id='word_1_604' title='bbox 1505 906 1528 933; x_wconf 88' lang='lat' dir='ltr'><strong>si</strong></span> <span class='ocrx_word' id='word_1_605' title='bbox 1543 906 1686 933; x_wconf 87' lang='lat' dir='ltr'><strong>Dominum</strong></span> <span class='ocrx_word' id='word_1_606' title='bbox 1697 907 1813 933; x_wconf 76' lang='lat' dir='ltr'><strong>interro-</strong></span> 
     </span>
    </p>
   </div>
   <div class='ocr_carea' id='block_1_77' title="bbox 1024 952 1809 991">
    <p class='ocr_par' dir='ltr' id='par_1_77' title="bbox 1024 952 1809 991">
     <span class='ocr_line' id='line_1_77' title="bbox 1024 952 1809 991; baseline -0.004 -9"><span class='ocrx_word' id='word_1_607' title='bbox 1024 960 1131 991; x_wconf 81' lang='lat' dir='ltr'><strong>gantem</strong></span> <span class='ocrx_word' id='word_1_608' title='bbox 1157 954 1336 986; x_wconf 86' lang='lat' dir='ltr'><strong>audierimus,</strong></span> <span class='ocrx_word' id='word_1_609' title='bbox 1352 953 1397 981; x_wconf 86' lang='lat' dir='ltr'><strong>ubi</strong></span> <span class='ocrx_word' id='word_1_610' title='bbox 1417 953 1538 980; x_wconf 83' lang='lat' dir='ltr'><strong>Lazarus</strong></span> <span class='ocrx_word' id='word_1_611' title='bbox 1550 952 1656 986; x_wconf 83' lang='lat' dir='ltr'><strong>jaceat&#39;</strong></span> <span class='ocrx_word' id='word_1_612' title='bbox 1671 962 1677 980; x_wconf 90' lang='lat'><strong>:</strong></span> <span class='ocrx_word' id='word_1_613' title='bbox 1691 957 1717 980; x_wconf 90' lang='lat' dir='ltr'><strong>et</strong></span> <span class='ocrx_word' id='word_1_614' title='bbox 1737 959 1809 985; x_wconf 89' lang='lat' dir='ltr'><strong>eum,</strong></span> 
     </span>
    </p>
   </div>
   <div class='ocr_carea' id='block_1_78' title="bbox 1024 998 1812 1035">
    <p class='ocr_par' dir='ltr' id='par_1_78' title="bbox 1024 998 1812 1035">
     <span class='ocr_line' id='line_1_78' title="bbox 1024 998 1812 1035; baseline -0.005 -7"><span class='ocrx_word' id='word_1_615' title='bbox 1024 1000 1077 1028; x_wconf 70' lang='lat' dir='ltr'><strong>ubi‘</strong></span> <span class='ocrx_word' id='word_1_616' title='bbox 1086 1000 1114 1027; x_wconf 88' lang='lat' dir='ltr'><strong>in</strong></span> <span class='ocrx_word' id='word_1_617' title='bbox 1131 1004 1221 1035; x_wconf 81' lang='lat' dir='ltr'><strong>partes</strong></span> <span class='ocrx_word' id='word_1_618' title='bbox 1228 998 1359 1027; x_wconf 55' lang='grc' dir='ltr'>(ἔπειπερ</span> <span class='ocrx_word' id='word_1_619' title='bbox 1372 998 1446 1026; x_wconf 84' lang='lat' dir='ltr'><strong>venit</strong></span> <span class='ocrx_word' id='word_1_620' title='bbox 1458 1001 1658 1033; x_wconf 86' lang='lat' dir='ltr'><strong>percunctatur,</strong></span> <span class='ocrx_word' id='word_1_621' title='bbox 1676 999 1758 1031; x_wconf 83' lang='lat' dir='ltr'><strong>Quem</strong></span> <span class='ocrx_word' id='word_1_622' title='bbox 1772 1006 1812 1025; x_wconf 73' lang='lat' dir='ltr'><strong>me</strong></span> 
     </span>
    </p>
   </div>
   <div class='ocr_carea' id='block_1_79' title="bbox 1021 1038 1813 1076">
    <p class='ocr_par' dir='ltr' id='par_1_79' title="bbox 1021 1038 1813 1076">
     <span class='ocr_line' id='line_1_79' title="bbox 1021 1038 1813 1076; baseline 0.004 -12"><span class='ocrx_word' id='word_1_623' title='bbox 1021 1038 1141 1076; x_wconf 54' lang='lat' dir='ltr'><strong>nomine;</strong></span> <span class='ocrx_word' id='word_1_624' title='bbox 1157 1047 1213 1065; x_wconf 72' lang='lat' dir='ltr'><strong>esse</strong></span> <span class='ocrx_word' id='word_1_625' title='bbox 1231 1039 1361 1065; x_wconf 67' lang='lat' dir='ltr'><strong>dicunt“!</strong></span> <span class='ocrx_word' id='word_1_626' title='bbox 1377 1043 1414 1071; x_wconf 86' lang='lat' dir='ltr'><strong>et,</strong></span> <span class='ocrx_word' id='word_1_627' title='bbox 1435 1038 1506 1071; x_wconf 80' lang='lat' dir='ltr'><strong>Quot</strong></span> <span class='ocrx_word' id='word_1_628' title='bbox 1530 1048 1609 1074; x_wconf 75' lang='lat' dir='ltr'><strong>panes</strong></span> <span class='ocrx_word' id='word_1_629' title='bbox 1626 1040 1725 1065; x_wconf 80' lang='lat' dir='ltr'><strong>habetis</strong></span> <span class='ocrx_word' id='word_1_630' title='bbox 1739 1040 1770 1066; x_wconf 77' lang='lat'><strong>&#39;?</strong></span> <span class='ocrx_word' id='word_1_631' title='bbox 1786 1044 1813 1067; x_wconf 86' lang='lat' dir='ltr'><strong>et</strong></span> 
     </span>
    </p>
   </div>
   <div class='ocr_carea' id='block_1_80' title="bbox 1023 1084 1811 1119">
    <p class='ocr_par' dir='ltr' id='par_1_80' title="bbox 1023 1084 1811 1119">
     <span class='ocr_line' id='line_1_80' title="bbox 1023 1084 1811 1119; baseline -0.003 -7"><span class='ocrx_word' id='word_1_632' title='bbox 1023 1085 1096 1117; x_wconf 74' lang='lat' dir='ltr'><strong>Quid</strong></span> <span class='ocrx_word' id='word_1_633' title='bbox 1113 1084 1193 1112; x_wconf 69' lang='lat' dir='ltr'><strong>vultis</strong></span> <span class='ocrx_word' id='word_1_634' title='bbox 1208 1089 1237 1112; x_wconf 80' lang='lat' dir='ltr'><strong>ut</strong></span> <span class='ocrx_word' id='word_1_635' title='bbox 1255 1085 1353 1119; x_wconf 77' lang='lat' dir='ltr'><strong>faciam</strong></span> <span class='ocrx_word' id='word_1_636' title='bbox 1370 1084 1441 1112; x_wconf 80' lang='lat' dir='ltr'><strong>vobis</strong></span> <span class='ocrx_word' id='word_1_637' title='bbox 1455 1085 1466 1100; x_wconf 81' lang='grc'>⁸</span> <span class='ocrx_word' id='word_1_638' title='bbox 1478 1085 1490 1112; x_wconf 79' lang='grc' dir='ltr'><strong><em>τ</em></strong></span> <span class='ocrx_word' id='word_1_639' title='bbox 1502 1093 1536 1112; x_wconf 82' lang='lat' dir='ltr'><strong>ex</strong></span> <span class='ocrx_word' id='word_1_640' title='bbox 1558 1084 1602 1112; x_wconf 89' lang='lat' dir='ltr'><strong>his</strong></span> <span class='ocrx_word' id='word_1_641' title='bbox 1614 1092 1675 1119; x_wconf 75' lang='lat' dir='ltr'><strong>quae</strong></span> <span class='ocrx_word' id='word_1_642' title='bbox 1693 1084 1811 1119; x_wconf 75' lang='lat' dir='ltr'><strong>explica-</strong></span> 
     </span>
    </p>
   </div>
   <div class='ocr_carea' id='block_1_81' title="bbox 1024 1130 1812 1165">
    <p class='ocr_par' dir='ltr' id='par_1_81' title="bbox 1024 1130 1812 1165">
     <span class='ocr_line' id='line_1_81' title="bbox 1024 1130 1812 1165; baseline -0.001 -8"><span class='ocrx_word' id='word_1_643' title='bbox 1024 1131 1124 1162; x_wconf 85' lang='lat' dir='ltr'><strong>vimus,</strong></span> <span class='ocrx_word' id='word_1_644' title='bbox 1142 1131 1194 1158; x_wconf 90' lang='lat' dir='ltr'><strong>ista</strong></span> <span class='ocrx_word' id='word_1_645' title='bbox 1212 1130 1294 1158; x_wconf 89' lang='lat' dir='ltr'><strong>etiam</strong></span> <span class='ocrx_word' id='word_1_646' title='bbox 1306 1134 1379 1158; x_wconf 86' lang='lat' dir='ltr'><strong>recte</strong></span> <span class='ocrx_word' id='word_1_647' title='bbox 1396 1131 1535 1165; x_wconf 80' lang='lat' dir='ltr'><strong>possimus</strong></span> <span class='ocrx_word' id='word_1_648' title='bbox 1554 1130 1714 1164; x_wconf 83' lang='lat' dir='ltr'><strong>intelligere,</strong></span> <span class='ocrx_word' id='word_1_649' title='bbox 1729 1130 1812 1157; x_wconf 87' lang='lat' dir='ltr'><strong>mini-</strong></span> 
     </span>
    </p>
   </div>
   <div class='ocr_carea' id='block_1_82' title="bbox 1024 1176 1810 1211">
    <p class='ocr_par' dir='ltr' id='par_1_82' title="bbox 1024 1176 1810 1211">
     <span class='ocr_line' id='line_1_82' title="bbox 1024 1176 1810 1211; baseline 0 -8"><span class='ocrx_word' id='word_1_650' title='bbox 1024 1184 1132 1210; x_wconf 82' lang='lat' dir='ltr'><strong>meque,</strong></span> <span class='ocrx_word' id='word_1_651' title='bbox 1149 1181 1178 1204; x_wconf 92' lang='lat' dir='ltr'><strong>ut</strong></span> <span class='ocrx_word' id='word_1_652' title='bbox 1193 1176 1240 1204; x_wconf 82' lang='lat' dir='ltr'><strong>Dei</strong></span> <span class='ocrx_word' id='word_1_653' title='bbox 1254 1176 1346 1204; x_wconf 87' lang='lat' dir='ltr'><strong>hostes</strong></span> <span class='ocrx_word' id='word_1_654' title='bbox 1363 1176 1468 1208; x_wconf 84' lang='lat' dir='ltr'><strong>Ariani,</strong></span> <span class='ocrx_word' id='word_1_655' title='bbox 1485 1176 1645 1204; x_wconf 84' lang='lat' dir='ltr'><strong>scandalum</strong></span> <span class='ocrx_word' id='word_1_656' title='bbox 1664 1177 1810 1211; x_wconf 80' lang='lat' dir='ltr'><strong>patiamur.</strong></span> 
     </span>
    </p>
   </div>
   <div class='ocr_carea' id='block_1_83' title="bbox 1024 1221 1811 1257">
    <p class='ocr_par' dir='ltr' id='par_1_83' title="bbox 1024 1221 1811 1257">
     <span class='ocr_line' id='line_1_83' title="bbox 1024 1221 1811 1257; baseline 0.001 -9"><span class='ocrx_word' id='word_1_657' title='bbox 1024 1221 1117 1257; x_wconf 89' lang='lat' dir='ltr'><strong>Itaque</strong></span> <span class='ocrx_word' id='word_1_658' title='bbox 1130 1223 1247 1256; x_wconf 89' lang='lat' dir='ltr'><strong>primum</strong></span> <span class='ocrx_word' id='word_1_659' title='bbox 1269 1223 1304 1250; x_wconf 88' lang='lat' dir='ltr'><strong>ab</strong></span> <span class='ocrx_word' id='word_1_660' title='bbox 1322 1222 1404 1257; x_wconf 90' lang='lat' dir='ltr'><strong>impie</strong></span> <span class='ocrx_word' id='word_1_661' title='bbox 1425 1222 1604 1250; x_wconf 86' lang='lat' dir='ltr'><strong>sentientibus</strong></span> <span class='ocrx_word' id='word_1_662' title='bbox 1619 1222 1811 1256; x_wconf 77' lang='lat' dir='ltr'><strong>requirendum</strong></span> 
     </span>
    </p>
   </div>
   <div class='ocr_carea' id='block_1_84' title="bbox 1024 1267 1812 1304">
    <p class='ocr_par' dir='ltr' id='par_1_84' title="bbox 1024 1267 1812 1304">
     <span class='ocr_line' id='line_1_84' title="bbox 1024 1267 1812 1304; baseline -0.001 -10"><span class='ocrx_word' id='word_1_663' title='bbox 1024 1271 1074 1300; x_wconf 85' lang='lat' dir='ltr'><strong>est,</strong></span> <span class='ocrx_word' id='word_1_664' title='bbox 1090 1267 1225 1294; x_wconf 86' lang='lat' dir='ltr'><strong>undenam</strong></span> <span class='ocrx_word' id='word_1_665' title='bbox 1240 1275 1302 1295; x_wconf 87' lang='lat' dir='ltr'><strong>eum</strong></span> <span class='ocrx_word' id='word_1_666' title='bbox 1320 1267 1446 1302; x_wconf 80' lang='lat' dir='ltr'><strong>ignorare</strong></span> <span class='ocrx_word' id='word_1_667' title='bbox 1463 1267 1649 1295; x_wconf 86' lang='lat' dir='ltr'><strong>arbitrentur?</strong></span> <span class='ocrx_word' id='word_1_668' title='bbox 1668 1267 1722 1304; x_wconf 80' lang='lat' dir='ltr'><strong>Nec</strong></span> <span class='ocrx_word' id='word_1_669' title='bbox 1741 1268 1812 1294; x_wconf 88' lang='lat' dir='ltr'><strong>enim</strong></span> 
     </span>
    </p>
   </div>
   <div class='ocr_carea' id='block_1_85' title="bbox 1025 1313 1814 1348">
    <p class='ocr_par' dir='ltr' id='par_1_85' title="bbox 1025 1313 1814 1348">
     <span class='ocr_line' id='line_1_85' title="bbox 1025 1313 1814 1348; baseline 0.001 -9"><span class='ocrx_word' id='word_1_670' title='bbox 1025 1319 1097 1344; x_wconf 89' lang='lat' dir='ltr'><strong>eum,</strong></span> <span class='ocrx_word' id='word_1_671' title='bbox 1111 1313 1158 1347; x_wconf 90' lang='lat' dir='ltr'><strong>qui</strong></span> <span class='ocrx_word' id='word_1_672' title='bbox 1174 1313 1333 1348; x_wconf 75' lang='lat' dir='ltr'><strong>interrogat.</strong></span> <span class='ocrx_word' id='word_1_673' title='bbox 1348 1320 1460 1341; x_wconf 88' lang='lat' dir='ltr'><strong>necesse</strong></span> <span class='ocrx_word' id='word_1_674' title='bbox 1472 1318 1514 1341; x_wconf 90' lang='lat' dir='ltr'><strong>est</strong></span> <span class='ocrx_word' id='word_1_675' title='bbox 1530 1314 1654 1348; x_wconf 81' lang='lat' dir='ltr'><strong>ignorare</strong></span> <span class='ocrx_word' id='word_1_676' title='bbox 1667 1314 1700 1340; x_wconf 90' lang='lat' dir='ltr'><strong>de</strong></span> <span class='ocrx_word' id='word_1_677' title='bbox 1714 1314 1814 1348; x_wconf 85' lang='lat' dir='ltr'><strong>quibus</strong></span> 
     </span>
    </p>
   </div>
   <div class='ocr_carea' id='block_1_86' title="bbox 1025 1357 1815 1394">
    <p class='ocr_par' dir='ltr' id='par_1_86' title="bbox 1025 1357 1815 1394">
     <span class='ocr_line' id='line_1_86' title="bbox 1025 1357 1815 1394; baseline 0.003 -10"><span class='ocrx_word' id='word_1_678' title='bbox 1025 1357 1194 1393; x_wconf 75' lang='lat' dir='ltr'><strong>interrogat:</strong></span> <span class='ocrx_word' id='word_1_679' title='bbox 1211 1366 1305 1386; x_wconf 89' lang='lat' dir='ltr'><strong>verum</strong></span> <span class='ocrx_word' id='word_1_680' title='bbox 1322 1359 1385 1386; x_wconf 91' lang='lat' dir='ltr'><strong>licet</strong></span> <span class='ocrx_word' id='word_1_681' title='bbox 1400 1359 1480 1386; x_wconf 88' lang='lat' dir='ltr'><strong>etiam</strong></span> <span class='ocrx_word' id='word_1_682' title='bbox 1500 1359 1630 1387; x_wconf 84' lang='lat' dir='ltr'><strong>scientem</strong></span> <span class='ocrx_word' id='word_1_683' title='bbox 1649 1360 1682 1386; x_wconf 87' lang='lat' dir='ltr'><strong>de</strong></span> <span class='ocrx_word' id='word_1_684' title='bbox 1696 1360 1739 1387; x_wconf 86' lang='lat' dir='ltr'><strong>his</strong></span> <span class='ocrx_word' id='word_1_685' title='bbox 1753 1369 1815 1394; x_wconf 62' lang='lat' dir='ltr'><strong>quas</strong></span> 
     </span>
    </p>
   </div>
   <div class='ocr_carea' id='block_1_87' title="bbox 1025 1404 1811 1440">
    <p class='ocr_par' dir='ltr' id='par_1_87' title="bbox 1025 1404 1811 1440">
     <span class='ocr_line' id='line_1_87' title="bbox 1025 1404 1811 1440; baseline 0.004 -11"><span class='ocrx_word' id='word_1_686' title='bbox 1025 1404 1164 1438; x_wconf 77' lang='lat' dir='ltr'><strong>cognoscit</strong></span> <span class='ocrx_word' id='word_1_687' title='bbox 1176 1404 1322 1432; x_wconf 83' lang='lat' dir='ltr'><strong>sciscitari.</strong></span> <span class='ocrx_word' id='word_1_688' title='bbox 1331 1404 1411 1432; x_wconf 87' lang='lat' dir='ltr'><strong>Certe</strong></span> <span class='ocrx_word' id='word_1_689' title='bbox 1424 1405 1482 1440; x_wconf 91' lang='lat' dir='ltr'><strong>ipse</strong></span> <span class='ocrx_word' id='word_1_690' title='bbox 1494 1404 1611 1432; x_wconf 74' lang='lat' dir='ltr'><strong>Joannes</strong></span> <span class='ocrx_word' id='word_1_691' title='bbox 1625 1406 1763 1433; x_wconf 75' lang='lat' dir='ltr'><strong>Christum</strong></span> <span class='ocrx_word' id='word_1_692' title='bbox 1774 1407 1811 1432; x_wconf 87' lang='lat' dir='ltr'><strong>in-</strong></span> 
     </span>
    </p>
   </div>
   <div class='ocr_carea' id='block_1_88' title="bbox 1025 1450 1813 1484">
    <p class='ocr_par' dir='ltr' id='par_1_88' title="bbox 1025 1450 1813 1484">
     <span class='ocr_line' id='line_1_88' title="bbox 1025 1450 1813 1484; baseline 0.003 -8"><span class='ocrx_word' id='word_1_693' title='bbox 1025 1453 1218 1484; x_wconf 82' lang='lat' dir='ltr'><strong>terrogantem,</strong></span> <span class='ocrx_word' id='word_1_694' title='bbox 1244 1450 1313 1483; x_wconf 80' lang='lat' dir='ltr'><strong>Quot</strong></span> <span class='ocrx_word' id='word_1_695' title='bbox 1333 1457 1413 1484; x_wconf 78' lang='lat' dir='ltr'><strong>panes</strong></span> <span class='ocrx_word' id='word_1_696' title='bbox 1435 1451 1547 1483; x_wconf 77' lang='lat' dir='ltr'><strong>habetis,</strong></span> <span class='ocrx_word' id='word_1_697' title='bbox 1572 1459 1625 1477; x_wconf 89' lang='lat' dir='ltr'><strong>non</strong></span> <span class='ocrx_word' id='word_1_698' title='bbox 1650 1452 1813 1478; x_wconf 74' lang='lat' dir='ltr'><strong>nescientem</strong></span> 
     </span>
    </p>
   </div>
   <div class='ocr_carea' id='block_1_89' title="bbox 1026 1495 1815 1530">
    <p class='ocr_par' dir='ltr' id='par_1_89' title="bbox 1026 1495 1815 1530">
     <span class='ocr_line' id='line_1_89' title="bbox 1026 1495 1815 1530; baseline 0 -8"><span class='ocrx_word' id='word_1_699' title='bbox 1026 1495 1073 1523; x_wconf 91' lang='lat' dir='ltr'><strong>sed</strong></span> <span class='ocrx_word' id='word_1_700' title='bbox 1098 1495 1227 1523; x_wconf 83' lang='lat' dir='ltr'><strong>scientem</strong></span> <span class='ocrx_word' id='word_1_701' title='bbox 1248 1496 1381 1530; x_wconf 77' lang='lat' dir='ltr'><strong>agnoscit,</strong></span> <span class='ocrx_word' id='word_1_702' title='bbox 1400 1496 1462 1523; x_wconf 89' lang='lat' dir='ltr'><strong>hinc</strong></span> <span class='ocrx_word' id='word_1_703' title='bbox 1482 1496 1554 1523; x_wconf 84' lang='lat' dir='ltr'><strong>enim</strong></span> <span class='ocrx_word' id='word_1_704' title='bbox 1569 1496 1607 1523; x_wconf 90' lang='lat' dir='ltr'><strong>ait</strong></span> <span class='ocrx_word' id='word_1_705' title='bbox 1624 1505 1630 1523; x_wconf 91' lang='lat'>:</span> <span class='ocrx_word' id='word_1_706' title='bbox 1654 1496 1710 1522; x_wconf 78' lang='lat' dir='ltr'><strong>Hoc</strong></span> <span class='ocrx_word' id='word_1_707' title='bbox 1727 1501 1815 1523; x_wconf 81' lang='lat' dir='ltr'><strong>autent</strong></span> 
     </span>
    </p>
   </div>
   <div class='ocr_carea' id='block_1_90' title="bbox 1025 1540 1815 1576">
    <p class='ocr_par' dir='ltr' id='par_1_90' title="bbox 1025 1540 1815 1576">
     <span class='ocr_line' id='line_1_90' title="bbox 1025 1540 1815 1576; baseline -0.003 -8"><span class='ocrx_word' id='word_1_708' title='bbox 1025 1540 1128 1569; x_wconf 79' lang='lat' dir='ltr'><strong>dicebat</strong></span> <span class='ocrx_word' id='word_1_709' title='bbox 1145 1545 1249 1569; x_wconf 70' lang='lat' dir='ltr'><strong>tertiana</strong></span> <span class='ocrx_word' id='word_1_710' title='bbox 1274 1541 1427 1576; x_wconf 79' lang='lat' dir='ltr'><strong>Philippum</strong></span> <span class='ocrx_word' id='word_1_711' title='bbox 1446 1549 1455 1568; x_wconf 89' lang='lat'><strong><em>:</em></strong></span> <span class='ocrx_word' id='word_1_712' title='bbox 1474 1542 1528 1576; x_wconf 78' lang='lat' dir='ltr'><strong>ipse</strong></span> <span class='ocrx_word' id='word_1_713' title='bbox 1548 1541 1617 1568; x_wconf 85' lang='lat' dir='ltr'><strong>enim</strong></span> <span class='ocrx_word' id='word_1_714' title='bbox 1635 1541 1732 1567; x_wconf 72' lang='lat' dir='ltr'><strong>sciebat</strong></span> <span class='ocrx_word' id='word_1_715' title='bbox 1752 1540 1815 1575; x_wconf 78' lang='lat' dir='ltr'><strong>quid</strong></span> 
     </span>
    </p>
   </div>
   <div class='ocr_carea' id='block_1_91' title="bbox 1026 1586 1815 1621">
    <p class='ocr_par' dir='ltr' id='par_1_91' title="bbox 1026 1586 1815 1621">
     <span class='ocr_line' id='line_1_91' title="bbox 1026 1586 1815 1621; baseline -0.001 -8"><span class='ocrx_word' id='word_1_716' title='bbox 1026 1591 1091 1613; x_wconf 74' lang='lat' dir='ltr'><strong>esset</strong></span> <span class='ocrx_word' id='word_1_717' title='bbox 1107 1587 1226 1621; x_wconf 75' lang='lat' dir='ltr'><strong>facturus</strong></span> <span class='ocrx_word' id='word_1_718' title='bbox 1240 1586 1261 1614; x_wconf 90' lang='lat'><strong>&#39;.</strong></span> <span class='ocrx_word' id='word_1_719' title='bbox 1278 1586 1356 1620; x_wconf 86' lang='lat' dir='ltr'><strong>Quod</strong></span> <span class='ocrx_word' id='word_1_720' title='bbox 1374 1587 1397 1614; x_wconf 92' lang='lat' dir='ltr'><strong>si</strong></span> <span class='ocrx_word' id='word_1_721' title='bbox 1419 1590 1533 1614; x_wconf 82' lang='lat' dir='ltr'><strong>noverat</strong></span> <span class='ocrx_word' id='word_1_722' title='bbox 1552 1587 1617 1621; x_wconf 91' lang='lat' dir='ltr'><strong>quid</strong></span> <span class='ocrx_word' id='word_1_723' title='bbox 1635 1586 1746 1619; x_wconf 79' lang='lat' dir='ltr'><strong>faceret,</strong></span> <span class='ocrx_word' id='word_1_724' title='bbox 1762 1594 1815 1613; x_wconf 90' lang='lat' dir='ltr'><strong>non</strong></span> 
     </span>
    </p>
   </div>
   <div class='ocr_carea' id='block_1_92' title="bbox 1028 1632 1815 1669">
    <p class='ocr_par' dir='ltr' id='par_1_92' title="bbox 1028 1632 1815 1669">
     <span class='ocr_line' id='line_1_92' title="bbox 1028 1632 1815 1669; baseline -0.001 -9"><span class='ocrx_word' id='word_1_725' title='bbox 1028 1635 1111 1669; x_wconf 71' lang='lat' dir='ltr'><strong>igitur</strong></span> <span class='ocrx_word' id='word_1_726' title='bbox 1123 1634 1247 1662; x_wconf 86' lang='lat' dir='ltr'><strong>nesciens</strong></span> <span class='ocrx_word' id='word_1_727' title='bbox 1263 1634 1310 1661; x_wconf 88' lang='lat' dir='ltr'><strong>sed</strong></span> <span class='ocrx_word' id='word_1_728' title='bbox 1326 1634 1416 1661; x_wconf 89' lang='lat' dir='ltr'><strong>sciens</strong></span> <span class='ocrx_word' id='word_1_729' title='bbox 1438 1633 1632 1668; x_wconf 78' lang='lat' dir='ltr'><strong>interrogabat.</strong></span> <span class='ocrx_word' id='word_1_730' title='bbox 1651 1632 1708 1659; x_wconf 91' lang='lat' dir='ltr'><strong>IIoc</strong></span> <span class='ocrx_word' id='word_1_731' title='bbox 1725 1637 1815 1659; x_wconf 82' lang='lat' dir='ltr'><strong>autem</strong></span> 
     </span>
    </p>
   </div>
   <div class='ocr_carea' id='block_1_93' title="bbox 1027 1678 1816 1714">
    <p class='ocr_par' dir='ltr' id='par_1_93' title="bbox 1027 1678 1816 1714">
     <span class='ocr_line' id='line_1_93' title="bbox 1027 1678 1816 1714; baseline -0.004 -7"><span class='ocrx_word' id='word_1_732' title='bbox 1027 1688 1060 1707; x_wconf 84' lang='lat' dir='ltr'><strong>cx</strong></span> <span class='ocrx_word' id='word_1_733' title='bbox 1081 1680 1142 1707; x_wconf 91' lang='lat' dir='ltr'><strong>loco</strong></span> <span class='ocrx_word' id='word_1_734' title='bbox 1167 1680 1219 1707; x_wconf 90' lang='lat' dir='ltr'><strong>alia</strong></span> <span class='ocrx_word' id='word_1_735' title='bbox 1233 1687 1380 1714; x_wconf 80' lang='lat' dir='ltr'><strong>possumus</strong></span> <span class='ocrx_word' id='word_1_736' title='bbox 1398 1679 1559 1713; x_wconf 78' lang='lat' dir='ltr'><strong>intelligere.</strong></span> <span class='ocrx_word' id='word_1_737' title='bbox 1580 1679 1637 1706; x_wconf 85' lang='lat' dir='ltr'><strong>Nec</strong></span> <span class='ocrx_word' id='word_1_738' title='bbox 1650 1678 1721 1705; x_wconf 89' lang='lat' dir='ltr'><strong>enim</strong></span> <span class='ocrx_word' id='word_1_739' title='bbox 1738 1679 1816 1713; x_wconf 91' lang='lat' dir='ltr'><strong>igno-</strong></span> 
     </span>
    </p>
   </div>
   <div class='ocr_carea' id='block_1_94' title="bbox 1027 1722 1814 1758">
    <p class='ocr_par' dir='ltr' id='par_1_94' title="bbox 1027 1722 1814 1758">
     <span class='ocr_line' id='line_1_94' title="bbox 1027 1722 1814 1758; baseline -0.005 -6"><span class='ocrx_word' id='word_1_740' title='bbox 1027 1733 1092 1752; x_wconf 85' lang='lat' dir='ltr'><strong>rans</strong></span> <span class='ocrx_word' id='word_1_741' title='bbox 1101 1724 1232 1752; x_wconf 88' lang='lat' dir='ltr'><strong>Dominus</strong></span> <span class='ocrx_word' id='word_1_742' title='bbox 1243 1724 1436 1758; x_wconf 81' lang='lat' dir='ltr'><strong>interrogabat,</strong></span> <span class='ocrx_word' id='word_1_743' title='bbox 1449 1722 1561 1750; x_wconf 88' lang='lat' dir='ltr'><strong>ubinam</strong></span> <span class='ocrx_word' id='word_1_744' title='bbox 1573 1722 1674 1757; x_wconf 90' lang='lat' dir='ltr'><strong>jaeerct</strong></span> <span class='ocrx_word' id='word_1_745' title='bbox 1684 1722 1814 1752; x_wconf 86' lang='lat' dir='ltr'><strong>Lazarus,</strong></span> 
     </span>
    </p>
   </div>
   <div class='ocr_carea' id='block_1_95' title="bbox 1030 1767 1814 1805">
    <p class='ocr_par' dir='ltr' id='par_1_95' title="bbox 1030 1767 1814 1805">
     <span class='ocr_line' id='line_1_95' title="bbox 1030 1767 1814 1805; baseline -0.004 -9"><span class='ocrx_word' id='word_1_746' title='bbox 1030 1777 1217 1805; x_wconf 86' lang='lat' dir='ltr'><strong>neque,quem</strong></span> <span class='ocrx_word' id='word_1_747' title='bbox 1226 1771 1315 1804; x_wconf 88' lang='lat' dir='ltr'><strong>ipsum</strong></span> <span class='ocrx_word' id='word_1_748' title='bbox 1325 1769 1450 1796; x_wconf 87' lang='lat' dir='ltr'><strong>homines</strong></span> <span class='ocrx_word' id='word_1_749' title='bbox 1461 1768 1592 1800; x_wconf 88' lang='lat' dir='ltr'><strong>dicerent,</strong></span> <span class='ocrx_word' id='word_1_750' title='bbox 1602 1768 1648 1795; x_wconf 89' lang='lat' dir='ltr'><strong>sed</strong></span> <span class='ocrx_word' id='word_1_751' title='bbox 1660 1767 1712 1794; x_wconf 89' lang='lat' dir='ltr'><strong>hoc</strong></span> <span class='ocrx_word' id='word_1_752' title='bbox 1725 1768 1814 1802; x_wconf 88' lang='lat' dir='ltr'><strong>ipsum</strong></span> 
     </span>
    </p>
   </div>
   <div class='ocr_carea' id='block_1_96' title="bbox 1028 1813 1816 1850">
    <p class='ocr_par' dir='ltr' id='par_1_96' title="bbox 1028 1813 1816 1850">
     <span class='ocr_line' id='line_1_96' title="bbox 1028 1813 1816 1850; baseline -0.004 -8"><span class='ocrx_word' id='word_1_753' title='bbox 1028 1816 1101 1850; x_wconf 80' lang='lat' dir='ltr'><strong>quod</strong></span> <span class='ocrx_word' id='word_1_754' title='bbox 1116 1814 1299 1849; x_wconf 80' lang='lat' dir='ltr'><strong>interrogabat</strong></span> <span class='ocrx_word' id='word_1_755' title='bbox 1311 1821 1490 1849; x_wconf 81' lang='lat' dir='ltr'><strong>cognoscens,</strong></span> <span class='ocrx_word' id='word_1_756' title='bbox 1507 1813 1651 1848; x_wconf 88' lang='lat' dir='ltr'><strong>sciensque</strong></span> <span class='ocrx_word' id='word_1_757' title='bbox 1664 1813 1729 1847; x_wconf 88' lang='lat' dir='ltr'><strong>quid</strong></span> <span class='ocrx_word' id='word_1_758' title='bbox 1745 1818 1816 1839; x_wconf 83' lang='lat' dir='ltr'><strong>esset</strong></span> 
     </span>
    </p>
   </div>
   <div class='ocr_carea' id='block_1_97' title="bbox 1030 1858 1815 1894">
    <p class='ocr_par' dir='ltr' id='par_1_97' title="bbox 1030 1858 1815 1894">
     <span class='ocr_line' id='line_1_97' title="bbox 1030 1858 1815 1894; baseline -0.005 -7"><span class='ocrx_word' id='word_1_759' title='bbox 1030 1861 1264 1894; x_wconf 75' lang='lat' dir='ltr'><strong>facturus:atque</strong></span> <span class='ocrx_word' id='word_1_760' title='bbox 1282 1860 1317 1886; x_wconf 89' lang='lat' dir='ltr'><strong>ita</strong></span> <span class='ocrx_word' id='word_1_761' title='bbox 1335 1859 1462 1886; x_wconf 81' lang='lat' dir='ltr'><strong>facillime</strong></span> <span class='ocrx_word' id='word_1_762' title='bbox 1581 1862 1690 1885; x_wconf 85' lang='lat' dir='ltr'><strong>acutum</strong></span> <span class='ocrx_word' id='word_1_763' title='bbox 1707 1858 1815 1884; x_wconf 88' lang='lat' dir='ltr'><strong>illorum</strong></span> 
     </span>
    </p>
   </div>
   <div class='ocr_carea' id='block_1_98' title="bbox 1028 1904 1816 1939">
    <p class='ocr_par' dir='ltr' id='par_1_98' title="bbox 1028 1904 1816 1939">
     <span class='ocr_line' id='line_1_98' title="bbox 1028 1904 1816 1939; baseline -0.003 -6"><span class='ocrx_word' id='word_1_764' title='bbox 1028 1905 1166 1939; x_wconf 87' lang='lat' dir='ltr'><strong>sophisma</strong></span> <span class='ocrx_word' id='word_1_765' title='bbox 1183 1904 1307 1932; x_wconf 84' lang='lat' dir='ltr'><strong>diluitur.</strong></span> <span class='ocrx_word' id='word_1_766' title='bbox 1324 1904 1403 1936; x_wconf 81' lang='lat' dir='ltr'><strong>Quod</strong></span> <span class='ocrx_word' id='word_1_767' title='bbox 1417 1905 1440 1932; x_wconf 81' lang='lat' dir='ltr'><strong>si</strong></span> <span class='ocrx_word' id='word_1_768' title='bbox 1457 1904 1483 1930; x_wconf 94' lang='lat' dir='ltr'><strong>iu</strong></span> <span class='ocrx_word' id='word_1_769' title='bbox 1498 1911 1541 1936; x_wconf 91' lang='lat' dir='ltr'><strong>eo,</strong></span> <span class='ocrx_word' id='word_1_770' title='bbox 1556 1904 1628 1939; x_wconf 89' lang='lat' dir='ltr'><strong>quod</strong></span> <span class='ocrx_word' id='word_1_771' title='bbox 1649 1904 1816 1938; x_wconf 75' lang='lat' dir='ltr'><strong>interrogate</strong></span> 
     </span>
    </p>
   </div>
   <div class='ocr_carea' id='block_1_99' title="bbox 1027 1949 1817 1983">
    <p class='ocr_par' dir='ltr' id='par_1_99' title="bbox 1027 1949 1817 1983">
     <span class='ocr_line' id='line_1_99' title="bbox 1027 1949 1817 1983; baseline -0.004 -5"><span class='ocrx_word' id='word_1_772' title='bbox 1027 1951 1137 1982; x_wconf 84' lang='lat' dir='ltr'><strong>dicitur,</strong></span> <span class='ocrx_word' id='word_1_773' title='bbox 1147 1950 1231 1977; x_wconf 84' lang='lat' dir='ltr'><strong>velint</strong></span> <span class='ocrx_word' id='word_1_774' title='bbox 1253 1951 1396 1983; x_wconf 88' lang='lat' dir='ltr'><strong>insistere,</strong></span> <span class='ocrx_word' id='word_1_775' title='bbox 1422 1950 1535 1977; x_wconf 86' lang='lat' dir='ltr'><strong>audiant</strong></span> <span class='ocrx_word' id='word_1_776' title='bbox 1558 1950 1660 1976; x_wconf 89' lang='lat' dir='ltr'><strong>nullam</strong></span> <span class='ocrx_word' id='word_1_777' title='bbox 1677 1949 1817 1976; x_wconf 85' lang='lat' dir='ltr'><strong>iudivini-</strong></span> 
     </span>
    </p>
   </div>
   <div class='ocr_carea' id='block_1_100' title="bbox 1028 1995 1817 2032">
    <p class='ocr_par' dir='ltr' id='par_1_100' title="bbox 1028 1995 1817 2032">
     <span class='ocr_line' id='line_1_100' title="bbox 1028 1995 1817 2032; baseline -0.003 -8"><span class='ocrx_word' id='word_1_778' title='bbox 1028 2002 1083 2024; x_wconf 84' lang='lat' dir='ltr'><strong>tate</strong></span> <span class='ocrx_word' id='word_1_779' title='bbox 1106 1996 1285 2032; x_wconf 84' lang='lat' dir='ltr'><strong>ignorantiam</strong></span> <span class='ocrx_word' id='word_1_780' title='bbox 1313 2003 1392 2028; x_wconf 83' lang='lat' dir='ltr'><strong>esse,</strong></span> <span class='ocrx_word' id='word_1_781' title='bbox 1406 1996 1452 2023; x_wconf 91' lang='lat' dir='ltr'><strong>scd</strong></span> <span class='ocrx_word' id='word_1_782' title='bbox 1474 1995 1613 2030; x_wconf 88' lang='lat' dir='ltr'><strong>proprium</strong></span> <span class='ocrx_word' id='word_1_783' title='bbox 1640 2003 1701 2022; x_wconf 88' lang='lat' dir='ltr'><strong>esse</strong></span> <span class='ocrx_word' id='word_1_784' title='bbox 1727 1995 1817 2022; x_wconf 70' lang='lat' dir='ltr'><strong>carnis</strong></span> 
     </span>
    </p>
   </div>
   <div class='ocr_carea' id='block_1_101' title="bbox 1028 2042 1816 2079">
    <p class='ocr_par' dir='ltr' id='par_1_101' title="bbox 1028 2042 1816 2079">
     <span class='ocr_line' id='line_1_101' title="bbox 1028 2042 1816 2079; baseline -0.003 -8"><span class='ocrx_word' id='word_1_785' title='bbox 1028 2044 1173 2079; x_wconf 81' lang='lat' dir='ltr'><strong>ignorare,</strong></span> <span class='ocrx_word' id='word_1_786' title='bbox 1205 2043 1245 2071; x_wconf 94' lang='lat' dir='ltr'><strong>uti</strong></span> <span class='ocrx_word' id='word_1_787' title='bbox 1270 2043 1371 2070; x_wconf 89' lang='lat' dir='ltr'><strong>dictum</strong></span> <span class='ocrx_word' id='word_1_788' title='bbox 1405 2047 1455 2069; x_wconf 91' lang='lat' dir='ltr'><strong>est.</strong></span> <span class='ocrx_word' id='word_1_789' title='bbox 1482 2042 1560 2075; x_wconf 86' lang='lat' dir='ltr'><strong>Quod</strong></span> <span class='ocrx_word' id='word_1_790' title='bbox 1585 2042 1694 2077; x_wconf 86' lang='lat' dir='ltr'><strong>quidem</strong></span> <span class='ocrx_word' id='word_1_791' title='bbox 1721 2050 1816 2069; x_wconf 90' lang='lat' dir='ltr'><strong>verum</strong></span> 
     </span>
    </p>
   </div>
   <div class='ocr_carea' id='block_1_102' title="bbox 1027 2090 1817 2126">
    <p class='ocr_par' dir='ltr' id='par_1_102' title="bbox 1027 2090 1817 2126">
     <span class='ocr_line' id='line_1_102' title="bbox 1027 2090 1817 2126; baseline -0.003 -7"><span class='ocrx_word' id='word_1_792' title='bbox 1027 2099 1089 2119; x_wconf 85' lang='lat' dir='ltr'><strong>esse</strong></span> <span class='ocrx_word' id='word_1_793' title='bbox 1103 2091 1265 2126; x_wconf 87' lang='lat' dir='ltr'><strong>comperies,</strong></span> <span class='ocrx_word' id='word_1_794' title='bbox 1281 2091 1303 2119; x_wconf 93' lang='lat' dir='ltr'><strong>si</strong></span> <span class='ocrx_word' id='word_1_795' title='bbox 1316 2092 1445 2118; x_wconf 68' lang='lat' dir='ltr'><strong>observes</strong></span> <span class='ocrx_word' id='word_1_796' title='bbox 1460 2098 1515 2125; x_wconf 86' lang='lat' dir='ltr'><strong>quo</strong></span> <span class='ocrx_word' id='word_1_797' title='bbox 1526 2095 1606 2125; x_wconf 83' lang='lat' dir='ltr'><strong>pacto</strong></span> <span class='ocrx_word' id='word_1_798' title='bbox 1625 2090 1756 2118; x_wconf 88' lang='lat' dir='ltr'><strong>Dominus</strong></span> <span class='ocrx_word' id='word_1_799' title='bbox 1771 2091 1817 2125; x_wconf 88' lang='lat' dir='ltr'><strong>qui</strong></span> 
     </span>
    </p>
   </div>
   <div class='ocr_carea' id='block_1_103' title="bbox 1029 2135 1818 2172">
    <p class='ocr_par' dir='ltr' id='par_1_103' title="bbox 1029 2135 1818 2172">
     <span class='ocr_line' id='line_1_103' title="bbox 1029 2135 1818 2172; baseline 0 -8"><span class='ocrx_word' id='word_1_800' title='bbox 1029 2137 1205 2171; x_wconf 79' lang='lat' dir='ltr'><strong>interrogavit</strong></span> <span class='ocrx_word' id='word_1_801' title='bbox 1222 2137 1268 2164; x_wconf 88' lang='lat' dir='ltr'><strong>ubi</strong></span> <span class='ocrx_word' id='word_1_802' title='bbox 1286 2136 1390 2172; x_wconf 80' lang='lat' dir='ltr'><strong>iaceret</strong></span> <span class='ocrx_word' id='word_1_803' title='bbox 1410 2135 1541 2168; x_wconf 83' lang='lat' dir='ltr'><strong>Lazarus,</strong></span> <span class='ocrx_word' id='word_1_804' title='bbox 1558 2136 1683 2171; x_wconf 32' lang='lat' dir='ltr'><strong>ipsernon</strong></span> <span class='ocrx_word' id='word_1_805' title='bbox 1699 2144 1818 2171; x_wconf 66' lang='lat' dir='ltr'><strong>praesens</strong></span> 
     </span>
    </p>
   </div>
   <div class='ocr_carea' id='block_1_104' title="bbox 1029 2180 1817 2217">
    <p class='ocr_par' dir='ltr' id='par_1_104' title="bbox 1029 2180 1817 2217">
     <span class='ocr_line' id='line_1_104' title="bbox 1029 2180 1817 2217; baseline -0.001 -7"><span class='ocrx_word' id='word_1_806' title='bbox 1029 2183 1075 2210; x_wconf 86' lang='lat' dir='ltr'><strong>sed</strong></span> <span class='ocrx_word' id='word_1_807' title='bbox 1090 2182 1185 2217; x_wconf 86' lang='lat' dir='ltr'><strong>procul</strong></span> <span class='ocrx_word' id='word_1_808' title='bbox 1205 2183 1304 2209; x_wconf 85' lang='lat' dir='ltr'><strong>absens</strong></span> <span class='ocrx_word' id='word_1_809' title='bbox 1324 2181 1424 2209; x_wconf 86' lang='lat' dir='ltr'><strong>dixerit</strong></span> <span class='ocrx_word' id='word_1_810' title='bbox 1444 2180 1577 2208; x_wconf 79' lang='lat' dir='ltr'><strong>Lazarum</strong></span> <span class='ocrx_word' id='word_1_811' title='bbox 1594 2186 1732 2208; x_wconf 84' lang='lat' dir='ltr'><strong>mortuum</strong></span> <span class='ocrx_word' id='word_1_812' title='bbox 1747 2189 1817 2210; x_wconf 90' lang='lat' dir='ltr'><strong>esse.</strong></span> 
     </span>
    </p>
   </div>
   <div class='ocr_carea' id='block_1_105' title="bbox 1029 2225 1818 2262">
    <p class='ocr_par' dir='ltr' id='par_1_105' title="bbox 1029 2225 1818 2262">
     <span class='ocr_line' id='line_1_105' title="bbox 1029 2225 1818 2262; baseline -0.001 -8"><span class='ocrx_word' id='word_1_813' title='bbox 1029 2235 1118 2262; x_wconf 90' lang='lat' dir='ltr'><strong>quove</strong></span> <span class='ocrx_word' id='word_1_814' title='bbox 1135 2227 1234 2254; x_wconf 87' lang='lat' dir='ltr'><strong>inloco</strong></span> <span class='ocrx_word' id='word_1_815' title='bbox 1244 2231 1371 2253; x_wconf 90' lang='lat' dir='ltr'><strong>mortuus</strong></span> <span class='ocrx_word' id='word_1_816' title='bbox 1381 2230 1463 2253; x_wconf 89' lang='lat' dir='ltr'><strong>esset.</strong></span> <span class='ocrx_word' id='word_1_817' title='bbox 1477 2225 1513 2252; x_wconf 77' lang='lat' dir='ltr'><strong>Et</strong></span> <span class='ocrx_word' id='word_1_818' title='bbox 1522 2233 1586 2253; x_wconf 75' lang='lat' dir='ltr'><strong>vero</strong></span> <span class='ocrx_word' id='word_1_819' title='bbox 1601 2226 1646 2253; x_wconf 85' lang='lat' dir='ltr'><strong>ille</strong></span> <span class='ocrx_word' id='word_1_820' title='bbox 1661 2226 1729 2261; x_wconf 87' lang='lat' dir='ltr'><strong>ipse,</strong></span> <span class='ocrx_word' id='word_1_821' title='bbox 1738 2234 1818 2261; x_wconf 87' lang='lat' dir='ltr'><strong>quem</strong></span> 
     </span>
    </p>
   </div>
   <div class='ocr_carea' id='block_1_106' title="bbox 1029 2272 1820 2308">
    <p class='ocr_par' dir='ltr' id='par_1_106' title="bbox 1029 2272 1820 2308">
     <span class='ocr_line' id='line_1_106' title="bbox 1029 2272 1820 2308; baseline -0.003 -8"><span class='ocrx_word' id='word_1_822' title='bbox 1029 2273 1154 2308; x_wconf 76' lang='lat' dir='ltr'><strong>ignarum</strong></span> <span class='ocrx_word' id='word_1_823' title='bbox 1163 2280 1224 2300; x_wconf 81' lang='lat' dir='ltr'><strong>esse</strong></span> <span class='ocrx_word' id='word_1_824' title='bbox 1232 2273 1400 2304; x_wconf 71' lang='lat' dir='ltr'><strong>existimant,</strong></span> <span class='ocrx_word' id='word_1_825' title='bbox 1411 2273 1434 2299; x_wconf 91' lang='lat' dir='ltr'><strong>is</strong></span> <span class='ocrx_word' id='word_1_826' title='bbox 1442 2276 1484 2299; x_wconf 87' lang='lat' dir='ltr'><strong>est</strong></span> <span class='ocrx_word' id='word_1_827' title='bbox 1501 2272 1547 2306; x_wconf 90' lang='lat' dir='ltr'><strong>qui</strong></span> <span class='ocrx_word' id='word_1_828' title='bbox 1562 2272 1742 2306; x_wconf 79' lang='lat' dir='ltr'><strong>cogitationes</strong></span> <span class='ocrx_word' id='word_1_829' title='bbox 1752 2279 1820 2305; x_wconf 68' lang='lat' dir='ltr'><strong>pree-</strong></span> 
     </span>
    </p>
   </div>
   <div class='ocr_carea' id='block_1_107' title="bbox 1031 2318 1819 2353">
    <p class='ocr_par' dir='ltr' id='par_1_107' title="bbox 1031 2318 1819 2353">
     <span class='ocr_line' id='line_1_107' title="bbox 1031 2318 1819 2353; baseline -0.003 -7"><span class='ocrx_word' id='word_1_830' title='bbox 1031 2319 1121 2346; x_wconf 86' lang='lat' dir='ltr'><strong>uoscit</strong></span> <span class='ocrx_word' id='word_1_831' title='bbox 1141 2318 1349 2353; x_wconf 86' lang='lat' dir='ltr'><strong>discipulorum,</strong></span> <span class='ocrx_word' id='word_1_832' title='bbox 1370 2322 1397 2345; x_wconf 92' lang='lat' dir='ltr'><strong>et</strong></span> <span class='ocrx_word' id='word_1_833' title='bbox 1416 2325 1478 2353; x_wconf 64' lang='lat' dir='ltr'><strong>quia</strong></span> <span class='ocrx_word' id='word_1_834' title='bbox 1499 2318 1526 2344; x_wconf 91' lang='lat' dir='ltr'><strong>in</strong></span> <span class='ocrx_word' id='word_1_835' title='bbox 1549 2318 1719 2352; x_wconf 77' lang='lat' dir='ltr'><strong>singulorum</strong></span> <span class='ocrx_word' id='word_1_836' title='bbox 1738 2318 1819 2344; x_wconf 87' lang='lat' dir='ltr'><strong>corde</strong></span> 
     </span>
    </p>
   </div>
   <div class='ocr_carea' id='block_1_108' title="bbox 1030 2364 1819 2400">
    <p class='ocr_par' dir='ltr' id='par_1_108' title="bbox 1030 2364 1819 2400">
     <span class='ocr_line' id='line_1_108' title="bbox 1030 2364 1819 2400; baseline -0.005 -7"><span class='ocrx_word' id='word_1_837' title='bbox 1030 2370 1171 2400; x_wconf 82' lang='lat' dir='ltr'><strong>geruntur,</strong></span> <span class='ocrx_word' id='word_1_838' title='bbox 1187 2365 1308 2400; x_wconf 81' lang='lat' dir='ltr'><strong>quidque</strong></span> <span class='ocrx_word' id='word_1_839' title='bbox 1327 2364 1363 2392; x_wconf 90' lang='lat' dir='ltr'><strong>sit</strong></span> <span class='ocrx_word' id='word_1_840' title='bbox 1377 2364 1404 2391; x_wconf 89' lang='lat' dir='ltr'><strong>in</strong></span> <span class='ocrx_word' id='word_1_841' title='bbox 1417 2364 1526 2391; x_wconf 90' lang='lat' dir='ltr'><strong>homine</strong></span> <span class='ocrx_word' id='word_1_842' title='bbox 1540 2368 1667 2390; x_wconf 87' lang='lat' dir='ltr'><strong>accurate</strong></span> <span class='ocrx_word' id='word_1_843' title='bbox 1681 2364 1774 2390; x_wconf 89' lang='lat' dir='ltr'><strong>novit:</strong></span> <span class='ocrx_word' id='word_1_844' title='bbox 1791 2367 1819 2390; x_wconf 89' lang='lat' dir='ltr'><strong>et</strong></span> 
     </span>
    </p>
   </div>
   <div class='ocr_carea' id='block_1_109' title="bbox 1030 2409 1816 2447">
    <p class='ocr_par' dir='ltr' id='par_1_109' title="bbox 1030 2409 1816 2447">
     <span class='ocr_line' id='line_1_109' title="bbox 1030 2409 1816 2447; baseline -0.005 -9"><span class='ocrx_word' id='word_1_845' title='bbox 1030 2412 1103 2447; x_wconf 89' lang='lat' dir='ltr'><strong>quod</strong></span> <span class='ocrx_word' id='word_1_846' title='bbox 1114 2411 1204 2446; x_wconf 88' lang='lat' dir='ltr'><strong>majus</strong></span> <span class='ocrx_word' id='word_1_847' title='bbox 1216 2415 1269 2443; x_wconf 90' lang='lat' dir='ltr'><strong>est,</strong></span> <span class='ocrx_word' id='word_1_848' title='bbox 1278 2411 1353 2438; x_wconf 82' lang='lat' dir='ltr'><strong>solus</strong></span> <span class='ocrx_word' id='word_1_849' title='bbox 1363 2411 1421 2445; x_wconf 71' lang='lat' dir='ltr'><strong>ipse</strong></span> <span class='ocrx_word' id='word_1_850' title='bbox 1433 2410 1538 2437; x_wconf 84' lang='lat' dir='ltr'><strong>Patrem</strong></span> <span class='ocrx_word' id='word_1_851' title='bbox 1552 2409 1692 2444; x_wconf 83' lang='lat' dir='ltr'><strong>cognoscit</strong></span> <span class='ocrx_word' id='word_1_852' title='bbox 1701 2413 1728 2435; x_wconf 87' lang='lat' dir='ltr'><strong>et</strong></span> <span class='ocrx_word' id='word_1_853' title='bbox 1737 2409 1816 2435; x_wconf 78' lang='lat' dir='ltr'><strong>dicit:</strong></span> 
     </span>
    </p>
   </div>
   <div class='ocr_carea' id='block_1_110' title="bbox 1033 2456 1556 2493">
    <p class='ocr_par' dir='ltr' id='par_1_110' title="bbox 1033 2456 1556 2493">
     <span class='ocr_line' id='line_1_110' title="bbox 1033 2456 1556 2493; baseline -0.004 -8"><span class='ocrx_word' id='word_1_854' title='bbox 1033 2457 1088 2493; x_wconf 81' lang='lat' dir='ltr'><strong>Ego</strong></span> <span class='ocrx_word' id='word_1_855' title='bbox 1103 2466 1131 2484; x_wconf 74' lang='lat' dir='ltr'><strong>tu</strong></span> <span class='ocrx_word' id='word_1_856' title='bbox 1146 2457 1238 2490; x_wconf 77' lang='lat' dir='ltr'><strong>Patre,</strong></span> <span class='ocrx_word' id='word_1_857' title='bbox 1252 2462 1277 2484; x_wconf 82' lang='lat' dir='ltr'><strong>et</strong></span> <span class='ocrx_word' id='word_1_858' title='bbox 1293 2456 1374 2483; x_wconf 82' lang='lat' dir='ltr'><strong>Pater</strong></span> <span class='ocrx_word' id='word_1_859' title='bbox 1385 2457 1412 2483; x_wconf 81' lang='lat' dir='ltr'><strong>in</strong></span> <span class='ocrx_word' id='word_1_860' title='bbox 1427 2464 1466 2483; x_wconf 85' lang='lat' dir='ltr'><strong>me</strong></span> <span class='ocrx_word' id='word_1_861' title='bbox 1481 2461 1520 2482; x_wconf 73' lang='lat' dir='ltr'><strong>est</strong></span> <span class='ocrx_word' id='word_1_862' title='bbox 1534 2457 1556 2483; x_wconf 80' lang='grc'><strong>⁸.</strong></span> 
     </span>
    </p>
   </div>
   <div class='ocr_carea' id='block_1_111' title="bbox 1127 2498 1819 2537">
    <p class='ocr_par' dir='ltr' id='par_1_111' title="bbox 1127 2498 1819 2537">
     <span class='ocr_line' id='line_1_111' title="bbox 1127 2498 1819 2537; baseline -0.009 -7"><span class='ocrx_word' id='word_1_863' title='bbox 1127 2502 1220 2537; x_wconf 83' lang='lat' dir='ltr'><strong>Itaque</strong></span> <span class='ocrx_word' id='word_1_864' title='bbox 1232 2502 1362 2530; x_wconf 88' lang='lat' dir='ltr'><strong>omnibus</strong></span> <span class='ocrx_word' id='word_1_865' title='bbox 1374 2501 1555 2537; x_wconf 83' lang='lat' dir='ltr'><strong>perspicuum-</strong></span> <span class='ocrx_word' id='word_1_866' title='bbox 1564 2505 1606 2527; x_wconf 84' lang='lat' dir='ltr'><strong>est</strong></span> <span class='ocrx_word' id='word_1_867' title='bbox 1620 2498 1819 2534; x_wconf 83' lang='lat' dir='ltr'><strong>ignorationem</strong></span> 
     </span>
    </p>
   </div>
   <div class='ocr_carea' id='block_1_112' title="bbox 1032 2546 1820 2590">
    <p class='ocr_par' dir='ltr' id='par_1_112' title="bbox 1032 2546 1820 2590">
     <span class='ocr_line' id='line_1_112' title="bbox 1032 2546 1820 2590; baseline -0.01 -13"><span class='ocrx_word' id='word_1_868' title='bbox 1032 2550 1065 2590; x_wconf 73' lang='lat' dir='ltr'><strong>ad</strong></span> <span class='ocrx_word' id='word_1_869' title='bbox 1079 2557 1188 2577; x_wconf 86' lang='lat' dir='ltr'><strong>carnem</strong></span> <span class='ocrx_word' id='word_1_870' title='bbox 1201 2550 1346 2584; x_wconf 90' lang='lat' dir='ltr'><strong>pertinere,</strong></span> <span class='ocrx_word' id='word_1_871' title='bbox 1363 2549 1453 2583; x_wconf 83' lang='lat' dir='ltr'><strong>ipsum</strong></span> <span class='ocrx_word' id='word_1_872' title='bbox 1474 2552 1562 2575; x_wconf 85' lang='lat' dir='ltr'><strong>autem</strong></span> <span class='ocrx_word' id='word_1_873' title='bbox 1580 2546 1708 2577; x_wconf 83' lang='lat' dir='ltr'><strong>Verbum,</strong></span> <span class='ocrx_word' id='word_1_874' title='bbox 1722 2547 1820 2578; x_wconf 87' lang='lat' dir='ltr'><strong>quate-</strong></span> 
     </span>
    </p>
   </div>
   <div class='ocr_carea' id='block_1_113' title="bbox 1033 2590 1822 2628">
    <p class='ocr_par' dir='ltr' id='par_1_113' title="bbox 1033 2590 1822 2628">
     <span class='ocr_line' id='line_1_113' title="bbox 1033 2590 1822 2628; baseline -0.01 -5"><span class='ocrx_word' id='word_1_875' title='bbox 1033 2604 1085 2624; x_wconf 89' lang='lat' dir='ltr'><strong>nus</strong></span> <span class='ocrx_word' id='word_1_876' title='bbox 1097 2595 1215 2623; x_wconf 67' lang='lat' dir='ltr'><strong>Verbum</strong></span> <span class='ocrx_word' id='word_1_877' title='bbox 1231 2599 1283 2628; x_wconf 90' lang='lat' dir='ltr'><strong>est,</strong></span> <span class='ocrx_word' id='word_1_878' title='bbox 1298 2594 1389 2622; x_wconf 88' lang='lat' dir='ltr'><strong>omnia</strong></span> <span class='ocrx_word' id='word_1_879' title='bbox 1402 2594 1478 2628; x_wconf 88' lang='lat' dir='ltr'><strong>prius</strong></span> <span class='ocrx_word' id='word_1_880' title='bbox 1497 2593 1579 2620; x_wconf 86' lang='lat' dir='ltr'><strong>etiam</strong></span> <span class='ocrx_word' id='word_1_881' title='bbox 1596 2599 1678 2627; x_wconf 81' lang='lat' dir='ltr'><strong>quam</strong></span> <span class='ocrx_word' id='word_1_882' title='bbox 1697 2590 1822 2617; x_wconf 83' lang='lat' dir='ltr'><strong>oriantur</strong></span> 
     </span>
    </p>
   </div>
   <div class='ocr_carea' id='block_1_114' title="bbox 1034 2635 1823 2677">
    <p class='ocr_par' dir='ltr' id='par_1_114' title="bbox 1034 2635 1823 2677">
     <span class='ocr_line' id='line_1_114' title="bbox 1034 2635 1823 2677; baseline -0.01 -8"><span class='ocrx_word' id='word_1_883' title='bbox 1034 2649 1208 2677; x_wconf 84' lang='lat' dir='ltr'><strong>cognoscere.</strong></span> <span class='ocrx_word' id='word_1_884' title='bbox 1221 2640 1275 2668; x_wconf 77' lang='lat' dir='ltr'><strong>Nec</strong></span> <span class='ocrx_word' id='word_1_885' title='bbox 1289 2641 1363 2668; x_wconf 85' lang='lat' dir='ltr'><strong>enim</strong></span> <span class='ocrx_word' id='word_1_886' title='bbox 1373 2647 1406 2668; x_wconf 80' lang='lat' dir='ltr'><strong>eo</strong></span> <span class='ocrx_word' id='word_1_887' title='bbox 1420 2639 1492 2675; x_wconf 86' lang='lat' dir='ltr'><strong>quod</strong></span> <span class='ocrx_word' id='word_1_888' title='bbox 1506 2639 1587 2666; x_wconf 86' lang='lat' dir='ltr'><strong>homo</strong></span> <span class='ocrx_word' id='word_1_889' title='bbox 1597 2638 1684 2664; x_wconf 81' lang='lat' dir='ltr'><strong>factus</strong></span> <span class='ocrx_word' id='word_1_890' title='bbox 1697 2636 1742 2669; x_wconf 85' lang='lat' dir='ltr'><strong>sit,</strong></span> <span class='ocrx_word' id='word_1_891' title='bbox 1753 2635 1823 2663; x_wconf 79' lang='lat' dir='ltr'><strong>Deus</strong></span> 
     </span>
    </p>
   </div>
   <div class='ocr_carea' id='block_1_115' title="bbox 1034 2682 1824 2723">
    <p class='ocr_par' dir='ltr' id='par_1_115' title="bbox 1034 2682 1824 2723">
     <span class='ocr_line' id='line_1_115' title="bbox 1034 2682 1824 2723; baseline -0.01 -8"><span class='ocrx_word' id='word_1_892' title='bbox 1034 2696 1095 2716; x_wconf 83' lang='lat' dir='ltr'><strong>esse</strong></span> <span class='ocrx_word' id='word_1_893' title='bbox 1102 2687 1183 2715; x_wconf 87' lang='lat' dir='ltr'><strong>desiit</strong></span> <span class='ocrx_word' id='word_1_894' title='bbox 1197 2697 1204 2715; x_wconf 71' lang='grc' dir='ltr'><strong>ι</strong></span> <span class='ocrx_word' id='word_1_895' title='bbox 1217 2694 1306 2723; x_wconf 82' lang='lat' dir='ltr'><strong>neque</strong></span> <span class='ocrx_word' id='word_1_896' title='bbox 1316 2687 1381 2722; x_wconf 92' lang='lat' dir='ltr'><strong>quia</strong></span> <span class='ocrx_word' id='word_1_897' title='bbox 1396 2686 1467 2714; x_wconf 81' lang='lat' dir='ltr'><strong>Deus</strong></span> <span class='ocrx_word' id='word_1_898' title='bbox 1478 2690 1530 2719; x_wconf 80' lang='lat' dir='ltr'><strong>est,</strong></span> <span class='ocrx_word' id='word_1_899' title='bbox 1541 2685 1568 2712; x_wconf 90' lang='lat' dir='ltr'><strong>id</strong></span> <span class='ocrx_word' id='word_1_900' title='bbox 1584 2682 1657 2719; x_wconf 89' lang='lat' dir='ltr'><strong>quod</strong></span> <span class='ocrx_word' id='word_1_901' title='bbox 1672 2682 1824 2709; x_wconf 87' lang='lat' dir='ltr'><strong>humanum</strong></span> 
     </span>
    </p>
   </div>
   <div class='ocr_carea' id='block_1_116' title="bbox 1035 2731 1823 2769">
    <p class='ocr_par' dir='ltr' id='par_1_116' title="bbox 1035 2731 1823 2769">
     <span class='ocr_line' id='line_1_116' title="bbox 1035 2731 1823 2769; baseline -0.011 -7"><span class='ocrx_word' id='word_1_902' title='bbox 1035 2739 1076 2762; x_wconf 89' lang='lat' dir='ltr'><strong>est</strong></span> <span class='ocrx_word' id='word_1_903' title='bbox 1091 2734 1158 2769; x_wconf 80' lang='lat' dir='ltr'><strong>fugit</strong></span> <span class='ocrx_word' id='word_1_904' title='bbox 1170 2743 1177 2761; x_wconf 88' lang='lat'><strong>:</strong></span> <span class='ocrx_word' id='word_1_905' title='bbox 1191 2733 1280 2767; x_wconf 88' lang='lat' dir='ltr'><strong>absit;</strong></span> <span class='ocrx_word' id='word_1_906' title='bbox 1296 2733 1343 2761; x_wconf 91' lang='lat' dir='ltr'><strong>sed</strong></span> <span class='ocrx_word' id='word_1_907' title='bbox 1357 2732 1449 2768; x_wconf 87' lang='lat' dir='ltr'><strong>potius</strong></span> <span class='ocrx_word' id='word_1_908' title='bbox 1458 2731 1528 2759; x_wconf 87' lang='lat' dir='ltr'><strong>Deus</strong></span> <span class='ocrx_word' id='word_1_909' title='bbox 1541 2738 1603 2758; x_wconf 91' lang='lat' dir='ltr'><strong>cum</strong></span> <span class='ocrx_word' id='word_1_910' title='bbox 1621 2732 1704 2760; x_wconf 88' lang='lat' dir='ltr'><strong>esset,</strong></span> <span class='ocrx_word' id='word_1_911' title='bbox 1714 2734 1823 2755; x_wconf 88' lang='lat' dir='ltr'><strong>carnem</strong></span> 
     </span>
    </p>
   </div>
   <div class='ocr_carea' id='block_1_117' title="bbox 1036 2773 1825 2816">
    <p class='ocr_par' dir='ltr' id='par_1_117' title="bbox 1036 2773 1825 2816">
     <span class='ocr_line' id='line_1_117' title="bbox 1036 2773 1825 2816; baseline -0.013 -7"><span class='ocrx_word' id='word_1_912' title='bbox 1036 2780 1195 2816; x_wconf 83' lang='lat' dir='ltr'><strong>assumpsit,</strong></span> <span class='ocrx_word' id='word_1_913' title='bbox 1212 2784 1238 2807; x_wconf 90' lang='lat' dir='ltr'><strong>et</strong></span> <span class='ocrx_word' id='word_1_914' title='bbox 1259 2787 1322 2807; x_wconf 92' lang='lat' dir='ltr'><strong>cum</strong></span> <span class='ocrx_word' id='word_1_915' title='bbox 1345 2783 1418 2806; x_wconf 89' lang='lat' dir='ltr'><strong>esset</strong></span> <span class='ocrx_word' id='word_1_916' title='bbox 1441 2778 1468 2804; x_wconf 93' lang='lat' dir='ltr'><strong>in</strong></span> <span class='ocrx_word' id='word_1_917' title='bbox 1490 2783 1583 2809; x_wconf 89' lang='lat' dir='ltr'><strong>carne,</strong></span> <span class='ocrx_word' id='word_1_918' title='bbox 1606 2782 1717 2802; x_wconf 86' lang='lat' dir='ltr'><strong>carnem</strong></span> <span class='ocrx_word' id='word_1_919' title='bbox 1737 2773 1825 2809; x_wconf 88' lang='lat' dir='ltr'><strong>ipsam</strong></span> 
     </span>
    </p>
   </div>
   <div class='ocr_carea' id='block_1_118' title="bbox 1030 2839 1788 2884">
    <p class='ocr_par' dir='ltr' id='par_1_118' title="bbox 1030 2839 1788 2884">
     <span class='ocr_line' id='line_1_118' title="bbox 1030 2839 1788 2884; baseline -0.001 -10"><span class='ocrx_word' id='word_1_920' title='bbox 1030 2848 1040 2863; x_wconf 71' lang='grc'>⁸</span> <span class='ocrx_word' id='word_1_921' title='bbox 1052 2839 1146 2876; x_wconf 70' lang='lat' dir='ltr'><strong>Matth.</strong></span> <span class='ocrx_word' id='word_1_922' title='bbox 1163 2858 1207 2884; x_wconf 70' lang='lat' dir='ltr'><strong>xx,</strong></span> <span class='ocrx_word' id='word_1_923' title='bbox 1222 2849 1266 2878; x_wconf 74' lang='lat'><strong>52.</strong></span> <span class='ocrx_word' id='word_1_924' title='bbox 1307 2850 1316 2865; x_wconf 89' lang='lat'><strong>&#39;</strong></span> <span class='ocrx_word' id='word_1_925' title='bbox 1332 2848 1412 2876; x_wconf 79' lang='lat' dir='ltr'><strong>Joau.</strong></span> <span class='ocrx_word' id='word_1_926' title='bbox 1428 2856 1463 2882; x_wconf 74' lang='lat' dir='ltr'><strong>vn,</strong></span> <span class='ocrx_word' id='word_1_927' title='bbox 1481 2848 1507 2876; x_wconf 81' lang='lat'><em>6.</em></span> <span class='ocrx_word' id='word_1_928' title='bbox 1548 2848 1557 2863; x_wconf 85' lang='lat'><strong>‘</strong></span> <span class='ocrx_word' id='word_1_929' title='bbox 1570 2847 1648 2875; x_wconf 78' lang='lat' dir='ltr'><strong>Joan.</strong></span> <span class='ocrx_word' id='word_1_930' title='bbox 1668 2854 1723 2878; x_wconf 77' lang='lat' dir='ltr'><strong>xiv,</strong></span> <span class='ocrx_word' id='word_1_931' title='bbox 1746 2846 1788 2874; x_wconf 72' lang='lat' dir='ltr'><strong>to.</strong></span> 
     </span>
    </p>
   </div>
  </div>
