  <div class='ocr_page' id='page_1' title='image "/cluster/home/n/w/nwhite01/storage/ocr_20150623/130/hvd.32044073502387/223.png"; bbox 0 0 4008 6208; ppageno 0'>
   <div class='ocr_carea' id='block_1_1' title="bbox 398 299 506 359">
    <p class='ocr_par' dir='ltr' id='par_1_1' title="bbox 398 299 506 359">
     <span class='ocr_line' id='line_1_1' title="bbox 398 299 506 359; baseline 0.019 -2"><span class='ocrx_word' id='word_1_1' title='bbox 398 299 506 359; x_wconf 78' lang='grc'><strong>433</strong></span> 
     </span>
    </p>
   </div>
   <div class='ocr_carea' id='block_1_2' title="bbox 1625 281 2411 344">
    <p class='ocr_par' dir='ltr' id='par_1_2' title="bbox 1625 281 2411 344">
     <span class='ocr_line' id='line_1_2' title="bbox 1625 281 2411 344; baseline -0.001 -1"><span class='ocrx_word' id='word_1_2' title='bbox 1625 282 2007 344; x_wconf 75' lang='grc' dir='ltr'><strong>ΕΠΤΗΥΜΙΙ</strong></span> <span class='ocrx_word' id='word_1_3' title='bbox 2049 281 2411 342; x_wconf 65' lang='lat' dir='ltr'><strong>ZIGABENI</strong></span> 
     </span>
    </p>
   </div>
   <div class='ocr_carea' id='block_1_3' title="bbox 3545 277 3654 342">
    <p class='ocr_par' dir='ltr' id='par_1_3' title="bbox 3545 277 3654 342">
     <span class='ocr_line' id='line_1_3' title="bbox 3545 277 3654 342; baseline 0.037 -4"><span class='ocrx_word' id='word_1_4' title='bbox 3545 277 3654 342; x_wconf 57' lang='lat'><strong>[3&#39;6</strong></span> 
     </span>
    </p>
   </div>
   <div class='ocr_carea' id='block_1_4' title="bbox 396 390 1980 473">
    <p class='ocr_par' dir='ltr' id='par_1_4' title="bbox 396 395 1977 473">
     <span class='ocr_line' id='line_1_4' title="bbox 396 395 1977 473; baseline -0.008 -12"><span class='ocrx_word' id='word_1_5' title='bbox 396 407 643 461; x_wconf 77' lang='lat' dir='ltr'><strong>divinam</strong></span> <span class='ocrx_word' id='word_1_6' title='bbox 668 402 923 459; x_wconf 86' lang='lat' dir='ltr'><strong>reddidit.</strong></span> <span class='ocrx_word' id='word_1_7' title='bbox 948 402 1081 458; x_wconf 80' lang='lat' dir='ltr'><strong>Nam</strong></span> <span class='ocrx_word' id='word_1_8' title='bbox 1103 398 1564 473; x_wconf 82' lang='lat' dir='ltr'><strong>quemadmodum</strong></span> <span class='ocrx_word' id='word_1_9' title='bbox 1584 396 1640 450; x_wconf 90' lang='lat' dir='ltr'><strong>in</strong></span> <span class='ocrx_word' id='word_1_10' title='bbox 1669 396 1783 467; x_wconf 89' lang='lat' dir='ltr'><strong>ipsa</strong></span> <span class='ocrx_word' id='word_1_11' title='bbox 1811 395 1977 449; x_wconf 82' lang='lat' dir='ltr'><strong>inter-</strong></span> 
     </span>
    </p>
   </div>
   <div class='ocr_carea' id='block_1_5' title="bbox 2070 390 3658 473">
    <p class='ocr_par' dir='ltr' id='par_1_5' title="bbox 2081 390 3658 468">
     <span class='ocr_line' id='line_1_5' title="bbox 2081 390 3658 468; baseline -0.002 -19"><span class='ocrx_word' id='word_1_12' title='bbox 2081 396 2280 467; x_wconf 81' lang='grc' dir='ltr'>σάρκα.</span> <span class='ocrx_word' id='word_1_13' title='bbox 2301 399 2411 450; x_wconf 83' lang='lat' dir='ltr'><strong>Kal</strong></span> <span class='ocrx_word' id='word_1_14' title='bbox 2437 395 2542 468; x_wconf 68' lang='grc' dir='ltr'><strong>γάρ</strong></span> <span class='ocrx_word' id='word_1_15' title='bbox 2569 396 2759 465; x_wconf 83' lang='grc' dir='ltr'>ὥσπερ</span> <span class='ocrx_word' id='word_1_16' title='bbox 2786 395 2843 449; x_wconf 75' lang='grc' dir='ltr'>ὲν</span> <span class='ocrx_word' id='word_1_17' title='bbox 2870 393 3008 465; x_wconf 74' lang='grc' dir='ltr'>αὐτῇ</span> <span class='ocrx_word' id='word_1_18' title='bbox 3033 392 3382 459; x_wconf 78' lang='grc' dir='ltr'>ἐπυνθάνετο,</span> <span class='ocrx_word' id='word_1_19' title='bbox 3397 390 3541 445; x_wconf 73' lang='grc' dir='ltr'>οὕτω</span> <span class='ocrx_word' id='word_1_20' title='bbox 3562 395 3658 446; x_wconf 76' lang='grc' dir='ltr'>καὶ</span> 
     </span>
    </p>
   </div>
   <div class='ocr_carea' id='block_1_6' title="bbox 399 488 1971 570">
    <p class='ocr_par' dir='ltr' id='par_1_6' title="bbox 399 488 1971 570">
     <span class='ocr_line' id='line_1_6' title="bbox 399 488 1971 570; baseline -0.009 -17"><span class='ocrx_word' id='word_1_21' title='bbox 399 499 647 570; x_wconf 79' lang='lat' dir='ltr'><strong>rogabat,</strong></span> <span class='ocrx_word' id='word_1_22' title='bbox 702 497 773 551; x_wconf 92' lang='lat' dir='ltr'><strong>ita</strong></span> <span class='ocrx_word' id='word_1_23' title='bbox 841 496 894 550; x_wconf 91' lang='lat' dir='ltr'><strong>in</strong></span> <span class='ocrx_word' id='word_1_24' title='bbox 928 496 1119 550; x_wconf 89' lang='lat' dir='ltr'><strong>eadem</strong></span> <span class='ocrx_word' id='word_1_25' title='bbox 1150 502 1425 547; x_wconf 87' lang='lat' dir='ltr'><strong>mortuum</strong></span> <span class='ocrx_word' id='word_1_26' title='bbox 1476 490 1757 552; x_wconf 76' lang='lat' dir='ltr'><strong>excitarit,</strong></span> <span class='ocrx_word' id='word_1_27' title='bbox 1791 488 1971 543; x_wconf 86' lang='lat' dir='ltr'><strong>omni-</strong></span> 
     </span>
    </p>
   </div>
   <div class='ocr_carea' id='block_1_7' title="bbox 398 580 1977 662">
    <p class='ocr_par' dir='ltr' id='par_1_7' title="bbox 398 580 1977 662">
     <span class='ocr_line' id='line_1_7' title="bbox 398 580 1977 662; baseline -0.009 -14"><span class='ocrx_word' id='word_1_28' title='bbox 398 596 610 662; x_wconf 89' lang='lat' dir='ltr'><strong>busque</strong></span> <span class='ocrx_word' id='word_1_29' title='bbox 643 599 833 661; x_wconf 89' lang='lat' dir='ltr'><strong>aperte</strong></span> <span class='ocrx_word' id='word_1_30' title='bbox 865 588 1126 643; x_wconf 82' lang='lat' dir='ltr'><strong>indicavit</strong></span> <span class='ocrx_word' id='word_1_31' title='bbox 1162 601 1287 639; x_wconf 89' lang='lat' dir='ltr'><strong>eum</strong></span> <span class='ocrx_word' id='word_1_32' title='bbox 1320 584 1413 654; x_wconf 91' lang='lat' dir='ltr'><strong>qui</strong></span> <span class='ocrx_word' id='word_1_33' title='bbox 1466 580 1698 637; x_wconf 77' lang='lat' dir='ltr'><strong>mortuis</strong></span> <span class='ocrx_word' id='word_1_34' title='bbox 1734 582 1896 661; x_wconf 71' lang='lat' dir='ltr'><strong>vitam</strong></span> <span class='ocrx_word' id='word_1_35' title='bbox 1923 590 1977 634; x_wconf 92' lang='lat' dir='ltr'><strong>et</strong></span> 
     </span>
    </p>
   </div>
   <div class='ocr_carea' id='block_1_8' title="bbox 398 672 1978 746">
    <p class='ocr_par' dir='ltr' id='par_1_8' title="bbox 398 672 1978 746">
     <span class='ocr_line' id='line_1_8' title="bbox 398 672 1978 746; baseline -0.009 -8"><span class='ocrx_word' id='word_1_36' title='bbox 398 686 635 739; x_wconf 81' lang='lat' dir='ltr'><strong>animam</strong></span> <span class='ocrx_word' id='word_1_37' title='bbox 664 680 920 743; x_wconf 87' lang='lat' dir='ltr'><strong>restituit,</strong></span> <span class='ocrx_word' id='word_1_38' title='bbox 976 678 1147 731; x_wconf 89' lang='lat' dir='ltr'><strong>multo</strong></span> <span class='ocrx_word' id='word_1_39' title='bbox 1207 676 1378 746; x_wconf 82' lang='lat' dir='ltr'><strong>magis</strong></span> <span class='ocrx_word' id='word_1_40' title='bbox 1406 691 1492 730; x_wconf 88' lang='lat' dir='ltr'><strong>res</strong></span> <span class='ocrx_word' id='word_1_41' title='bbox 1513 688 1705 728; x_wconf 80' lang='lat' dir='ltr'><strong>omnes</strong></span> <span class='ocrx_word' id='word_1_42' title='bbox 1732 672 1978 727; x_wconf 84' lang='lat' dir='ltr'><strong>occultas</strong></span> 
     </span>
    </p>
   </div>
   <div class='ocr_carea' id='block_1_9' title="bbox 396 765 1974 847">
    <p class='ocr_par' dir='ltr' id='par_1_9' title="bbox 396 765 1974 847">
     <span class='ocr_line' id='line_1_9' title="bbox 396 765 1974 847; baseline -0.008 -17"><span class='ocrx_word' id='word_1_43' title='bbox 396 778 601 847; x_wconf 86' lang='lat' dir='ltr'><strong>optime</strong></span> <span class='ocrx_word' id='word_1_44' title='bbox 640 788 822 827; x_wconf 89' lang='lat' dir='ltr'><strong>nosse.</strong></span> <span class='ocrx_word' id='word_1_45' title='bbox 862 768 1079 824; x_wconf 85' lang='lat' dir='ltr'><strong>Sciebat</strong></span> <span class='ocrx_word' id='word_1_46' title='bbox 1132 768 1296 839; x_wconf 84' lang='lat' dir='ltr'><strong>igitur</strong></span> <span class='ocrx_word' id='word_1_47' title='bbox 1333 768 1423 823; x_wconf 87' lang='lat' dir='ltr'><strong>ubi</strong></span> <span class='ocrx_word' id='word_1_48' title='bbox 1448 767 1662 837; x_wconf 77' lang='lat' dir='ltr'><strong>jaceret</strong></span> <span class='ocrx_word' id='word_1_49' title='bbox 1711 765 1974 830; x_wconf 84' lang='lat' dir='ltr'><strong>Lazarus,</strong></span> 
     </span>
    </p>
   </div>
   <div class='ocr_carea' id='block_1_10' title="bbox 398 856 1978 923">
    <p class='ocr_par' dir='ltr' id='par_1_10' title="bbox 398 856 1978 923">
     <span class='ocr_line' id='line_1_10' title="bbox 398 856 1978 923; baseline -0.01 0"><span class='ocrx_word' id='word_1_50' title='bbox 398 871 490 923; x_wconf 78' lang='lat' dir='ltr'><strong>sed</strong></span> <span class='ocrx_word' id='word_1_51' title='bbox 522 878 699 921; x_wconf 87' lang='lat' dir='ltr'><strong>tamen</strong></span> <span class='ocrx_word' id='word_1_52' title='bbox 736 863 1045 916; x_wconf 83' lang='lat' dir='ltr'><strong>sciscitatus</strong></span> <span class='ocrx_word' id='word_1_53' title='bbox 1077 868 1185 915; x_wconf 88' lang='lat' dir='ltr'><strong>est.</strong></span> <span class='ocrx_word' id='word_1_54' title='bbox 1220 859 1273 914; x_wconf 94' lang='lat' dir='ltr'><strong>ld</strong></span> <span class='ocrx_word' id='word_1_55' title='bbox 1304 867 1490 913; x_wconf 88' lang='lat' dir='ltr'><strong>autem</strong></span> <span class='ocrx_word' id='word_1_56' title='bbox 1534 856 1665 911; x_wconf 81' lang='lat' dir='ltr'><strong>fecit</strong></span> <span class='ocrx_word' id='word_1_57' title='bbox 1694 856 1978 910; x_wconf 79' lang='lat' dir='ltr'><strong>sanctissi-</strong></span> 
     </span>
    </p>
   </div>
   <div class='ocr_carea' id='block_1_11' title="bbox 398 942 1975 1022">
    <p class='ocr_par' dir='ltr' id='par_1_11' title="bbox 398 942 1975 1022">
     <span class='ocr_line' id='line_1_11' title="bbox 398 942 1975 1022; baseline -0.008 -9"><span class='ocrx_word' id='word_1_58' title='bbox 398 975 544 1013; x_wconf 86' lang='lat' dir='ltr'><strong>mum</strong></span> <span class='ocrx_word' id='word_1_59' title='bbox 587 955 679 1010; x_wconf 88' lang='lat' dir='ltr'><strong>Dei</strong></span> <span class='ocrx_word' id='word_1_60' title='bbox 713 954 973 1018; x_wconf 77' lang='lat' dir='ltr'><strong>Verbum,</strong></span> <span class='ocrx_word' id='word_1_61' title='bbox 1004 953 1151 1022; x_wconf 89' lang='lat' dir='ltr'><strong>quod</strong></span> <span class='ocrx_word' id='word_1_62' title='bbox 1182 951 1367 1007; x_wconf 85' lang='lat' dir='ltr'><strong>omnia</strong></span> <span class='ocrx_word' id='word_1_63' title='bbox 1399 942 1570 1006; x_wconf 75' lang='lat' dir='ltr'><strong>nostri</strong></span> <span class='ocrx_word' id='word_1_64' title='bbox 1611 964 1777 1004; x_wconf 89' lang='lat' dir='ltr'><strong>causa</strong></span> <span class='ocrx_word' id='word_1_65' title='bbox 1807 947 1975 1003; x_wconf 88' lang='lat' dir='ltr'><strong>susti-</strong></span> 
     </span>
    </p>
   </div>
   <div class='ocr_carea' id='block_1_12' title="bbox 403 1041 1975 1115">
    <p class='ocr_par' dir='ltr' id='par_1_12' title="bbox 403 1041 1975 1115">
     <span class='ocr_line' id='line_1_12' title="bbox 403 1041 1975 1115; baseline -0.007 -12"><span class='ocrx_word' id='word_1_66' title='bbox 403 1050 545 1113; x_wconf 86' lang='lat' dir='ltr'><strong>nuit,</strong></span> <span class='ocrx_word' id='word_1_67' title='bbox 575 1062 700 1102; x_wconf 90' lang='lat' dir='ltr'><strong>cum</strong></span> <span class='ocrx_word' id='word_1_68' title='bbox 735 1055 793 1100; x_wconf 90' lang='lat' dir='ltr'><strong>ut</strong></span> <span class='ocrx_word' id='word_1_69' title='bbox 824 1045 927 1100; x_wconf 88' lang='lat' dir='ltr'><strong>hoc</strong></span> <span class='ocrx_word' id='word_1_70' title='bbox 961 1045 1124 1100; x_wconf 87' lang='lat' dir='ltr'><strong>modo</strong></span> <span class='ocrx_word' id='word_1_71' title='bbox 1162 1054 1406 1099; x_wconf 83' lang='lat' dir='ltr'><strong>nostram</strong></span> <span class='ocrx_word' id='word_1_72' title='bbox 1445 1041 1812 1115; x_wconf 69' lang='lat' dir='ltr'><strong>ignorantiam</strong></span> <span class='ocrx_word' id='word_1_73' title='bbox 1844 1055 1975 1110; x_wconf 86' lang='lat' dir='ltr'><strong>por-</strong></span> 
     </span>
    </p>
   </div>
   <div class='ocr_carea' id='block_1_13' title="bbox 403 1131 1978 1207">
    <p class='ocr_par' dir='ltr' id='par_1_13' title="bbox 403 1131 1978 1207">
     <span class='ocr_line' id='line_1_13' title="bbox 403 1131 1978 1207; baseline -0.007 -13"><span class='ocrx_word' id='word_1_74' title='bbox 403 1153 547 1206; x_wconf 89' lang='lat' dir='ltr'><strong>tans,</strong></span> <span class='ocrx_word' id='word_1_75' title='bbox 580 1139 742 1193; x_wconf 86' lang='lat' dir='ltr'><strong>nobis</strong></span> <span class='ocrx_word' id='word_1_76' title='bbox 768 1138 942 1194; x_wconf 86' lang='lat' dir='ltr'><strong>solius</strong></span> <span class='ocrx_word' id='word_1_77' title='bbox 971 1137 1082 1190; x_wconf 84' lang='lat' dir='ltr'><strong>veri</strong></span> <span class='ocrx_word' id='word_1_78' title='bbox 1116 1136 1202 1191; x_wconf 87' lang='lat' dir='ltr'><strong>sui</strong></span> <span class='ocrx_word' id='word_1_79' title='bbox 1241 1136 1419 1190; x_wconf 79' lang='lat' dir='ltr'><strong>Patris</strong></span> <span class='ocrx_word' id='word_1_80' title='bbox 1466 1133 1840 1207; x_wconf 79' lang='lat' dir='ltr'><strong>cognitionem</strong></span> <span class='ocrx_word' id='word_1_81' title='bbox 1875 1131 1978 1184; x_wconf 89' lang='lat' dir='ltr'><strong>im-</strong></span> 
     </span>
    </p>
   </div>
   <div class='ocr_carea' id='block_1_14' title="bbox 396 1222 1980 1303">
    <p class='ocr_par' dir='ltr' id='par_1_14' title="bbox 396 1222 1980 1303">
     <span class='ocr_line' id='line_1_14' title="bbox 396 1222 1980 1303; baseline -0.003 -20"><span class='ocrx_word' id='word_1_82' title='bbox 396 1234 643 1303; x_wconf 83' lang='lat' dir='ltr'><strong>pertiret,</strong></span> <span class='ocrx_word' id='word_1_83' title='bbox 676 1240 789 1286; x_wconf 89' lang='lat' dir='ltr'><strong>tum</strong></span> <span class='ocrx_word' id='word_1_84' title='bbox 826 1238 999 1283; x_wconf 87' lang='lat' dir='ltr'><strong>utnos</strong></span> <span class='ocrx_word' id='word_1_85' title='bbox 1026 1229 1248 1283; x_wconf 78' lang='lat' dir='ltr'><strong>doceret</strong></span> <span class='ocrx_word' id='word_1_86' title='bbox 1271 1227 1510 1299; x_wconf 85' lang='lat' dir='ltr'><strong>seipsum</strong></span> <span class='ocrx_word' id='word_1_87' title='bbox 1538 1235 1763 1297; x_wconf 82' lang='lat' dir='ltr'><strong>propter</strong></span> <span class='ocrx_word' id='word_1_88' title='bbox 1787 1238 1889 1279; x_wconf 89' lang='lat' dir='ltr'><strong>nos</strong></span> <span class='ocrx_word' id='word_1_89' title='bbox 1909 1222 1980 1278; x_wconf 88' lang='lat' dir='ltr'><strong>ad</strong></span> 
     </span>
    </p>
   </div>
   <div class='ocr_carea' id='block_1_15' title="bbox 393 1313 1979 1386">
    <p class='ocr_par' dir='ltr' id='par_1_15' title="bbox 393 1313 1979 1386">
     <span class='ocr_line' id='line_1_15' title="bbox 393 1313 1979 1386; baseline -0.005 -10"><span class='ocrx_word' id='word_1_90' title='bbox 393 1326 638 1377; x_wconf 80' lang='lat' dir='ltr'><strong>omnium</strong></span> <span class='ocrx_word' id='word_1_91' title='bbox 690 1322 920 1377; x_wconf 80' lang='lat' dir='ltr'><strong>salutent</strong></span> <span class='ocrx_word' id='word_1_92' title='bbox 972 1320 1200 1374; x_wconf 87' lang='lat' dir='ltr'><strong>missum</strong></span> <span class='ocrx_word' id='word_1_93' title='bbox 1258 1333 1406 1381; x_wconf 87' lang='lat' dir='ltr'><strong>esse,</strong></span> <span class='ocrx_word' id='word_1_94' title='bbox 1454 1332 1558 1386; x_wconf 87' lang='lat' dir='ltr'><strong>qua</strong></span> <span class='ocrx_word' id='word_1_95' title='bbox 1608 1316 1779 1382; x_wconf 82' lang='lat' dir='ltr'><strong>gratia</strong></span> <span class='ocrx_word' id='word_1_96' title='bbox 1830 1313 1979 1369; x_wconf 85' lang='lat' dir='ltr'><strong>nulla</strong></span> 
     </span>
    </p>
   </div>
   <div class='ocr_carea' id='block_1_16' title="bbox 394 1405 1979 1485">
    <p class='ocr_par' dir='ltr' id='par_1_16' title="bbox 394 1405 1979 1485">
     <span class='ocr_line' id='line_1_16' title="bbox 394 1405 1979 1485; baseline -0.006 -14"><span class='ocrx_word' id='word_1_97' title='bbox 394 1426 544 1471; x_wconf 87' lang='lat' dir='ltr'><strong>certe</strong></span> <span class='ocrx_word' id='word_1_98' title='bbox 574 1415 745 1485; x_wconf 84' lang='lat' dir='ltr'><strong>major</strong></span> <span class='ocrx_word' id='word_1_99' title='bbox 773 1414 943 1484; x_wconf 86' lang='lat' dir='ltr'><strong>possit</strong></span> <span class='ocrx_word' id='word_1_100' title='bbox 974 1427 1117 1466; x_wconf 89' lang='lat' dir='ltr'><strong>esse.</strong></span> <span class='ocrx_word' id='word_1_101' title='bbox 1152 1414 1221 1464; x_wconf 82' lang='lat' dir='ltr'><strong>At</strong></span> <span class='ocrx_word' id='word_1_102' title='bbox 1251 1411 1296 1464; x_wconf 92' lang='lat' dir='ltr'><strong>si</strong></span> <span class='ocrx_word' id='word_1_103' title='bbox 1337 1408 1575 1463; x_wconf 71' lang='lat' dir='ltr'><strong>Verbum</strong></span> <span class='ocrx_word' id='word_1_104' title='bbox 1609 1408 1759 1463; x_wconf 84' lang='lat' dir='ltr'><strong>venit</strong></span> <span class='ocrx_word' id='word_1_105' title='bbox 1792 1416 1846 1461; x_wconf 89' lang='lat' dir='ltr'><strong>ut</strong></span> <span class='ocrx_word' id='word_1_106' title='bbox 1883 1405 1979 1461; x_wconf 82' lang='lat' dir='ltr'><strong>ho-</strong></span> 
     </span>
    </p>
   </div>
   <div class='ocr_carea' id='block_1_17' title="bbox 393 1496 1981 1576">
    <p class='ocr_par' dir='ltr' id='par_1_17' title="bbox 393 1496 1981 1576">
     <span class='ocr_line' id='line_1_17' title="bbox 393 1496 1981 1576; baseline -0.007 -15"><span class='ocrx_word' id='word_1_107' title='bbox 393 1509 605 1561; x_wconf 90' lang='lat' dir='ltr'><strong>minum</strong></span> <span class='ocrx_word' id='word_1_108' title='bbox 659 1519 834 1576; x_wconf 87' lang='lat' dir='ltr'><strong>genus</strong></span> <span class='ocrx_word' id='word_1_109' title='bbox 884 1502 1179 1559; x_wconf 85' lang='lat' dir='ltr'><strong>redimeret</strong></span> <span class='ocrx_word' id='word_1_110' title='bbox 1207 1510 1371 1571; x_wconf 89' lang='lat' dir='ltr'><strong>atque</strong></span> <span class='ocrx_word' id='word_1_111' title='bbox 1423 1506 1482 1553; x_wconf 92' lang='lat' dir='ltr'><strong>ut</strong></span> <span class='ocrx_word' id='word_1_112' title='bbox 1508 1508 1732 1554; x_wconf 87' lang='lat' dir='ltr'><strong>sanctos</strong></span> <span class='ocrx_word' id='word_1_113' title='bbox 1766 1496 1890 1551; x_wconf 91' lang='lat' dir='ltr'><strong>illos</strong></span> <span class='ocrx_word' id='word_1_114' title='bbox 1924 1505 1981 1550; x_wconf 89' lang='lat' dir='ltr'><strong>et</strong></span> 
     </span>
    </p>
   </div>
   <div class='ocr_carea' id='block_1_18' title="bbox 394 1588 1980 1657">
    <p class='ocr_par' dir='ltr' id='par_1_18' title="bbox 394 1588 1980 1657">
     <span class='ocr_line' id='line_1_18' title="bbox 394 1588 1980 1657; baseline -0.007 -4"><span class='ocrx_word' id='word_1_115' title='bbox 394 1599 609 1653; x_wconf 78' lang='lat' dir='ltr'><strong>divinos</strong></span> <span class='ocrx_word' id='word_1_116' title='bbox 649 1596 908 1652; x_wconf 86' lang='lat' dir='ltr'><strong>redderet</strong></span> <span class='ocrx_word' id='word_1_117' title='bbox 936 1610 1063 1649; x_wconf 90' lang='lat' dir='ltr'><strong>caro</strong></span> <span class='ocrx_word' id='word_1_118' title='bbox 1099 1592 1303 1647; x_wconf 85' lang='lat' dir='ltr'><strong>factum</strong></span> <span class='ocrx_word' id='word_1_119' title='bbox 1340 1602 1445 1657; x_wconf 87' lang='lat' dir='ltr'><strong>est,</strong></span> <span class='ocrx_word' id='word_1_120' title='bbox 1481 1590 1569 1645; x_wconf 90' lang='lat' dir='ltr'><strong>cui</strong></span> <span class='ocrx_word' id='word_1_121' title='bbox 1602 1588 1844 1644; x_wconf 91' lang='lat' dir='ltr'><strong>nondum</strong></span> <span class='ocrx_word' id='word_1_122' title='bbox 1886 1603 1980 1643; x_wconf 78' lang='lat' dir='ltr'><strong>ex-</strong></span> 
     </span>
    </p>
   </div>
   <div class='ocr_carea' id='block_1_19' title="bbox 395 1683 1978 1761">
    <p class='ocr_par' dir='ltr' id='par_1_19' title="bbox 395 1683 1978 1761">
     <span class='ocr_line' id='line_1_19' title="bbox 395 1683 1978 1761; baseline -0.006 -18"><span class='ocrx_word' id='word_1_123' title='bbox 395 1692 665 1761; x_wconf 88' lang='lat' dir='ltr'><strong>ploratum</strong></span> <span class='ocrx_word' id='word_1_124' title='bbox 702 1696 789 1741; x_wconf 87' lang='lat' dir='ltr'><strong>est</strong></span> <span class='ocrx_word' id='word_1_125' title='bbox 844 1701 907 1740; x_wconf 89' lang='lat' dir='ltr'><strong>ea</strong></span> <span class='ocrx_word' id='word_1_126' title='bbox 939 1700 1059 1753; x_wconf 70' lang='lat' dir='ltr'><strong>qua:</strong></span> <span class='ocrx_word' id='word_1_127' title='bbox 1088 1700 1210 1737; x_wconf 90' lang='lat' dir='ltr'><strong>cum</strong></span> <span class='ocrx_word' id='word_1_128' title='bbox 1245 1698 1374 1737; x_wconf 86' lang='lat' dir='ltr'><strong>caro</strong></span> <span class='ocrx_word' id='word_1_129' title='bbox 1403 1683 1604 1738; x_wconf 79' lang='lat' dir='ltr'><strong>factum</strong></span> <span class='ocrx_word' id='word_1_130' title='bbox 1651 1691 1752 1744; x_wconf 88' lang='lat' dir='ltr'><strong>est,</strong></span> <span class='ocrx_word' id='word_1_131' title='bbox 1788 1695 1849 1737; x_wconf 87' lang='lat' dir='ltr'><strong>se</strong></span> <span class='ocrx_word' id='word_1_132' title='bbox 1887 1695 1978 1735; x_wconf 86' lang='lat' dir='ltr'><strong>ae-</strong></span> 
     </span>
    </p>
   </div>
   <div class='ocr_carea' id='block_1_20' title="bbox 395 1774 1977 1851">
    <p class='ocr_par' dir='ltr' id='par_1_20' title="bbox 395 1774 1977 1851">
     <span class='ocr_line' id='line_1_20' title="bbox 395 1774 1977 1851; baseline -0.005 -16"><span class='ocrx_word' id='word_1_133' title='bbox 395 1782 606 1851; x_wconf 64' lang='lat' dir='ltr'><strong>cvpisse</strong></span> <span class='ocrx_word' id='word_1_134' title='bbox 641 1788 893 1843; x_wconf 88' lang='lat' dir='ltr'><strong>testatur,</strong></span> <span class='ocrx_word' id='word_1_135' title='bbox 934 1793 1044 1832; x_wconf 90' lang='lat' dir='ltr'><strong>non</strong></span> <span class='ocrx_word' id='word_1_136' title='bbox 1098 1785 1323 1846; x_wconf 81' lang='lat' dir='ltr'><strong>propter</strong></span> <span class='ocrx_word' id='word_1_137' title='bbox 1369 1775 1642 1846; x_wconf 86' lang='lat' dir='ltr'><strong>seipsum,</strong></span> <span class='ocrx_word' id='word_1_138' title='bbox 1679 1774 1776 1828; x_wconf 90' lang='lat' dir='ltr'><strong>sed</strong></span> <span class='ocrx_word' id='word_1_139' title='bbox 1845 1788 1977 1844; x_wconf 89' lang='lat' dir='ltr'><strong>pro-</strong></span> 
     </span>
    </p>
   </div>
   <div class='ocr_carea' id='block_1_21' title="bbox 405 1866 1980 1942">
    <p class='ocr_par' dir='ltr' id='par_1_21' title="bbox 405 1866 1980 1942">
     <span class='ocr_line' id='line_1_21' title="bbox 405 1866 1980 1942; baseline -0.004 -16"><span class='ocrx_word' id='word_1_140' title='bbox 405 1880 531 1942; x_wconf 86' lang='lat' dir='ltr'><strong>pter</strong></span> <span class='ocrx_word' id='word_1_141' title='bbox 582 1886 805 1927; x_wconf 90' lang='lat' dir='ltr'><strong>carnem</strong></span> <span class='ocrx_word' id='word_1_142' title='bbox 862 1886 923 1925; x_wconf 91' lang='lat' dir='ltr'><strong>se</strong></span> <span class='ocrx_word' id='word_1_143' title='bbox 972 1872 1250 1939; x_wconf 85' lang='lat' dir='ltr'><strong>accepisse</strong></span> <span class='ocrx_word' id='word_1_144' title='bbox 1304 1867 1647 1939; x_wconf 75' lang='lat' dir='ltr'><strong>signiﬁcare?</strong></span> <span class='ocrx_word' id='word_1_145' title='bbox 1700 1866 1980 1936; x_wconf 85' lang='lat' dir='ltr'><strong>Siquidem</strong></span> 
     </span>
    </p>
   </div>
   <div class='ocr_carea' id='block_1_22' title="bbox 398 1959 1983 2033">
    <p class='ocr_par' dir='ltr' id='par_1_22' title="bbox 398 1959 1983 2033">
     <span class='ocr_line' id='line_1_22' title="bbox 398 1959 1983 2033; baseline 0 -19"><span class='ocrx_word' id='word_1_146' title='bbox 398 1964 585 2033; x_wconf 68' lang='lat' dir='ltr'><strong>gratiae</strong></span> <span class='ocrx_word' id='word_1_147' title='bbox 606 1978 703 2033; x_wconf 88' lang='lat' dir='ltr'><strong>per</strong></span> <span class='ocrx_word' id='word_1_148' title='bbox 735 1962 911 2033; x_wconf 87' lang='lat' dir='ltr'><strong>ipsum</strong></span> <span class='ocrx_word' id='word_1_149' title='bbox 943 1978 973 2015; x_wconf 92' lang='lat' dir='ltr'><strong>a</strong></span> <span class='ocrx_word' id='word_1_150' title='bbox 1005 1962 1165 2016; x_wconf 88' lang='lat' dir='ltr'><strong>Patre</strong></span> <span class='ocrx_word' id='word_1_151' title='bbox 1196 1962 1335 2016; x_wconf 73' lang='lat' dir='ltr'><strong>datae</strong></span> <span class='ocrx_word' id='word_1_152' title='bbox 1352 1960 1421 2015; x_wconf 88' lang='lat' dir='ltr'><strong>ad</strong></span> <span class='ocrx_word' id='word_1_153' title='bbox 1455 1960 1598 2015; x_wconf 71' lang='lat' dir='ltr'><strong>illam</strong></span> <span class='ocrx_word' id='word_1_154' title='bbox 1632 1959 1983 2032; x_wconf 86' lang='lat' dir='ltr'><strong>pertinebant</strong></span> 
     </span>
    </p>
   </div>
   <div class='ocr_carea' id='block_1_23' title="bbox 399 2051 1978 2123">
    <p class='ocr_par' dir='ltr' id='par_1_23' title="bbox 399 2051 1978 2123">
     <span class='ocr_line' id='line_1_23' title="bbox 399 2051 1978 2123; baseline 0 -16"><span class='ocrx_word' id='word_1_155' title='bbox 399 2069 646 2119; x_wconf 70' lang='lat' dir='ltr'><strong>carnem,</strong></span> <span class='ocrx_word' id='word_1_156' title='bbox 688 2054 741 2108; x_wconf 90' lang='lat' dir='ltr'><strong>in</strong></span> <span class='ocrx_word' id='word_1_157' title='bbox 773 2068 880 2123; x_wconf 91' lang='lat' dir='ltr'><strong>qua</strong></span> <span class='ocrx_word' id='word_1_158' title='bbox 916 2053 1008 2108; x_wconf 91' lang='lat' dir='ltr'><strong>ille</strong></span> <span class='ocrx_word' id='word_1_159' title='bbox 1054 2054 1169 2123; x_wconf 89' lang='lat' dir='ltr'><strong>ipse</strong></span> <span class='ocrx_word' id='word_1_160' title='bbox 1200 2062 1322 2108; x_wconf 84' lang='lat' dir='ltr'><strong>erat</strong></span> <span class='ocrx_word' id='word_1_161' title='bbox 1352 2055 1445 2121; x_wconf 89' lang='lat' dir='ltr'><strong>qui</strong></span> <span class='ocrx_word' id='word_1_162' title='bbox 1482 2052 1584 2107; x_wconf 90' lang='lat' dir='ltr'><strong>ista</strong></span> <span class='ocrx_word' id='word_1_163' title='bbox 1637 2051 1978 2123; x_wconf 81' lang='lat' dir='ltr'><strong>loquebatur.</strong></span> 
     </span>
    </p>
   </div>
   <div class='ocr_carea' id='block_1_24' title="bbox 404 2144 1982 2217">
    <p class='ocr_par' dir='ltr' id='par_1_24' title="bbox 404 2144 1982 2217">
     <span class='ocr_line' id='line_1_24' title="bbox 404 2144 1982 2217; baseline 0.002 -22"><span class='ocrx_word' id='word_1_164' title='bbox 404 2145 696 2201; x_wconf 73' lang='lat' dir='ltr'><strong>Videamus</strong></span> <span class='ocrx_word' id='word_1_165' title='bbox 732 2154 916 2200; x_wconf 89' lang='lat' dir='ltr'><strong>autem</strong></span> <span class='ocrx_word' id='word_1_166' title='bbox 954 2160 1207 2217; x_wconf 69' lang='lat' dir='ltr'><strong>quaenam</strong></span> <span class='ocrx_word' id='word_1_167' title='bbox 1253 2144 1496 2215; x_wconf 84' lang='lat' dir='ltr'><strong>petebat,</strong></span> <span class='ocrx_word' id='word_1_168' title='bbox 1529 2153 1583 2199; x_wconf 86' lang='lat' dir='ltr'><strong>et</strong></span> <span class='ocrx_word' id='word_1_169' title='bbox 1605 2160 1727 2215; x_wconf 70' lang='lat' dir='ltr'><strong>qua:</strong></span> <span class='ocrx_word' id='word_1_170' title='bbox 1759 2145 1982 2200; x_wconf 84' lang='lat' dir='ltr'><strong>tandem</strong></span> 
     </span>
    </p>
   </div>
   <div class='ocr_carea' id='block_1_25' title="bbox 398 2233 1982 2304">
    <p class='ocr_par' dir='ltr' id='par_1_25' title="bbox 398 2233 1982 2304">
     <span class='ocr_line' id='line_1_25' title="bbox 398 2233 1982 2304; baseline -0.002 -16"><span class='ocrx_word' id='word_1_171' title='bbox 398 2234 490 2289; x_wconf 82' lang='lat' dir='ltr'><strong>illa</strong></span> <span class='ocrx_word' id='word_1_172' title='bbox 566 2245 696 2289; x_wconf 88' lang='lat' dir='ltr'><strong>sunt</strong></span> <span class='ocrx_word' id='word_1_173' title='bbox 779 2250 901 2302; x_wconf 70' lang='lat' dir='ltr'><strong>qua:</strong></span> <span class='ocrx_word' id='word_1_174' title='bbox 956 2248 1016 2289; x_wconf 91' lang='lat' dir='ltr'><strong>se</strong></span> <span class='ocrx_word' id='word_1_175' title='bbox 1090 2235 1372 2304; x_wconf 87' lang='lat' dir='ltr'><strong>accepisse</strong></span> <span class='ocrx_word' id='word_1_176' title='bbox 1449 2233 1607 2298; x_wconf 74' lang='lat' dir='ltr'><strong>dixit,</strong></span> <span class='ocrx_word' id='word_1_177' title='bbox 1678 2243 1737 2289; x_wconf 91' lang='lat' dir='ltr'><strong>ut</strong></span> <span class='ocrx_word' id='word_1_178' title='bbox 1790 2234 1982 2290; x_wconf 84' lang='lat' dir='ltr'><strong>saltem</strong></span> 
     </span>
    </p>
   </div>
   <div class='ocr_carea' id='block_1_26' title="bbox 398 2322 1981 2394">
    <p class='ocr_par' dir='ltr' id='par_1_26' title="bbox 398 2322 1981 2394">
     <span class='ocr_line' id='line_1_26' title="bbox 398 2322 1981 2394; baseline -0.001 -15"><span class='ocrx_word' id='word_1_179' title='bbox 398 2326 476 2380; x_wconf 84' lang='lat' dir='ltr'><strong>ita</strong></span> <span class='ocrx_word' id='word_1_180' title='bbox 504 2323 577 2379; x_wconf 84' lang='lat' dir='ltr'><strong>illi</strong></span> <span class='ocrx_word' id='word_1_181' title='bbox 610 2324 953 2379; x_wconf 86' lang='lat' dir='ltr'><strong>erubescant.</strong></span> <span class='ocrx_word' id='word_1_182' title='bbox 974 2322 1214 2378; x_wconf 84' lang='lat' dir='ltr'><strong>Gloriam</strong></span> <span class='ocrx_word' id='word_1_183' title='bbox 1242 2324 1407 2394; x_wconf 89' lang='lat' dir='ltr'><strong>igitur</strong></span> <span class='ocrx_word' id='word_1_184' title='bbox 1428 2324 1649 2394; x_wconf 88' lang='lat' dir='ltr'><strong>petebat</strong></span> <span class='ocrx_word' id='word_1_185' title='bbox 1677 2324 1693 2353; x_wconf 79' lang='grc'>⁸</span> <span class='ocrx_word' id='word_1_186' title='bbox 1723 2361 1739 2389; x_wconf 90' lang='grc'><strong>,</strong></span> <span class='ocrx_word' id='word_1_187' title='bbox 1772 2323 1981 2378; x_wconf 87' lang='lat' dir='ltr'><strong>aiebat-</strong></span> 
     </span>
    </p>
   </div>
   <div class='ocr_carea' id='block_1_27' title="bbox 398 2416 1982 2489">
    <p class='ocr_par' dir='ltr' id='par_1_27' title="bbox 398 2416 1982 2489">
     <span class='ocr_line' id='line_1_27' title="bbox 398 2416 1982 2489; baseline -0.003 -18"><span class='ocrx_word' id='word_1_188' title='bbox 398 2433 524 2489; x_wconf 87' lang='lat' dir='ltr'><strong>que,</strong></span> <span class='ocrx_word' id='word_1_189' title='bbox 550 2416 741 2471; x_wconf 82' lang='lat' dir='ltr'><strong>Omnia</strong></span> <span class='ocrx_word' id='word_1_190' title='bbox 774 2418 900 2470; x_wconf 80' lang='lat' dir='ltr'><strong>milii</strong></span> <span class='ocrx_word' id='word_1_191' title='bbox 924 2416 1124 2469; x_wconf 86' lang='lat' dir='ltr'><strong>tradita</strong></span> <span class='ocrx_word' id='word_1_192' title='bbox 1150 2416 1310 2469; x_wconf 79' lang='lat' dir='ltr'><strong>sunt‘</strong></span> <span class='ocrx_word' id='word_1_193' title='bbox 1340 2434 1354 2470; x_wconf 93' lang='lat'><strong>:</strong></span> <span class='ocrx_word' id='word_1_194' title='bbox 1405 2426 1529 2486; x_wconf 90' lang='lat' dir='ltr'><strong>post</strong></span> <span class='ocrx_word' id='word_1_195' title='bbox 1558 2430 1711 2471; x_wconf 86' lang='lat' dir='ltr'><strong>suam</strong></span> <span class='ocrx_word' id='word_1_196' title='bbox 1744 2416 1871 2471; x_wconf 90' lang='lat' dir='ltr'><strong>item</strong></span> <span class='ocrx_word' id='word_1_197' title='bbox 1894 2431 1982 2469; x_wconf 61' lang='lat' dir='ltr'><strong>rea</strong></span> 
     </span>
    </p>
   </div>
   <div class='ocr_carea' id='block_1_28' title="bbox 397 2506 1981 2578">
    <p class='ocr_par' dir='ltr' id='par_1_28' title="bbox 397 2506 1981 2578">
     <span class='ocr_line' id='line_1_28' title="bbox 397 2506 1981 2578; baseline -0.001 -15"><span class='ocrx_word' id='word_1_198' title='bbox 397 2508 801 2564; x_wconf 77' lang='lat' dir='ltr'><strong>surrectionem</strong></span> <span class='ocrx_word' id='word_1_199' title='bbox 832 2522 893 2563; x_wconf 87' lang='lat' dir='ltr'><strong>se</strong></span> <span class='ocrx_word' id='word_1_200' title='bbox 920 2521 1137 2563; x_wconf 88' lang='lat' dir='ltr'><strong>omnem</strong></span> <span class='ocrx_word' id='word_1_201' title='bbox 1164 2507 1448 2577; x_wconf 84' lang='lat' dir='ltr'><strong>accepisse</strong></span> <span class='ocrx_word' id='word_1_202' title='bbox 1483 2516 1811 2578; x_wconf 89' lang='lat' dir='ltr'><strong>potestatem</strong></span> <span class='ocrx_word' id='word_1_203' title='bbox 1834 2506 1981 2561; x_wconf 64' lang='grc' dir='ltr'>δαιτ-</span> 
     </span>
    </p>
   </div>
   <div class='ocr_carea' id='block_1_29' title="bbox 398 2598 1985 2669">
    <p class='ocr_par' dir='ltr' id='par_1_29' title="bbox 398 2598 1985 2669">
     <span class='ocr_line' id='line_1_29' title="bbox 398 2598 1985 2669; baseline -0.003 -12"><span class='ocrx_word' id='word_1_204' title='bbox 398 2613 512 2657; x_wconf 84' lang='lat' dir='ltr'><strong>mat</strong></span> <span class='ocrx_word' id='word_1_205' title='bbox 530 2601 573 2654; x_wconf 80' lang='grc'>⁸.</span> <span class='ocrx_word' id='word_1_206' title='bbox 616 2600 783 2669; x_wconf 78' lang='lat' dir='ltr'><strong>Atqui</strong></span> <span class='ocrx_word' id='word_1_207' title='bbox 796 2612 1088 2669; x_wconf 88' lang='lat' dir='ltr'><strong>antequam</strong></span> <span class='ocrx_word' id='word_1_208' title='bbox 1106 2599 1244 2655; x_wconf 73' lang='lat' dir='ltr'><strong>dixit</strong></span> <span class='ocrx_word' id='word_1_209' title='bbox 1265 2598 1471 2655; x_wconf 85' lang='lat' dir='ltr'><strong>:Omnia</strong></span> <span class='ocrx_word' id='word_1_210' title='bbox 1491 2600 1616 2653; x_wconf 81' lang='lat' dir='ltr'><strong>milii</strong></span> <span class='ocrx_word' id='word_1_211' title='bbox 1631 2599 1827 2653; x_wconf 78' lang='lat' dir='ltr'><strong>tradita</strong></span> <span class='ocrx_word' id='word_1_212' title='bbox 1838 2609 1985 2666; x_wconf 83' lang='lat' dir='ltr'><strong>sunt,</strong></span> 
     </span>
    </p>
   </div>
   <div class='ocr_carea' id='block_1_30' title="bbox 399 2688 1985 2761">
    <p class='ocr_par' dir='ltr' id='par_1_30' title="bbox 399 2688 1985 2761">
     <span class='ocr_line' id='line_1_30' title="bbox 399 2688 1985 2761; baseline -0.002 -14"><span class='ocrx_word' id='word_1_213' title='bbox 399 2693 645 2747; x_wconf 85' lang='lat' dir='ltr'><strong>omnium</strong></span> <span class='ocrx_word' id='word_1_214' title='bbox 670 2700 787 2746; x_wconf 88' lang='lat' dir='ltr'><strong>erat</strong></span> <span class='ocrx_word' id='word_1_215' title='bbox 809 2690 1094 2746; x_wconf 87' lang='lat' dir='ltr'><strong>Dominus:</strong></span> <span class='ocrx_word' id='word_1_216' title='bbox 1116 2690 1319 2761; x_wconf 89' lang='lat' dir='ltr'><strong>quippe</strong></span> <span class='ocrx_word' id='word_1_217' title='bbox 1339 2706 1463 2745; x_wconf 91' lang='lat' dir='ltr'><strong>cum</strong></span> <span class='ocrx_word' id='word_1_218' title='bbox 1486 2690 1667 2745; x_wconf 87' lang='lat' dir='ltr'><strong>omnia</strong></span> <span class='ocrx_word' id='word_1_219' title='bbox 1692 2705 1789 2760; x_wconf 89' lang='lat' dir='ltr'><strong>per</strong></span> <span class='ocrx_word' id='word_1_220' title='bbox 1805 2688 1985 2760; x_wconf 87' lang='lat' dir='ltr'><strong>ipsum</strong></span> 
     </span>
    </p>
   </div>
   <div class='ocr_carea' id='block_1_31' title="bbox 399 2782 1986 2853">
    <p class='ocr_par' dir='ltr' id='par_1_31' title="bbox 399 2782 1986 2853">
     <span class='ocr_line' id='line_1_31' title="bbox 399 2782 1986 2853; baseline -0.001 -13"><span class='ocrx_word' id='word_1_221' title='bbox 399 2788 542 2840; x_wconf 77' lang='lat' dir='ltr'><strong>facta</strong></span> <span class='ocrx_word' id='word_1_222' title='bbox 608 2785 716 2839; x_wconf 90' lang='lat' dir='ltr'><strong>sint</strong></span> <span class='ocrx_word' id='word_1_223' title='bbox 743 2782 788 2847; x_wconf 73' lang='grc'>⁵,</span> <span class='ocrx_word' id='word_1_224' title='bbox 828 2793 885 2838; x_wconf 91' lang='lat' dir='ltr'><strong>et</strong></span> <span class='ocrx_word' id='word_1_225' title='bbox 940 2798 1082 2838; x_wconf 87' lang='lat' dir='ltr'><strong>unus</strong></span> <span class='ocrx_word' id='word_1_226' title='bbox 1139 2790 1288 2838; x_wconf 86' lang='lat' dir='ltr'><strong>esset</strong></span> <span class='ocrx_word' id='word_1_227' title='bbox 1343 2782 1632 2845; x_wconf 82' lang='lat' dir='ltr'><strong>Dominus,</strong></span> <span class='ocrx_word' id='word_1_228' title='bbox 1691 2797 1790 2850; x_wconf 89' lang='lat' dir='ltr'><strong>per</strong></span> <span class='ocrx_word' id='word_1_229' title='bbox 1819 2797 1986 2853; x_wconf 86' lang='lat' dir='ltr'><strong>quem</strong></span> 
     </span>
    </p>
   </div>
   <div class='ocr_carea' id='block_1_32' title="bbox 400 2875 1987 2947">
    <p class='ocr_par' dir='ltr' id='par_1_32' title="bbox 400 2875 1987 2947">
     <span class='ocr_line' id='line_1_32' title="bbox 400 2875 1987 2947; baseline -0.001 -17"><span class='ocrx_word' id='word_1_230' title='bbox 400 2877 583 2930; x_wconf 88' lang='lat' dir='ltr'><strong>omnia</strong></span> <span class='ocrx_word' id='word_1_231' title='bbox 618 2877 661 2931; x_wconf 86' lang='lat'><strong>&#39;.</strong></span> <span class='ocrx_word' id='word_1_232' title='bbox 722 2875 987 2931; x_wconf 85' lang='lat' dir='ltr'><strong>Similiter</strong></span> <span class='ocrx_word' id='word_1_233' title='bbox 1018 2891 1143 2930; x_wconf 90' lang='lat' dir='ltr'><strong>cum</strong></span> <span class='ocrx_word' id='word_1_234' title='bbox 1184 2875 1409 2947; x_wconf 88' lang='lat' dir='ltr'><strong>gloriam</strong></span> <span class='ocrx_word' id='word_1_235' title='bbox 1446 2875 1770 2945; x_wconf 85' lang='lat' dir='ltr'><strong>postularet,</strong></span> <span class='ocrx_word' id='word_1_236' title='bbox 1800 2875 1987 2929; x_wconf 73' lang='lat' dir='ltr'><strong>Domi~</strong></span> 
     </span>
    </p>
   </div>
   <div class='ocr_carea' id='block_1_33' title="bbox 403 2966 1985 3039">
    <p class='ocr_par' dir='ltr' id='par_1_33' title="bbox 403 2966 1985 3039">
     <span class='ocr_line' id='line_1_33' title="bbox 403 2966 1985 3039; baseline 0.001 -18"><span class='ocrx_word' id='word_1_237' title='bbox 403 2983 510 3022; x_wconf 84' lang='lat' dir='ltr'><strong>nus</strong></span> <span class='ocrx_word' id='word_1_238' title='bbox 540 2966 733 3037; x_wconf 89' lang='lat' dir='ltr'><strong>utique</strong></span> <span class='ocrx_word' id='word_1_239' title='bbox 762 2967 949 3039; x_wconf 79' lang='lat' dir='ltr'><strong>gloria:</strong></span> <span class='ocrx_word' id='word_1_240' title='bbox 984 2976 1037 3021; x_wconf 87' lang='lat' dir='ltr'><strong>et</strong></span> <span class='ocrx_word' id='word_1_241' title='bbox 1069 2974 1189 3021; x_wconf 90' lang='lat' dir='ltr'><strong>erat</strong></span> <span class='ocrx_word' id='word_1_242' title='bbox 1217 2975 1274 3021; x_wconf 92' lang='lat' dir='ltr'><strong>et</strong></span> <span class='ocrx_word' id='word_1_243' title='bbox 1309 2975 1417 3029; x_wconf 91' lang='lat' dir='ltr'><strong>est,</strong></span> <span class='ocrx_word' id='word_1_244' title='bbox 1450 2966 1524 3020; x_wconf 93' lang='lat' dir='ltr'><strong>uti</strong></span> <span class='ocrx_word' id='word_1_245' title='bbox 1576 2966 1779 3021; x_wconf 87' lang='lat' dir='ltr'><strong>Paulus</strong></span> <span class='ocrx_word' id='word_1_246' title='bbox 1817 2975 1985 3022; x_wconf 81' lang='lat' dir='ltr'><strong>testa-</strong></span> 
     </span>
    </p>
   </div>
   <div class='ocr_carea' id='block_1_34' title="bbox 2030 484 3662 560">
    <p class='ocr_par' dir='ltr' id='par_1_34' title="bbox 2030 484 3662 560">
     <span class='ocr_line' id='line_1_34' title="bbox 2030 484 3662 560; baseline -0.004 -17"><span class='ocrx_word' id='word_1_247' title='bbox 2030 484 2033 487; x_wconf 68' lang='grc'><em>’</em></span> <span class='ocrx_word' id='word_1_248' title='bbox 2082 493 2139 543; x_wconf 80' lang='grc' dir='ltr'>ἐν</span> <span class='ocrx_word' id='word_1_249' title='bbox 2154 489 2293 560; x_wconf 78' lang='grc' dir='ltr'>αὐτῇ</span> <span class='ocrx_word' id='word_1_250' title='bbox 2319 489 2409 542; x_wconf 80' lang='grc' dir='ltr'>τὸν</span> <span class='ocrx_word' id='word_1_251' title='bbox 2430 487 2621 559; x_wconf 76' lang='grc' dir='ltr'>νεκρὸν</span> <span class='ocrx_word' id='word_1_252' title='bbox 2643 490 2831 558; x_wconf 65' lang='grc' dir='ltr'>ἤγειρε</span> <span class='ocrx_word' id='word_1_253' title='bbox 2851 501 2865 515; x_wconf 88' lang='grc'><strong>·</strong></span> <span class='ocrx_word' id='word_1_254' title='bbox 2895 485 2990 539; x_wconf 75' lang='grc' dir='ltr'>καὶ</span> <span class='ocrx_word' id='word_1_255' title='bbox 3012 486 3178 538; x_wconf 72' lang='grc' dir='ltr'>πᾶσιν</span> <span class='ocrx_word' id='word_1_256' title='bbox 3197 485 3398 548; x_wconf 73' lang='grc' dir='ltr'>ἔδειξεν</span> <span class='ocrx_word' id='word_1_257' title='bbox 3422 486 3507 539; x_wconf 78' lang='grc' dir='ltr'>ὅτι</span> <span class='ocrx_word' id='word_1_258' title='bbox 3527 486 3554 537; x_wconf 78' lang='grc' dir='ltr'><strong>ὁ</strong></span> <span class='ocrx_word' id='word_1_259' title='bbox 3575 500 3662 537; x_wconf 74' lang='grc' dir='ltr'><strong>νε·</strong></span> 
     </span>
    </p>
   </div>
   <div class='ocr_carea' id='block_1_35' title="bbox 2081 573 3664 649">
    <p class='ocr_par' dir='ltr' id='par_1_35' title="bbox 2081 573 3664 649">
     <span class='ocr_line' id='line_1_35' title="bbox 2081 573 3664 649; baseline -0.006 -16"><span class='ocrx_word' id='word_1_260' title='bbox 2081 580 2246 649; x_wconf 72' lang='grc' dir='ltr'>κριιὺς</span> <span class='ocrx_word' id='word_1_261' title='bbox 2264 577 2545 642; x_wconf 75' lang='grc' dir='ltr'>ζωοποιῶν</span> <span class='ocrx_word' id='word_1_262' title='bbox 2562 578 2655 629; x_wconf 71' lang='grc' dir='ltr'><strong>καὶ</strong></span> <span class='ocrx_word' id='word_1_263' title='bbox 2675 576 2775 645; x_wconf 76' lang='grc' dir='ltr'>τὴν</span> <span class='ocrx_word' id='word_1_264' title='bbox 2798 574 2975 646; x_wconf 77' lang='grc' dir='ltr'>ψυχὴν</span> <span class='ocrx_word' id='word_1_265' title='bbox 2996 574 3456 645; x_wconf 77' lang='grc' dir='ltr'>ἀνακαλούμενος,</span> <span class='ocrx_word' id='word_1_266' title='bbox 3482 573 3664 644; x_wconf 76' lang='grc' dir='ltr'>πολλῷ</span> 
     </span>
    </p>
   </div>
   <div class='ocr_carea' id='block_1_36' title="bbox 2084 666 3667 742">
    <p class='ocr_par' dir='ltr' id='par_1_36' title="bbox 2084 666 3667 742">
     <span class='ocr_line' id='line_1_36' title="bbox 2084 666 3667 742; baseline -0.002 -20"><span class='ocrx_word' id='word_1_267' title='bbox 2084 669 2286 742; x_wconf 82' lang='grc' dir='ltr'>μᾶλλον</span> <span class='ocrx_word' id='word_1_268' title='bbox 2302 668 2371 723; x_wconf 73' lang='grc' dir='ltr'><strong>τά</strong></span> <span class='ocrx_word' id='word_1_269' title='bbox 2401 668 2622 740; x_wconf 86' lang='grc' dir='ltr'>κρυπτὰ</span> <span class='ocrx_word' id='word_1_270' title='bbox 2645 669 2865 722; x_wconf 86' lang='grc' dir='ltr'>πάντων</span> <span class='ocrx_word' id='word_1_271' title='bbox 2898 667 3251 735; x_wconf 76' lang='grc' dir='ltr'>ἐπιγινώσκει</span> <span class='ocrx_word' id='word_1_272' title='bbox 3284 668 3377 720; x_wconf 75' lang='grc' dir='ltr'><strong>καὶ</strong></span> <span class='ocrx_word' id='word_1_273' title='bbox 3399 666 3667 735; x_wconf 69' lang='grc' dir='ltr'>ἐγίνωσκε</span> 
     </span>
    </p>
   </div>
   <div class='ocr_carea' id='block_1_37' title="bbox 2081 760 3669 833">
    <p class='ocr_par' dir='ltr' id='par_1_37' title="bbox 2081 760 3669 833">
     <span class='ocr_line' id='line_1_37' title="bbox 2081 760 3669 833; baseline -0.004 -15"><span class='ocrx_word' id='word_1_274' title='bbox 2081 764 2186 818; x_wconf 72' lang='grc' dir='ltr'><strong>ποῦ</strong></span> <span class='ocrx_word' id='word_1_275' title='bbox 2208 765 2387 818; x_wconf 81' lang='grc' dir='ltr'>κεῖται</span> <span class='ocrx_word' id='word_1_276' title='bbox 2408 761 2658 833; x_wconf 77' lang='grc' dir='ltr'>Λάζαρος</span> <span class='ocrx_word' id='word_1_277' title='bbox 2676 778 2691 792; x_wconf 75' lang='grc' dir='ltr'>ο</span> <span class='ocrx_word' id='word_1_278' title='bbox 2710 760 2824 814; x_wconf 78' lang='grc' dir='ltr'>ἀλλ’</span> <span class='ocrx_word' id='word_1_279' title='bbox 2844 761 3201 814; x_wconf 78' lang='grc' dir='ltr'>ἐπυνθάνετο·</span> <span class='ocrx_word' id='word_1_280' title='bbox 3231 760 3405 813; x_wconf 70' lang='grc' dir='ltr'>ἐποίει</span> <span class='ocrx_word' id='word_1_281' title='bbox 3439 760 3548 831; x_wconf 80' lang='grc' dir='ltr'><strong>γάρ</strong></span> <span class='ocrx_word' id='word_1_282' title='bbox 3569 760 3669 813; x_wconf 76' lang='grc' dir='ltr'><strong>καὶ</strong></span> 
     </span>
    </p>
   </div>
   <div class='ocr_carea' id='block_1_38' title="bbox 2082 852 3665 923">
    <p class='ocr_par' dir='ltr' id='par_1_38' title="bbox 2082 852 3665 923">
     <span class='ocr_line' id='line_1_38' title="bbox 2082 852 3665 923; baseline -0.003 -14"><span class='ocrx_word' id='word_1_283' title='bbox 2082 856 2286 910; x_wconf 74' lang='grc' dir='ltr'>τοῦτοὸ</span> <span class='ocrx_word' id='word_1_284' title='bbox 2307 855 2571 922; x_wconf 84' lang='grc' dir='ltr'>πανάγιος</span> <span class='ocrx_word' id='word_1_285' title='bbox 2606 854 2701 908; x_wconf 76' lang='grc' dir='ltr'>τοῦ</span> <span class='ocrx_word' id='word_1_286' title='bbox 2729 852 2867 906; x_wconf 83' lang='grc' dir='ltr'><strong>Θεοῦ</strong></span> <span class='ocrx_word' id='word_1_287' title='bbox 2897 853 3095 921; x_wconf 80' lang='grc' dir='ltr'>Λόγος,</span> <span class='ocrx_word' id='word_1_288' title='bbox 3130 854 3355 908; x_wconf 77' lang='grc' dir='ltr'>ὀπάντα</span> <span class='ocrx_word' id='word_1_289' title='bbox 3400 853 3467 905; x_wconf 79' lang='grc' dir='ltr'>δι’</span> <span class='ocrx_word' id='word_1_290' title='bbox 3512 854 3665 923; x_wconf 78' lang='grc' dir='ltr'>ἡμᾶς</span> 
     </span>
    </p>
   </div>
   <div class='ocr_carea' id='block_1_39' title="bbox 2084 942 3664 1017">
    <p class='ocr_par' dir='ltr' id='par_1_39' title="bbox 2084 942 3664 1017">
     <span class='ocr_line' id='line_1_39' title="bbox 2084 942 3664 1017; baseline -0.002 -17"><span class='ocrx_word' id='word_1_291' title='bbox 2084 946 2407 1017; x_wconf 79' lang='grc' dir='ltr'>ὑπομείνας,</span> <span class='ocrx_word' id='word_1_292' title='bbox 2443 945 2527 999; x_wconf 79' lang='grc' dir='ltr'><strong>ἵνα</strong></span> <span class='ocrx_word' id='word_1_293' title='bbox 2553 947 2646 998; x_wconf 73' lang='grc' dir='ltr'><strong>καὶ</strong></span> <span class='ocrx_word' id='word_1_294' title='bbox 2662 943 2805 998; x_wconf 77' lang='grc' dir='ltr'>οὕτω</span> <span class='ocrx_word' id='word_1_295' title='bbox 2822 944 2923 1015; x_wconf 84' lang='grc' dir='ltr'><strong>τὴν</strong></span> <span class='ocrx_word' id='word_1_296' title='bbox 2942 947 3165 1013; x_wconf 78' lang='grc' dir='ltr'>ἄγνοιαν</span> <span class='ocrx_word' id='word_1_297' title='bbox 3188 943 3344 1015; x_wconf 75' lang='grc' dir='ltr'>ἡμῶν</span> <span class='ocrx_word' id='word_1_298' title='bbox 3364 942 3664 1014; x_wconf 72' lang='grc' dir='ltr'>βαστάξας,</span> 
     </span>
    </p>
   </div>
   <div class='ocr_carea' id='block_1_40' title="bbox 2082 1034 3668 1110">
    <p class='ocr_par' dir='ltr' id='par_1_40' title="bbox 2082 1034 3668 1110">
     <span class='ocr_line' id='line_1_40' title="bbox 2082 1034 3668 1110; baseline -0.001 -19"><span class='ocrx_word' id='word_1_299' title='bbox 2082 1038 2381 1110; x_wconf 79' lang='grc' dir='ltr'><strong>χαρίσηται</strong></span> <span class='ocrx_word' id='word_1_300' title='bbox 2435 1035 2727 1107; x_wconf 73' lang='grc' dir='ltr'><strong>γινώσκειν</strong></span> <span class='ocrx_word' id='word_1_301' title='bbox 2776 1039 2868 1091; x_wconf 82' lang='grc' dir='ltr'>τὸν</span> <span class='ocrx_word' id='word_1_302' title='bbox 2940 1037 3099 1107; x_wconf 82' lang='grc' dir='ltr'>μόνον</span> <span class='ocrx_word' id='word_1_303' title='bbox 3155 1036 3353 1090; x_wconf 77' lang='grc' dir='ltr'>ἑαυτοῦ</span> <span class='ocrx_word' id='word_1_304' title='bbox 3408 1034 3668 1106; x_wconf 74' lang='grc' dir='ltr'>ἀληθινὸν</span> 
     </span>
    </p>
   </div>
   <div class='ocr_carea' id='block_1_41' title="bbox 2082 1129 3669 1201">
    <p class='ocr_par' dir='ltr' id='par_1_41' title="bbox 2082 1129 3669 1201">
     <span class='ocr_line' id='line_1_41' title="bbox 2082 1129 3669 1201; baseline -0.001 -16"><span class='ocrx_word' id='word_1_305' title='bbox 2082 1131 2304 1201; x_wconf 76' lang='grc' dir='ltr'>Πατέρα</span> <span class='ocrx_word' id='word_1_306' title='bbox 2334 1132 2429 1183; x_wconf 67' lang='grc' dir='ltr'><strong>καὶ</strong></span> <span class='ocrx_word' id='word_1_307' title='bbox 2458 1130 2650 1183; x_wconf 76' lang='grc' dir='ltr'>ἑαυτὸν</span> <span class='ocrx_word' id='word_1_308' title='bbox 2680 1130 2771 1182; x_wconf 84' lang='grc' dir='ltr'><strong>τὸν</strong></span> <span class='ocrx_word' id='word_1_309' title='bbox 2802 1129 2871 1183; x_wconf 84' lang='grc' dir='ltr'><strong>δι’</strong></span> <span class='ocrx_word' id='word_1_310' title='bbox 2902 1131 3051 1200; x_wconf 73' lang='grc' dir='ltr'>ἡμᾶς</span> <span class='ocrx_word' id='word_1_311' title='bbox 3088 1130 3182 1182; x_wconf 62' lang='grc' dir='ltr'><strong>ἐπὶ</strong></span> <span class='ocrx_word' id='word_1_312' title='bbox 3237 1129 3484 1200; x_wconf 74' lang='grc' dir='ltr'>σωτηρίᾳ</span> <span class='ocrx_word' id='word_1_313' title='bbox 3531 1131 3669 1183; x_wconf 77' lang='grc' dir='ltr'>πάν-</span> 
     </span>
    </p>
   </div>
   <div class='ocr_carea' id='block_1_42' title="bbox 2079 1216 3663 1293">
    <p class='ocr_par' dir='ltr' id='par_1_42' title="bbox 2079 1216 3663 1293">
     <span class='ocr_line' id='line_1_42' title="bbox 2079 1216 3663 1293; baseline -0.002 -15"><span class='ocrx_word' id='word_1_314' title='bbox 2079 1242 2190 1278; x_wconf 87' lang='grc' dir='ltr'><strong>των</strong></span> <span class='ocrx_word' id='word_1_315' title='bbox 2219 1223 2615 1285; x_wconf 74' lang='grc' dir='ltr'><strong>ἀποσταλέντα,</strong></span> <span class='ocrx_word' id='word_1_316' title='bbox 2649 1216 2718 1293; x_wconf 79' lang='grc' dir='ltr'>ἦς</span> <span class='ocrx_word' id='word_1_317' title='bbox 2752 1222 2953 1293; x_wconf 75' lang='grc' dir='ltr'>μείζων</span> <span class='ocrx_word' id='word_1_318' title='bbox 2988 1226 3089 1275; x_wconf 81' lang='grc' dir='ltr'><strong>οὐκ</strong></span> <span class='ocrx_word' id='word_1_319' title='bbox 3117 1220 3185 1276; x_wconf 80' lang='grc' dir='ltr'>ἂν</span> <span class='ocrx_word' id='word_1_320' title='bbox 3220 1220 3431 1291; x_wconf 71' lang='grc' dir='ltr'>γένοιτο</span> <span class='ocrx_word' id='word_1_321' title='bbox 3475 1222 3663 1292; x_wconf 78' lang='grc' dir='ltr'>χάρις.</span> 
     </span>
    </p>
   </div>
   <div class='ocr_carea' id='block_1_43' title="bbox 2083 1314 3665 1388">
    <p class='ocr_par' dir='ltr' id='par_1_43' title="bbox 2083 1314 3665 1388">
     <span class='ocr_line' id='line_1_43' title="bbox 2083 1314 3665 1388; baseline -0.004 -15"><span class='ocrx_word' id='word_1_322' title='bbox 2083 1319 2236 1383; x_wconf 77' lang='grc' dir='ltr'>Εἰδὲ,</span> <span class='ocrx_word' id='word_1_323' title='bbox 2256 1318 2344 1372; x_wconf 79' lang='grc' dir='ltr'><strong>ἴνα</strong></span> <span class='ocrx_word' id='word_1_324' title='bbox 2366 1316 2617 1388; x_wconf 79' lang='grc' dir='ltr'>λυτρωθῇ</span> <span class='ocrx_word' id='word_1_325' title='bbox 2645 1318 2704 1369; x_wconf 75' lang='grc' dir='ltr'>τὸ</span> <span class='ocrx_word' id='word_1_326' title='bbox 2729 1317 2881 1385; x_wconf 81' lang='grc' dir='ltr'>γένος</span> <span class='ocrx_word' id='word_1_327' title='bbox 2906 1317 2966 1370; x_wconf 74' lang='grc' dir='ltr'>τὸ</span> <span class='ocrx_word' id='word_1_328' title='bbox 2990 1314 3359 1384; x_wconf 80' lang='grc' dir='ltr'>ἀνθρώπινον,</span> <span class='ocrx_word' id='word_1_329' title='bbox 3384 1316 3665 1384; x_wconf 71' lang='grc' dir='ltr'>ἐπεδήμη-</span> 
     </span>
    </p>
   </div>
   <div class='ocr_carea' id='block_1_44' title="bbox 2083 1406 3673 1481">
    <p class='ocr_par' dir='ltr' id='par_1_44' title="bbox 2083 1406 3673 1481">
     <span class='ocr_line' id='line_1_44' title="bbox 2083 1406 3673 1481; baseline -0.003 -16"><span class='ocrx_word' id='word_1_330' title='bbox 2083 1412 2229 1467; x_wconf 71' lang='lat' dir='ltr'><strong>cev-6</strong></span> <span class='ocrx_word' id='word_1_331' title='bbox 2256 1411 2429 1479; x_wconf 80' lang='grc' dir='ltr'><strong>Λόγος</strong></span> <span class='ocrx_word' id='word_1_332' title='bbox 2450 1449 2466 1473; x_wconf 95' lang='grc'><strong>,</strong></span> <span class='ocrx_word' id='word_1_333' title='bbox 2496 1410 2589 1463; x_wconf 66' lang='grc' dir='ltr'><strong>καὶ</strong></span> <span class='ocrx_word' id='word_1_334' title='bbox 2626 1408 2715 1463; x_wconf 77' lang='grc' dir='ltr'>ἵνα</span> <span class='ocrx_word' id='word_1_335' title='bbox 2746 1408 2941 1470; x_wconf 75' lang='grc' dir='ltr'>αὐτοὺς</span> <span class='ocrx_word' id='word_1_336' title='bbox 2997 1406 3205 1481; x_wconf 74' lang='grc' dir='ltr'>ἁγιάσῃ</span> <span class='ocrx_word' id='word_1_337' title='bbox 3248 1408 3343 1461; x_wconf 79' lang='grc' dir='ltr'><strong>καὶ</strong></span> <span class='ocrx_word' id='word_1_338' title='bbox 3370 1408 3673 1479; x_wconf 71' lang='grc' dir='ltr'>θεοποιήσῃ</span> 
     </span>
    </p>
   </div>
   <div class='ocr_carea' id='block_1_45' title="bbox 2083 1496 3669 1572">
    <p class='ocr_par' dir='ltr' id='par_1_45' title="bbox 2083 1496 3669 1572">
     <span class='ocr_line' id='line_1_45' title="bbox 2083 1496 3669 1572; baseline -0.004 -18"><span class='ocrx_word' id='word_1_339' title='bbox 2083 1502 2307 1572; x_wconf 77' lang='grc' dir='ltr'>γέγονεν</span> <span class='ocrx_word' id='word_1_340' title='bbox 2333 1503 2361 1554; x_wconf 79' lang='grc' dir='ltr'>ὁ</span> <span class='ocrx_word' id='word_1_341' title='bbox 2388 1500 2561 1568; x_wconf 84' lang='grc' dir='ltr'>Λόγος</span> <span class='ocrx_word' id='word_1_342' title='bbox 2590 1499 2750 1569; x_wconf 84' lang='grc' dir='ltr'>σὰρξ.</span> <span class='ocrx_word' id='word_1_343' title='bbox 2778 1498 2887 1554; x_wconf 89' lang='grc' dir='ltr'>τίνι</span> <span class='ocrx_word' id='word_1_344' title='bbox 2914 1498 3105 1553; x_wconf 75' lang='grc' dir='ltr'>λοιπὸν</span> <span class='ocrx_word' id='word_1_345' title='bbox 3130 1498 3232 1551; x_wconf 85' lang='grc' dir='ltr'><strong>οὐκ</strong></span> <span class='ocrx_word' id='word_1_346' title='bbox 3260 1498 3379 1551; x_wconf 76' lang='grc' dir='ltr'>ἐστι</span> <span class='ocrx_word' id='word_1_347' title='bbox 3406 1496 3669 1567; x_wconf 69' lang='grc' dir='ltr'>φανερὸν,</span> 
     </span>
    </p>
   </div>
   <div class='ocr_carea' id='block_1_46' title="bbox 2080 1589 3671 1663">
    <p class='ocr_par' dir='ltr' id='par_1_46' title="bbox 2080 1589 3671 1663">
     <span class='ocr_line' id='line_1_46' title="bbox 2080 1589 3671 1663; baseline -0.003 -14"><span class='ocrx_word' id='word_1_348' title='bbox 2080 1597 2163 1649; x_wconf 85' lang='grc' dir='ltr'>ὃτι</span> <span class='ocrx_word' id='word_1_349' title='bbox 2197 1594 2371 1649; x_wconf 72' lang='grc' dir='ltr'>ταῦτα</span> <span class='ocrx_word' id='word_1_350' title='bbox 2411 1594 2557 1663; x_wconf 71' lang='grc' dir='ltr'>άπερ</span> <span class='ocrx_word' id='word_1_351' title='bbox 2592 1591 2878 1661; x_wconf 74' lang='grc' dir='ltr'>εἰληφέναι</span> <span class='ocrx_word' id='word_1_352' title='bbox 2917 1591 3096 1659; x_wconf 80' lang='grc' dir='ltr'>λέγει,</span> <span class='ocrx_word' id='word_1_353' title='bbox 3132 1591 3222 1643; x_wconf 79' lang='grc' dir='ltr'><strong>ὅτι</strong></span> <span class='ocrx_word' id='word_1_354' title='bbox 3260 1589 3450 1659; x_wconf 76' lang='grc' dir='ltr'>γέγονε</span> <span class='ocrx_word' id='word_1_355' title='bbox 3494 1589 3671 1658; x_wconf 80' lang='grc' dir='ltr'>σὰρξ.</span> 
     </span>
    </p>
   </div>
   <div class='ocr_carea' id='block_1_47' title="bbox 2082 1677 3673 1755">
    <p class='ocr_par' dir='ltr' id='par_1_47' title="bbox 2082 1677 3673 1755">
     <span class='ocr_line' id='line_1_47' title="bbox 2082 1677 3673 1755; baseline -0.006 -12"><span class='ocrx_word' id='word_1_356' title='bbox 2082 1690 2142 1743; x_wconf 73' lang='grc' dir='ltr'><strong>οὐ</strong></span> <span class='ocrx_word' id='word_1_357' title='bbox 2177 1688 2243 1741; x_wconf 82' lang='grc' dir='ltr'>δι’</span> <span class='ocrx_word' id='word_1_358' title='bbox 2266 1687 2480 1753; x_wconf 70' lang='grc' dir='ltr'>ιαυτδν,</span> <span class='ocrx_word' id='word_1_359' title='bbox 2512 1686 2651 1739; x_wconf 83' lang='grc' dir='ltr'><strong>ἀλλά</strong></span> <span class='ocrx_word' id='word_1_360' title='bbox 2680 1686 2772 1740; x_wconf 81' lang='grc' dir='ltr'><strong>διά</strong></span> <span class='ocrx_word' id='word_1_361' title='bbox 2802 1686 2901 1753; x_wconf 79' lang='grc' dir='ltr'>τὴν</span> <span class='ocrx_word' id='word_1_362' title='bbox 2938 1684 3120 1754; x_wconf 82' lang='grc' dir='ltr'>σάρκα</span> <span class='ocrx_word' id='word_1_363' title='bbox 3152 1683 3335 1750; x_wconf 70' lang='grc' dir='ltr'>λέγεις</span> <span class='ocrx_word' id='word_1_364' title='bbox 3372 1684 3460 1735; x_wconf 80' lang='grc' dir='ltr'>Ἑν</span> <span class='ocrx_word' id='word_1_365' title='bbox 3558 1686 3673 1751; x_wconf 66' lang='grc' dir='ltr'>γὰρ</span> 
     </span>
    </p>
   </div>
   <div class='ocr_carea' id='block_1_48' title="bbox 2081 1775 3672 1853">
    <p class='ocr_par' dir='ltr' id='par_1_48' title="bbox 2081 1775 3672 1853">
     <span class='ocr_line' id='line_1_48' title="bbox 2081 1775 3672 1853; baseline -0.004 -19"><span class='ocrx_word' id='word_1_366' title='bbox 2081 1777 2172 1853; x_wconf 79' lang='grc' dir='ltr'>ἦν,</span> <span class='ocrx_word' id='word_1_367' title='bbox 2213 1782 2411 1852; x_wconf 80' lang='grc' dir='ltr'>λέγων,</span> <span class='ocrx_word' id='word_1_368' title='bbox 2449 1780 2657 1851; x_wconf 82' lang='grc' dir='ltr'>ταύτης</span> <span class='ocrx_word' id='word_1_369' title='bbox 2697 1775 2765 1849; x_wconf 81' lang='grc' dir='ltr'>ἦν</span> <span class='ocrx_word' id='word_1_370' title='bbox 2805 1780 2903 1832; x_wconf 77' lang='grc' dir='ltr'><strong>καὶ</strong></span> <span class='ocrx_word' id='word_1_371' title='bbox 2946 1778 3013 1831; x_wconf 83' lang='grc' dir='ltr'>τὰ</span> <span class='ocrx_word' id='word_1_372' title='bbox 3054 1777 3308 1847; x_wconf 83' lang='grc' dir='ltr'><strong>διδόμενα</strong></span> <span class='ocrx_word' id='word_1_373' title='bbox 3350 1776 3672 1845; x_wconf 79' lang='grc' dir='ltr'>χαρίσματα</span> 
     </span>
    </p>
   </div>
   <div class='ocr_carea' id='block_1_49' title="bbox 2081 1863 3671 1944">
    <p class='ocr_par' dir='ltr' id='par_1_49' title="bbox 2081 1863 3671 1944">
     <span class='ocr_line' id='line_1_49' title="bbox 2081 1863 3671 1944; baseline -0.009 -11"><span class='ocrx_word' id='word_1_374' title='bbox 2081 1876 2150 1933; x_wconf 77' lang='grc' dir='ltr'>δι’</span> <span class='ocrx_word' id='word_1_375' title='bbox 2176 1874 2345 1929; x_wconf 80' lang='grc' dir='ltr'>αὐτοῦ</span> <span class='ocrx_word' id='word_1_376' title='bbox 2388 1874 2543 1944; x_wconf 74' lang='grc' dir='ltr'>παρὰ</span> <span class='ocrx_word' id='word_1_377' title='bbox 2578 1866 2672 1925; x_wconf 78' lang='grc' dir='ltr'><strong>τοῦ</strong></span> <span class='ocrx_word' id='word_1_378' title='bbox 2714 1871 2946 1941; x_wconf 80' lang='grc' dir='ltr'>Πατρός.</span> <span class='ocrx_word' id='word_1_379' title='bbox 2986 1869 3125 1923; x_wconf 86' lang='grc' dir='ltr'>Τίνα</span> <span class='ocrx_word' id='word_1_380' title='bbox 3164 1869 3220 1921; x_wconf 77' lang='grc' dir='ltr'>δὲ</span> <span class='ocrx_word' id='word_1_381' title='bbox 3256 1863 3324 1937; x_wconf 83' lang='grc' dir='ltr'>ἦν</span> <span class='ocrx_word' id='word_1_382' title='bbox 3357 1868 3395 1922; x_wconf 79' lang='grc' dir='ltr'><strong>ἀ</strong></span> <span class='ocrx_word' id='word_1_383' title='bbox 3437 1869 3671 1938; x_wconf 76' lang='grc' dir='ltr'>ἠγεῖτο,</span> 
     </span>
    </p>
   </div>
   <div class='ocr_carea' id='block_1_50' title="bbox 2083 1954 3672 2038">
    <p class='ocr_par' dir='ltr' id='par_1_50' title="bbox 2083 1954 3672 2038">
     <span class='ocr_line' id='line_1_50' title="bbox 2083 1954 3672 2038; baseline -0.006 -15"><span class='ocrx_word' id='word_1_384' title='bbox 2083 1968 2308 2038; x_wconf 79' lang='grc' dir='ltr'>ίδωμεν,</span> <span class='ocrx_word' id='word_1_385' title='bbox 2346 1968 2440 2022; x_wconf 72' lang='grc' dir='ltr'><strong>καὶ</strong></span> <span class='ocrx_word' id='word_1_386' title='bbox 2478 1965 2601 2019; x_wconf 89' lang='grc' dir='ltr'>τίνα</span> <span class='ocrx_word' id='word_1_387' title='bbox 2642 1961 2709 2035; x_wconf 80' lang='grc' dir='ltr'>ἦν</span> <span class='ocrx_word' id='word_1_388' title='bbox 2749 1965 2889 2029; x_wconf 80' lang='grc' dir='ltr'>ὅλως</span> <span class='ocrx_word' id='word_1_389' title='bbox 2925 1954 3194 2031; x_wconf 62' lang='grc' dir='ltr'>ἀἘλεγιιν</span> <span class='ocrx_word' id='word_1_390' title='bbox 3232 1962 3537 2031; x_wconf 70' lang='grc' dir='ltr'>εἰληφέναι,</span> <span class='ocrx_word' id='word_1_391' title='bbox 3579 1959 3672 2013; x_wconf 85' lang='grc' dir='ltr'>ῐνα</span> 
     </span>
    </p>
   </div>
   <div class='ocr_carea' id='block_1_51' title="bbox 2083 2050 3669 2125">
    <p class='ocr_par' dir='ltr' id='par_1_51' title="bbox 2083 2050 3669 2125">
     <span class='ocr_line' id='line_1_51' title="bbox 2083 2050 3669 2125; baseline -0.007 -9"><span class='ocrx_word' id='word_1_392' title='bbox 2083 2062 2191 2116; x_wconf 80' lang='grc' dir='ltr'>κᾶν</span> <span class='ocrx_word' id='word_1_393' title='bbox 2233 2059 2407 2122; x_wconf 76' lang='grc' dir='ltr'>οὕτως</span> <span class='ocrx_word' id='word_1_394' title='bbox 2457 2058 2818 2113; x_wconf 80' lang='grc' dir='ltr'>αἰσθάνεσθαι</span> <span class='ocrx_word' id='word_1_395' title='bbox 2865 2054 3172 2125; x_wconf 74' lang='grc' dir='ltr'><strong>δυνηθῶσιν</strong></span> <span class='ocrx_word' id='word_1_396' title='bbox 3220 2056 3440 2109; x_wconf 77' lang='grc' dir='ltr'>ἐκείνοι.</span> <span class='ocrx_word' id='word_1_397' title='bbox 3489 2050 3669 2116; x_wconf 80' lang='grc' dir='ltr'>Δόξιν</span> 
     </span>
    </p>
   </div>
   <div class='ocr_carea' id='block_1_52' title="bbox 2081 2142 3670 2221">
    <p class='ocr_par' dir='ltr' id='par_1_52' title="bbox 2081 2142 3670 2221">
     <span class='ocr_line' id='line_1_52' title="bbox 2081 2142 3670 2221; baseline -0.007 -18"><span class='ocrx_word' id='word_1_398' title='bbox 2081 2151 2263 2205; x_wconf 76' lang='grc' dir='ltr'>τοίνυν</span> <span class='ocrx_word' id='word_1_399' title='bbox 2291 2152 2496 2221; x_wconf 75' lang='grc' dir='ltr'>ἠγεῖτο,</span> <span class='ocrx_word' id='word_1_400' title='bbox 2525 2150 2618 2211; x_wconf 71' lang='grc' dir='ltr'>καὶ</span> <span class='ocrx_word' id='word_1_401' title='bbox 2648 2147 2824 2216; x_wconf 67' lang='grc' dir='ltr'>ελεγι*</span> <span class='ocrx_word' id='word_1_402' title='bbox 2856 2144 3062 2201; x_wconf 79' lang='grc' dir='ltr'>Πάντα</span> <span class='ocrx_word' id='word_1_403' title='bbox 3085 2161 3189 2215; x_wconf 81' lang='grc' dir='ltr'><strong>μοι</strong></span> <span class='ocrx_word' id='word_1_404' title='bbox 3217 2142 3538 2210; x_wconf 76' lang='grc' dir='ltr'>παρεδόθη.</span> <span class='ocrx_word' id='word_1_405' title='bbox 3571 2143 3670 2194; x_wconf 78' lang='grc' dir='ltr'><strong>καὶ</strong></span> 
     </span>
    </p>
   </div>
   <div class='ocr_carea' id='block_1_53' title="bbox 2086 2232 3668 2313">
    <p class='ocr_par' dir='ltr' id='par_1_53' title="bbox 2086 2232 3668 2313">
     <span class='ocr_line' id='line_1_53' title="bbox 2086 2232 3668 2313; baseline -0.008 -17"><span class='ocrx_word' id='word_1_406' title='bbox 2086 2242 2228 2313; x_wconf 80' lang='grc' dir='ltr'><strong>μετά</strong></span> <span class='ocrx_word' id='word_1_407' title='bbox 2262 2242 2359 2313; x_wconf 77' lang='grc' dir='ltr'>τὴν</span> <span class='ocrx_word' id='word_1_408' title='bbox 2392 2241 2694 2295; x_wconf 80' lang='grc' dir='ltr'>ἀνάστασιν</span> <span class='ocrx_word' id='word_1_409' title='bbox 2728 2238 2980 2304; x_wconf 74' lang='grc' dir='ltr'><strong>ἐξουσίαν</strong></span> <span class='ocrx_word' id='word_1_410' title='bbox 3016 2238 3203 2291; x_wconf 72' lang='grc' dir='ltr'>πᾶσάν</span> <span class='ocrx_word' id='word_1_411' title='bbox 3238 2251 3406 2305; x_wconf 86' lang='grc' dir='ltr'>φησιν</span> <span class='ocrx_word' id='word_1_412' title='bbox 3442 2232 3668 2301; x_wconf 72' lang='grc' dir='ltr'>εἰληφέο</span> 
     </span>
    </p>
   </div>
   <div class='ocr_carea' id='block_1_54' title="bbox 2084 2323 3663 2401">
    <p class='ocr_par' dir='ltr' id='par_1_54' title="bbox 2084 2323 3663 2401">
     <span class='ocr_line' id='line_1_54' title="bbox 2084 2323 3663 2401; baseline -0.004 -15"><span class='ocrx_word' id='word_1_413' title='bbox 2084 2350 2194 2387; x_wconf 88' lang='grc' dir='ltr'>ναι.</span> <span class='ocrx_word' id='word_1_414' title='bbox 2233 2332 2400 2385; x_wconf 76' lang='grc' dir='ltr'>’Λλλά</span> <span class='ocrx_word' id='word_1_415' title='bbox 2442 2332 2539 2385; x_wconf 74' lang='grc' dir='ltr'>καὶ</span> <span class='ocrx_word' id='word_1_416' title='bbox 2581 2334 2712 2401; x_wconf 75' lang='grc' dir='ltr'>πρὶν</span> <span class='ocrx_word' id='word_1_417' title='bbox 2755 2331 2905 2401; x_wconf 75' lang='grc' dir='ltr'>εἴπῃ,</span> <span class='ocrx_word' id='word_1_418' title='bbox 2951 2328 3158 2383; x_wconf 81' lang='grc' dir='ltr'>Πάντα</span> <span class='ocrx_word' id='word_1_419' title='bbox 3191 2344 3294 2397; x_wconf 83' lang='grc' dir='ltr'><strong>μοι</strong></span> <span class='ocrx_word' id='word_1_420' title='bbox 3332 2323 3663 2393; x_wconf 79' lang='grc' dir='ltr'>παρεδόθη.</span> 
     </span>
    </p>
   </div>
   <div class='ocr_carea' id='block_1_55' title="bbox 2085 2416 3666 2495">
    <p class='ocr_par' dir='ltr' id='par_1_55' title="bbox 2085 2416 3666 2495">
     <span class='ocr_line' id='line_1_55' title="bbox 2085 2416 3666 2495; baseline -0.009 -16"><span class='ocrx_word' id='word_1_421' title='bbox 2085 2423 2307 2479; x_wconf 76' lang='grc' dir='ltr'>πάντων</span> <span class='ocrx_word' id='word_1_422' title='bbox 2330 2418 2399 2491; x_wconf 81' lang='grc' dir='ltr'>ἦν</span> <span class='ocrx_word' id='word_1_423' title='bbox 2424 2422 2649 2495; x_wconf 82' lang='grc' dir='ltr'>Κύριος.</span> <span class='ocrx_word' id='word_1_424' title='bbox 2679 2420 2863 2475; x_wconf 82' lang='grc' dir='ltr'>Πάντα</span> <span class='ocrx_word' id='word_1_425' title='bbox 2888 2420 2998 2490; x_wconf 75' lang='grc' dir='ltr'><strong>γὰρ</strong></span> <span class='ocrx_word' id='word_1_426' title='bbox 3011 2418 3080 2473; x_wconf 86' lang='grc' dir='ltr'><strong>δι’</strong></span> <span class='ocrx_word' id='word_1_427' title='bbox 3107 2418 3275 2471; x_wconf 74' lang='grc' dir='ltr'>αὐτοῦ</span> <span class='ocrx_word' id='word_1_428' title='bbox 3304 2416 3539 2484; x_wconf 71' lang='grc' dir='ltr'>ἐγένετο,</span> <span class='ocrx_word' id='word_1_429' title='bbox 3567 2416 3666 2467; x_wconf 78' lang='grc' dir='ltr'><strong>καὶ</strong></span> 
     </span>
    </p>
   </div>
   <div class='ocr_carea' id='block_1_56' title="bbox 2084 2503 3665 2584">
    <p class='ocr_par' dir='ltr' id='par_1_56' title="bbox 2084 2503 3665 2584">
     <span class='ocr_line' id='line_1_56' title="bbox 2084 2503 3665 2584; baseline -0.008 -17"><span class='ocrx_word' id='word_1_430' title='bbox 2084 2509 2165 2577; x_wconf 76' lang='grc' dir='ltr'>εἷς</span> <span class='ocrx_word' id='word_1_431' title='bbox 2197 2513 2401 2584; x_wconf 79' lang='grc' dir='ltr'>Κύριος</span> <span class='ocrx_word' id='word_1_432' title='bbox 2432 2509 2501 2584; x_wconf 68' lang='grc' dir='ltr'>ἦν</span> <span class='ocrx_word' id='word_1_433' title='bbox 2526 2512 2593 2568; x_wconf 85' lang='grc' dir='ltr'><strong>δι’</strong></span> <span class='ocrx_word' id='word_1_434' title='bbox 2616 2508 2677 2567; x_wconf 74' lang='grc' dir='ltr'>οὗ</span> <span class='ocrx_word' id='word_1_435' title='bbox 2705 2512 2776 2570; x_wconf 82' lang='grc' dir='ltr'>τὰ</span> <span class='ocrx_word' id='word_1_436' title='bbox 2800 2513 3001 2565; x_wconf 77' lang='grc' dir='ltr'>πάντα.</span> <span class='ocrx_word' id='word_1_437' title='bbox 3031 2512 3141 2566; x_wconf 80' lang='grc' dir='ltr'><strong>Καὶ</strong></span> <span class='ocrx_word' id='word_1_438' title='bbox 3170 2511 3331 2576; x_wconf 68' lang='grc' dir='ltr'>Μξαν</span> <span class='ocrx_word' id='word_1_439' title='bbox 3367 2509 3465 2577; x_wconf 76' lang='grc' dir='ltr'>μὲν</span> <span class='ocrx_word' id='word_1_440' title='bbox 3494 2503 3665 2575; x_wconf 72' lang='grc' dir='ltr'>εἶχεν,</span> 
     </span>
    </p>
   </div>
   <div class='ocr_carea' id='block_1_57' title="bbox 2083 2597 3670 2678">
    <p class='ocr_par' dir='ltr' id='par_1_57' title="bbox 2083 2597 3670 2678">
     <span class='ocr_line' id='line_1_57' title="bbox 2083 2597 3670 2678; baseline -0.006 -20"><span class='ocrx_word' id='word_1_441' title='bbox 2083 2602 2149 2678; x_wconf 76' lang='grc' dir='ltr'>ἧς</span> <span class='ocrx_word' id='word_1_442' title='bbox 2176 2606 2378 2676; x_wconf 80' lang='grc' dir='ltr'>Κύριος</span> <span class='ocrx_word' id='word_1_443' title='bbox 2403 2601 2472 2676; x_wconf 81' lang='grc' dir='ltr'>ἦν</span> <span class='ocrx_word' id='word_1_444' title='bbox 2517 2607 2612 2659; x_wconf 72' lang='grc' dir='ltr'><strong>καὶ</strong></span> <span class='ocrx_word' id='word_1_445' title='bbox 2642 2605 2810 2669; x_wconf 75' lang='grc' dir='ltr'>ἐστιν,</span> <span class='ocrx_word' id='word_1_446' title='bbox 2836 2605 2912 2668; x_wconf 85' lang='grc' dir='ltr'><strong>ὡς</strong></span> <span class='ocrx_word' id='word_1_447' title='bbox 2941 2606 2968 2659; x_wconf 84' lang='grc' dir='ltr'><strong>ὁ</strong></span> <span class='ocrx_word' id='word_1_448' title='bbox 3001 2603 3213 2663; x_wconf 74' lang='grc' dir='ltr'>Παῦλος</span> <span class='ocrx_word' id='word_1_449' title='bbox 3242 2617 3409 2671; x_wconf 76' lang='grc' dir='ltr'>φησιν</span> <span class='ocrx_word' id='word_1_450' title='bbox 3436 2600 3529 2654; x_wconf 78' lang='grc' dir='ltr'>Ἐἰ</span> <span class='ocrx_word' id='word_1_451' title='bbox 3556 2597 3670 2667; x_wconf 60' lang='lat' dir='ltr'><strong>reip</strong></span> 
     </span>
    </p>
   </div>
   <div class='ocr_carea' id='block_1_58' title="bbox 2083 2692 3670 2767">
    <p class='ocr_par' dir='ltr' id='par_1_58' title="bbox 2083 2692 3670 2767">
     <span class='ocr_line' id='line_1_58' title="bbox 2083 2692 3670 2767; baseline -0.004 -17"><span class='ocrx_word' id='word_1_452' title='bbox 2083 2697 2382 2767; x_wconf 66' lang='grc' dir='ltr'>ἔγνωσαν,</span> <span class='ocrx_word' id='word_1_453' title='bbox 2408 2697 2518 2751; x_wconf 81' lang='grc' dir='ltr'><strong>οὐκ</strong></span> <span class='ocrx_word' id='word_1_454' title='bbox 2533 2696 2610 2750; x_wconf 85' lang='grc' dir='ltr'>ἂν</span> <span class='ocrx_word' id='word_1_455' title='bbox 2640 2696 2747 2750; x_wconf 84' lang='grc' dir='ltr'>τὸν</span> <span class='ocrx_word' id='word_1_456' title='bbox 2760 2697 2981 2764; x_wconf 71' lang='grc' dir='ltr'>Κύριον</span> <span class='ocrx_word' id='word_1_457' title='bbox 3004 2694 3114 2764; x_wconf 80' lang='grc' dir='ltr'>τῆς</span> <span class='ocrx_word' id='word_1_458' title='bbox 3148 2693 3335 2759; x_wconf 80' lang='grc' dir='ltr'><strong>δόξης</strong></span> <span class='ocrx_word' id='word_1_459' title='bbox 3364 2692 3670 2757; x_wconf 78' lang='grc' dir='ltr'>ἐσταύρω-</span> 
     </span>
    </p>
   </div>
   <div class='ocr_carea' id='block_1_59' title="bbox 2083 2779 3669 2858">
    <p class='ocr_par' dir='ltr' id='par_1_59' title="bbox 2083 2779 3669 2858">
     <span class='ocr_line' id='line_1_59' title="bbox 2083 2779 3669 2858; baseline -0.008 -13"><span class='ocrx_word' id='word_1_460' title='bbox 2083 2804 2227 2845; x_wconf 87' lang='grc' dir='ltr'>σαν.</span> <span class='ocrx_word' id='word_1_461' title='bbox 2244 2783 2572 2858; x_wconf 74' lang='grc' dir='ltr'>Είχεγάρήν</span> <span class='ocrx_word' id='word_1_462' title='bbox 2588 2789 2775 2858; x_wconf 79' lang='grc' dir='ltr'>ἠγεῖτο</span> <span class='ocrx_word' id='word_1_463' title='bbox 2795 2788 2972 2856; x_wconf 71' lang='grc' dir='ltr'>λέγων</span> <span class='ocrx_word' id='word_1_464' title='bbox 2992 2803 3007 2817; x_wconf 81' lang='grc'><em>’</em></span> <span class='ocrx_word' id='word_1_465' title='bbox 3028 2785 3109 2856; x_wconf 78' lang='grc' dir='ltr'><strong>Τῇ</strong></span> <span class='ocrx_word' id='word_1_466' title='bbox 3126 2779 3327 2857; x_wconf 75' lang='grc' dir='ltr'>δόξῃῇ</span> <span class='ocrx_word' id='word_1_467' title='bbox 3339 2779 3397 2838; x_wconf 73' lang='lat' dir='ltr'><strong>el</strong></span> <span class='ocrx_word' id='word_1_468' title='bbox 3396 2799 3533 2852; x_wconf 83' lang='grc' dir='ltr'>χον,</span> <span class='ocrx_word' id='word_1_469' title='bbox 3550 2780 3669 2847; x_wconf 75' lang='grc' dir='ltr'><strong>πρὸ</strong></span> 
     </span>
    </p>
   </div>
   <div class='ocr_carea' id='block_1_60' title="bbox 2084 2876 3670 2950">
    <p class='ocr_par' dir='ltr' id='par_1_60' title="bbox 2084 2876 3670 2950">
     <span class='ocr_line' id='line_1_60' title="bbox 2084 2876 3670 2950; baseline -0.004 -15"><span class='ocrx_word' id='word_1_470' title='bbox 2084 2880 2193 2936; x_wconf 86' lang='grc' dir='ltr'>τοῦ</span> <span class='ocrx_word' id='word_1_471' title='bbox 2222 2882 2329 2935; x_wconf 86' lang='grc' dir='ltr'>τὸν</span> <span class='ocrx_word' id='word_1_472' title='bbox 2356 2882 2592 2950; x_wconf 80' lang='grc' dir='ltr'>κόσμον</span> <span class='ocrx_word' id='word_1_473' title='bbox 2604 2878 2785 2944; x_wconf 80' lang='grc' dir='ltr'>εἰναι,</span> <span class='ocrx_word' id='word_1_474' title='bbox 2812 2879 2974 2948; x_wconf 75' lang='grc' dir='ltr'>παρὰ</span> <span class='ocrx_word' id='word_1_475' title='bbox 2987 2880 3109 2933; x_wconf 83' lang='grc' dir='ltr'>σοι.</span> <span class='ocrx_word' id='word_1_476' title='bbox 3141 2880 3257 2932; x_wconf 80' lang='grc' dir='ltr'><strong>Καὶ</strong></span> <span class='ocrx_word' id='word_1_477' title='bbox 3288 2877 3387 2947; x_wconf 81' lang='grc' dir='ltr'>τὴν</span> <span class='ocrx_word' id='word_1_478' title='bbox 3416 2876 3670 2941; x_wconf 80' lang='grc' dir='ltr'>ἐξουσίαν</span> 
     </span>
    </p>
   </div>
   <div class='ocr_carea' id='block_1_61' title="bbox 2083 2971 3669 3047">
    <p class='ocr_par' dir='ltr' id='par_1_61' title="bbox 2083 2971 3669 3047">
     <span class='ocr_line' id='line_1_61' title="bbox 2083 2971 3669 3047; baseline -0.004 -19"><span class='ocrx_word' id='word_1_479' title='bbox 2083 2973 2162 3040; x_wconf 71' lang='grc' dir='ltr'>δὲ,</span> <span class='ocrx_word' id='word_1_480' title='bbox 2196 2973 2265 3047; x_wconf 73' lang='grc' dir='ltr'>ἠν</span> <span class='ocrx_word' id='word_1_481' title='bbox 2297 2973 2452 3042; x_wconf 71' lang='grc' dir='ltr'>ἔλεγε</span> <span class='ocrx_word' id='word_1_482' title='bbox 2488 2972 2629 3043; x_wconf 77' lang='grc' dir='ltr'><strong>μετά</strong></span> <span class='ocrx_word' id='word_1_483' title='bbox 2657 2971 2759 3043; x_wconf 75' lang='grc' dir='ltr'>τὴν</span> <span class='ocrx_word' id='word_1_484' title='bbox 2788 2971 3090 3027; x_wconf 74' lang='grc' dir='ltr'>ἀνάστασιν</span> <span class='ocrx_word' id='word_1_485' title='bbox 3122 2971 3426 3041; x_wconf 73' lang='grc' dir='ltr'>εἰληφέναι,</span> <span class='ocrx_word' id='word_1_486' title='bbox 3457 2971 3669 3040; x_wconf 81' lang='grc' dir='ltr'>ταύτην</span> 
     </span>
    </p>
   </div>
   <div class='ocr_carea' id='block_1_62' title="bbox 402 3057 1980 3145">
    <p class='ocr_par' dir='ltr' id='par_1_62' title="bbox 402 3057 1980 3131">
     <span class='ocr_line' id='line_1_62' title="bbox 402 3057 1980 3131; baseline 0.002 -21"><span class='ocrx_word' id='word_1_487' title='bbox 402 3071 491 3113; x_wconf 85' lang='grc' dir='ltr'>ιιιι·</span> <span class='ocrx_word' id='word_1_488' title='bbox 524 3077 539 3114; x_wconf 93' lang='lat'><strong>:</strong></span> <span class='ocrx_word' id='word_1_489' title='bbox 567 3058 625 3114; x_wconf 88' lang='lat' dir='ltr'><strong>Si</strong></span> <span class='ocrx_word' id='word_1_490' title='bbox 656 3060 796 3113; x_wconf 80' lang='lat' dir='ltr'><strong>enim</strong></span> <span class='ocrx_word' id='word_1_491' title='bbox 820 3060 1200 3130; x_wconf 68' lang='lat' dir='ltr'><strong>cognovissent,</strong></span> <span class='ocrx_word' id='word_1_492' title='bbox 1249 3074 1519 3129; x_wconf 82' lang='lat' dir='ltr'><strong>nunquam</strong></span> <span class='ocrx_word' id='word_1_493' title='bbox 1552 3057 1837 3113; x_wconf 81' lang='lat' dir='ltr'><strong>Dominum</strong></span> <span class='ocrx_word' id='word_1_494' title='bbox 1863 3060 1980 3131; x_wconf 86' lang='lat' dir='ltr'><strong>glo-</strong></span> 
     </span>
    </p>
   </div>
   <div class='ocr_carea' id='block_1_63' title="bbox 2070 3057 3666 3145">
    <p class='ocr_par' dir='ltr' id='par_1_63' title="bbox 2086 3064 3666 3140">
     <span class='ocr_line' id='line_1_63' title="bbox 2086 3064 3666 3140; baseline -0.003 -17"><span class='ocrx_word' id='word_1_495' title='bbox 2086 3066 2202 3140; x_wconf 77' lang='grc' dir='ltr'>ιίχσ</span> <span class='ocrx_word' id='word_1_496' title='bbox 2233 3068 2331 3123; x_wconf 78' lang='grc' dir='ltr'><strong>καὶ</strong></span> <span class='ocrx_word' id='word_1_497' title='bbox 2366 3066 2474 3140; x_wconf 83' lang='grc' dir='ltr'>πρὸ</span> <span class='ocrx_word' id='word_1_498' title='bbox 2506 3066 2601 3121; x_wconf 81' lang='grc' dir='ltr'><strong>τοῦ</strong></span> <span class='ocrx_word' id='word_1_499' title='bbox 2634 3066 2849 3131; x_wconf 72' lang='grc' dir='ltr'>λαϐεῖν,</span> <span class='ocrx_word' id='word_1_500' title='bbox 2886 3067 2983 3121; x_wconf 70' lang='grc' dir='ltr'><strong>καὶ</strong></span> <span class='ocrx_word' id='word_1_501' title='bbox 3015 3064 3122 3136; x_wconf 79' lang='grc' dir='ltr'><strong>πρὸ</strong></span> <span class='ocrx_word' id='word_1_502' title='bbox 3154 3066 3252 3135; x_wconf 83' lang='grc' dir='ltr'><strong>τῆς</strong></span> <span class='ocrx_word' id='word_1_503' title='bbox 3284 3065 3666 3128; x_wconf 77' lang='grc' dir='ltr'>ἀναστάσεως.</span> 
     </span>
    </p>
   </div>
   <div class='ocr_carea' id='block_1_64' title="bbox 400 3150 1985 3222">
    <p class='ocr_par' dir='ltr' id='par_1_64' title="bbox 400 3150 1985 3222">
     <span class='ocr_line' id='line_1_64' title="bbox 400 3150 1985 3222; baseline 0.002 -18"><span class='ocrx_word' id='word_1_504' title='bbox 400 3151 961 3220; x_wconf 65' lang='lat' dir='ltr'><strong>riwcruciﬁxisseut‘.</strong></span> <span class='ocrx_word' id='word_1_505' title='bbox 1036 3150 1281 3207; x_wconf 84' lang='lat' dir='ltr'><strong>Habebat</strong></span> <span class='ocrx_word' id='word_1_506' title='bbox 1326 3151 1598 3221; x_wconf 87' lang='lat' dir='ltr'><strong>siquidem</strong></span> <span class='ocrx_word' id='word_1_507' title='bbox 1657 3167 1823 3222; x_wconf 85' lang='lat' dir='ltr'><strong>quam</strong></span> <span class='ocrx_word' id='word_1_508' title='bbox 1880 3152 1985 3207; x_wconf 85' lang='lat' dir='ltr'><strong>hu-</strong></span> 
     </span>
    </p>
   </div>
   <div class='ocr_carea' id='block_1_65' title="bbox 396 3244 1983 3315">
    <p class='ocr_par' dir='ltr' id='par_1_65' title="bbox 396 3244 1983 3315">
     <span class='ocr_line' id='line_1_65' title="bbox 396 3244 1983 3315; baseline 0.003 -19"><span class='ocrx_word' id='word_1_509' title='bbox 396 3245 641 3310; x_wconf 53' lang='lat' dir='ltr'><strong>iusmodi</strong></span> <span class='ocrx_word' id='word_1_510' title='bbox 676 3246 936 3315; x_wconf 77' lang='lat' dir='ltr'><strong>poscebat</strong></span> <span class='ocrx_word' id='word_1_511' title='bbox 969 3244 1181 3301; x_wconf 72' lang='lat' dir='ltr'><strong>verbis:</strong></span> <span class='ocrx_word' id='word_1_512' title='bbox 1212 3244 1396 3299; x_wconf 79' lang='lat' dir='ltr'><strong>Gloria</strong></span> <span class='ocrx_word' id='word_1_513' title='bbox 1428 3245 1784 3314; x_wconf 69' lang='lat' dir='ltr'><strong>quam/tacui,</strong></span> <span class='ocrx_word' id='word_1_514' title='bbox 1807 3245 1983 3314; x_wconf 81' lang='lat' dir='ltr'><strong>prius-</strong></span> 
     </span>
    </p>
   </div>
   <div class='ocr_carea' id='block_1_66' title="bbox 401 3336 1982 3407">
    <p class='ocr_par' dir='ltr' id='par_1_66' title="bbox 401 3336 1982 3407">
     <span class='ocr_line' id='line_1_66' title="bbox 401 3336 1982 3407; baseline 0.003 -18"><span class='ocrx_word' id='word_1_515' title='bbox 401 3353 560 3407; x_wconf 77' lang='lat' dir='ltr'><strong>quam</strong></span> <span class='ocrx_word' id='word_1_516' title='bbox 588 3338 815 3391; x_wconf 83' lang='lat' dir='ltr'><strong>mundus</strong></span> <span class='ocrx_word' id='word_1_517' title='bbox 846 3348 1000 3401; x_wconf 75' lang='lat' dir='ltr'><strong>esset,</strong></span> <span class='ocrx_word' id='word_1_518' title='bbox 1031 3338 1174 3406; x_wconf 82' lang='lat' dir='ltr'><strong>apud</strong></span> <span class='ocrx_word' id='word_1_519' title='bbox 1197 3345 1245 3391; x_wconf 80' lang='lat' dir='ltr'><strong>te</strong></span> <span class='ocrx_word' id='word_1_520' title='bbox 1280 3338 1324 3391; x_wconf 87' lang='grc'>⁷.</span> <span class='ocrx_word' id='word_1_521' title='bbox 1384 3336 1721 3392; x_wconf 79' lang='lat' dir='ltr'><strong>Potestatem</strong></span> <span class='ocrx_word' id='word_1_522' title='bbox 1756 3339 1982 3405; x_wconf 87' lang='lat' dir='ltr'><strong>pariter,</strong></span> 
     </span>
    </p>
   </div>
   <div class='ocr_carea' id='block_1_67' title="bbox 402 3428 1986 3500">
    <p class='ocr_par' dir='ltr' id='par_1_67' title="bbox 402 3428 1986 3500">
     <span class='ocr_line' id='line_1_67' title="bbox 402 3428 1986 3500; baseline 0.004 -20"><span class='ocrx_word' id='word_1_523' title='bbox 402 3445 571 3498; x_wconf 82' lang='lat' dir='ltr'><strong>quam</strong></span> <span class='ocrx_word' id='word_1_524' title='bbox 622 3439 746 3500; x_wconf 85' lang='lat' dir='ltr'><strong>post</strong></span> <span class='ocrx_word' id='word_1_525' title='bbox 790 3429 1254 3483; x_wconf 84' lang='lat' dir='ltr'><strong>resurrectionem</strong></span> <span class='ocrx_word' id='word_1_526' title='bbox 1286 3430 1567 3499; x_wconf 83' lang='lat' dir='ltr'><strong>accepisse</strong></span> <span class='ocrx_word' id='word_1_527' title='bbox 1594 3430 1749 3494; x_wconf 90' lang='lat' dir='ltr'><strong>dicit,</strong></span> <span class='ocrx_word' id='word_1_528' title='bbox 1792 3428 1986 3486; x_wconf 88' lang='lat' dir='ltr'><strong>habuit</strong></span> 
     </span>
    </p>
   </div>
   <div class='ocr_carea' id='block_1_68' title="bbox 404 3522 1985 3593">
    <p class='ocr_par' dir='ltr' id='par_1_68' title="bbox 404 3522 1985 3593">
     <span class='ocr_line' id='line_1_68' title="bbox 404 3522 1985 3593; baseline 0.002 -17"><span class='ocrx_word' id='word_1_529' title='bbox 404 3522 572 3577; x_wconf 88' lang='lat' dir='ltr'><strong>etiam</strong></span> <span class='ocrx_word' id='word_1_530' title='bbox 627 3522 950 3591; x_wconf 86' lang='lat' dir='ltr'><strong>priusquam</strong></span> <span class='ocrx_word' id='word_1_531' title='bbox 1002 3536 1123 3577; x_wconf 89' lang='lat' dir='ltr'><strong>eam</strong></span> <span class='ocrx_word' id='word_1_532' title='bbox 1173 3522 1468 3593; x_wconf 79' lang='lat' dir='ltr'><strong>acciperet,</strong></span> <span class='ocrx_word' id='word_1_533' title='bbox 1524 3535 1789 3592; x_wconf 84' lang='lat' dir='ltr'><strong>suamque</strong></span> <span class='ocrx_word' id='word_1_534' title='bbox 1856 3532 1985 3579; x_wconf 84' lang='lat' dir='ltr'><strong>ante</strong></span> 
     </span>
    </p>
   </div>
   <div class='ocr_carea' id='block_1_69' title="bbox 406 3614 1984 3685">
    <p class='ocr_par' dir='ltr' id='par_1_69' title="bbox 406 3614 1984 3685">
     <span class='ocr_line' id='line_1_69' title="bbox 406 3614 1984 3685; baseline 0.003 -17"><span class='ocrx_word' id='word_1_535' title='bbox 406 3616 886 3671; x_wconf 81' lang='lat' dir='ltr'><strong>resurrectionem.</strong></span> <span class='ocrx_word' id='word_1_536' title='bbox 914 3614 1129 3671; x_wconf 57' lang='lat' dir='ltr'><strong>Etenim</strong></span> <span class='ocrx_word' id='word_1_537' title='bbox 1158 3617 1275 3685; x_wconf 89' lang='lat' dir='ltr'><strong>ipse</strong></span> <span class='ocrx_word' id='word_1_538' title='bbox 1301 3630 1400 3685; x_wconf 83' lang='lat' dir='ltr'><strong>per</strong></span> <span class='ocrx_word' id='word_1_539' title='bbox 1419 3629 1482 3670; x_wconf 90' lang='lat' dir='ltr'><strong>se</strong></span> <span class='ocrx_word' id='word_1_540' title='bbox 1511 3614 1691 3685; x_wconf 84' lang='lat' dir='ltr'><strong>ipsum</strong></span> <span class='ocrx_word' id='word_1_541' title='bbox 1725 3614 1984 3673; x_wconf 83' lang='lat' dir='ltr'><strong>Satanam</strong></span> 
     </span>
    </p>
   </div>
   <div class='ocr_carea' id='block_1_70' title="bbox 404 3690 1983 3778">
    <p class='ocr_par' dir='ltr' id='par_1_70' title="bbox 404 3690 1983 3778">
     <span class='ocr_line' id='line_1_70' title="bbox 404 3690 1983 3778; baseline 0 -15"><span class='ocrx_word' id='word_1_542' title='bbox 404 3710 483 3763; x_wconf 81' lang='lat' dir='ltr'><strong>sic</strong></span> <span class='ocrx_word' id='word_1_543' title='bbox 514 3708 865 3778; x_wconf 82' lang='lat' dir='ltr'><strong>increpabat:</strong></span> <span class='ocrx_word' id='word_1_544' title='bbox 896 3690 1090 3762; x_wconf 79' lang='lat' dir='ltr'><strong>Recede</strong></span> <span class='ocrx_word' id='word_1_545' title='bbox 1118 3725 1150 3761; x_wconf 90' lang='lat' dir='ltr'><strong>a</strong></span> <span class='ocrx_word' id='word_1_546' title='bbox 1187 3726 1287 3773; x_wconf 86' lang='lat' dir='ltr'><strong>me,</strong></span> <span class='ocrx_word' id='word_1_547' title='bbox 1321 3707 1530 3763; x_wconf 74' lang='lat' dir='ltr'><strong>Sarano</strong></span> <span class='ocrx_word' id='word_1_548' title='bbox 1564 3708 1623 3773; x_wconf 82' lang='lat'><strong>&#39;;</strong></span> <span class='ocrx_word' id='word_1_549' title='bbox 1671 3707 1789 3763; x_wconf 88' lang='lat' dir='ltr'><strong>suis</strong></span> <span class='ocrx_word' id='word_1_550' title='bbox 1850 3708 1983 3763; x_wconf 85' lang='lat' dir='ltr'><strong>item</strong></span> 
     </span>
    </p>
   </div>
   <div class='ocr_carea' id='block_1_71' title="bbox 403 3800 1983 3871">
    <p class='ocr_par' dir='ltr' id='par_1_71' title="bbox 403 3800 1983 3871">
     <span class='ocr_line' id='line_1_71' title="bbox 403 3800 1983 3871; baseline 0.001 -16"><span class='ocrx_word' id='word_1_551' title='bbox 403 3801 691 3871; x_wconf 79' lang='lat' dir='ltr'><strong>discipulis</strong></span> <span class='ocrx_word' id='word_1_552' title='bbox 726 3809 1054 3871; x_wconf 87' lang='lat' dir='ltr'><strong>potestatem</strong></span> <span class='ocrx_word' id='word_1_553' title='bbox 1084 3800 1351 3857; x_wconf 80' lang='lat' dir='ltr'><strong>adversus</strong></span> <span class='ocrx_word' id='word_1_554' title='bbox 1395 3801 1545 3855; x_wconf 87' lang='lat' dir='ltr'><strong>illum</strong></span> <span class='ocrx_word' id='word_1_555' title='bbox 1575 3801 1726 3856; x_wconf 89' lang='lat' dir='ltr'><strong>dedit</strong></span> <span class='ocrx_word' id='word_1_556' title='bbox 1748 3803 1793 3867; x_wconf 77' lang='lat'><strong>&#39;,</strong></span> <span class='ocrx_word' id='word_1_557' title='bbox 1858 3816 1983 3856; x_wconf 88' lang='lat' dir='ltr'><strong>cum</strong></span> 
     </span>
    </p>
   </div>
   <div class='ocr_carea' id='block_1_72' title="bbox 403 3892 1986 3966">
    <p class='ocr_par' dir='ltr' id='par_1_72' title="bbox 403 3892 1986 3966">
     <span class='ocr_line' id='line_1_72' title="bbox 403 3892 1986 3966; baseline -0.001 -16"><span class='ocrx_word' id='word_1_558' title='bbox 403 3896 511 3950; x_wconf 84' lang='lat' dir='ltr'><strong>illis</strong></span> <span class='ocrx_word' id='word_1_559' title='bbox 545 3894 786 3950; x_wconf 85' lang='lat' dir='ltr'><strong>reversis</strong></span> <span class='ocrx_word' id='word_1_560' title='bbox 818 3894 933 3950; x_wconf 78' lang='lat' dir='ltr'><strong>ait:</strong></span> <span class='ocrx_word' id='word_1_561' title='bbox 978 3892 1228 3949; x_wconf 75' lang='lat' dir='ltr'><strong>Videbam</strong></span> <span class='ocrx_word' id='word_1_562' title='bbox 1260 3893 1525 3951; x_wconf 81' lang='lat' dir='ltr'><strong>Satanam</strong></span> <span class='ocrx_word' id='word_1_563' title='bbox 1552 3896 1687 3949; x_wconf 81' lang='lat' dir='ltr'><strong>sicut</strong></span> <span class='ocrx_word' id='word_1_564' title='bbox 1716 3895 1897 3966; x_wconf 80' lang='lat' dir='ltr'><strong>fulgur</strong></span> <span class='ocrx_word' id='word_1_565' title='bbox 1919 3895 1986 3948; x_wconf 80' lang='lat' dir='ltr'><strong>de</strong></span> 
     </span>
    </p>
   </div>
   <div class='ocr_carea' id='block_1_73' title="bbox 403 3986 1984 4043">
    <p class='ocr_par' dir='ltr' id='par_1_73' title="bbox 403 3986 1984 4043">
     <span class='ocr_line' id='line_1_73' title="bbox 403 3986 1984 4043; baseline -0.001 0"><span class='ocrx_word' id='word_1_566' title='bbox 403 3990 531 4043; x_wconf 70' lang='lat' dir='ltr'><strong>cato</strong></span> <span class='ocrx_word' id='word_1_567' title='bbox 574 3988 853 4043; x_wconf 78' lang='lat' dir='ltr'><strong>cadentem</strong></span> <span class='ocrx_word' id='word_1_568' title='bbox 910 3987 976 4040; x_wconf 70' lang='grc' dir='ltr'><strong>ιθ.</strong></span> <span class='ocrx_word' id='word_1_569' title='bbox 1008 3986 1210 4041; x_wconf 82' lang='lat' dir='ltr'><strong>Verum</strong></span> <span class='ocrx_word' id='word_1_570' title='bbox 1247 3988 1446 4041; x_wconf 85' lang='lat' dir='ltr'><strong>iterum</strong></span> <span class='ocrx_word' id='word_1_571' title='bbox 1498 3987 1809 4042; x_wconf 84' lang='lat' dir='ltr'><strong>ostenditur</strong></span> <span class='ocrx_word' id='word_1_572' title='bbox 1851 3986 1984 4043; x_wconf 88' lang='lat' dir='ltr'><strong>illud</strong></span> 
     </span>
    </p>
   </div>
   <div class='ocr_carea' id='block_1_74' title="bbox 401 4078 1983 4150">
    <p class='ocr_par' dir='ltr' id='par_1_74' title="bbox 401 4078 1983 4150">
     <span class='ocr_line' id='line_1_74' title="bbox 401 4078 1983 4150; baseline 0 -16"><span class='ocrx_word' id='word_1_573' title='bbox 401 4082 547 4150; x_wconf 91' lang='lat' dir='ltr'><strong>quod</strong></span> <span class='ocrx_word' id='word_1_574' title='bbox 572 4080 852 4149; x_wconf 86' lang='lat' dir='ltr'><strong>accepisse</strong></span> <span class='ocrx_word' id='word_1_575' title='bbox 882 4080 1035 4144; x_wconf 87' lang='lat' dir='ltr'><strong>dicit,</strong></span> <span class='ocrx_word' id='word_1_576' title='bbox 1067 4080 1232 4132; x_wconf 87' lang='lat' dir='ltr'><strong>etiam</strong></span> <span class='ocrx_word' id='word_1_577' title='bbox 1261 4078 1520 4133; x_wconf 81' lang='lat' dir='ltr'><strong>habuisse</strong></span> <span class='ocrx_word' id='word_1_578' title='bbox 1549 4080 1862 4149; x_wconf 84' lang='lat' dir='ltr'><strong>priusquam</strong></span> <span class='ocrx_word' id='word_1_579' title='bbox 1884 4094 1983 4134; x_wconf 83' lang='lat' dir='ltr'><strong>ac-</strong></span> 
     </span>
    </p>
   </div>
   <div class='ocr_carea' id='block_1_75' title="bbox 401 4168 1985 4243">
    <p class='ocr_par' dir='ltr' id='par_1_75' title="bbox 401 4168 1985 4243">
     <span class='ocr_line' id='line_1_75' title="bbox 401 4168 1985 4243; baseline -0.001 -15"><span class='ocrx_word' id='word_1_580' title='bbox 401 4174 634 4242; x_wconf 88' lang='lat' dir='ltr'><strong>ciperet.</strong></span> <span class='ocrx_word' id='word_1_581' title='bbox 667 4172 950 4242; x_wconf 85' lang='lat' dir='ltr'><strong>Siquidem</strong></span> <span class='ocrx_word' id='word_1_582' title='bbox 979 4170 1257 4225; x_wconf 71' lang='lat' dir='ltr'><strong>daemones</strong></span> <span class='ocrx_word' id='word_1_583' title='bbox 1282 4168 1558 4241; x_wconf 84' lang='lat' dir='ltr'><strong>abigebat,</strong></span> <span class='ocrx_word' id='word_1_584' title='bbox 1614 4180 1666 4225; x_wconf 88' lang='lat' dir='ltr'><strong>et</strong></span> <span class='ocrx_word' id='word_1_585' title='bbox 1694 4186 1817 4241; x_wconf 71' lang='lat' dir='ltr'><strong>qua:</strong></span> <span class='ocrx_word' id='word_1_586' title='bbox 1853 4171 1985 4243; x_wconf 82' lang='lat' dir='ltr'><strong>liga-</strong></span> 
     </span>
    </p>
   </div>
   <div class='ocr_carea' id='block_1_76' title="bbox 401 4261 1980 4331">
    <p class='ocr_par' dir='ltr' id='par_1_76' title="bbox 401 4261 1980 4331">
     <span class='ocr_line' id='line_1_76' title="bbox 401 4261 1980 4331; baseline 0.003 -16"><span class='ocrx_word' id='word_1_587' title='bbox 401 4272 557 4318; x_wconf 70' lang='lat' dir='ltr'><strong>verat</strong></span> <span class='ocrx_word' id='word_1_588' title='bbox 588 4264 839 4325; x_wconf 80' lang='lat' dir='ltr'><strong>Satanas,</strong></span> <span class='ocrx_word' id='word_1_589' title='bbox 869 4262 987 4331; x_wconf 85' lang='lat' dir='ltr'><strong>ipse</strong></span> <span class='ocrx_word' id='word_1_590' title='bbox 1021 4261 1289 4324; x_wconf 75' lang='lat' dir='ltr'><strong>solvebat,</strong></span> <span class='ocrx_word' id='word_1_591' title='bbox 1330 4271 1388 4316; x_wconf 90' lang='lat' dir='ltr'><strong>ut</strong></span> <span class='ocrx_word' id='word_1_592' title='bbox 1422 4270 1568 4330; x_wconf 83' lang='lat' dir='ltr'><strong>patet</strong></span> <span class='ocrx_word' id='word_1_593' title='bbox 1602 4262 1655 4314; x_wconf 90' lang='lat' dir='ltr'><strong>in</strong></span> <span class='ocrx_word' id='word_1_594' title='bbox 1689 4262 1777 4318; x_wconf 91' lang='lat' dir='ltr'><strong>illa</strong></span> <span class='ocrx_word' id='word_1_595' title='bbox 1807 4264 1980 4319; x_wconf 77' lang='lat' dir='ltr'><strong>Abra-</strong></span> 
     </span>
    </p>
   </div>
   <div class='ocr_carea' id='block_1_77' title="bbox 402 4353 1982 4426">
    <p class='ocr_par' dir='ltr' id='par_1_77' title="bbox 402 4353 1982 4426">
     <span class='ocr_line' id='line_1_77' title="bbox 402 4353 1982 4426; baseline 0.001 -17"><span class='ocrx_word' id='word_1_596' title='bbox 402 4355 489 4409; x_wconf 70' lang='lat' dir='ltr'><strong>hae</strong></span> <span class='ocrx_word' id='word_1_597' title='bbox 515 4354 622 4409; x_wconf 82' lang='lat' dir='ltr'><strong>tilia</strong></span> <span class='ocrx_word' id='word_1_598' title='bbox 650 4354 718 4408; x_wconf 70' lang='grc' dir='ltr'>υ.</span> <span class='ocrx_word' id='word_1_599' title='bbox 767 4353 993 4410; x_wconf 68' lang='lat' dir='ltr'><strong>Peccata</strong></span> <span class='ocrx_word' id='word_1_600' title='bbox 1020 4354 1163 4411; x_wconf 81' lang='lat' dir='ltr'><strong>idem</strong></span> <span class='ocrx_word' id='word_1_601' title='bbox 1218 4354 1569 4419; x_wconf 81' lang='lat' dir='ltr'><strong>condonavit,</strong></span> <span class='ocrx_word' id='word_1_602' title='bbox 1599 4369 1724 4409; x_wconf 92' lang='lat' dir='ltr'><strong>cum</strong></span> <span class='ocrx_word' id='word_1_603' title='bbox 1771 4356 1982 4426; x_wconf 82' lang='lat' dir='ltr'><strong>paraly-</strong></span> 
     </span>
    </p>
   </div>
   <div class='ocr_carea' id='block_1_78' title="bbox 403 4446 1972 4516">
    <p class='ocr_par' dir='ltr' id='par_1_78' title="bbox 403 4446 1972 4516">
     <span class='ocr_line' id='line_1_78' title="bbox 403 4446 1972 4516; baseline 0 -14"><span class='ocrx_word' id='word_1_604' title='bbox 403 4448 518 4502; x_wconf 92' lang='lat' dir='ltr'><strong>tico</strong></span> <span class='ocrx_word' id='word_1_605' title='bbox 584 4455 643 4502; x_wconf 87' lang='lat' dir='ltr'><strong>et</strong></span> <span class='ocrx_word' id='word_1_606' title='bbox 700 4446 922 4501; x_wconf 90' lang='lat' dir='ltr'><strong>mulieri</strong></span> <span class='ocrx_word' id='word_1_607' title='bbox 972 4462 1096 4516; x_wconf 64' lang='lat' dir='ltr'><strong>quae</strong></span> <span class='ocrx_word' id='word_1_608' title='bbox 1140 4447 1315 4515; x_wconf 85' lang='lat' dir='ltr'><strong>ipsius</strong></span> <span class='ocrx_word' id='word_1_609' title='bbox 1363 4446 1521 4501; x_wconf 78' lang='lat' dir='ltr'><strong>unxit</strong></span> <span class='ocrx_word' id='word_1_610' title='bbox 1568 4446 1756 4516; x_wconf 86' lang='lat' dir='ltr'><strong>pedes,</strong></span> <span class='ocrx_word' id='word_1_611' title='bbox 1799 4448 1972 4502; x_wconf 80' lang='lat' dir='ltr'><strong>dixit:</strong></span> 
     </span>
    </p>
   </div>
   <div class='ocr_carea' id='block_1_79' title="bbox 2085 3158 3671 3231">
    <p class='ocr_par' dir='ltr' id='par_1_79' title="bbox 2085 3158 3671 3231">
     <span class='ocr_line' id='line_1_79' title="bbox 2085 3158 3671 3231; baseline -0.004 -15"><span class='ocrx_word' id='word_1_612' title='bbox 2085 3164 2261 3226; x_wconf 79' lang='grc' dir='ltr'>Αὐτὸς</span> <span class='ocrx_word' id='word_1_613' title='bbox 2303 3163 2400 3231; x_wconf 66' lang='grc' dir='ltr'>μὲν</span> <span class='ocrx_word' id='word_1_614' title='bbox 2438 3161 2549 3231; x_wconf 77' lang='grc' dir='ltr'><strong>γὰρ</strong></span> <span class='ocrx_word' id='word_1_615' title='bbox 2588 3160 2828 3231; x_wconf 59' lang='grc' dir='ltr'>ἐπετίμα</span> <span class='ocrx_word' id='word_1_616' title='bbox 2867 3158 2936 3213; x_wconf 83' lang='grc' dir='ltr'>δι’</span> <span class='ocrx_word' id='word_1_617' title='bbox 2968 3158 3164 3213; x_wconf 68' lang='grc' dir='ltr'>ἑαυτοῦ</span> <span class='ocrx_word' id='word_1_618' title='bbox 3207 3158 3403 3227; x_wconf 78' lang='grc' dir='ltr'>λέγων,</span> <span class='ocrx_word' id='word_1_619' title='bbox 3430 3158 3671 3226; x_wconf 53' lang='grc' dir='ltr'><strong>’Ὕπαγε</strong></span> 
     </span>
    </p>
   </div>
   <div class='ocr_carea' id='block_1_80' title="bbox 2085 3251 3667 3324">
    <p class='ocr_par' dir='ltr' id='par_1_80' title="bbox 2085 3251 3667 3324">
     <span class='ocr_line' id='line_1_80' title="bbox 2085 3251 3667 3324; baseline -0.004 -16"><span class='ocrx_word' id='word_1_620' title='bbox 2085 3255 2282 3309; x_wconf 67' lang='grc' dir='ltr'>ὀπίσω</span> <span class='ocrx_word' id='word_1_621' title='bbox 2303 3272 2445 3324; x_wconf 79' lang='grc' dir='ltr'>μου,</span> <span class='ocrx_word' id='word_1_622' title='bbox 2471 3251 2729 3309; x_wconf 77' lang='grc' dir='ltr'>Σατανᾶ.</span> <span class='ocrx_word' id='word_1_623' title='bbox 2763 3254 2872 3306; x_wconf 81' lang='grc' dir='ltr'><strong>Καὶ</strong></span> <span class='ocrx_word' id='word_1_624' title='bbox 2896 3255 3009 3315; x_wconf 84' lang='grc' dir='ltr'><strong>τοίς</strong></span> <span class='ocrx_word' id='word_1_625' title='bbox 3040 3251 3313 3323; x_wconf 79' lang='grc' dir='ltr'>μαθηταῖς</span> <span class='ocrx_word' id='word_1_626' title='bbox 3338 3252 3511 3304; x_wconf 73' lang='grc' dir='ltr'>ἐδίδου</span> <span class='ocrx_word' id='word_1_627' title='bbox 3538 3251 3667 3302; x_wconf 72' lang='grc' dir='ltr'>κατ’</span> 
     </span>
    </p>
   </div>
   <div class='ocr_carea' id='block_1_81' title="bbox 2084 3342 3671 3416">
    <p class='ocr_par' dir='ltr' id='par_1_81' title="bbox 2084 3342 3671 3416">
     <span class='ocr_line' id='line_1_81' title="bbox 2084 3342 3671 3416; baseline 0 -17"><span class='ocrx_word' id='word_1_628' title='bbox 2084 3344 2252 3399; x_wconf 81' lang='grc' dir='ltr'>αὑτοῦ</span> <span class='ocrx_word' id='word_1_629' title='bbox 2299 3345 2402 3416; x_wconf 78' lang='grc' dir='ltr'>τὴν</span> <span class='ocrx_word' id='word_1_630' title='bbox 2448 3343 2725 3410; x_wconf 71' lang='grc' dir='ltr'>ἐξουσίαν,</span> <span class='ocrx_word' id='word_1_631' title='bbox 2751 3344 2842 3397; x_wconf 74' lang='grc' dir='ltr'><strong>ὃτι</strong></span> <span class='ocrx_word' id='word_1_632' title='bbox 2874 3344 2970 3397; x_wconf 81' lang='grc' dir='ltr'><strong>καὶ</strong></span> <span class='ocrx_word' id='word_1_633' title='bbox 2999 3343 3463 3413; x_wconf 66' lang='grc' dir='ltr'>ὑποστρεψάντων</span> <span class='ocrx_word' id='word_1_634' title='bbox 3485 3342 3671 3399; x_wconf 82' lang='grc' dir='ltr'>αὐτῶν</span> 
     </span>
    </p>
   </div>
   <div class='ocr_carea' id='block_1_82' title="bbox 2082 3433 3668 3505">
    <p class='ocr_par' dir='ltr' id='par_1_82' title="bbox 2082 3433 3668 3505">
     <span class='ocr_line' id='line_1_82' title="bbox 2082 3433 3668 3505; baseline 0 -16"><span class='ocrx_word' id='word_1_635' title='bbox 2082 3436 2273 3505; x_wconf 73' lang='grc' dir='ltr'>ιλιγεν</span> <span class='ocrx_word' id='word_1_636' title='bbox 2299 3435 2659 3504; x_wconf 74' lang='grc' dir='ltr'>’Ἐθεώρουν</span> <span class='ocrx_word' id='word_1_637' title='bbox 2686 3439 2795 3490; x_wconf 77' lang='grc' dir='ltr'>τὸν</span> <span class='ocrx_word' id='word_1_638' title='bbox 2824 3433 3102 3491; x_wconf 78' lang='grc' dir='ltr'>Σατανᾶν</span> <span class='ocrx_word' id='word_1_639' title='bbox 3130 3436 3211 3502; x_wconf 84' lang='grc' dir='ltr'>ὡς</span> <span class='ocrx_word' id='word_1_640' title='bbox 3239 3435 3567 3504; x_wconf 69' lang='grc' dir='ltr'>ἀστραπὴν</span> <span class='ocrx_word' id='word_1_641' title='bbox 3594 3438 3668 3489; x_wconf 69' lang='grc' dir='ltr'><strong>ἐκ</strong></span> 
     </span>
    </p>
   </div>
   <div class='ocr_carea' id='block_1_83' title="bbox 2083 3525 3668 3597">
    <p class='ocr_par' dir='ltr' id='par_1_83' title="bbox 2083 3525 3668 3597">
     <span class='ocr_line' id='line_1_83' title="bbox 2083 3525 3668 3597; baseline -0.004 -14"><span class='ocrx_word' id='word_1_642' title='bbox 2083 3528 2191 3583; x_wconf 84' lang='grc' dir='ltr'>τοῦ</span> <span class='ocrx_word' id='word_1_643' title='bbox 2222 3525 2485 3595; x_wconf 84' lang='grc' dir='ltr'>οὐρανοῦ</span> <span class='ocrx_word' id='word_1_644' title='bbox 2517 3530 2807 3581; x_wconf 68' lang='grc' dir='ltr'>πεσόντα.</span> <span class='ocrx_word' id='word_1_645' title='bbox 2847 3526 3012 3579; x_wconf 80' lang='grc' dir='ltr'>Ἀλλά</span> <span class='ocrx_word' id='word_1_646' title='bbox 3044 3528 3138 3579; x_wconf 82' lang='grc' dir='ltr'><strong>καὶ</strong></span> <span class='ocrx_word' id='word_1_647' title='bbox 3172 3527 3337 3580; x_wconf 83' lang='grc' dir='ltr'>πάλιν</span> <span class='ocrx_word' id='word_1_648' title='bbox 3369 3527 3508 3597; x_wconf 80' lang='grc' dir='ltr'>ὅπερ</span> <span class='ocrx_word' id='word_1_649' title='bbox 3540 3526 3668 3578; x_wconf 77' lang='grc' dir='ltr'>ελε-</span> 
     </span>
    </p>
   </div>
   <div class='ocr_carea' id='block_1_84' title="bbox 2084 3616 3673 3690">
    <p class='ocr_par' dir='ltr' id='par_1_84' title="bbox 2084 3616 3673 3690">
     <span class='ocr_line' id='line_1_84' title="bbox 2084 3616 3673 3690; baseline -0.003 -17"><span class='ocrx_word' id='word_1_650' title='bbox 2084 3636 2182 3689; x_wconf 74' lang='grc' dir='ltr'>γεν</span> <span class='ocrx_word' id='word_1_651' title='bbox 2214 3618 2523 3690; x_wconf 67' lang='grc' dir='ltr'>εἰληφέναι,</span> <span class='ocrx_word' id='word_1_652' title='bbox 2554 3619 2715 3673; x_wconf 78' lang='grc' dir='ltr'>τοῦτο</span> <span class='ocrx_word' id='word_1_653' title='bbox 2756 3619 2850 3672; x_wconf 80' lang='grc' dir='ltr'><strong>καί</strong></span> <span class='ocrx_word' id='word_1_654' title='bbox 2889 3618 2997 3688; x_wconf 77' lang='grc' dir='ltr'><strong>πρὸ</strong></span> <span class='ocrx_word' id='word_1_655' title='bbox 3030 3617 3124 3671; x_wconf 85' lang='grc' dir='ltr'>τοῦ</span> <span class='ocrx_word' id='word_1_656' title='bbox 3160 3618 3349 3671; x_wconf 75' lang='grc' dir='ltr'>λαϐεῖν</span> <span class='ocrx_word' id='word_1_657' title='bbox 3380 3616 3519 3688; x_wconf 73' lang='grc' dir='ltr'>ἔχων</span> <span class='ocrx_word' id='word_1_658' title='bbox 3554 3618 3673 3671; x_wconf 80' lang='grc' dir='ltr'>δεί-</span> 
     </span>
    </p>
   </div>
   <div class='ocr_carea' id='block_1_85' title="bbox 2084 3710 3664 3784">
    <p class='ocr_par' dir='ltr' id='par_1_85' title="bbox 2084 3710 3664 3784">
     <span class='ocr_line' id='line_1_85' title="bbox 2084 3710 3664 3784; baseline -0.002 -17"><span class='ocrx_word' id='word_1_659' title='bbox 2084 3730 2299 3768; x_wconf 77' lang='grc' dir='ltr'>κνυται.</span> <span class='ocrx_word' id='word_1_660' title='bbox 2334 3710 2476 3776; x_wconf 84' lang='grc' dir='ltr'>Τούς</span> <span class='ocrx_word' id='word_1_661' title='bbox 2513 3728 2573 3767; x_wconf 84' lang='grc' dir='ltr'><strong>τε</strong></span> <span class='ocrx_word' id='word_1_662' title='bbox 2606 3711 2718 3784; x_wconf 82' lang='grc' dir='ltr'>γὰρ</span> <span class='ocrx_word' id='word_1_663' title='bbox 2748 3711 3009 3779; x_wconf 83' lang='grc' dir='ltr'>δαίμονας</span> <span class='ocrx_word' id='word_1_664' title='bbox 3049 3711 3353 3783; x_wconf 74' lang='grc' dir='ltr'>ἀπήλαυνε,</span> <span class='ocrx_word' id='word_1_665' title='bbox 3387 3714 3481 3765; x_wconf 79' lang='grc' dir='ltr'><strong>καὶ</strong></span> <span class='ocrx_word' id='word_1_666' title='bbox 3513 3711 3664 3782; x_wconf 82' lang='grc' dir='ltr'>ἀπερ</span> 
     </span>
    </p>
   </div>
   <div class='ocr_carea' id='block_1_86' title="bbox 2084 3804 3667 3875">
    <p class='ocr_par' dir='ltr' id='par_1_86' title="bbox 2084 3804 3667 3875">
     <span class='ocr_line' id='line_1_86' title="bbox 2084 3804 3667 3875; baseline -0.002 -16"><span class='ocrx_word' id='word_1_667' title='bbox 2084 3804 2150 3875; x_wconf 64' lang='grc' dir='ltr'>ἦν</span> <span class='ocrx_word' id='word_1_668' title='bbox 2178 3806 2348 3875; x_wconf 81' lang='grc' dir='ltr'>δήσας</span> <span class='ocrx_word' id='word_1_669' title='bbox 2374 3806 2403 3859; x_wconf 75' lang='grc' dir='ltr'><strong>ὁ</strong></span> <span class='ocrx_word' id='word_1_670' title='bbox 2432 3804 2699 3869; x_wconf 80' lang='grc' dir='ltr'>Σατανᾶς,</span> <span class='ocrx_word' id='word_1_671' title='bbox 2732 3804 3080 3871; x_wconf 71' lang='grc' dir='ltr'>ἔλυεναύτδς,</span> <span class='ocrx_word' id='word_1_672' title='bbox 3106 3806 3183 3867; x_wconf 79' lang='grc' dir='ltr'><strong>ὡς</strong></span> <span class='ocrx_word' id='word_1_673' title='bbox 3203 3808 3293 3858; x_wconf 69' lang='grc' dir='ltr'><strong>ἐπὶ</strong></span> <span class='ocrx_word' id='word_1_674' title='bbox 3323 3808 3421 3874; x_wconf 81' lang='grc' dir='ltr'>τῆς</span> <span class='ocrx_word' id='word_1_675' title='bbox 3463 3804 3667 3875; x_wconf 80' lang='grc' dir='ltr'>Ἀϐρα-</span> 
     </span>
    </p>
   </div>
   <div class='ocr_carea' id='block_1_87' title="bbox 2088 3898 3668 3970">
    <p class='ocr_par' dir='ltr' id='par_1_87' title="bbox 2088 3898 3668 3970">
     <span class='ocr_line' id='line_1_87' title="bbox 2088 3898 3668 3970; baseline -0.001 -19"><span class='ocrx_word' id='word_1_676' title='bbox 2088 3900 2278 3968; x_wconf 86' lang='grc' dir='ltr'>μιαίας</span> <span class='ocrx_word' id='word_1_677' title='bbox 2312 3899 2584 3970; x_wconf 80' lang='grc' dir='ltr'>θυγατρὸς</span> <span class='ocrx_word' id='word_1_678' title='bbox 2617 3899 2841 3969; x_wconf 69' lang='grc' dir='ltr'>δποίησε</span> <span class='ocrx_word' id='word_1_679' title='bbox 2862 3940 2878 3964; x_wconf 93' lang='grc'><strong>,</strong></span> <span class='ocrx_word' id='word_1_680' title='bbox 2911 3900 3007 3952; x_wconf 75' lang='grc' dir='ltr'><strong>καὶ</strong></span> <span class='ocrx_word' id='word_1_681' title='bbox 3041 3899 3318 3969; x_wconf 82' lang='grc' dir='ltr'>ἁμαρτίας</span> <span class='ocrx_word' id='word_1_682' title='bbox 3352 3898 3503 3969; x_wconf 76' lang='grc' dir='ltr'>ἠφίει</span> <span class='ocrx_word' id='word_1_683' title='bbox 3527 3939 3541 3961; x_wconf 81' lang='grc'><strong>,</strong></span> <span class='ocrx_word' id='word_1_684' title='bbox 3573 3899 3668 3950; x_wconf 77' lang='grc' dir='ltr'><strong>λέ-</strong></span> 
     </span>
    </p>
   </div>
   <div class='ocr_carea' id='block_1_88' title="bbox 2085 3989 3666 4061">
    <p class='ocr_par' dir='ltr' id='par_1_88' title="bbox 2085 3989 3666 4061">
     <span class='ocr_line' id='line_1_88' title="bbox 2085 3989 3666 4061; baseline 0 -19"><span class='ocrx_word' id='word_1_685' title='bbox 2085 4006 2199 4059; x_wconf 82' lang='grc' dir='ltr'><strong>γων</strong></span> <span class='ocrx_word' id='word_1_686' title='bbox 2229 3990 2309 4059; x_wconf 83' lang='grc' dir='ltr'>τῷ</span> <span class='ocrx_word' id='word_1_687' title='bbox 2348 3989 2746 4060; x_wconf 82' lang='grc' dir='ltr'>παραλυτικῷ,</span> <span class='ocrx_word' id='word_1_688' title='bbox 2781 3991 2877 4043; x_wconf 80' lang='grc' dir='ltr'><strong>καὶ</strong></span> <span class='ocrx_word' id='word_1_689' title='bbox 2909 3993 2975 4059; x_wconf 79' lang='grc' dir='ltr'>τῇ</span> <span class='ocrx_word' id='word_1_690' title='bbox 3010 3992 3136 4053; x_wconf 81' lang='grc' dir='ltr'>τοὺς</span> <span class='ocrx_word' id='word_1_691' title='bbox 3178 3991 3341 4053; x_wconf 85' lang='grc' dir='ltr'>πόδας</span> <span class='ocrx_word' id='word_1_692' title='bbox 3385 3991 3666 4061; x_wconf 76' lang='grc' dir='ltr'>ἀλειψάσῃ</span> 
     </span>
    </p>
   </div>
   <div class='ocr_carea' id='block_1_89' title="bbox 2084 4076 3668 4150">
    <p class='ocr_par' dir='ltr' id='par_1_89' title="bbox 2084 4076 3668 4150">
     <span class='ocr_line' id='line_1_89' title="bbox 2084 4076 3668 4150; baseline 0.001 -18"><span class='ocrx_word' id='word_1_693' title='bbox 2084 4076 2308 4147; x_wconf 75' lang='grc' dir='ltr'>γυναικί</span> <span class='ocrx_word' id='word_1_694' title='bbox 2321 4096 2335 4111; x_wconf 79' lang='grc' dir='ltr'><strong>ο</strong></span> <span class='ocrx_word' id='word_1_695' title='bbox 2371 4079 2699 4149; x_wconf 71' lang='grc' dir='ltr'>Ἀφέωνταί</span> <span class='ocrx_word' id='word_1_696' title='bbox 2730 4094 2831 4133; x_wconf 86' lang='grc' dir='ltr'>σοι</span> <span class='ocrx_word' id='word_1_697' title='bbox 2863 4083 2923 4133; x_wconf 82' lang='grc' dir='ltr'>αι</span> <span class='ocrx_word' id='word_1_698' title='bbox 2956 4081 3252 4150; x_wconf 73' lang='grc' dir='ltr'>ἁμαρτίαι.</span> <span class='ocrx_word' id='word_1_699' title='bbox 3286 4082 3395 4133; x_wconf 88' lang='lat' dir='ltr'><strong>Kal</strong></span> <span class='ocrx_word' id='word_1_700' title='bbox 3428 4083 3668 4150; x_wconf 72' lang='grc' dir='ltr'>νεκροὺς</span> 
     </span>
    </p>
   </div>
   <div class='ocr_carea' id='block_1_90' title="bbox 2087 4169 3663 4243">
    <p class='ocr_par' dir='ltr' id='par_1_90' title="bbox 2087 4169 3663 4243">
     <span class='ocr_line' id='line_1_90' title="bbox 2087 4169 3663 4243; baseline 0.001 -20"><span class='ocrx_word' id='word_1_701' title='bbox 2087 4172 2186 4243; x_wconf 72' lang='grc' dir='ltr'>μὲν</span> <span class='ocrx_word' id='word_1_702' title='bbox 2202 4171 2392 4242; x_wconf 56' lang='lat' dir='ltr'><strong>{nemo</strong></span> <span class='ocrx_word' id='word_1_703' title='bbox 2412 4211 2426 4234; x_wconf 97' lang='lat'><strong>,</strong></span> <span class='ocrx_word' id='word_1_704' title='bbox 2460 4169 2554 4223; x_wconf 81' lang='grc' dir='ltr'>τοῦ</span> <span class='ocrx_word' id='word_1_705' title='bbox 2584 4170 2788 4239; x_wconf 76' lang='grc' dir='ltr'>τυφλοῦ</span> <span class='ocrx_word' id='word_1_706' title='bbox 2819 4171 2877 4225; x_wconf 71' lang='grc' dir='ltr'>δὲ</span> <span class='ocrx_word' id='word_1_707' title='bbox 2907 4174 3009 4242; x_wconf 83' lang='grc' dir='ltr'>τὴν</span> <span class='ocrx_word' id='word_1_708' title='bbox 3039 4171 3258 4241; x_wconf 67' lang='grc' dir='ltr'>γένεσιν</span> <span class='ocrx_word' id='word_1_709' title='bbox 3288 4172 3663 4243; x_wconf 74' lang='grc' dir='ltr'>ἀποκαθιστᾷ,</span> 
     </span>
    </p>
   </div>
   <div class='ocr_carea' id='block_1_91' title="bbox 2086 4260 3662 4333">
    <p class='ocr_par' dir='ltr' id='par_1_91' title="bbox 2086 4260 3662 4333">
     <span class='ocr_line' id='line_1_91' title="bbox 2086 4260 3662 4333; baseline 0.002 -19"><span class='ocrx_word' id='word_1_710' title='bbox 2086 4262 2447 4333; x_wconf 70' lang='grc' dir='ltr'>χαριζόμενος</span> <span class='ocrx_word' id='word_1_711' title='bbox 2481 4260 2632 4333; x_wconf 78' lang='grc' dir='ltr'><strong>αὑτῷ</strong></span> <span class='ocrx_word' id='word_1_712' title='bbox 2661 4262 2723 4315; x_wconf 84' lang='grc' dir='ltr'><strong>τδ</strong></span> <span class='ocrx_word' id='word_1_713' title='bbox 2756 4261 2998 4331; x_wconf 70' lang='grc' dir='ltr'>βλέπειν.</span> <span class='ocrx_word' id='word_1_714' title='bbox 3032 4264 3143 4316; x_wconf 85' lang='lat' dir='ltr'><strong>Kal</strong></span> <span class='ocrx_word' id='word_1_715' title='bbox 3175 4264 3349 4318; x_wconf 82' lang='grc' dir='ltr'>ταῦτα</span> <span class='ocrx_word' id='word_1_716' title='bbox 3384 4263 3559 4316; x_wconf 61' lang='lat' dir='ltr'><strong>litate:</strong></span> <span class='ocrx_word' id='word_1_717' title='bbox 3596 4268 3662 4317; x_wconf 86' lang='grc' dir='ltr'><strong>οὐ</strong></span> 
     </span>
    </p>
   </div>
   <div class='ocr_carea' id='block_1_92' title="bbox 2087 4354 3667 4427">
    <p class='ocr_par' dir='ltr' id='par_1_92' title="bbox 2087 4354 3667 4427">
     <span class='ocr_line' id='line_1_92' title="bbox 2087 4354 3667 4427; baseline 0.001 -20"><span class='ocrx_word' id='word_1_718' title='bbox 2087 4355 2269 4424; x_wconf 70' lang='grc' dir='ltr'>μένων</span> <span class='ocrx_word' id='word_1_719' title='bbox 2300 4355 2405 4418; x_wconf 69' lang='grc' dir='ltr'>ἕως</span> <span class='ocrx_word' id='word_1_720' title='bbox 2437 4354 2607 4427; x_wconf 78' lang='grc' dir='ltr'>λάϐῃ,</span> <span class='ocrx_word' id='word_1_721' title='bbox 2640 4356 2757 4409; x_wconf 80' lang='grc' dir='ltr'>ἀλλ’</span> <span class='ocrx_word' id='word_1_722' title='bbox 2783 4356 3142 4427; x_wconf 63' lang='grc' dir='ltr'>ἐξουσιαστὴς</span> <span class='ocrx_word' id='word_1_723' title='bbox 3172 4356 3268 4409; x_wconf 82' lang='grc' dir='ltr'>ὢν.</span> <span class='ocrx_word' id='word_1_724' title='bbox 3309 4357 3400 4418; x_wconf 77' lang='grc' dir='ltr'>Ὦς</span> <span class='ocrx_word' id='word_1_725' title='bbox 3437 4359 3498 4408; x_wconf 68' lang='grc' dir='ltr'><strong>ὲκ</strong></span> <span class='ocrx_word' id='word_1_726' title='bbox 3533 4357 3667 4409; x_wconf 69' lang='grc' dir='ltr'><strong>τοὺ-</strong></span> 
     </span>
    </p>
   </div>
   <div class='ocr_carea' id='block_1_93' title="bbox 2004 4427 3668 4518">
    <p class='ocr_par' dir='ltr' id='par_1_93' title="bbox 2004 4427 3668 4518">
     <span class='ocr_line' id='line_1_93' title="bbox 2004 4427 3668 4518; baseline 0 -17"><span class='ocrx_word' id='word_1_727' title='bbox 2004 4427 2056 4487; x_wconf 80' lang='grc' dir='ltr'><strong>Ῐ)</strong></span> <span class='ocrx_word' id='word_1_728' title='bbox 2080 4465 2191 4501; x_wconf 78' lang='grc' dir='ltr'><strong>των</strong></span> <span class='ocrx_word' id='word_1_729' title='bbox 2215 4446 2371 4518; x_wconf 78' lang='grc' dir='ltr'>δῆλον</span> <span class='ocrx_word' id='word_1_730' title='bbox 2399 4444 2562 4512; x_wconf 79' lang='grc' dir='ltr'>εἶναι,</span> <span class='ocrx_word' id='word_1_731' title='bbox 2590 4449 2670 4501; x_wconf 83' lang='grc' dir='ltr'><strong>δτι</strong></span> <span class='ocrx_word' id='word_1_732' title='bbox 2698 4448 2733 4502; x_wconf 75' lang='grc' dir='ltr'>ἃ</span> <span class='ocrx_word' id='word_1_733' title='bbox 2763 4441 2878 4518; x_wconf 72' lang='grc' dir='ltr'>εἶχε</span> <span class='ocrx_word' id='word_1_734' title='bbox 2908 4448 3080 4515; x_wconf 82' lang='grc' dir='ltr'>Λόγος</span> <span class='ocrx_word' id='word_1_735' title='bbox 3112 4448 3210 4513; x_wconf 84' lang='grc' dir='ltr'>ὢν,</span> <span class='ocrx_word' id='word_1_736' title='bbox 3239 4448 3411 4503; x_wconf 73' lang='grc' dir='ltr'>ταῦτα</span> <span class='ocrx_word' id='word_1_737' title='bbox 3442 4450 3536 4502; x_wconf 72' lang='grc' dir='ltr'><strong>καὶ</strong></span> <span class='ocrx_word' id='word_1_738' title='bbox 3568 4466 3668 4516; x_wconf 81' lang='grc' dir='ltr'>γε-</span> 
     </span>
    </p>
   </div>
   <div class='ocr_carea' id='block_1_94' title="bbox 398 4536 1980 4612">
    <p class='ocr_par' dir='ltr' id='par_1_94' title="bbox 398 4536 1974 4609">
     <span class='ocr_line' id='line_1_94' title="bbox 398 4536 1974 4609; baseline -0.001 -12"><span class='ocrx_word' id='word_1_739' title='bbox 398 4541 760 4597; x_wconf 79' lang='lat' dir='ltr'><strong>Bemittuntur</strong></span> <span class='ocrx_word' id='word_1_740' title='bbox 791 4539 883 4593; x_wconf 81' lang='lat' dir='ltr'><strong>tibi</strong></span> <span class='ocrx_word' id='word_1_741' title='bbox 908 4549 1125 4609; x_wconf 83' lang='lat' dir='ltr'><strong>peccata</strong></span> <span class='ocrx_word' id='word_1_742' title='bbox 1154 4538 1223 4593; x_wconf 82' lang='grc'><strong>¹¹.</strong></span> <span class='ocrx_word' id='word_1_743' title='bbox 1254 4536 1482 4593; x_wconf 72' lang='lat' dir='ltr'><strong>Mortuis</strong></span> <span class='ocrx_word' id='word_1_744' title='bbox 1517 4547 1782 4604; x_wconf 73' lang='lat' dir='ltr'><strong>praeterea</strong></span> <span class='ocrx_word' id='word_1_745' title='bbox 1806 4538 1974 4595; x_wconf 78' lang='lat' dir='ltr'><strong>vitam</strong></span> 
     </span>
    </p>
   </div>
   <div class='ocr_carea' id='block_1_95' title="bbox 2070 4536 3670 4612">
    <p class='ocr_par' dir='ltr' id='par_1_95' title="bbox 2080 4539 3670 4612">
     <span class='ocr_line' id='line_1_95' title="bbox 2080 4539 3670 4612; baseline 0.001 -19"><span class='ocrx_word' id='word_1_746' title='bbox 2080 4540 2304 4609; x_wconf 81' lang='grc' dir='ltr'>νόμενος</span> <span class='ocrx_word' id='word_1_747' title='bbox 2337 4539 2658 4609; x_wconf 69' lang='grc' dir='ltr'>ἄνθρωπος,</span> <span class='ocrx_word' id='word_1_748' title='bbox 2689 4542 2784 4594; x_wconf 78' lang='grc' dir='ltr'><strong>καὶ</strong></span> <span class='ocrx_word' id='word_1_749' title='bbox 2818 4542 2958 4611; x_wconf 85' lang='grc' dir='ltr'><strong>μετά</strong></span> <span class='ocrx_word' id='word_1_750' title='bbox 2988 4541 3088 4611; x_wconf 78' lang='grc' dir='ltr'>τὴν</span> <span class='ocrx_word' id='word_1_751' title='bbox 3116 4542 3412 4595; x_wconf 83' lang='grc' dir='ltr'>ἀνάστασιν</span> <span class='ocrx_word' id='word_1_752' title='bbox 3445 4542 3542 4594; x_wconf 85' lang='grc' dir='ltr'><strong>ἀνθ</strong></span> <span class='ocrx_word' id='word_1_753' title='bbox 3555 4560 3670 4612; x_wconf 84' lang='grc' dir='ltr'>ρω-</span> 
     </span>
    </p>
   </div>
   <div class='ocr_carea' id='block_1_96' title="bbox 400 4630 1980 4704">
    <p class='ocr_par' dir='ltr' id='par_1_96' title="bbox 400 4630 1977 4702">
     <span class='ocr_line' id='line_1_96' title="bbox 400 4630 1977 4702; baseline -0.003 -11"><span class='ocrx_word' id='word_1_754' title='bbox 400 4634 659 4697; x_wconf 81' lang='lat' dir='ltr'><strong>reddidit,</strong></span> <span class='ocrx_word' id='word_1_755' title='bbox 682 4635 967 4702; x_wconf 76' lang='lat' dir='ltr'><strong>visumque</strong></span> <span class='ocrx_word' id='word_1_756' title='bbox 986 4646 1130 4687; x_wconf 70' lang='lat' dir='ltr'><strong>caeco</strong></span> <span class='ocrx_word' id='word_1_757' title='bbox 1151 4639 1281 4687; x_wconf 81' lang='lat' dir='ltr'><strong>nato</strong></span> <span class='ocrx_word' id='word_1_758' title='bbox 1301 4631 1547 4687; x_wconf 86' lang='lat' dir='ltr'><strong>restituit</strong></span> <span class='ocrx_word' id='word_1_759' title='bbox 1577 4650 1591 4685; x_wconf 91' lang='lat'><strong>:</strong></span> <span class='ocrx_word' id='word_1_760' title='bbox 1615 4635 1734 4701; x_wconf 72' lang='lat' dir='ltr'><strong>qua:</strong></span> <span class='ocrx_word' id='word_1_761' title='bbox 1754 4630 1977 4701; x_wconf 86' lang='lat' dir='ltr'><strong>quidem</strong></span> 
     </span>
    </p>
   </div>
   <div class='ocr_carea' id='block_1_97' title="bbox 2070 4630 3661 4704">
    <p class='ocr_par' dir='ltr' id='par_1_97' title="bbox 2080 4632 3661 4704">
     <span class='ocr_line' id='line_1_97' title="bbox 2080 4632 3661 4704; baseline 0.001 -19"><span class='ocrx_word' id='word_1_762' title='bbox 2080 4632 2250 4697; x_wconf 81' lang='grc' dir='ltr'>πίνως</span> <span class='ocrx_word' id='word_1_763' title='bbox 2280 4632 2559 4704; x_wconf 69' lang='grc' dir='ltr'>εἰληφέναι</span> <span class='ocrx_word' id='word_1_764' title='bbox 2591 4634 2833 4701; x_wconf 71' lang='grc' dir='ltr'>λέγεται,</span> <span class='ocrx_word' id='word_1_765' title='bbox 2871 4634 2956 4688; x_wconf 76' lang='grc' dir='ltr'>ἵνα</span> <span class='ocrx_word' id='word_1_766' title='bbox 2991 4634 3059 4687; x_wconf 83' lang='grc' dir='ltr'>δι’</span> <span class='ocrx_word' id='word_1_767' title='bbox 3091 4633 3255 4687; x_wconf 76' lang='grc' dir='ltr'>αὑτὸν</span> <span class='ocrx_word' id='word_1_768' title='bbox 3288 4634 3335 4687; x_wconf 89' lang='grc' dir='ltr'>οἰ</span> <span class='ocrx_word' id='word_1_769' title='bbox 3372 4633 3661 4703; x_wconf 75' lang='grc' dir='ltr'>ἄνθρωποι</span> 
     </span>
    </p>
   </div>
   <div class='ocr_carea' id='block_1_98' title="bbox 398 4724 1980 4796">
    <p class='ocr_par' dir='ltr' id='par_1_98' title="bbox 398 4724 1977 4795">
     <span class='ocr_line' id='line_1_98' title="bbox 398 4724 1977 4795; baseline -0.002 -12"><span class='ocrx_word' id='word_1_770' title='bbox 398 4728 584 4783; x_wconf 70' lang='lat' dir='ltr'><strong>munia</strong></span> <span class='ocrx_word' id='word_1_771' title='bbox 608 4726 791 4784; x_wconf 80' lang='lat' dir='ltr'><strong>eﬂ&#39;eeit</strong></span> <span class='ocrx_word' id='word_1_772' title='bbox 811 4740 920 4781; x_wconf 88' lang='lat' dir='ltr'><strong>non</strong></span> <span class='ocrx_word' id='word_1_773' title='bbox 956 4725 1296 4795; x_wconf 70' lang='lat' dir='ltr'><strong>praestolatus</strong></span> <span class='ocrx_word' id='word_1_774' title='bbox 1321 4724 1497 4780; x_wconf 87' lang='lat' dir='ltr'><strong>donec</strong></span> <span class='ocrx_word' id='word_1_775' title='bbox 1520 4739 1582 4779; x_wconf 81' lang='lat' dir='ltr'><strong>ea</strong></span> <span class='ocrx_word' id='word_1_776' title='bbox 1616 4725 1812 4794; x_wconf 81' lang='lat' dir='ltr'><strong>agendi</strong></span> <span class='ocrx_word' id='word_1_777' title='bbox 1830 4724 1977 4781; x_wconf 81' lang='lat' dir='ltr'><strong>acci-</strong></span> 
     </span>
    </p>
   </div>
   <div class='ocr_carea' id='block_1_99' title="bbox 2070 4724 3663 4796">
    <p class='ocr_par' dir='ltr' id='par_1_99' title="bbox 2078 4724 3663 4796">
     <span class='ocr_line' id='line_1_99' title="bbox 2078 4724 3663 4796; baseline 0 -17"><span class='ocrx_word' id='word_1_778' title='bbox 2078 4726 2173 4779; x_wconf 80' lang='grc' dir='ltr'><strong>ὲπὶ</strong></span> <span class='ocrx_word' id='word_1_779' title='bbox 2216 4725 2320 4796; x_wconf 80' lang='grc' dir='ltr'>μὲν</span> <span class='ocrx_word' id='word_1_780' title='bbox 2351 4727 2451 4796; x_wconf 83' lang='grc' dir='ltr'>τῆς</span> <span class='ocrx_word' id='word_1_781' title='bbox 2490 4724 2595 4795; x_wconf 80' lang='grc' dir='ltr'>γῆς</span> <span class='ocrx_word' id='word_1_782' title='bbox 2633 4725 2709 4790; x_wconf 79' lang='grc' dir='ltr'>ὥς</span> <span class='ocrx_word' id='word_1_783' title='bbox 2747 4730 2997 4780; x_wconf 72' lang='grc' dir='ltr'>κοινωνοὶ</span> <span class='ocrx_word' id='word_1_784' title='bbox 3036 4728 3317 4796; x_wconf 84' lang='grc' dir='ltr'>γενόμενοι</span> <span class='ocrx_word' id='word_1_785' title='bbox 3358 4725 3510 4787; x_wconf 86' lang='grc' dir='ltr'>θείας</span> <span class='ocrx_word' id='word_1_786' title='bbox 3556 4727 3663 4795; x_wconf 73' lang='grc' dir='ltr'><strong>φύ-</strong></span> 
     </span>
    </p>
   </div>
   <div class='ocr_carea' id='block_1_100' title="bbox 400 4814 1980 4890">
    <p class='ocr_par' dir='ltr' id='par_1_100' title="bbox 400 4814 1975 4890">
     <span class='ocr_line' id='line_1_100' title="bbox 400 4814 1975 4890; baseline -0.004 -15"><span class='ocrx_word' id='word_1_787' title='bbox 400 4828 557 4890; x_wconf 85' lang='lat' dir='ltr'><strong>peret</strong></span> <span class='ocrx_word' id='word_1_788' title='bbox 619 4826 978 4888; x_wconf 87' lang='lat' dir='ltr'><strong>potestatem,</strong></span> <span class='ocrx_word' id='word_1_789' title='bbox 1049 4815 1146 4870; x_wconf 84' lang='lat' dir='ltr'><strong>sed</strong></span> <span class='ocrx_word' id='word_1_790' title='bbox 1211 4825 1270 4869; x_wconf 90' lang='lat' dir='ltr'><strong>ut</strong></span> <span class='ocrx_word' id='word_1_791' title='bbox 1330 4814 1645 4883; x_wconf 74' lang='lat' dir='ltr'><strong>huiusmodi</strong></span> <span class='ocrx_word' id='word_1_792' title='bbox 1706 4824 1975 4882; x_wconf 81' lang='lat' dir='ltr'><strong>potestate</strong></span> 
     </span>
    </p>
   </div>
   <div class='ocr_carea' id='block_1_101' title="bbox 2070 4814 3658 4890">
    <p class='ocr_par' dir='ltr' id='par_1_101' title="bbox 2079 4816 3658 4889">
     <span class='ocr_line' id='line_1_101' title="bbox 2079 4816 3658 4889; baseline 0.001 -18"><span class='ocrx_word' id='word_1_793' title='bbox 2079 4835 2217 4883; x_wconf 87' lang='grc' dir='ltr'>σεως</span> <span class='ocrx_word' id='word_1_794' title='bbox 2247 4818 2434 4874; x_wconf 80' lang='grc' dir='ltr'>λοιπὸν</span> <span class='ocrx_word' id='word_1_795' title='bbox 2463 4816 2714 4884; x_wconf 73' lang='grc' dir='ltr'>ἐξουσίαν</span> <span class='ocrx_word' id='word_1_796' title='bbox 2741 4818 2907 4889; x_wconf 67' lang='grc' dir='ltr'>ἔχωσι</span> <span class='ocrx_word' id='word_1_797' title='bbox 2941 4818 3081 4872; x_wconf 85' lang='grc' dir='ltr'>κατά</span> <span class='ocrx_word' id='word_1_798' title='bbox 3108 4820 3218 4870; x_wconf 83' lang='grc' dir='ltr'><strong>τῶν</strong></span> <span class='ocrx_word' id='word_1_799' title='bbox 3247 4819 3522 4888; x_wconf 78' lang='grc' dir='ltr'>δαιμόνων</span> <span class='ocrx_word' id='word_1_800' title='bbox 3547 4834 3560 4849; x_wconf 73' lang='grc' dir='ltr'><strong><em>ο</em></strong></span> <span class='ocrx_word' id='word_1_801' title='bbox 3594 4822 3658 4872; x_wconf 73' lang='grc' dir='ltr'>ἑν</span> 
     </span>
    </p>
   </div>
   <div class='ocr_carea' id='block_1_102' title="bbox 394 4905 1980 4980">
    <p class='ocr_par' dir='ltr' id='par_1_102' title="bbox 394 4905 1978 4980">
     <span class='ocr_line' id='line_1_102' title="bbox 394 4905 1978 4980; baseline -0.001 -16"><span class='ocrx_word' id='word_1_802' title='bbox 394 4914 505 4980; x_wconf 77' lang='lat' dir='ltr'><strong>jam</strong></span> <span class='ocrx_word' id='word_1_803' title='bbox 543 4909 818 4977; x_wconf 59' lang='lat' dir='ltr'><strong>praeditus.</strong></span> <span class='ocrx_word' id='word_1_804' title='bbox 876 4905 953 4961; x_wconf 78' lang='lat' dir='ltr'><strong>Ex</strong></span> <span class='ocrx_word' id='word_1_805' title='bbox 1000 4906 1199 4975; x_wconf 85' lang='lat' dir='ltr'><strong>quibus</strong></span> <span class='ocrx_word' id='word_1_806' title='bbox 1239 4905 1545 4959; x_wconf 85' lang='lat' dir='ltr'><strong>dilucidum</strong></span> <span class='ocrx_word' id='word_1_807' title='bbox 1607 4914 1695 4960; x_wconf 85' lang='lat' dir='ltr'><strong>est</strong></span> <span class='ocrx_word' id='word_1_808' title='bbox 1730 4920 1853 4973; x_wconf 66' lang='lat' dir='ltr'><strong>qum</strong></span> <span class='ocrx_word' id='word_1_809' title='bbox 1916 4916 1978 4962; x_wconf 89' lang='lat' dir='ltr'><strong>ut</strong></span> 
     </span>
    </p>
   </div>
   <div class='ocr_carea' id='block_1_103' title="bbox 2070 4905 3655 4980">
    <p class='ocr_par' dir='ltr' id='par_1_103' title="bbox 2078 4908 3655 4980">
     <span class='ocr_line' id='line_1_103' title="bbox 2078 4908 3655 4980; baseline -0.001 -17"><span class='ocrx_word' id='word_1_810' title='bbox 2078 4910 2137 4963; x_wconf 71' lang='grc' dir='ltr'>δὲ</span> <span class='ocrx_word' id='word_1_811' title='bbox 2164 4911 2277 4973; x_wconf 60' lang='lat' dir='ltr'><strong>cui;</strong></span> <span class='ocrx_word' id='word_1_812' title='bbox 2304 4910 2551 4979; x_wconf 76' lang='grc' dir='ltr'>οὐρανοῖς</span> <span class='ocrx_word' id='word_1_813' title='bbox 2580 4910 2655 4972; x_wconf 86' lang='grc' dir='ltr'>ὼς</span> <span class='ocrx_word' id='word_1_814' title='bbox 2684 4908 3141 4980; x_wconf 67' lang='grc' dir='ltr'>ἐλευθερωθέντες</span> <span class='ocrx_word' id='word_1_815' title='bbox 3174 4908 3284 4963; x_wconf 76' lang='grc' dir='ltr'><strong>ἀπὸ</strong></span> <span class='ocrx_word' id='word_1_816' title='bbox 3309 4909 3405 4978; x_wconf 83' lang='grc' dir='ltr'>τῆς</span> <span class='ocrx_word' id='word_1_817' title='bbox 3438 4908 3655 4980; x_wconf 78' lang='grc' dir='ltr'>φθορᾶς</span> 
     </span>
    </p>
   </div>
   <div class='ocr_carea' id='block_1_104' title="bbox 401 4996 1980 5071">
    <p class='ocr_par' dir='ltr' id='par_1_104' title="bbox 401 4996 1973 5067">
     <span class='ocr_line' id='line_1_104' title="bbox 401 4996 1973 5067; baseline -0.001 -13"><span class='ocrx_word' id='word_1_818' title='bbox 401 5003 636 5056; x_wconf 78' lang='lat' dir='ltr'><strong>Vel-hum</strong></span> <span class='ocrx_word' id='word_1_819' title='bbox 665 5001 879 5062; x_wconf 84' lang='lat' dir='ltr'><strong>habuit.</strong></span> <span class='ocrx_word' id='word_1_820' title='bbox 909 5000 1100 5055; x_wconf 80' lang='lat' dir='ltr'><strong>eadem</strong></span> <span class='ocrx_word' id='word_1_821' title='bbox 1127 5007 1185 5053; x_wconf 89' lang='lat' dir='ltr'><strong>et</strong></span> <span class='ocrx_word' id='word_1_822' title='bbox 1212 4997 1417 5051; x_wconf 75' lang='lat' dir='ltr'><strong>factum</strong></span> <span class='ocrx_word' id='word_1_823' title='bbox 1450 4996 1727 5052; x_wconf 86' lang='lat' dir='ltr'><strong>hominem</strong></span> <span class='ocrx_word' id='word_1_824' title='bbox 1746 5007 1801 5052; x_wconf 90' lang='lat' dir='ltr'><strong>et</strong></span> <span class='ocrx_word' id='word_1_825' title='bbox 1826 5009 1973 5067; x_wconf 85' lang='lat' dir='ltr'><strong>post-</strong></span> 
     </span>
    </p>
   </div>
   <div class='ocr_carea' id='block_1_105' title="bbox 2070 4996 3657 5071">
    <p class='ocr_par' dir='ltr' id='par_1_105' title="bbox 2079 5000 3657 5071">
     <span class='ocr_line' id='line_1_105' title="bbox 2079 5000 3657 5071; baseline -0.002 -16"><span class='ocrx_word' id='word_1_826' title='bbox 2079 5001 2313 5063; x_wconf 83' lang='grc' dir='ltr'>αίωνίως</span> <span class='ocrx_word' id='word_1_827' title='bbox 2349 5000 2694 5071; x_wconf 75' lang='grc' dir='ltr'>βασιλεύωσι.</span> <span class='ocrx_word' id='word_1_828' title='bbox 2728 5001 2977 5055; x_wconf 77' lang='grc' dir='ltr'>Καθόλου</span> <span class='ocrx_word' id='word_1_829' title='bbox 3011 5001 3121 5071; x_wconf 84' lang='grc' dir='ltr'><strong>γὰρ</strong></span> <span class='ocrx_word' id='word_1_830' title='bbox 3154 5000 3259 5071; x_wconf 77' lang='grc' dir='ltr'><strong>χρὴ</strong></span> <span class='ocrx_word' id='word_1_831' title='bbox 3291 5000 3449 5052; x_wconf 82' lang='grc' dir='ltr'>τοῦτο</span> <span class='ocrx_word' id='word_1_832' title='bbox 3481 5003 3657 5066; x_wconf 79' lang='grc' dir='ltr'>γινώ-</span> 
     </span>
    </p>
   </div>
   <div class='ocr_carea' id='block_1_106' title="bbox 396 5085 1980 5161">
    <p class='ocr_par' dir='ltr' id='par_1_106' title="bbox 396 5089 1977 5161">
     <span class='ocr_line' id='line_1_106' title="bbox 396 5089 1977 5161; baseline 0.001 -17"><span class='ocrx_word' id='word_1_833' title='bbox 396 5110 559 5161; x_wconf 73' lang='grc' dir='ltr'>ιιιιιιω</span> <span class='ocrx_word' id='word_1_834' title='bbox 619 5092 814 5148; x_wconf 80' lang='lat' dir='ltr'><strong>revisit</strong></span> <span class='ocrx_word' id='word_1_835' title='bbox 868 5105 929 5145; x_wconf 85' lang='lat' dir='ltr'><strong>se</strong></span> <span class='ocrx_word' id='word_1_836' title='bbox 978 5089 1258 5158; x_wconf 83' lang='lat' dir='ltr'><strong>accepisse</strong></span> <span class='ocrx_word' id='word_1_837' title='bbox 1293 5089 1476 5143; x_wconf 87' lang='lat' dir='ltr'><strong>dicere</strong></span> <span class='ocrx_word' id='word_1_838' title='bbox 1522 5107 1534 5143; x_wconf 93' lang='lat'><strong>:</strong></span> <span class='ocrx_word' id='word_1_839' title='bbox 1568 5103 1766 5159; x_wconf 80' lang='lat' dir='ltr'><strong>nempe</strong></span> <span class='ocrx_word' id='word_1_840' title='bbox 1795 5102 1853 5145; x_wconf 92' lang='lat' dir='ltr'><strong>ut</strong></span> <span class='ocrx_word' id='word_1_841' title='bbox 1885 5092 1977 5145; x_wconf 87' lang='lat' dir='ltr'><strong>ho-</strong></span> 
     </span>
    </p>
   </div>
   <div class='ocr_carea' id='block_1_107' title="bbox 2070 5085 3657 5161">
    <p class='ocr_par' dir='ltr' id='par_1_107' title="bbox 2082 5085 3657 5161">
     <span class='ocr_line' id='line_1_107' title="bbox 2082 5085 3657 5161; baseline -0.004 -13"><span class='ocrx_word' id='word_1_842' title='bbox 2082 5111 2253 5159; x_wconf 72' lang='grc' dir='ltr'>σχειν,</span> <span class='ocrx_word' id='word_1_843' title='bbox 2295 5094 2378 5148; x_wconf 82' lang='grc' dir='ltr'><strong>δτι</strong></span> <span class='ocrx_word' id='word_1_844' title='bbox 2421 5093 2575 5147; x_wconf 68' lang='grc' dir='ltr'>οὐδὲν</span> <span class='ocrx_word' id='word_1_845' title='bbox 2617 5085 2692 5147; x_wconf 83' lang='grc' dir='ltr'>ὧν</span> <span class='ocrx_word' id='word_1_846' title='bbox 2727 5093 2879 5161; x_wconf 81' lang='grc' dir='ltr'>λέγει</span> <span class='ocrx_word' id='word_1_847' title='bbox 2923 5092 3225 5161; x_wconf 80' lang='grc' dir='ltr'>εἰληφέναι,</span> <span class='ocrx_word' id='word_1_848' title='bbox 3262 5089 3338 5152; x_wconf 82' lang='grc' dir='ltr'><strong>ὡς</strong></span> <span class='ocrx_word' id='word_1_849' title='bbox 3388 5092 3464 5159; x_wconf 75' lang='grc' dir='ltr'>μὴ</span> <span class='ocrx_word' id='word_1_850' title='bbox 3511 5090 3657 5159; x_wconf 68' lang='grc' dir='ltr'>ἔχων</span> 
     </span>
    </p>
   </div>
   <div class='ocr_carea' id='block_1_108' title="bbox 390 5168 1980 5262">
    <p class='ocr_par' dir='ltr' id='par_1_108' title="bbox 390 5168 1980 5262">
     <span class='ocr_line' id='line_1_108' title="bbox 390 5168 1980 5262; baseline 0.001 -26"><span class='ocrx_word' id='word_1_851' title='bbox 390 5184 584 5262; x_wconf 37' lang='grc' dir='ltr'>,ηιὶιιεὸ</span> <span class='ocrx_word' id='word_1_852' title='bbox 614 5184 668 5239; x_wconf 90' lang='lat' dir='ltr'><strong>in</strong></span> <span class='ocrx_word' id='word_1_853' title='bbox 729 5182 893 5238; x_wconf 86' lang='lat' dir='ltr'><strong>terris</strong></span> <span class='ocrx_word' id='word_1_854' title='bbox 926 5181 1174 5250; x_wconf 88' lang='lat' dir='ltr'><strong>quidem,</strong></span> <span class='ocrx_word' id='word_1_855' title='bbox 1222 5190 1481 5249; x_wconf 81' lang='lat' dir='ltr'><strong>tanquam</strong></span> <span class='ocrx_word' id='word_1_856' title='bbox 1532 5182 1729 5236; x_wconf 71' lang='lat' dir='ltr'><strong>divina:</strong></span> <span class='ocrx_word' id='word_1_857' title='bbox 1762 5168 1980 5238; x_wconf 63' lang='lat' dir='ltr'><strong>natura:</strong></span> 
     </span>
    </p>
   </div>
   <div class='ocr_carea' id='block_1_109' title="bbox 2070 5168 3662 5262">
    <p class='ocr_par' dir='ltr' id='par_1_109' title="bbox 2079 5180 3662 5256">
     <span class='ocr_line' id='line_1_109' title="bbox 2079 5180 3662 5256; baseline -0.003 -18"><span class='ocrx_word' id='word_1_858' title='bbox 2079 5185 2305 5250; x_wconf 71' lang='grc' dir='ltr'>ἐλαϐεν,</span> <span class='ocrx_word' id='word_1_859' title='bbox 2335 5186 2427 5239; x_wconf 71' lang='lat' dir='ltr'><strong>Eva</strong></span> <span class='ocrx_word' id='word_1_860' title='bbox 2456 5186 2557 5256; x_wconf 81' lang='grc' dir='ltr'>τῆς</span> <span class='ocrx_word' id='word_1_861' title='bbox 2590 5186 2792 5255; x_wconf 75' lang='grc' dir='ltr'>σαρκὸς</span> <span class='ocrx_word' id='word_1_862' title='bbox 2820 5186 2879 5239; x_wconf 70' lang='grc' dir='ltr'>ιν</span> <span class='ocrx_word' id='word_1_863' title='bbox 2906 5184 3054 5255; x_wconf 83' lang='grc' dir='ltr'><strong>αὐτῷ</strong></span> <span class='ocrx_word' id='word_1_864' title='bbox 3084 5180 3476 5253; x_wconf 73' lang='grc' dir='ltr'>λαμϐανούσης</span> <span class='ocrx_word' id='word_1_865' title='bbox 3496 5218 3511 5245; x_wconf 87' lang='grc'><strong>,</strong></span> <span class='ocrx_word' id='word_1_866' title='bbox 3546 5181 3662 5234; x_wconf 68' lang='lat'><strong>2.0:-</strong></span> 
     </span>
    </p>
   </div>
   <div class='ocr_carea' id='block_1_110' title="bbox 399 5271 1980 5347">
    <p class='ocr_par' dir='ltr' id='par_1_110' title="bbox 399 5271 1973 5345">
     <span class='ocr_line' id='line_1_110' title="bbox 399 5271 1973 5345; baseline 0.002 -18"><span class='ocrx_word' id='word_1_867' title='bbox 399 5273 687 5345; x_wconf 87' lang='lat' dir='ltr'><strong>participes</strong></span> <span class='ocrx_word' id='word_1_868' title='bbox 735 5288 831 5342; x_wconf 90' lang='lat' dir='ltr'><strong>per</strong></span> <span class='ocrx_word' id='word_1_869' title='bbox 868 5272 1043 5342; x_wconf 86' lang='lat' dir='ltr'><strong>ipsum</strong></span> <span class='ocrx_word' id='word_1_870' title='bbox 1077 5271 1277 5336; x_wconf 75' lang='lat' dir='ltr'><strong>effecti,</strong></span> <span class='ocrx_word' id='word_1_871' title='bbox 1336 5280 1660 5341; x_wconf 83' lang='lat' dir='ltr'><strong>potestatem</strong></span> <span class='ocrx_word' id='word_1_872' title='bbox 1708 5274 1973 5330; x_wconf 72' lang='lat' dir='ltr'><strong>adversus</strong></span> 
     </span>
    </p>
   </div>
   <div class='ocr_carea' id='block_1_111' title="bbox 2070 5271 3660 5347">
    <p class='ocr_par' dir='ltr' id='par_1_111' title="bbox 2079 5272 3660 5347">
     <span class='ocr_line' id='line_1_111' title="bbox 2079 5272 3660 5347; baseline -0.001 -19"><span class='ocrx_word' id='word_1_873' title='bbox 2079 5276 2185 5329; x_wconf 76' lang='grc' dir='ltr'><strong>πον</strong></span> <span class='ocrx_word' id='word_1_874' title='bbox 2219 5276 2278 5343; x_wconf 68' lang='grc' dir='ltr'>ἐξ</span> <span class='ocrx_word' id='word_1_875' title='bbox 2311 5277 2526 5346; x_wconf 62' lang='lat' dir='ltr'><strong>enim;</strong></span> <span class='ocrx_word' id='word_1_876' title='bbox 2567 5280 2661 5332; x_wconf 73' lang='grc' dir='ltr'><strong>καὶ</strong></span> <span class='ocrx_word' id='word_1_877' title='bbox 2694 5276 2783 5345; x_wconf 63' lang='grc' dir='ltr'><strong>ἔφ’</strong></span> <span class='ocrx_word' id='word_1_878' title='bbox 2805 5278 2955 5347; x_wconf 69' lang='grc' dir='ltr'>ἡμᾶς</span> <span class='ocrx_word' id='word_1_879' title='bbox 2994 5277 3029 5347; x_wconf 72' lang='grc' dir='ltr'>ἡ</span> <span class='ocrx_word' id='word_1_880' title='bbox 3064 5275 3227 5347; x_wconf 86' lang='grc' dir='ltr'>χάρις</span> <span class='ocrx_word' id='word_1_881' title='bbox 3264 5272 3529 5347; x_wconf 69' lang='grc' dir='ltr'>διαϐαίνη</span> <span class='ocrx_word' id='word_1_882' title='bbox 3563 5273 3660 5344; x_wconf 73' lang='grc' dir='ltr'><strong>βσ-</strong></span> 
     </span>
    </p>
   </div>
   <div class='ocr_carea' id='block_1_112' title="bbox 399 5361 1980 5433">
    <p class='ocr_par' dir='ltr' id='par_1_112' title="bbox 399 5361 1964 5433">
     <span class='ocr_line' id='line_1_112' title="bbox 399 5361 1964 5433; baseline -0.001 -12"><span class='ocrx_word' id='word_1_883' title='bbox 399 5364 676 5421; x_wconf 69' lang='grc' dir='ltr'>ιιδιιιιοιιεο</span> <span class='ocrx_word' id='word_1_884' title='bbox 715 5370 1204 5431; x_wconf 72' lang='lat' dir='ltr'><strong>consequerentur,</strong></span> <span class='ocrx_word' id='word_1_885' title='bbox 1236 5361 1291 5416; x_wconf 89' lang='lat' dir='ltr'><strong>in</strong></span> <span class='ocrx_word' id='word_1_886' title='bbox 1322 5364 1478 5418; x_wconf 76' lang='lat' dir='ltr'><strong>cmlis</strong></span> <span class='ocrx_word' id='word_1_887' title='bbox 1504 5379 1651 5427; x_wconf 80' lang='lat' dir='ltr'><strong>vero,</strong></span> <span class='ocrx_word' id='word_1_888' title='bbox 1708 5374 1964 5433; x_wconf 87' lang='lat' dir='ltr'><strong>tanquam</strong></span> 
     </span>
    </p>
   </div>
   <div class='ocr_carea' id='block_1_113' title="bbox 2070 5361 2271 5433">
    <p class='ocr_par' dir='ltr' id='par_1_113' title="bbox 2080 5368 2271 5431">
     <span class='ocr_line' id='line_1_113' title="bbox 2080 5368 2271 5431; baseline 0.021 -12"><span class='ocrx_word' id='word_1_889' title='bbox 2080 5368 2271 5431; x_wconf 78' lang='grc' dir='ltr'>ϐαίως.</span> 
     </span>
    </p>
   </div>
   <div class='ocr_carea' id='block_1_114' title="bbox 508 5541 1489 5608">
    <p class='ocr_par' dir='ltr' id='par_1_114' title="bbox 508 5541 1489 5608">
     <span class='ocr_line' id='line_1_114' title="bbox 508 5541 1489 5608; baseline -0.004 -8"><span class='ocrx_word' id='word_1_890' title='bbox 508 5547 523 5577; x_wconf 85' lang='grc'>¹</span> <span class='ocrx_word' id='word_1_891' title='bbox 556 5546 712 5601; x_wconf 83' lang='lat' dir='ltr'><strong>Joan.</strong></span> <span class='ocrx_word' id='word_1_892' title='bbox 744 5560 875 5606; x_wconf 78' lang='lat' dir='ltr'><strong>xvn,</strong></span> <span class='ocrx_word' id='word_1_893' title='bbox 909 5542 957 5596; x_wconf 89' lang='grc'><strong>1.</strong></span> <span class='ocrx_word' id='word_1_894' title='bbox 1053 5544 1073 5574; x_wconf 82' lang='grc'>³</span> <span class='ocrx_word' id='word_1_895' title='bbox 1110 5541 1241 5598; x_wconf 84' lang='lat' dir='ltr'><strong>Luc.</strong></span> <span class='ocrx_word' id='word_1_896' title='bbox 1294 5559 1349 5608; x_wconf 74' lang='grc' dir='ltr'>ι,</span> <span class='ocrx_word' id='word_1_897' title='bbox 1398 5544 1489 5597; x_wconf 72' lang='lat'><strong>22.</strong></span> 
     </span>
    </p>
   </div>
   <div class='ocr_carea' id='block_1_115' title="bbox 398 5612 1528 5679">
    <p class='ocr_par' dir='ltr' id='par_1_115' title="bbox 398 5612 1528 5679">
     <span class='ocr_line' id='line_1_115' title="bbox 398 5612 1528 5679; baseline -0.001 -8"><span class='ocrx_word' id='word_1_898' title='bbox 398 5619 453 5671; x_wconf 85' lang='lat'><strong>8.</strong></span> <span class='ocrx_word' id='word_1_899' title='bbox 522 5619 541 5649; x_wconf 76' lang='grc' dir='ltr'><strong><em>τ</em></strong></span> <span class='ocrx_word' id='word_1_900' title='bbox 571 5617 727 5671; x_wconf 83' lang='lat' dir='ltr'><strong>Joau.</strong></span> <span class='ocrx_word' id='word_1_901' title='bbox 764 5630 890 5679; x_wconf 79' lang='lat' dir='ltr'><strong>svu,</strong></span> <span class='ocrx_word' id='word_1_902' title='bbox 926 5613 977 5667; x_wconf 82' lang='lat'><strong>5.</strong></span> <span class='ocrx_word' id='word_1_903' title='bbox 1054 5612 1075 5643; x_wconf 87' lang='grc'><strong>⁸</strong></span> <span class='ocrx_word' id='word_1_904' title='bbox 1109 5614 1295 5668; x_wconf 80' lang='lat' dir='ltr'><strong>Matth.</strong></span> <span class='ocrx_word' id='word_1_905' title='bbox 1327 5630 1401 5678; x_wconf 85' lang='lat' dir='ltr'><strong>tv,</strong></span> <span class='ocrx_word' id='word_1_906' title='bbox 1443 5614 1528 5670; x_wconf 88' lang='grc' dir='ltr'>1ο.</span> 
     </span>
    </p>
   </div>
   <div class='ocr_carea' id='block_1_116' title="bbox 399 5685 798 5754">
    <p class='ocr_par' dir='ltr' id='par_1_116' title="bbox 399 5685 798 5754">
     <span class='ocr_line' id='line_1_116' title="bbox 399 5685 798 5754; baseline -0.02 -9"><span class='ocrx_word' id='word_1_907' title='bbox 399 5689 529 5745; x_wconf 85' lang='lat' dir='ltr'><strong>Luc.</strong></span> <span class='ocrx_word' id='word_1_908' title='bbox 572 5703 667 5754; x_wconf 81' lang='lat' dir='ltr'><strong>ut,</strong></span> <span class='ocrx_word' id='word_1_909' title='bbox 708 5685 798 5741; x_wconf 69' lang='lat'><strong>48.</strong></span> 
     </span>
    </p>
   </div>
   <div class='ocr_carea' id='block_1_117' title="bbox 1602 5546 3224 5613">
    <p class='ocr_par' dir='ltr' id='par_1_117' title="bbox 1602 5546 3224 5613">
     <span class='ocr_line' id='line_1_117' title="bbox 1602 5546 3224 5613; baseline 0.001 -14"><span class='ocrx_word' id='word_1_910' title='bbox 1602 5546 1621 5576; x_wconf 92' lang='grc'><em>³</em></span> <span class='ocrx_word' id='word_1_911' title='bbox 1659 5546 1851 5603; x_wconf 83' lang='lat' dir='ltr'><strong>Matth.</strong></span> <span class='ocrx_word' id='word_1_912' title='bbox 1880 5563 2067 5613; x_wconf 78' lang='lat' dir='ltr'><strong>xxvm,</strong></span> <span class='ocrx_word' id='word_1_913' title='bbox 2090 5547 2177 5603; x_wconf 88' lang='grc'>18.</span> <span class='ocrx_word' id='word_1_914' title='bbox 2278 5550 2300 5578; x_wconf 77' lang='grc'><strong><em>⁵</em></strong></span> <span class='ocrx_word' id='word_1_915' title='bbox 2332 5547 2492 5601; x_wconf 80' lang='lat' dir='ltr'><strong>Jdan.</strong></span> <span class='ocrx_word' id='word_1_916' title='bbox 2530 5564 2569 5611; x_wconf 84' lang='lat' dir='ltr'><strong>t,</strong></span> <span class='ocrx_word' id='word_1_917' title='bbox 2602 5548 2656 5603; x_wconf 80' lang='lat'><strong>3.</strong></span> <span class='ocrx_word' id='word_1_918' title='bbox 2755 5550 2778 5583; x_wconf 88' lang='grc'><strong><em>⁸</em></strong></span> <span class='ocrx_word' id='word_1_919' title='bbox 2813 5546 2831 5599; x_wconf 89' lang='grc'><strong>1</strong></span> <span class='ocrx_word' id='word_1_920' title='bbox 2864 5547 2992 5600; x_wconf 82' lang='lat' dir='ltr'><strong>Cor.</strong></span> <span class='ocrx_word' id='word_1_921' title='bbox 3016 5560 3135 5612; x_wconf 83' lang='lat' dir='ltr'><strong>vm,</strong></span> <span class='ocrx_word' id='word_1_922' title='bbox 3170 5546 3224 5604; x_wconf 85' lang='lat'><strong>6.</strong></span> 
     </span>
    </p>
   </div>
   <div class='ocr_carea' id='block_1_118' title="bbox 1628 5618 3064 5684">
    <p class='ocr_par' dir='ltr' id='par_1_118' title="bbox 1628 5618 3064 5684">
     <span class='ocr_line' id='line_1_118' title="bbox 1628 5618 3064 5684; baseline -0.002 -12"><span class='ocrx_word' id='word_1_923' title='bbox 1628 5618 1647 5649; x_wconf 84' lang='lat'><strong>’</strong></span> <span class='ocrx_word' id='word_1_924' title='bbox 1682 5618 1813 5673; x_wconf 85' lang='lat' dir='ltr'><strong>Luc.</strong></span> <span class='ocrx_word' id='word_1_925' title='bbox 1844 5635 1893 5681; x_wconf 72' lang='grc' dir='ltr'>ι.</span> <span class='ocrx_word' id='word_1_926' title='bbox 1946 5620 2031 5677; x_wconf 81' lang='grc'><strong>19.</strong></span> <span class='ocrx_word' id='word_1_927' title='bbox 2150 5620 2191 5650; x_wconf 84' lang='grc'><strong>¹⁰</strong></span> <span class='ocrx_word' id='word_1_928' title='bbox 2241 5619 2370 5674; x_wconf 78' lang='lat' dir='ltr'><strong>ibid.</strong></span> <span class='ocrx_word' id='word_1_929' title='bbox 2414 5620 2499 5673; x_wconf 89' lang='grc'><strong>18.</strong></span> <span class='ocrx_word' id='word_1_930' title='bbox 2610 5620 2649 5651; x_wconf 82' lang='grc'><strong>²¹</strong></span> <span class='ocrx_word' id='word_1_931' title='bbox 2678 5620 2810 5676; x_wconf 81' lang='lat' dir='ltr'><strong>Luc.</strong></span> <span class='ocrx_word' id='word_1_932' title='bbox 2845 5635 2939 5684; x_wconf 74' lang='grc' dir='ltr'>ιιι,</span> <span class='ocrx_word' id='word_1_933' title='bbox 2979 5618 3064 5673; x_wconf 85' lang='grc'>16.</span> 
     </span>
    </p>
   </div>
   <div class='ocr_carea' id='block_1_119' title="bbox 3326 5546 3661 5613">
    <p class='ocr_par' dir='ltr' id='par_1_119' title="bbox 3326 5546 3661 5613">
     <span class='ocr_line' id='line_1_119' title="bbox 3326 5546 3661 5613; baseline 0.003 -10"><span class='ocrx_word' id='word_1_934' title='bbox 3326 5546 3349 5577; x_wconf 81' lang='grc'><strong>⁸</strong></span> <span class='ocrx_word' id='word_1_935' title='bbox 3381 5548 3399 5603; x_wconf 93' lang='lat' dir='ltr'><strong>I</strong></span> <span class='ocrx_word' id='word_1_936' title='bbox 3432 5547 3562 5603; x_wconf 90' lang='lat' dir='ltr'><strong>Cor.</strong></span> <span class='ocrx_word' id='word_1_937' title='bbox 3593 5564 3661 5613; x_wconf 80' lang='lat' dir='ltr'><strong>tt,</strong></span> 
     </span>
    </p>
   </div>
   <div class='ocr_carea' id='block_1_120' title="bbox 3179 5616 3658 5690">
    <p class='ocr_par' dir='ltr' id='par_1_120' title="bbox 3179 5616 3658 5690">
     <span class='ocr_line' id='line_1_120' title="bbox 3179 5616 3658 5690; baseline 0.008 -18"><span class='ocrx_word' id='word_1_938' title='bbox 3179 5617 3223 5648; x_wconf 84' lang='lat'>“</span> <span class='ocrx_word' id='word_1_939' title='bbox 3253 5616 3445 5675; x_wconf 75' lang='lat' dir='ltr'><strong>Matth.</strong></span> <span class='ocrx_word' id='word_1_940' title='bbox 3478 5636 3555 5688; x_wconf 75' lang='grc' dir='ltr'>ιι,</span> <span class='ocrx_word' id='word_1_941' title='bbox 3589 5622 3658 5690; x_wconf 79' lang='lat'><strong>5;</strong></span> 
     </span>
    </p>
   </div>
  </div>
