2004 3104
235 129 286 160 43)
342 131 350 135 ”

233 186 325 214 statim
351 186 471 220 subiecit
488 195 496 214 :
518 186 631 222 Vigilate
645 187 738 224 igitur,
759 190 820 225 quia
832 192 946 223 nescitis,
963 200 1015 226 qua
1031 194 1054 222 Α

233 228 298 255 hora
330 228 457 257 Dominus
476 235 560 258 vester
581 236 703 259 venturus
720 233 753 259 rit
772 233 792 260 '.
829 234 862 261 Et
885 242 1015 268 rursum;

234 274 294 307 Qua
307 275 371 302 liora
387 284 437 302 non
454 277 555 311 putatis
566 276 649 304 Filius
666 279 778 306 hominis
793 280 873 307 veniet
888 280 911 307 '.
938 279 1015 313 Quod

233 323 255 349 si
280 323 317 350 uti
332 323 401 351 Dens
414 325 573 360 ignorasset,
586 325 732 353 dicendum
744 332 818 355 eral:
831 327 946 363 Vigilate
964 329 1018 365 igi-

232 370 286 398 tur,
300 367 361 401 quia
369 367 469 398 nescio.
482 372 510 394 et
524 375 578 402 qua
601 368 668 397 hora
681 377 735 397 non
760 375 836 406 puto.
851 372 910 399 Non
924 376 1015 400 autem

232 409 268 436 ila
278 410 356 441 dixit,
373 410 431 442 sed,
454 410 522 442 Quia
538 412 643 440 nescius
668 421 722 445 ros,
740 419 778 447 et,
794 415 852 447 Qua
867 416 932 443 liora
964 425 1016 444 non

232 457 340 488 patulis,
362 457 563 485 utosteederet
594 459 732 487 hominum
767 469 827 490 esse
873 464 1014 498 proprium

230 502 544 540 ignorare.Quapropter
556 514 650 534 eorum
668 513 696 536 et
709 509 767 544 ipse
777 518 886 538 carnem
898 511 1015 539 similem

230 548 344 581 hahcns.
373 555 400 577 ct
412 551 495 578 homo
509 551 597 579 factus
609 553 726 587 diccbat,
753 554 792 582 Ne
809 556 893 583 Filius
906 556 1014 591 quidem

229 594 314 622 novit.
331 594 396 622 Nam
406 601 432 624 et
446 597 480 624 de
494 598 551 625 Noe
568 606 621 626 non
635 599 713 632 dixit,
729 599 786 627 Non
804 602 939 637 cognovit.
956 602 1013 634 sed.

229 639 289 666 Non
329 648 526 677 cognoverunt,
566 646 648 671 donec
689 645 816 673 diluvium
841 648 940 675 t'enit'.
974 647 1015 676 Illi

229 686 302 713 enim
319 695 372 715 non
391 690 601 724 cognoscebant,
620 691 679 726 ipse
704 696 795 719 autem
813 692 946 721 diluvium
973 693 1015 721 in-

230 731 336 759 ducens
358 735 550 769 cognoscebat.
581 735 764 769 Quamobrem
778 742 806 765 et
832 739 891 766 Noe
924 739 1012 767 dixit:

228 777 366 812 Ingredere
390 784 427 813 tu,
448 786 472 807 et
484 781 533 812 ﬁlii
546 782 584 807 tui
613 782 652 808 tui
680 783 707 809 in
733 784 859 811 arcam‘.
884 784 913 812 Si
941 785 1013 812 enim

229 823 390 858 ignorasset,
429 833 482 853 non
521 827 693 861 praedixisset
722 826 937 864 Noe:Septimo
981 831 1013 857 ab

228 869 287 896 hinc
307 871 347 897 die
360 871 483 898 inducam
508 872 623 906 pluviam
650 882 728 908 super
747 879 845 902 terram
860 876 880 902 '.
916 875 1017 909 Quem-
1031 867 1054 897 Β

229 915 374 943 admodum
405 918 477 945 enim
518 918 598 946 homo
634 919 721 947 factus
759 927 821 948 cum
854 921 1013 949 hominibus

229 962 324 993 esurit.
341 968 365 990 et
383 963 450 995 sitit,
463 969 490 992 et
516 965 630 1000 patitur,
659 967 697 994 sic
709 974 771 993 cnm
798 967 956 995 hominibus
986 973 1016 996 ut

229 1008 311 1035 homo
326 1016 380 1035 non
397 1010 482 1038 novit.
493 1010 625 1039 Divinitas
639 1017 729 1040 autem
744 1013 771 1040 in
785 1013 866 1041 Patre
877 1015 1014 1043 exsistens

229 1058 257 1079 et
275 1053 391 1082 Verbum
409 1060 435 1083 et
454 1057 587 1091 sapientia
599 1059 685 1091 novit,
701 1063 729 1086 et
750 1059 817 1086 nihil
837 1059 954 1096 ignorat.
970 1060 1016 1088 Sic

229 1104 257 1128 et
273 1100 307 1128 de
320 1100 422 1129 Lazaro
431 1108 460 1129 ut
477 1103 559 1131 homo
575 1109 781 1139 percunctatur,
796 1107 843 1141 qui
860 1112 1016 1139 venerat,nt

229 1152 291 1173 eum
309 1146 336 1174 in
356 1147 437 1175 vitam
453 1153 603 1183 revocaret,
614 1151 715 1185 quique
729 1157 852 1185 noverat,
866 1152 937 1180 unde
949 1153 1010 1180 axi-

229 1199 300 1219 mam
315 1192 374 1228 ejus
401 1193 512 1222 acciret.
524 1195 612 1230 Majns
624 1201 715 1224 autem
728 1202 769 1224 est
781 1198 863 1231 scireI
879 1199 924 1226 ubi
943 1204 1016 1227 esset

228 1238 318 1265 anima
332 1239 400 1274 ejus,
415 1247 495 1274 quam
517 1249 608 1274 nosse,
633 1243 678 1270 ubi
693 1243 810 1271 cadaver
833 1245 944 1280 iaceret.
977 1247 1015 1275 lta

229 1284 379 1320 discipulos
395 1286 475 1313 etiam
493 1287 651 1323 interrogat,
668 1297 730 1316 cum
746 1291 866 1319 venisset
886 1292 912 1318 in
927 1299 1016 1328 partes

228 1331 371 1364 Caesarem,
387 1336 415 1360 et
429 1333 512 1360 sciret
527 1338 673 1369 antequam
698 1335 796 1363 Petrus
823 1338 1014 1372 responderet.

230 1377 296 1405 Nam
309 1378 330 1406 si
342 1386 384 1409 ea.
395 1379 428 1406 de
443 1379 542 1414 quibus
556 1380 686 1409 Dominus
696 1383 921 1416 percontabatur,
935 1383 1016 1411 Pater

230 1423 311 1451 Petro
326 1424 464 1455 revelavit.
480 1426 655 1461 perspicuum
667 1428 745 1455 estid
759 1436 807 1462 per
818 1428 916 1457 Filium
932 1429 1016 1457 fuisse

231 1469 330 1496 factum
346 1479 352 1497 :
367 1469 448 1497 Nemo
460 1472 529 1497 enim
548 1471 647 1499 Filium
668 1474 737 1499 novit
750 1474 801 1500 nisi
820 1474 912 1508 Pater,
932 1483 1016 1512 neque

230 1514 341 1542 Putrem
366 1516 503 1551 quisquam
532 1518 613 1549 navit,
643 1518 693 1544 nisi
721 1518 820 1551 Filius,
847 1526 871 1547 et
897 1522 941 1548 cui
971 1530 1014 1548 ινο-
1031 1537 1052 1565 C

231 1561 310 1590 tuerit
330 1561 412 1589 Filius
440 1562 556 1590 revrtar:
570 1563 589 1590 '.
621 1563 697 1597 Quod
725 1565 746 1592 si
781 1565 870 1594 Patris
900 1567 1017 1603 Filiique

231 1608 351 1643 cognitio
367 1616 415 1643 per
426 1608 524 1636 Filium
539 1608 578 1640 lit,
595 1618 649 1637 non
671 1615 712 1637 est
728 1611 852 1642 dubium.
876 1613 941 1648 quin
957 1615 1016 1649 ipse

230 1654 362 1681 Dominus
377 1654 547 1690 interrogans
577 1656 652 1690 prius
671 1657 827 1691 patefecerit
841 1659 934 1690 Petro,
958 1667 1017 1694 quae

230 1699 338 1727 aPatre
362 1704 514 1733 acceperat,
530 1700 628 1727 deinde
652 1704 741 1728 autem
767 1702 941 1739 interrogarit
965 1704 1014 1731 hu-

230 1753 314 1773 mano
334 1754 422 1778 more,
443 1751 471 1773 ut
492 1746 534 1774 hic
549 1746 630 1773 etiam
656 1747 813 1774 ostenderet
848 1756 877 1775 se
906 1749 951 1784 qui
989 1755 1019 1778 ut

231 1793 315 1819 homo
328 1793 486 1827 interrogat,
504 1796 533 1819 ut
545 1792 630 1819 Deum
651 1792 732 1825 scire,
752 1801 812 1827 quas
837 1793 932 1822 Petrus
947 1801 1019 1823 esset

231 1846 424 1873 responsurus.
453 1839 573 1866 Noverat
601 1839 725 1874 profecto
743 1839 837 1873 Filius,
850 1841 896 1876 qui
909 1842 1018 1869 Patrem

231 1885 425 1920 cognoscebat,
443 1892 495 1919 qua
508 1885 618 1916 quidem
629 1886 784 1921 cognitione
796 1894 847 1914 nec
863 1888 952 1922 majus
968 1896 1020 1915 nec

231 1931 380 1967 perfectius
402 1931 549 1966 quidquam
566 1939 627 1958 esse
652 1937 753 1967 potest.

266 1978 413 2013 Apostolus
424 1978 451 2005 in
463 1978 582 2005 secunda
595 1979 627 2006 ad
635 1979 792 2006 Corinthios
801 1978 918 2014 Epistola
929 1989 936 2008 :
948 1980 1019 2013 Scio,

230 2025 329 2059 inquit,
345 2025 475 2051 hominem
493 2024 520 2051 in
537 2023 642 2051 Christo
656 2029 717 2051 alue
727 2033 809 2052 annos
823 2027 1019 2060 qualuordecim

230 2071 283 2097 sive
292 2070 319 2096 in
333 2077 440 2104 corpore
460 2070 557 2101 nescio,
573 2070 626 2096 siue
635 2074 710 2096 extra
717 2078 811 2103 corpus
820 2072 907 2098 nescio
919 2080 929 2104 ,'
947 2072 1018 2099 Deus

231 2117 280 2143 scit
296 2116 316 2142 ".
335 2115 404 2148 Quid
432 2115 543 2142 dicitis?
557 2114 673 2142 Novitne
685 2116 830 2151 Apostolus
850 2124 910 2151 qua:
933 2117 961 2144 in
985 2125 1017 2145 ea

231 2161 335 2188 visione
350 2160 386 2188 illi
409 2160 577 2194 acciderunt,
611 2161 735 2195 quamvis
756 2161 839 2193 dicat,
856 2162 965 2195 Nescio,
982 2171 1016 2190 an

231 2216 286 2236 non
306 2207 399 2235 novit?
422 2206 449 2234 Si
462 2214 523 2234 eum
537 2207 642 2242 negatis
655 2214 746 2239 nosse,
761 2208 861 2240 videte.
881 2215 927 2241 ne,
944 2216 1020 2237 erro-
1037 2204 1057 2232 Ι)

233 2255 310 2282 ribus
324 2254 437 2287 assueti,
460 2256 487 2281 in
508 2254 644 2290 Phrygum
662 2254 831 2288 impietatem
850 2255 1017 2283 delabamini

231 2302 277 2337 qni
294 2306 349 2328 tum
364 2301 511 2336 prophetas
526 2305 581 2327 tum
602 2301 670 2327 alios
682 2300 763 2329 Verbi
778 2300 917 2328 ministros
933 2308 1017 2336 nega-

231 2349 297 2376 bant
308 2347 390 2380 scire,
405 2354 465 2382 quae
479 2347 521 2374 vel
542 2346 674 2378 facerent,
688 2346 730 2373 vel
758 2347 933 2374 nuntiarent.
969 2346 1016 2374 Sin

230 2395 421 2427 novitdicens,
439 2393 499 2420 Non
516 2392 588 2425 navi,
601 2392 664 2427 quia
673 2392 813 2420 Christum
829 2392 857 2419 in
871 2400 901 2419 se
926 2393 1018 2420 omnia

230 2441 282 2469 sibi
304 2440 511 2475 patelacientem
531 2438 658 2470 habebat.
688 2445 780 2465 nonne
807 2445 855 2473 per
876 2437 1017 2465 Christum

231 2487 450 2523 impugnantium
469 2494 518 2513 eor
543 2493 607 2512 vere
629 2485 772 2515 evertitur.
788 2490 816 2512 et
843 2492 892 2519 per
904 2492 936 2512 se
952 2492 1020 2512 con-

173 2556 177 2562 .
231 2535 385 2565 demnatur.
403 2533 447 2568 qui
468 2539 529 2560 cum
543 2531 703 2566 Apostolnm
713 2531 861 2563 dicentem,
873 2530 934 2558 Non
949 2531 1019 2564 novi,

230 2587 314 2608 nosse
326 2577 647 2610 concedant,Chrirtum
674 2577 820 2608 dicentem.
853 2577 913 2603 Non
948 2577 1021 2607 novi.

231 2633 314 2653 nosse
341 2623 459 2661 negent?
477 2624 624 2659 Apostolus
644 2623 727 2659 igitur
753 2622 937 2657 patefaciente
967 2621 1022 2649 sibi

280 2706 289 2720 ¹
304 2705 399 2733 Matth.
419 2711 494 2737 xxtv,
509 2703 555 2729 Η..
607 2702 617 2717 ¹
658 2701 723 2728 an.
743 2708 793 2730 xu.
808 2699 854 2737 4Q.
907 2699 918 2713 ‘
947 2698 1041 2726 Matth.

232 2749 271 2773 Χι,
297 2740 355 2774 27;
384 2740 449 2767 Luc.
476 2735 504 2771 ἱ,
542 2737 588 2765 ‘22.
626 2737 636 2753 ⁷
655 2736 754 2763 lonr.
770 2743 819 2767 xu,
835 2735 863 2761 2.

852 136 1040 167 ΕΠΓΠΥΜΙΙ
1060 137 1240 170 ZIGABENI

1068 192 1178 227 ἄγνοιαν
1194 196 1328 231 παραθεὶς
1341 198 1423 231 εὐθὺς
1437 199 1561 235 ἐπήγαγε
1573 209 1580 217 ·
1594 201 1771 236 Γρηγορεῖτε
1782 202 1852 237 οὖν,

1074 239 1119 266 ὅτι
1133 242 1188 268 οὐκ
1204 242 1304 270 cloare
1317 245 1389 278 ποίᾳ
1403 244 1463 279 ὥρᾳ
1477 247 1494 272 ὁ
1508 246 1615 279 Κύριος
1628 247 1713 281 ὑμῶν
1726 248 1852 283 ἔρχεται.

1072 286 1126 312 Καὶ
1138 286 1220 314 πάλιν
1230 294 1238 303 ⁸
1248 285 1285 324 ᾟ
1302 291 1337 316 οὺ
1348 289 1462 317 δοκεῖτε
1480 290 1541 324 ὥρᾳ
1550 293 1567 318 d
1588 292 1656 325 Υἱὸς
1675 292 1727 320 τοῦ
1744 293 1853 328 ἀνθρώ‹

1071 339 1130 358 που
1144 331 1271 366 ἔρχεται.
1284 335 1357 362 Ἔδει
1373 335 1413 368 δὲ,
1427 336 1505 371 εἰπερ
1521 334 1555 372 ἦν
1572 338 1676 371 ἀγνοῶν
1693 338 1801 371 θεῑκῶς,
1818 341 1853 366 εί-

1071 377 1144 410 πεῖν,
1161 378 1325 415 Γρηγορεῖτε
1342 378 1400 414 οὖν,
1419 381 1460 409 ὅτι
1479 382 1529 409 οὔκ
1547 380 1616 415 οἴδα,
1636 384 1684 410 καὶ
1737 385 1768 411 οὗ
1784 384 1852 411 δοκῶ

1070 421 1140 457 ὥρᾳ.
1149 423 1207 451 Νῦν
1217 424 1244 451 δὲ
1253 425 1331 452 τοῦτο
1341 427 1390 461 μὲν
1397 427 1446 453 οὐκ
1455 427 1542 461 εἶπεν,
1552 428 1670 463 εἰρηκὼς
1678 429 1716 461 δὲ.
1725 430 1765 456 ὅτι
1776 439 1786 455 ι
1798 430 1852 457 Οὐκ

1069 468 1157 495 οίδατε
1173 469 1261 504 ὑμεῖς,
1278 481 1287 497 ι
1300 472 1356 504 καὶ,
1372 482 1382 498 ‹
1423 474 1453 500 οὐ
1470 473 1572 500 δοκεῖτε
1586 474 1657 509 ὥρᾳ,
1668 484 1678 501 ›
1692 475 1800 508 ἔδειξεν,
1813 477 1851 503 ὅτι

1070 514 1124 542 τῶν
1137 515 1287 551 ἀνθρώπων
1302 518 1360 545 ἐστὶ
1372 521 1400 545 ἰδ
1415 519 1532 554 ἀγνοεῖν,
1547 520 1581 547 δι’
1588 519 1635 552 οὓς
1650 521 1697 547 καὶ
1712 522 1792 553 αὐτὸς
1805 521 1852 557 τὴν

1069 559 1165 594 ὁμοίαν
1180 562 1271 589 αὐτῶν
1287 563 1356 598 ἔχων
1371 564 1471 600 σάρκα,
1488 567 1534 593 καὶ
1548 566 1695 602 ἄνθρωπος
1708 567 1853 603 γενόμενος

1069 605 1171 640 ἔλεγεν,
1188 607 1230 634 ὅτι
1248 608 1325 636 οὐδὲ
1339 611 1356 636 ό
1371 611 1436 643 mc
1452 610 1524 639 οἶδε.
1542 612 1596 638 Καὶ
1614 612 1668 647 γὰρ
1683 613 1731 639 καὶ
1745 613 1790 639 ἐπὶ
1805 613 1850 639 τοῦ

1068 651 1130 678 Νῶε
1145 652 1195 679 οὐκ
1210 650 1362 687 εἶπεν,οὺκ
1376 655 1461 689 ἐγνω,
1474 657 1591 684 ἀλλὀὐκ
1605 657 1725 691 ἔγνωσαν
1739 659 1789 689 ἕως
1801 656 1847 694 ἧλ-

1069 696 1115 723 θεν
1130 698 1144 724 ό
1159 700 1360 735 κατακλυσμὸς.
1376 702 1406 728 Ol
1424 702 1474 736 μὲν
1489 703 1542 737 γὰρ
1557 703 1607 729 οὐκ
1623 703 1781 737 ἐγίνωσκον,
1795 705 1809 730 6
1824 704 1854 731 δὲ

1068 743 1114 769 τὸν
1133 745 1326 781 κατακλυσμὸν
1343 747 1454 781 ἐπάγων
1472 748 1615 782 ἐγίνωσκε.
1639 749 1689 776 Διὰ
1707 749 1787 776 τοῦτο
1807 750 1854 776 καὶ

1067 789 1106 823 τῷ
1122 789 1182 816 Νῶε
1198 791 1308 826 εῐρηκεν
1318 801 1324 808 ·
1335 793 1472 827 Εἵσελθε,
1488 795 1529 822 σὺ
1544 796 1593 822 καὶ
1610 797 1636 822 οι
1651 796 1714 823 υἱοί
1729 803 1787 823 σου
1811 797 1855 829 εἷς

1067 834 1126 869 τὴν
1142 837 1278 865 κιϐωτόν.
1294 838 1325 864 Εἰ
1344 839 1398 873 γὰρ
1415 837 1448 874 ἦν
1466 840 1588 874 ἀγνοῶν,
1606 841 1656 867 οὐκ
1675 842 1707 868 ἂν
1725 841 1854 876 προέλεγε
1884 872 1887 875 Δ

1068 881 1107 915 τῷ
1122 881 1194 914 Νῶε,
1207 882 1269 909 Ἔτι
1286 883 1341 918 γὰρ
1357 884 1476 918 ἡμερῶν·
1489 885 1565 912 ἑπτὰ
1579 885 1636 920 ἐγὼ
1650 885 1749 921 ἐπάνω
1765 887 1855 913 ὑετὸν·

1066 925 1115 953 ἐπὶ
1129 926 1187 960 τὴν
1200 927 1269 962 γῆν.
1280 928 1389 964 Ὠσπερ
1402 930 1455 965 γὰρ
1470 931 1613 966 ἄνθρωπος
1627 932 1771 966 γενόμενος
1786 932 1854 967 μετὰ

1067 971 1218 1006 ἀνθρώπων
1231 974 1311 1008 πεινᾷ
1321 993 1328 1005 ,
1343 975 1391 1000 καὶ
1405 975 1486 1010 διψᾷ,
1502 976 1549 1002 καὶ
1565 976 1664 1011 πάσχει
1674 996 1681 1007 ,
1698 977 1770 1003 οὕτω
1785 977 1855 1011 μετὰ

1068 1016 1117 1051 μὲν
1133 1016 1283 1051 ἀνθρώπων
1298 1019 1336 1050 ὡς
1352 1019 1496 1054 ἄνθρωπος
1511 1020 1561 1047 οὐκ
1579 1017 1648 1053 οἵδε,
1665 1021 1762 1052 θεῖχῶς
1779 1021 1807 1047 δὲ
1826 1023 1854 1047 ἐν

1067 1062 1105 1097 τῷ
1125 1062 1213 1098 Πιτρὶ
1232 1062 1270 1090 ὢν
1290 1063 1328 1095 ὡς
1348 1064 1435 1098 Λόγος
1455 1065 1502 1092 καὶ
1521 1065 1603 1099 σοφία
1623 1064 1688 1098 οἵδε,
1709 1066 1757 1093 καὶ
1777 1066 1854 1092 οὐδέν

1067 1108 1140 1135 ἐστιν
1159 1108 1172 1134 ὅ
1192 1110 1295 1143 ἀγνοεῖ.
1312 1110 1391 1137 Οὕτω
1410 1111 1457 1137 καὶ
1476 1112 1541 1147 περὶ
1559 1112 1687 1148 Λαζάρου
1707 1112 1788 1139 πάλιν
1806 1113 1854 1139 ἀν-

1068 1154 1210 1189 θρωπίνως
1228 1156 1393 1183 πυνθάνεται
1408 1159 1421 1184 ὁ
1437 1158 1564 1185 ἀπελθὼν
1578 1159 1684 1194 ἐγεῖραι
1698 1159 1789 1190 αὐτὸν,
1806 1159 1854 1186 καὶ

1067 1200 1145 1232 εἰδὼς
1161 1201 1243 1227 πόθεν
1257 1201 1453 1230 ἀνακαλέσεται
1466 1203 1516 1238 τὴν
1530 1203 1655 1239 Λαζάρου
1669 1203 1767 1239 ψυχήν.
1782 1204 1848 1230 Μεῖ-

1066 1245 1112 1279 ζον
1130 1247 1159 1273 δὲ
1177 1247 1207 1273 τὸ
1230 1248 1328 1275 εἰδέναι
1350 1248 1401 1275 ποῦ
1424 1247 1458 1284 ἦν
1480 1248 1586 1285 ἡψυχὴ
1615 1249 1662 1276 τοῦ
1686 1249 1785 1276 ειδέναι
1801 1248 1852 1275 ποῦ

1070 1291 1159 1318 ἔκειτο
1172 1292 1202 1318 τὸ
1218 1293 1307 1328 σῶμα.
1322 1293 1401 1320 Οὕτω
1416 1294 1462 1321 καὶ
1474 1294 1528 1321 τῶν
1545 1294 1674 1330 μαθητῶν
1688 1295 1854 1322 πυνθάνεται

1067 1338 1152 1364 ἐλθὼν
1173 1339 1214 1370 εἰς
1232 1339 1266 1366 τὰ
1290 1340 1361 1375 μέρη
1383 1341 1564 1376 Καισαρείας,
1583 1341 1684 1377 καίπερ
1705 1342 1782 1373 εἰδὼς
1805 1342 1854 1369 καὶ

1069 1384 1135 1419 πρὶν
1158 1384 1359 1420 ἀποκρίνασθαι
1383 1387 1426 1412 τὸν
1451 1388 1562 1422 Πέτρον.
1588 1388 1617 1413 El
1644 1388 1698 1424 γὰρ
1721 1389 1735 1414 δ
1759 1389 1855 1424 Πατὴρ

1067 1431 1227 1467 ἀπεκάλυψε
1241 1432 1279 1467 τῷ
1293 1433 1389 1468 Πέτρῳ
1404 1434 1467 1468 περὶ
1482 1430 1518 1460 ὧν
1533 1434 1546 1459 ὁ
1563 1434 1664 1468 Κύριος
1677 1434 1854 1468 ἐπυνθάνετο,

1066 1476 1144 1511 δῆλόν
1157 1478 1241 1510 ἐστιν,
1255 1478 1296 1504 ὅτι
1311 1478 1355 1505 διὰ
1368 1479 1414 1506 τοῦ
1429 1479 1492 1505 Tir/'3
1509 1480 1620 1513 γέγονεν
1635 1481 1650 1514 ἡ
1666 1480 1854 1515 ἀποκάλυψις.

1067 1523 1175 1555 οὐδεὶς
1185 1523 1239 1558 γὰρ
1254 1522 1317 1551 οἶδε
1329 1524 1382 1551 τὸν
1396 1526 1464 1552 Υὶύν
1476 1526 1502 1551 sl
1516 1525 1558 1559 μὴ
1571 1527 1587 1552 ό
1596 1525 1707 1558 Πατὴρ,
1716 1526 1788 1552 οὐδὲ
1800 1527 1856 1553 τὸν

1069 1570 1184 1605 Πατέρα
1191 1580 1234 1603 τις
1246 1569 1328 1598 οἶδεν
1336 1572 1361 1598 ει
1371 1571 1413 1606 μὴ
1423 1573 1439 1598 ὁ
1449 1572 1526 1605 Υἱὸς,
1537 1573 1586 1599 καὶ
1596 1569 1619 1605 ᾧ
1627 1571 1665 1599 ἂν
1673 1573 1746 1606 θέλῃ
1757 1575 1773 1599 d
1788 1573 1857 1606 ΥΙός

1067 1615 1273 1649 ἀποκαλύψαι.
1288 1615 1348 1642 Εῐδὲ
1365 1615 1398 1643 δι’
1413 1615 1503 1652 Υἱοΰή
1515 1625 1544 1643 τε
1559 1616 1606 1644 τοῦ
1625 1617 1729 1651 Harpe;
1746 1618 1793 1644 καὶ
1807 1618 1856 1644 τοῦ

1069 1660 1134 1687 Υῑοῦ
1158 1661 1260 1695 γνῶσις
1284 1661 1524 1693 ἀποκαλύπτεται.
1548 1663 1598 1689 οὐκ
1623 1663 1793 1698 ἀμφίϐολον,
1817 1664 1858 1696 ὡς

1069 1706 1150 1739 αὐτὸς
1164 1707 1178 1733 ό
1193 1707 1396 1742 πυνθανόμενος
1411 1708 1513 1743 Κύριος
1528 1709 1663 1744 πρότερον
1676 1708 1858 1743 ἀποκαλύψας

1069 1751 1107 1786 τῷ
1123 1752 1217 1787 Πέτρῳ
1230 1752 1263 1779 τὰ
1278 1753 1352 1787 παρὰ
1366 1752 1412 1779 τοῦ
1428 1753 1535 1788 Πατρδς
1550 1753 1662 1788 ὕστερον
1676 1753 1859 1789 ἀνθρωπίνως

1069 1797 1249 1830 ἐπυνθάνετο,
1272 1798 1314 1824 ἵνα
1333 1789 1380 1825 καὶ
1399 1799 1426 1825 ὲν
1444 1798 1532 1834 τούτῳ
1548 1799 1640 1835 δείξῃ,
1657 1800 1698 1826 ὅτι
1716 1800 1860 1834 σαρκιχῶς

1070 1843 1281 1879 πυνθανόμενοε,
1299 1844 1356 1880 ᾔδει
1365 1845 1463 1876 θεῖκῶς
1472 1845 1489 1872 ἃ
1499 1845 1594 1879 ἔμελλε
1605 1846 1694 1879 λέγειν
1713 1847 1727 1872 ό
1737 1845 1857 1881 Πέτρος.

1070 1888 1148 1917 Οἶδεν
1169 1891 1245 1926 ἄραδ
1264 1891 1328 1923 Υἱὸς
1349 1891 1550 1926 γινὼσκωντδν
1569 1892 1667 1919 ἑαυτοῦ
1690 1890 1861 1928 Πατέρα,ἦς

1070 1937 1195 1971 γνώσεως
1209 1936 1271 1963 οὔτε
1287 1937 1388 1972 μεῖζον,
1400 1937 1462 1965 οὕτε
1474 1938 1640 1973 τελειότερον
1652 1939 1685 1965 ἂν
1698 1947 1723 1966 τι
1733 1939 1857 1973 γένοιτο.

1111 1982 1141 2009 '0
1168 1982 1328 2015 Ἀπόστολος
1353 1984 1382 2010 ἑν
1404 1984 1437 2019 τῇ
1464 1984 1577 2019 δευτέρᾳ
1602 1984 1670 2019 πρὸς
1693 1984 1862 2019 Κορινθίους

1070 2027 1336 2062 Ἐπιστολῇςγράφων
1348 2026 1514 2063 φησὶνρῖδα
1526 2030 1684 2063 ἄνθρωπον
1695 2030 1729 2056 ἐν
1741 2029 1863 2063 Χριστῷ

1071 2075 1128 2108 πρὸ
1143 2073 1218 2101 ἐτῶν
1234 2074 1280 2107 ιδ’,
1296 2075 1357 2101 εἴτε
1369 2075 1404 2101 ἐν
1417 2075 1531 2109 σώματι
1545 2076 1600 2102 οὐκ
1612 2074 1688 2108 οἶδα,
1701 2076 1760 2102 sits
1770 2075 1865 2109 ἐκτὸς

1070 2120 1125 2147 τοῦ
1147 2119 1284 2154 σώματος
1302 2120 1358 2147 οὐκ
1377 2119 1452 2147 οἶδα.
1479 2121 1506 2147 Ὀ
1525 2121 1597 2154 Θεὸς
1618 2119 1690 2148 οἶδε.
1712 2121 1745 2147 Τί
1767 2121 1866 2147 τοίνυν

1072 2167 1158 2201 φατες
1175 2165 1253 2193 Οἶδεν
1266 2166 1280 2192 ὁ
1298 2166 1459 2198 ’Δπόστολος
1472 2167 1486 2193 ὃ
1497 2167 1630 2194 πέπονθεν
1641 2169 1670 2195 ὲν
1681 2169 1713 2203 τῇ
1730 2167 1866 2203 ὀπτασίᾳ,

1072 2213 1124 2240 κᾶν
1135 2213 1213 2250 λέγῃ,
1227 2213 1283 2239 Οὒκ
1305 2210 1374 2245 οἶδα,
1396 2213 1476 2249 ἢούκ
1494 2212 1582 2247 οἷδεν;
1604 2215 1634 2241 Et
1657 2214 1707 2249 μὲν
1726 2214 1775 2240 οὐκ
1792 2212 1865 2246 οἶδε,

1073 2259 1169 2284 σκοπεῖ
1185 2266 1199 2284 s
1214 2258 1249 2293 μὴ
1265 2258 1444 2293 μανθάνοντες
1457 2259 1577 2292 πίπτειν,
1590 2260 1689 2295 πέσητε
1705 2260 1749 2286 καὶ
1764 2260 1803 2289 sl;
1811 2260 1869 2295 τὴν

1071 2304 1187 2339 Φρυγῶν
1216 2304 1389 2339 παρανομίαν
1405 2305 1460 2331 τῶν
1477 2306 1609 2339 λεγόντων
1629 2305 1666 2341 μὴ
1684 2306 1782 2333 εἰδέναι
1799 2306 1871 2337 τοὺς

1071 2349 1225 2383 προφήτας,
1241 2347 1309 2383 μηδὲ
1325 2348 1387 2380 τοὺς
1399 2348 1496 2380 ἄλλους
1508 2349 1573 2380 τοὺς
1585 2349 1799 2383 διακονήσαντας
1817 2350 1872 2375 τὸν

1069 2395 1165 2428 Λὸγον,
1179 2395 1247 2430 μήτε
1257 2393 1275 2421 ἃ.
1289 2395 1404 2427 ποιοῦσι,
1416 2394 1484 2429 μήτε
1494 2394 1558 2428 περὶ
1570 2395 1650 2422 τίνων
1665 2395 1867 2429 ἀπαγγέλλου-

1071 2448 1122 2467 σιν.
1133 2440 1163 2466 El
1177 2439 1206 2466 δὲ
1223 2438 1289 2472 οἶδε,
1305 2440 1404 2474 λέγων,
1421 2438 1478 2468 Oi»:
1494 2438 1553 2466 οἶδα
1571 2448 1579 2456 ’
1597 2439 1654 2475 εἶχε
1671 2441 1725 2475 γὰρ
1741 2440 1771 2467 ἑν
1789 2440 1871 2475 αὐτῷ

1070 2484 1115 2510 τὴν
1126 2483 1244 2517 Χριστὸν
1258 2483 1483 2510 ἀποκαλύπτοντα
1494 2483 1528 2511 τὰ
1542 2485 1630 2511 πάντα
1643 2493 1650 2500 ·
1663 2484 1720 2515 πῶ;
1732 2484 1781 2511 οὑκ
1797 2485 1874 2519 άλη-

1072 2529 1126 2560 θῶς
1151 2529 1358 2565 ὲξεστραμμένη
1371 2529 1425 2555 τῶν
1442 2530 1645 2565 χριστομάχων,
1664 2531 1710 2556 καὶ
1727 2530 1875 2566 αὐτοκρά-

1073 2574 1157 2609 τητός
1173 2574 1210 2610 (l)
1227 2575 1301 2601 ἐστιν
1318 2575 1333 2609 ἡ
1347 2574 1456 2609 καρδία,
1467 2575 1507 2601 ὃτι
1520 2575 1567 2601 τὸν
1577 2575 1625 2610 μὲν
1644 2575 1807 2602 ’Δπόστολον
1825 2576 1875 2602 λέ-

1072 2628 1166 2656 γοντα,
1184 2621 1241 2647 Οὐκ
1256 2619 1326 2654 οῐδα,
1342 2621 1464 2655 λέγουσιν
1479 2621 1644 2654 ιίδέναι,τδν
1654 2621 1681 2648 δι
1697 2621 1800 2654 Κύριον
1820 2620 1875 2647 λὲο

1068 2706 1141 2732 xxw,
1165 2697 1210 2726 59.
1256 2697 1350 2726 ‘Gen.
1373 2704 1422 2731 vn,
1450 2698 1476 2725 Ι.
1525 2698 1619 2725 'lbid.
1648 2698 1676 2726 ι.
1728 2698 1738 2714 ⁸
1768 2698 1875 2726 Matth.

263 2814 300 2844 (l)
314 2812 504 2844 Edit._At_banas
525 2810 694 2844 (toru.VXx_\’I,
706 2807 754 2843 col.
772 2807 869 2842 HLA),
887 2805 1019 2844 αδτοιατὰγ

1070 2805 1089 2834 ὃς
1106 2805 1170 2829 ἐστιν
1181 2804 1260 2829 αὐτῶν
1271 2805 1286 2832 ἡ
1296 2813 1320 2829 κ.
1333 2805 1418 2830 Annon
1429 2810 1516 2831 revera
1528 2811 1658 2837 pervertat
1672 2808 1695 2831 et
1709 2806 1883 2836 damnatio”

233 2837 276 2875 pel"
290 2837 484 2875 Serdignissimus
493 2837 533 2869 est
542 2842 584 2867 Dei
596 2841 700 2867 hostium
712 2839 807 2864 animus
824 2837 874 2869 qui,
889 2841 940 2862 etc.
