4008 6208
277 290 374 359 με

1233 304 1606 373 PANOPLIA
1644 315 2107 389 DOGMATICA.
2150 353 2219 365 --
2252 330 2401 395 TlT.
2440 335 2547 395 XI.

3427 349 3531 415 H2

276 429 463 483 γοντα,
493 413 610 469 οὐκ
643 409 784 481 οἶδα,
832 415 1049 485 λιγουσι
1098 419 1176 491 μὴ
1213 422 1448 489 είδέναις
1512 425 1571 481 ’0
1607 429 1707 497 μὲν
1758 427 1847 483 οὖν

1956 430 2095 491 Filio
2123 443 2295 509 novit,
2332 446 2461 514 quid
2487 447 2592 503 sibi
2638 450 2918 509 acciderit.
2948 451 3014 510 Et
3052 455 3172 513 idco
3201 459 3334 517 dicit
3364 483 3378 517 :
3412 464 3531 519 Scio

286 506 634 571 ’Λπύστολος,
667 510 1144 578 ἀποκαλύπτοντας
1171 514 1320 585 αὐτῷ
1343 518 1436 571 τοῦ
1463 518 1616 581 Υίοῦ,
1652 518 1792 576 οἶδεν
1820 523 1849 578 6

271 598 533 655 πέπονθε.
565 600 668 653 Διὰ
702 602 860 656 τοῦτο
888 605 995 674 γάρ
1030 622 1197 676 φησιν
1225 622 1241 639 '
1276 605 1421 664 Οἶδα
1442 609 1759 679 ἄνθρωπον
1781 616 1852 669 ἐν

268 691 521 761 Χριστῷ.
553 695 726 757 Εἰδὼς
761 695 818 750 δὲ
850 699 942 751 τὸν
967 699 1274 773 ἄνθρωπον,
1303 701 1413 758 οἶδε
1433 707 1529 760 καὶ
1560 706 1674 769 πῶς
1700 709 1727 760 6
1757 710 1851 763 ᾶνδ

268 784 490 852 θρωπος
510 788 758 857 ἡρπάγη.
796 786 857 843 Ὀ
873 789 929 841 δὲ
960 791 1259 856 Ἐλισσαῖος
1280 795 1494 865 βλέπων
1516 798 1606 852 τὸν
1641 798 1845 864 Ἠλίαν,

268 871 383 929 οἶδε
434 877 533 930 καὶ
580 877 700 940 πῶς
736 878 1037 949 ἀνελήφθη.
1096 882 1256 937 Ἀλλὰ
1298 885 1499 957 καίπερ
1541 888 1845 955 γινώσκων,

267 967 423 1035 ὅμως
442 968 553 1020 τῶν
577 969 711 1021 υίῶν
725 970 834 1023 τῶν
856 971 1149 1042 προφητῶν
1171 974 1501 1043 νομιζόντων
1547 976 1639 1030 τὸν
1660 979 1847 1031 Ἠλίαν

266 1059 349 1119 είς
372 1055 434 1109 ἓν
456 1057 566 1110 τῶν
588 1058 760 1127 ὁρόων
782 1060 887 1113 ύπδ
912 1062 1006 1114 τοῦ
1044 1063 1357 1133 Πνεύματος
1379 1066 1655 1136 ὲῤῥίφθαι,
1686 1070 1848 1133 αὐτὸς

264 1150 364 1217 τὴν
395 1150 495 1218 μιν
525 1151 701 1222 ἀρχὴν
721 1153 1008 1223 τινιὶισκων
1039 1156 1067 1208 6
1092 1157 1357 1228 ἑώρακεν,
1390 1159 1574 1213 ἔπειθε
1600 1162 1726 1223 τοὺς
1753 1163 1847 1216 ἄν*

263 1241 422 1310 δρας,
461 1243 799 1313 βιαζομένων
830 1246 889 1299 δὲ
924 1249 1149 1302 ἐκείνων
1178 1251 1517 1320 σεσιώπηκε,
1553 1253 1650 1305 καὶ
1716 1268 1846 1307 συν-

267 1332 559 1404 εχώρησεν
592 1335 871 1393 ἀπελθεῖν.
905 1335 1033 1411 Ἆρ’
1061 1340 1154 1395 οὖν
1185 1342 1369 1413 ἐπειδὴ
1402 1343 1848 1413 σεσιώπηκε,οὒκ

267 1427 612 1493 ἐγίνωσκενς
662 1429 928 1497 ιγίνωσκε
978 1434 1076 1502 μὲν
1116 1430 1228 1497 οὖν,
1274 1436 1390 1489 ἀλλ’
1431 1436 1507 1498 ὡς
1548 1437 1649 1491 οὐκ
1690 1438 1847 1501 εἰδὼς

268 1521 688 1591 συνεχώρησεν,
727 1523 813 1577 ἵνα
846 1527 1041 1581 ἐκεῖνοι
1078 1511 1391 1591 πεισθέντες
1418 1530 1630 1600 ’μηκέτι
1664 1533 1847 1585 διστάο

267 1628 407 1664 σωσι
456 1615 583 1684 περὶ
633 1616 732 1684 τῆς
780 1618 1101 1689 ἀναλήψεως
1156 1620 1359 1677 Ἠλίου.
1404 1617 1615 1679 Οὐκοῦν
1666 1625 1846 1695 πολλῷ

266 1703 473 1770 μᾶλλον
501 1706 529 1757 6
563 1707 798 1773 Παῦλος,
822 1711 986 1774 αὐτὸς
998 1711 1075 1765 ὢν
1095 1713 1124 1765 6
1156 1713 1445 1783 ἁρπαγάς,
1471 1712 1579 1769 οἶδε
1608 1717 1701 1771 καὶ
1726 1718 1845 1780 πῶς

1956 526 2221 588 hominem
2256 537 2311 589 in
2363 538 2589 597 Christo.
2626 542 2974 612 Cognoscens
2999 558 3181 603 autem
3230 551 3530 622 hominem,

1956 621 2109 674 novit
2151 623 2312 678 etiam
2356 630 2630 695 quomodo
2677 642 2861 702 raptus
2933 636 3118 692 fuerit.
3202 639 3269 694 Et
3312 621 3535 700 Elisaeus

1956 711 2261 779 suspiciens
2312 715 2506 781 Ellam,
2583 721 2716 776 vidit
2804 728 3077 791 quomodo
3137 740 3330 797 raptus
3407 733 3531 789 fuit.

1956 801 2212 856 Attamen
2241 804 2292 858 id
2320 807 2501 863 sciens
2568 826 2690 864 cum
2770 812 2895 868 liliis
2960 819 3379 886 prophetarum,
3439 823 3531 891 qui

1955 894 2364 950 arbitrabantur
2422 898 2591 953 Ellam
2628 900 2680 954 in
2714 904 2951 972 aliquem
2980 919 3219 963 montem
3255 926 3283 964 a
3322 911 3530 982 Spiritu

1954 985 2260 1054 projectum
2289 1002 2429 1055 esse,
2481 994 2806 1059 persuadere
2856 1012 2965 1050 non
3026 1011 3230 1067 posset,
3282 1006 3411 1071 quin
3472 1008 3533 1060 il-

1955 1074 2066 1128 lum
2097 1079 2324 1131 omnino
2351 1081 2549 1135 vellent
2599 1082 2897 1151 inquirere,
2954 1091 3139 1153 tacuit,
3200 1102 3253 1145 et
3308 1097 3530 1164 acquie-

1952 1166 2033 1221 vit
2062 1183 2251 1223 eorum
2280 1172 2529 1227 consilio.
2569 1172 2705 1228 Num
2774 1176 2939 1245 igitur
2989 1179 3114 1246 quia
3166 1183 3358 1249 tacuit,
3408 1186 3529 1240 ideo

1954 1275 2066 1313 non
2092 1261 2283 1315 novit?
2313 1263 2479 1318 Norat
2538 1265 2628 1319 ille
2665 1266 2903 1334 quidem,
2961 1271 3055 1323 sed
3107 1280 3361 1339 tanquam
3418 1293 3525 1330 non

1953 1362 2167 1418 nosset,
2203 1355 2475 1409 concessit
2532 1366 2589 1410 ut
2622 1368 2953 1426 quazrcrent,
2986 1377 3055 1415 ne
3085 1366 3153 1417 de
3213 1374 3368 1433 raptu
3399 1366 3528 1421 Elim.

1954 1445 2185 1513 amplius
2213 1447 2570 1517 ambigerent.
2604 1448 2758 1514 Quod
2807 1454 3023 1521 quidem
3062 1456 3129 1510 de
3191 1456 3379 1522 Paulo,
3432 1462 3525 1529 qui

1954 1533 2071 1602 ipse
2108 1543 2294 1603 raptus
2320 1536 2439 1599 fuit,
2479 1538 2652 1594 multo
2679 1541 2851 1610 magis
2894 1544 3247 1598 asserendum
3280 1555 3384 1600 est.
3418 1547 3530 1601 No-
3633 1545 3637 1548 ’

1951 1624 2031 1679 vit
2084 1625 2245 1695 igitur
2268 1630 2544 1697 quomodo
2606 1640 2793 1700 raptus
2816 1632 2939 1686 fuit.
2980 1632 3110 1688 Nam
3146 1645 3200 1690 et
3253 1636 3528 1692 Eliasno-

1953 1714 2054 1771 vit.
2095 1716 2150 1771 Si
2179 1719 2301 1787 quis
2322 1728 2524 1783 tamen,
2549 1723 2819 1789 quomodo
2869 1733 3056 1793 raptus
3087 1726 3269 1791 fuerit,
3302 1729 3526 1784 Paulum

267 1795 522 1865 ἡρπάγη.
557 1799 669 1851 Καὶ
702 1801 810 1872 γὰρ
856 1803 1043 1867 Ἠλίας
1072 1805 1357 1871 ἐγίνωσκε,
1393 1811 1488 1860 καὶ
1524 1809 1573 1860 εί
1606 1809 1845 1863 ιπυνθά-

1955 1807 2332 1879 interrogaret,
2388 1788 2597 1867 duabus
2674 1815 2740 1867 de
2789 1817 2990 1879 causis,
3052 1827 3109 1873 ut
3163 1834 3262 1890 ego
3311 1823 3528 1890 quidem

263 1888 390 1941 νετό
421 1905 529 1953 τις,
562 1887 718 1943 εἶτ-εν
750 1891 840 1959 ἂν,
878 1895 990 1955 πῶς
1023 1896 1320 1966 ἀνελήφθη.
1358 1898 1523 1966 Λέγει
1554 1898 1611 1952 δὲ
1639 1900 1790 1969 ὅμως
1821 1900 1851 1953 6

264 1980 504 2050 Παῦλος,
540 1984 651 2036 οὐκ
683 1981 821 2052 οἶδα,
840 1986 933 2040 δύο
967 1986 1167 2041 τούτων
1195 1988 1372 2059 χάριν.
1403 1990 1477 2052 ὥς
1505 2006 1571 2058 γε
1605 1992 1846 2061 νομίζω,

262 2073 385 2137 ἑνὸς
428 2076 528 2145 μὲν
557 2076 633 2139 ώς
665 2078 827 2141 αὐτὸς
855 2076 1031 2147 εἶπεν,
1062 2081 1149 2135 [vat
1185 2084 1259 2151 μὴ
1288 2083 1375 2135 διὰ
1408 2083 1510 2152 τὴν
1542 2085 1851 2156 ὑπερῦολὴν

259 2164 373 2217 τῶν
406 2168 811 2237 ἀποκαλύψεων
846 2172 1035 2240 ἕτερον
1068 2190 1151 2235 τις
1186 2174 1350 2228 αὑτὸν
1383 2175 1674 2246 λογίσηται
1706 2178 1850 2248 ὑπὲρ

257 2255 287 2309 δ
318 2257 513 2326 βλέπει
542 2275 556 2289 ο
583 2260 772 2330 ἑτέρου
798 2262 877 2328 δὲ,
908 2264 988 2317 ὅτι
1020 2266 1115 2318 τοῦ
1148 2266 1400 2337 Σωτῆρος
1429 2269 1702 2336 είπόντος,
1733 2271 1850 2325 Οὐκ

257 2344 406 2414 οἶδα,
435 2350 643 2419 ἔπρεπε
676 2354 769 2406 καὶ
804 2355 963 2407 αὐτὸν
993 2356 1190 2424 εἰπεῖν,
1218 2354 1335 2412 Οὐκ
1358 2356 1496 2423 οἶδα,
1528 2361 1616 2415 ἵνα
1631 2363 1703 2427 μὴ
1728 2360 1852 2428 φαί-

261 2456 427 2509 νηται
456 2441 639 2507 δοῦλος
672 2442 748 2498 ὢν
788 2445 927 2515 ὑπὲρ
956 2446 1046 2500 τὸν
1076 2448 1280 2522 Κύριον
1309 2450 1473 2504 αὐτοῦ
1497 2494 1511 2519 ,
1551 2454 1647 2507 καὶ
1679 2454 1851 2523 μαοηέ

260 2530 361 2600 τὴς
397 2531 539 2603 ὑπὲρ
572 2536 665 2588 τὸν
696 2534 1036 2597 διδάσκαλον.

332 2624 553 2679 Οὐκοῦν
579 2627 609 2678 6
636 2627 714 2699 τῷ
743 2629 939 2697 Παύλῳ
965 2632 1214 2698 δεδωκὼς
1257 2635 1457 2690 ειδέναι
1492 2638 1674 2710 πολλῷ
1710 2638 1847 2709 μᾶλ-
1946 2642 1951 2643 ⁷

251 2716 351 2771 λον
405 2720 569 2783 αὐτὸς
591 2717 719 2776 οἶδε.
752 2725 908 2786 Τίνος
937 2726 1037 2795 μὲν
1066 2724 1159 2780 οὖν
1186 2728 1348 2797 χάριν
1386 2725 1508 2782 εἷπε
1541 2732 1686 2797 τότε,
1728 2734 1844 2786 Οὐκ

251 2805 403 2871 οἶδα,
421 2812 470 2863 εί
488 2811 648 2874 αὐτὸς
665 2810 739 2873 ώς
767 2798 1045 2886 Δεσπῖίιτης
1059 2811 1199 2869 οἶδεν
1225 2833 1241 2881 ;
1270 2817 1355 2880 Ὠς
1375 2818 1430 2870 δὲ
1455 2818 1531 2870 διε
1541 2821 1847 2888 ρευνῶντας

256 2903 627 2972 στοχάζεσθαι
651 2906 782 2977 χρὴ,
812 2908 912 2977 τῆς
937 2908 1095 2976 ἡμῶν
1113 2906 1277 2962 ἕνεκα
1303 2909 1660 2974 λυσιτελείας,
1684 2911 1759 2975 ὥς
1782 2929 1847 2980 γε

252 2996 493 3063 νομίζω,
544 2995 706 3050 τοῦτο
755 3001 1043 3069 πεποίηκε.
1074 3002 1182 3055 Καὶ
1227 3004 1336 3073 γὰρ
1364 3006 1433 3055 τὰ
1472 3004 1574 3074 μὲν
1614 3003 1719 3074 πρὸ
1748 3004 1845 3057 τοῦ

1954 1898 2228 1968 existimo,
2294 1902 2410 1956 Non
2450 1907 2588 1967 novi,
2624 1908 2998 1975 responderet.
3034 1907 3274 1965 Primum
3306 1929 3376 1967 ne
3406 1917 3531 1983 quis

1946 1998 2185 2062 propter
2257 1994 2637 2050 excellentiam
2701 1998 3095 2053 rcvelationum
3159 2001 3384 2057 duceret
3450 2004 3531 2071 ip-

1954 2096 2074 2136 sum
2142 2088 2262 2163 esse
2316 2101 2482 2154 supra
2535 2088 2587 2142 id
2639 2089 2782 2157 quod
2833 2090 3067 2145 videret.
3132 2093 3341 2148 Deinde
3401 2096 3529 2163 quia

1954 2160 2248 2229 Servatore
2281 2186 2533 2246 negante,
2563 2194 2623 2233 se
2654 2195 2841 2247 nosse,
2877 2182 3110 2239 debebat
3135 2191 3190 2237 et
3223 2184 3398 2254 ipsum
3418 2160 3529 2239 _di-

1951 2280 2098 2329 cere,
2126 2266 2340 2330 Nescio,
2377 2283 2446 2322 ne
2490 2285 2613 2323 cum
2660 2278 2807 2325 esset.
2853 2286 3047 2326 servus
3092 2284 3148 2328 et
3201 2274 3526 2345 discipulus,

1952 2357 2180 2413 Domino
2205 2368 2260 2413 et
2295 2370 2629 2432 praeceptore
2660 2364 2836 2435 major
2872 2366 3170 2424 videretur.

2020 2644 2199 2710 Quare
2230 2644 2320 2715 qui
2370 2645 2538 2703 Paulo
2567 2649 2735 2713 dedit,
2762 2660 2822 2707 ut
2871 2652 3053 2717 sciret,
3123 2654 3294 2710 multo
3356 2657 3527 2727 magis

1944 2734 2064 2803 ipse
2094 2737 2263 2789 novit.
2300 2735 2408 2791 Cur
2432 2738 2597 2807 igitur
2622 2748 2749 2796 tunc
2784 2744 3020 2813 negavit,
3045 2759 3102 2799 se
3132 2760 3318 2810 nosse,
3348 2748 3436 2817 qui
3468 2758 3528 2802 ut

1951 2828 2212 2882 Dominus
2263 2832 2449 2883 novit?
2508 2831 2715 2888 Nostra
2746 2834 3007 2889 nimirum
3059 2837 3308 2892 utilitatis
3362 2855 3525 2894 causa

1950 2918 2001 2972 id
2033 2919 2183 2984 fecit,
2209 2921 2255 2973 si
2294 2930 2474 2975 tamen
2520 2922 2654 2978 licet
2701 2927 3038 2998 vestigantes
3086 2928 3289 2998 aliquid
3345 2930 3525 2998 conji-

1950 3026 2095 3066 cere.
2124 3012 2255 3067 Nam
2284 3022 2337 3068 et
2361 3023 2629 3069 eventura
2662 3025 2789 3071 ante
2817 3020 3007 3074 mundi
3059 3021 3220 3076 linem
3252 3022 3527 3093 signiﬁca-

249 3089 454 3151 τέλους
516 3089 841 3144 ἀπαντῶντα
872 3090 1193 3159 δεδήλωκεν,
1227 3094 1340 3158 ἵνα,
1371 3093 1447 3158 ώς
1476 3090 1628 3150 εἶπεν
1658 3098 1842 3163 αὐτὸς,

1951 3104 2052 3167 vit,
2086 3119 2157 3159 ne
2200 3116 2324 3158 cum
2371 3120 2434 3161 ea
2482 3107 2884 3177 contingerent,
2947 3126 3048 3165 nos
3102 3119 3160 3165 ut
3208 3112 3527 3181 peregrinos

258 3182 341 3251 μὴ
374 3181 731 3251 ξενισθῶμεν,
761 3186 1061 3254 γινομένων
1088 3187 1299 3250 αὐτῶν,
1334 3189 1467 3247 ἀλλὰ
1503 3192 1595 3242 καὶ
1624 3192 1689 3244 ὲκ
1717 3197 1844 3245 τού-

254 3291 377 3328 των
409 3276 470 3328 τὸ
504 3277 647 3345 μετὰ
675 3276 851 3330 ταῦτα
876 3278 1027 3342 τέλος
1055 3280 1471 3351 προσδοκῶμεν.
1508 3285 1642 3347 Περὶ
1664 3284 1720 3338 δὲ
1747 3288 1846 3357 τῆς

256 3367 483 3437 ἡμέρας
504 3369 600 3422 καὶ
624 3370 725 3440 τῆς
749 3369 897 3440 ὥρας
926 3372 1026 3425 οὐκ
1054 3373 1287 3444 ἠθέλησε
1317 3376 1514 3440 θεῖκῶς
1537 3380 1733 3442 εἰπεῖν,
1761 3381 1843 3434 δτι

257 3452 413 3519 Dida.
450 3458 588 3512 ἀλλὰ
620 3462 920 3528 σαρκιχῶς,
948 3462 1031 3516 δτι
1058 3464 1172 3516 Οὐκ
1200 3460 1335 3528 οἶδα,
1374 3466 1458 3519 ἵνα
1490 3468 1689 3537 μηκέτι
1744 3471 1843 3523 ιπ-

258 3551 618 3619 ερωτήσωσιν
646 3552 829 3614 αὑτὸν,
869 3555 965 3607 καὶ
991 3554 1231 3626 λοιπδνῆ
1261 3557 1335 3628 μὴ
1361 3558 1598 3628 εἰρηκὼς
1626 3561 1843 3632 λυπήσῃ

257 3641 386 3704 τοὺς
420 3642 751 3714 μαθητὰς,ἦ
781 3644 1197 3716 εἰρηκὼςπαρά
1224 3647 1286 3702 τδ
1343 3652 1620 3720 συμφέρον
1658 3653 1843 3717 αὐτοῖς

258 3734 360 3786 καὶ
394 3737 569 3789 πᾶσιν
597 3736 731 3804 ἡμῖν
761 3739 986 3807 ποιήσῃ.
1020 3739 1085 3792 '0
1115 3738 1225 3808 γὰρ
1259 3741 1325 3794 ἂν
1348 3746 1505 3812 ποιῇ,
1524 3742 1680 3797 τοῦτο
1710 3744 1847 3799 πάν-

257 3842 370 3889 τως
400 3827 545 3895 ὑπὲρ
575 3827 736 3897 ήμῶν
766 3829 950 3892 ἑστιν,
988 3832 1177 3903 ἐπειδὴ
1208 3834 1302 3885 καὶ
1333 3834 1400 3886 δι’
1430 3835 1578 3905 ἡμᾶς
1612 3836 1641 3887 6
1672 3828 1845 3903 Λόγος

259 3920 399 3987 σὰρξ
433 3920 677 3986 ἐγένετο.
714 3920 793 3974 Δι’
825 3922 978 3990 ἡμᾶς
1007 3923 1188 3978 τοίνυν
1226 3919 1417 3978 εἷπεν·
1453 3927 1608 3981 Οὐδὲ
1641 3929 1675 3981 ὁ
1710 3930 1844 3992 me

255 4008 387 4087 οἶδε
409 4054 424 4076 ,
463 4015 557 4066 καὶ
588 4013 715 4066 οὔτε
750 4014 1021 4083 ἐψεύσατο
1053 4014 1313 4085 εἰρηκὼς,
1341 4018 1701 4089 ἀνθρωπίνως
1720 4021 1843 4090 «γὰρ

255 4086 415 4158 εἶπεν
445 4105 519 4168 ώς
546 4106 857 4175 ἄνθρωπος,
888 4107 1004 4160 Οὐκ
1031 4103 1169 4172 οἶδα,
1205 4108 1329 4162 οὔτε
1363 4086 1545 4179 ἀφῆκε
1575 4113 1703 4173 τοὺς
1736 4086 1844 4179 μαξ-

257 4198 435 4266 οητὰς
487 4198 649 4252 αὑτὸν
701 4198 1011 4269 βιάσασθαι.
1065 4200 1319 4271 Εῐρηκὼς
1369 4202 1498 4272 γὰρ,
1532 4204 1646 4257 Οὐκ
1703 4200 1841 4268 οῖδα,

260 4289 463 4358 ἔστησε
496 4289 772 4343 κάκείνων
804 4290 906 4362 τὴν
940 4291 1231 4363 ἐρώτησιν.
1276 4293 1364 4345 Ἐν
1384 4293 1516 4362 γοῦν
1545 4297 1663 4359 ταῖς
1692 4297 1838 4367 Πρά-

262 4378 377 4440 ξεσι
406 4377 515 4429 τῶν
538 4380 850 4434 ἀποστόλων
877 4382 994 4435 ἐστὶ
1022 4383 1430 4453 γεγραμμένον,
1477 4385 1557 4437 ὅτι
1611 4386 1844 4455 ἠρώτων

1947 3205 2002 3251 et
2035 3197 2414 3267 imprudentes
2464 3199 2860 3269 apprimerent,
2913 3202 3006 3257 sed
3045 3211 3105 3257 ut
3147 3218 3212 3257 ex
3251 3204 3374 3267 illis,
3405 3218 3527 3273 quae

1948 3297 2072 3357 post
2126 3290 2291 3356 etiam
2343 3289 2525 3345 futura
2568 3301 2773 3357 essent,
2833 3303 3303 3365 exspectaremus.
3355 3295 3524 3349 -Dicm

1946 3390 2131 3435 autem
2168 3391 2221 3436 et
2256 3370 2446 3435 horam
2477 3382 2655 3436 noluit
2688 3391 2746 3437 ut
2793 3382 2938 3438 Deus
2982 3384 3167 3439 dicere
3222 3401 3280 3440 se
3334 3399 3522 3451 nosse,

1947 3474 2043 3528 sed
2092 3483 2150 3528 ut
2184 3474 2348 3529 homo
2381 3490 2440 3529 se
2468 3474 2687 3545 negavit
2724 3477 2885 3539 scire,
2916 3492 2983 3532 ne
3018 3478 3253 3547 amplius
3288 3478 3526 3532 interro-

1947 3575 2157 3634 garent.
2190 3564 2279 3620 Sic
2306 3566 2471 3637 igitur
2498 3582 2612 3621 rem
2636 3572 2981 3638 temperavit,
3014 3584 3083 3622 ne
3118 3570 3161 3623 si
3195 3570 3277 3623 vel
3302 3571 3526 3623 omnino

1948 3664 2173 3721 taceret,
2205 3656 2427 3710 tristitia
2456 3645 2752 3726 discipulos
2814 3655 3075 3722 alliceret,
3128 3658 3212 3711 vel
3262 3658 3307 3712 si
3362 3659 3523 3727 plane

1946 3746 2298 3817 patefaceret,
2335 3756 2520 3818 ageret
2573 3755 2765 3802 contra
2794 3764 2955 3817 quam
3005 3757 3061 3802 et
3110 3749 3217 3804 illis
3243 3759 3297 3803 et
3363 3751 3524 3807 nobis

1945 3840 2088 3891 foret
2113 3839 2271 3891 utile.
2296 3836 2588 3903 Quoniam
2644 3839 2808 3907 igitur
2840 3848 3067 3907 propter
3112 3854 3214 3893 nos
3284 3838 3520 3892 Verbqu

1945 3942 2071 3981 caro
2100 3928 2301 3983 factum
2330 3938 2431 3989 est.
2462 3935 2682 3998 propter
2702 3943 2799 3982 nos
2830 3928 2996 3983 etiam
3039 3929 3210 3984 dixit:
3242 3928 3318 3984 Ne
3349 3929 3522 3985 Filius

1946 4020 2166 4090 quidem
2195 4020 2372 4074 novit.
2400 4019 2589 4090 Neque
2618 4020 2690 4074 ita
2746 4020 2935 4075 dicens
2968 4022 3231 4076 mentitus
3266 4031 3369 4076 est.
3405 4023 3523 4076 Hu-

1939 4112 2111 4168 mano
2145 4114 2291 4168 enim
2320 4128 2493 4178 more,
2526 4120 2587 4166 ut
2627 4113 2811 4179 homo,
2848 4117 3067 4184 negavit
3133 4130 3192 4169 se
3225 4117 3387 4181 scire,
3421 4131 3523 4169 nec

1946 4208 2226 4276 permisit,
2259 4216 2319 4262 ut
2354 4206 2604 4275 discipuli
2658 4220 2717 4261 se
2781 4208 3017 4277 amplius
3064 4219 3359 4280 urgerent;
3426 4225 3525 4264 ne-

1945 4300 2125 4369 gando
2153 4299 2299 4353 enim
2362 4300 2601 4364 sescire,
2644 4297 2775 4353 fecit
2825 4299 3311 4372 interrogationem
3379 4303 3525 4371 ipso-

1947 4404 2068 4447 rum
2102 4388 2435 4442 consistere.
2468 4387 2538 4441 At
2581 4387 2633 4440 in
2663 4401 2730 4441 eo
2754 4387 2914 4453 libro,
2942 4403 3049 4457 quo
3097 4403 3183 4443 res
3210 4392 3277 4442 ali
3301 4397 3523 4459 aposto-

262 4468 425 4521 αὐτον
466 4470 630 4524 πάλιν
665 4473 717 4524 οί
762 4475 1023 4544 μαθηταὶ,
1067 4476 1198 4529 πότε
1234 4477 1294 4529 τὸ
1332 4476 1485 4541 τέλος
1530 4478 1704 4541 ἔσται,
1749 4479 1841 4531 καὶ

1951 4480 2012 4533 lis
2046 4488 2209 4550 gestae
2235 4480 2605 4545 continentur,
2646 4480 2908 4551 scriptum
2955 4491 3056 4547 est,
3084 4482 3382 4552 discipulos
3418 4482 3523 4536 ite-

265 4560 396 4610 ποτε
428 4562 732 4633 παραγίνῃ,
767 4566 860 4617 καὶ
889 4564 1042 4618 εἷπεν
1074 4568 1257 4630 αὐτοῖς
1290 4568 1691 4639 φανερώτερον*
1719 4572 1842 4638 Οὐχ

264 4649 432 4718 ὑμῶν
462 4652 592 4706 ἐστι
621 4652 839 4721 γνῶναι
871 4657 1135 4724 χρόνους
1164 4658 1203 4727 ἢ
1233 4660 1500 4729 καιροὺς,
1533 4660 1640 4726 οὓς
1666 4665 1700 4715 ὁ
1731 4665 1846 4716 Πα-

265 4743 372 4809 tlll!)
401 4744 567 4797 ἔθετο
599 4746 672 4799 ἐν
704 4745 781 4814 τῇ
822 4747 941 4816 Mla
966 4749 1240 4820 ἐξουσίᾳ.
1280 4753 1387 4805 Καὶ
1414 4753 1513 4805 οὐκ
1546 4751 1668 4806 εἷπε
1700 4756 1842 4817 τύτεζ

270 4836 381 4887 Οὖκ
409 4831 548 4889 οῐδεν
576 4838 698 4892 οὐδε
731 4842 758 4892 6
791 4840 947 4909 Υίὸς,
984 4842 1175 4913 ὥσπερ
1208 4844 1313 4915 πρὸ
1339 4845 1534 4898 τούτου
1566 4846 1842 4917 ἀνθρωπί-

272 4944 393 4989 νως.
432 4931 631 4985 Λοιπὸν
662 4934 772 5004 γὰρ
811 4929 879 5005 ἦν
922 4936 954 5005 ή
991 4935 1126 5003 σὰρξ
1169 4937 1470 5006 ἀναστᾶσα,
1507 4940 1601 4992 καὶ
1640 4938 1842 4991 ἀποθε-

280 5021 409 5091 μένη
444 5024 544 5093 τὴν
577 5021 881 5095 νέκρωσιν,
916 5031 1011 5082 καὶ
1044 5028 1427 5100 θεοποιηθεῖσα
1450 5074 1463 5095 ,
1505 5032 1599 5085 καὶ
1627 5031 1727 5084 οὐκ
1756 5032 1837 5085 ἔτι

278 5110 475 5181 ἔπρεπε
519 5119 803 5186 σαρκικῶς
839 5120 1003 5173 αὐτὸν
1038 5122 1435 5191 ἀποκρίνασθαι
1476 5108 1839 5195 ἀνερχόμενον

280 5204 353 5263 εἰς
381 5207 507 5268 τοὺς
541 5208 830 5274 οὐρανοὺς,
862 5207 998 5261 ἀλλὰ
1030 5210 1215 5263 λοιπὸν
1248 5211 1443 5273 θεῖκῶς
1479 5210 1723 5276 διδάξαι,
1754 5211 1839 5263 ὅτι

276 5293 387 5360 Οὐχ
413 5294 578 5363 ὑμῶν
605 5297 738 5351 ἐστι
759 5298 979 5365 γνῶναι
1008 5302 1265 5367 χρόνους
1313 5302 1352 5369 ἢ
1381 5301 1643 5368 καιροὺς,
1673 5301 1780 5368 οὓς
1806 5304 1840 5355 ὀ

284 5382 468 5454 Πατὴρ
501 5388 667 5442 ἔθετο
699 5390 768 5442 ἐν
791 5390 868 5459 τῇ
898 5392 1014 5457 ἰδίᾳ
1044 5392 1317 5460 ἐξουσίᾳ.
1344 5393 1439 5455 Τίς
1467 5394 1525 5447 δὲ
1552 5395 1581 5464 ἡ
1605 5395 1837 5464 δύναμις

283 5475 365 5527 τοῦ
388 5479 592 5549 [ἰατρὸς
623 5482 655 5551 ἦ
683 5484 710 5534 6
731 5484 969 5552 Χριστός
994 5499 1009 5549 ;
1041 5486 1273 5555 Χριστὸς
1296 5485 1403 5555 γὰρ
1427 5485 1560 5540 Θεοῦ
1609 5486 1841 5557 δύναμις

282 5569 365 5619 καὶ
399 5570 529 5623 Θεοῦ
570 5576 750 5641 copia.

356 5746 507 5806 ‘Act.
542 5766 579 5816 ι,
609 5749 663 5808 7.
741 5754 760 5783 '
788 5753 806 5807 Ι
834 5752 961 5808 Cor.
999 5773 1034 5819 I,
1069 5755 1157 5809 24.

1947 4586 2067 4625 rum
2126 4571 2515 4640 interrogasse,
2585 4573 2805 4641 quando
2854 4573 2980 4626 linis
3031 4580 3177 4627 esset
3233 4585 3518 4638 venturus,

1944 4679 2182 4733 eumque
2213 4664 2413 4717 clarius
2439 4662 2541 4716 illis
2603 4665 2669 4717 ad
2697 4665 2845 4719 hunc
2872 4665 3093 4718 modum
3123 4665 3518 4733 respondisse:

1948 4754 2073 4810 ’Non
2104 4766 2177 4810 est
2203 4766 2456 4819 vestrum,
2496 4773 2647 4810 nosse
2681 4766 2917 4822 tempora
2964 4757 3047 4810 vel
3089 4766 3371 4816 momenta,
3405 4771 3523 4823 qua:

1948 4851 2113 4907 Pater
2149 4854 2321 4921 posuit
2368 4853 2423 4907 in
2449 4870 2545 4906 sua
2612 4862 2869 4919 potestate
2901 4852 2941 4905 ί.
2990 4851 3106 4906 Non
3162 4852 3299 4905 dixit
3352 4859 3521 4904 tunc:

1948 4935 2026 4992 Ne
2050 4937 2222 4994 Filius
2251 4939 2468 5010 quidem
2513 4939 2683 5005 novit,
2711 4948 2770 4992 ut
2805 4950 2963 4994 antea
2997 4942 3230 5003 dixerat,
3264 4948 3521 5008 tanquam

1950 5031 2290 5086 liomo.Jam
2360 5032 2506 5086 enim
2570 5042 2889 5087 surrexerat
2952 5047 3101 5096 caro,
3165 5032 3523 5101 depositaque

1951 5125 2281 5179 mortalitate
2310 5125 2494 5179 divina
2529 5136 2646 5181 erat
2700 5127 2938 5182 reddita.
2977 5125 3083 5180 Nec
3141 5126 3376 5195 amplius
3430 5125 3524 5180 de-

1949 5216 2127 5275 cebat,
2154 5224 2209 5269 ut
2238 5216 2348 5285 jam
2388 5216 2441 5269 in
2478 5217 2674 5270 coelum
2709 5218 2884 5271 iturus
2912 5217 3294 5286 responderet,
3324 5226 3383 5271 ut
3419 5217 3517 5270 ho-

1950 5308 2174 5371 mo,sed
2198 5308 2421 5363 doceret
2447 5318 2505 5363 ut
2537 5310 2698 5370 Deus,
2727 5308 2849 5364 Non
2866 5319 2940 5362 est
2957 5318 3207 5371 vestrum,
3236 5309 3518 5378 inquiens,

1949 5415 2099 5453 nosse
2132 5408 2363 5468 tempora
2390 5400 2471 5453 υρι
2501 5413 2784 5462 momenta,
2808 5418 2922 5470 qua:
2949 5400 3111 5455 Pater
3141 5402 3317 5472 posuit
3346 5402 3399 5454 in
3422 5418 3521 5457 sua

1946 5497 2221 5560 potestate.
2245 5490 2375 5555 Quae
2395 5503 2576 5545 autem
2600 5491 2774 5546 Patris
2806 5501 3068 5560 potestas,
3087 5493 3188 5547 nisi
3221 5493 3524 5550 Christus?

1944 5582 2200 5638 Christus
2225 5584 2370 5638 enim
2430 5582 2524 5638 Del
2589 5584 2764 5639 virtus
2816 5590 2869 5636 et
2897 5584 3166 5653 sapientia
3195 5585 3237 5642 ’.
