4094 6204
259 315 365 377 445

1236 310 1612 373 PANOPLIA
1654 311 2110 375 DOGMATICA.
2153 340 2218 354 -
2257 319 2407 380 Tl'l‘.
2447 321 2555 383 ΧῘ.

3418 325 3523 389 446

261 424 354 475 τοῦ
388 424 567 490 Λόγον
597 420 923 494 μετέχοντες
955 418 1212 490 βλέπουσι
1241 421 1329 475 διὰ
1358 422 1559 485 παντὸς
1587 421 1648 473 τδ
1676 421 1842 491 πρόστ

1968 426 2184 481 dantur.
2212 427 2496 494 Quomodo
2526 430 2689 499 igitur
2721 433 2814 502 qui
2838 433 2958 488 aliis
2974 433 3364 503 perfectionem
3388 450 3526 503 pra--

258 535 411 570 ωπον
446 516 634 569 αὐτοῦ.
671 514 793 576 Πῶς
826 508 921 569 οὖν
969 514 997 566 ό
1019 513 1201 577 ἄλλοις
1233 514 1331 584 τὴν
1360 516 1675 583 τελειότητα
1708 531 1847 582 παρ-

261 606 404 678 έχων
461 607 623 670 αὺτδς
665 603 787 674 μετ’
846 604 1090 666 ἐκείους
1136 606 1479 674 προκόπτει;
1516 603 1700 658 ’Δλλοι
1736 604 1846 675 γὰρ

261 701 357 752 καὶ
387 701 454 770 τῇ
482 697 803 768 ἀνθρωπίνῃ
846 696 1012 750 αὑτοῦ
1050 698 1262 764 γενέσει
1287 697 1634 767 διηκόνησαν,
1666 696 1849 751 καὶτὸ

258 788 564 860 λεγόμενον
614 789 765 858 παρὰ
796 787 871 859 τῷ
903 789 1088 858 Δουκᾷ
1121 789 1259 857 μετὰ
1298 787 1400 858 τὴν
1433 788 1710 843 διακονίαν
1736 786 1848 841 τῶν

262 882 514 950 ἀγγέλων
543 882 781 951 εἴρηται.
817 879 936 943 Πῶς
962 879 1054 933 οὖν
1084 882 1118 951 ἡ
1149 881 1310 948 σοφία
1342 881 1399 933 ἐν
1427 885 1589 949 σοφίᾳ
1615 880 1849 950 προέκο-

265 991 405 1028 πτεν
433 967 543 1035 ςἪ
578 971 694 1035 πῶς
724 974 751 1025 ό
780 974 897 1036 τοῖς
930 972 1113 1035 ἄλλοις
1141 972 1237 1035 τὴν
1266 972 1428 1043 χάριν
1456 973 1633 1034 διδοὺς
1667 975 1716 1041 (ό
1742 974 1851 1042 γὰρ

269 1065 483 1129 Παῦλος
513 1065 601 1117 διὰ
633 1064 815 1134 πάσης
857 1063 1148 1132 ἐπιστολῆς
1176 1063 1247 1116 δι’
1278 1062 1444 1116 αὐτοῦ
1479 1063 1718 1117 δίδοσθαι
1751 1064 1851 1133 τὴν

264 1157 430 1226 χάριν
452 1155 737 1223 γινώσκων
769 1156 935 1225 φησίν
959 1171 974 1185 ο
1006 1155 1066 1208 Ἠ
1098 1155 1270 1222 χάρις
1295 1155 1402 1208 τοῦ
1429 1155 1652 1222 Κυρίου
1682 1155 1853 1223 ἡμῶν

278 1246 489 1313 Ἰησοῦ
528 1247 790 1316 Χριστοῦ
841 1247 985 1315 μετὰ
1037 1246 1281 1299 πάντων
1334 1245 1549 1314 ὑμῶν),
1585 1248 1745 1309 αὐτὸς
1795 1250 1853 1300 ἐν

266 1338 455 1405 χάριτι
478 1337 820 1405 προέκοπτεν
846 1353 861 1400 ;
889 1337 957 1389 Ἦ
977 1336 1086 1404 γὰρ
1102 1335 1397 1405 ψεύδεσθαι
1419 1335 1510 1387 τὸν
1528 1334 1853 1388 Ἀπόστολον

263 1430 603 1496 λεγέτωσαν,
638 1428 671 1498 ἢ
719 1429 850 1499 μηδὲ
877 1428 1069 1495 σοφίαν
1100 1424 1238 1481 εἶναι
1268 1427 1444 1495 λέγειν
1466 1428 1556 1479 τὸν
1582 1427 1709 1480 Υίδν
1730 1427 1854 1479 τολ-

271 1522 435 1589 μάτω
447 1537 559 1584 ταν,
584 1520 616 1589 ἢ
644 1521 693 1572 εί
722 1522 883 1589 σοφία
902 1522 1039 1583 ἐστὶ,
1062 1520 1347 1589 προκοπὴν
1366 1521 1465 1572 οὐκ
1490 1520 1795 1589 ἐπεδέχετο.

346 1612 662 1682 Ἀνθρωποι
682 1613 781 1683 μὲν
807 1615 910 1683 γὰρ
935 1614 1208 1683 κτίσματα
1231 1615 1592 1683 τυγχάνοντες
1610 1612 1858 1667 ἐπεκτεί-

264 1700 460 1754 νεσθαί
510 1718 628 1765 πως
682 1703 776 1756 καὶ
831 1704 1160 1773 προκόπτειν
1212 1704 1271 1756 ἐν
1326 1704 1496 1774 ἀρετῇ
1574 1703 1854 1759 δύνανται.

280 1791 458 1862 Ἑνὼχ
500 1791 632 1859 γοῦν
682 1793 824 1847 οὕτω
867 1794 1157 1863 μετετέθη,
1194 1796 1285 1847 καὶ
1338 1795 1576 1864 Μωῦσῆς
1610 1795 1859 1861 αὐξάνων

268 1881 597 1942 ἐτελειοῦτο,
639 1882 824 1935 Ἰσαὰκ
852 1882 907 1936 δὲ
936 1886 1262 1953 προκόπτων
1284 1885 1498 1951 ἐγένετο
1528 1884 1720 1954 μέγας.
1750 1885 1862 1938 Καὶ

268 1970 299 2021 ό
356 1972 687 2036 Ἀπόστολος
732 1974 1140 2029 ἐπεκτείνεσθαι
1182 1976 1303 2029 καθ’
1342 1976 1557 2046 ἡμέραν
1598 1978 1710 2037 τοῖς
1758 1975 1860 2045 ἐμω

270 2068 515 2134 προσθεν
557 2065 762 2134 ἔλεγεν.
812 2063 939 2136 Εῖχε
981 2070 1089 2135 γὰρ
1142 2069 1373 2129 ἕκαστος
1422 2069 1523 2120 ποῦ
1565 2068 1858 2137 προκόψει,

273 2156 495 2225 βλέπων
526 2158 603 2222 είς
641 2159 732 2211 τὸν
768 2159 1076 2229 ἔμπροσθεν
1111 2158 1275 2213 αὐτοῦ
1308 2158 1541 2228 βαθμόν.
1584 2159 1643 2211 Ὀ
1676 2157 1731 2211 δὲ
1765 2158 1860 2212 τοῦ

269 2249 413 2301 Θεοῦ
452 2250 580 2313 Υἱὸς
619 2252 777 2321 μόνος
809 2251 882 2304 ῶν
905 2292 919 2315 ,
953 2254 1010 2305 ἐν
1040 2253 1116 2321 τῷ
1150 2252 1294 2322 μόνῳ
1338 2252 1512 2320 Πατρί
1545 2253 1694 2304 ἐστιν
1715 2290 1731 2314 ,
1767 2251 1862 2319 ἀφ’

272 2333 336 2394 οῦ
364 2340 491 2394 (ὒδέ
521 2344 915 2408 ἐπεκτείνεται,
945 2343 1059 2397 ἀλλ’
1092 2345 1149 2397 ἐν
1184 2342 1331 2411 αὐτῷ
1365 2343 1543 2411 μένων
1569 2344 1723 2395 ἐστὶν
1751 2343 1862 2397 ἀεί.

302 2432 677 2504 Δνορωπίνως
708 2431 800 2489 οὖν
831 2437 1045 2508 εἴρηται
1088 2434 1181 2488 καὶ
1215 2434 1453 2488 ἐνταῦθα
1487 2435 1823 2503 προκόπτειν
1844 2472 1861 2501 ,

277 2525 406 2577 ἐπεὶ
436 2526 533 2578 καὶ
562 2527 667 2578 τῶν
694 2526 997 2598 ἀνθρώπων
1020 2528 1139 2581 ἐστὶ
1176 2527 1333 2581 πάλιν
1366 2528 1399 2597 ή
1442 2529 1715 2597 προκοπή.
1754 2529 1863 2582 Καὶ

272 2615 389 2685 γὰρ
424 2616 525 2670 καὶ
547 2614 580 2673 ό
612 2617 1008 2687 εὐαγγελιστὴς
1062 2618 1201 2687 μετὰ
1235 2617 1496 2689 ἀκρώοῦς
1534 2620 1861 2690 παρατηρή-

274 2725 419 2772 σεως
445 2708 648 2778 λέγων,
665 2713 732 2782 τῇ
761 2714 1011 2781 προκοπῇ
1042 2712 1245 2781 συνῆψε
1269 2712 1368 2783 τὴν
1394 2711 1611 2783 ἡλικίαν
1646 2729 1661 2742 ο
1689 2714 1861 2779 Λόγος

272 2800 330 2853 δέ
365 2801 464 2853 καὶ
496 2802 630 2866 Θαὶς
656 2802 841 2872 ἡλικίᾳ
869 2803 930 2855 οὐ
968 2805 1330 2874 μεμέτρηται,
1366 2805 1503 2857 ἀλλὰ
1531 2804 1640 2857 τῶν
1676 2805 1865 2872 σωμά-

272 2909 387 2944 των
422 2893 560 2946 είιὶν
585 2895 641 2946 αί
670 2893 899 2966 ἡλικίαι.
932 2894 1037 2948 Τοῦ
1066 2896 1319 2966 σώματος
1347 2897 1457 2967 ἄρα
1483 2900 1630 2951 ἐστὶν
1662 2900 1694 2967 ὴ
1723 2914 1861 2966 προο

274 2983 448 3051 κοπή.
476 2982 652 3036 Αὑτοῦ
683 2985 791 3056 γὰρ
818 2987 1242 3057 προκόπτοντος,
1266 2987 1607 3056 προέκοπτεν
1633 2989 1690 3040 ἐν
1712 2987 1863 3056 αὑτῷ

1949 516 2057 578 bet,
2088 516 2203 585 ipse
2227 528 2347 587 post
2380 521 2501 575 illos
2536 523 2818 590 proliciat?
2840 525 3029 593 Angeli
3057 524 3204 578 enim
3234 534 3288 578 et
3320 525 3373 577 in
3401 535 3522 579 ortu

1951 606 2120 675 ipsius
2144 608 2385 664 humano
2413 612 2821 668 ministrabant.
2897 615 2967 669 Et
2990 617 3142 685 quod
3176 630 3205 670 a
3256 616 3397 669 Luca
3448 616 3531 669 di-

1950 707 2100 752 ctum
2134 708 2239 759 est.
2273 710 2397 768 post
2422 702 2738 771 angelorum
2789 704 3153 759 ministerium
3199 706 3321 760 fuit.
3372 704 3522 769 Quo-

1952 791 2116 842 modo
2151 788 2314 857 igitur
2368 791 2415 844 is
2472 792 2567 861 qui
2624 792 2741 864 ipsa
2796 794 3061 863 sapientia
3113 804 3214 857 est,
3267 794 3529 861 sapientia

1955 878 2316 947 proﬁciebat?
2346 882 2455 935 Aut
2487 882 2579 951 qui
2620 883 2850 953 gratiam
2879 885 2998 938 aliis
3062 884 3369 954 elargitur(
3401 898 3528 936 nam

1953 968 2153 1025 Paulus
2179 972 2398 1041 quidem
2432 972 2486 1026 in
2520 974 2779 1028 omnibus
2828 973 3087 1043 Epistolis
3131 973 3247 1028 suis
3295 975 3528 1042 gratiam

1954 1081 2051 1135 per
2082 1066 2259 1134 ipsum
2285 1065 2400 1119 dari
2438 1065 2597 1119 facile
2639 1067 2927 1134 agnoscit:
2972 1067 3185 1128 Gratia,
3248 1066 3528 1135 inquiens.

1958 1156 2170 1210 Domini
2234 1158 2401 1211 nostri
2460 1156 2584 1211 Jesu
2616 1157 2812 1212 Christi
2871 1174 2989 1210 cum
3039 1156 3279 1210 omnibus
3328 1154 3531 1221 vobis‘)

1957 1247 2074 1315 ipse
2098 1248 2265 1319 gratia
2294 1249 2652 1319 proﬁciebat?
2678 1248 2965 1319 Autigitur
2989 1248 3310 1317 Apostolum
3338 1246 3532 1302 dicant

1956 1337 2089 1393 falsa
2121 1339 2425 1407 scripsisse,
2460 1348 2556 1394 aut
2584 1340 2902 1408 sapientiam
2928 1354 3049 1393 esse
3080 1338 3274 1392 Filium
3310 1346 3532 1407 negent;

1956 1439 2051 1483 aut
2079 1430 2121 1484 si
2162 1431 2428 1499 sapientia
2453 1442 2557 1495 est,
2615 1432 2825 1486 nullum
2874 1430 3178 1500 accipiebat
3229 1430 3539 1485 incremen-

1958 1527 2097 1572 tum.

2033 1610 2293 1666 Homines
2323 1612 2490 1686 enim,
2527 1613 2615 1680 qui
2640 1612 2811 1665 creati
2836 1622 2983 1675 sunt,
3049 1626 3319 1671 crescere.
3370 1621 3425 1665 et
3484 1612 3539 1663 in

1959 1704 2181 1758 virtutis
2211 1705 2392 1758 studio
2419 1703 2670 1773 progredi
2692 1714 2939 1771 possunt.
2973 1704 3154 1757 Enocb
3181 1703 3402 1771 quidem
3435 1703 3538 1754 hoc

1964 1794 2127 1848 modo
2162 1794 2462 1848 translatus
2492 1803 2599 1848 est.
2637 1793 2702 1848 Et
2739 1793 2916 1849 Moses
2973 1808 3233 1847 crescens
3281 1792 3541 1861 proficio-

1964 1886 2078 1940 bat.
2113 1886 2177 1939 Et
2208 1884 2375 1941 Isaias
2403 1886 2696 1956 proficiens
2748 1901 2978 1956 magnus
3008 1885 3235 1939 enectus
3293 1894 3397 1939 est.
3479 1884 3547 1937 Et

1965 1978 2255 2047 Apostolus
2279 1978 2346 2032 ad
2378 1992 2441 2031 ea
2469 1977 2737 2046 quOtidie,
2773 1992 2892 2044 quze
2926 1987 3052 2030 ante
3105 1985 3254 2041 sunt,
3312 1985 3546 2030 conten-

1964 2068 2148 2124 debat.
2184 2068 2388 2122 llorum
2413 2069 2560 2123 enim
2596 2069 2794 2138 singuli
2828 2069 3130 2133 habebant,
3164 2083 3273 2137 quo
3320 2084 3546 2136 progre«

1964 2162 2249 2224 cierentur,
2282 2162 2597 2231 superiores
2626 2162 2828 2230 gradus
2854 2158 3158 2214 intuentes.
3201 2161 3270 2213 At
3311 2159 3405 2213 Dei
3454 2159 3545 2212 Fi-

1965 2253 2070 2307 lius
2100 2254 2251 2306 solus
2274 2252 2619 2307 exsistensin
2644 2253 2762 2305 solo
2823 2251 2979 2306 Patre
3040 2262 3144 2314 est,
3197 2268 3226 2306 a
3277 2268 3386 2321 quo
3430 2266 3539 2303 non

1969 2344 2194 2397 ulterius
2241 2344 2579 2409 extenditur,
2640 2344 2736 2398 sed
2792 2344 2845 2398 in
2900 2344 3021 2413 ipso
3077 2358 3296 2412 semper
3337 2352 3541 2396 manet.

1968 2435 2219 2489 Humana
2252 2451 2383 2506 ergo
2417 2437 2627 2490 ratione
2652 2435 2857 2489 dictum
2889 2444 2993 2501 est,
3030 2433 3375 2488 Proliciebat.
3408 2433 3544 2487 Nam

1969 2528 2257 2581 hominum
2326 2537 2413 2581 est
2471 2525 2747 2596 profectio
2806 2534 2859 2581 et
2924 2534 3301 2593 augmentum.
3362 2522 3545 2589 Quare

1966 2637 2157 2691 magna
2192 2637 2314 2675 cum
2339 2622 2728 2677 observatione
2750 2630 2971 2676 artatem
3003 2619 3254 2687 adiunxit
3306 2632 3544 2687 evange-

1963 2713 2107 2778 lista,
2140 2713 2481 2779 Proﬁciebat,
2511 2714 2787 2783 inquiens,
2822 2714 3088 2783 sapientia
3118 2720 3173 2765 et
3205 2719 3382 2764 atate.
3410 2707 3543 2762 Ver-

1966 2808 2092 2859 bum
2151 2816 2336 2859 autem
2391 2814 2445 2858 et
2480 2805 2621 2858 Deus
2652 2803 2859 2856 nullam
2894 2801 3054 2856 habet
3086 2799 3265 2853 astatis
3312 2811 3540 2850 mensu-

1967 2897 2514 2953 ram/Elatescnim
2558 2896 2623 2950 ad
2683 2911 2885 2965 corpus
2946 2893 3282 2948 referuntur.
3354 2892 3546 2958 itaque

1967 2990 2219 3061 corporis
2260 3000 2343 3044 est
2380 2991 2499 3044 haec
2531 2989 2857 3058 progressio.
2902 2990 3145 3056 (torpore
3199 2984 3345 3039 enim
3391 2997 3546 3038 cres-

277 3074 376 3125 καὶ
410 3074 441 3140 ἡ
468 3072 775 3145 φανέρωσις
809 3075 905 3145 τῆς
937 3075 1189 3147 θεότητος
1220 3078 1331 3139 τοῖς
1364 3075 1587 3144 ὁρῶσιν.
1630 3077 1780 3145 Ὀσῳ
1803 3077 1858 3129 δὲ

1968 3096 2130 3142 cente
2164 3085 2470 3140 divinitatis
2503 3082 2804 3137 declaratio
2835 3079 3149 3134 videntibus
3205 3075 3381 3144 major
3434 3072 3547 3126 cili-

278 3164 311 3230 ἠ
340 3162 538 3233 θεότης
570 3162 1009 3227 ἁπεκαλύπτετο,
1040 3164 1276 3236 τοσούτῳ
1312 3167 1479 3219 πλέον
1506 3168 1537 3235 ἡ
1571 3168 1731 3237 χάρις
1757 3167 1864 3235 ηὕ-

278 3255 445 3319 ξανεν
481 3254 556 3316 ὡς
588 3255 876 3325 ἀνθρώπου
916 3258 1068 3329 παρὰ
1102 3260 1266 3313 πᾶσιν
1299 3258 1865 3330 ἀνθρώποις.ῐ1αιδίον

280 3346 382 3415 μὶν
414 3345 527 3414 γὰρ
560 3344 915 3413 ἐϐαστάζετο,
946 3350 1075 3411 παῖς
1105 3350 1161 3402 δὲ
1190 3351 1480 3418 γενόμενος
1512 3352 1774 3421 ἐπέμενεν
1803 3354 1862 3406 ἐν

276 3434 359 3504 τῷ
393 3435 549 3503 ίερῷ,
599 3437 694 3491 καὶ
726 3437 851 3501 τοὺς
890 3440 1071 3508 ἱερέας
1097 3440 1350 3510 ἀνέκρινε
1384 3442 1513 3510 περ)⁸
1545 3443 1637 3495 τοῦ
1672 3443 1861 3511 νόμου.

280 3527 419 3581 Κατ’
452 3527 636 3596 ὀλίγον
662 3528 717 3581 δὲ
751 3528 843 3581 τοῦ
874 3528 1125 3599 σώματος
1149 3531 1491 3597 αὑξάνοντος,
1526 3534 1618 3585 καὶ
1644 3534 1732 3585 τὸν
1761 3535 1865 3587 Λό-

277 3638 378 3687 γον
416 3618 804 3690 φανεροῦντος,
834 3622 1179 3691 ὁμολογεῖται
1216 3624 1402 3678 λοιπδν
1442 3626 1591 3694 παρὰ
1624 3627 1724 3693 μέν
1757 3627 1865 3679 Πέ-

277 3731 413 3784 τρου
448 3714 699 3781 πρῶτον,Δ
721 3709 841 3766 εἶτα
874 3714 969 3767 καὶ
1002 3716 1154 3787 παρὰ
1185 3718 1401 3769 πάντων
1433 3717 1541 3770 τῶν
1576 3718 1861 3789 μαθητῶν,

279 3808 363 3859 ὃτι
405 3806 626 3875 ἀληθῶς
650 3805 786 3859 Θεοῦ
816 3806 943 3870 Υίός
974 3810 1139 3861 ἐστιν.
1175 3808 1237 3863 Εἰ
1272 3809 1375 3878 χρὴ
1407 3809 1464 3861 δὲ
1493 3811 1588 3862 καὶ
1627 3811 1866 3873 πιθανῶς

282 3896 425 3964 μετὰ
446 3896 541 3948 τοῦ
562 3895 789 3965 ἀληθοῦς
812 3898 1008 3961 είπείν,
1029 3899 1189 3961 αὐτὸς
1217 3902 1274 3954 ἐν
1302 3902 1477 3970 ἐαυτῷ
1507 3904 1864 3970 προέκοπτεν.

288 3986 366 4039 Ἡ
408 3988 602 4055 σοφία
654 3989 763 4057 γὰρ
791 3988 1183 4059 ᾠκοδόμησεν
1232 3992 1423 4062 ἑαυτῇ
1468 3993 1659 4061 οἷκον,
1690 3997 1785 4050 καὶ
1809 3999 1868 4050 ἐν

279 4082 453 4150 ἑαυτῇ
489 4082 819 4150 προκόπτειν
852 4082 939 4135 τὸν
977 4080 1124 4137 οἷκον
1154 4086 1349 4139 ἐποίει.

354 4191 455 4255 Τίς
479 4191 537 4243 δέ
567 4194 715 4245 ἐστιν
747 4194 779 4262 ἡ
802 4192 1072 4263 λεγομένη
1097 4195 1368 4266 προκοπὴ,
1404 4196 1549 4249 καθὰ
1571 4198 1863 4268 προεῖπονς

293 4285 363 4379 ᾝ
740 4287 933 4379 σοφίας
973 4287 1363 4379 μεταδιδομένη
1408 4290 1520 4350 τοῖς
1559 4289 1868 4361 ἀνθρώποις

281 4376 637 4445 θεοποίησιςξ
661 4379 755 4431 καὶ⁵
781 4378 961 4448 χάρις,
992 4376 1455 4448 ἐξαφανιζομένης
1486 4381 1544 4433 ἐν
1568 4379 1748 4440 αὐτοῖς
1768 4379 1867 4449 τῆς

1968 3178 2237 3232 cit-batur.
2265 3175 2487 3241 Quanto
2518 3187 2701 3228 autem
2730 3172 2903 3241 magis
2934 3172 3199 3225 divinitas
3230 3167 3542 3238 pateﬁebat,

1970 3279 2123 3323 tanto
2158 3269 2328 3339 magis
2356 3268 2528 3339 gratia
2565 3266 2887 3336 augebatur,
2917 3278 3113 3331 nempe
3143 3260 3387 3314 hominis
3432 3260 3540 3325 jam

1967 3361 2108 3431 apud
2142 3376 2337 3415 omnes
2390 3360 2664 3414 homines.
2697 3356 2969 3410 Puerulus
3004 3354 3150 3407 enim
3208 3351 3545 3423 gestabatur.

1969 3452 2112 3508 Puer
2141 3468 2271 3507 vero
2294 3453 2497 3506 mansit
2521 3453 2576 3505 in
2610 3449 2837 3518 templo,
2868 3457 2924 3502 et
2983 3462 3109 3503 cum
3168 3441 3549 3499 sacerdotibus

1969 3549 2037 3601 de
2068 3548 2187 3616 lege
2220 3546 2559 3615 disputabat.
2626 3543 2893 3598 Paulatim
2937 3542 3199 3608 deinceps
3263 3545 3547 3589 crescente

1968 3654 2220 3706 corpore,
2256 3647 2313 3692 et
2332 3635 2565 3690 Verbum
2595 3636 3029 3695 demonstrante,
3058 3631 3252 3684 Petrus
3285 3629 3546 3696 printttm,

1969 3730 2168 3785 deinde
2187 3728 2385 3797 reliqui
2421 3726 2673 3796 discipuli
2706 3740 2833 3779 eum
2862 3738 2992 3777 vere
3021 3720 3112 3775 Dei
3176 3719 3376 3774 Filium
3421 3732 3554 3768 con—

1971 3824 2210 3877 ﬁtentur.
2243 3819 2404 3887 Quod
2459 3819 2505 3873 si
2566 3816 2847 3888 probabile
2891 3814 3098 3883 aliquid
3144 3826 3271 3866 cum
3319 3809 3549 3863 veritate

1969 3916 2321 3985 coniunctum
2355 3910 2649 3967 dicendum
2684 3919 2790 3973 est,
2828 3908 3022 3978 ipsein
3051 3907 3235 3973 seipso
3297 3901 3549 3971 prolicie-

1970 4009 2083 4063 bat.
2141 4004 2417 4074 Sapientia
2447 4005 2587 4057 enim
2628 4001 2910 4070 wdiﬁcuvit
2962 3998 3062 4052 tibi
3112 3997 3331 4049 domum
3383 3996 3445 4055 ³,
3500 3998 3556 4043 et

1972 4102 2028 4153 in
2074 4098 2251 4166 seipsa
2281 4096 2411 4150 fecit
2474 4096 2696 4149 domum
2749 4103 3101 4158 consurgere.

2042 4189 2300 4255 Quaenam
2319 4196 2501 4241 autem
2530 4196 2613 4241 est
2634 4187 2748 4239 haec
2782 4182 3122 4254 progressio,
3155 4176 3458 4233 secundum
3490 4189 3557 4228 ea

1971 4292 2093 4345 quae
2119 4274 2359 4329 diximus
2378 4274 2400 4326 ?
2419 4272 2604 4327 Gratia
2625 4271 2836 4326 scilicet
2859 4278 2913 4324 et
2933 4266 3213 4322 deiﬁcatio
3242 4262 3558 4317 hominibus

1975 4384 2003 4420 a
2034 4367 2301 4437 sapientia
2334 4366 2634 4434 impertita,
2656 4363 2834 4417 deleto
2859 4361 2915 4415 in
2961 4360 3067 4413 illis
3090 4367 3313 4429 peccato
3359 4365 3413 4410 et
3439 4371 3562 4409 cor-

282 4442 569 4539 ἁ,ιαρτίας
600 4470 693 4522 καὶ
742 4442 924 4538 της-ὲν
943 4442 1123 4531 αὐτοῖς
1157 4442 1364 4539 φθορᾶς
1385 4442 1527 4524 κατὰ
1551 4470 1650 4540 τὴν
1682 4442 1865 4538 ὁμοιό-

1982 4459 2262 4529 ruptionc,
2287 4468 2511 4527 propter
2538 4458 2783 4527 ipsorum
2814 4468 2941 4509 cum
2971 4468 3139 4507 carne
3172 4448 3340 4505 Verbi
3367 4449 3561 4505 simili-

278 4580 423 4631 τητα
468 4562 567 4612 καὶ
618 4562 938 4629 συγγένειαν
967 4562 1067 4631 τῆς
1101 4564 1301 4633 σαρκὸς
1339 4563 1434 4617 τοῦ
1463 4563 1661 4630 Λόγου.
1712 4562 1872 4616 Οὕτω

278 4656 395 4725 γὰρ
422 4653 752 4719 αὖξάνοντος
782 4656 839 4706 ὲν
863 4655 1046 4725 ἡλικίᾳ
1074 4655 1169 4709 τοῦ
1192 4654 1465 4724 σώματος,
1495 4653 1874 4708 συνεπεδίδοτο

276 4752 340 4802 ἐν
385 4747 541 4819 αὐτῷ
581 4749 614 4818 ἡ
661 4748 758 4817 τῆς
809 4749 1060 4819 θεότητος
1104 4748 1434 4819 φανέρωσις,
1473 4748 1567 4803 καὶ
1600 4748 1873 4800 ἐδείκνυτο

278 4842 440 4908 παρὰ
477 4841 671 4902 πᾶσιν,
701 4840 784 4894 ὅτι
812 4839 935 4902 ναὸς
969 4838 1105 4892 Θεοῦ
1147 4842 1286 4903 ἐστι,
1321 4840 1417 4894 καὶ
1453 4839 1585 4902 Θεὸς
1611 4834 1680 4928 ἦν
1710 4841 1768 4892 ἐν
1793 4838 1874 4908 τῷ

274 4935 529 5003 σώματι.
592 4931 719 4985 Ἐὰν
765 4932 823 4985 δι
860 4932 1259 5001 φιλονεικῶσιν,
1300 4933 1382 4988 ὅτι
1424 4932 1632 5002 Ἰησοῦς
1671 4932 1877 5003 ἐκλήθη

274 5026 426 5095 σὰρξ
460 5026 778 5096 γενόμενος,
809 5027 900 5077 καὶ
928 5027 1007 5088 είς
1039 5025 1203 5079 αὐτὸν
1228 5025 1543 5096 ἀναφέρωσι
1569 5026 1630 5078 τὸ
1652 5025 1881 5095 λεγόμε-

1982 4553 2224 4606 tudineut
2255 4560 2309 4606 et
2337 4549 2740 4621 cognationem.
2786 4549 2919 4602 Dum
2958 4547 3123 4617 igitur
3158 4558 3362 4613 corpus
3407 4550 3569 4595 :rtate

1977 4655 2275 4706 cresceret.
2305 4644 2607 4715 augebatur
2656 4642 2712 4694 iu
2744 4641 2864 4709 ipso
2892 4638 3199 4693 divinitatis
3244 4635 3568 4694 declaratio,

1978 4754 2084 4808 qua
2120 4736 2523 4807 cognoscebant
2552 4749 2762 4795 omnes,
2796 4732 2973 4800 ipsum
2992 4744 3113 4784 esse
3148 4728 3406 4795 templum
3451 4724 3571 4789 Dei,

1977 4841 2034 4887 et
2086 4834 2253 4887 Demn
2282 4846 2403 4885 esse
2439 4830 2491 4883 in
2523 4842 2776 4896 corpore.
2806 4825 2961 4892 Quod
3003 4824 3047 4877 si
3084 4818 3427 4891 pertinacius
3473 4818 3569 4870 ob-

1981 4925 2242 4987 stiterint,
2271 4923 2521 4978 dicentes
2553 4930 2807 4975 vocatum
2844 4932 2965 4973 esse
2992 4915 3204 4979 Jesum,
3233 4928 3357 4967 cum
3396 4910 3577 4965 iactus

1983 5029 2071 5074 est
2114 5033 2265 5081 caro,
2320 5025 2376 5070 ct
2442 5014 2575 5068 illud
2625 5012 2935 5083 proﬁciebat
2988 5010 3056 5064 ad
3115 5008 3266 5063 illum
3332 5003 3575 5059 dixerint

270 5136 372 5171 νον
428 5117 833 5185 προέκοπτεν,
886 5118 1255 5181 ἀκουέτωσαν,
1298 5120 1380 5172 ὅτι
1423 5117 1548 5170 οὐδέ
1593 5117 1751 5170 τοῦτο
1790 5116 1865 5169 vir

1986 5128 2108 5168 esse
2138 5108 2516 5170 referendum,
2551 5106 2751 5168 sciant,
2782 5120 2853 5158 ne
2904 5104 2956 5157 id
3006 5102 3230 5172 quidem
3282 5108 3577 5168 paternam

273 5211 509 5263 ἐλαττοί
554 5208 615 5260 τὸ
657 5209 924 5278 πατρικὸν
966 5208 1102 5276 φῶς.
1139 5208 1310 5262 Τοῦτο
1345 5209 1455 5279 γάρ
1489 5210 1638 5261 ἐστιν
1672 5209 1700 5260 ό
1729 5207 1879 5269 Υίός.

274 5302 545 5356 Δεξκνυσι
588 5301 643 5355 δὲ
691 5302 874 5363 πάλιν,
916 5301 997 5354 ὅτι
1040 5302 1262 5369 γέγονεν
1299 5300 1588 5371 ἅνθρωπος
1621 5302 1648 5352 ό
1686 5300 1881 5368 Λόγος,

278 5396 381 5449 καὶ
406 5392 679 5463 ἀληθινὴν
702 5392 931 5465 ἐφόρεσε
957 5394 1161 5463 σάρκα,
1186 5392 1281 5446 καὶ
1309 5392 1499 5464 ὥσπερ
1522 5392 1768 5461 εἴπομεν,
1796 5392 1880 5444 ὅτι

284 5486 465 5553 σαρκὶ
521 5483 798 5547 πέπονθε,
850 5484 947 5535 καὶ
1003 5483 1168 5551 σαρκὶ
1226 5482 1505 5544 ἐπείνασε,
1560 5480 1655 5535 καὶ
1715 5482 1881 5549 σαρκὶ

281 5578 596 5631 ἐκοπίασεν
618 5616 634 5643 ,
674 5576 816 5632 οὕτω
844 5577 940 5631 καὶ
969 5576 1194 5639 εἰκότως
1230 5574 1296 5630 ἂν
1327 5574 1538 5644 λέγοιτο
1557 5613 1573 5640 ,
1605 5574 1688 5627 ὅτι
1715 5574 1883 5642 σαρκὶ

1986 5205 2169 5258 lucem
2204 5199 2551 5255 imminuere.
2583 5197 2680 5251 Est
2708 5201 2854 5250 enim
2886 5193 3080 5249 Filius.
3130 5193 3315 5261 anue
3364 5205 3421 5243 re
3457 5190 3577 5257 pla-

1990 5314 2121 5353 num
2162 5295 2242 5359 ﬁt,
2275 5290 2514 5347 Verbum
2557 5305 2679 5346 esse
2705 5289 2908 5345 factum
2934 5288 3237 5348 hominem,
3285 5294 3341 5338 et
3390 5299 3578 5339 veram

1990 5403 2214 5447 carnem
2246 5394 2510 5457 gestasse.
2547 5383 2614 5438 Et
2644 5381 3114 5453 quemadmodum
3145 5377 3406 5441 dicimus,
3463 5375 3575 5431 Do-

1991 5482 2197 5536 minum
2222 5491 2387 5534 carne
2422 5492 2643 5547 passum
2683 5491 2828 5537 esse.
2861 5483 2917 5529 et
2960 5489 3125 5528 carne
3175 5471 3464 5536 esuriisse,
3523 5476 3584 5527 et

1990 5586 2157 5627 carne
2191 5567 2701 5640 defatigatumesse,
2731 5564 2811 5621 sic
2829 5564 3135 5635 etiamjure
3156 5563 3401 5620 dicemus
3422 5575 3588 5619 carne

366 5747 381 5778 '
417 5746 581 5801 Rom.
609 5761 718 5814 ινι,
748 5745 945 5813 εο-ει;
982 5745 1026 5798 il
1054 5744 1185 5800 Cor.
1225 5757 1340 5809 ιω,
1392 5743 1474 5799 15.
1552 5744 1571 5773 ⁸
1605 5739 1766 5794 Prov.
1828 5754 1904 5803 tx,
1937 5737 1985 5793 ί.
