4008 6208
541 302 643 364 447

1799 286 2180 349 EUTHYMII
2217 287 2575 348 ZlGABE-Nl

3676 311 3765 375 “8

540 424 763 470 auctum
825 426 947 467 esse
1021 417 1079 465 et
1136 405 1455 479 profecisse.
1522 402 1639 457 Non
1703 401 1872 474 igitur
1936 399 2106 456 Verbi

2222 403 2583 497 «poem-mw.
2620 401 2748 456 Οῦτ⁶
2779 398 2874 497 οὖν
2903 404 2999 497 τοῦ
3041 406 3218 475 Λόγου
3252 409 3283 479 ἡ
3313 416 3567 486 προκοπὴ,
3595 420 3702 476 οὕτε
3730 429 3759 497 ὴ

543 511 966 569 incrementum,
990 514 1171 569 neque
1202 512 1331 553 caro
1359 503 1479 549 erat
1504 494 1792 564 sapientia.
1825 493 2119 562 Quaprop-

543 608 651 663 ter,
694 606 759 651 ut
788 606 917 650 ante
937 593 1197 654 diximus,
1229 603 1341 642 non
1413 586 1531 656 ipsa
1570 601 1668 656 per
1722 599 1781 639 se
1823 584 2123 653 sapientia,

542 699 816 757 quatenus
848 684 1114 755 sapientia
1140 689 1246 745 est,
1290 678 1633 750 proﬁciebat.
1702 676 1807 731 Sed
1840 677 1986 747 quod
2020 676 2124 729 hu-

549 794 773 838 manum
805 786 942 841 erat,
988 775 1042 828 in
1090 772 1358 842 sapientia
1412 769 1759 842 proﬁciebat.
1822 768 2123 823 Humanam

544 876 690 928 enim
790 879 1043 923 naturam
1131 866 1399 936 paulatim
1475 863 1864 935 exsuperabat,
1980 862 2124 917 divi-

542 978 780 1032 numque
839 960 1217 1023 eﬁiciebatur,
1278 968 1333 1014 et
1394 957 1699 1013 divinitatis
1784 952 2143 1010 instrumen?

542 1069 655 1109 tum
702 1055 866 1109 ﬁebat
924 1055 990 1107 ad
1018 1055 1139 1121 ejus
1193 1053 1442 1107 actiones
1504 1058 1561 1105 et
1609 1050 1955 1120 splendorem
1993 1064 2117 1103 om-

538 1149 701 1202 nibus
771 1149 827 1201 in
913 1147 1078 1202 rebus
1147 1146 1507 1200 eﬁ‘erendum.
1583 1143 1951 1210 Quamobrem
2012 1157 2123 1195 non

537 1238 707 1292 dixit:
759 1237 992 1293 Verbum
1042 1236 1379 1306 proﬁciebat,
1417 1234 1535 1300 sed,
1576 1232 1736 1288 Jesus
1779 1231 2123 1301 proﬁciebat,

538 1345 646 1396 quo
674 1329 891 1398 quidem
935 1330 1153 1382 nomine
1183 1327 1449 1381 Dominus
1488 1326 1664 1379 laetus
1700 1324 1862 1377 homo
1903 1330 2124 1375 vocatus

538 1432 641 1475 est.
704 1422 770 1475 Ut
802 1435 1150 1491 progressum
1213 1419 1363 1472 illum
1418 1418 1672 1473 humanae
1708 1424 1917 1469 natura:
1956 1414 2124 1468 fuisse

539 1522 777 1578 constet,
833 1511 1297 1580 quemadmodum
1336 1510 1596 1563 diximus.

606 1604 764 1659 Sicut
786 1619 917 1675 ergo
949 1612 1233 1658 crescente
1251 1617 1418 1657 carne
1449 1602 1650 1656 dicitur
1704 1601 1821 1669 ipse
1867 1612 2123 1654 crescere

531 1706 760 1767 prapter
783 1696 1033 1766 corporis
1049 1696 1519 1765 coniunctionem,
1539 1695 1618 1748 sic
1650 1708 1711 1747 ea
1737 1708 1858 1761 quae
1878 1701 2122 1761 tempore

2231 493 2370 587 σάρς
2413 489 2699 565 ἦνσοφία,
2744 495 2880 550 ἀλλά
2920 495 3024 567 τῆς
3073 499 3264 567 σοφίας
3310 502 3459 573 σῶμα
3495 508 3692 576 γέγονεν

2231 585 2385 653 σάρξ.
2422 586 2521 639 Διά
2551 586 2710 639 τοῦτο
2738 587 2813 650 ὡς
2841 588 3199 659 προείπομεν,
3232 591 3331 660 οὐχ
3361 594 3392 664 ή
3427 598 3596 665 σοφία,
3685 585 3760 658 eo.

2230 678 2327 748 φία
2370 680 2540 745 ἐστὶν,
2589 680 2727 751 αὐτὴ
2771 681 2892 734 καθ’
2929 682 3132 755 ἑαυτὴν
3164 685 3519 753 προέκοπτεν,
3564 691 3683 747 ἀλλὰ
3717 698 3767 750 τὸ

2228 771 2567 841 ἀνθρώπινον
2602 773 2662 825 ἂν
2690 775 2754 842 τῇ
2790 774 2955 846 σοφία
2985 776 3344 846 προέκοπτεν,
3374 779 3764 853 ὑπεραναεαῖνον

2229 864 2354 915 κατ’
2387 863 2568 930 ὀλίγον
2597 864 2696 934 τὴν
2722 865 3073 937 ἀνθρωπίνην
3102 868 3264 937 φύσιν
3284 910 3299 935 ,
3334 871 3427 924 καὶ
3454 871 3768 948 θεοποιούμε-

2227 971 2338 1017 νον,
2364 956 2462 1008 καὶ
2489 955 2719 1026 ὄργανον
2744 957 2914 1027 αὐτῆς
2936 959 3229 1029 γενόμενον
3252 961 3386 1032 πρὸς
3408 965 3499 1035 τὴν
3523 968 3768 1040 ἐνέργειαν

2226 1045 2324 1113 τῆς
2343 1044 2614 1115 θεότητος,
2648 1049 2739 1100 καὶ
2766 1047 2865 1118 τὴν
2883 1049 3147 1123 ἔλλαμψιν
3172 1052 3342 1122 αὐτῆς
3365 1059 3547 1124 φαῖνον
3570 1060 3622 1111 ὲν
3641 1063 3767 1116 πᾶσι.

2228 1136 2319 1187 Διὸ
2364 1135 2483 1189 οὐδὲ
2518 1132 2695 1201 εἶπεν,
2724 1138 2787 1191 ’0
2816 1141 2987 1208 Λόγος
3011 1145 3372 1212 προέκοπτεν,
3397 1147 3546 1213 ἀλλὰ,
3574 1150 3771 1219 Ἰησοῦς,

2227 1228 2362 1297 ὅπερ
2388 1228 2558 1298 ὄνομα
2577 1231 2866 1298 γενόμενος
2890 1232 3180 1304 ἀνθρωπκ
3203 1238 3230 1288 6
3258 1234 3457 1306 Κύριος
3484 1239 3693 1311 ἐκλήθη,
3712 1242 3775 1305 ὡς

2227 1314 2369 1372 εἶναι
2399 1320 2496 1389 τῆς
2521 1321 2870 1393 ἀνθρωπίνης
2902 1325 3118 1394 φύσεως
3146 1328 3245 1399 τὴν
3276 1330 3575 1401 προκοπήν,
3618 1333 3775 1397 Οῦτιυς

2227 1414 2286 1465 ὲν
2313 1415 2425 1475 τοῖς
2453 1413 2763 1483 ἔμπροσθεν
2786 1415 3037 1488 είπομεν.

2307 1594 2518 1647 Οὐκοῦν
2549 1594 2741 1666 ὥσπερ
2788 1602 3206 1671 προκοπτούσης
3234 1600 3333 1672 τῆς
3360 1605 3560 1674 σαρκὸς
3592 1606 3783 1674 λέγεται

2226 1684 2392 1748 αὐτὸς
2418 1686 2752 1755 προκόπτειν
2796 1688 2881 1742 διὰ
2909 1692 3009 1759 τὴν
3061 1692 3199 1762 πρὸς
3238 1696 3299 1746 τὸ
3354 1695 3517 1765 σῶμα
3550 1699 3779 1771 ἰδιότητα,

535 1790 725 1843 mortis
743 1798 1035 1858 appetente
1055 1789 1332 1853 dicuntur,
1350 1798 1407 1841 ut
1430 1784 1660 1850 turbari,
1679 1796 1732 1840 et
1749 1788 1904 1847 ﬁere,
1921 1787 2115 1838 eodem

2222 1775 2364 1829 οὕτω
2383 1777 2479 1830 καὶ
2503 1777 2579 1861 τάκ
2608 1780 2757 1849 παρά
2797 1780 2889 1834 τὸν
2913 1782 3102 1853 καιρὸν
3133 1784 3227 1838 τοῦ
3259 1785 3494 1841 Θανάτου
3519 1788 3781 1861 λεγόμενα,

531 1896 697 1936 sensu
725 1890 852 1935 sunt
871 1882 1207 1951 accipienda.
1238 1881 1292 1935 Si
1312 1881 1472 1952 igitur
1495 1896 1558 1934 ex
1586 1879 1841 1933 humanis
1869 1875 2113 1931 aﬁ‘ectioo

533 1976 698 2029 nibus
734 1965 958 2028 humilia
993 1974 1319 2043 abiectaque
1352 1971 1626 2042 cogitandi
1651 1971 1717 2025 de
1740 1969 1854 2024 Deo
1884 1978 2114 2027 sumunt

531 2067 905 2129 occasionem,
970 2066 1107 2121 adeo
1172 2075 1233 2119 ut
1283 2065 1560 2119 hominem
1614 2063 1792 2134 ipsum
1853 2071 2027 2117 totum
2082 2076 2113 2116 e

535 2166 699 2219 terra,
740 2173 847 2211 non
883 2168 1063 2211 autem
1088 2172 1119 2211 e
1146 2157 1285 2212 caelo
1326 2165 1536 2225 putent,
1568 2171 1668 2210 cur
1695 2171 1801 2208 non
1836 2154 2003 2209 etiam
2044 2167 2112 2208 ex

531 2248 735 2302 divinis
776 2250 1040 2317 operibus
1068 2248 1123 2301 in
1150 2248 1313 2302 Patre
1369 2245 1607 2301 Verbum
1664 2255 1993 2317 agnoscunt,
2059 2254 2113 2300 et

536 2339 813 2407 propriam
871 2338 1171 2408 repudiant
1222 2335 1602 2403 impietatem?
1662 2334 1900 2389 Possunt
1961 2334 2110 2388 enim

533 2434 975 2489 animadvertere
993 2434 1245 2489 eumdem
1277 2432 1524 2503 esse,qui
1548 2431 1731 2487 divina
1758 2445 1923 2501 opera
1954 2444 2111 2484 exse-

532 2524 737 2592 quitur,
788 2534 841 2579 et
872 2528 967 2595 qui
1009 2540 1211 2596 corpus
1242 2524 1624 2578 aﬁ‘ectionihus
1670 2522 1972 2577 obnoxium
2018 2535 2112 2574 os-

534 2614 729 2678 tendit,
762 2615 890 2670 dum
916 2617 1210 2685 permittit,
1253 2616 1431 2686 ipsum
1464 2614 1745 2684 lugere,et
1785 2612 2018 2677 esurire,
2056 2619 2110 2667 et

532 2707 584 2761 id
605 2722 777 2777 genus
811 2710 915 2762 alia
952 2710 1182 2779 perpeti.
1213 2708 1292 2762 Ex
1322 2709 1407 2763 his
1434 2709 1583 2763 enim
1610 2707 1869 2761 omnibus
1927 2705 2113 2760 decla-

531 2801 673 2854 ravit
724 2816 805 2862 se,
838 2816 960 2855 cum
998 2801 1142 2856 Deus
1170 2802 1241 2855 sit
1269 2800 1606 2871 impatibilis,
1643 2816 1863 2856 carnem
1909 2798 2111 2869 patibi-

534 2892 637 2944 lem
680 2894 1014 2957 suscepisse.
1060 2896 1135 2947 Ex
1179 2895 1441 2964 operibus
1502 2902 1684 2947 autem
1740 2893 2002 2957 ostendit,
2049 2906 2110 2946 se

534 2980 627 3034 Dei
667 2978 905 3034 Verbum
975 2982 1255 3035 hominem
1315 2996 1439 3035 esse
1498 2981 1750 3034 factum:
1790 2979 1903 3032 Etsi
1956 2979 2107 3044 mihi,

534 3073 814 3141 inquiens,
850 3089 951 3126 non
970 3075 1207 3138 creditis,
1249 3073 1494 3142 operibus
1548 3071 1762 3137 credite,
1805 3080 1862 3124 ut
1894 3087 2111 3142 cognos-
2138 3108 2182 3165 ρ

532 3165 689 3227 catis,
721 3180 803 3217 me
829 3166 1013 3217 essein
1041 3164 1223 3227 Patre,
1248 3174 1296 3217 et
1317 3163 1535 3217 Patrem
1566 3166 1621 3217 iu
1652 3179 1731 3218 me
1752 3161 2112 3218 ‘.Audientes

535 3258 758 3324 quidem
826 3258 979 3309 illum
1037 3257 1311 3311 dicentem
1340 3274 1353 3309 :
1404 3256 1516 3326 Ego
1553 3265 1602 3310 et
1637 3255 1804 3311 Pater
1831 3272 1992 3309 unum
2026 3272 2113 3309 su-

536 3366 650 3402 mus
679 3389 693 3413 ,
728 3350 748 3379 ’
796 3365 957 3402 unam
999 3364 1065 3403 ex
1102 3351 1434 3419 proprietate
1466 3349 1643 3402 Patris
1674 3364 1774 3419 per
1816 3350 2110 3403 essentiam

536 3437 853 3506 perSpicere
913 3437 1259 3491 divinitatem
1318 3437 1655 3506 oportebat;
1691 3439 1973 3493 audientes
2018 3452 2115 3490 au-

536 3542 642 3583 tem
707 3544 831 3582 eum
868 3528 1105 3595 ﬂevisse,
1137 3540 1190 3584 et
1232 3529 1439 3598 reliqua
1465 3530 1708 3599 ejusdem
1742 3533 1955 3599 generis
1989 3546 2114 3599 per-

537 3621 833 3687 tulisse,ea
877 3623 1035 3675 fateri
1093 3636 1217 3677 esse
1263 3624 1512 3691 corporis
1566 3623 1802 3676 maxime
1866 3623 2110 3691 pr0pria.

534 3714 851 3787 Legitimam
919 3718 1067 3769 enim
1108 3718 1178 3768 ita
1200 3715 1473 3784 cogitandi
1513 3730 1732 3768 causam
1767 3714 1991 3778 habent,
2045 3722 2106 3768 ut

537 3824 599 3859 ea
636 3808 857 3877 quidem
900 3808 969 3861 de
1007 3806 1133 3872 Deo,
1164 3809 1275 3860 haec
1310 3818 1492 3861 autem
1530 3815 1753 3877 propter
1807 3808 2108 3861 humanum

537 3899 713 3967 ipsius
739 3913 941 3967 corpus
971 3900 1174 3967 scripta
1205 3898 1335 3951 sint.
1380 3898 1556 3951 Homo
1577 3908 1761 3952 autem
1801 3898 1976 3953 iactus
2005 3909 2109 3963 est,

536 4000 592 4044 et
633 3992 746 4045 hanc
777 4000 1035 4059 tanquam
1068 3992 1136 4044 ab
1182 3990 1401 4044 homine
1422 3991 1682 4045 dicuntur
1716 4000 1772 4044 et
1828 3991 1986 4056 ﬁunt,
2054 3997 2111 4042 ut

536 4083 620 4135 hac
661 4098 876 4151 quoque
916 4085 1095 4136 carnis
1134 4083 1451 4138 aﬂectiones
1492 4084 1647 4137 nobis
1695 4084 1930 4141 leviores
1999 4082 2113 4138 clli-

539 4175 775 4239 ciantur,
809 4185 863 4229 et
897 4190 995 4229 nos
1036 4176 1104 4229 ab
1130 4177 1236 4229 illis
1271 4177 1426 4230 liberi
1457 4179 1648 4230 simus.
1673 4177 1789 4231 Jam
1826 4177 2109 4244 Dominus,

539 4264 865 4334 quisemper
900 4266 952 4318 in
977 4264 1137 4320 Patre
1169 4276 1274 4333 est,
1313 4283 1423 4321 non
1484 4278 1774 4338 antequam
1818 4266 1961 4322 hanc
2012 4284 2107 4323 vo-

465 4362 471 4367 '
538 4373 657 4411 cem
690 4360 1121 4423 emitteret,nec
1193 4369 1551 4431 posteaquam
1616 4362 1763 4415 illam
1814 4363 2020 4427 emisit,
2080 4378 2110 4415 a

540 4451 697 4504 Patre
726 4452 1029 4522 derelinqui
1058 4455 1256 4523 potuit.
1296 4452 1483 4522 Neque
1516 4455 1595 4508 fas
1631 4465 1715 4509 est
1746 4455 1948 4520 dicere,
2006 4456 2110 4509 Do-
2144 4455 2185 4509 D

540 4544 749 4597 minum
786 4544 961 4615 ipsum
993 4546 1331 4610 formidasse,
1390 4561 1551 4616 quem
1603 4548 1798 4601 inferni
1847 4551 2109 4603 custodes

540 4646 844 4691 metuentes
882 4636 1154 4691 infernum
1187 4638 1539 4703 dimiserunt,
1576 4648 1802 4707 propter
1837 4655 2001 4707 quem
2055 4648 2112 4694 et

540 4739 902 4783 monumenta
964 4740 1151 4800 aperta
1209 4740 1361 4796 sunt,
1406 4741 1459 4785 et
1504 4732 1673 4784 multa
1703 4734 1945 4801 ‘lcorpora
1989 4747 2118 4786 san-

541 4836 757 4881 ctorum
791 4838 1176 4880 surrexerunt.
1202 4824 1341 4879 Ecce
1376 4825 1521 4878 enim
1576 4825 1791 4879 dicente
1828 4824 2054 4878 Domino
2094 4841 2109 4878 :

539 4918 646 4970 Cur
686 4918 1010 4988 dereliquiin
1044 4933 1124 4970 me
1157 4916 1219 4969 ’τ
1250 4916 1409 4972 Pater
1428 4932 1485 4970 se
1508 4925 1561 4970 et
1589 4932 1804 4985 semper
1830 4928 1883 4971 et
1902 4927 2029 4970 tunc
2055 4917 2107 4970 in

540 5008 657 5077 ipso
713 5008 879 5061 fuisse
920 5007 1179 5061 declarat.
1220 5007 1354 5059 Nam
1383 5017 1434 5060 et
1456 5016 1597 5061 terra
1631 5003 1916 5059 Demittunt
1948 5020 2107 5059 suum

540 5102 849 5169 loquentem
897 5114 1199 5169 agnoscens
1249 5102 1431 5152 statim
1498 5099 1740 5153 tremuit.
1808 5097 1873 5151 Et
1926 5099 2107 5152 velunt

539 5197 769 5249 scissum
821 5206 921 5258 cst,
950 5195 1103 5248 etsol
1156 5194 1334 5247 radios
1363 5206 1493 5247 suos
1526 5194 1789 5257 contexit,
1832 5202 1886 5247 et
1943 5200 2109 5263 petrae

539 5290 833 5342 confracta:
868 5297 1029 5351 sunt;
1058 5297 1111 5341 et
1145 5286 1288 5354 quod
1324 5286 1705 5339 admirandum
1744 5295 1847 5350 est,
1878 5285 1951 5339 illi
1985 5285 2107 5355 ipsi,

537 5382 629 5450 qui
652 5382 881 5435 aderant
927 5391 979 5433 et
1007 5394 1129 5433 cum
1151 5388 1278 5432 ante
1330 5386 1681 5447 negaverant,
1734 5379 1849 5432 btec
1888 5377 2106 5446 conspi-

539 5474 645 5526 cali
693 5488 817 5526 vere
845 5473 991 5525 hunc
1024 5486 1144 5527 esse
1185 5469 1276 5523 Dei
1327 5469 1519 5524 Filium
1548 5471 1895 5523 conﬁtentur.

616 5738 629 5767 '
662 5736 817 5791 Joan.
857 5754 905 5799 χ,
932 5741 1021 5793 58.
1104 5742 1121 5770 ’⁵
1147 5740 1279 5794 Ibid.
1306 5740 1393 5794 '50.
1474 5739 1492 5770 ³
1519 5736 1709 5792 Matth.
1739 5751 1877 5801 XXVI,
1913 5738 1996 5794 Mi.

2217 1867 2279 1919 τὸ
2309 1854 2642 1938 πραχθῆναι,
2683 1872 2743 1924 τὸ
2770 1872 3027 1942 κλαῦσαι,
3067 1875 3175 1948 χρὴ
3220 1877 3526 1945 λαμϐάνειν
3561 1854 3781 1956 ’τῇ-αὺτῇ

2216 1958 2444 2028 διανοίᾳ.
2464 1959 2634 2025 Εἴπερ
2648 1960 2739 2014 οῦν
2770 1964 2832 2015 ὲκ
2857 1964 2966 2017 τῶν
2991 1967 3349 2036 ἀνθρωπίνων
3382 1975 3784 2043 προφασίζονται

2216 2048 2284 2102 τά
2309 2050 2541 2103 ταπεινά
2576 2056 2717 2105 νοεῖν
2744 2055 2874 2123 περὶ
2904 2054 2998 2108 τοῦ
3028 2056 3159 2109 Υἱοῦ
3199 2059 3290 2112 τοῦ
3320 2060 3485 2127 Θεοῦ,
3525 2064 3711 2134 μᾶλλον
3737 2067 3785 2118 δὲ

2214 2138 2503 2209 ἄνθρωπον
2555 2142 2716 2197 αὑτὸν
2774 2144 2895 2197 ὅλον
2929 2144 2996 2197 ἑκ
3048 2147 3173 2215 γῆς,
3208 2150 3297 2202 καὶ
3341 2152 3448 2204 οὐκ
3492 2152 3549 2218 ἐξ
3579 2154 3782 2224 οὐρανοῦ

2215 2231 2520 2299 νομίζουσι,
2552 2231 2696 2287 διατι
2752 2234 2830 2305 μὴ
2861 2237 2955 2288 καὶ
3011 2239 3074 2289 ὲκ
3102 2240 3210 2291 τῶν
3241 2240 3449 2295 θεῖκῶν
3476 2244 3647 2315 ἔργων
3672 2246 3780 2299 ὲπι-

2214 2325 2542 2391 γινώσκουσι
2586 2326 2678 2378 τὸν
2724 2328 2782 2379 ἐν
2838 2326 2915 2398 τῷ
2974 2329 3150 2401 Ilath
3195 2332 3396 2399 Λόγον,
3477 2337 3572 2387 καὶ
3622 2334 3784 2389 λοιπὸν

2215 2415 2506 2484 ἀρνοῦνται
2560 2416 2660 2488 τὴν
2697 2419 2832 2473 ίδίαν
2872 2421 3172 2488 ἀσέϐειαν;
3212 2425 3439 2489 Ἔξεστι
3468 2428 3575 2498 γὰρ
3625 2418 3786 2492 αὐτοῖς

2213 2508 2370 2578 ὸρᾷν,
2438 2508 2556 2571 πῶς
2597 2510 2758 2572 αὑτός
2814 2513 2961 2565 ἔστιν
2994 2515 3023 2566 6
3082 2517 3175 2568 καὶ
3227 2518 3293 2569 τά
3332 2516 3616 2591 θεοπρεπῆ
3666 2521 3786 2591 ἔργα

2215 2600 2408 2664 ποιῶν,
2439 2602 2467 2653 6
2484 2602 2652 2665 αὑτός
2683 2604 2829 2656 ἐστιν
2851 2605 2879 2655 6
2904 2605 2999 2657 καὶ
3022 2606 3083 2659 τὸ
3125 2607 3284 2678 σῶμα
3309 2612 3566 2682 παθητὸν
3593 2614 3787 2676 δεικνὺς

2213 2690 2271 2743 ἓν
2294 2691 2370 2760 τῷ
2408 2694 2624 2759 ἀφιέναι
2675 2694 2885 2749 κλαίειν
2930 2699 3026 2750 καὶ
3071 2703 3261 2771 πεινᾷν
3296 2703 3459 2770 αὐτὸ,
3488 2706 3582 2758 καὶ
3604 2705 3668 2758 τὰ
3698 2705 3790 2757 ἴδια

2212 2781 2305 2834 τοῦ
2343 2784 2595 2853 σώματος
2634 2787 2689 2839 ὲν
2730 2789 2879 2854 αὐτῷ
2912 2791 3219 2858 φαίνεσθαι.
3264 2794 3368 2848 Ἐκ
3405 2797 3509 2867 μὲν
3554 2797 3661 2867 γὰρ
3696 2797 3793 2850 τῶν

2212 2875 2470 2928 τοιούτων
2487 2878 2749 2949 ἐγνώριζε
2780 2882 2969 2947 πᾶσιν,
3012 2883 3093 2935 ὅτι
3123 2884 3253 2948 Θεὸς
3271 2885 3352 2940 ὢν
3390 2888 3610 2951 ἀπαθὴς
3634 2890 3792 2959 σάρκα

2215 2964 2464 3036 παθητὴν
2492 2968 2716 3021 ἔλαϐενο
2752 2972 2816 3023 ἐκ
2848 2971 2904 3023 δὲ
2945 2990 3051 3025 των
3083 2975 3259 3047 ἔργων
3298 2978 3583 3032 ἐδείκνυεν
3614 2980 3790 3033 ἑαυτὸν

2215 3057 2388 3126 Λόγον
2408 3059 2538 3112 ὄντα
2576 3060 2733 3129 Θεοῦ,
2780 3063 2875 3115 καὶ
2917 3063 3145 3136 ὕστερον
3195 3070 3503 3141 γενόμενον
3531 3075 3797 3145 ἄνθρωπον

2215 3150 2387 3215 λέγων
2415 3168 2439 3193 ’μ
2457 3150 2581 3205 Κᾶν
2610 3152 2739 3221 ἐμοὶ
2767 3155 2854 3223 μὴ
2889 3160 3213 3226 πιστεύητε
3238 3161 3633 3232 ἀνθρώπινον
3656 3182 3800 3233 περι-

2214 3240 2583 3307 ϐεϐλημένον
2614 3242 2805 3312 σῶμα,
2838 3247 2999 3300 ἀλλὰ
3027 3248 3143 3301 κᾶν
3175 3251 3301 3318 τοῖς
3339 3255 3551 3324 ἔργοις
3582 3261 3799 3310 metatio

2214 3345 2385 3391 σατε,
2408 3332 2509 3385 ἵνα
2535 3332 2743 3400 γνῶτε,
2789 3335 2877 3389 ὅτι
2904 3337 3018 3406 ἐγὼ
3048 3340 3117 3393 ἐν
3160 3340 3239 3407 τῷ
3264 3346 3483 3414 Harp),
3514 3349 3611 3400 καί
3642 3351 3672 3402 ό
3696 3351 3802 3402 Πα-

2214 3422 2327 3491 τὴρ
2376 3423 2621 3493 erepat.
2676 3426 2823 3480 Ἔδει
2856 3428 2933 3497 δὲ,
2975 3431 3054 3485 ὅτι
3085 3432 3397 3499 ἀκούοντας
3452 3440 3556 3508 μὲν
3594 3440 3802 3501 αὐτοὺς,

2232 3511 2386 3581 Ἐγὼ
2418 3515 2517 3565 καὶ
2550 3517 2582 3567 ό
2625 3517 2827 3586 Πατὴρ
2856 3519 2926 3572 ἓν
2953 3522 3159 3591 ἐσμεν,
3208 3527 3341 3594 μίαν
3385 3532 3525 3599 ὀρᾷν
3560 3530 3657 3601 τὴν
3696 3530 3804 3584 θεό-

2214 3620 2351 3671 τητα
2374 3606 2513 3656 κατὰ
2546 3606 2605 3658 τὸ
2641 3608 2770 3660 ίδιον
2798 3611 2898 3681 τῆς
2930 3613 3113 3676 οὐσίας
3148 3616 3241 3668 τοῦ
3275 3619 3505 3689 ιῐατρός
3540 3640 3554 3653 ·
3594 3622 3805 3676 ἀκούον-

2213 3712 2312 3760 τας
2330 3697 2387 3750 δὲ
2412 3697 2473 3751 τὸ
2503 3700 2772 3755 ἕκλαυσε
2794 3743 2810 3767 ,
2848 3706 2942 3759 καὶ
2965 3706 3032 3759 τὰ
3057 3708 3239 3777 ὃμοια,
3269 3714 3460 3769 ταῦτα
3495 3717 3593 3768 τοῦ
3635 3716 3808 3786 σώμα-

2214 3804 2303 3849 τος
2332 3788 2439 3840 ἴδια
2482 3788 2664 3854 λέγειν
2726 3791 2983 3860 μάλιστα,
3042 3799 3124 3852 ὅτι
3178 3801 3238 3853 ἐν
3295 3804 3561 3876 ἑκατέρῳ
3614 3806 3811 3859 τούτων

2215 3878 2403 3948 ἔχουσι
2459 3882 2563 3953 τὴν
2595 3885 2851 3955 ἀφορμὴν
2885 3887 3127 3959 εὔλογον,
3162 3892 3243 3946 ὅτι
3297 3898 3370 3951 τὰ
3424 3899 3533 3966 μὲν
3571 3899 3647 3960 ὡς
3691 3898 3811 3967 περὶ

2213 3968 2351 4022 Θεοῦ
2376 3973 2701 4041 γέγραπται,
2722 3975 2788 4029 τὰ
2816 3977 2871 4030 δὲ
2904 3979 2991 4034 διὰ
3028 3981 3087 4034 τὸ
3110 3984 3468 4055 ἀνθρώπινον
3507 3990 3677 4045 αὑτοῦ
3710 3988 3813 4041 σῶ-

2216 4077 2291 4130 μα
2344 4062 2581 4130 λέγεται.
2623 4067 2776 4119 Ἐπεὶ
2833 4072 2929 4123 καὶ
2990 4070 3279 4144 ἄνθρωπος
3314 4082 3547 4147 γέγονε,
3612 4082 3705 4133 καὶ
3745 4081 3814 4140 ὠς

2215 4155 2368 4222 παρὰ
2419 4156 2713 4228 ἀνθρώπου
2765 4164 3011 4230 γίνεται,
3060 4170 3155 4220 καὶ
3212 4171 3443 4240 λέγεται
3484 4176 3699 4242 ταῦτα,
3740 4177 3820 4227 ἵνα

2214 4248 2386 4304 ταῦτα
2438 4251 2506 4304 τὰ
2546 4252 2849 4325 παθήματα
2894 4260 2989 4329 τῆς
3042 4263 3243 4332 σαρκὸς
3298 4269 3588 4337 κουφίαας
3640 4270 3819 4329 αὐτοῖς

2215 4338 2509 4411 ἐλευθέραν
2562 4343 2743 4399 αὐτῶν
2778 4350 2988 4420 ταύτην
3020 4358 3444 4430 κατασχευάςῃ.
3496 4363 3671 4415 Ὀθεν
3706 4361 3821 4415 οὐδὲ

2214 4430 2702 4498 ὲγκαταλείπεσθαι
2739 4437 2961 4495 δύναται
3016 4447 3168 4514 παρὰ
3216 4448 3311 4502 τοῦ
3362 4452 3598 4522 [ἰατρὸς
3650 4457 3676 4507 6
3715 4456 3823 4507 K6-

2220 4542 2355 4594 ριος,
2405 4527 2462 4579 ἐν
2501 4527 2676 4598 ἑαυτῷ
2702 4528 2778 4582 ὢν
2830 4533 2917 4586 ἀεὶ
2961 4538 3053 4586 καὶ
3103 4538 3209 4607 πρὸ
3232 4541 3325 4591 τοῦ
3354 4544 3553 4595 είπείν
3587 4546 3687 4597 καὶ
3737 4544 3824 4597 ὅτε

2213 4617 2419 4687 ταύτην
2447 4618 2598 4688 ἠφίει
2625 4621 2724 4690 τὴν
2744 4626 2944 4693 φωνήν.
2976 4625 3119 4679 Ἀλλ’
3151 4629 3272 4683 οὐδὲ
3292 4631 3466 4703 θέμις
3500 4638 3692 4688 είτεεῖν
3716 4635 3819 4687 tti-

2213 4707 2299 4762 λιν
2319 4709 2522 4779 δειλιᾷν
2551 4711 2642 4765 τὸν
2674 4713 2897 4784 Κύριον,
2928 4716 2988 4769 6v
3038 4721 3087 4771 οί
3121 4720 3361 4791 πυλωροὶ
3387 4724 3494 4778 τοῦ
3522 4725 3662 4797 ᾅδου
3694 4726 3823 4780 1:16-

2215 4796 2404 4862 ξαντες
2438 4799 2721 4888 ὲξαφῆκαν
2754 4803 2846 4857 τὸν
2890 4806 3043 4877 ᾅδην.
3104 4812 3215 4863 Καὶ
3260 4814 3327 4865 τὰ
3385 4817 3502 4884 μὲν
3538 4796 3823 4886 μνήματα

2212 4893 2439 4963 ἀνέῳγε,
2466 4894 2636 4947 πολλά
2670 4895 2726 4949 δὲ
2763 4899 2988 4967 σώματα
3035 4902 3145 4954 τῶν
3176 4904 3343 4970 ἀγίωι
3398 4908 3651 4981 ἀνέστη.
3692 4910 3822 4963 Ἰδοὺ

2211 4983 2461 5051 λέγοντος
2480 4985 2665 5053 αὑτοῦ,
2709 4986 2882 5041 ἰνατί
2910 5008 2986 5059 με
3020 4993 3455 5063 ἐγκατέλειπες
3486 5015 3506 5061 ;
3542 5002 3823 5053 ἐδείκνυεν

2208 5075 2237 5127 6
2282 5077 2488 5146 Πατὴρ,
2552 5078 2629 5140 ὠς
2676 5079 2760 5130 ἀεὶ
2802 5083 2896 5132 καὶ
2938 5084 3059 5136 τότε
3110 5080 3179 5154 ἧν
3211 5087 3384 5154 αὐτῷ.
3469 5090 3541 5141 Ἢ
3601 5093 3715 5161 γὰρ
3752 5089 3824 5159 γῆ

2211 5166 2551 5231 γινώσκουσα
2581 5165 2674 5221 τὸν
2718 5169 2981 5224 λαλοῦντα
3038 5176 3322 5246 Δεσπότην
3360 5180 3552 5244 εὐθὺς
3596 5183 3819 5251 ἔτρεμε,

2212 5261 2306 5311 καὶ
2363 5260 2424 5310 τὸ
2473 5263 2873 5333 καταπέτασμα
2930 5267 3195 5336 ἐσχίζετο,
3232 5273 3259 5324 ὁ
3302 5270 3472 5338 ἥλιός
3523 5291 3590 5327 τε
3657 5274 3827 5347 ὲκρύ·⁸

2212 5366 2403 5416 πτετο,
2458 5354 2550 5405 καὶ
2621 5354 2677 5405 αι
2743 5356 2937 5424 πέτραι
2979 5357 3395 5429 διερρήγνυντο.
3473 5366 3597 5419 Καὶ
3658 5367 3720 5421 τό
3763 5384 3823 5428 γε

2217 5440 2551 5510 θαυμαστὸν,
2591 5445 2673 5496 ὅτι
2714 5447 2762 5498 ol
2819 5448 2939 5499 τότε
2984 5453 3264 5520 παρόντες,
3316 5457 3425 5507 καὶ
3483 5459 3825 5529 ἀρνούμενοι

2215 5533 2375 5585 αὑτὸν
2419 5538 2707 5606 πρότερον,
2765 5536 2991 5610 ὕστερον
3034 5544 3205 5596 ταῦτα
3260 5544 3585 5615 βλέποντες
3635 5555 3826 5622 ὁμολο-

2216 5625 2404 5692 γοῦσιν
2429 5624 2642 5697 ἀληθῶς
2668 5630 2854 5683 τοῦτον
2877 5627 3014 5685 εἶναι
3045 5635 3179 5689 Θεοῦ
3216 5636 3357 5691 Υίόν.
