4094 6204
314 296 423 357 H9

1274 290 1650 351 PANOPLEA
1693 290 2154 353 DOGMATICA.
2194 315 2260 327 -
2297 292 2447 353 TIT.
2480 291 2583 352 Χῐ.

3466 298 3569 363 450

381 405 523 475 Περὶ
556 403 613 458 δὲ
642 399 738 457 τοῦ
779 400 959 470 λέγειν
1006 397 1171 452 αὐτόν
1196 414 1211 430 ο
1251 402 1319 454 Et
1352 400 1638 467 δυνατὸν,
1671 401 1896 467 παρελ-

2068 399 2189 456 Jam
2216 402 2360 472 quod
2384 402 2625 473 pertinet
2652 399 2721 457 ad
2754 400 2846 457 illa
2872 402 3037 459 verba
3070 421 3083 459 :
3122 403 3181 459 Si
3207 405 3323 475 ﬁeri
3371 420 3565 476 potest.

309 503 461 559 θέτω
486 498 557 553 τὸ
588 496 901 561 ποτήριον,
945 492 1270 562 μαθέτωσαν
1318 492 1435 555 πῶς
1457 493 1485 546 ό
1524 491 1695 545 ταῦτα
1732 492 1888 560 είρη-

310 593 427 658 κὼς
462 591 704 659 ιπιτίμα
737 588 816 659 τῷ
838 588 1027 658 Πέτρῳ
1053 587 1228 656 λέγων
1250 599 1264 617 ⁸
1288 586 1372 641 οὐ
1399 584 1642 653 φρονεῖς
1666 584 1740 638 τὰ
1783 581 1890 636 τοῦ

306 686 486 743 Θεοῦ.
524 681 723 736 Ἤθελε
754 680 860 750 γὰρ
884 680 913 732 ὃ
941 680 1264 749 παρῃτεῖτο,
1294 679 1387 730 καὶ
1408 673 1494 729 διά
1519 674 1676 727 τοῦτο
1712 669 1780 744 ἦν
1805 672 1891 725 ἐλ-

311 781 445 833 θών.
491 774 764 843 Ἐπετίμα
792 773 891 843 μὲν
931 767 1025 825 οὖν
1056 771 1136 842 τῷ
1172 770 1365 839 Πέτρῳ
1426 767 1504 830 ὡς
1543 766 1693 830 Θεὸς,
1744 781 1888 832 παρ-

306 872 500 942 ῃτεῖτο
525 867 582 920 δὲ
632 867 723 918 τὸν
763 863 994 917 θάνατον
1027 861 1103 923 ὼς
1135 861 1444 928 ἄνθρωπος.
1482 852 1609 926 Εἶχε
1656 856 1763 925 γὰρ
1785 856 1891 908 δει-

310 962 520 1014 λιῶσαν
558 957 659 1027 τὴν
700 955 902 1025 σάρκα,
956 951 1024 1005 δι’
1049 952 1117 1022 ἢν
1154 949 1419 1019 συνεκέρα
1472 947 1532 1000 τδ
1571 946 1767 1000 ἑαυτοῦ
1807 944 1892 997 θέ-

312 1054 471 1122 λημα
492 1051 557 1118 τῇ
588 1046 908 1115 ἀνθρωπίνῃ
961 1041 1235 1112 ἀσθενείᾳ,
1267 1040 1355 1093 ἵνα
1391 1041 1484 1093 καὶ¹
1542 1038 1702 1091 τοῦτο
1731 1038 1891 1091 πάλιν

316 1141 611 1208 ἀρανίσας,
649 1135 948 1207 θαρραλέον
968 1133 1057 1184 τὸν
1096 1132 1384 1201 ἄνθρωπον
1438 1131 1575 1201 πρὸς
1602 1130 1693 1182 τὸν
1729 1130 1892 1182 θάνα·

312 1248 410 1284 τον
471 1227 881 1297 κατασκευάσῃ.
953 1224 1084 1277 Ἰδοὺ
1143 1222 1252 1290 γὰρ
1310 1224 1541 1290 πρᾶγμα
1589 1218 1893 1291 παράδοξον

315 1322 561 1391 ἀληθῶς.
615 1320 714 1371 Ὃν
744 1317 883 1370 κατά
903 1315 1103 1368 δειλίαν
1119 1310 1703 1381 λαλοῦντανομίζουσιν
1718 1312 1896 1379 οίχρι-

318 1417 610 1484 στομάχοι,
654 1405 811 1471 οὗτος
848 1411 913 1478 τῇ
943 1405 1277 1476 νομιζομένῃ
1328 1404 1501 1473 δειλίᾳ
1552 1403 1894 1473 θαρραλέους

314 1508 445 1570 τοὺς
471 1501 797 1574 ἀνθρώπους
850 1500 945 1552 καὶ
975 1496 1213 1568 ἀφόϐους
1242 1495 1666 1558 κατασκευάζει,
1697 1496 1758 1547 Oi
1786 1495 1893 1562 γὰρ

319 1598 584 1668 μκάριοι
629 1591 921 1646 ἀπόστολοι
980 1589 1099 1659 μετ’
1130 1588 1314 1652 αὐτὸν,
1352 1586 1445 1640 καὶ
1476 1588 1525 1639 oi
1559 1586 1709 1641 ἄλλοι
1748 1586 1895 1653 ἀγιοι

319 1690 605 1760 μάρτυρες
657 1684 835 1748 οὕτως
869 1685 933 1736 ὲκ
974 1681 1083 1734 τῶν
1121 1680 1376 1734 τοιούτων
1404 1679 1598 1748 φωνῶν
1630 1679 1896 1749 κατεφρό-

317 1799 449 1835 νουν
476 1779 573 1833 τοῦ
615 1776 865 1839 θανάτου,
895 1774 969 1837 ὡς
1010 1772 1211 1843 μᾶλλον
1238 1770 1480 1840 νομίζειν
1505 1771 1585 1832 είς
1627 1772 1726 1840 τὴν
1750 1770 1895 1839 ζωὴν

322 1874 701 1944 μεταϐαίνειν,
723 1870 757 1938 ἢ
777 1869 1003 1923 θάνατον
1026 1866 1337 1935 ὑπομένειν.
1368 1864 1489 1927 [Ιῶς
1514 1860 1609 1918 οὖν
1638 1865 1740 1917 οὐκ
1773 1864 1897 1919 ἄτο-

322 1984 424 2021 πον
456 1966 568 2019 τῶν
601 1964 699 2035 μὲν
746 1959 1090 2032 θεραπόντων
1119 1958 1211 2011 τοῦ
1244 1959 1418 2025 Λόγου
1451 1955 1750 2026 θαυμάζειν
1800 1956 1899 2026 τὴν

322 2059 578 2127 ἀνδρίαν,
604 2053 767 2107 αὑτὸν
798 2054 856 2105 δὲ
884 2050 974 2103 τὸν
1000 2051 1170 2117 Λόγον
1202 2048 1380 2116 λέγειν
1412 2064 1471 2100 τε
1500 2047 1725 2117 δειλιᾷν,
1748 2045 1815 2098 δι’
1839 2046 1898 2099 ὃν

327 2153 576 2204 κάκεῖνοι
618 2146 848 2201 θανάτου
904 2143 1360 2213 κατεφρόνησανς
1406 2140 1509 2193 Ἕκ
1554 2139 1610 2192 δὲ
1636 2139 1738 2209 τῆς
1788 2136 1899 2191 τῶν

323 2241 500 2308 ἁγίων
551 2236 857 2308 μαρτυρίας
909 2233 1389 2304 καρτερικωτάτης
1431 2230 1761 2300 προθέσεως,
1809 2229 1901 2281 καὶ

328 2331 555 2402 ἀνδρίας
596 2330 893 2393 δείκνυται,
963 2327 1038 2389 ὡς
1085 2327 1187 2379 οὐκ
1229 2320 1297 2396 ἦν
1340 2326 1374 2394 ἡ
1405 2322 1594 2391 θεότης
1624 2321 1896 2383 δειλιῶσα,

325 2426 467 2493 ἀλλά
507 2424 610 2493 τὴν
642 2422 802 2491 ἡμῶν
845 2420 1049 2474 δειλίαν
1079 2415 1148 2489 ἦν
1179 2414 1584 2488 ἀφαιρούμενος
1618 2414 1646 2465 ό
1677 2414 1896 2483 Σωτήρ.

456 2492 575 2586 γὰρ
600 2514 817 2583 θανάτῳ
842 2512 929 2564 τὸν
956 2512 1181 2564 θάνατον
1210 2508 1548 2576 κατήργησε,
1578 2505 1670 2557 καὶ
1693 2504 1902 2574 ἀνθρω-

327 2609 501 2669 πίνως
543 2605 720 2659 πάντα
754 2605 822 2656 τά
873 2600 1213 2669 ἀνθρώπινα,
1254 2596 1396 2649 οὕτω
1455 2596 1549 2648 καὶ
1586 2598 1652 2665 τῇ
1683 2599 1900 2658 νομιζο-

322 2700 473 2773 μὲνῃ
496 2696 673 2768 δαλίᾳ
697 2695 794 2766 τὴν
818 2693 973 2765 ἡμῶν
996 2692 1201 2746 δειλίαν
1219 2691 1501 2760 ἀφῃρεῖτο,
1516 2689 1609 2741 καὶ
1637 2686 1902 2757 πεποίηκε

322 2797 537 2866 μηκέτι
601 2789 886 2859 φοϐεῖσθαι
936 2788 1064 2849 τοὺς
1128 2781 1446 2855 ἀνθρώπους
1506 2780 1597 2833 τὸν
1647 2779 1900 2834 θάνατον.

326 2890 563 2955 Ἔλεγεν
610 2884 702 2938 οὖν
757 2880 952 2943 ταῦτα,
998 2881 1094 2933 καὶ
1138 2878 1256 2948 ἅμα
1295 2876 1488 2931 ἐποίει.
1540 2874 1903 2944 ’Λνθρὼπινον

326 2978 429 3045 μὲν
463 2975 573 3043 γὰρ
624 2968 690 3043 ἦν
721 2972 782 3023 τὸ
822 2970 1001 3037 λέγειν
1022 2983 1039 2998 ⁸
1060 2966 1405 3035 Παρελθέτω
1442 2966 1510 3020 τὸ
1564 2964 1855 3031 ποτήριον
1884 2979 1900 2994 ο

319 3068 420 3120 καί
447 3082 466 3097 θ
510 3065 701 3120 'Iratl
750 3080 829 3131 με
877 3061 1337 3130 ἐγκατέλειπες;
1375 3057 1568 3120 θεῖκῶς
1600 3056 1657 3111 δὲ
1693 3058 1722 3109 ό
1746 3056 1904 3118 αὐτὸς
1932 3084 1973 3142 c

324 3157 510 3208 ἐποίει
554 3154 645 3207 τὸν
679 3154 834 3222 ἥλιον
869 3149 1164 3212 ἐκλείπειν,
1208 3148 1303 3201 καὶ
1334 3146 1461 3208 τοὺς
1492 3144 1719 3216 νεκροὺς
1755 3143 1899 3212 ἐγεί-

326 3249 550 3319 ρεσθαι.
584 3245 753 3297 Πάλιν
781 3260 839 3295 τε
867 3243 1036 3310 λέγων
1065 3239 1422 3311 ἀνθρωπίνως
1446 3254 1459 3268 ⁶
1490 3236 1624 3292 Νῦν
1656 3236 1694 3304 ἡ
1728 3236 1899 3305 ψυχή

318 3358 439 3411 μου
459 3337 829 3404 τετάρακται,
856 3335 1008 3401 ἔλεγε
1033 3332 1229 3394 θεῖκῶς
1256 3349 1271 3365 ο
1294 3328 1615 3395 Ἐξουσίαν
1635 3329 1754 3398 ἔχω
1787 3328 1902 3397 τὴν

325 3430 541 3498 ψυχήν
586 3442 705 3495 μου
735 3425 948 3490 θεῖναι,
974 3422 1074 3475 καί
1116 3420 1305 3475 πάλιν
1330 3420 1626 3485 ἐξουσίαν
1653 3420 1773 3489 ἔχω
1794 3423 1905 3471 λα-

322 3521 454 3575 ϐεῖν
479 3518 699 3584 αὑτήν.
736 3517 809 3568 Τὸ
843 3516 941 3585 μὲν
991 3514 1101 3584 γὰρ
1126 3511 1490 3584 ταράττεσθαι
1538 3512 1735 3581 σαρκὸς
1770 3510 1901 3562 ἴδιον

325 3608 413 3684 ἦν,
440 3610 507 3665 τὸ
534 3610 592 3664 δὲ
636 3608 884 3675 ἐξουσίαν
914 3606 1059 3678 ἔχειν
1096 3604 1269 3657 θεῖναι
1326 3605 1419 3657 καὶ
1441 3602 1628 3657 λαϐεῖν
1666 3602 1753 3653 ὅτε
1777 3600 1903 3670 eos.

326 3703 607 3775 λεταιτὴν
635 3702 835 3771 ψυχὴν,
875 3700 975 3753 οὐκ
1027 3698 1146 3752 ἔστι
1198 3698 1359 3751 τοῦτο
1414 3694 1543 3750 ἴδιον
1591 3692 1902 3764 ἀνθρώπου,

328 3800 467 3853 ἀλλά
497 3797 598 3867 τῆς
628 3795 723 3847 τοῦ
749 3795 922 3861 Λόγου
946 3790 1228 3861 δυνάμεώς
1249 3792 1417 3845 ἐστιν.
1445 3788 1769 3856 Ἄνθρωπος
1796 3786 1903 3855 γάρ

326 3891 387 3942 οὐ
414 3888 540 3941 κατ’
582 3886 721 3939 tam
752 3884 1019 3950 ἐξουσίαν,
1061 3882 1174 3937 ἀλλ’
1216 3882 1429 3953 ἀνάγκῃ
1458 3881 1674 3949 φύσεως
1712 3879 1905 3948 καὶμὴ

330 3982 505 4035 θέλων
530 3978 887 4047 ἀποθνήσκει.
922 3976 981 4030 '0
1003 3976 1061 4028 δὲ
1098 3974 1298 4044 Κύριος
1329 3974 1593 4032 ἀθάνατος
1636 3970 1733 4038 ὢν,
1770 3970 1905 4039 σάρ-

328 4092 402 4127 κα
431 4073 491 4124 δὲ
523 4068 724 4139 θνητὴν
759 4067 918 4137 ἔχων,
958 4067 1047 4118 ἐπ’
1080 4067 1328 4131 ἐξουσίας
1358 4062 1503 4135 εἶχεν
1530 4065 1603 4126 ὡς
1627 4064 1759 4127 Θεὸς
1792 4064 1902 4116 ἀπὸ

327 4164 424 4217 τοῦ
466 4162 720 4229 σώματος
749 4158 1109 4230 χωρισθῆναι,
1167 4159 1264 4211 καὶ
1296 4156 1453 4211 τοῦτο
1510 4156 1674 4209 πάλιν
1702 4155 1905 4208 ἀναλα-

326 4260 446 4309 ϐεῖν
469 4257 563 4307 ὅτε
593 4254 865 4324 βούλεται.
895 4252 1142 4319 Ἐπρεπε
1182 4251 1290 4319 γὰρ
1340 4250 1586 4319 φθαρτὴν
1612 4248 1776 4302 οὖσαν
1806 4248 1907 4317 τὴν

1993 501 2287 548 transeata
2328 511 2408 547 me
2466 495 2681 562 (οὔτ’,
2753 496 3212 561 animadvertant,
3272 504 3570 567 quomodo,

1990 584 2083 653 qui
2113 585 2396 649 haecdixit,
2431 585 2654 640 Petrum
2688 587 3067 655 increpuerit,
3130 589 3250 643 Non
3281 593 3449 659 capis,
3482 592 3570 645 iu-

1990 676 2208 744 qniens,
2246 692 2361 746 quae
2393 676 2488 730 Dei
2516 687 2638 731 sunt
2669 680 2712 731 ¹.
2762 678 3307 751 .-Volebatsuscipere
3326 682 3398 747 id,
3426 686 3570 753 quod

1989 768 2405 838 deprecabatur,
2458 780 2514 825 et
2545 771 2750 826 idcirco
2773 782 3017 826 venerat.
3048 772 3356 842 lncrepavit
3404 776 3568 848 igitur

1993 860 2209 915 Petrum
2262 870 2324 917 ut
2354 862 2515 929 Deus,
2558 863 2880 933 deprecatus
2913 873 2998 920 est
3046 869 3567 924 mortemutbomo.

1993 951 2240 1007 Habebat
2271 954 2415 1008 enim
2436 970 2652 1009 carnem
2690 958 2960 1025 pavidam,
2998 966 3400 1028 propterquam
3441 977 3563 1014 cum

1995 1040 2229 1098 humana
2253 1044 2620 1100 imbecillitate
2649 1031 2983 1101 voluntatem
3012 1062 3163 1101 suam
3186 1050 3484 1118 conjunxit,
3507 1062 3568 1104 ut

1997 1133 2135 1189 hanc
2159 1136 2287 1188 item
2324 1134 2664 1189 all‘ectionem
2732 1136 2993 1198 aboleret,
3052 1138 3435 1209 hominemque
3492 1143 3560 1195 ad

1995 1226 2355 1294 appetendam
2387 1235 2621 1280 mortem
2649 1236 2935 1283 strenuum
2993 1235 3047 1281 et
3076 1226 3267 1282 fortem
3308 1228 3567 1284 efﬁceret.

1994 1316 2230 1371 Attende
2255 1316 2399 1371 enim
2441 1332 2553 1371 rem
2577 1332 2775 1372 novam
2849 1327 2905 1372 et
2928 1318 3332 1373 admirabilem.
3396 1319 3565 1386 Quem

1998 1408 2182 1463 timide
2209 1409 2355 1477 loqui
2390 1418 2583 1480 putant
2610 1409 2699 1464 isti
2747 1409 2951 1464 Christi
2977 1410 3182 1477 hostes,
3209 1412 3257 1465 is
3319 1426 3382 1466 ea
3454 1412 3569 1482 ipsa

1995 1500 2306 1563 aﬂectione,
2335 1517 2499 1569 quam
2524 1501 2627 1570 ipsi
2663 1500 3010 1556 formidinem
3067 1504 3405 1567 existimant,
3453 1504 3556 1557 ho-

1996 1588 2173 1644 mines
2251 1591 2518 1645 audentes
2582 1600 2638 1645 et
2704 1592 3007 1659 impavidos
3064 1594 3368 1647 constituit.
3431 1593 3565 1651 Nam

1997 1680 2141 1735 beati
2171 1689 2290 1750 post
2344 1680 2493 1734 illum
2549 1681 2779 1749 apostoli
2838 1690 2893 1735 et
2931 1682 3022 1735 alii
3078 1683 3252 1737 sancti
3306 1694 3570 1753 martyres

1999 1780 2219 1842 propter
2277 1772 2377 1827 has
2433 1785 2595 1825 voces
2645 1773 2782 1825 adeo
2820 1782 3046 1827 mortem
3101 1784 3570 1844 contempserunt,

2001 1871 2061 1917 ut
2086 1878 2184 1932 per
2212 1877 2329 1917 eam
2387 1877 2446 1917 se
2512 1862 2684 1933 magis
2729 1862 2795 1916 ad
2864 1864 3026 1916 vitam
3094 1865 3347 1926 transire,
3402 1880 3567 1934 quam

1999 1964 2228 2010 mortem
2256 1955 2439 2010 subire
2473 1954 2868 2009 existimarent.
2902 1954 3071 2020 Quam
3115 1956 3413 2011 absurdum
3472 1958 3574 2026 igi-

2000 2058 2088 2101 tur
2152 2056 2254 2112 est,
2318 2061 2440 2101 cum
2502 2044 2663 2101 Verbi
2736 2046 3109 2100 ministrorum
3190 2048 3568 2106 fortitudinem

1999 2138 2303 2204 admireris,
2340 2138 2573 2192 Verbum
2613 2138 2788 2206 ipsum
2820 2138 3065 2192 timidum
3119 2139 3321 2205 dicere,
3348 2154 3572 2211 propter

2000 2230 2145 2301 quod
2175 2230 2251 2284 illi
2274 2238 2503 2283 mortem
2532 2244 2641 2283 non
2675 2229 2975 2308 timuerunt
3007 2232 3020 2283 l
3054 2229 3129 2283 Ex
3154 2230 3451 2286 fortissimo
3473 2233 3575 2304 igi-

2003 2337 2092 2377 tur
2159 2332 2476 2378 sanctorum
2538 2328 2837 2390 martyrum
2890 2323 3169 2392 proposito
3256 2325 3569 2395 virtuteque

2000 2422 2213 2469 constat
2263 2413 2603 2468 divinitatem
2639 2412 2860 2467 minime
2919 2412 3261 2479 formidasse,
3320 2414 3414 2470 sed
3459 2415 3575 2470 for-

2004 2509 2260 2562 midinem
2295 2516 2534 2561 nostram
2568 2505 2911 2561 Servatorem
2945 2506 3264 2562 abstulisse.
3295 2508 3571 2575 Quemad-

2003 2601 2220 2653 modum
2248 2601 2394 2654 enim
2422 2605 2595 2652 morte
2616 2612 2713 2652 sua
2769 2605 2996 2671 mortem
3042 2597 3331 2668 destruxit,
3364 2609 3421 2654 et
3467 2600 3570 2654 hu-

2005 2691 2263 2745 manitate
2291 2704 2390 2744 sua
2418 2688 2655 2756 reliquas
2680 2687 2946 2741 humanas
2976 2688 3319 2756 aﬂcctiones,
3376 2690 3459 2745 sic
3513 2700 3569 2746 et

2005 2782 2109 2837 hoc
2131 2782 2222 2852 qui
2250 2790 2427 2836 metus
2483 2780 2710 2843 dicitur,
2771 2788 2980 2834 metum
3040 2790 3287 2836 nostrum
3328 2784 3569 2846 sustulit,

2006 2874 2315 2942 eﬂecitque,
2353 2888 2421 2925 ne
2449 2871 2699 2925 homines
2738 2872 2971 2940 amplius
3031 2882 3261 2928 mortem
3311 2874 3572 2928 extimes-

2010 2976 2218 3022 cerent.
2253 2964 2395 3018 Dixit
2427 2964 2519 3018 ille
2549 2965 2793 3033 quidem,
2829 2973 2884 3018 et
2913 2964 3043 3019 fecit
3067 2964 3202 3019 haec.
3236 2963 3371 3019 Nam
3429 2966 3574 3021 sicut

2007 3056 2245 3110 hominis
2273 3054 2374 3109 fuit
2405 3055 2583 3109 dicere
2617 3072 2629 3107 :
2666 3055 2927 3107 Transeat
2967 3054 3152 3119 calix;
3194 3065 3250 3110 et
3289 3073 3303 3111 :
3344 3057 3451 3111 Cur
3484 3057 3567 3110 de.

2006 3148 2263 3219 reliquisti
2301 3146 2412 3200 me?
2432 3147 2510 3201 sic
2545 3145 2639 3200 Dei
2665 3146 3014 3211 fuitellicere,
3042 3158 3098 3201 ut
3137 3150 3219 3203 sol
3271 3149 3387 3219 ipse
3445 3149 3578 3203 detiv

2003 3254 2171 3305 ceret,
2193 3251 2247 3296 et
2274 3241 2471 3295 mortui
2501 3240 2743 3294 redirent
2773 3241 2823 3292 in
2858 3247 3043 3295 vitam.
3076 3242 3245 3311 thui
3298 3242 3453 3301 dixit.
3502 3252 3564 3295 ut

2005 3339 2207 3393 homo:
2266 3339 2463 3391 Anima
2494 3351 2606 3390 mea
2632 3336 2841 3390 turbata
2888 3346 2966 3390 est
3005 3336 3046 3401 ³,
3098 3337 3238 3392 idem
3291 3340 3369 3391 uti
3436 3337 3578 3390 Deus

2003 3431 2177 3485 dixit:
2217 3428 2530 3483 Potestatem
2566 3426 2733 3481 habeo
2747 3429 2970 3496 ponendi
3018 3428 3251 3481 animum
3298 3445 3490 3485 meum.
3529 3443 3574 3480 et

2003 3532 2315 3592 potestatem
2342 3521 2504 3574 habeo
2532 3523 2725 3573 iterum
2761 3522 3058 3573 assumendi
3085 3536 3199 3572 eam
3228 3520 3275 3572 δ.
3350 3519 3577 3573 Turbati

2004 3611 2151 3664 enim
2178 3617 2260 3664 est
2294 3608 2571 3679 proprium
2589 3608 2792 3663 carnis.
2828 3606 3037 3661 [labere
3105 3617 3309 3671 autem,
3352 3608 3570 3676 quando

2013 3702 2149 3767 vult,
2226 3700 2458 3772 ponendi
2542 3698 2902 3770 sumcndique
2952 3699 3190 3754 animam
3237 3708 3577 3770 potestatem,

2009 3810 2117 3848 non
2164 3803 2247 3848 est
2275 3794 2507 3863 amplius
2533 3793 2770 3847 hominis
2815 3790 3113 3862 praprium,
3174 3792 3267 3847 scd
3308 3792 3375 3847 ad
3417 3792 3577 3846 Verbi

2007 3887 2307 3959 potentiam
2340 3887 2595 3956 pertinet.
2650 3885 2821 3942 Ilomo
2844 3886 2990 3940 enim
3022 3900 3132 3940 non
3166 3894 3438 3956 potestate
3457 3901 3576 3950 sua,

2009 3982 2106 4036 sed
2132 3990 2342 4034 natura:
2370 3979 2696 4033 neeressitate
2712 3979 2875 4032 etiam
2912 3978 3110 4031 nolens
3161 3978 3415 4032 moritur.
3475 3978 3579 4031 Do-

2008 4072 2188 4126 minus
2204 4069 2515 4137 autem,qni
2548 4069 2867 4123 immortalis
2895 4081 3002 4131 est,
3027 4080 3309 4123 etcarnem
3336 4072 3582 4138 gestabat

2008 4161 2318 4226 mortalem,
2349 4172 2409 4217 ut
2436 4160 2579 4215 Deus
2612 4169 2933 4230 potestatem
2965 4161 3223 4225 habebat,
3251 4172 3309 4215 ut
3342 4180 3419 4228 se,
3452 4179 3577 4219 cum

2011 4254 2196 4315 vellet.
2229 4262 2283 4306 et
2307 4268 2337 4306 a
2361 4267 2589 4321 corpore
2622 4262 2924 4321 separaret,
2952 4261 3223 4321 etcorpus
3255 4255 3451 4308 iterum
3481 4271 3577 4310 sn-

330 4354 514 4419 σάρκα
544 4346 744 4415 μηκέτι
796 4346 935 4398 κατὰ
983 4344 1082 4414 τὴν
1131 4344 1330 4414 ἑαυτῆς
1362 4341 1525 4411 φύσιν
1562 4342 1745 4413 μένειν
1778 4341 1902 4411 θνη-

2014 4353 2210 4399 meret.
2269 4343 2774 4407 Decebatenim,ot
2815 4360 2943 4399 caro
2973 4346 3220 4399 mortalis
3274 4355 3329 4400 et
3390 4346 3583 4402 interi-

331 4413 457 4509 τὴν,
490 4413 627 4491 ἀλλά
651 4437 739 4490 διὰ
770 4437 863 4489 τὸν
891 4413 1250 4504 ἐνδυσάμενον
1288 4413 1464 4505 αὐτὴν
1487 4433 1665 4501 Λόγον
1695 4432 1902 4503 ἄφθαρ-

2012 4436 2091 4491 tui
2117 4435 2604 4504 obnoxianonjam
2635 4450 2698 4488 ex
2728 4444 2922 4490 natura
2980 4450 3078 4489 sua
3139 4446 3389 4492 maneret
3433 4454 3581 4493 mor-

330 4549 424 4585 τον
448 4530 754 4600 διαμένειν.
791 4529 877 4592 Ὠς
903 4530 1011 4599 γάρ
1039 4528 1200 4591 αὐτὸς
1223 4528 1511 4596 γενόμενος
1557 4529 1615 4579 ἐν
1637 4526 1714 4594 τῷ
1744 4528 1778 4595 ἡ
1789 4526 1902 4594 μῶν

2014 4527 2157 4591 talis,
2205 4526 2297 4580 sed
2334 4536 2555 4595 propter
2588 4526 3017 4596 Verbum,quod
3064 4528 3209 4582 illam
3272 4545 3587 4599 assumpsi:-

335 4626 555 4694 σώματι
578 4623 644 4675 τὰ
676 4622 832 4692 ἡμῶν
861 4622 1192 4691 ἐμιμήσατο,
1222 4618 1394 4681 οὕτως
1425 4619 1589 4689 ἡμεῖς
1622 4618 1908 4688 δεξάμενοι

332 4716 524 4770 τοῦτον
542 4716 639 4783 τῆς
671 4714 798 4784 παρ’
830 4713 1038 4765 ἐκείνου
1071 4710 1559 4782 μεταλαμϐάνομεν
1587 4709 1906 4773 ἀθανασίας.

334 4810 533 4876 Μάτην
576 4808 755 4860 τοίνυν
808 4804 1261 4868 σκανδαλίζεσθαι
1322 4801 1769 4871 προσποιοῦνται,
1825 4803 1909 4855 ὃτι

337 4904 466 4968 περὶ
494 4896 590 4952 τοῦ
625 4898 800 4965 Λόγου
828 4897 1136 4967 γέγραπται
1171 4911 1183 4921 ’
1204 4895 1530 4964 Ἐταρὰχθη
1565 4894 1662 4948 καὶ
1693 4896 1911 4949 hiau-

334 5009 473 5049 aer.
557 4991 801 5044 Ἐοίκασι
872 4990 978 5058 γὰρ
1047 4988 1182 5058 μηδὲ
1252 4986 1603 5057 ἀνθρωπίνην
1654 4987 1911 5055 αἴσθησιν

340 5084 507 5153 ἔχειν,
538 5081 860 5149 ἀγνοοῦντες
888 5080 986 5150 τὴν
1026 5080 1136 5132 τῶν
1166 5077 1469 5148 ἀνθρώπων
1494 5077 1657 5147 φύσιν
1718 5077 1812 5131 καὶ
1843 5076 1909 5131 τὰ

339 5176 548 5228 τούτων
604 5173 730 5227 ῑδια.
773 5172 990 5227 Μᾶλλον
1037 5172 1144 5240 γὰρ
1184 5171 1293 5222 ἔδει
1352 5170 1676 5240 θαυμάζειν,
1741 5170 1825 5222 ὅτι
1854 5171 1939 5229 ὲν,

338 5266 566 5320 τοιαῦτα
604 5264 890 5337 πασχούσῃ
914 5264 1080 5334 σαρκὶ
1117 5259 1185 5335 ἦν
1218 5264 1249 5315 ό
1273 5262 1465 5330 Λόγος,
1508 5264 1600 5314 καὶ
1626 5261 1752 5315 οὔτε
1775 5260 1912 5313 ἑκώ-

336 5358 464 5412 λυσε
508 5358 636 5420 τοὺς
666 5357 1137 5420 ἐπιϐουλεύοντας,
1186 5354 1309 5408 οὔτε
1352 5354 1580 5420 ἑξεδίκει
1626 5354 1770 5406 κατά
1800 5353 1908 5406 τῶν

335 5450 729 5519 ἀναιρούντων,
762 5449 968 5517 καίπερ
1002 5447 1326 5517 δυνάμενος,
1372 5448 1400 5499 ό
1428 5445 1620 5508 ἀλλους
1660 5446 1911 5507 κωλυοας

334 5543 653 5608 ἀποθανεῖν,
684 5543 775 5596 καὶ
802 5540 1173 5603 ἀποθανόντας
1211 5540 1433 5610 ἐγείρας
1452 5541 1515 5592 ὲκ
1542 5539 1651 5594 τῶν
1681 5538 1913 5609 νεκρῶν,

2015 4631 2118 4683 rat,
2171 4619 2492 4674 immortalis
2512 4617 2707 4672 effecta
2750 4618 2961 4672 nullum
3015 4618 3250 4687 amplius
3294 4619 3578 4673 interitum

2019 4714 2273 4769 sentiret.
2333 4711 2486 4766 Sicut
2522 4712 2669 4766 enim
2722 4724 2951 4779 corpore
3012 4722 3200 4765 nostro
3229 4726 3349 4779 quae
3398 4721 3582 4764 nostra

2014 4815 2163 4871 sunt,
2209 4805 2546 4868 imitabatur,
2571 4805 2652 4860 sic
2672 4820 2774 4858 nos
2811 4804 2989 4873 ipsum
3016 4803 3384 4873 suscipientes
3426 4803 3493 4856 ab
3520 4817 3586 4855 eo

2011 4898 2279 4953 sumimus
2317 4897 2799 4952 immortalitatem.
2843 4896 3026 4963 Itaque
3049 4894 3249 4949 frustra
3282 4909 3341 4948 se
3396 4893 3586 4948 dicunt

2013 4992 2238 5053 offendi,
2299 5006 2421 5044 cum
2447 4991 2679 5043 audiunt
2724 4989 2791 5042 de
2822 4986 2998 5043 Verbo
3026 4987 3116 5040 illa
3165 4986 3270 5041 dici
3331 5005 3346 5041 :
3395 4986 3587 5039 Anima

2017 5084 2235 5138 turbata
2291 5093 2395 5145 est,
2432 5082 2601 5135 flevit.
2658 5080 2926 5134 Videntur
2953 5080 3100 5133 enim
3148 5077 3385 5132 humano
3424 5093 3586 5131 sensu

2012 5191 2222 5237 carere,
2239 5181 2292 5227 et
2322 5183 2571 5226 naturam
2627 5172 2915 5224 hominum
2967 5180 3021 5223 et
3042 5168 3357 5225 allec-tiones
3398 5184 3588 5224 eorum

2013 5271 2282 5339 ignorare.
2336 5266 2505 5335 Magis
2535 5280 2629 5318 eos
2685 5264 2940 5318 admirari
2992 5263 3292 5328 oportebat,
3351 5262 3587 5318 Verbum

2018 5361 2073 5413 in
2120 5373 2306 5422 carne,
2349 5372 2469 5426 quae
2522 5357 2651 5410 talia
2721 5358 2946 5424 patitur.
2997 5370 3141 5417 esse,
3217 5368 3319 5407 nec
3366 5354 3594 5409 insidias

2020 5461 2294 5506 struentes
2345 5449 2686 5509 cohibuisse,
2753 5462 2933 5516 neque
2988 5446 3369 5500 interfectores
3420 5445 3592 5499 ultum

2022 5556 2168 5609 esse,
2200 5558 2327 5596 cum
2349 5551 2529 5595 tamen
2552 5525 2762 5610 posset,
2817 5538 3021 5609 quippe
3046 5537 3189 5608 quod
3219 5536 3356 5593 alios
3378 5554 3408 5592 a
3445 5553 3598 5593 mor-

413 5707 430 5739 '
464 5706 654 5762 Matth.
681 5721 826 5771 nrt,
864 5706 952 5762 39.
1031 5706 1050 5737 ³
1087 5703 1277 5759 Matth.
1314 5717 1426 5768 xvi,
1456 5700 1548 5755 25.
1624 5700 1643 5732 '
1671 5697 1825 5760 Jozn.
1855 5714 1949 5765 xu,
1978 5699 2068 5754 27.
2139 5698 2298 5753 ‘ibizl.
2336 5713 2389 5763 tt,
2425 5696 2511 5752 18.
