4094 6204
260 252 363 321 453

1256 268 1631 331 PANOPLIA
1680 271 2135 339 DQGMATICA.
2169 307 2233 319 --
2267 281 2417 342 TiT.
2455 284 2564 346 XI.

3424 295 3534 359 454

259 390 365 426 των
400 373 602 443 ὁμοίως
633 376 930 447 ἀηρήσοω
954 379 1011 431 τὸ
1036 379 1232 448 Θέλειν,
1282 398 1367 438 ινκ
1398 390 1656 458 auspcio»
1684 388 1839 459 ach

1968 404 2151 462 ntegra
2168 410 2544 452 conservetur.
2564 398 2718 465 Quod
2744 399 2789 456 si
2829 399 3081 457 voluntas
3098 402 3153 457 in
3190 403 3300 461 Deo
3315 422 3425 461 non
3448 418 3531 462 est

257 468 498 537 σώζηται
526 468 588 521 τὸ
622 470 858 539 άξξωμα.
890 472 952 525 Et
982 473 1041 526 δὲ
1062 477 1343 545 προσῆκον
1374 481 1453 549 τῷ
1480 482 1598 550 Θεῷ
1624 481 1685 535 τὸ
1718 483 1841 551 βού-

254 559 462 622 mem,
499 563 595 614 καὶ
623 563 720 616 ἐπὶ
747 562 823 631 τῷ
847 563 1052 635 πρώτῳ
1082 569 1385 639 γεννήματι
1416 572 1729 643 ὑπαρχέτω.
1765 576 1839 626 Οὐ

258 656 366 724 γὰρ
392 653 459 722 δὴ
494 653 724 706 δυνατὸν
754 655 834 709 ἑνί
885 673 943 709 τε
994 658 1091 711 καὶ
1119 660 1196 728 τῷ
1236 663 1387 733 αὐτῷ
1415 666 1534 735 Θεῷ
1572 667 1633 718 τὸ
1663 665 1842 719 θέλειν

254 747 348 797 ὶπὶ
381 745 491 797 τῶν
527 747 870 815 ποιουμένων
899 748 1217 819 ἁρμόττειν,
1244 754 1337 807 καὶ
1363 756 1425 807 τὸ
1456 756 1533 825 μὴ
1557 756 1844 826 βούλεσθαι

258 838 589 906 προσήκειν.
632 837 903 908 Πλείστην
921 841 1055 908 ὅσην
1082 842 1343 896 ἀσέϐειαν
1369 847 1430 898 ὲν
1458 849 1571 909 τοῖς
1601 849 1844 916 ῥήμασιν

256 929 425 982 αὑτοῦ
482 929 701 992 συνθεὶς
755 932 782 982 ὁ
813 933 1096 1002 σοφιστὴς,
1144 934 1228 989 ὅτι
1286 936 1346 987 τὸ
1380 936 1614 1007 ποίημα,
1665 939 1758 991 καὶ
1786 939 1847 992 τὸ

260 1023 513 1089 γέννημα
544 1023 740 1074 ταυτόν
774 1025 910 1087 ἐστι,
944 1025 1038 1078 καὶ
1066 1022 1149 1088 εἷς
1173 1029 1235 1080 ὲκ
1268 1028 1485 1083 πάντων
1517 1030 1627 1084 τῶν
1659 1048 1849 1103 γενιη-

265 1114 455 1180 μάτων
483 1115 634 1165 ὲστ’.ν
656 1114 684 1164 ὁ
733 1114 881 1178 Υἱός.
918 1117 979 1168 El
1014 1118 1070 1169 δὲ
1121 1119 1279 1183 ἄλλος
1312 1122 1430 1174 ἐστὶ
1462 1121 1571 1175 τῶν
1607 1124 1844 1189 πάντων,

260 1211 452 1279 ὥσπερ
484 1206 580 1263 οὖν
624 1212 681 1264 ἐν
716 1214 826 1274 τοῖς
861 1215 969 1285 πρὸ
1006 1214 1216 1269 τούτων
1253 1217 1490 1287 ἐδείχθη,
1519 1221 1611 1272 καὶ
1646 1220 1848 1289 μᾶλλον

262 1307 335 1357 τά
364 1307 504 1374 ἔργα
541 1306 611 1359 δι’
660 1307 830 1361 αὑτοῦ
877 1311 1103 1377 γέγονε,
1150 1311 1226 1381 μὴ
1273 1312 1519 1380 λεγέσθω
1570 1314 1847 1383 βουλήσει,

265 1396 355 1447 ἵνα
388 1398 464 1466 μὴ
496 1400 771 1463 καὶαὺτὸς
803 1401 946 1455 οῦτω
972 1403 1209 1472 γίνηται,
1231 1404 1418 1475 ὥσπερ
1446 1407 1541 1459 καὶ
1567 1408 1636 1458 τὰ
1669 1407 1735 1459 δι’
1755 1408 1851 1461 αὑ·-

264 1486 363 1540 τοῦ
394 1488 667 1557 γενόμενα
698 1492 951 1561 συνέστη.
1010 1494 1120 1546 Καὶ
1146 1495 1255 1564 γὰρ
1284 1497 1311 1548 ό
1348 1490 1449 1563 μὲν
1489 1496 1700 1559 Παῦλος
1750 1499 1851 1552 οὐκ

265 1578 347 1630 ὢν
398 1580 685 1649 πρότερον,
747 1581 978 1652 ὕστερον
1018 1585 1168 1653 ὅμως
1220 1587 1312 1639 διὰ
1358 1588 1663 1658 θελήματος
1715 1589 1850 1642 Θεοῦ

268 1675 577 1738 ἀπόστολος
605 1676 851 1744 γέγονεν,
907 1682 940 1747 ἡ
968 1680 1024 1734 δὲ
1058 1682 1253 1751 κλῆσις
1283 1685 1439 1755 ἡμῶν
1477 1688 1551 1750 ὥς
1583 1705 1714 1741 ποτε
1762 1692 1852 1742 καὶ

269 1767 415 1824 αὑτὴ
439 1767 514 1840 μὴ
528 1765 685 1833 οὖσα,
712 1769 809 1824 νῦν
827 1773 883 1824 δὲ
900 1774 1264 1844 ἐπιγενομένη
1294 1780 1717 1852 προηγουμένην
1734 1782 1760 1835 ἐ
1771 1800 1853 1851 μι

272 1862 556 1928 βούλησιν.
586 1864 695 1916 Κι⁶ι
718 1864 982 1931 ὡςάὐτὺς
1001 1867 1162 1920 πάλιν
1192 1872 1219 1922 ό
1250 1870 1461 1933 Παῦλός
1486 1890 1620 1940 φησι
1650 1890 1664 1907 ο
1693 1874 1857 1929 Κατὰ

272 1955 391 2016 τὴν
411 1953 700 2006 εὐδοκίην
722 1956 828 2009 τοῦ
851 1958 1185 2026 θελήματος
1212 1963 1398 2016 αὑτοῦ
1422 1964 1660 2035 γέγονε.
1690 1968 1763 2020 Τό
1797 1985 1854 2021 τε

273 2045 363 2097 διὰ
398 2044 643 2106 Μωσέως
661 2048 986 2118 λεγόμενον·
1005 2053 1329 2119 Γενηθήτω
1356 2053 1500 2122 φῶς,
1525 2058 1618 2110 καί
1638 2074 1652 2087 °
1682 2059 1857 2123 Ἔξα-

278 2140 508 2205 γαεέτω
539 2140 578 2207 ἡ
610 2141 709 2208 γῆ,
730 2138 845 2194 καῖ’
872 2142 1227 2213 Ποιήσωμεν
1241 2146 1854 2221 ἄνθρωπον,ήγοῦμαι,

276 2230 371 2281 καὶ
394 2233 452 2282 ὲν
470 2232 583 2292 τοῖς
608 2232 922 2301 ἔμπροσθεν
938 2234 1154 2303 εἴρηται
1179 2237 1275 2304 τῆς
1301 2235 1606 2306 βουλήσεως
1622 2238 1718 2291 τοῦ
1736 2256 1859 2292 ποι-

275 2321 472 2385 οῦντος
504 2322 667 2375 τοῦτο
692 2320 832 2377 εἶναι
867 2327 1223 2395 σημαντικόν.
1255 2328 1334 2380 Τὰ
1370 2329 1469 2397 μὲν
1500 2330 1609 2397 γὰρ
1630 2330 1705 2399 μὴ
1730 2329 1859 2383 ὄντα

283 2416 435 2477 ποτὲ,
470 2415 588 2467 ἀλλ’
614 2414 817 2480 ἔξωθεν
850 2417 1205 2488 ἐπιγινόμενα
1252 2420 1636 2491 όδημιονργὺς
1671 2422 1861 2491 βούλε-

278 2524 371 2562 ται
410 2508 653 2577 πδιῆσαι.
690 2510 795 2561 Τὸν
836 2510 893 2562 δὲ
927 2509 1062 2563 [διον
1117 2510 1291 2579 Λόγον
1337 2511 1398 2577 ἐξ
1444 2514 1640 2567 ἑαυτοῦ
1701 2514 1861 2582 φύσει

279 2600 1067 2673 γιννῶνούιπροσουλεύεται.
1116 2603 1204 2657 Ἑν
1242 2605 1413 2671 τοότῳ
1447 2605 1556 2673 γὰρ
1590 2605 1618 2657 ό
1671 2606 1861 2675 Πατὴρ

279 2699 345 2751 τὰ
644 2694 893 2764 βούλεται
945 2699 1091 2749 ποιεῖ
1136 2699 1230 2750 καὶ
1296 2697 1640 2769 δημιουργεῖ,
1682 2699 1866 2762 καθὼς

291 2787 557 2849 Ἰάκωσις
602 2788 633 2839 ὀ
659 2786 955 2851 ἀπόστολος
1000 2786 1271 2840 διδάσκων
1318 2788 1475 2857 ελεγι
1502 2804 1518 2822 ⁸
1539 2792 1869 2858 Βουληθεὶς

277 2881 640 2945 ἀπεκύησεν
662 2877 817 2944 ἡμᾶς
833 2878 1001 2947 Λόγῳ
1019 2879 1335 2945 ἀληθείας.
1366 2881 1869 2950 Καταισχυνθέντες

277 2971 376 3029 οὖν
397 2974 493 3025 ἰπὶ
516 2972 577 3024 τδ
615 2974 793 3040 λέγειν
826 2969 1062 3039 ποίημα,
1093 2971 1191 3024 καὶ
1234 2972 1460 3040 κτίσμα,
1511 2980 1626 3036 καί,
1660 2973 1774 3026 Οὐκ
1801 2970 1870 3045 ἦν

1944 483 2219 551 indecora,
2242 487 2297 540 in
2318 489 2492 557 primo
2528 490 2691 545 etiam
2708 492 2954 561 germine
2974 494 3323 550 adhibeatur.
3346 497 3530 568 Neque

1941 578 2086 632 enim
2108 579 2219 634 ﬁeri
2239 590 2501 649 potest,ut
2518 584 2569 636 in
2592 598 2700 637 uno
2716 584 3020 655 eodemque
3044 586 3155 641 Deo
3177 587 3229 641 in
3263 592 3425 644 rebus
3450 592 3528 645 la-

1945 670 2173 733 ciendis,
2194 682 2249 726 et
2268 673 2405 726 velle
2426 675 2589 728 simul
2614 676 2805 731 deceat
2837 689 2892 733 et
2920 680 3084 734 nolle.
3143 681 3318 746 Quam
3355 693 3531 752 potest

1945 765 2234 819 maximam
2256 767 2592 836 impietatem
2613 772 2856 840 sophista
2882 774 3065 829 verbis
3086 775 3199 829 suis
3224 778 3527 844 componit.

1946 857 2206 927 ldemque
2232 860 2485 915 vultesse
2512 863 2655 931 quod
2682 863 3046 934 genitum'est,
3080 868 3296 935 etquod
3331 867 3530 920 factum

1946 960 2051 1010 est,
2077 961 2129 1005 et
2166 967 2325 1005 unam
2353 968 2416 1005 ex
2441 953 2624 1018 rebus,
2656 970 2774 1022 quze
2807 954 2960 1009 facta:
2991 966 3138 1020 sunt,
3158 957 3272 1009 vult
3304 971 3424 1009 esse
3448 954 3536 1007 Fi-

1948 1041 2304 1096 lium.Verum
2322 1044 2388 1097 ab
2404 1046 2658 1099 oumibus
2673 1046 2919 1100 diversus
2942 1056 3044 1109 est,
3070 1048 3529 1116 quemadmodum

1951 1132 2006 1187 in
2035 1135 2411 1203 superioribus
2430 1136 2943 1192 demonstravimus:
2971 1136 3037 1190 Et
3057 1140 3235 1191 omnia
3252 1157 3343 1207 per
3358 1142 3529 1209 ipsum

1949 1226 2091 1295 facta
2114 1238 2235 1279 sunt
2263 1228 2279 1258 ³
2303 1245 2316 1293 ;
2338 1244 2505 1296 quare
2534 1243 2635 1281 nec
2661 1229 2874 1282 dicatur
2904 1230 3154 1293 consilio,
3188 1232 3387 1299 neipse
3403 1249 3533 1301 quo-

1950 1333 2058 1386 que
2075 1318 2143 1370 ita
2176 1316 2351 1371 factus
2378 1320 2718 1382 ostendatur,
2740 1328 2799 1372 ut
2816 1320 2926 1385 illa,
2946 1335 3065 1387 qnze
3079 1336 3174 1389 per
3193 1323 3368 1391 ipsum
3386 1324 3532 1378 facta

1950 1416 2097 1469 sunt,
2143 1409 2528 1463 constiterunt.
2569 1408 2699 1463 Nam
2738 1409 2938 1464 Paulus
2972 1412 3219 1480 quidem,
3254 1413 3345 1480 qui
3385 1414 3536 1482 prius

1952 1518 2060 1555 non
2113 1511 2249 1566 erat,
2302 1510 2487 1569 postea
2533 1517 2629 1570 per
2686 1503 3019 1557 voluntatem
3100 1503 3194 1557 Dei
3257 1506 3537 1573 apostolus

1954 1596 2131 1651 factus
2158 1606 2263 1651 est.
2314 1597 2379 1650 Et
2409 1598 2625 1651 vocatio
2656 1610 2867 1659 nostra,
2910 1608 2967 1651 ut
2999 1613 3121 1667 quae
3146 1599 3273 1652 olim
3309 1608 3366 1653 et
3418 1600 3534 1667 ipsa

1956 1704 2064 1741 non
2085 1697 2221 1750 erat,
2256 1702 2402 1741 nunc
2434 1697 2615 1742 autem
2643 1697 2748 1751 est,
2783 1688 2871 1740 Dei
2898 1689 3190 1741 consilium
3228 1699 3311 1741 est
3343 1704 3537 1742 conse-

1957 1788 2104 1843 cuta,
2132 1789 2185 1833 et
2220 1787 2278 1832 ut
2304 1779 2421 1848 ipse
2452 1780 2744 1848 Apostolus
2780 1794 2997 1833 rursum
3020 1781 3123 1833 ~ait
3156 1798 3170 1832 :
3234 1777 3537 1833 Secundum

1958 1872 2283 1942 propositum
2311 1870 2599 1926 voluntatis
2626 1888 2736 1927 suae
2765 1871 2807 1924 ’.
2864 1872 2932 1925 Et
2963 1871 3121 1935 illud,
3154 1872 3300 1940 quod
3328 1888 3354 1924 a
3394 1871 3539 1926 Mose

1958 1965 2219 2034 scriptum
2238 1971 2323 2017 est
2355 1981 2368 2017 :
2405 1961 2527 2017 Fiat
2553 1964 2681 2029 lux;
2712 1972 2788 2027 et,
2818 1962 3083 2017 Producat
3107 1973 3249 2016 terra
3277 1980 3297 2027 ;
3322 1973 3399 2030 et,
3435 1963 3539 2016 Fa-

1959 2057 2162 2110 ciamus
2195 2055 2457 2108 hominem
2485 2055 2526 2117 ³,
2566 2053 2823 2116 arbitror,
2868 2067 2925 2108 ut
2984 2065 3110 2108 ante
3163 2055 3371 2109 dictum
3428 2065 3536 2114 est,

1961 2149 2265 2219 signiﬁcare
2281 2148 2530 2202 facientis
2546 2146 2896 2200 voluntatem.
2925 2146 3057 2210 Quae
3075 2147 3220 2201 enim
3244 2155 3402 2200 antea
3427 2161 3533 2198 non

1966 2251 2152 2300 erant.
2189 2241 2283 2295 sed
2321 2240 2662 2294 extrinsecus
2697 2240 2835 2293 facta
2859 2251 3009 2301 sunt,
3071 2255 3134 2292 ea
3186 2239 3301 2292 vult
3358 2238 3539 2291 facere

1963 2340 2278 2403 procreatur
2314 2328 2475 2383 Deus.
2503 2328 2561 2380 In
2588 2327 2766 2383 Verbo
2798 2337 2980 2381 autem
3002 2328 3244 2403 proprio,
3279 2327 3423 2396 quod
3471 2342 3537 2380 ex

1962 2402 2022 2479 se
2048 2433 2243 2477 natura
2277 2421 2466 2493 gignit,
2512 2434 2620 2473 non
2682 2420 2943 2489 pru'cedit
2983 2402 3257 2474 voluntas.
3318 2419 3377 2473 ln
3435 2418 3540 2472 hoc

1964 2514 2110 2570 enim
2138 2512 2295 2570 Pater
2320 2513 2423 2567 alia
2453 2510 2660 2573 omnia,
2699 2527 2823 2581 qua:
2865 2512 3002 2572 vult,
3058 2511 3187 2565 facit
3237 2520 3293 2565 et
3360 2520 3531 2571 creat,

1968 2620 2027 2662 ut
2057 2607 2345 2676 apostolus
2370 2603 2611 2659 Iacobus
2651 2604 2835 2665 docet:
2894 2602 3104 2664 Genuit,
3139 2602 3413 2670 inquiens,
3451 2618 3540 2654 vos

1966 2701 2140 2755 votem
2175 2698 2336 2754 Verbo
2361 2698 2597 2752 veritatis
2629 2712 2740 2750 sua:
2762 2694 2946 2750 ‘.'Praa
2984 2695 3192 2763 pudore
3221 2693 3385 2764 igitur
3402 2708 3531 2748 cun-

1973 2794 2098 2855 fusi,
2136 2806 2239 2846 nec
2261 2789 2525 2843 audentes
2549 2787 2752 2851 dicere,
2794 2786 2885 2840 Dei
2920 2786 3161 2840 Verbum
3224 2785 3429 2840 factum
3480 2796 3539 2840 et

1971 2893 2214 2941 creatum
2239 2895 2380 2945 esse,
2412 2891 2467 2935 et
2488 2880 2783 2949 aliquando
2802 2895 2910 2931 nun
2960 2879 3153 2940 fuisse,
3206 2878 3369 2932 aliam
3434 2892 3523 2930 ra.

1974 2976 2177 3030 tionem
2204 2973 2513 3034 inveniunt,
2539 2985 2644 3040 qua
2666 2979 2910 3025 creatum
2941 2984 3065 3024 esse
3092 2969 3295 3024 dicant.
3340 2969 3541 3023 Volua-

280 3069 418 3136 πρὶν
437 3065 676 3135 γεννηθῇ
693 3068 719 3117 ό
739 3062 833 3116 τοῦ
868 3063 1004 3115 Θεοῦ
1026 3063 1218 3129 Λόγος,
1250 3063 1429 3124 ἄλλως
1458 3062 1623 3115 πάλιν
1656 3065 1862 3134 κτίσμα

1968 3078 2133 3123 tatem
2187 3066 2332 3120 enim
2400 3072 2745 3134 pneponunt,
2788 3073 2860 3127 et,
2915 3062 3029 3117 Nisi
3094 3064 3393 3127 voluntate,
3455 3062 3540 3115 ine

280 3161 542 3228 λέγουσιν
595 3157 755 3211 αὑτὸν
800 3154 958 3219 εἶναι,
1011 3154 1267 3223 βούλησιν
1306 3155 1737 3225 προϐαλλόμενοι
1771 3158 1865 3209 καὶ

282 3254 560 3318 λέγοντες,
589 3251 653 3302 Εἰ
701 3251 772 3318 μὴ
819 3248 1071 3316 βουλήσει
1114 3247 1360 3314 γέγονεν,
1401 3247 1599 3301 οὐκοῦν
1625 3250 1865 3322 ἀνάγκῃ,

283 3344 379 3394 καὶ
404 3342 482 3410 μή
516 3339 687 3391 θέλων
705 3337 861 3406 ἔσχεν
893 3337 922 3388 ὀ
942 3337 1072 3399 Θεὸς
1103 3336 1250 3390 Υιόν.
1268 3337 1376 3389 Καὶ
1399 3337 1482 3401 τίς
1515 3340 1544 3389 ό
1572 3335 1673 3408 τὴν
1695 3338 1869 3407 ἀντίγ-

286 3452 387 3502 κην
405 3432 684 3484 ἐπιϐαλὼν
709 3428 879 3499 αὐτῷ,
896 3430 1276 3498 πονηρότατοι,
1302 3429 1395 3482 καὶ
1419 3430 1597 3481 πάντα
1616 3431 1752 3499 πρὸς
1770 3430 1868 3501 τὴν

286 3528 504 3596 αἰρεσιν
532 3523 746 3577 ἑαυτῶν
774 3524 1061 3585 ἓλκοντεςς
1094 3521 1168 3575 Τὸ
1196 3522 1296 3589 μὲν
1336 3522 1442 3590 γὰρ
1478 3522 1863 3591 ἀντικείμενον

287 3621 352 3688 τῇ
380 3616 639 3685 βουλήσει
678 3613 982 3681 ἑωράκασι,
1026 3612 1087 3663 τὸ
1130 3610 1187 3665 δὲ
1234 3611 1419 3680 μεῖζον
1455 3614 1548 3663 καὶ
1598 3611 1870 3681 ὑπερκεί-

290 3727 456 3780 μενον
487 3710 551 3761 οὑ
594 3708 1025 3777 τεθεωρήκασιν.
1066 3703 1279 3772 Ὥσπερ
1327 3703 1436 3772 γὰρ
1464 3704 1767 3757 ἀντίκειται
1801 3708 1868 3774 τῇ

290 3805 551 3875 βουλήσει
606 3801 667 3854 τὸ
696 3798 846 3868 παρὰ
896 3796 1141 3867 γνώμην,
1179 3795 1352 3856 οὕτως
1386 3797 1726 3866 ὑπέρκειται.
1774 3801 1872 3850 καὶ

290 3897 629 3969 προηγεῖται
674 3894 769 3945 τοῦ
829 3891 1113 3960 βούλεσθαι
1161 3890 1221 3943 τὸ
1280 3889 1422 3942 κατὰ
1466 3888 1649 3954 φύσιν.
1679 3889 1872 3941 Οἱκίαν

289 3992 425 4060 γοῦν
460 4006 545 4050 τις
610 3987 931 4056 βουλόμενος
979 3979 1399 4045 κατασκευάζει,
1443 3981 1558 4033 υἱὸν
1611 3981 1668 4033 δὲ
1708 3981 1873 4050 γεννᾷ

291 4084 440 4136 κατὰ
473 4082 658 4148 φύσιν,
694 4079 788 4129 καὶ
810 4078 868 4128 τὸ
901 4076 999 4145 μὲν
1041 4074 1292 4145 βουλήσει
1322 4072 1873 4142 κατασκευαζόμενον

290 4177 504 4246 ήρξατο
532 4170 802 4239 γίνεσθαι,
835 4171 928 4221 καὶ
956 4167 1154 4231 ἔξωθέν
1187 4169 1302 4218 ἐστι
1352 4166 1445 4218 τοῦ
1473 4168 1774 4228 ποιοῦντος.
1814 4166 1873 4220 Ὀ

287 4267 346 4319 δὲ
381 4266 513 4327 Υἱὸς
548 4264 677 4317 ἴδιόν
706 4265 823 4315 ἐστι
852 4262 948 4329 τῆς
993 4260 1181 4321 οὐσίας
1216 4258 1312 4312 τοῦ
1350 4259 1557 4328 Πατρὸς
1603 4258 1872 4328 γέννημα,

290 4360 388 4411 καὶ
420 4356 525 4407 οὐκ
553 4354 699 4406 ἔστιν
732 4351 930 4418 ἔξωθεν
957 4350 1140 4403 αὐτοῦ.
1174 4350 1264 4402 Διὸ
1293 4349 1414 4402 οὐδὲ
1465 4348 1712 4418 βούλεται
1744 4351 1873 4420 περὶ

1970 3160 2187 3229 quiunt,
2256 3158 2478 3229 genitus
2529 3167 2632 3219 est,
2681 3156 3009 3210 necessitate
3065 3170 3193 3226 ergo
3238 3166 3294 3210 et
3344 3156 3544 3209 invitus

1969 3254 2135 3307 habet
2163 3249 2361 3305 Filium
2401 3250 2561 3303 Deus.
2600 3248 2796 3315 Ecquis
2830 3248 2931 3310 illi,
2967 3248 3220 3301 homines
3264 3247 3545 3301 scelestis-

1972 3344 2120 3407 simi,
2152 3344 2244 3412 qui
2273 3343 2338 3397 ad
2362 3342 2614 3397 haeresim
2644 3350 2881 3394 vestram
2909 3339 3092 3394 omnia
3150 3339 3391 3405 trahitis,
3448 3354 3545 3393 ne-

1972 3437 2285 3491 cessitatem
2312 3436 2539 3489 attulit?
2594 3434 2737 3501 Quid
2793 3434 2944 3488 enim
3007 3434 3275 3488 voluntati
3321 3443 3543 3488 contra-

1973 3530 2117 3582 rium
2162 3530 2254 3590 sit,
2295 3527 2568 3590 viderunt,
2593 3526 2722 3595 quid
2786 3535 2970 3579 autem
3019 3539 3083 3579 ea
3142 3526 3214 3580 sit
3258 3526 3434 3593 majus
3494 3535 3547 3580 et

1969 3619 2143 3690 prius,
2178 3634 2285 3674 non
2308 3618 2833 3672 animadverterunt.
2886 3616 3039 3672 Sicut
3104 3617 3249 3671 enim
3313 3619 3545 3686 apponi—

1975 3721 2068 3765 tur
2100 3710 2367 3765 voluntati
2428 3710 2481 3763 id
2516 3710 2659 3777 quod
2693 3719 2889 3779 praeter
2943 3710 3271 3763 sententiam
3315 3710 3551 3763 volentis

1973 3812 2082 3866 est,
2127 3803 2211 3856 sic
2241 3802 2315 3866 id,
2341 3802 2486 3872 quod
2526 3810 2720 3855 natura
2752 3811 2859 3863 est,
2884 3801 3227 3855 voluntatem
3247 3802 3547 3855 antecedit.

1972 3876 2261 3947 Voluntate
2288 3892 2486 3961 aliquis
2534 3892 2756 3945 domum
2815 3884 3066 3954 tedilieat,
3125 3901 3317 3945 natura
3378 3891 3546 3944 ﬁlium

1972 3984 2163 4054 gignit.
2196 3985 2259 4039 Et
2295 3984 2437 4053 quod
2472 3982 2749 4037 voluntate
2792 3986 2878 4047 lit,
2916 3982 3085 4051 cmpit
3109 3981 3246 4047 ﬁeri,
3296 3990 3352 4036 et
3396 3990 3549 4035 extra

1973 4073 2265 4129 facientem
2294 4082 2396 4129 est.
2431 4073 2601 4127 Filius
2656 4083 2838 4128 autem
2898 4074 3147 4127 essentite
3219 4072 3393 4126 Patris
3429 4087 3554 4137 pro-

1976 4166 2152 4235 prium
2180 4174 2263 4219 est
2288 4179 2532 4234 germen,
2557 4174 2612 4218 et
2666 4179 2776 4219 non
2821 4177 2906 4220 est
2933 4174 3084 4219 extra
3109 4165 3306 4234 ipsum.
3347 4164 3551 4232 Quam-

1974 4257 2160 4311 obrem
2200 4256 2268 4311 de
2308 4257 2423 4325 ipso
2452 4272 2559 4310 non
2617 4257 2853 4311 consulit
2908 4260 3051 4311 sicut
3084 4271 3184 4311 nec
3216 4256 3281 4311 de
3316 4272 3376 4311 se
3429 4257 3551 4325 qui-

1980 4351 2103 4404 dem
2166 4350 2383 4404 videtur
2439 4349 2750 4404 consulere.
2821 4347 3039 4414 Quanto
3101 4350 3267 4419 igitur
3324 4365 3383 4403 re
3431 4363 3556 4419 prn-

292 4447 489 4513 αῦτοῦ,
522 4449 611 4501 ἶνα
644 4447 778 4516 μηδὲ
798 4446 925 4514 περὶ
954 4444 1149 4498 ἑαυτοῦ
1176 4444 1303 4514 δοκῇ
1327 4443 1702 4514 βουλεύεσθαι.
1726 4443 1864 4513 'Ooq

1984 4450 2163 4497 creata
2187 4440 2361 4497 Filius
2394 4443 2647 4512 superior
2676 4452 2780 4507 est,
2834 4450 2987 4495 tanto
3029 4441 3103 4508 id,
3158 4442 3302 4510 quod
3359 4450 3553 4494 natura

293 4542 389 4595 οὖν
419 4541 515 4595 τοῦ
543 4540 843 4609 κτίσματος
873 4540 902 4590 ό
932 4537 1059 4599 Υἱὸς
1121 4537 1444 4605 ὑπέρκειται
1501 4535 1742 4605 τοσούτῳ
1792 4536 1882 4588 καὶ

299 4633 401 4699 τῆς
467 4630 777 4699 βουλήσεως
812 4629 877 4680 τὸ
915 4627 1056 4681 κατὰ
1100 4626 1286 4694 φύσιν.
1343 4627 1452 4679 Καὶ
1521 4626 1628 4679 ἔδει
1687 4626 1883 4688 αὐτοὺς

302 4722 613 4781 ἀκούοντας
658 4718 720 4771 οὐ
760 4716 1013 4786 βουλήσει
1074 4714 1389 4782 λογίζεσθαι
1416 4717 1477 4768 τὸ
1522 4715 1666 4768 κατᾶ
1696 4717 1883 4784 φύσιν.

302 4810 370 4867 0i
401 4812 459 4864 δὲ
494 4808 999 4878 ὶπιλανθανόμενοι.
1023 4809 1105 4860 ὅτι
1129 4809 1258 4876 περὶ
1299 4807 1417 4860 υἱοῦ
1444 4807 1578 4860 Θεοῦ
1612 4808 1890 4871 ἀκούουσι,

298 4906 583 4975 τολμῶσιν
627 4902 978 4973 ἀνθρωπίνας
1024 4901 1331 4961 ἀντιθέσεις
1363 4900 1549 4970 λέγειν
1600 4900 1696 4952 ἐπὶ
1723 4898 1884 4963 Θεοῦ,

299 5001 525 5068 ἀνάγκη
553 4996 649 5048 καὶ
684 4996 832 5062 παρὰ
876 4994 1124 5062 γνώμην,
1151 4992 1237 5045 ἵνα
1273 4995 1333 5045 τὸ
1372 4989 1511 5046 εἶναι
1538 4992 1666 5045 Υἱόν
1695 4992 1887 5062 ἀληθε-

298 5086 759 5157 νδνὸρνῂσωνται
770 5082 866 5137 τοῦ
892 5082 1055 5148 Θεοῦ,
1078 5084 1183 5136 ἐπε
1215 5083 1525 5135 εἰπάτωσαν
1547 5083 1680 5151 ἡμῖν
1706 5082 1885 5149 αὐτοὶ,

299 5180 367 5231 τὸ
394 5176 605 5246 ἀγαθὸν
630 5173 768 5230 εἶναι
817 5177 912 5228 καὶ
930 5175 1253 5246 οἰκτίρμονα
1288 5175 1379 5226 τὸν
1405 5175 1539 5227 θεὸν
1574 5176 1637 5226 ὲκ
1684 5173 1848 5243 βουλή

303 5286 448 5331 eam;
488 5269 781 5340 πρόσεστιν
823 5266 993 5335 αὐτῷ,
1030 5266 1063 5336 ἥ
1108 5266 1169 5319 οὐ
1205 5266 1495 5337 βουλήσει;
1553 5266 1612 5318 Ei
1662 5265 1763 5333 μὲν
1792 5260 1888 5317 οῦν

302 5362 369 5414 ix
411 5361 744 5432 βουλήσεως,
773 5363 997 5415 σκοπεῖν
1051 5360 1150 5423 δεῖ,
1209 5361 1291 5412 ὅτι
1341 5361 1549 5429 ἦρξατο
1582 5360 1681 5427 μὲν
1744 5354 1886 5410 εἶναι

303 5450 541 5519 ἀγαθὸς,
574 5456 665 5504 καὶ
703 5451 763 5502 τὸ
795 5450 869 5518 μὴ
904 5445 1045 5502 εἶναι
1079 5448 1135 5501 δὲ
1181 5449 1344 5503 αὑτὸν
1373 5449 1579 5516 ἀγαθὸν
1605 5448 1890 5517 ἐνδεχόμε-

307 5543 407 5594 νόν
462 5544 615 5597 ιστι⁶
677 5542 738 5593 τὸ
795 5540 932 5610 γὰρ’
966 5538 1310 5608 βουλεύεσθαι
1363 5540 1458 5592 καὶ
1508 5539 1889 5610 προαιρεῖσθαι

1986 4542 2095 4597 est,
2138 4534 2478 4588 voluntatem
2510 4533 2701 4586 anteit.
2736 4532 2828 4586 Isti
2869 4541 3074 4596 autem,
3102 4531 3256 4585 obliti
3289 4546 3347 4585 se
3408 4531 3559 4599 loqui

1988 4624 2055 4677 de
2095 4621 2375 4689 FilioDei,
2433 4624 2639 4678 audent
2688 4625 2954 4677 humanas
3019 4624 3139 4676 illas
3183 4623 3564 4692 appositioncs

1987 4718 2056 4771 de
2087 4717 2195 4770 Deo
2216 4716 2418 4778 dicere,
2446 4717 2851 4782 necessitatem,
2879 4724 2933 4769 et
2965 4713 3516 4783 prater.sententiaiii
3535 4751 3559 4774 ,

1989 4817 2046 4861 ut
2077 4816 2278 4876 negent
2302 4822 2423 4862 esse
2441 4823 2627 4861 verum
2661 4807 2856 4861 Filium
2885 4805 2999 4859 Dei.
3038 4808 3168 4857 Nam
3198 4811 3251 4857 et
3275 4802 3375 4869 ipsi
3398 4802 3563 4854 nobis

1990 4899 2382 4969 respondeant,
2414 4909 2592 4954 utrum
2629 4898 2738 4952 Deo
2762 4897 2900 4952 adsit
2931 4912 2996 4949 ex
3032 4895 3311 4949 voluntate
3363 4905 3422 4946 ut
3485 4893 3557 4945 sit

1990 4989 2167 5043 bonus
2220 4999 2275 5043 et
2308 4989 2644 5050 misericors,
2671 5002 2869 5041 necne.
2901 4986 2959 5040 Si
2991 5001 3055 5039 ex
3110 4984 3407 5043 voluntate,
3464 4993 3555 5033 se-

1988 5084 2193 5152 quitur,
2243 5096 2369 5137 eum
2418 5081 2651 5149 coepisse
2705 5080 2909 5133 bonum
2956 5091 3098 5139 esse,
3157 5084 3316 5141 atque
3339 5071 3412 5125 ita
3438 5070 3558 5125 ﬁeri

1987 5176 2187 5245 poterit
2214 5183 2269 5226 ut
2298 5174 2412 5241 ipse
2446 5186 2553 5225 non
2574 5171 2649 5225 sit
2701 5172 2895 5224 bonus.
2954 5167 3252 5223 Consulere
3304 5162 3450 5217 enim
3497 5170 3559 5215 et

1993 5268 2188 5337 eligere
2216 5264 2343 5318 licet
2370 5264 2421 5316 in
2454 5272 2739 5330 utramque
2771 5269 3007 5330 partem,
3073 5265 3127 5311 et
3150 5264 3356 5310 natura:
3409 5252 3560 5319 cogi-

1995 5357 2161 5410 tantis
2209 5364 2262 5408 et
2297 5338 2675 5408 ratiocinantis
2733 5350 3024 5420 pr0prium
3050 5356 3156 5400 est.
3203 5343 3298 5398 Sin
3353 5351 3561 5405 autem,

1997 5464 2097 5502 nec
2129 5445 2426 5502 absurdum
2478 5446 2582 5498 hoc
2621 5452 3014 5511 consequatur,
3051 5453 3161 5492 non
3178 5452 3242 5491 ex
3276 5437 3561 5492 voluntate

1998 5537 2176 5594 bonus
2205 5548 2310 5599 est,
2346 5535 2569 5590 audiant
2592 5535 2666 5599 id,
2691 5533 2836 5602 quod
2864 5532 2963 5601 ipsi
3024 5532 3303 5593 dixerunt,
3362 5527 3562 5581 Neces~

388 5690 405 5719 ¹
439 5688 597 5745 Joau.
634 5703 675 5753 ι,
706 5687 762 5743 3.
839 5689 859 5719 '
910 5646 1110 5755 Ephes.
1142 5702 1184 5750 ι,
1240 5682 1291 5736 5.
1371 5683 1389 5712 ³
1423 5681 1561 5736 Gen.
1591 5699 1627 5747 ι,
1653 5684 1708 5747 3,
1737 5683 1826 5743 9.5,
1856 5685 1864 5709 ⁴

2027 5680 2043 5709 ⁸
2074 5678 2190 5731 Jac.
2218 5692 2256 5741 ι,
2292 5674 2376 5729 l8.
