4094 6204
481 293 585 355 455

1739 285 2121 351 EUTHYMII
2169 285 2538 347 ZIGABENI

3631 277 3739 341 456

477 402 641 455 sitate
691 408 747 456 et
778 399 985 457 invitus
1011 408 1093 455 est
1119 400 1321 456 bonus.
1354 398 1557 469 Ecquis
1583 406 1768 454 autem
1827 396 1909 451 illi
1962 410 2061 450 ne-

2164 394 2245 456 είς
2297 394 2538 466 ἑκάτερα
2578 394 2680 466 τὴν
2729 394 2902 464 ῥοπὴν
2961 391 3095 461 ἔχει,
3128 389 3223 445 καὶ
3253 388 3481 459 λογικῆς
3520 388 3739 456 φύσεώς

479 492 793 547 ccssitatem
824 494 1050 563 injecit?
1081 494 1235 558 Quod
1263 494 1307 550 si
1332 493 1796 548 absurdissimum
1835 499 1942 555 est,
1992 488 2049 544 in

483 584 593 639 Deo
625 602 747 641 esse
801 587 1188 641 necessitatem
1233 586 1442 649 dicere,
1472 595 1528 640 et
1578 592 1867 655 propterea
1915 596 2055 637 con-

480 676 744 731 titendum
814 686 919 741 est,
950 692 1073 732 esse
1135 688 1326 733 natura
1373 677 1600 739 bonum,
1649 675 1820 731 multo
1877 674 2051 745 magis

477 776 531 819 et
559 766 741 820 verius
766 766 1062 822 dicendum
1089 777 1194 833 est,
1226 784 1352 823 eum
1403 777 1621 833 natura,
1679 784 1789 821 non
1852 768 2050 822 volun-

480 870 591 916 tate
630 877 750 916 esse
777 863 897 916 Filii
930 863 1168 918 Patrem.
1195 864 1329 917 Illud
1361 873 1622 932 praeterea
1650 863 1806 917 nobis
1823 876 2052 931 respon-

477 952 672 1018 deant;
703 954 826 1005 volo
858 955 1005 1008 enim
1036 970 1131 1009 eos
1166 971 1262 1023 pro
1290 956 1517 1010 audacia
1550 957 1788 1025 ipsorum
1820 956 2055 1008 interro-

478 1058 629 1109 gare.
682 1058 803 1111 qua:
846 1045 1071 1113 quidem
1109 1046 1464 1116 interrogatio
1496 1047 1628 1101 licet
1672 1046 1900 1101 liberior
1949 1045 2051 1110 sit,

475 1131 543 1183 al
582 1131 839 1199 pietatem
892 1143 1071 1188 tamen
1100 1136 1381 1204 spectabit.
1409 1135 1687 1203 Propitius
1717 1144 1858 1200 esto,
1886 1136 2052 1199 Deus.

476 1220 869 1290 Respondeant
900 1225 1084 1295 igitur,
1112 1237 1293 1279 utrum
1330 1226 1491 1281 Pater
1520 1229 1638 1296 ipse
1676 1227 1827 1297 prius
1855 1242 2058 1282 consu‘

477 1313 668 1375 luerit,
731 1316 929 1371 deinde
990 1316 1259 1380 voluerit,
1316 1326 1439 1386 post
1490 1328 1672 1372 autem
1733 1319 1927 1381 fuerit,
1984 1335 2055 1373 att

477 1406 792 1474 priusquam
822 1408 1158 1462 consuluerit
1202 1408 1293 1463 sit.
1322 1409 1551 1477 Oportet
1581 1410 1748 1471 enim.
1777 1422 1834 1465 ut
1853 1427 1975 1466 cum
1989 1412 2056 1467 de

486 1494 664 1550 Verbo
701 1498 823 1551 talia
877 1499 1115 1553 audeant
1151 1499 1325 1569 loqui,
1364 1500 1566 1555 similia
1621 1502 1752 1556 item
1787 1502 1858 1558 de
1897 1503 2057 1557 Patre

477 1584 721 1651 audiant,
783 1596 841 1638 ut
870 1586 1066 1651 sciant,
1121 1585 1280 1640 istam
1326 1587 1571 1657 ipsorum
1601 1589 1957 1658 petulantiam
1990 1593 2056 1645 ad
2088 1644 2091 1647 .

481 1675 694 1729 Patrem
743 1691 963 1744 quoque
1014 1677 1326 1745 pervenire.
1387 1672 1459 1732 Si
1494 1679 1761 1747 dixerint,
1787 1689 1843 1736 et
1874 1682 2055 1751 ipsum

2154 487 2274 540 ἐστι
2299 487 2360 540 τὸ
2387 487 2559 551 πάθος
2587 487 2746 541 τοῦτο
2768 502 2783 518 ⁶
2818 488 2866 539 εί
2897 484 2953 538 δὲ
2990 484 3077 538 διὰ
3101 482 3161 535 τὸ
3193 482 3257 536 ἐκ
3294 480 3503 534 τούτων
3535 481 3739 535 ἄτοπον

2159 575 2262 629 οὐκ
2318 577 2384 629 ἐκ
2438 577 2747 648 βουλήσεως
2806 575 3107 646 οἰκτίρμων
3153 572 3250 626 καὶ
3301 570 3510 639 ἀγαθός
3562 572 3737 636 ἐστιν,

2153 668 2498 722 ἀκουέτωσαν
2532 670 2677 739 ᾇπερ
2707 665 2994 737 εἰρήκασιν
3026 663 3181 718 αὐτοί
3203 681 3217 695 ι
3248 662 3460 716 Οὐκοῦν
3488 661 3734 734 ἀνάγκῃ,

2155 761 2250 813 καὶ
2284 761 2359 831 μὴ
2392 761 2562 814 θέλων
2616 759 2818 829 ἀγαθός
2867 759 3002 813 ἔστι.
3040 757 3151 810 Καὶ
3174 755 3256 816 τίς
3285 756 3313 807 ὁ
3346 758 3445 824 τήν
3479 754 3725 824 ἀνάγκην

2156 851 2427 906 ἐπιϐαλὼν
2458 852 2606 922 αὐτῷ
2633 869 2648 917 ;
2674 853 2751 904 Εί
2781 852 2839 904 δὲ
2872 849 3065 918 ἄλογόν
3101 851 3213 901 ἐστι
3242 847 3423 915 λέγειν
3476 848 3566 898 ἐπὶ
3598 844 3735 898 Θεοῦ

2155 944 2427 1014 ἀνάγκην,
2467 944 2562 997 καὶ
2592 943 2680 997 διὰ
2711 941 2870 996 τοῦτο
2896 941 3056 1011 φύσει
3090 940 3296 1007 ἀγαθός
3335 941 3505 1000 ἐστιν,
3535 936 3622 1006 εἴη
3664 938 3734 991 ἂν

2154 1035 2335 1104 πολλῷ
2363 1035 2562 1104 μᾶλλον
2616 1036 2710 1087 καὶ
2738 1032 3100 1101 ἀληθέστερον
3139 1031 3234 1083 τοῦ
3268 1029 3395 1082 Υίοῠ
3429 1031 3610 1099 φύσει,
3634 1031 3733 1083 καὶ

2155 1129 2256 1182 οὐκ
2281 1130 2345 1181 ὲκ
2374 1127 2682 1197 βουλήσεως
2740 1124 2953 1194 Πατήρ.
2994 1124 3325 1177 Είπάτωσαν
3375 1123 3433 1176 δὲ
3465 1125 3600 1192 ἡμῖν
3636 1124 3733 1177 καὶ

2155 1220 2314 1275 τοῦτο
2337 1220 2687 1290 arcinnum;
2711 1219 2817 1287 γὰρ
2837 1219 2940 1286 τὴν
2964 1216 3357 1286 ἀναισχυντίαν
3385 1216 3568 1268 αὐτῶν
3597 1215 3736 1284 ὲρώ-

2159 1329 2322 1380 τησιν
2381 1313 2567 1375 αὐτοῖς
2625 1312 2856 1377 ἐπάγειν
2894 1308 2975 1361 ἔτι
3022 1307 3287 1377 βούλομαι
3321 1307 3735 1377 τολμηροτέραν

2162 1404 2283 1474 μὲν,
2315 1404 2618 1474 βλέπουσαν
2670 1403 2725 1455 δὲ
2757 1403 2908 1471 ὅμως
2959 1402 3037 1464 είς
3085 1399 3396 1453 εὐσέϐειαν.
3438 1399 3733 1466 Ἱλάσθητι,

2161 1494 2427 1547 Δέσποτα.
2470 1493 2527 1546 '0
2561 1492 2752 1562 Πατὴρ
2778 1490 2939 1553 αὐτὸς
2965 1487 3403 1560 βουλευσάμενος
3445 1490 3735 1559 πρότερον.

2162 1580 2284 1638 εἶτα
2313 1585 2567 1651 θελήσας,
2602 1581 2773 1645 οὕτως
2821 1580 3082 1651 ὑπάρχει,
3143 1579 3175 1650 ἢ
3209 1579 3302 1633 καὶ
3334 1579 3441 1648 πρὸ
3474 1580 3580 1639 ¹τοῦ
3606 1579 3738 1648 βου-

2162 1677 2497 1738 λεύσασθαις
2533 1675 2639 1745 χρὴ
2676 1673 2784 1745 γὰρ
2842 1672 3091 1744 περὶτοῦ
3142 1671 3319 1740 Λόγου
3350 1671 3579 1726 τοιαῦτα
3612 1672 3739 1723 τολ-

477 1766 694 1819 Patrem
746 1741 812 1819 ex
856 1741 1263 1824 consultatione
1312 1777 1368 1825 et
1402 1770 1681 1827 voluntate
1732 1741 2052 1844 essm-quid

2165 1767 2379 1836 μῶντας
2442 1767 2675 1830 αὐτοὺς,
2739 1765 2967 1819 τοιαῦτα
3028 1763 3125 1816 καὶ
3180 1762 3310 1832 περὶ
3370 1761 3465 1814 τοῦ
3529 1760 3743 1830 [ἰατρὸς

477 1868 596 1912 erat
624 1869 916 1929 antequam
965 1864 1262 1930 consuluit,
1304 1876 1398 1920 aut
1437 1868 1569 1937 quid
1602 1870 1840 1940 amplius
1865 1869 2055 1926 habuit

478 1960 830 2022 posteaquam
899 1956 1218 2011 consuluit?
1272 1956 1429 2024 Quod
1500 1960 1544 2014 si
1577 1962 1846 2030 ejusmodi
1881 1962 2056 2017 inter-

480 2042 690 2109 rogatio
738 2045 977 2101 absurda
1019 2059 1125 2113 εει,
1153 2059 1207 2104 et
1246 2052 1438 2121 nequit
1469 2053 1796 2120 consistere,
1849 2063 1907 2109 et
1939 2056 2055 2111 haec

479 2132 667 2189 dicere
711 2139 937 2193 omnino
978 2141 1134 2196 nefas
1161 2152 1265 2209 est,
1293 2158 1419 2199 cum
1453 2146 1588 2201 satis
1614 2146 1707 2211 sit,
1738 2146 1791 2201 id
1826 2162 1926 2202 nos
1953 2163 2054 2202 au-

479 2222 618 2289 dire,
646 2236 700 2281 et
726 2229 888 2294 scire,
923 2241 979 2286 et
1016 2232 1331 2305 intelligere
1363 2236 1430 2291 de
1461 2235 1593 2299 Deo,
1645 2253 1843 2309 nempe
1872 2239 2053 2308 ipsum

480 2331 602 2370 esse
634 2318 805 2382 illum,
845 2322 939 2391 qui
988 2335 1097 2389 est,
1133 2342 1312 2382 nonne
1340 2327 1638 2383 absurdum
1667 2339 1752 2384 est
1782 2332 1944 2386 etiam
1988 2332 2056 2387 de

481 2406 663 2465 Verbo
702 2411 797 2466 Dei
834 2415 915 2468 sic
939 2415 1201 2486 cogitare,
1234 2425 1290 2472 et
1313 2419 1600 2475 consilium
1626 2423 1675 2475 ei
1726 2435 1789 2476 ac
1811 2420 2058 2476 volunta-

482 2508 592 2554 tem
624 2506 1010 2573 anteponere?
1042 2506 1186 2562 Satis
1208 2508 1355 2563 enim
1379 2518 1467 2564 est
1495 2511 1624 2565 item
1674 2511 1742 2567 de
1776 2512 1957 2569 Verbo
1990 2514 2056 2568 il-

480 2589 572 2645 lud
606 2595 773 2660 scire,
806 2604 864 2650 et
895 2596 1219 2669 intelligere.
1258 2615 1454 2670 nempe
1486 2602 1664 2672 ipsum
1689 2618 1800 2659 non
1834 2620 1898 2659 ex
1925 2621 2058 2662 con-

480 2683 774 2740 sultatione
825 2698 881 2742 et
944 2690 1251 2746 voluntate-
1284 2692 1455 2746 Deum
1506 2708 1651 2758 esse,
1710 2695 1805 2750 sed
1859 2706 2056 2752 natura

484 2776 763 2844 proprium
839 2792 965 2835 esse
1022 2780 1258 2837 Verbqu
1327 2783 1525 2839 Patris.
1599 2784 1756 2852 Quod
1832 2787 2055 2856 quidem

485 2864 728 2922 Verbum
763 2884 888 2925 cum
923 2872 998 2926 sit
1028 2875 1322 2929 consilium
1366 2886 1423 2930 et
1470 2876 1723 2933 voluntas
1772 2877 1949 2935 Patris
1979 2881 2061 2950 ip-

482 2962 627 3025 sus,
687 2964 959 3030 quomodo
1008 2976 1189 3037 potest
1237 2969 1471 3024 consilio
1529 2980 1585 3025 et
1614 2971 1897 3027 voluntate
1936 2973 2058 3043 ejus

2158 1856 2401 1922 ἀκούειν,
2431 1856 2518 1909 ἴνα
2544 1854 2770 1922 γνῶσιν,
2798 1855 2879 1907 ὅτι
2915 1852 3192 1921 ἡτοιαύτη
3226 1851 3407 1905 αὐτῶν
3437 1852 3744 1921 προπέτεια

2157 1951 2251 2004 καὶ
2289 1950 2371 2011 εἰς
2421 1948 2583 2002 αὑτὸν
2609 1949 2702 2001 τὸν
2751 1947 2967 2017 Πατέρα
2996 1946 3212 2015 φθάνει.
3254 1945 3383 1998 Ἐὰν
3416 1944 3514 2012 μὲν
3543 1943 3638 1997 οὖν
3660 1945 3739 1997 ει-

2159 2056 2360 2102 πωσιν,
2422 2040 2505 2093 ὃτι
2532 2040 2628 2092 καὶ
2659 2038 2818 2100 αὐτὸς
2850 2039 2914 2089 ὲκ
2939 2037 3267 2107 βουλήσεως,
3302 2036 3356 2089 τί
3403 2032 3471 2107 ἦν
3499 2038 3607 2107 πρὸ
3638 2036 3737 2089 τοῦ

2159 2132 2576 2209 βουλεύσασθαι,
2633 2132 2667 2202 ἢ
2698 2131 2747 2183 τί
2779 2130 2939 2184 πλέον
2981 2130 3164 2200 ἔσχεν,
3207 2130 3282 2193 ὼς
3336 2130 3494 2199 ὑμεῖς
3526 2128 3739 2196 λέγετε,

2162 2226 2299 2297 μετά
2320 2226 2383 2278 τὸ
2416 2222 2808 2294 βουλεύσασθαι
2835 2238 2850 2288 ;
2885 2222 2951 2277 Ei
2982 2223 3039 2275 δὲ
3088 2222 3286 2284 ἄτοπος
3317 2220 3411 2273 καὶ
3436 2218 3739 2281 ἀσύστατός

2159 2318 2307 2370 ἐστιν
2333 2317 2367 2386 ή
2394 2315 2619 2382 τοιαύτη
2647 2314 2935 2384 ἐρώτησις,
2955 2313 3050 2367 καὶ
3079 2314 3139 2369 ού
3165 2314 3323 2382 θέμις
3348 2312 3486 2375 ὅλως
3507 2310 3741 2365 τοιαῦτα

2158 2410 2340 2476 λέγειν
2385 2410 2566 2477 (ἀρκεῖ
2595 2407 2705 2477 γὰρ
2742 2405 2841 2459 καὶ
2880 2403 3042 2477 μόνον
3076 2405 3377 2467 ἀκούοντας
3426 2404 3573 2474 ἡμᾶς
3609 2403 3742 2472 περὶ

2158 2501 2297 2563 Θεοῦ
2323 2502 2546 2564 εἰδέναι,
2592 2500 2688 2553 καὶ
2710 2500 2879 2562 νοεῖν,
2923 2499 3006 2552 ὅτι
3037 2498 3200 2560 αὐτός
3222 2499 3370 2550 ἐστιν
3405 2497 3434 2550 ό
3464 2493 3585 2566 ὢν),
3620 2493 3741 2557 πῶς

2156 2593 2257 2647 οὐκ
2283 2592 2473 2660 ἄλογον
2504 2591 2570 2644 ἂν
2597 2591 2682 2662 εἴη
2711 2588 2809 2643 καὶ
2840 2589 2967 2658 περὶ
2999 2587 3094 2640 τοῦ
3120 2586 3255 2640 Θεοῦ
3289 2587 3468 2655 Λόγου
3508 2584 3741 2669 τριιῖηα

2158 2683 2530 2752 ἐνθυμεῖσθαι,
2566 2683 2661 2736 καὶ
2700 2680 2951 2751 βούλησιν
3003 2681 3096 2734 καὶ
3142 2679 3362 2751 θέλησιν
3428 2676 3740 2750 προϐάλλε-

2161 2774 2330 2841 σθαι;
2424 2774 2611 2845 ’Λρκεί
2665 2774 2775 2844 γὰρ
2822 2772 2952 2843 περὶ
3007 2770 3102 2825 τοῦ
3155 2770 3331 2838 Λόγου
3382 2770 3577 2823 εἰδέναι
3640 2769 3741 2824 καὶ

2159 2867 2323 2933 νοεῖν,
2350 2866 2432 2920 ὅτι
2457 2866 2485 2918 ὁ
2515 2865 2592 2935 μὴ
2620 2864 2685 2918 ἐκ
2720 2863 3029 2933 βουλήσεως
3050 2862 3311 2933 ὑπάρχων
3337 2861 3469 2924 Θεὸς
3520 2860 3582 2914 ού
3606 2860 3742 2931 βου-

2160 2958 2338 3028 λήσει,
2397 2956 2533 3011 ἀλλά
2592 2956 2752 3026 φύσει
2791 2955 2883 3009 τὸν
2913 2953 3044 3009 ἴδιον
3079 2954 3191 3024 ἔχει
3239 2953 3433 3021 Λόγον.
3481 2952 3606 3017 Πῶς
3642 2952 3741 3008 οὖν

483 3049 683 3121 gigni?
732 3054 881 3118 nisi,
931 3066 991 3111 ut
1040 3068 1169 3113 ante
1233 3059 1386 3121 dixi.
1439 3060 1681 3116 Verbum
1728 3063 1874 3134 gigni
1958 3042 2057 3134 per

2163 3048 2328 3121 βουλὴ
2375 3048 2472 3103 καὶ
2530 3046 2740 3118 θέλημα
2794 3044 2888 3098 τοῦ
2943 3047 3154 3114 Πατρδς
3195 3044 3462 3115 ὑπάρχων
3509 3042 3761 3119 ὁΛόγοςν

482 3144 721 3213 seipsum
778 3154 875 3202 aut
921 3162 1020 3219 per
1063 3150 1300 3206 alterum
1352 3152 1588 3209 Verbum
1650 3163 1903 3209 asserant
1954 3157 2057 3213 bo-

484 3238 660 3293 mincs
690 3239 889 3295 insani.
929 3242 1083 3309 Quod
1108 3245 1151 3299 si
1174 3245 1555 3313 eonﬁnxerint,
1586 3258 1643 3302 et
1669 3248 1900 3304 alterum
1927 3250 2054 3306 illud

484 3330 626 3398 gigni
651 3347 866 3387 rursum
885 3349 983 3405 per
1008 3335 1224 3406 aliquod
1237 3338 1383 3393 aliud
1422 3339 1660 3395 Verbum
1686 3355 1911 3399 necesse
1932 3343 2055 3399 erit.

484 3424 662 3491 Atque
681 3423 752 3478 ita
771 3426 1057 3496 multiceps
1072 3428 1361 3499 impiorum
1379 3431 1606 3487 haeresis
1621 3433 2060 3501 deprehendetur

486 3515 651 3569 stulte
682 3522 736 3569 tn
765 3518 1081 3574 immensam
1105 3522 1333 3577 deorum
1359 3523 1767 3580 multitudinem
1797 3527 2059 3590 incidere.

486 3602 615 3656 dum
646 3602 843 3658 Filium
872 3615 1112 3661 creatum
1134 3615 1189 3662 et
1214 3624 1281 3663 ex
1301 3609 1473 3664 nibilo
1494 3610 1700 3667 factum
1733 3629 1880 3681 esse,
1909 3615 2061 3672 novis

490 3704 707 3751 utentes
751 3697 997 3763 vocibus,
1060 3701 1221 3769 eique
1267 3702 1557 3758 consilium
1606 3715 1662 3759 et
1720 3706 2060 3762 voluntatem

487 3793 868 3851 praeponentes
885 3790 1472 3846 conanturostendere.
1490 3789 1682 3849 Nonne
1706 3793 1933 3865 impium
1957 3804 2061 3863 est,

488 3890 551 3928 ea
578 3890 699 3944 qua:
729 3890 910 3930 rerum
943 3890 1352 3948 procreatarum
1378 3893 1528 3950 sunt,
1569 3886 1623 3940 in
1652 3898 2062 3957 procuratorem

491 3965 811 4021 transferre?
830 3968 1026 4026 Nonne
1047 3971 1371 4029 detestabile
1385 3984 1445 4031 et
1468 3979 1864 4034 exsecrandum
1888 3988 1972 4036 est
1989 3981 2068 4035 di-

488 4073 636 4120 cere,
667 4061 952 4116 consilium
1001 4074 1056 4118 et
1081 4064 1414 4122 voluntatem
1450 4082 1573 4123 esse
1589 4077 1715 4124 ante
1739 4069 1975 4126 Verbum
2010 4072 2068 4127 in

488 4150 772 4205 Patre?Si
795 4153 939 4207 enim
975 4155 1224 4211 voluntas
1254 4157 1309 4212 in
1360 4156 1523 4214 Patre
1584 4163 1862 4230 praecedit,
1923 4162 2067 4220 baud

489 4234 617 4297 vera
634 4241 870 4313 loquitur
883 4244 1209 4318 Filius,Ego,
1222 4248 1493 4319 inquiens,
1509 4253 1561 4306 in
1578 4252 1757 4320 Patre,
1772 4264 1865 4311 aut
1884 4257 2073 4313 etiam-

488 4334 533 4387 si
560 4334 672 4403 ipse
699 4352 913 4406 quoque
954 4339 1009 4393 in
1042 4339 1196 4394 Patre
1223 4350 1329 4408 est,
1351 4344 1624 4413 posterior
1671 4354 1850 4403 tamen
1882 4350 2070 4406 existi-

491 4426 746 4490 tnabitur,
788 4444 910 4484 cum
952 4431 1203 4489 voluntas
1230 4436 1286 4488 in
1317 4450 1423 4505 qua
1472 4437 1657 4493 omnia
1708 4439 1844 4495 facta
1908 4456 2061 4512 sunt,

487 4516 809 4585 antecedat,
857 4529 913 4574 et
974 4522 1088 4592 ipse
1120 4535 1283 4594 post,
1346 4537 1405 4581 ut
1454 4543 1552 4583 vos
1612 4533 1857 4601 putatis,
1908 4538 2067 4597 exsi-

488 4620 616 4664 stat.
668 4610 817 4666 Licet
862 4613 1007 4667 enim
1062 4617 1234 4685 gloria
1269 4629 1506 4688 praestet,
1534 4631 1723 4677 tamen
1771 4640 1939 4680 unum
1959 4628 2067 4683 erit

486 4714 550 4753 ex
576 4700 640 4754 iis
668 4716 784 4771 qu:e
811 4702 1087 4761 voluntate
1117 4707 1255 4761 facta
1292 4718 1441 4765 sunt.
1472 4712 1542 4766 At
1579 4712 1831 4770 homines
1870 4716 2066 4774 nefarii

489 4794 705 4858 nolunt,
736 4793 974 4850 Verbum
1015 4807 1070 4852 et
1126 4802 1417 4857 consilium
1458 4804 1649 4860 vivens
1693 4820 1816 4862 esse
1849 4807 2063 4878 Filium,

487 4884 583 4938 sed
610 4884 955 4953 prudentiam
972 4896 1030 4943 et
1060 4890 1348 4946 consilium
1376 4901 1432 4947 et
1463 4895 1883 4963 sapientiam,ut
1910 4898 2067 4955 habi-

488 4994 576 5040 tus
599 4986 885 5053 quosdam,
904 4989 996 5057 qui
1021 4989 1199 5045 inesse
1242 4990 1544 5062 abesseque
1569 4995 1801 5063 possint,
1829 4997 2070 5052 humano

492 5096 645 5137 more
714 5082 827 5138 Deo
880 5084 1149 5141 inhaerere
1197 5090 1715 5161 comminiscuntur,
1780 5104 1835 5150 et
1886 5099 2071 5154 omnia

491 5194 730 5249 movent,
754 5196 810 5241 et
839 5187 1114 5243 Valentini
1167 5191 1443 5247 notionem
1497 5203 1553 5249 et
1579 5195 1913 5253 voluntatem
1950 5200 2070 5259 ideo

494 5297 835 5356 praeponam,
862 5296 923 5343 ut
953 5290 1146 5346 Filium
1177 5309 1205 5346 a
1226 5295 1389 5349 Patre
1412 5295 1674 5365 dividant,
1706 5316 1941 5373 eumque
1962 5322 2070 5361 non

492 5390 769 5457 proprium
794 5391 975 5447 Patris
1009 5390 1267 5459 Verbum,
1301 5395 1395 5449 sed
1449 5407 1692 5451 creatum
1728 5416 1847 5457 esse
1865 5403 2069 5462 dicant.

492 5490 787 5558 Apostolus
836 5476 1016 5547 autem
1046 5508 1155 5546 non
1215 5495 1532 5565 voluntatis,
1565 5496 1659 5552 sed
1691 5502 1945 5557 essentia:
1979 5521 2074 5575 pa-

494 5600 664 5645 terna:
692 5593 970 5661 proprium
1022 5595 1369 5664 splendorem
1430 5606 1485 5652 et
1509 5597 1737 5668 ﬁguram
1780 5600 2073 5660 Dominum

495 5703 616 5743 esse
642 5692 925 5759 praedicat,
969 5694 1074 5761 Qui
1090 5712 1207 5752 cum
1225 5698 1314 5766 sit,
1336 5697 1857 5769 inquiens,aplendor
1871 5702 2075 5773 gloria,

2157 3144 2383 3198 δύναται
2409 3140 2659 3212 γίνεσθαι
2691 3140 2787 3217 καὶ
2827 3139 2989 3203 αὐτὸς
3020 3138 3322 3210 βουλήματι
3350 3139 3447 3191 καὶ
3475 3136 3738 3208 θελήσας

2157 3236 2315 3300 ἐκτὸς
2342 3234 2390 3288 εἰ
2418 3233 2515 3304 μὴ,
2540 3230 2683 3285 καθὰ
2712 3232 2995 3301 προεῖπον,
3026 3229 3285 3299 μανέντες
3316 3228 3479 3283 πάλιν
3503 3228 3738 3282 εἴπωσιν

2159 3328 2323 3383 αὐτὸν
2344 3326 2411 3380 δι’
2434 3323 2630 3381 ἑαυτοῦ
2656 3321 2960 3392 γεγονέναι,
2985 3322 3018 3393 ἢ
3050 3322 3117 3375 δι’
3143 3320 3331 3393 ἑτέρου
3357 3322 3525 3382 τινός.
3572 3319 3741 3373 Ἀλλὰ

2160 3421 2264 3475 κᾶν
2296 3417 2662 3482 πλάσσωνται,
2685 3416 2903 3477 πάντως
2947 3414 3196 3477 κάκεῖνος
3220 3412 3308 3467 διά
3337 3429 3483 3476 τινος
3507 3412 3741 3481 γίνεται.

2162 3512 2271 3568 Καὶ
2310 3511 2497 3565 λοιπον
2521 3508 2692 3572 οὕτως
2740 3506 3200 3575 ἑπιλογιζομένων
3244 3505 3424 3577 ήμῶν,
3479 3504 3576 3559 καὶ
3608 3506 3746 3559 ἀνα-

2162 3605 2457 3676 κρινόντων
2497 3603 2595 3674 τὴν
2630 3601 2926 3671 ἀλήθειαν,
2981 3599 3298 3669 εὑρίσκεται
3332 3599 3441 3652 τῶν
3494 3597 3674 3652 ἀθέων
3707 3600 3742 3669 ή

2164 3690 2533 3759 πολυκέφαλος
2561 3689 2775 3761 αἵρεσις
2813 3690 2893 3752 είς
2928 3686 3293 3759 πολυθεὸτητα
3342 3687 3619 3741 πίπτουσα
3647 3687 3747 3742 καὶ

2163 3782 2401 3853 ἄμετρον
2455 3781 2670 3852 μανίαν,
2701 3781 2758 3832 ἐν
2790 3776 2822 3854 ᾖ
2855 3780 3065 3851 κτίσμα
3095 3782 3188 3834 καὶ
3228 3781 3289 3846 ἐξ
3310 3780 3412 3834 οὐκ
3442 3781 3616 3835 ὄντων
3652 3780 3747 3834 θό-

2164 3875 2347 3936 λοντες
2378 3870 2519 3928 εἶναι
2554 3874 2644 3926 τὸν
2686 3872 2831 3938 risv,
2875 3873 3080 3943 ἑτέρως
3114 3873 3181 3927 τὰ
3211 3872 3353 3927 αὐτὰ
3388 3873 3740 3943 σημαίνουσι,

2169 3964 2426 4035 βούλησιν
2468 3964 2563 4018 καὶ
2615 3962 2832 4032 θέλησιν
2881 3963 3330 4034 προϐαλλόμενοι.
3369 3964 3492 4026 Πῶς
3522 3958 3619 4016 οὖν
3643 3964 3747 4016 οὐκ

2167 4056 2361 4119 ἀσεϐὲς
2388 4058 2457 4109 τὰ
2488 4055 2596 4108 τῶν
2629 4054 2873 4125 γενητῶν
2926 4055 3023 4108 ἐπὶ
3062 4056 3155 4110 τὸν
3185 4055 3537 4128 Δημιουργόν
3570 4071 3743 4126 μετα-

2170 4149 2387 4218 φέρειν;
2427 4148 2497 4199 Ἢ
2528 4145 2643 4209 πῶς
2674 4147 2735 4199 οὐ
2768 4145 3093 4219 βλάσφημον
3131 4145 3316 4215 λέγειν
3345 4146 3604 4218 βούλησιν
3636 4144 3746 4219 πρὸ

2169 4239 2262 4293 τοῦ
2306 4240 2477 4307 Λόγου
2521 4232 2661 4292 εἶναι
2717 4238 2775 4291 ὲν
2804 4238 2882 4308 τῷ
2911 4237 3117 4308 Πατρί;
3165 4238 3230 4293 Εἰ
3275 4239 3384 4309 γὰρ
3418 4241 3747 4323 προηγεῖται

2174 4332 2428 4403 βούλησις
2462 4333 2520 4384 ὲν
2551 4331 2627 4401 τῷ
2658 4331 2855 4401 ιῐατρὶ,
2887 4331 2987 4385 οὐκ
3023 4331 3277 4401 ἀληθεύει
3305 4328 3539 4402 λέγωνό
3567 4332 3698 4397 Υἱός
3721 4342 3742 4363 ’

2182 4425 2327 4495 Ἐγὼ
2356 4425 2425 4478 ἐν
2450 4422 2530 4489 τῷ
2570 4425 2773 4492 Πατρί.
2810 4424 2881 4477 Ἢ
2906 4425 2955 4477 εί
2998 4425 3096 4477 καὶ
3150 4424 3313 4488 αὐτὸς
3344 4426 3403 4478 ἐν
3450 4426 3531 4494 τῷ
3568 4426 3747 4497 Πατρί

2167 4518 2334 4581 ἐστιν,
2368 4515 2503 4571 ἀλλά
2522 4516 2771 4587 δεύτερον
2800 4516 3203 4589 λογισθήσεται,
3235 4517 3405 4589 οὖσης
3429 4518 3748 4590 βουλήσεως

2168 4609 2273 4681 πρὸ
2305 4608 2494 4675 αὑτοῦ,
2527 4610 2585 4661 ιν
2713 4608 2890 4664 πάντα
2916 4610 3125 4678 γέγονε,
3182 4611 3275 4663 καὶ
3330 4611 3493 4675 αὐτὸς
3527 4611 3744 4682 ὑπέστη

2167 4700 2288 4754 καθ’
2321 4700 2488 4770 ὑμᾶς.
2519 4699 2635 4754 Κᾶν
2657 4701 2764 4769 γὰρ
2791 4702 2857 4771 τῇ
2883 4700 3010 4772 δόξῃ
3040 4701 3293 4773 διαφέρῃ,
3328 4701 3444 4755 ἀλλ’
3466 4703 3623 4763 οὐδὲν
3641 4698 3748 4777 ἦτ-

2166 4794 2255 4848 τόν
2282 4777 2428 4847 ἐστιν
2459 4788 2537 4856 εἷς
2562 4794 2669 4847 τῶν
2695 4796 2759 4847 ὲκ
2803 4794 3110 4866 βουλήσεως
3142 4797 3468 4866 γινομένων.
3521 4800 3662 4854 Ἀλλ’
3693 4801 3746 4855 οἱ

2167 4884 2381 4951 ἀσεϐεῖς
2408 4885 2469 4938 ού
2500 4885 2719 4938 θέλουσι
2742 4885 2840 4955 μὲν
2873 4886 3048 4954 Λόγον
3093 4888 3189 4941 καὶ
3221 4886 3421 4961 βουλὴν
3450 4887 3636 4953 ζῶσαν
3666 4886 3749 4945 εῖ-

2169 4994 2255 5030 ναι
2282 4975 2373 5031 τδν
2398 4976 2546 5044 Υιὸν,
2572 4977 2700 5049 περὶ
2722 4977 2779 5030 δὲ
2805 4978 2897 5031 τὸν
2917 4976 3052 5031 Θεὸν
3072 4978 3360 5050 φρόνησιν,
3415 4981 3509 5034 καὶ
3548 4981 3749 5054 βούλη-

2173 5084 2277 5133 σιν,
2342 5066 2438 5120 καὶ
2469 5067 2678 5138 σοφίαν,
2733 5067 2809 5130 ὡς
2857 5068 2970 5135 ἕξιν
3006 5067 3427 5137 συμϐαίνουσαν,
3463 5073 3557 5124 καὶ
3607 5070 3747 5122 ἀπο-

2173 5156 2575 5227 συμϐαίνουσαν
2613 5156 2972 5226 ἀνθρωπίνως
3029 5158 3277 5226 γίνεσθαι
3340 5158 3746 5229 μυθολογοῦσι,

2173 5250 2268 5303 καὶ
2300 5250 2476 5303 πάντα
2508 5248 2741 5315 κινοῦσι,
2775 5249 2869 5302 καὶ
2888 5249 2986 5321 τὴν
3016 5249 3374 5305 Οὐαλεντίνου
3408 5250 3621 5305 ἔννοιαν
3654 5254 3747 5306 καὶ

2174 5339 2392 5409 θέλησιν
2438 5340 2859 5409 προϐάλλονται,
2918 5341 3006 5395 ἵνα
3073 5340 3236 5410 μόνον
3282 5341 3615 5411 διιστήσωσι
3655 5343 3745 5397 τὸν

2174 5429 2303 5482 Υίὸν
2327 5428 2434 5482 ἀπὸ
2461 5429 2555 5483 τοῦ
2597 5430 2831 5500 ιΙατρδς,
2886 5431 2981 5485 καὶ
3011 5429 3088 5502 μὴ
3136 5431 3369 5486 εἴπωσιν
3420 5433 3551 5488 ἴδιον
3582 5432 3745 5487 αὐτὸν

2173 5519 2269 5574 τοῦ
2307 5520 2517 5589 Πατρὸς
2560 5517 2700 5576 εἶναι
2734 5523 2941 5591 Λόγον,
2970 5524 3108 5577 ἀλλὰ
3160 5524 3364 5593 κτίσμα
3395 5540 3413 5556 °
3448 5528 3543 5579 καὶ
3580 5528 3690 5597 γὰρ
3717 5528 3746 5579 ὁ

2190 5611 2514 5676 ’Λπόστολος
2565 5614 2626 5666 ού
2661 5615 2989 5686 βουλήσεως,
3045 5615 3160 5668 ἀλλ’
3199 5617 3371 5686 αὐτῆς
3403 5617 3504 5687 τῆς
3558 5618 3746 5682 οὐσίας

2179 5706 2278 5776 τῆς
2313 5706 2587 5776 πκτρικῆς
2624 5708 2753 5763 ῐδιιιν
2787 5707 3126 5780 ἀπαύγασμα
3179 5710 3271 5763 καὶ
3304 5709 3629 5782 χαρακτῆρα
3658 5712 3748 5767 τὸν
