4008 6208
558 228 658 289 459

1790 230 2177 291 EUTIIYMH
2219 229 2576 290 ZlGADENl

3693 227 3810 288 5C0

547 365 800 422 l’atribus
827 366 1245 432 inobsequentes
1272 370 1420 422 sunt,
1449 370 1500 411 et
1536 360 1796 411 adversus
1821 360 2103 412 LL'Clllllcni-

2217 362 2578 430 γραμμὲνων,
2617 361 2858 425 ἀπειθεῖς
2888 365 2986 432 μὲν
3027 365 3243 432 γονεῦσι
3279 367 3557 434 γεγόνασι,
3605 369 3791 440 δια.μά

546 476 664 514 eam
689 459 952 530 synodum
978 455 1292 511 decertant?
1317 451 1408 506 lite
1435 466 1612 516 voces,
1637 449 1810 516 aiunt,
1841 469 1857 500 ι
1890 467 1952 504 ex
1979 451 2108 505 sub-

548 551 764 616 stantia,
792 570 810 602 ι
845 557 919 613 et,
969 566 987 598 ι
1012 543 1489 608 consubstantiale,
1514 563 1530 592 ι
1563 543 1718 598 nobis
1753 542 1976 596 minime
2001 543 2113 609 pla-

547 653 690 707 cent,
721 639 1044 710 quibusdam
1087 636 1230 690 enim
1262 635 1590 690 oﬂ‘endiculo
1629 633 1801 698 fuere,
1843 634 2111 704 plurimos

467 723 470 726 ’
547 733 962 790 contnrbarunt.
990 728 1071 782 illi
1107 729 1270 797 igitur
1311 727 1531 797 scriptis
1566 727 1681 782 suis
1731 727 1803 780 ita
1857 737 1985 781 sunt
2031 727 2112 781 lo-

547 825 674 879 cuti.
699 821 894 876 Verum
919 821 997 875 sic
1026 820 1298 890 quispiam
1323 819 1429 874 illis
1453 826 1736 874 occurrat:
1757 818 1816 872 Si
1846 833 1973 886 ergo
1999 819 2113 871 haec

544 915 705 971 verba
732 929 828 983 per
847 928 905 967 se
933 913 1039 967 illis
1070 911 1387 967 oll‘ensionis
1414 926 1576 966 causa
1607 909 1778 974 fuere,
1806 925 1913 964 non
1933 909 2108 963 solum

544 1007 806 1075 quosdam
835 1004 1054 1067 olfendi,
1087 1020 1152 1058 ac
1187 1003 1452 1072 plurimos
1479 1002 1688 1058 turbari
1724 1002 1988 1071 oportuit,
2016 1001 2108 1056 sed

543 1104 595 1148 et
623 1109 720 1150 nos
744 1095 988 1164 aliosque
1018 1095 1304 1149 universos
1329 1093 1520 1149 eodem
1557 1092 1779 1149 affectos
1799 1108 1919 1148 esse
1951 1092 2110 1146 modo

545 1201 640 1254 par
669 1185 790 1238 fuit.
830 1184 984 1252 Quod
1021 1185 1063 1239 si
1093 1185 1333 1240 universi
1360 1184 1457 1238 has
1479 1198 1641 1240 voces
1665 1184 2067 1253 amplectuntur
2094 1201 2106 1236 :

545 1277 587 1329 si
618 1277 708 1345 qui
753 1277 839 1330 illa
870 1277 1155 1346 scripsere,
1197 1292 1303 1341 non
1332 1277 1583 1345 vulgares
1615 1276 1884 1341 homines,
1917 1275 2012 1329 sed
2044 1290 2108 1328 ex

548 1377 656 1420 toto
696 1368 827 1421 orbe
854 1368 1029 1422 coacti
1063 1376 1190 1421 sunt
1224 1385 1237 1432 ;
1285 1368 1330 1422 si
1363 1366 1455 1436 qui
1479 1366 1592 1436 jam
1635 1365 1942 1420 Ariminum
1975 1379 2110 1420 con-

545 1473 738 1511 venere
781 1457 1020 1529 episcopi
1064 1457 1184 1532 plus
1231 1457 1648 1528 quadringentis
1683 1471 1746 1512 ea
1795 1457 2110 1511 testimonio

544 1565 642 1602 suo
667 1549 1056 1617 comprobant;
1087 1564 1266 1602 nonne
1289 1548 1383 1618 qui
1407 1549 1672 1603 adversus
1703 1548 1972 1619 synodum
1999 1547 2112 1603 haec

542 1639 792 1692 effutiunt
819 1640 947 1693 hinc
979 1649 1283 1710 arguuntur
1309 1677 1322 1702 ,
1375 1654 1483 1692 non
1532 1639 1696 1692 verba
1733 1639 1951 1707 quidem
1995 1640 2111 1694 cul—

2213 469 2395 522 χονται
2551 453 2610 504 δὲ
2638 454 2772 524 πρὸς
2792 456 3174 528 οἰκουμενικὴν
3197 457 3411 512 σύνοδον
3431 475 3445 522 ;
3467 459 3540 511 Τὸ
3568 481 3584 511 ι
3613 462 3681 514 ἐκ
3706 461 3818 534 τῆς

2212 542 2420 608 οὐσίας,
2455 562 2470 592 ι
2522 544 2688 613 φησὶ,
2739 544 2833 595 xui.
2887 543 2947 595 τὸ
3005 563 3023 594 ι
3053 545 3336 616 όμοούσιον
3369 566 3386 597 ι
3453 549 3552 602 οὐκ
3605 551 3818 620 ἤρεσεν

2213 635 2368 704 ἡμῖν.
2539 633 2725 687 Ταῦτα
2753 635 2858 706 γάρ
2894 652 3045 698 τινας
3073 637 3427 691 ὲσκανδάλισε
3453 640 3547 691 xui
3573 641 3812 703 πολλοὺς

2213 723 2564 794 ἐθορύϐησεν.
2602 725 2832 778 Ἐκεῖνοι
2871 726 2968 796 μὲν
3001 723 3094 780 οὖν
3127 727 3268 781 οὕτω
3302 731 3605 800 γράφοντες
3651 735 3804 804 εἰρή-

2213 832 2371 868 κασιν
2414 835 2426 847 σ
2463 817 2793 889 ἀπαντήσειε
2823 818 2868 870 δ’
2894 820 2958 873 ἄν
2991 836 3074 882 τις
3098 821 3283 884 αὐτοῖς
3315 822 3553 891 εὐλόγως
3586 824 3773 889 οὕτως
3796 841 3811 854 ·

2212 906 2274 957 Εἰ
2305 905 2404 974 μὲν
2431 901 2524 959 οὖν
2546 906 2686 960 αὐτὰ
2706 907 2775 960 τὰ
2798 909 3019 977 ῥήματα
3045 909 3167 962 καθ’
3199 910 3370 964 ἑαυτά
3546 917 3819 983 τυγχάνει

2212 996 2339 1051 ὅντα
2367 997 2515 1050 αἴτια
2536 997 2746 1061 τούτοις
2771 1001 2850 1062 είς
2879 999 3194 1066 σκάνδαλον,
3218 1001 3325 1054 ἔδει
3351 1005 3423 1073 μή
3453 1022 3606 1069 τινας
3637 1024 3814 1060 σκαν-

2213 1087 2547 1151 δαλίζεσθαι,
2613 1087 2746 1157 μηδὲ
2799 1089 3028 1154 πολλοὺς
3076 1090 3457 1161 θορυϐεῖσθαι,
3515 1093 3653 1147 ἀλλά
3713 1097 3814 1148 xui.

2212 1177 2358 1245 ἡμᾶς
2561 1177 2656 1228 xui
2703 1177 2829 1239 τοὺς
2877 1175 3069 1241 ἄλλους
3113 1178 3321 1240 πάντας
3352 1180 3543 1232 ταυτὸν
3570 1183 3813 1246 ἐκείνοις

2217 1267 2441 1334 πάσχειν
2476 1265 2536 1330 ἐξ
2585 1265 2793 1319 αὐτῶν·
2830 1267 2877 1319 εί
2913 1267 2969 1320 δὲ
3002 1270 3050 1320 οἱ
3087 1269 3186 1338 μὲν
3216 1269 3414 1332 πάντες
3442 1271 3708 1339 ἀγαπῶσι
3740 1274 3812 1327 τὰ

2215 1357 2430 1426 ῥήματα
2451 1394 2465 1418 ,
2492 1356 2541 1408 οἱ
2561 1355 2617 1408 δὲ
2645 1356 2818 1408 ταῦτα
2846 1357 3154 1428 γράψαντες
3177 1359 3275 1428 οὐχ
3297 1359 3345 1410 oi
3375 1360 3648 1429 τυχόντες,
3685 1363 3812 1415 ἀλλ’

2211 1449 2260 1499 οἱ
2305 1449 2368 1499 ὲκ
2417 1447 2594 1516 πάσης
2627 1448 2726 1518 τῆς
2763 1448 3085 1518 οἰκουμένης
3116 1449 3462 1513 συνελθόντες
3501 1451 3650 1515 εἰσὶ,
3714 1453 3812 1505 xui

2213 1538 2421 1601 ταύτοις
2449 1538 2916 1612 ἐπιμαρτυροῦσιν
2945 1540 2992 1590 οἱ
3018 1538 3112 1592 νῦν
3155 1540 3212 1592 ὲν
3250 1542 3314 1611 τῇ
3365 1541 3644 1612 Ἀριμήνῳ
3675 1561 3810 1596 συν-

2213 1628 2456 1692 ελθόντες
2505 1629 2790 1681 ἐπίσκοποι
2821 1628 2866 1680 υ⁰
2889 1628 2986 1680 καὶ
3019 1627 3254 1690 πλείους·
3283 1627 3399 1691 πῶς
3565 1631 3671 1682 οὐκ
3706 1631 3806 1683 ἄν⁹

543 1729 717 1797 panda
749 1743 870 1782 esse
896 1769 910 1792 ,
948 1730 1038 1783 sed
1079 1743 1270 1783 eorum
1317 1728 1411 1798 qui
1467 1728 1580 1783 haec
1622 1742 1787 1796 prave
1839 1729 2103 1798 interpre-

2209 1737 2397 1790 τικρυς
2447 1719 2655 1790 ἐλέγχει
2701 1711 2858 1772 τοῦτο
2893 1719 3016 1781 τοὺς
3048 1717 3189 1771 κατὰ
3219 1718 3318 1788 τῆς
3354 1718 3572 1773 συνόδου
3605 1720 3803 1788 λέγον-

544 1826 725 1870 tantur
765 1816 1061 1870 malitiam?
1116 1815 1290 1882 Quam
1343 1815 1500 1869 multi
1554 1824 1716 1882 sunt,
1773 1817 1865 1889 qui
1911 1816 2112 1871 divinis

545 1907 842 1975 Scripturis
876 1907 1110 1976 maligne
1142 1905 1298 1976 lectis
1338 1920 1401 1960 ac
1441 1920 1607 1975 prave
1640 1905 1949 1968 intellectis,
1987 1921 2111 1960 san-

541 2009 656 2052 ctos
685 1997 809 2051 hinc
840 1997 1157 2052 insimulant
1191 1998 1203 2050 !
1235 1997 1544 2066 cujusmodi
1576 1996 1729 2051 fuere
1755 1997 1886 2050 olim
1915 1996 2108 2062 Judai,

540 2089 633 2157 qui
685 2087 977 2156 Dominum
1028 2104 1135 2142 non
1174 2099 1515 2158 receperunt,
1570 2098 1624 2143 et
1669 2088 1781 2158 jam
1827 2087 2110 2142 Manichzei

539 2178 632 2247 qui
667 2179 720 2232 in
776 2180 945 2249 legem
991 2178 1414 2248 blasphemant;
1453 2179 1612 2248 cujus
1667 2193 1799 2233 sane
1852 2178 1953 2244 rei,
2000 2193 2109 2232 non

541 2270 856 2342 scripturae,
895 2270 988 2325 sed
1036 2271 1280 2340 ipsorum
1315 2269 1645 2340 perversitas
1691 2283 1859 2324 causa
1891 2267 2010 2322 fuit.
2051 2267 2110 2322 Si

541 2361 722 2429 itaque
775 2361 1064 2416 verborum
1115 2361 1437 2430 pravitatem
1499 2360 1787 2416 ostendere
1834 2359 2061 2428 potestis
2091 2397 2106 2422 ,

538 2452 698 2520 agite,
739 2451 1147 2520 demonstrandi
1193 2453 1334 2506 ratio
1387 2444 1649 2516 ineatur;
1698 2466 1799 2504 nec
1831 2449 2109 2519 objiciatis

540 2542 696 2597 nobis
727 2543 840 2596 Imc
871 2542 1147 2610 nonnullis
1181 2542 1469 2596 olfensioni
1493 2557 1635 2608 esse,
1668 2558 1734 2595 ne
1759 2541 1901 2595 idem
1927 2541 2104 2604 vobis,

537 2631 679 2699 quod
718 2641 845 2685 tunc
880 2630 1191 2697 Pharisaeis,
1215 2630 1444 2685 accidat.
1481 2629 1692 2684 Etenim
1723 2645 1845 2684 cum
1879 2630 1954 2684 illi
1988 2644 2109 2684 sese

539 2722 860 2776 simularent
889 2722 956 2776 de
991 2721 1240 2777 doctrina
1289 2720 1503 2776 Domini
1549 2720 1772 2785 offendi,
1810 2720 1886 2773 ait
1925 2719 2105 2774 Domi-

542 2827 645 2865 nus
695 2811 851 2865 illis:
915 2809 1145 2866 «Omnis
1193 2811 1454 2880 plantatio
1488 2826 1652 2879 quam
1702 2825 1807 2864 non
1841 2809 2108 2878 plantavit

541 2898 699 2954 Pater
721 2915 874 2956 meus
891 2902 1149 2967 caelestis,
1169 2899 1536 2956 eradic'abitur
1577 2905 1646 2953 ’.ι
1665 2900 1760 2958 His
1786 2909 1967 2954 autem
1991 2916 2108 2955 vero

543 2991 626 3045 bis
664 2991 924 3056 ostendit,
964 3007 1069 3046 non
1115 2991 1291 3047 Patris
1337 2993 1501 3047 verba
1553 3008 1582 3045 a
1631 3009 1689 3047 se
1727 3011 1743 3041 ι
1771 2993 2047 3060 plantata,
2082 3010 2100 3043 ι

541 3083 633 3135 sed
681 3097 899 3151 pravam
971 3097 1126 3136 suam
1183 3092 1329 3136 recte
1370 3083 1642 3136 dictorum
1701 3081 2104 3150 interpretatio-

535 3187 683 3237 nem,
718 3171 1045 3227 olfendiculo
1075 3173 1182 3227 illis
1218 3173 1406 3226 fuisse.
1446 3171 1576 3225 Nam
1608 3172 1643 3224 ii
1673 3172 1764 3241 qui
1797 3172 1925 3226 olim
1956 3173 2102 3242 Apo-

535 3264 659 3318 stoli
696 3264 958 3333 epistolas
1004 3264 1318 3332 culpabant,
1373 3279 1480 3318 non
1509 3261 1684 3328 Pauli,
1728 3264 1822 3317 sed
1858 3263 2098 3332 ipsorum

535 3355 919 3425 ignorantiam,
962 3365 1014 3409 et
1050 3370 1365 3424 perversum
1400 3355 1642 3408 animum
1691 3354 1864 3422 palam
1904 3352 2098 3409 iecere.

2209 1827 2328 1872 τας,
2367 1810 2440 1872 ὡς
2470 1810 2530 1862 οὐ
2556 1808 2622 1862 τὰ
2657 1809 2877 1880 ῥήματά
2907 1811 3051 1860 ἐστιν
3080 1809 3227 1861 αἴτια
3252 1848 3266 1872 ,
3317 1808 3432 1861 ἀλλ’
3463 1810 3496 1879 ἡ
3531 1810 3806 1864 κακόνοια

2209 1901 2317 1953 τῶν
2348 1901 2843 1971 παρεξηγουμένων
2869 1899 2939 1953 τά
2969 1897 3228 1964 τοιαῦτα;
3259 1898 3457 1963 Πόσοι,
3484 1900 3678 1963 κακῶς
3712 1901 3803 1954 ἑν-

2210 1991 2565 2060 τυγχάνοντες
2583 1993 2702 2052 ταῖς
2725 1989 2896 2053 θείαις
3057 1990 3302 2060 Γραφαῖς
3328 1992 3422 2044 xui
3451 1991 3803 2062 παρανοοῦν-

2209 2099 2298 2144 τες
2326 2080 2526 2144 ταύτας
2545 2121 2560 2145 ,
2592 2081 2962 2154 κατηγοροῦσι
2992 2081 3098 2135 τῶν
3133 2083 3336 2150 ἁγίωνὲ
3371 2077 3472 2136 οἷοι
3501 2084 3804 2150 γεγόνασιν

2210 2176 2257 2224 οἱ
2289 2174 2386 2244 μὲν
2419 2173 2540 2224 τότε
2581 2173 2840 2240 Ἰουδαῖοι,
2867 2173 2943 2244 μὴ
2978 2173 3258 2244 δεξάμενοι
3285 2173 3374 2226 τὸν
3402 2174 3626 2243 Κύριον,
3659 2177 3715 2227 οἱ
3743 2176 3800 2228 δὲ

2209 2263 2302 2315 νῦν
2329 2264 2617 2334 Μανιχαῖοι
2651 2264 3092 2334 βλασφημοῦντες
3132 2265 3221 2316 τὸν
3250 2265 3442 2335 νόμον·
3479 2266 3570 2317 καὶ
3594 2266 3701 2336 οὐχ
3740 2269 3799 2319 ui

2209 2353 2424 2425 Γραφαὶ
2468 2355 2754 2423 γεγόνασιν
2785 2355 2967 2417 αὐτοῖς
2995 2353 3187 2421 αἴτιαι,
3216 2355 3329 2408 ἀλλ’
3370 2358 3403 2425 ἡ
3429 2357 3579 2424 σφῶν
3610 2357 3799 2409 αὐτῶν

2210 2445 2614 2516 κακοφροσύνη.
2675 2447 2735 2498 Ei
2773 2447 2870 2516 μὲν
2896 2442 2988 2499 οὖν
3021 2446 3298 2510 ἀποδεῖξαι
3327 2446 3554 2499 δύνασθε
3583 2448 3655 2500 τὰ
3693 2450 3795 2518 ῥή-

2213 2553 2354 2606 ματα
2387 2535 2561 2604 φαῦλα
2588 2575 2602 2600 ,
2636 2536 2791 2588 τοῦτο
2824 2539 3023 2589 ποιεῖτε
3052 2571 3068 2599 ,
3235 2538 3331 2589 xui
3359 2538 3513 2604 λόγος
3548 2539 3801 2607 ἡγείσθω

2207 2631 2307 2701 τῆς
2340 2630 2664 2696 ἀποδείξεως
2686 2646 2699 2658 ·
2738 2631 2830 2682 καί
2861 2630 2936 2701 μὴ
2963 2629 3361 2701 προφασίζεσθε
3387 2631 3512 2691 τοὺς
3553 2629 3800 2683 σκανδα-

2207 2721 2556 2793 λιζομένους,
2605 2722 2693 2775 ἵνα
2727 2722 2800 2792 μὴ
2837 2719 3032 2774 ταυτὸν
3085 2721 3293 2790 πάθητε
3328 2723 3440 2784 τοῖς
3469 2721 3592 2773 τότε
3617 2723 3800 2793 Φαρι-

2209 2812 2400 2876 σαίοις.
2459 2811 2567 2864 Καὶ
2595 2811 2702 2883 γὰρ
2734 2811 2999 2866 κάκείνων
3027 2810 3509 2882 προφασιζομένων
3551 2811 3796 2865 σκανδα-

2207 2902 2448 2969 λίζεσθαι
2471 2905 2561 2956 ἐπὶ
2585 2905 2705 2966 ταῖς
2729 2903 2822 2956 τοῦ
2853 2903 3058 2975 Κυρίου
3084 2904 3343 2973 διδαχαῖς,
3377 2903 3561 2970 ἔλεγεν
3598 2903 3797 2968 αὐτοῖς

2207 2999 2234 3050 ό
2257 2995 2460 3068 Κύριος
2479 3013 2491 3026 ·
2533 3014 2550 3046 ι
2580 2997 2734 3048 Πᾶσα
2763 2995 2977 3063 φυτεία,
3007 2997 3071 3066 ἢν
3099 2997 3199 3048 οὐκ
3221 2995 3515 3066 ἐφύτευσεν
3537 2997 3566 3048 ό
3594 2997 3794 3068 Πατήρ

2212 3099 2311 3152 μου
2363 3083 2389 3134 ὁ
2419 3082 2698 3152 οὐράνιος,
2739 3082 3190 3153 ἐκριζωθήσεται.
3225 3101 3242 3133 ι
3305 3083 3475 3136 Τοῦτο
3510 3083 3567 3136 δὲ
3611 3083 3792 3152 λέγων

2208 3171 2479 3225 ἐδείκνυεν
2498 3213 2512 3235 ,
2551 3173 2625 3236 ὡς
2655 3174 2714 3225 οὐ
2745 3173 2812 3226 τά
2835 3173 2930 3227 τοῦ
2956 3174 3166 3245 Πατρὸς
3199 3175 3265 3226 δι’
3297 3173 3459 3227 αὑτοῦ
3517 3193 3534 3224 ι
3560 3174 3792 3242 φυτευό-

2211 3281 2347 3333 μενα
2376 3284 2393 3315 ι
2448 3266 2666 3334 ῥήματα
2710 3265 3006 3319 σκάνδαλον
3036 3261 3178 3338 ἦσαν
3212 3267 3428 3329 αὐτοῖς,
3472 3265 3586 3320 ἀλλ’
3629 3266 3792 3319 αὐτοὶ

2208 3354 2393 3417 κακῶς
2434 3356 2775 3427 ἐκδεχόμενοι
2801 3356 2867 3409 τὰ
2897 3356 3075 3421 καλῶς
3108 3357 3372 3428 λεγόμενα
3401 3356 3790 3420 ὲσκανδάλιζον

534 3450 780 3514 ἑαυτούς.
821 3450 970 3502 Ἐπεὶ
1004 3451 1094 3502 xui
1117 3449 1165 3500 οἱ
1196 3448 1504 3517 αἰτιώμενοι
1533 3449 1651 3500 τότε
1685 3449 1780 3511 τὰς
1808 3447 2096 3512 ἐπιστολάς
2133 3447 2225 3501 τοῦ
2281 3445 2638 3514 ’Λποστόλου,
2686 3453 2748 3505 ού
2795 3449 2890 3504 τοῦ
2941 3451 3154 3504 Παύλου
3179 3491 3195 3517 ,
3248 3451 3384 3506 ἀλλά
3431 3453 3532 3523 τῆς
3574 3453 3790 3506 ἑαυτῶν

533 3545 769 3617 ἀμαθίας
800 3546 891 3598 xui
926 3543 1183 3614 στρεϐλῆς
1208 3545 1443 3608 διανοίας
1473 3543 1830 3617 κατηγόρουν,

739 3633 842 3690 Sed
873 3635 984 3704 jam
1029 3634 1349 3705 respondete
1401 3637 1620 3705 (operai
1663 3635 1894 3704 pretium
1947 3635 2090 3688 enim

535 3726 696 3780 fuerit
725 3727 828 3782 hoc
865 3727 933 3781 ab
974 3726 1082 3783 illis
1114 3727 1385 3797 quaerere)
1415 3727 1637 3797 quinam
1682 3737 1830 3794 sunt,
1861 3740 2002 3796 quos
2032 3727 2098 3780 de

533 3817 639 3872 illis
667 3816 864 3872 oti'endi
911 3829 1072 3887 atque
1112 3816 1320 3871 turbari
1363 3816 1704 3872 causamini?
1748 3815 1908 3872 Certe
1938 3830 2099 3870 nemo

533 3922 722 3961 eorum
755 3907 845 3976 qui
877 3906 964 3977 pie
1006 3906 1073 3962 de
1111 3905 1330 3962 Christo
1366 3908 1631 3972 sentiunt,
1670 3909 1870 3978 quippe
1910 3908 2004 3978 qui
2032 3922 2094 3960 ea

532 3997 824 4052 defendant
870 4007 1248 4068 asserantque.
1293 3999 1448 4067 Quod
1489 3999 1533 4054 si
1585 3999 1771 4052 Ariani
1825 4007 1951 4054 sunt
2001 3995 2093 4066 qui

534 4086 648 4140 haec
687 4086 906 4155 indigne
935 4085 1136 4152 ferunt,
1170 4087 1299 4156 quid
1342 4088 1540 4140 mirum
1577 4087 1624 4142 si
1665 4088 1976 4142 irascuntur
2027 4089 2094 4142 iis

532 4175 623 4244 qui
654 4190 840 4230 eorum
878 4176 1106 4232 hmresin
1135 4178 1202 4232 de
1245 4179 1423 4232 medio
1454 4178 1686 4231 tollunt?
1714 4176 1832 4231 Non
1859 4177 2003 4231 enim
2031 4192 2092 4232 ea

535 4265 694 4318 verba
729 4264 836 4320 illis
863 4266 1118 4321 seandalo
1155 4276 1303 4333 sunt,
1331 4268 1424 4322 sed
1458 4267 1656 4332 dolori,
1682 4266 1826 4336 quod
1855 4267 2010 4336 quasi
2038 4267 2092 4319 in

2422 3631 2572 3684 Ἐπεὶ
2624 3632 2818 3701 (καλὸν
2882 3632 2990 3704 γάρ
3053 3634 3250 3696 αὐτοὺς
3297 3633 3517 3705 ἐρέσθαι
3562 3634 3787 3705 τοῦτο,)

2205 3725 2414 3785 εἴπατε,
2475 3723 2618 3785 τίνες
2663 3723 2833 3788 εἰσιν,
2897 3723 2991 3786 οὒς
3043 3725 3441 3794 προφασίζεσθε
3497 3725 3790 3780 σκανδαλί-

2205 3813 2389 3878 ζεσθαι
2425 3813 2518 3865 xui
2561 3813 2901 3883 θορυϐεῖσθαι
2953 3817 3044 3869 ἐπὶ
3082 3818 3325 3884 τούτοις;
3367 3818 3485 3871 Τῶν
3529 3820 3632 3890 μὲν
3671 3821 3786 3892 γὰρ

2203 3903 2566 3957 εὐσεϐούντων
2612 3907 2691 3967 είς
2733 3906 2822 3958 τὸν
2848 3908 3078 3978 Χριστὸν
3103 3907 3278 3971 οὐδεὶς
3302 3948 3316 3972 ,
3365 3908 3504 3964 αὐτὰ
3670 3912 3785 3983 γάρ

2202 3995 2560 4067 πρεσϐεύουσι
2614 3997 2707 4048 xui
2749 3997 3072 4051 ὲκδικοῦσιν.
3126 4000 3189 4052 Ei
3233 3999 3288 4052 δὲ
3332 4001 3438 4053 τῶν
3483 4002 3785 4072 Ἀρειανῶν

2201 4086 2337 4138 εἰσιν
2363 4086 2410 4137 οἱ
2431 4084 2588 4138 τοῦτο
2632 4085 2930 4156 πάσχοντες
2949 4127 2964 4152 ,
2992 4089 3044 4140 τί
3073 4089 3381 4160 θαυμαστὸν
3400 4130 3414 4154 ,
3444 4091 3492 4144 εί
3512 4093 3623 4144 ,ἐπὶ
3665 4095 3783 4157 τοῖς

2201 4175 2511 4247 ἀναιροῦσιν
2571 4176 2748 4229 αὐτῶν
2807 4177 2906 4248 τὴν
2953 4180 3162 4249 αἵρεσιν
3206 4180 3498 4251 άχθονται;
3546 4185 3620 4236 Οὐ
3667 4187 3781 4257 γάρ

2201 4272 2346 4322 ἐστιν
2395 4267 2575 4332 αὐτοῖς
2599 4269 2890 4323 σκάνδαλον
2910 4270 2977 4323 τὰ
3003 4272 3224 4342 ῥήματα
3242 4291 3255 4303 ·
3287 4273 3424 4327 ἀλλὰ
3585 4272 3734 4342 λύπη
3761 4319 3776 4337 ,

531 4357 689 4426 cippo
719 4358 986 4428 insculpta
1031 4375 1184 4412 suam
1228 4359 1459 4413 haaresin
1508 4359 1811 4414 traducant.
1854 4358 2095 4414 Desinite

2206 4361 2277 4412 ὅτι
2306 4357 2677 4429 στηλογραφία
2706 4359 2846 4412 κατὰ
2862 4361 2960 4429 τῆς
2976 4361 3224 4425 ἀσεϐείας
3251 4363 3430 4416 αὐτῶν
3451 4367 3616 4416 ἐστιν.
3639 4366 3776 4418 Οὐκ-

533 4455 697 4525 igitur
724 4454 984 4510 adversus
1015 4453 1206 4508 Patres
1237 4463 1454 4508 nostros
1696 4455 1800 4508 hac
1834 4454 1899 4508 de
1930 4468 2095 4508 causa

534 4547 947 4604 obmurmurare
979 4563 992 4596 :
1033 4543 1236 4613 alioqui
1271 4553 1466 4611 restat,
1504 4553 1562 4598 ut
1612 4560 1829 4599 crucem
1878 4558 2098 4613 quoque

537 4635 874 4689 Dorninicam
907 4635 1221 4705 vituperelis
1244 4678 1257 4702 ,
1299 4636 1444 4705 quod
1483 4649 1546 4690 ea
1582 4633 1787 4690 Judreis
1831 4635 1901 4690 sit
1936 4650 2096 4689 scan-

533 4726 740 4790 dalum,
764 4724 1012 4795 gentibus
1049 4732 1228 4786 autem
1254 4725 1506 4793 stultitia,
1535 4737 1594 4782 ut
1623 4725 2091 4796 dixitApostolus.

533 4817 729 4872 Verum
769 4819 1224 4887 quemadmodum
1264 4835 1396 4874 crux
1433 4823 1574 4875 mala
1620 4837 1728 4875 non
1774 4830 1890 4882 est,
1938 4822 2094 4874 nobis

529 4897 670 4952 enim
702 4898 792 4967 qui
821 4898 1114 4961 credimus,
1148 4916 1166 4948 ι
1207 4897 1460 4953 Christus
1492 4909 1572 4954 est
1597 4897 1690 4952 Dei
1721 4898 1892 4954 virtus
1920 4909 1972 4954 et
2007 4899 2099 4954 Dei

529 4985 792 5054 sapientia
825 4986 844 5017 '
878 5026 892 5050 ,
935 5005 953 5038 ι
992 4985 1202 5040 etiamsi
1234 4983 1401 5040 εἰσιιωί
1433 4988 1744 5053 insaniant;
1779 4990 1848 5042 ita
1884 5004 2101 5057 quoque

529 5075 749 5130 Patrum
781 5077 945 5132 verba
978 5093 1082 5131 non
1114 5093 1388 5145 perversa,
1436 5079 1528 5132 sed
1562 5078 1712 5133 utilia
1748 5090 1872 5134 sunt
1904 5081 1970 5135 iis
2009 5081 2100 5150 qui

529 5180 687 5234 aquo
716 5167 900 5220 animo
934 5182 996 5220 ea
1047 5165 1272 5234 legunt,
1332 5170 1557 5237 ipsaque
1609 5184 1825 5223 onmem
1876 5171 2101 5224 omnino

529 5254 816 5309 destruunt
866 5256 1230 5325 impietatem:
1286 5258 1536 5326 quamvis
1587 5257 1774 5313 Ariani
1826 5259 2100 5314 multoties

529 5343 961 5414 disrunipantur,
999 5345 1144 5415 quod
1169 5361 1287 5400 sese
1309 5347 1378 5400 ab
1404 5345 1509 5401 illis
1543 5347 1830 5401 damnatos
1859 5346 2096 5400 videant.

528 5432 970 5492 Demonstratnm
1012 5439 1194 5507 itaque
1221 5447 1304 5492 est
1342 5437 1486 5490 illam
1540 5439 1778 5493 scandali
1814 5453 1976 5508 quam
2020 5437 2102 5490 af-

609 5593 627 5624 ¹
665 5592 856 5646 Matth.
886 5609 973 5660 xv,
1011 5594 1099 5648 i3.
1177 5597 1196 5626 ⁸
1232 5593 1247 5646 l
1279 5595 1402 5652 Cor.
1442 5612 1478 5659 ι,
1507 5594 1600 5648 24.

2200 4449 2294 4503 οὖν
2325 4449 2605 4503 παύσασθε
2647 4450 3005 4518 γογγύζοντες
3050 4453 3189 4506 κατὰ
3232 4452 3340 4504 τῶν
3367 4454 3650 4524 Πατέρων,
3683 4456 3778 4507 καὶ

2198 4541 2421 4595 τοιαῦτα
2446 4541 2946 4614 προφασιζόμενοι·
2982 4545 3103 4597 ἐπεὶ
3139 4544 3258 4616 ὥρα
3296 4544 3440 4614 ὑμᾶς
3479 4545 3776 4615 καταμέμ-

2199 4633 2393 4702 φεσθαι
2431 4636 2526 4688 xui
2563 4633 2639 4704 τῷ
2662 4635 2911 4706 κυριακῷ
2933 4635 3148 4706 σταυρῷ
3181 4671 3197 4696 ,
3351 4637 3434 4689 ὅτι
3495 4635 3774 4700 Ἰουδαίοις

2201 4726 2300 4796 μὲν
2329 4726 2621 4781 σκάνδαλόν
2655 4729 2837 4792 ἐστιν,
2873 4726 3048 4779 ἔθνεσι
3078 4727 3134 4778 δὲ
3177 4727 3356 4800 μωρία
3379 4765 3395 4790 ,
3435 4721 3707 4790 ὡς,εϊπεν
3743 4730 3773 4783 ό

2210 4817 2543 4880 Ἀπόστολος.
2593 4819 2730 4870 Ἀλλ’
2753 4818 2940 4888 ὥσπερ
2969 4818 3028 4870 οὐ
3053 4817 3251 4885 φαῦλος
3273 4821 3300 4871 ό
3332 4819 3562 4881 σταυρὸς
3585 4836 3598 4849 ·
3637 4821 3772 4888 ἡμῖν

2193 4897 2301 4969 γὰρ
2331 4899 2440 4960 τοῖς
2483 4899 2825 4953 πιστεύουσιν
2871 4902 2986 4954 ἐστι
3020 4919 3037 4950 ι
3075 4901 3308 4972 Χριστὸς
3345 4902 3478 4957 θεοῦ
3518 4902 3769 4974 δύναμις.

2194 4987 2287 5038 xui
2319 4985 2451 5038 Θεοῦ
2477 4987 2658 5055 σοφία,
2692 5007 2709 5038 ι
2739 4988 2840 5042 κᾶν
2877 4990 3115 5043 Ἰουδαῖοι
3150 4991 3468 5060 μαίνωνταιο
3503 4992 3680 5056 οὕτως
3710 4995 3768 5045 οὐ

2195 5075 2372 5142 φαῦλα
2403 5077 2470 5128 τὰ
2489 5077 2596 5128 τῶν
2624 5077 2879 5148 Πατέρων
2921 5081 3164 5150 ῥήματα,
3200 5081 3314 5134 ἀλλ’
3359 5080 3613 5151 ὠφέλιμα
3663 5083 3770 5144 τοῖς

2194 5168 2428 5237 γνησίως
2462 5169 2864 5238 ἐντυγχάνουσι,
2923 5173 3013 5223 καὶ
3063 5172 3382 5244 ἀναιρετικά
3430 5173 3612 5244 πάσης
3655 5175 3766 5226 ἀσε-

2195 5256 2344 5322 ϐείας
2372 5259 2507 5321 ἐστὶ,
2539 5261 2637 5314 κᾶν
2659 5263 2707 5313 οἱ
2753 5261 3017 5332 Ἀρειανοι
3063 5264 3322 5329 πολλάκις
3359 5264 3766 5335 διαῤῥηγνύων-

2193 5367 2302 5410 ται,
2336 5351 2782 5421 κατακρινόμενοι
2815 5354 2946 5422 παρ’
2973 5354 3170 5408 αὐτῶν.
3203 5356 3332 5408 ’Ὀτε
3362 5356 3541 5407 τοίνυν
3581 5356 3613 5428 ἡ
3645 5353 3768 5425 περὶ

2193 5441 2300 5493 τῶν
2359 5441 2858 5511 σκανδαλιζομέυων
2925 5444 3189 5507 ἀπίθανος
3234 5443 3504 5499 δέδεικται
3565 5446 3769 5516 πρόφα-
