4008 6208
541 292 650 354 tibi}

543 441 642 493 l;us
678 454 1105 498 annumeraret:
1148 444 1239 498 sed
1277 443 1536 512 quoniam
1583 444 1736 496 multi
1786 461 1849 496 rx
1905 445 2093 498 timeris

2209 427 2254 476 οἱ
2305 425 2402 493 μὲν
2439 425 2656 493 νομίζου

2216 494 2226 514 κ

540 530 856 587 existimant
890 533 1134 597 fortuito,
1163 545 1215 588 et
1237 550 1301 587 ex
1332 544 1641 588 atomorum
1880 538 2098 604 compli-

539 625 772 688 catione,
811 639 880 678 ac
909 640 972 677 ex
1016 624 1349 679 similar-ibus
1382 625 1627 695 partibus
1673 633 1866 695 sponte
1919 641 2101 680 rerum

541 722 788 768 naturam
814 714 1094 768 coaluisse
1120 754 1134 779 ,
1181 729 1358 784 neque
1401 728 1678 772 auctorem
1741 718 1960 772 habere.
1999 717 2102 772 Alii

538 814 714 858 autem
744 805 812 858 ab
839 805 1021 874 aliqua
1046 821 1211 862 causa
1247 823 1346 862 nec
1375 817 1551 862 tamen
1589 825 1682 878 per
1712 809 1947 863 Verbum
1980 825 2101 863 eam

535 893 809 948 conditam
844 893 1199 949 arbitrantur.
1239 894 1485 966 Quisque
1523 905 1702 950 autem
1732 912 1796 950 ex
1831 896 2101 950 hmrelicis

533 984 798 1039 arbitratu
825 1000 924 1040 suo
953 1001 1037 1041 res
1064 987 1497 1042 comminiscitur
1519 989 1659 1042 etde
1691 1003 1872 1041 rerum
1908 996 2099 1040 natura

533 1075 827 1132 fabulatur.
891 1075 1232 1148 Quapropter
1278 1095 1345 1134 ex
1426 1082 1748 1134 necessitate
1809 1080 2102 1149 Apostolus

530 1171 668 1224 dixit
701 1212 716 1235 ,
755 1196 771 1222 ι
805 1187 868 1225 ex
899 1171 1005 1227 Deo
1061 1171 1075 1199 ¹
1106 1210 1120 1234 ,
1161 1191 1178 1222 ι
1205 1181 1263 1226 ιιι
1293 1171 1551 1228 factorem
1585 1182 1770 1226 notum
1805 1171 2025 1238 faceret,
2047 1182 2101 1228 et

531 1263 774 1316 ninnium
803 1264 1131 1318 creationem
1158 1281 1222 1318 ex
1251 1264 1667 1342 ejusvoluntate
1697 1264 1896 1320 factam
1923 1267 2097 1322 decla-

532 1363 692 1408 raret.
741 1355 932 1408 Statim
961 1371 1086 1424 ergo
1117 1355 1311 1410 infert:
1487 1372 1629 1411 unus
1656 1356 1916 1412 Dominus
1939 1357 2101 1414 Jesus

528 1445 804 1510 Christus,
827 1461 921 1514 per
947 1462 1107 1516 quem
1143 1429 1422 1512 omniaf',
1466 1467 1483 1499 ι
1531 1457 1588 1503 ut
1626 1465 1690 1502 ex
1725 1451 1978 1506 omnibus
2010 1449 2102 1503 Fi-

527 1535 663 1589 lium
689 1536 959 1604 exciperet
985 1552 1000 1600 ;
1032 1551 1153 1603 quae
1179 1535 1324 1590 enim
1345 1535 1436 1590 Dei
1467 1551 1588 1590 esse
1611 1536 1885 1599 dicuntur,
1915 1538 2098 1590 omnia

527 1641 626 1694 per
655 1625 856 1680 Filium
886 1625 1024 1680 facta
1049 1634 1176 1680 sunt
1209 1643 1224 1680 :
1261 1640 1360 1681 nec
1397 1625 1510 1680 ﬁeri
1540 1638 1646 1694 pot:
1667 1635 1714 1680 st
1758 1637 1970 1682 creatas
2011 1643 2100 1684 res

1783 291 2163 352 EUTIIYMH
2208 291 2375 348 ZIGA
2391 289 2559 347 BENI

3673 289 3793 349 im

2669 442 2714 476 σε
2773 425 2910 478 κειτᾶ
2965 425 3131 496 τύχην
3177 425 3266 478 καὶ
3317 423 3375 490 ἐξ
3565 427 3795 496 ἀτόμων

2211 518 2544 588 συμπλοκῆς,
2581 519 2668 570 καὶ
2701 517 3037 588 ὀμοιομερῶς
3071 521 3132 570 ὲκ
3155 520 3492 589 ταυτομᾲτου
3528 521 3799 573 συνεστά-

2206 628 2291 662 ναι
2327 611 2436 681 ¹’τὴν
2487 609 2680 674 κτίσιν,
2735 611 2829 663 καὶ
2866 611 2939 679 μὴ
2975 611 3115 681 ἔχειν
3158 611 3247 664 τὸν
3285 613 3486 664 αἴτιον·
3535 613 3584 664 οἱ
3638 612 3696 666 δὲ
3725 614 3796 679 ἐξ

2203 702 2374 755 αἰτίου
2405 686 2500 772 μὲν
2540 703 2709 772 αὐτὴν
2737 702 3035 770 γεγονέναι,
3063 703 3124 754 οὐ
3158 703 3265 772 μὴν
3301 701 3393 756 καὶ
3438 703 3524 757 διὰ
3554 703 3648 757 τοῦ
3682 705 3798 758 Λό-

2202 809 2330 859 γου·
2364 791 2471 845 τῶν
2518 792 2575 844 δὲ
2609 793 2899 863 αἱρετικῶν
2933 793 3184 856 ἕκαστος,
3244 794 3319 848 ὼε
3378 793 3643 863 ἠθέλησεν
3686 798 3796 852 ἀν-

2201 882 2489 944 επλάσατο,
2529 885 2622 935 καὶ
2667 883 2920 954 περὶτῆς
2970 883 3201 944 κτίσεως
3235 884 3550 952 μυθολογεί·
3592 885 3793 938 τούτου

2200 976 2358 1047 χάριν
2393 975 2422 1027 ὁ
2465 974 2785 1035 Ἀπὸστολος
2827 974 3135 1042 ἀναγκαίως
3192 976 3479 1045 συνείρηκε
3526 977 3620 1039 τὸ,
3661 997 3677 1028 ι
3724 979 3796 1030 ἐκ

2199 1068 2292 1120 τοῦ
2317 1066 2452 1120 Θεοῦ
2478 1084 2490 1098 ⁸
2530 1085 2546 1118 ι
2582 1068 2668 1119 ἴνα
2701 1065 2795 1118 καὶ
2814 1067 2904 1118 τὸν
2932 1067 3160 1137 ποιητὴν
3175 1067 3438 1139 γνωρίσῃ,
3471 1069 3564 1120 καὶ
3591 1069 3689 1138 τὴν
3723 1071 3796 1122 ἐκ

2198 1158 2289 1211 τοῦ
2326 1157 2662 1228 βουλήματος
2685 1157 2848 1210 αὐτοῦ
2879 1157 2987 1209 τῶν
3024 1159 3237 1211 πάντων
3264 1158 3622 1229 δημιουργίαν
3652 1164 3791 1213 ἀπο·

2197 1250 2346 1321 δείξῃ
2364 1266 2376 1279 ·
2408 1251 2566 1312 εὐθὺς
2591 1249 2722 1316 γοῦν
2743 1249 3014 1320 ἐπιφέρει,
3040 1269 3058 1299 ί
3084 1249 3194 1303 Καὶ
3226 1243 3305 1312 εἷς
3333 1250 3536 1322 Κύριος
3573 1251 3785 1318 Ἰησοῦς

2201 1342 2452 1413 Χριστὸς,
2487 1342 2553 1395 δι’
2580 1334 2640 1394 οὗ
2667 1341 2734 1394 τὰ
2769 1342 2965 1404 πάντα,
3009 1361 3026 1391 ι
3064 1341 3148 1393 ἵνα
3188 1341 3294 1394 τῶν
3347 1342 3560 1395 πάντων
3610 1343 3787 1415 ἐξάρῃ

2197 1433 2287 1487 τὸν
2315 1434 2440 1487 Υἱόν
2461 1452 2472 1463 ·
2497 1434 2564 1486 τὰ
2597 1433 2705 1504 γὰρ
2737 1433 2830 1487 τοῦ
2863 1433 2997 1486 Θεοῦ
3030 1433 3297 1502 λεγόμενα
3321 1473 3336 1496 ,
3386 1435 3560 1487 πάντα
3606 1435 3785 1488 ταῦτα

2198 1526 2262 1578 δι’
2297 1526 2424 1578 Υἱοῦ
2449 1525 2669 1594 γέγονε·
2701 1525 2793 1578 καὶ
2827 1525 2924 1594 οὐχ
2958 1521 3068 1577 οἶόν
3108 1542 3168 1577 τε
3212 1523 3339 1594 μίαν
3517 1524 3660 1595 ἔχειν
3711 1527 3785 1580 τὰ

2198 1617 2671 1688 δημιουργούμενα
2699 1616 2776 1686 τῷ
2803 1615 3222 1688 δημιουργοῦντι
3250 1618 3349 1686 τὴν
3393 1618 3603 1685 γένεσιν
3633 1636 3645 1647 ·
3687 1620 3788 1672 καὶ

523 1715 792 1781 eamdem,
823 1733 982 1786 quam
1018 1724 1338 1778 creatorem,
1364 1717 1559 1771 habere
1582 1720 1981 1788 generationem
2007 1737 2020 1785 ;
2048 1729 2093 1774 et

2201 1708 2287 1763 ἵνα
2315 1709 2394 1771 τὸ,
2436 1727 2453 1757 ι
2497 1711 2560 1760 ἐκ
2599 1707 2690 1760 τοῦ
2723 1707 2878 1770 Θεοῦ,
2917 1726 2934 1758 ι
2966 1707 3256 1776 λεγόμενον
3283 1701 3403 1770 ὧδε,
3459 1708 3633 1772 ἄλλως
3686 1711 3786 1763 ἐπὶ

529 1815 584 1860 ιιι
608 1781 1003 1869 doceret-illud,
1030 1825 1049 1858 ί
1072 1823 1133 1862 ex
1166 1807 1296 1872 Deo,
1319 1827 1338 1860 ι
1359 1808 1501 1877 quod
1526 1781 1614 1864 hic
1640 1810 1860 1875 dicitur,
1881 1811 1984 1866 alia
2017 1829 2093 1866 ra-

2201 1797 2308 1852 τῶν
2330 1798 2648 1868 ποιημάτων
2677 1797 2806 1850 αὐτὸ

516 1899 676 1952 tione
721 1898 787 1952 de
831 1897 1091 1967 opiﬁciis,
1125 1899 1228 1952 alia
1260 1897 1327 1954 de
1359 1897 1499 1954 Filio
1534 1901 1778 1970 intelligi.
1815 1901 1948 1956 Nam
2011 1904 2098 1960 hic

518 1989 726 2058 proles,
763 1988 852 2043 illa
905 2005 1053 2053 vero,
1085 1989 1295 2059 opiﬁcis
1344 2001 1490 2046 sunt.
1547 1990 1779 2062 Ideoque
1814 1993 1982 2049 Filius
2014 2006 2098 2051 est

527 2079 779 2147 proprius
832 2079 1152 2134 substantia:
1195 2078 1359 2148 fetus,
1416 2082 1505 2137 illa
1547 2093 1764 2150 autem,
1803 2087 2096 2143 voluntatis

527 2180 810 2225 ςιρίὶιιιτεη.

718 2261 843 2318 llaec
890 2280 1014 2319 cum
1050 2266 1166 2335 ipsa
1209 2267 1450 2338 synodus
1505 2268 1994 2340 animadverteret,
2033 2289 2096 2330 ac

523 2365 868 2424 perspectum
905 2356 1128 2412 traheret
1147 2356 1390 2428 ejusdem
1417 2360 1668 2416 vocabuli
1697 2363 1943 2420 diversas
1975 2380 2097 2422 esse

525 2445 978 2514 signiﬁcationes;
1039 2462 1104 2502 ne
1161 2448 1383 2517 quidam
1439 2451 1851 2520 suspicarentur
1899 2453 2092 2509 Filium

527 2534 619 2589 Dei
652 2551 716 2591 ex
753 2534 863 2590 Deo
905 2536 1012 2590 dici
1062 2538 1282 2606 perinde
1325 2548 1488 2608 atque
1537 2526 1840 2610 creaturas,
1895 2533 2094 2601 clarius

525 2625 814 2696 scripsere,
831 2624 1030 2682 Filium
1051 2643 1117 2682 ex
1148 2629 1454 2684 substantia
1482 2631 1574 2685 Dei
1598 2649 1718 2688 esse
1743 2651 1755 2686 :
1789 2635 1916 2690 hinc
1939 2651 2094 2690 nam-

519 2733 628 2787 que
662 2734 788 2774 vere
843 2735 1160 2791 germanum
1202 2720 1380 2778 Patris
1409 2739 1529 2778 esse
1567 2723 1762 2780 Filium
1799 2727 2090 2784 indicatur.

523 2807 603 2862 Ex
629 2823 695 2863 eo
713 2820 892 2864 autem
911 2813 1053 2880 quod
1079 2812 1625 2880 simpliciterdieitnr,
1653 2837 1671 2867 ι
1696 2832 1758 2870 ex
1781 2816 1910 2883 Deo,
1947 2839 1964 2872 ι
1998 2837 2093 2875 vo-

517 2892 696 2944 luntas
731 2895 992 2945 creatoris
1015 2893 1069 2946 in
1093 2893 1330 2946 creando
1362 2895 1724 2964 signiﬁcatur.
1755 2896 1882 2958 Sed,
1908 2900 2083 2960 aiunt,

510 2981 631 3036 inec
659 2979 862 3050 scripta
886 2997 994 3035 non
1026 2990 1174 3045 sunt,
1214 3002 1478 3056 vocesque
1512 2987 1650 3051 illas,
1683 2988 1826 3056 quod
1862 2989 1914 3041 in
1945 2989 2090 3043 Seri-

511 3072 690 3142 pturis
719 3087 826 3126 non
859 3071 1182 3138 habeantur,
1226 3076 1524 3145 rejicimus.
1566 3076 1669 3132 Sed
1718 3078 1857 3133 hanc
1895 3080 1966 3132 illi
2000 3096 2089 3134 ca-

511 3160 847 3215 villationem
868 3161 1337 3230 impudentissime
1359 3165 1660 3234 proferunt.
1681 3167 1733 3220 Si
1756 3168 1900 3222 enim
1931 3169 2090 3222 verba
2128 3149 2168 3204 Ο

510 3269 624 3308 non
654 3255 856 3324 scripta
898 3262 1091 3324 putant
1138 3256 1451 3326 rejicienda,
1482 3275 1651 3330 quare
1695 3261 1824 3315 Ario
1855 3278 1961 3315 non
1989 3264 2092 3316 ob-

510 3345 710 3400 sistunt
730 3384 744 3409 ,
769 3345 858 3415 qui
889 3354 967 3400 tot
988 3350 1434 3416 sententiolarum
1454 3367 1572 3418 quae
1595 3352 1646 3404 in
1666 3351 1960 3422 Scripturis
1983 3368 2090 3406 non

512 3435 781 3490 habentur
803 3435 1087 3490 colluviem
1112 3439 1469 3509 excogitavit:
1500 3442 1687 3510 quales
1709 3453 1856 3506 sunt,
1889 3442 1959 3495 Ex
1981 3458 2090 3494 non

511 3526 891 3591 exstantibus;
940 3537 1014 3591 et,
1045 3527 1161 3582 Non
1209 3539 1325 3584 erat
1363 3531 1532 3586 Filius
1571 3546 1856 3600 antequam
1901 3537 2091 3604 gigne-

513 3629 705 3681 retur;
738 3626 812 3680 et,
846 3617 972 3671 Erat
1018 3628 1228 3688 tempus
1253 3635 1360 3689 quo
1389 3621 1503 3676 Non
1529 3635 1682 3688 erat;
1713 3635 1792 3687 et,
1821 3624 2090 3679 Mutabilis

508 3717 631 3772 est;
666 3718 740 3773 et,
779 3699 1072 3764 lnell'abilis
1100 3720 1156 3763 et
1179 3711 1465 3768 invisibilis
1503 3723 1588 3768 est
1620 3716 1778 3769 Pater
1806 3714 1976 3779 Filio;
2009 3725 2084 3778 et,

511 3797 681 3853 Filius
735 3815 844 3853 non
896 3802 1048 3856 novit
1101 3817 1252 3857 suam
1302 3805 1682 3870 substantiam,
1733 3817 1784 3863 e-t
1819 3811 2092 3877 quaslibrt

508 3885 640 3940 alias
669 3886 789 3955 ejus
817 3890 1134 3956 sententias,
1152 3907 1288 3960 quas
1321 3893 1375 3946 in
1409 3893 1637 3956 ridicula
1672 3906 1729 3950 et
1755 3896 1919 3966 impia
1945 3899 2090 3952 Tha-

512 3975 576 4028 lia
605 3991 702 4028 sua
724 3978 1128 4042 evomuit;imo
1157 3982 1335 4049 potius
1353 3997 1448 4036 eas
1475 3983 1549 4037 illi
1579 3999 1946 4058 prapugnant,
1971 4008 2089 4058 qua:

508 4081 671 4121 causa
702 4068 811 4122 illis
869 4076 950 4123 est
985 4077 1047 4123 ut
1093 4086 1218 4125 cum
1249 4071 1500 4129 Patribus
1530 4077 1692 4130 etiam
1726 4078 1840 4132 suis
1899 4081 2090 4135 decer-

511 4162 644 4207 tent.
679 4154 785 4210 Aut
829 4172 949 4221 cur,
980 4173 1103 4214 eum
1134 4161 1508 4229 inEnczeniis,
1544 4175 1602 4219 ut
1643 4178 1857 4230 vocant,
1901 4172 2080 4227 verbis

509 4259 574 4299 ex
595 4241 872 4314 Scriptura
894 4263 1002 4302 non
1022 4249 1324 4320 desumptis
1351 4255 1430 4308 usi
1459 4257 1690 4311 Aeacius
1709 4267 1762 4312 et
1788 4257 2074 4326 Eusebius,

511 4334 746 4389 dixerint
779 4337 1202 4407 primogenitum
1233 4355 1494 4400 creaturae
1525 4362 1645 4402 esse
1693 4350 1811 4404 sine
1845 4349 2086 4406 dissimi-

514 4422 745 4480 litudine
774 4427 1063 4500 imaginem
1099 4433 1440 4500 substantiae,
1471 4440 1748 4505 potentia,
1773 4441 1991 4496 consilii
2035 4449 2091 4498 et

2989 1797 3348 1868 σημαίνεσθαι
3386 1797 3595 1870 διδάξῃ,
3633 1800 3667 1870 ἧ
3705 1801 3789 1864 ὡς

2201 1888 2293 1941 ἐπὶ
2324 1886 2451 1940 Υίοῦ
2481 1887 2773 1957 λεγόμενον
2797 1889 3016 1940 νοεῖται.
3065 1887 3120 1941 '0
3158 1887 3257 1957 μὲν
3279 1889 3387 1958 γὰρ
3407 1888 3675 1959 γέννημα,
3711 1890 3788 1941 τὰ.

2198 1978 2254 2032 δὲ
2291 1980 2569 2049 ποιήματὰ
2592 1980 2728 2030 ἐστι.
2761 1978 2849 2030 Διὸ
2877 1977 2969 2030 καὶ
2991 1979 3018 2029 ὁ
3045 1977 3142 2048 μὲν
3161 1977 3283 2041 Υἱὸς
3309 1978 3437 2030 ίδιον
3463 1978 3558 2048 τῆς
3590 1979 3786 2043 οὐσίας

2198 2069 2462 2140 γέννημα,
2492 2074 2558 2122 τὰ
2589 2070 2645 2122 δὲ
2683 2068 3018 2138 βουλήματος
3188 2069 3663 2140 δημιουργήματα.

2390 2278 2573 2332 Ταῦτα
2629 2278 2779 2348 καὶὴ
2836 2276 3048 2341 σύνοδος
3104 2275 3405 2348 συνορῶσα,
3461 2276 3554 2330 καὶ
3601 2278 3781 2331 εἰδυῖα

2194 2371 2296 2441 τὴν
2325 2371 2390 2424 ἐκ
2418 2370 2517 2440 τῆς
2541 2369 2854 2440 ὁμωνυμίας
2883 2369 3171 2439 διαφορίαν
3213 2405 3229 2430 ,
3379 2368 3517 2438 ὑπὲρ
3564 2367 3658 2422 τοῦ
3696 2370 3774 2439 μή

2195 2479 2347 2524 τινας
2386 2463 2630 2514 ὑπονοεῖν
2665 2461 2802 2512 κατὰ
2850 2461 2949 2530 τὴν
2982 2459 3159 2512 κτίσιν
3187 2458 3328 2512 οὕτω
3381 2459 3633 2526 λέγεσθαι
3681 2462 3778 2511 καὶ

2193 2552 2284 2605 τὸν
2318 2553 2441 2604 Υίὸν
2489 2552 2550 2603 ὲκ
2607 2549 2699 2603 τοῦ
2751 2550 2908 2612 Θεοῦ,
2943 2550 3260 2620 λευκότερον
3287 2550 3528 2620 ἔγραψαν
3578 2553 3642 2603 ὲκ
3675 2551 3779 2620 τῆς

2192 2645 2378 2706 οὐσίας
2411 2644 2503 2696 τὸν
2532 2643 2673 2696 Υἱόν.
2707 2643 2800 2694 Ἑκ
2829 2642 2925 2710 μὲν
2951 2642 3058 2710 γὰρ
3098 2639 3286 2692 τούτου
3304 2640 3365 2692 τὸ
3393 2642 3612 2709 γνήσιον
3639 2641 3778 2709 ἀλη-

2193 2737 2300 2800 θῶς
2331 2735 2461 2789 Υίοῦ
2513 2735 2650 2806 πρὸς
2683 2733 2773 2787 τὸν
2816 2733 3034 2802 Πατέρα
3071 2730 3428 2801 γνωρίζεταιο
3485 2733 3548 2782 ὲκ
3586 2731 3642 2782 δὲ
3678 2730 3777 2782 τοῦ

2191 2825 2312 2893 λέγε
2321 2826 2438 2878 σθαι
2455 2823 2641 2887 ἁπλῶς
2656 2842 2672 2874 ι
2684 2824 2747 2874 ἐκ
2761 2820 2850 2873 τοῦ
2867 2819 3019 2884 Θεοῦ,
3034 2838 3052 2871 ι
3073 2819 3133 2872 τὸ
3149 2818 3393 2890 βούλημα
3407 2819 3782 2888 τῆςδημιουρ-

2198 2899 2322 2964 γίας
2352 2900 2445 2952 τοῦ
2483 2902 2759 2966 κτίζοντος
2801 2903 3145 2971 σημαίνεται.
3184 2905 3322 2958 Ἀλλ’
3356 2908 3418 2958 οὐ
3467 2909 3788 2978 γέγραπται

2195 2990 2391 3055 ταῦτα,
2428 2993 2613 3060 φασὶν,
2652 2994 2744 3046 καὶ
2775 2993 2850 3056 ὠς
2889 2995 3175 3064 ἀγράφους
3212 2996 3313 3060 τὰς
3366 2999 3548 3066 φωνὰς
3576 2999 3780 3053 ἐκϐάλ-

2195 3082 2382 3149 λομεν.
2428 3084 2590 3136 Ἀλλά
2622 3085 2715 3137 καὶ
2763 3083 2923 3146 τοῦτο
2958 3087 3119 3162 πάλιν
3167 3087 3443 3157 πρόφασίς
3481 3092 3633 3144 ἐστιν
3682 3093 3787 3146 αὐ-

2195 3177 2307 3236 τοῖς
2332 3177 2706 3246 ἀναίσχυντος.
2740 3179 2801 3229 Εἰ
2829 3179 2935 3249 γὰρ
2967 3179 3237 3250 ἐκϐλητέα
3288 3182 3567 3250 νομίξουσι
3595 3185 3666 3237 τὰ
3699 3184 3784 3253 μὴ

2194 3269 2574 3336 γεγραμμένα,
2622 3270 2710 3321 διὰ
2737 3270 2788 3320 τί
2837 3270 2944 3320 τῶν
3000 3273 3127 3340 περὶ
3157 3273 3376 3342 Ἀρειον
3408 3271 3470 3336 ἑξ
3507 3275 3782 3342 ἀγράφων

2194 3360 2593 3428 ἐπινοησὰντων
2639 3361 2888 3413 τοσοῦτον
2920 3363 3199 3430 ῥηματίων
3243 3365 3528 3432 συρφετὸν,
3565 3365 3648 3424 τὸ.
3684 3366 3783 3431 Ἐξ

2193 3450 2292 3501 οὐκ
2342 3451 2533 3511 ὅντων,
2571 3451 2664 3503 καὶ
2701 3451 2780 3510 τὸ.
2821 3453 2933 3504 Οὐκ
2961 3449 3028 3522 ἦν
3063 3454 3091 3504 ὁ
3146 3453 3272 3516 Tit;
3323 3457 3450 3523 πρὶν
3495 3457 3733 3527 γεννηθῇ
3765 3472 3784 3489 ο

2195 3542 2306 3603 καὶ,
2341 3537 2449 3594 Ἦν
2481 3559 2630 3604 ποτε,
2669 3544 2754 3595 ὅτε
2789 3544 2888 3596 οὐκ
2924 3538 2991 3612 ἦν
3015 3559 3027 3573 ·
3065 3543 3445 3611 καὶ,’ῐ’ρεπτός
3467 3547 3582 3598 ἐστι
3605 3562 3620 3576 ·
3658 3549 3784 3611 καὶ,

2196 3633 2465 3703 Ἀρῤητος
2497 3634 2589 3685 καὶ
2616 3633 2848 3703 ἀόρατος
2877 3633 2904 3684 6
2929 3632 3115 3702 Πατὴρ
3133 3641 3211 3702 τῷ
3233 3635 3344 3704 Υῑῷ
3365 3651 3378 3665 ⁸
3408 3637 3523 3699 καὶ,
3556 3636 3615 3688 '0
3651 3638 3786 3700 Υἱὸς

2193 3723 2291 3775 οὐκ
2340 3718 2479 3776 οἶδεν
2533 3723 2654 3776 οὐδὲ
2703 3724 2802 3792 τὴν
2843 3725 3043 3778 ἑαυτοῦ
3084 3725 3275 3778 οὐσίαν
3309 3741 3322 3756 ·
3355 3727 3446 3777 καὶ
3478 3726 3579 3778 ὅσα
3617 3728 3677 3777 ὲν
3710 3729 3782 3796 τῇ

2191 3813 2385 3882 γελοίῳ
2425 3817 2519 3866 καὶ
2567 3815 2756 3866 ἀσεϐεῖ
2786 3815 2958 3886 Θαλία
3002 3816 3199 3868 ἑαυτοῦ
3254 3816 3466 3884 φρονῶν
3503 3816 3785 3885 ἐξήμεσεν

2195 3904 2410 3973 ’Ἄρειος
2457 3903 2556 3957 οὐκ
2606 3905 3017 3975 ἀντειρήκασιν,
3059 3906 3196 3958 ἀλλὰ
3246 3907 3339 3958 καὶ
3389 3907 3588 3972 μᾶλλον
3633 3908 3783 3976 ὑπὲρ

2190 3993 2368 4046 αὐτῶν
2402 3994 2777 4058 ἀγωνίζονται,
2808 3997 2902 4050 καὶ
2926 3997 3014 4050 διὰ
3051 3997 3221 4050 ταῦτα
3266 3997 3400 4066 πρὸς
3433 3997 3559 4059 τοὺς
3601 3998 3781 4050 Πατέ-

2194 4097 2294 4149 ρας
2325 4082 2536 4134 ἑαυτῶν
2573 4084 2952 4152 διαμάχονται.
2983 4088 3051 4138 Ἣ
3088 4086 3204 4149 πῶς
3237 4088 3295 4138 ὲν
3319 4089 3429 4149 τοῖς
3458 4087 3783 4154 λεγομένοις

2198 4173 2543 4238 Ἐγκαινίοις,
2587 4175 2854 4240 ἀγράφοις
2895 4176 3236 4248 χρησάμενοι
3304 4175 3508 4241 λέξεσιν
3549 4178 3598 4228 οἱ
3649 4178 3784 4245 περὶ

2199 4262 2449 4316 ’Λκάκιον
2484 4263 2575 4316 καὶ⁵
2612 4263 2887 4331 Εὐσέϐιον,
2920 4267 3012 4319 καὶ
3056 4268 3301 4329 εἰπόντες
3354 4267 3539 4329 οὐσίας
3585 4284 3645 4318 τε
3683 4269 3786 4320 aut

2197 4350 2498 4422 δυνάμεως,
2531 4356 2626 4408 καὶ
2669 4355 2887 4426 βουλῆς,
2916 4357 3010 4410 καὶ
3039 4357 3197 4425 δόξης
3244 4359 3670 4426 ἀπαράλλακτον
3701 4363 3784 4412 ei-

2199 4440 2325 4492 κὸνα
2355 4441 2446 4493 τὸν
2471 4443 2811 4511 πρωτότοκον
2841 4446 2940 4514 τῆς
2981 4446 3230 4510 κτίσεως,
3263 4449 3598 4516 γογγύζουσι
3635 4452 3782 4504 κατὰ

511 4514 717 4584 glorias,
749 4517 1008 4575 adversus
1060 4522 1247 4578 Patres
1291 4525 1400 4593 jam
1459 4529 1898 4593 obmurmurant.
1945 4537 2089 4602 quod

2197 4531 2304 4583 τῶν
2334 4533 2612 4603 Πατέρων,
2643 4536 2718 4603 ᾡς
2746 4511 3014 4606 ἀγράιρων
3045 4539 3223 4593 αὐτῶν
3277 4511 3782 4609 μνημονευσάντων

510 4607 803 4663 verborum
850 4625 970 4680 quae
1020 4612 1073 4666 in
1109 4612 1387 4683 Scriptura
1422 4634 1533 4673 non
1586 4633 1802 4676 exstant
1851 4627 2085 4680 mentio-

509 4715 635 4754 nem
669 4701 1322 4768 fecerint,etsubstantias
1369 4707 1553 4766 vocem
1603 4717 1959 4786 usurparint?
1990 4720 2090 4773 Par

507 4789 612 4846 fuit
648 4793 794 4848 enim
832 4808 927 4850 eos
961 4806 1053 4851 aut
1099 4808 1288 4854 contra
1334 4815 1393 4855 se
1433 4802 1578 4872 ipsos
1646 4807 2084 4880 obmurmurare,

507 4891 602 4936 aut
634 4882 766 4938 nihil
803 4884 986 4940 Patres
1014 4886 1313 4944 criminari.

583 4967 640 5025 Si
676 4972 840 5042 igitur
883 4975 1101 5044 quidam
1137 4979 1225 5032 alii
1275 4995 1342 5034 ex
1395 4984 1585 5054 synodi
1627 4988 1805 5044 verbis
1843 4994 2085 5048 occasio-

506 5078 634 5118 nem
676 5065 1002 5134 arriperent,
1057 5071 1296 5140 suspicio
1329 5083 1473 5128 esset
1519 5090 1613 5130 eos
1664 5081 1746 5134 vel
1784 5081 2085 5154 ignorantia

509 5156 594 5210 vel
633 5155 892 5226 religione
923 5159 976 5213 id
1023 5159 1242 5229 facere;
1274 5178 1454 5233 neque
1488 5182 1617 5222 vero
1663 5169 1753 5227 hic
1778 5188 1959 5230 sermo
1987 5177 2085 5231 ba-

507 5245 668 5302 betur
706 5247 773 5301 de
828 5245 1057 5323 Georgio
1103 5249 1443 5322 Cappadoee,
1472 5258 1566 5326 qui
1619 5259 1944 5319 Alexandria
1993 5283 2083 5321 ex-

511 5347 665 5394 actus
699 5348 805 5402 est.
833 5340 951 5394 viro
1001 5341 1093 5410 qui
1129 5357 1232 5397 nec
1285 5359 1349 5399 ex
1381 5351 1653 5416 praeterita
1703 5354 1822 5411 vita:
1871 5360 2082 5414 ratione

509 5431 941 5497 commendatur,
978 5449 1080 5490 nec
1119 5435 1228 5492 ullo
1271 5439 1431 5496 modo
1460 5441 1800 5504 Christianus
1826 5460 1950 5506 est:
1985 5454 2078 5508 sed

511 5529 731 5590 propter
759 5525 1240 5593 opportunitatem,
1274 5527 1568 5591 Christiani
1605 5552 1799 5595 nomen
1827 5541 2079 5599 simulate

584 5697 601 5728 ¹
640 5697 658 5750 ι
701 5697 822 5753 Cor.
862 5719 976 5767 vui,
1014 5706 1062 5758 6.
1141 5710 1160 5738 ’
1200 5710 1329 5765 ibid.

2197 4621 2413 4689 λέξεων,
2444 4625 2536 4677 καὶ
2565 4627 2756 4690 οὐσίας
2799 4629 3325 4698 μνημονευσάντωνς
3369 4633 3520 4686 Ἔδει
3550 4635 3661 4704 γὰρ
3688 4640 3784 4688 αὐο

2195 4714 2320 4774 τούς
2349 4714 2381 4784 ἢ
2421 4715 2540 4768 καθ’
2582 4717 2791 4771 ἑαυτῶν
2835 4718 3150 4787 γογγύζειν,
3184 4721 3218 4792 ἢ
3247 4723 3413 4792 μηδὲν
3441 4724 3570 4786 τοὺς
3599 4726 3781 4778 Πατέ-

2198 4817 2296 4868 ρας
2322 4805 2618 4860 αἰτιᾶσθαι.

2273 5001 2333 5056 Εἰ
2395 5005 2492 5074 μὲν
2523 5005 2620 5060 οῦν
2664 5007 2815 5061 ἄλλοι
2868 5011 3013 5073 τινὲς
3056 5014 3485 5084 ὲπροφασίξοντο
3520 5021 3623 5081 τὰς
3670 5019 3771 5088 τῆς

2195 5092 2412 5145 συνόδου
2469 5093 2664 5159 λέξεις,
2719 5097 2983 5160 ἡδύναντό
3031 5118 3148 5166 πως
3196 5104 3229 5173 ἢ
3267 5106 3488 5174 ἀγνοίας
3531 5107 3566 5180 ἢ
3617 5110 3773 5162 εὐλιμ-

2193 5182 2348 5247 6είας
2387 5185 2642 5240 ὑπόνοιαν
2691 5186 2836 5257 ἔχειν
2864 5205 2877 5220 ·
2925 5192 3019 5243 καὶ
3055 5195 3184 5265 περὶ
3219 5196 3319 5266 μὲν
3369 5197 3646 5269 Γεωργίου
3675 5200 3766 5254 τοῦ

2195 5276 2562 5341 Καππάδοκος
2611 5277 2706 5331 τοῦ
2760 5280 3120 5351 ὲκΰληθέντος
3185 5286 3292 5339 ἀπὸ
3357 5289 3459 5357 τῆς
3522 5292 3767 5357 Ἀλεξαν-

2191 5367 2372 5438 δρείας
2402 5368 2556 5437 λόγος
2581 5370 2754 5434 οὐδείς
2786 5387 2802 5405 ο
2839 5373 3126 5444 ἀνθρώπου
3170 5378 3308 5449 μήτε
3334 5381 3396 5433 ὲκ
3433 5387 3764 5453 προάγοντος

2191 5457 2308 5528 βίου
2343 5459 2444 5530 τὴν
2489 5463 2794 5534 μαρτυρίαν
2829 5464 3065 5534 ἔχοντος,
3095 5471 3231 5538 μήτε
3268 5472 3408 5537 ὅλως
3438 5475 3760 5546 Χριστιανοῦ

2189 5551 2569 5620 τυγχάνοντος,
2598 5554 2732 5610 ἀλλά
2759 5557 2918 5627 μόνον
2947 5557 3380 5632 ὑποκριναμένου
3417 5566 3507 5620 διὰ
3532 5571 3620 5622 τὸν
3649 5587 3759 5623 22v.-
