4008 6208
301 284 399 347 4(5

294 416 386 486 ρὸν

285 506 605 562 εὐσέϐειαν·
639 508 723 562 διὸ
754 507 873 561 οὐδὲ
909 506 1179 578 μέμψαιτο
1215 509 1288 562 ἄν
1308 525 1390 571 τις
1426 511 1587 561 αὐτὸν
1623 510 1867 573 εἰκότως,

286 600 552 653 πταίοντα
573 601 703 670 περὶ
723 599 822 671 τὴν
846 598 1044 663 πίστιν,
1067 599 1349 671 ἄνθρωπον
1376 602 1510 671 μήτε
1538 598 1711 654 εἰδότα
1741 602 1869 673 περὶ

282 684 357 745 ὧν
385 690 558 761 λέγει,
596 693 736 763 μήτε
768 692 895 763 περὶ
926 686 998 745 ὧν
1052 690 1473 752 διαϐεϐαιοῦται,
1530 691 1662 746 ἀλλὰ
1710 695 1860 757 πᾶσι,

282 783 429 836 κατὰ
469 784 535 836 τὸ
569 783 973 853 γεγραμμένον,
1030 782 1106 845 ὼς
1146 783 1352 852 κέπφον
1567 784 1863 837 ἐπακολουι

282 874 484 928 θοῦντα
507 891 521 903 ⁸
561 874 814 938 Ἀκάκιος
842 873 896 927 δὲ
932 875 1023 927 καὶ
1056 874 1303 940 Εὐδόξιος
1326 913 1341 934 ,
1378 873 1472 927 καὶ
1503 874 1861 943 Πατρόφιλος,

279 964 457 1019 ταῦτα
482 964 758 1033 λέγοντες,
791 963 907 1029 πῶς
935 966 1032 1019 οὐκ
1060 964 1199 1031 ἄξιοι
1224 966 1401 1036 πάσης
1431 964 1538 1018 εἰσὶ
1579 966 1864 1034 καταγνώ-

284 1065 461 1113 σεως;
496 1049 807 1121 Γράφοντες
987 1048 1094 1119 γὰρ
1131 1049 1352 1120 ἄγραφα
1393 1050 1487 1100 καὶ
1533 1049 1723 1114 αὐτοὶ,
1766 1051 1861 1104 καὶ

278 1140 687 1210 ἀποδεξάμενοι
710 1140 969 1205 πολλάκις
987 1141 1062 1205 ὡς
1083 1140 1246 1194 καλὸν
1271 1138 1331 1192 τὸ
1344 1141 1442 1211 τῆς
1464 1140 1655 1205 οὐσίας
1669 1141 1858 1213 ὄνομα,

282 1227 528 1296 μάλιστα
562 1228 659 1280 καὶ
689 1228 902 1301 διάπτὴί
928 1229 1214 1301 ἐπιστολὴν
1243 1230 1499 1284 Εὐσεϐίου
1520 1272 1535 1296 ,
1575 1232 1856 1287 αἰτιῶνται

277 1317 377 1369 νῦν
412 1319 536 1381 τοὺς
568 1319 674 1388 πρὸ
702 1319 900 1381 αὐτῶν,
939 1319 1014 1384 ὡς
1046 1320 1321 1384 τοιαύταις
1357 1322 1735 1395 χρησαμένους
1769 1322 1858 1376 λέ-

278 1410 452 1471 ξεσιν.
506 1408 668 1461 Ἀλλά
702 1413 794 1462 καὶ
825 1410 1067 1474 εἰπόντες
1110 1411 1263 1464 αὐτοὶ
1298 1410 1429 1464 Θεὸν
1460 1412 1525 1466 ὲκ
1567 1412 1700 1466 Θεοῦ
1720 1453 1733 1475 ,
1766 1413 1859 1466 καὶ

273 1501 455 1568 Λόγον
490 1501 693 1564 ζῶντα,
754 1501 851 1571 τῆς
904 1500 1091 1565 οὐσίας
1145 1503 1237 1555 τοῦ
1293 1503 1506 1575 Πατρὸς
1554 1504 1861 1574 ἀπαράλλα-

274 1609 412 1645 κτον

272 1684 549 1737 εἰπόντων
588 1724 603 1746 ,
747 1686 810 1736 ὲκ
836 1684 936 1753 τῆς
957 1685 1160 1748 οὐσίας,
1186 1687 1277 1739 καὶ
1305 1685 1586 1756 ὁμοούσιον
1620 1687 1710 1739 τὸν
1741 1704 1859 1755 γενέ

1245 286 1621 352 PANOPLIA
1658 286 2121 351 DOGItlATlCA.
2162 310 2229 321 -
2266 286 2416 348 ΤΙΤ.
2458 288 2566 352 XI.

573 412 635 468 τὸ
676 413 848 486 δνομα
873 454 888 480 ,
938 414 1030 469 καί
1072 415 1337 486 πορισμὸν
1394 417 1741 488 ἡγησαμένου
1774 416 1854 488 sip

1972 416 2223 487 sumpsit,
2263 429 2312 474 et
2338 419 2587 489 pietatem
2616 428 2855 491 quaestus
2898 420 3015 478 loco
3041 420 3252 479 habuit.
3284 422 3533 495 Quapro.

572 1592 756 1646 εἰκόνα
775 1593 865 1646 τὸν
886 1592 1031 1659 Υίόν,
1051 1593 1413 1664 κατηγοροῦσι
1437 1594 1542 1648 τῶν
1572 1596 1629 1649 ὲν
1657 1596 1705 1649 Ν
1713 1595 1860 1667 ικαίᾳ
1882 1628 1887 1633 -

3428 301 3551 366 466‘

1970 520 2089 579 pter
2118 526 2277 565 nemo
2306 527 2427 566 eum
2457 511 2580 580 jure
2601 515 2862 584 arguerit,
2899 514 3041 583 quod
3076 515 3219 569 circa
3266 518 3422 571 (idem
3460 520 3538 571 la-

1969 600 2150 664 batur,
2185 602 2478 665 hominem,
2504 603 2594 672 qui
2629 620 2802 672 neque
2830 586 2977 658 n’ovit
2999 621 3121 674 qum
3152 607 3312 675 dicit,
3347 622 3445 661 nec
3471 607 3536 661 de

1970 691 2169 760 quibus
2226 689 2479 757 aliirmat,
2517 693 2608 747 sed
2657 708 2868 758 omnes,
2929 694 3007 749 uti
3059 696 3319 764 scriptum
3351 705 3440 751 est
3482 700 3530 761 ¹,

1971 785 2137 838 veluti
2168 784 2315 838 larus
2338 784 2661 854 insequitur.
2698 784 2832 839 Cum
2859 794 3037 840 autem
3062 787 3314 853 Aeacius,
3348 786 3533 842 Eudo-

1970 876 2093 931 xius
2120 886 2173 931 et
2201 874 2548 944 Patrophilus
2580 876 2694 931 haec
2717 876 2919 942 dicant,
2953 879 3226 947 quomodo
3255 893 3361 932 non
3383 878 3528 933 omni

1965 967 2313 1023 damnatione
2347 967 2496 1038 digni
2528 968 2692 1023 sunt?
2718 966 2874 1034 Nam,
2905 984 3025 1023 cum
3071 968 3173 1038 ipsi
3222 983 3441 1039 quoque
3464 982 3526 1022 ea

1958 1048 2275 1115 scripserint
2309 1065 2427 1116 qua:
2453 1050 2502 1101 in
2534 1048 2832 1117 Scripturis
2857 1066 2962 1104 non
2991 1053 3274 1119 habentur,
3306 1068 3358 1110 et
3380 1072 3522 1126 saepe

1956 1136 2275 1191 substantia:
2308 1153 2503 1191 nomen
2537 1148 2594 1192 ιιι
2626 1155 2843 1206 sanum,
2879 1142 3112 1196 maxime
3148 1153 3365 1212 propter
3412 1144 3521 1200 Eu-

1956 1227 2093 1282 sebii
2117 1227 2425 1297 epistolam.
2460 1229 2785 1298 receperint,
2812 1229 3047 1298 majores
3067 1246 3197 1289 suos
3242 1248 3388 1288 nunc
3413 1235 3520 1288 cri-

1958 1316 2252 1384 minantur,
2311 1320 2454 1388 qnod
2496 1320 2806 1388 hujusmodi
2873 1322 2984 1375 sint
3038 1323 3119 1375 usi
3151 1323 3348 1378 verbis.
3408 1323 3520 1381 [mo

1957 1423 2079 1462 cum
2101 1409 2198 1477 ipsi
2228 1425 2445 1478 quoque
2477 1410 2925 1465 dixerintFilium
2953 1427 3074 1467 esse
3102 1413 3270 1468 Deum
3295 1430 3359 1469 ex
3388 1414 3517 1481 Des,

1956 1513 2020 1554 ac
2054 1495 2284 1553 Verbum
2314 1500 2520 1561 vivens,
2552 1502 2870 1556 substantiae
2901 1502 3077 1559 Patris
3107 1504 3396 1576 imaginem
3426 1522 3521 1576 per

1955 1590 2136 1644 omnia
2160 1591 2413 1657 similem,
2442 1591 2554 1660 jam
2610 1592 2857 1648 Nicaznos
2891 1593 3078 1650 Patres
3134 1597 3516 1660 criminantur.

1954 1680 2099 1748 quod
2125 1681 2388 1747 dixerint,
2417 1698 2482 1737 ex
2535 1685 2867 1751 substantia,
2905 1702 2967 1740 ae
2999 1685 3516 1742 consubstantialem

273 1774 515 1845 νηθέντα
539 1774 618 1845 τῷ
647 1775 1016 1845 γεγεννηκότι.
1043 1776 1108 1830 Τί
1128 1776 1184 1828 δὲ
1215 1775 1522 1846 θαυμαστὸν
1549 1779 1598 1831 εί
1622 1781 1730 1841 τοῖς
1755 1777 1854 1848 πρὸ

1954 1784 2073 1825 esse
2099 1771 2328 1839 genitori
2353 1773 2614 1842 genitum.
2659 1773 2798 1839 Quid
2851 1774 3045 1827 mirum
3082 1783 3261 1830 autem
3307 1777 3349 1829 si
3395 1792 3517 1831 cum

272 1865 465 1919 αὐτῶν
501 1865 597 1919 καὶ
629 1870 741 1931 τοῖς
772 1868 932 1931 ἰδίοις
957 1869 1192 1939 πατράσι
1219 1870 1609 1941 διαμάχονται,
1635 1869 1767 1922 ὅπου
1797 1885 1861 1938 γε

274 1960 378 2012 καὶ
406 1959 561 2013 αὐτοὶ
585 1961 799 2023 ἑαυτοῖς
830 1959 1246 2031 ἐναντιούμενοι,
1263 1965 1373 2027 τοῖς
1404 1961 1609 2016 ἑαυτῶν
1636 1959 1863 2029 προσκό-

276 2065 541 2111 manu“;
584 2048 890 2119 Ἑκθέμενοι
938 2049 1044 2119 γάρ
1069 2051 1124 2103 ὲν
1156 2053 1266 2114 τοῖς
1290 2050 1599 2121 λεγομένοις
1646 2049 1860 2116 Ἐγκαι-

276 2138 418 2200 νίοις
440 2139 499 2190 ὲν
537 2138 835 2209 Ἀντιοχείᾳ
865 2141 962 2210 τῆς
991 2140 1174 2203 οὐσίας
1210 2140 1306 2194 τοῦ
1355 2139 1566 2211 Πατρὸς
1616 2137 1862 2208 ἀπαράλ-

277 2228 481 2281 λακτον
513 2229 697 2281 εἰκόνα
730 2227 866 2283 εἶναι
896 2230 986 2283 τὸν
1012 2231 1152 2296 ι’ἱὸν,
1172 2232 1468 2302 ὀμόσαντες
1497 2249 1553 2286 τε
1721 2228 1862 2284 οὕτω

280 2321 523 2389 φρονεῖν,
544 2321 639 2372 καὶ
662 2320 1150 2391 ἁναθεματίσαντες
1175 2323 1301 2385 τοὺς
1320 2322 1491 2385 ἄλλως
1512 2308 1860 2392 φρονοῦντας,

277 2409 420 2463 ἀλλὰ
451 2408 562 2480 γὰρ
599 2409 692 2461 καὶ
722 2411 778 2461 ἐν
806 2412 871 2480 τῇ
917 2412 1159 2483 Ἰσαυρίᾳ
1187 2412 1492 2482 γράψαντες
1515 2429 1527 2441 ·
1560 2413 1635 2464 Uti
1668 2411 1861 2480 φεύγο-

282 2516 388 2569 μεν
411 2498 510 2570 τὴν
536 2500 846 2554 ἐκτεθεῖσαν
871 2500 1189 2572 αὐθεντικὴν
1213 2503 1392 2576 πίστιν
1415 2506 1472 2557 ὲν
1496 2506 1606 2566 τοῖς
1647 2504 1834 2571 Ἐγκαι

279 2594 416 2656 νίοις
434 2595 545 2655 τοῖς
575 2592 717 2646 κατὰ
749 2594 1074 2664 Ἀντιόχειαν
1113 2596 1202 2660 (ὲν
1222 2595 1402 2658 αὐτοῖς
1428 2594 1484 2647 δὲ
1648 2595 1859 2666 ἐγράφη

280 2682 343 2735 τὺ
370 2687 469 2754 τῆς
498 2684 687 2747 οὐσίας
714 2685 947 2756 δνομα),
986 2683 1170 2756 ῶσπερ
1213 2685 1590 2756 ἐπιλαθόμενοι
1634 2685 1857 2748 τούτων,

284 2777 406 2844 μετ’
440 2775 624 2843 ὀλίγον
658 2777 716 2828 ὲν
746 2779 810 2847 τῇ
856 2776 991 2848 αὐτῇ
1031 2777 1271 2848 Ίσαυρίᾳ
1296 2777 1552 2831 τάναντία
1593 2776 1855 2847 ἔγραψαν,

279 2867 553 2934 λέγοντες·
579 2867 652 2919 Τὸ
674 2866 956 2937 όμοούσιον
982 2869 1072 2921 καὶ
1093 2869 1153 2921 τὸ
1180 2868 1511 2937 ὁμοιοούσιον
1663 2868 1858 2921 ἐκϐάλ-

279 2958 468 3028 λομεν,
501 2958 581 3021 ὡς
603 2958 878 3029 ἀλλότριον
898 2958 1005 3012 τῶν
1031 2959 1257 3030 Γραφῶν
1277 2976 1289 2989 ·
1330 2958 1423 3011 καὶ
1451 2958 1512 3011 τὸ
1544 2959 1639 3028 τῆς
1673 2945 1857 3022 οὐσίας

280 3049 451 3117 ῧνομα
500 3046 895 3119 τιεριαιροῦμεν
921 3090 935 3113 ,
986 3049 1060 3112 ὼς
1095 3049 1169 3120 μὴ
1202 3050 1448 3119 κείμενον
1478 3052 1534 3103 ὲν
1579 3052 1694 3112 ταῖς
1721 3051 1758 3101 Γ
1765 3067 1857 3120 ρα-

283 3142 425 3206 φσίς.

477 3230 575 3292 Τίς
611 3225 705 3283 οὖν
742 3230 822 3283 ἔτι
847 3230 971 3294 τούς
1004 3231 1275 3295 τοιούτους
1319 3233 1671 3303 Χριστιανοὺς
1718 3231 1857 3303 ἡγήέ

282 3333 466 3381 astat;
500 3318 574 3369 Ἢ
607 3317 734 3371 ποία
765 3318 947 3381 πίστις
976 3320 1121 3391 παρὰ
1151 3320 1379 3384 τούτοις,
1416 3322 1543 3391 παρ’
1569 3316 1648 3385 οἷς
1677 3322 1738 3374 οὐ
1766 3319 1854 3373 λό-

280 3425 393 3476 γος,
424 3409 489 3461 οὐ
524 3408 764 3480 γράμμα
812 3409 1046 3481 βέϐαιον,
1093 3410 1226 3483 ἀλλά
1275 3413 1453 3467 πάντα
1493 3412 1630 3465 κατὰ
1668 3411 1856 3483 καιρὸν

280 3498 608 3552 ἀλλάσσεται
637 3500 729 3551 καὶ
763 3501 1152 3569 μεταϐάλλεται
1172 3481 1219 3564 .,
1370 3501 1578 3573 Εξγὰρ,
1612 3494 1656 3555 ᾧ
1697 3481 1856 3557 ’Λαά-

279 3602 361 3637 κιε
384 3585 481 3638 καὶ
528 3585 766 3649 Εὐδόξιε,
804 3588 865 3640 οὐ
893 3588 1122 3656 φεύγετε
1162 3591 1258 3661 τὴν
1296 3591 1604 3645 ὲκτεΟεῖσαν
1644 3592 1701 3644 ὲν
1744 3594 1855 3654 τοῖς

292 3678 619 3744 Ἐγκαινίοις
661 3677 862 3740 πίστιν,
908 3682 966 3735 ὲν
999 3680 1135 3751 αὐτῇ
1167 3681 1223 3733 δὲ
1274 3682 1600 3752 γέγραπται,
1657 3684 1856 3746 Οὐσίας

280 3765 698 3836 ἀπαράλλακτος
745 3766 907 3820 εἰκὼν
936 3770 964 3821 ὁ
1005 3769 1165 3833 Υἱός·
1210 3770 1326 3834 πῶς
1379 3773 1437 3824 ἐν
1483 3774 1548 3842 τῇ
1615 3772 1855 3844 Ἰσαυρίᾳ

282 3856 540 3927 γράφετε,
582 3857 943 3929 Ἐκϐάλλομεν
966 3860 1030 3913 τὸ
1057 3860 1339 3931 όμοούσιον
1375 3881 1390 3929 ;
1532 3862 1595 3914 Et
1628 3861 1735 3932 γὰρ
1755 3862 1854 3916 οὐκ

282 3947 394 4000 ἔστι
430 3949 548 4001 κατ’
579 3949 765 4003 οὐσίαν
794 3950 1022 4020 ὅμοιοςὸ
1052 3951 1179 4015 Υἱὸς
1198 3950 1276 4022 τῷ
1307 3952 1501 4023 Πατρὶ,
1535 3951 1649 4014 πῶς
1677 3953 1849 4023 ἀπαρ-

282 4037 543 4102 anno;
566 4040 669 4110 τῆς
690 4041 879 4106 οὐσίας
918 4041 1080 4095 είκὼν
1108 4044 1254 4096 ἐστιν
1281 4060 1296 4101 ς
1343 4045 1405 4096 Εἰ
1442 4043 1497 4097 δὲ
1529 4044 1851 4114 μετέγνωτε,

282 4131 586 4202 γράψαντες
615 4133 695 4199 τὸ,
724 4134 823 4204 τῆς
854 4134 1041 4199 οὐσίας
1071 4135 1485 4205 ἀπαράλλακτος
1515 4135 1702 4190 εἰκών·
1738 4136 1851 4201 πῶς

282 4221 698 4293 ἀναθεματίζετε
724 4225 850 4287 τούς
882 4225 1132 4294 ἀνόμοιον
1157 4220 1296 4279 εἶναι
1329 4226 1581 4295 λέγοντας
1762 4226 1852 4282 τὸν

284 4307 435 4374 Υἰόνς
474 4311 536 4364 Ei
582 4311 692 4381 γὰρ
734 4312 830 4381 οὐχ
863 4314 1045 4382 ὅμοιος
1079 4315 1197 4367 κατ’
1239 4316 1458 4380 οὐσίαν,
1500 4318 1715 4381 πάντως
1758 4318 1852 4372 ἀν-

281 4396 459 4466 όμοιός
484 4401 624 4453 ἐστι.
659 4400 731 4453 Τὸ
753 4400 809 4452 δὲ
841 4400 1091 4472 ἀνόμοιον
1118 4404 1216 4456 οὐκ
1250 4404 1314 4457 ἂν
1361 4406 1446 4476 εἴη
1484 4405 1664 4460 είκὼν.
1700 4408 1761 4460 Ei
1791 4407 1850 4462 δὲ

279 4488 414 4542 οὕτω
432 4490 558 4543 καθ’
590 4492 735 4560 ὑμᾶς
765 4493 932 4557 ἐστιν,
957 4494 1057 4547 οὐκ
1088 4494 1195 4568 ἄρα
1235 4495 1263 4546 ὁ
1296 4495 1385 4548 τὸν
1431 4495 1557 4549 Υίὺν
1595 4495 1851 4567 ἑωρακὼς

277 4577 485 4650 ἑώρακε
512 4578 608 4632 τὸν
634 4580 873 4651 Πατέρα,
901 4582 1156 4651 πλείστης
1183 4584 1314 4656 ὅσης
1354 4582 1519 4655 ούσης
1560 4584 1841 4658 διαφορᾶςσ

277 4672 474 4740 μᾶλλον
505 4672 563 4726 δὲ
596 4671 658 4725 τὸ
690 4672 806 4726 ὅλον
834 4673 983 4736 ὄντος
1008 4675 1197 4729 τούτου
1238 4677 1373 4748 πρὸς
1403 4679 1607 4730 ἐκεῖνον
1753 4680 1848 4734 ἀνι

270 4764 477 4833 ομοίου.
509 4761 585 4817 Τὸ
630 4763 687 4816 δὲ
721 4764 969 4835 ἀνόμοιον
997 4766 1094 4837 οὐχ
1119 4763 1229 4820 οἷόν
1270 4785 1329 4820 τε
1358 4770 1541 4839 ὅμοιον
1572 4768 1843 4837 λέγεσθαι.

270 4854 405 4926 Ποία
424 4854 608 4907 τοίνυν
643 4859 856 4927 μηχανῇ
887 4857 947 4909 τὸ
966 4857 1215 4927 ἀνόμοιον
1234 4857 1417 4927 ὅμοιον
1437 4860 1644 4928 λέγετε,
1674 4861 1766 4912 καὶ
1787 4860 1847 4914 τὸ

268 4942 453 5012 ὅμοιον
484 4942 740 5015 ἀνόμοιον
764 4947 1010 5016 φρονεῖτε
1028 4985 1043 5007 ,
1087 4946 1181 4999 καὶ
1218 4945 1570 5017 ὑποκρίνεσθε
1600 4945 1846 5014 λέγοντες

271 5035 451 5086 εἰκόνα
474 5030 617 5087 εἶναι
644 5033 739 5087 τοῦ
768 5036 979 5107 Harpe;
1022 5034 1113 5089 τὸν
1143 5036 1305 5100 Υίόν;
1340 5037 1404 5089 Εἰ
1441 5037 1547 5108 γὰρ
1587 5037 1687 5090 οὐκ
1729 5036 1843 5091 ἔστι

270 5127 390 5176 κατ’
411 5125 602 5177 οὐσίαν
627 5126 812 5194 ὅμοιος
844 5127 873 5178 ὁ
906 5126 1032 5191 Υἱὸς
1052 5126 1143 5181 τοῦ
1173 5127 1418 5198 Πατρὸς,
1466 5126 1639 5181 λείπει
1678 5146 1729 5181 τι
1775 5132 1841 5202 τῇ

267 5214 459 5281 εἰκόνι,
477 5216 573 5269 καὶ
586 5217 689 5271 οὐκ
711 5215 825 5269 ἔστι
857 5216 1068 5287 πλήρης
1100 5217 1283 5281 εἰκὼν,
1307 5219 1426 5272 οὐδὲ
1444 5218 1643 5283 τέλειον
1667 5220 1843 5274 ἀπαύ-

268 5321 475 5377 γασμα.
516 5308 641 5372 Πῶς
664 5305 758 5362 οὖν
787 5307 1183 5377 ἀναγινώσκετε
1216 5311 1296 5375 τὸ,
1342 5330 1359 5360 ι
1411 5312 1498 5364 Ἐν
1533 5310 1681 5382 αὐτῷ
1708 5329 1840 5366 κατ-

270 5400 407 5450 οικιῖ
434 5402 541 5453 πᾶν
571 5400 634 5453 τὸ
683 5400 953 5472 πλήρωμα
985 5402 1087 5471 τῆς
1126 5403 1376 5473 θεότητος
1422 5406 1776 5476 σωματικῶς·
1817 5426 1836 5459 ι

274 5489 384 5555 καὶ,
405 5509 424 5540 ς
446 5492 541 5545 Ἕκ
561 5492 657 5545 τοῦ
689 5491 1046 5564 πληρώματος
1073 5495 1172 5546 αὐτ
1187 5494 1234 5545 ,ὖ
1256 5495 1411 5565 ἡμεῖς
1435 5496 1635 5560 πάντες
1656 5497 1839 5552 ὲλάόο·

359 5646 374 5673 ‘
406 5647 564 5701 i‘rnv.
599 5662 697 5708 τη,
728 5647 817 5701 ‘22.

1956 1860 2277 1931 majoribus,
2310 1873 2363 1917 et
2396 1878 2519 1918 cum
2555 1865 2803 1934 patribus
2835 1866 2953 1919 suis
2974 1873 3256 1936 pugnant,
3288 1867 3376 1920 uhi
3416 1857 3549 1936 ipsi-

1956 1968 2141 2009 secum
2174 1964 2490 2010 concertant
2534 1955 2587 2010 in
2631 1971 2795 2025 seque
2828 1957 2974 2025 ipsos
3000 1957 3352 2027 impingunt?
3381 1957 3516 2011 Cum

1953 2043 2098 2096 enim
2129 2044 2429 2098 Antiochia:
2455 2043 2507 2096 in
2542 2043 2833 2111 Enezeniis,
2871 2053 2931 2098 ut
2974 2053 3200 2109 vocant,
3245 2047 3519 2101 declaras-

1955 2144 2075 2190 scnt
2108 2133 2304 2188 Filium
2333 2150 2454 2190 esse
2479 2135 2799 2193 substantia:
2834 2133 3012 2189 Patris
3072 2136 3189 2190 sine
3220 2135 3327 2188 ulla
3357 2136 3517 2190 dissi-

1956 2224 2260 2279 militudine
2286 2223 2601 2294 imaginem,
2643 2223 3030 2295 jurassentque
3058 2239 3119 2279 se
3166 2225 3239 2280 ita
3290 2225 3514 2290 sentire,

1954 2331 2020 2370 ac
2054 2330 2150 2370 eos
2181 2315 2274 2384 qui
2296 2314 2453 2369 aliter
2475 2314 2739 2369 sentirent
2761 2314 3105 2371 anathemate
3141 2315 3511 2380 damnassent,

1955 2405 2136 2459 imoin
2162 2405 2367 2465 Isauria
2402 2406 2788 2474 scripsissent:
2820 2404 2935 2459 Non
2974 2404 3273 2477 refugimus
3290 2409 3516 2462 authen-

1953 2497 2114 2551 ticam
2150 2496 2305 2550 tidem
2368 2497 2421 2551 in
2469 2494 2739 2551 Encaaniis
2786 2498 3088 2552 Antiochia;
3128 2498 3327 2552 editam
3377 2498 3518 2568 (illic

1951 2596 2131 2642 autem
2151 2586 2468 2641 substantiae
2488 2602 2682 2642 nomen
2699 2588 2960 2658 scriptum
2983 2586 3118 2657 est),
3139 2588 3303 2642 veluti
3326 2601 3513 2642 eorum

1955 2676 2324 2741 immemores,
2354 2677 2514 2747 paulo
2535 2687 2656 2747 post
2681 2678 2734 2731 in
2753 2678 2866 2748 ipsa
2890 2678 3097 2733 Isauria
3126 2678 3195 2733 iis
3224 2678 3516 2733 adversan-

1952 2766 2023 2821 tia
2045 2767 2437 2837 conscripsere,
2465 2770 2693 2831 seilicet.
2746 2769 3030 2841 ὀμοούσιον
3074 2777 3129 2824 et
3163 2758 3514 2840 ὁμοιοούσιον,

1951 2860 2055 2914 hoc
2078 2868 2180 2925 est,
2231 2861 2695 2917 consubstantiale
2745 2871 2799 2917 et
2849 2862 3156 2917 substantia
3190 2861 3388 2928 simile,
3426 2870 3516 2914 nt-

1952 2960 2077 3018 pote
2105 2966 2135 3004 a
2187 2950 2483 3021 Scripturis
2516 2952 2713 3018 aliena,
2765 2953 3065 3022 rejieimus,
3115 2962 3167 3007 et
3196 2953 3516 3009 substantia:

1950 3056 2146 3095 nomen
2172 3041 2237 3097 de
2260 3042 2437 3097 medio
2465 3043 2703 3098 tollimus
2726 3085 2740 3110 ,
2765 3043 2964 3114 quippe
2983 3059 3106 3098 eum
3135 3042 3188 3097 in
3223 3042 3516 3115 Scripturis
3600 3036 3605 3039 ⁷

1913 3174 1927 3225 Ζ
1950 3148 2057 3187 non
2087 3133 2389 3202 reperiatur

2143 3223 2278 3290 Quis
2322 3224 2489 3295 igitur
2537 3224 2683 3279 viros
2729 3225 3042 3295 huiusmodi
3092 3226 3320 3280 ulterius
3358 3224 3515 3280 Chri-

1952 3317 2158 3370 stianos
2191 3316 2556 3371 existimabit?
2602 3316 2710 3385 Aut
2746 3332 2868 3387 quae
2897 3316 3050 3382 lides,
3082 3316 3220 3386 apud
3249 3331 3386 3386 quos
3418 3330 3518 3370 nec

1947 3409 2136 3472 verba,
2168 3423 2267 3463 nec
2302 3409 2504 3477 scripta
2536 3408 2688 3462 firma
2734 3416 2884 3473 sunt,
2912 3410 3007 3464 sed
3037 3410 3218 3463 omnia
3253 3423 3348 3478 pro
3379 3417 3516 3462 teut-

1948 3498 2097 3567 poris
2138 3499 2350 3552 ratione
2390 3507 2675 3553 mutantur
2695 3508 2747 3552 et
2779 3498 3159 3560 invertuutur?
3191 3498 3245 3551 Si
3272 3497 3440 3560 enim,
3481 3511 3515 3549 ο

1947 3587 2106 3640 Aeaei
2143 3597 2202 3640 et
2235 3585 2465 3653 Eudoxi,
2498 3604 2604 3641 non
2639 3586 2890 3657 refugitis
2916 3588 3217 3656 expositam
3251 3586 3303 3639 iu
3326 3585 3515 3639 Eucae-

1946 3678 2056 3734 niis
2083 3679 2263 3741 (idem,
2295 3678 2348 3731 in
2381 3694 2561 3748 eaque
2585 3679 2846 3748 scriptum
2886 3686 2989 3739 est,
3012 3677 3207 3730 Filium
3234 3691 3354 3731 esse
3377 3677 3511 3731 sub~

1949 3770 2160 3824 stautiae
2182 3768 2357 3823 Patris
2394 3771 2512 3825 sine
2566 3769 2926 3839 discrepantia
2969 3769 3258 3839 imaginem
3280 3807 3295 3832 ,
3327 3782 3425 3823 cur
3456 3766 3510 3821 in

1947 3860 2153 3915 Isauria
2180 3861 2442 3922 scribitis,
2483 3860 2759 3929 rejicimus
2813 3858 3138 3931 ὁμοούσιονῖ
3193 3857 3249 3913 Si
3277 3872 3516 3928 namque

1938 3950 2118 4025 ,lt‘ilius
2145 3950 2445 4005 secundum
2472 3948 2832 4005 substantiam
2859 3947 3006 4003 Patri
3052 3947 3248 4003 similis
3269 3963 3377 4002 non
3409 3956 3510 4010 est,

1945 4042 2036 4110 qui
2069 4041 2389 4095 substantia:
2418 4039 2596 4112 imago
2623 4039 2729 4093 erit
2768 4038 2884 4093 sine
2929 4038 3331 4108 discrepantia?
3356 4038 3510 4104 Quod

1944 4132 1987 4185 si
2015 4146 2110 4185 vos
2134 4131 2387 4201 paenituit
2421 4131 2729 4200 scripsisse,
2754 4144 2876 4184 eum
2904 4143 3027 4184 esse
3055 4129 3173 4183 sine
3198 4129 3513 4198 discrepan-

1945 4224 2017 4277 tia
2054 4222 2371 4277 suhstantiaa
2400 4221 2713 4291 imaginem,
2737 4237 2835 4276 cur
2873 4220 3221 4283 anathemate
3243 4220 3515 4276 damnatis

1944 4328 2037 4367 eos
2068 4312 2158 4381 qui
2206 4312 2396 4366 dicunt
2445 4309 2640 4364 Filium
2692 4325 2813 4365 esse
2860 4308 3006 4364 Patri
3041 4310 3410 4365 dissimilem?
3456 4308 3512 4365 Si

1944 4404 2090 4458 enim
2119 4402 2313 4457 similis
2342 4417 2446 4456 non
2478 4410 2561 4455 est
2596 4401 2896 4456 secundum
2926 4401 3288 4456 substantiam
3313 4442 3326 4465 ,
3357 4401 3515 4472 plane

1944 4496 2227 4551 dissimilis
2253 4503 2355 4549 est.
2387 4493 2541 4561 Quod
2566 4504 2746 4549 autem
2778 4492 3044 4549 dissimile
3079 4503 3195 4557 est,
3232 4509 3512 4563 nunquam

1944 4586 2126 4657 imago
2154 4583 2334 4640 fuerit.
2375 4585 2493 4648 Sin,
2527 4585 2603 4639 uti
2656 4598 2754 4640 vos
2777 4583 2978 4652 dicitis,
3002 4584 3072 4638 ita
3108 4600 3165 4640 se
3189 4600 3278 4639 res
3328 4584 3509 4648 habet,

1945 4693 2134 4734 verum
2174 4692 2304 4750 ergo
2343 4692 2452 4732 non
2476 4687 2559 4731 est
2591 4677 2683 4746 qui
2734 4676 2869 4730 vidit
2893 4674 3124 4738 Filium,
3164 4675 3375 4729 Patrem
3428 4675 3512 4728 vi-

1945 4769 2114 4835 disse,
2150 4784 2274 4823 cum
2305 4769 2473 4823 multa
2509 4768 2650 4824 inter
2686 4776 2977 4837 utrumque
3018 4771 3090 4821 sit
3120 4765 3506 4834 discrepantia,

1945 4861 2057 4915 imo
2077 4862 2259 4930 potius
2292 4862 2381 4918 hic
2411 4860 2481 4917 sit
2510 4859 2585 4915 illi
2619 4859 2842 4914 omnino
2874 4858 3177 4914 dissimilis.
3212 4856 3366 4923 Quod
3411 4871 3511 4910 au-

1945 4959 2051 5005 tem
2108 4951 2373 5005 dissimile
2425 4959 2530 5017 est,
2563 4949 2742 5006 simile
2774 4962 3051 5018 nunquam
3098 4946 3334 5002 dicatur.
3388 4942 3510 5010 Quo

1944 5051 2106 5113 pacto
2134 5041 2296 5112 igitur
2326 5041 2591 5096 dissimile
2611 5041 2791 5098 dicitis
2815 5040 3013 5107 simile,
3048 5048 3100 5093 et
3124 5037 3303 5092 simile
3340 5035 3507 5091 dissi-

1944 5131 2070 5186 mile
2099 5129 2446 5193 existimatis,
2472 5144 2537 5183 ae
2561 5130 2904 5188 simulatione
2939 5132 3022 5186 usi
3051 5129 3232 5185 dicitis
3252 5170 3267 5194 ,
3306 5125 3506 5181 Fil'um

1942 5234 2065 5274 esse
2090 5217 2269 5272 Patris
2297 5218 2631 5288 imaginem?
2675 5219 2732 5274 Si
2763 5222 2907 5275 enim
2935 5221 3106 5275 Filius
3147 5235 3252 5273 non
3300 5227 3384 5273 est
3424 5233 3510 5273 se-

1941 5309 2181 5365 cundum
2218 5310 2581 5365 substantiam
2623 5311 2801 5368 Patris
2854 5312 3069 5378 similis,
3117 5311 3321 5380 aliquid
3376 5325 3510 5365 sane

1943 5402 2162 5472 imagini
2188 5401 2394 5466 deﬁcit,
2424 5417 2598 5471 neque
2622 5410 2706 5457 cst
2744 5402 2900 5470 plena
2936 5401 3136 5469 imago,
3184 5416 3291 5455 non
3330 5400 3509 5470 perfe-

1944 5503 2064 5550 ctus
2098 5493 2371 5564 splendor.
2402 5492 2512 5548 Cur
2538 5494 2720 5563 itaque
2754 5493 2857 5547 hoe
2888 5492 3064 5559 legitis
3096 5510 3106 5545 :
3141 5510 3158 5542 ι
3193 5492 3250 5545 ln
3279 5491 3399 5562 ipso
3423 5492 3509 5545 in-
