4008 6208
420 316 528 381 467

1664 308 2048 370 EUTHYMII
2090 308 2449 369 ZlﬁAllENl

3568 307 3681 371 4(8

419 433 626 487 habitat
697 430 877 489 omnis
957 427 1235 502 plenitudo
1312 422 1614 481 divinitatis
1687 419 1984 492 corporali-

2110 434 2230 484 sz;
2263 435 2281 467 ι
2314 416 2433 477 Πῶς
2469 416 2555 468 τὶν
2601 414 2877 485 ’Λρειανδν
2930 417 3136 471 ’Δέτιον
3174 416 3246 482 ὡς
3279 417 3550 488 αἰρετικὶν
3584 420 3679 471 ἐκ·

424 533 502 575 tcr
558 523 596 587 ¹,
638 541 655 572 ι
691 528 764 585 et,
815 539 831 569 ι
861 535 923 573 ex
965 517 1297 589 plenitudine
1336 515 1456 583 ejus
1481 529 1581 569 nos
1607 528 1797 568 omnes
1839 527 1994 566 acce-

427 613 607 681 pimus
661 611 727 664 '?
768 629 785 661 ι
845 609 956 663 Cur
1002 608 1264 662 Arianum
1319 605 1532 659 Aelium
1577 612 1635 656 ut
1680 604 1990 656 haereticum

426 706 644 774 cjicitis,
667 704 791 756 licet
817 717 880 754 ea
909 701 1025 769 ipsa
1058 714 1179 768 qua:
1200 698 1287 753 ille
1316 694 1656 768 loquamini?
1684 694 1802 749 Tibi
1825 692 1993 758 enim,

427 796 612 859 Aeaci,
642 793 853 848 amicus
882 799 985 853 est,
1014 789 1371 860 Eudoxioque
1401 788 1565 859 hujus
1593 787 1849 856 magister
1895 786 1996 839 im-

427 884 644 954 pietatis
678 882 800 946 fuit,
830 882 883 934 in
914 880 1071 949 cujus
1096 880 1327 949 gratiam
1353 895 1477 935 eum
1509 879 1768 934 Leontius
1787 878 1997 946 episco-

428 991 529 1044 pus
553 973 842 1027 diaconum
874 971 1181 1037 ordinavit;
1212 982 1292 1035 ut,
1327 972 1482 1042 quasi
1512 970 1628 1027 ovis
1672 970 1995 1024 vestimento

426 1068 749 1121 diaconatus
779 1064 1001 1119 nomine
1046 1080 1200 1128 usus,
1233 1062 1582 1131 blasphemia:
1622 1061 1781 1116 verba
1829 1057 1998 1114 libere

427 1164 610 1223 posset
641 1169 914 1208 evomere.

618 1245 755 1311 Quid
784 1244 947 1314 igitur
978 1242 1133 1298 vobis
1156 1241 1347 1307 suasit,
1369 1251 1428 1295 ut
1452 1239 1606 1294 vobis
1648 1240 1779 1310 ipsis
1808 1239 1997 1293 adver-

430 1338 649 1402 semiui,
680 1336 1000 1406 tantumque
1028 1334 1312 1390 dedecoris
1340 1332 1625 1388 referatis?
1670 1331 1831 1386 Certe
1860 1329 1995 1385 nihil

430 1428 625 1483 rationi
680 1436 1107 1489 consentaneum
1154 1424 1321 1492 vobis
1376 1421 1667 1479 dicendum
1720 1418 1993 1489 suppetit:

431 1520 646 1589 hocque
670 1519 847 1574 solum
880 1516 1283 1586 intelligendum
1318 1514 1665 1584 relinquitur,
1717 1528 1815 1567 vos
1852 1510 1999 1565 nulla

430 1626 538 1665 non
565 1609 935 1673 simulatione,
964 1608 1111 1662 nullo
1175 1620 1285 1660 non
1335 1612 1645 1661 commento
1681 1604 1755 1657 uti
1787 1612 2002 1672 propter

430 1702 732 1758 Constantii
761 1699 1149 1771 patrocinium,
1176 1698 1499 1766 lucrumque
1522 1694 1666 1759 quod
1692 1694 1819 1749 hinc
1844 1692 1997 1747 vobis

2099 522 2338 586 ϐάλλετε,
2373 522 2547 576 καίτοι
2575 522 2643 575 τὰ
2687 522 2826 575 αὐτά
2866 524 3058 594 ἐκείνῳ
3086 525 3365 591 λέγοντες;
3418 525 3524 578 Καὶ
3564 526 3678 597 γάρ

2100 614 2193 667 σοῦ
2221 614 2341 683 μὲν,
2376 608 2421 667 ὦ
2460 614 2681 668 Ἀκάκιε
2714 649 2730 675 ,
2871 616 3082 686 ἑταῖρός
3115 614 3283 677 ἐστιν,
3324 615 3573 679 Εύδοξξου
3620 616 3682 669 δὲ

2098 704 2411 767 διδάσκαλος
2446 707 2525 767 είς
2562 704 2659 776 τὴν
2692 705 2947 775 τοιαύτην
2998 705 3252 759 άσέϐειαν
3307 707 3550 773 γέγονεν,
3610 703 3685 778 ἧς

2101 794 2263 846 ἕνεκα
2293 796 2386 847 καὶ
2416 795 2661 858 Λεόντιος
2689 796 2851 849 αὑτὸν
2886 798 2914 848 ὁ
2945 796 3243 858 ἐπίσκοπος
3273 796 3515 850 διάκονον
3541 814 3682 850 κατ-

2103 882 2328 954 έστησεν
2350 902 2361 914 ·
2400 885 2507 948 ἵνα,
2543 884 2618 949 ὡς
2648 885 2904 955 ὲνδύματι
3048 886 3322 957 προϐάτου
3351 887 3429 958 τῷ
3453 890 3685 958 ὀνόματι

2102 972 2201 1042 τῆς
2228 974 2502 1039 διακονίας
2528 974 2829 1045 χρώμενος,
2864 979 2949 1030 ἐπ’
2984 978 3167 1043 ἀδείας
3198 979 3413 1050 ἐξεμεῖν
3456 980 3683 1053 δύνηται

2104 1063 2170 1115 τά
2194 1065 2292 1135 τῆς
2318 1065 2667 1137 βλασφημίας
2697 1070 2933 1139 ῥήματα.

2297 1239 2362 1290 Τί
2392 1236 2485 1291 οῦν
2520 1240 2662 1308 ὑμᾶς
2701 1241 2811 1310 ἄρα
2838 1242 3075 1296 τοιοῦτον
3112 1244 3363 1310 ἔπεισεν,
3410 1245 3548 1298 ὥστε
3584 1248 3684 1299 καὶ

2105 1330 2315 1392 ἑαυτοῖς
2342 1331 2420 1394 είς
2446 1330 2507 1381 τὸ
2540 1331 2779 1383 ἐναντίον
2803 1336 3141 1403 περιπεσεῖν,
3164 1336 3260 1387 καὶ
3298 1336 3565 1406 τοσαύτην
3594 1340 3684 1390 ui-

2107 1418 2304 1489 σχύνην
2324 1420 2763 1487 άπενέγκασθαις
2791 1423 2903 1475 ἀλλ’
2932 1423 3082 1476 οὐδὲν
3104 1423 3325 1493 εὔλογον
3351 1425 3415 1478 ἂν
3431 1427 3639 1479 εἴποιτε
3665 1445 3682 1457 ·
3704 1414 3705 1417 η

2103 1508 2258 1563 τοῦτο
2308 1511 2363 1563 δὲ
2407 1512 2563 1582 μόνον
2603 1514 2973 1584 περιλείπεται
3017 1519 3190 1581 νοεῖν,
3247 1518 3327 1569 ὅτι
3362 1518 3537 1571 πάντα
3584 1518 3687 1573 νῦν

2105 1598 2461 1669 ὑποκρίνεσθε
2485 1640 2500 1665 ,
2544 1602 2636 1654 καὶ
2688 1601 2867 1656 πάντα
2909 1604 3365 1675 προσποιούμενοι
3415 1606 3688 1661 πλάττετε

2104 1687 2191 1741 διά
2222 1688 2319 1757 τὴν
2352 1690 2501 1761 παρὰ
2531 1694 2906 1747 Κωνσταντίου
3086 1697 3444 1767 προστασίαν.
3492 1698 3588 1753 καὶ
3619 1698 3688 1751 τὸ

430 1790 628 1842 evenit.
655 1790 830 1858 Atque
851 1789 903 1842 in
936 1795 1185 1857 promptu
1209 1785 1361 1839 vobis
1382 1782 1672 1867 est_Patres
1701 1782 1993 1848 incusare;

2110 1780 2257 1850 παρὰ
2287 1781 2381 1835 τοῦ
2409 1781 2648 1836 τοιούτου
2678 1785 2890 1854 κέρδος.
2918 1786 3027 1838 Καὶ
3075 1790 3425 1858 κατηγορεῖτε
3464 1788 3564 1859 μὲν
3592 1790 3689 1841 εύ-

431 1890 737 1946 tctnereque
764 1876 1023 1945 objicitis,
1079 1889 1185 1928 non
1241 1873 1431 1928 haberi
1472 1887 1533 1926 ea
1568 1871 1727 1926 verba
1761 1870 1813 1924 in
1856 1870 2001 1926 Scri-

430 1969 604 2038 pturis
631 1967 802 2025 sacris
840 1984 855 2020 :
906 1975 959 2021 et
988 1974 1045 2020 ut
1085 1966 1346 2036 scripturn
1405 1972 1506 2026 est,
1562 1981 1579 2013 ι
1622 1976 1778 2017 crura
1808 1962 2002 2016 divari-

430 2061 597 2115 castis
632 2058 780 2112 omni
808 2055 1107 2111 transeunti
1156 2055 1212 2121 ³;
1246 2072 1264 2105 ι
1297 2056 1367 2108 ita
1401 2064 1455 2108 ut
1484 2053 1642 2108 toties
1677 2054 1999 2107 sententiam

428 2148 792 2213 commutetis,
831 2147 1047 2216 quoties
1086 2145 1254 2209 velint
1292 2144 1327 2198 ii
1375 2145 1466 2214 qui
1526 2159 1621 2198 vos
1655 2144 1897 2199 mercede
1949 2154 2002 2199 et

431 2238 653 2308 prtemio
708 2237 1041 2299 conducunt.
1107 2233 1431 2303 Quanquam
1488 2233 1623 2287 nihil
1674 2236 1917 2296 interest,
1955 2235 1999 2289 si

430 2331 553 2399 quis
586 2344 692 2383 non
727 2326 956 2405 scriptas
980 2340 1141 2380 voces
1192 2322 1452 2394 proferat,
1497 2323 1625 2377 dum
1658 2323 1799 2393 piam
1825 2333 2002 2378 servet

430 2416 773 2471 stetitentiam.
835 2412 1131 2468 Haereticus
1190 2420 1370 2465 autem
1434 2411 1539 2476 vir,
1574 2411 1703 2466 licet
1761 2411 2001 2466 verbise

432 2507 709 2576 Scriptura
756 2504 1088 2574 depromptis
1133 2510 1337 2566 utatur,
1369 2500 1538 2555 nihilo
1580 2510 1754 2556 tamen
1788 2502 1992 2567 minus,

431 2608 718 2669 suspectus
747 2612 811 2652 ac
847 2603 1032 2653 mente
1090 2602 1377 2663 corruptus
1408 2608 1530 2647 cum
1585 2593 1676 2658 sit,
1729 2608 1761 2647 a
1796 2592 1995 2662 Spiritu

429 2700 619 2745 sancto
640 2688 821 2744 audiet
854 2706 866 2740 :
896 2705 913 2738 ι
937 2683 1116 2753 Quare
1146 2695 1201 2739 tu
1227 2700 1451 2740 enarras
1486 2684 1726 2755 justitias
1760 2700 1927 2750 meas,
1947 2696 1999 2739 et

429 2779 664 2833 assumis
690 2762 1069 2843 testamentum
1099 2790 1276 2833 meum
1299 2789 1394 2844 per
1414 2791 1474 2829 os
1503 2785 1652 2829 tuum
1707 2774 1728 2804 ⁸
1744 2774 1767 2828 ?
1786 2794 1803 2825 ι
1824 2773 2001 2839 Quare

430 2870 648 2923 diabolo
694 2870 820 2923 licet
878 2883 945 2922 ex
1009 2866 1305 2937 Scripturis
1357 2866 1594 2936 loquenti
1639 2880 1702 2921 os
1749 2881 1779 2919 a
1808 2863 1997 2919 Salva-

432 2970 548 3014 tore
586 2959 899 3015 obturatum
930 2968 1031 3011 est.
1068 2946 1266 3012 Beatus
1293 2966 1471 3011 autem
1504 2955 1723 3020 Paulus,
1748 2955 2000 3025 quamvis

428 3066 493 3103 ex
528 3048 771 3118 profanis
804 3049 1053 3118 loquatur
1090 3065 1104 3101 :
1160 3066 1178 3098 ι
1217 3046 1502 3101 Cretenses
1533 3060 1746 3116 semper
1773 3046 1996 3099 menda-

429 3155 518 3193 ces
568 3140 627 3205 ⁸;
665 3158 683 3191 ι
733 3146 819 3191 et:
855 3156 872 3189 ι
907 3136 1080 3207 Ipsius
1113 3137 1256 3190 enim
1283 3152 1452 3206 genus
1497 3151 1688 3189 sumus
1756 3138 1807 3200 ⁶;
1846 3155 1863 3186 ι
1902 3145 1993 3189 et:

2104 1870 2279 1940 χερῶς
2308 1871 2413 1924 τῶν
2449 1873 2722 1944 Πατέρων,
2752 1874 3149 1946 προφασίζεσθε
3172 1877 3227 1930 δὲ
3263 1878 3445 1943 ἁπλῶς
3472 1880 3571 1945 τὰς
3602 1880 3689 1933 λέ-

2106 1962 2237 2026 ξεις,
2264 1962 2339 2026 ὡς
2372 1965 2651 2034 ἀγράφους
2677 1984 2689 1996 ·
2725 1968 2817 2019 καὶ
2845 1968 2987 2021 κατὰ
3023 1969 3087 2021 τὸ
3118 1970 3518 2041 γεγραμμένον,
3552 1990 3569 2022 ι
3602 1972 3686 2024 δι-

2108 2053 2346 2106 ετείνατε
2385 2054 2451 2105 τὰ
2480 2054 2646 2125 σκέλη
2676 2057 2838 2109 παντὶ
2866 2058 3085 2129 παρόδῳ
3109 2076 3122 2087 ⁸
3149 2078 3166 2110 ι
3187 2058 3326 2113 ὥστε
3354 2061 3686 2125 τοσαυτάκις

2106 2144 2250 2213 ὑμᾶς
2286 2145 2735 2214 μεταϐάλλεσθαι,
2767 2148 2954 2211 ὁσάκις
2986 2148 3051 2203 ἂν
3074 2150 3218 2219 ὑμᾶς
3240 2152 3289 2202 ol
3332 2150 3685 2222 μισθούμενοι

2107 2235 2197 2286 καὶ
2250 2236 2608 2306 χορηγοῦντες
2655 2238 2783 2308 ὑμῖν
2827 2238 3125 2309 βούλονται.
3329 2243 3521 2296 Καίτοι
3577 2244 3685 2297 κᾶν

2105 2324 2384 2393 ἀγράφους
2398 2342 2483 2385 τις
2502 2324 2634 2396 λαλῇ
2656 2325 2853 2392 λέξεις,
2882 2327 3034 2380 οὐδὲν
3064 2328 3329 2399 διαφέρει,
3352 2330 3456 2393 ἕως
3480 2331 3682 2387 εὐσεϐῆ

2106 2415 2205 2484 τὴν
2229 2415 2466 2469 διάνοιαν
2484 2416 2616 2487 ἔχει.
2662 2417 2719 2469 '0
2750 2417 2806 2471 δὲ
2834 2418 3111 2489 αἱρετικὸς
3143 2419 3306 2490 ἀνὴρ,
3328 2418 3430 2473 κᾶν
3455 2420 3687 2483 τάςάπὸ

2106 2506 2214 2558 τῶν
2246 2506 2478 2577 Γραφῶν
2512 2510 2779 2578 χρήσηται
2813 2508 3004 2575 λέξεις,
3061 2510 3211 2562 οὐδὲν
3237 2506 3397 2581 ἦττον
3439 2510 3686 2576 ὕποπτος

2107 2595 2201 2657 ὢν,
2228 2596 2320 2647 καὶ
2351 2596 2441 2648 τὸν
2469 2596 2593 2650 νοῦν
2626 2596 3038 2667 διεφθαρμένος,
3075 2600 3364 2652 ἀκούσεται
3408 2599 3556 2670 παρὰ
3584 2600 3686 2653 τοῦ

2110 2686 2423 2756 Πνεύματος
2449 2705 2461 2716 ·
2510 2706 2527 2738 ι
2566 2689 2681 2740 Ἵνα
2708 2688 2759 2739 τί
2788 2689 2852 2740 σὺ
2882 2690 3042 2758 διηγῇ
3238 2690 3306 2742 τά
3338 2689 3691 2757 δικαιώματά

2111 2795 2231 2845 μου,
2262 2780 2353 2830 καὶ
2389 2779 2789 2849 άναλαμϐάνεις
2816 2779 2914 2849 τὴν
2950 2779 3216 2851 διαθήκην
3249 2798 3348 2851 μου
3369 2782 3456 2835 ua
3485 2782 3690 2853 στόμα-

2109 2868 2199 2930 τός
2246 2884 2339 2920 σου
2362 2886 2375 2935 ;
2398 2888 2415 2921 ι
2450 2869 2634 2932 Οὕτως
2678 2872 2706 2922 ὁ
2748 2870 2844 2940 μὲν
2872 2869 3142 2935 διάϐολος,
3172 2873 3348 2926 καίτοι
3374 2873 3548 2925 λαλῶν
3574 2876 3690 2927 άπὸ

2108 2960 2216 3013 τῶν
2263 2960 2513 3031 Γραφῶν,
2567 2961 2877 3031 πεφίμωται
2913 2962 3063 3034 παρὰ
3092 2963 3184 3017 τοῦ
3219 2965 3501 3035 Σωτῆρος·
3553 2968 3581 3019 ὀ
3625 2967 3688 3020 δὲ

2114 3052 2377 3121 μακάριος
2403 3052 2634 3116 Παῦλος,
2668 3053 2772 3106 κᾶν
2803 3057 2867 3108 ὲκ
2893 3055 3001 3108 τῶν
3034 3055 3230 3119 ἔξωθεν
3266 3055 3398 3125 λαλῇ
3420 3074 3433 3087 ο
3477 3076 3495 3106 ι
3526 3058 3687 3127 Κρῆ-

2110 3158 2201 3205 τες
2232 3143 2316 3195 ἀεὶ
2344 3142 2602 3211 ψεῦσταιο
2636 3162 2653 3193 ι
2703 3146 2797 3198 καὶ
2819 3186 2835 3211 ,
2896 3164 2914 3197 ι
2948 3145 3055 3198 Τοῦ
3094 3145 3203 3216 γάρ
3390 3146 3481 3198 καὶ
3527 3147 3689 3215 γένος

435 3248 453 3281 ι
489 3231 861 3298 Corrumpunt
892 3245 1070 3284 mores
1130 3230 1301 3282 bonos
1334 3227 1603 3295 colloquia
1654 3228 1819 3297 prava
1878 3229 1937 3295 ’ς
1974 3248 1991 3279 ι

2110 3235 2275 3305 ἐσμέν
2296 3252 2307 3263 ·
2355 3254 2371 3284 ι
2410 3236 2526 3296 καὶ,
2568 3254 2585 3285 ι
2616 3234 2932 3305 Φθείρουσιν
2964 3237 3068 3306 ῆθη
3095 3236 3305 3307 χρηστὰ
3336 3236 3538 3306 ὁμιλίαι
3582 3255 3693 3290 κα-

430 3332 664 3375 attamcn
692 3331 910 3375 sanctus
935 3335 1057 3377 cum
1096 3321 1186 3384 sit,
1222 3320 1362 3388 piam
1396 3319 1593 3374 reti'net
1621 3319 1946 3373 sententiam
1982 3337 1995 3372 :

428 3420 482 3463 et
512 3425 630 3463 cum
660 3409 861 3465 Christi
910 3417 1144 3473 mentem
1198 3407 1416 3472 habeat,
1456 3406 1705 3476 gentibus
1745 3409 1999 3478 magister

427 3513 508 3554 est
535 3502 653 3553 litlci
681 3510 731 3554 et
762 3501 1023 3565 veritatis,
1074 3508 1126 3552 et
1164 3515 1287 3553 cum
1329 3500 1529 3569 pietate
1587 3514 1797 3568 semper
1824 3499 1997 3567 loqui-

429 3602 536 3643 tur.
575 3590 910 3658 Ecquidnam
943 3588 1047 3643 ﬁde
1076 3590 1297 3659 dignum
1339 3590 1478 3643 inest
1529 3589 1797 3644 Arianicis
1832 3605 1997 3643 vocu-

427 3682 513 3744 lis,
549 3682 748 3750 quibus
770 3696 933 3735 eruca
958 3690 1012 3734 et
1040 3681 1248 3734 locusta
1296 3680 1562 3734 Salvatori
1627 3683 1991 3749 anteponitur,

428 3771 636 3842 ipsique
661 3770 773 3824 ha-c
803 3771 1043 3831 convicia
1078 3772 1363 3825 dicuntur:
1397 3771 1703 3840 Aliquando
1727 3760 1993 3836 noueras,

426 3873 476 3917 et
502 3846 717 3919 creatus
742 3878 821 3926 es,
854 3864 1179 3932 alicnusque
1204 3879 1265 3917 es
1298 3880 1327 3918 a
1364 3863 1474 3918 Deo
1522 3866 1822 3918 secundum
1866 3866 1994 3920 sub-

425 3954 678 4008 stantiam
703 3972 715 4007 :
736 3954 1050 4023 nullamque
1070 3956 1286 4007 demum
1318 3970 1422 4007 non
1448 3953 1727 4024 proferunt
1755 3956 1995 4022 blasphe-

431 4042 627 4097 miam?
662 4042 939 4112 Propalam
963 4050 1108 4096 certe
1130 4042 1355 4105 faciunt,
1379 4056 1436 4095 se
1460 4042 1603 4095 nulla
1622 4042 1725 4096 alia
1747 4041 1813 4095 de
1840 4054 2003 4093 causa

430 4153 550 4190 cum
582 4152 773 4204 magna
813 4136 1019 4205 synodo
1069 4150 1329 4203 pugnare,
1363 4149 1523 4202 quam
1558 4137 1701 4201 quod
1749 4132 2004 4184 Arianaua

432 4226 772 4279 damnaverit
804 4225 1077 4277 ltzeresim.
1118 4224 1193 4277 Ea
1228 4226 1388 4279 etiam
1424 4226 1528 4278 illis
1568 4239 1730 4276 causa
1762 4232 1844 4276 cst
1872 4238 2004 4275 cou-

434 4317 803 4371 substantialis
845 4332 1030 4369 vocem
1071 4318 1389 4371 criminandi
1441 4318 1507 4370 de
1540 4333 1642 4386 qua
1686 4315 1788 4384 ipsi
1845 4329 2009 4385 prave

436 4410 701 4463 sentiunt.
747 4407 801 4459 Si
840 4423 1069 4476 namque
1115 4419 1259 4459 recte
1287 4408 1593 4468 crederent.
1635 4406 1849 4461 Patrem
1886 4420 2010 4459 vere

2109 3324 2201 3376 καί
2222 3341 2234 3351 ·
2264 3344 2281 3375 ι
2307 3324 2418 3377 ἀλλ’
2444 3325 2614 3394 ὅμως,
2642 3324 2795 3392 ἅγιος
2822 3324 2919 3389 ὣν,
2945 3324 3058 3396 ἔχει
3081 3325 3180 3395 τὴν
3197 3324 3433 3379 διάνοιαν
3461 3327 3691 3395 εὐσεϐῆ·

2109 3416 2203 3467 καὶ
2228 3414 2322 3468 τοῦ
2356 3416 2591 3486 Χριστοῦ
2618 3415 2742 3469 νοῦν
2776 3415 2914 3486 ἔχων
2938 3456 2951 3479 ,
2986 3416 3299 3481 διδάσκαλός
3343 3419 3486 3469 ἐστιν
3516 3416 3695 3470 ὲθνων

2110 3505 2169 3555 ὲν
2197 3502 2376 3555 πίστει
2420 3505 2514 3555 καὶ
2554 3502 2814 3581 ἀληθείας
2863 3505 2957 3557 καὶ
2994 3504 3029 3557 ἃ
3051 3504 3220 3569 λαλεῖ,
3255 3505 3372 3575 μετ’
3404 3504 3695 3568 εὐσεϐείας

2112 3592 2422 3661 φθέγγεται.
2450 3595 2585 3646 Ποία
2622 3596 2799 3649 τοίνυν
2826 3598 2884 3649 ὲν
2906 3600 3020 3659 τοῖς
3059 3598 3351 3666 ’Λρειανοῖς
3509 3598 3668 3667 ρημα

2111 3685 2246 3746 τίοις
2291 3685 2394 3737 κᾶν
2426 3685 2716 3756 πιθανότης
2767 3688 2932 3751 ἐστὶν,
2964 3688 3022 3738 ὲν
3070 3684 3153 3749 οἷς
3207 3686 3538 3756 προτιμᾶται
3590 3687 3694 3739 τοῦ

2114 3775 2362 3845 Σωτῆρος
2395 3778 2427 3844 ἡ
2461 3775 2653 3847 κάμπη
2686 3778 2778 3829 καὶ
2812 3779 2844 3847 ἡ
2878 3778 3060 3849 άκρὶς,
3092 3780 3184 3830 xui.
3212 3777 3525 3849 λοιδορεῖται
3557 3778 3693 3847 παρ’

2113 3862 2319 3916 αὑτῶνο
2357 3864 2470 3915 Ούκ
2517 3860 2584 3933 ἧς
2614 3882 2765 3930 ποτε,
2820 3867 2913 3918 καὶ
2946 3866 3199 3937 ὲκτίσθης
3222 3908 3237 3931 ,
3278 3866 3423 3931 ξένος
3452 3883 3511 3918 τε
3566 3868 3695 3917 κατ’

2113 3953 2297 4007 οὐσίαν
2345 3954 2439 4006 τοῦ
2489 3955 2623 4008 Θεοῦ
2650 3956 2933 4025 τυγχάνεις
2954 3975 2966 3986 ο
3005 3959 3096 4011 καὶ
3136 3959 3271 4019 ὅλως
3300 3958 3451 4011 οὐδὲν
3481 3957 3696 4023 δυσφη-

2099 4038 2233 4115 μίας
2254 4038 2310 4089 ὲν
2347 4038 2530 4099 αὐτοῖς
2558 4036 3010 4106 παραλέλειπται.
3035 4038 3305 4108 Φανεροὺς
3332 4037 3423 4090 οῦν
3451 4040 3691 4101 ἑαυτοὺς

2109 4130 2242 4182 πᾶσι
2269 4129 2620 4190 καθιστῶσιν,
2648 4132 2727 4182 ὅτι
2754 4131 2820 4184 δι’
2855 4132 3007 4184 οὐδὲν
3031 4132 3218 4202 ἕτερον
3253 4131 3512 4201 μάχονται
3542 4132 3689 4200 πρὸς

2108 4223 2205 4291 τὴν
2243 4220 2458 4273 σύνοδον
2496 4221 2711 4289 ἐκείνην
2736 4222 2837 4293 τὴν
2866 4223 3184 4294 μεγάλην,ἢ
3216 4224 3297 4276 ὅτι
3331 4226 3429 4294 τὴν
3464 4224 3687 4293 Ἀρειαο

2110 4311 2205 4379 νὴν
2240 4311 2450 4379 αἵρεσιν
2495 4312 2806 4382 κατέκρινε.
2844 4315 2943 4366 Διά
2985 4314 3143 4367 τοῦτο
3186 4316 3294 4383 γὰρ
3321 4317 3411 4368 καὶ
3458 4318 3555 4384 τὴν
3588 4317 3692 4368 τοῦ

2111 4404 2400 4472 ὁμοουσίου
2435 4405 2578 4469 λέξιν
2609 4405 2977 4469 διαϐάλλουσι,
3015 4406 3199 4470 κακῶς
3237 4410 3389 4461 αὐτοὶ
3425 4410 3691 4478 Sagave-3v-

437 4499 651 4552 Patrcm
698 4498 1123 4553 confiterentur:
1178 4496 1373 4552 Filium
1412 4515 1536 4551 vero
1585 4500 1879 4569 genuinum
1922 4496 2001 4549 Fi-

2114 4510 2201 4555 τες
2233 4497 2328 4547 καὶ
2362 4498 2487 4565 περὶ
2514 4496 2702 4564 αὐτῆς.
2730 4498 2790 4549 Εἰ
2815 4496 2922 4568 γὰρ
2948 4499 3227 4551 ἐπίστευον
3247 4499 3445 4569 ὀρθῶς.
3480 4503 3572 4552 καὶ
3598 4502 3694 4555 τὸν

438 4592 591 4651 lium,
621 4598 675 4643 et
698 4598 888 4641 natura
914 4604 1099 4645 verum
1122 4592 1406 4642 crederent
1433 4589 1690 4654 Verbum,
1716 4599 1768 4642 et
1793 4590 2015 4657 Sapien-

441 4683 567 4736 tiam
621 4681 815 4734 Patris.
874 4681 1032 4746 Quod
1088 4690 1269 4734 autem
1319 4681 1515 4734 dicitur
1561 4697 1625 4736 ex
1680 4681 1789 4735 Deo
1818 4680 2013 4734 Filiqu

440 4792 581 4836 esse,
617 4776 663 4828 si
696 4791 802 4827 non
842 4783 897 4827 ιιι
932 4776 997 4827 de
1020 4773 1284 4827 creaturis
1317 4773 1533 4835 dicitur,
1562 4772 1631 4824 ita
1662 4772 1727 4824 de
1756 4771 1844 4825 illo
1873 4770 2017 4823 allir-

445 4876 689 4931 marent;
728 4866 823 4921 sed
850 4865 999 4921 illum
1028 4866 1347 4919 substantiae
1378 4863 1554 4917 Patris
1586 4863 1863 4933 propriam
1896 4878 2018 4917 esse

442 4960 650 5029 prolem
682 4958 1065 5029 intelligerent,
1089 4955 1545 5029 quemadmodum
1570 4954 1824 5023 splendor
1847 4970 1875 5007 a
1902 4954 2021 5006 luce

442 5065 621 5104 ortum
664 5049 845 5110 habet,
877 5063 1216 5117 nequaquam
1251 5047 1447 5118 singuli
1497 5061 1682 5101 eorum
1718 5046 1906 5099 Patres
1943 5044 2024 5098 in—

442 5152 748 5205 cusassent,
801 5157 864 5194 ac
898 5142 1077 5210 potius
1128 5140 1357 5194 ﬁdenter
1393 5139 1654 5194 dixissent
1700 5139 1837 5193 bene
1867 5152 2026 5207 syno-

448 5233 574 5287 dum
637 5233 941 5304 seripsisse,
980 5241 1033 5287 et
1089 5247 1205 5285 eam
1262 5247 1381 5291 esse
1429 5240 1627 5285 rectam
1682 5230 1749 5287 de
1796 5232 2022 5287 Domino

450 5336 634 5380 nostro
657 5326 785 5379 Jesu
820 5325 1033 5380 Christo
1070 5326 1247 5378 (idem.

527 5590 540 5616 ¹
571 5587 777 5639 Coloss.
815 5602 872 5645 ll,
911 5589 959 5641 ε).

1060 5592 1076 5620 ²
1112 5588 1264 5643 Joan.
1295 5605 1330 5653 ι,
1365 5588 1447 5643 16.

455 5654 475 5687 ⁷
506 5655 521 5709 l
554 5657 680 5710 Cor.
720 5672 806 5719 xv,
844 5658 926 5710 55.

1547 5591 1561 5619 ⁵
1600 5590 1795 5645 Ezcclt.
1835 5608 1945 5651 xu,
1982 5594 2069 5645 illi.

2119 4586 2216 4654 μὲν
2251 4588 2464 4655 Πατέρα
2496 4587 2712 4656 Πατέρα
2742 4588 2955 4656 άληθῶς
2991 4589 3319 4657 ὡμολόγουν,
3353 4591 3443 4641 τὸν
3472 4591 3528 4642 δὲ
3558 4591 3695 4642 Υιὸν

2118 4676 2338 4745 γνήσιον
2367 4675 2491 4726 Υίῦν
2524 4678 2616 4728 καὶ
2666 4676 2822 4743 φύσει
2852 4678 3103 4747 ἀληθινὸν
3134 4682 3442 4749 Λόγον,κα“ι
3494 4681 3698 4747 Σοφίαν

2119 4768 2401 4820 ιπίστευον
2432 4761 2570 4819 εἶναι
2616 4768 2710 4820 τοῦ
2746 4770 2953 4839 Πατρός
2976 4784 2987 4796 ⁸
3025 4769 3085 4822 τὸ
3127 4788 3183 4822 τε
3213 4773 3274 4823 ὲκ
3304 4771 3396 4823 τοῦ
3442 4771 3579 4823 Θεοῦ
3608 4773 3700 4823 λέ-

2121 4874 2238 4925 γειν
2260 4859 2350 4909 τὸν
2387 4859 2531 4923 Υἱῦν,
2574 4861 2621 4910 εί
2658 4860 2752 4929 μὴ,
2789 4860 2977 4929 ὥσπερ
3022 4862 3238 4928 λέγεται
3270 4856 3400 4932 περὶ
3437 4865 3545 4915 τῶν
3580 4882 3701 4917 κτι-

2127 4949 2366 5015 σμάτων,
2398 4946 2569 5010 οῦτως
2598 4948 2783 5016 ἔλεγον
2816 4952 2911 5002 καὶ
2940 4951 3067 5019 περὶ
3098 4950 3282 5012 αὑτοῦ,
3318 4949 3453 5003 ἀλλά
3486 4952 3588 5020 τῆς
3612 4953 3701 5004 οὐ·

2128 5040 2248 5099 σίας
2284 5038 2376 5091 τοῦ
2429 5040 2637 5107 Πατρὺς
2678 5040 2807 5091 ἴδιον
2838 5040 2996 5092 αὐτὸν
3026 5042 3207 5093 ὲνόουν
3240 5039 3377 5093 εἶναι
3427 5044 3697 5113 γέννημα,

2128 5133 2201 5194 ὡς
2226 5132 2338 5183 ἐστι
2365 5131 2422 5184 τὸ
2443 5130 2781 5199 ἀπαύγασμα
2805 5134 2867 5183 ὲκ
2890 5132 2983 5184 τοῦ
3013 5134 3187 5201 φωτός
3216 5151 3228 5165 ·
3248 5134 3349 5185 οῦκ
3374 5132 3438 5186 ἂν
3468 5133 3701 5196 ἕκαστος

2130 5227 2308 5280 αὐτῶν
2341 5227 2634 5296 κατηγόρει
2680 5227 2786 5279 τῶν
2821 5228 3111 5298 Πατέρων·
3157 5229 3270 5281 ἀλλ’
3304 5228 3592 5298 ἐθάρρουν,
3620 5230 3698 5281 ὅτι

2130 5320 2309 5378 καλὼς
2354 5319 2589 5388 ἔγραᾲεν
2620 5321 2651 5390 ἡ
2699 5319 2955 5378 σύνοδος·
2994 5324 3086 5373 καὶ
3111 5320 3281 5383 οὕτως
3317 5323 3466 5372 ἐστὶν
3504 5322 3537 5390 ἡ
3565 5320 3697 5389 ὀρθὴ

2130 5412 2257 5479 περὶ
2292 5411 2384 5461 τοῦ
2423 5411 2627 5479 Κυρίου
2660 5411 2817 5478 ἡμῶν
2867 5412 3041 5478 Ἰησοῦ
3078 5412 3312 5484 Υριστοῦ
3352 5413 3559 5476 πίστις.

2168 5594 2181 5623 ³
2212 5591 2328 5646 I’sal

2392 5609 2533 5655 xux,
2592 5594 2669 5647 l6.
2751 5596 2767 5621 ⁵
2807 5594 2910 5647 Tit.
2950 5612 2983 5655 ι,
3045 5595 3123 5648 12.
3203 5596 3369 5648 ‘Act.
3426 5609 3561 5659 xvtt,
3606 5592 3691 5655 23.
