4008 6208
234 325 323 390 469

1183 315 1562 379 PANOPLIA
1598 312 2056 376 DOGMATICA.
2105 338 2172 351 -
2208 312 2358 375 TiT.
2402 313 2489 374 XI

3359 309 3471 373 4ἷο

299 440 427 496 Ἀλλ’
486 433 731 509 ἀσαφὴς,
798 434 985 506 φασιν,
1044 431 1195 486 ἐστὶν
1258 408 1391 503 ἡμῖν
1445 428 1553 482 τῶν
1612 426 1790 480 τοιού-

1964 424 2094 490 Sed,
2146 425 2322 491 aiunt,
2373 425 2605 481 obscura
2660 424 2820 480 nobis
2878 430 2964 480 est
3020 421 3216 479 borum
3271 422 3469 477 verba-

220 545 318 591 των
364 531 566 597 λέξεων
610 531 653 601 ἡ
687 528 917 609 διάνοια.
951 525 1067 582 Καὶ
1117 523 1279 579 τοῦτο
1321 523 1432 594 γὰρ
1488 519 1789 591 προεφασί-

230 646 391 693 σαντο,
418 626 677 697 λέγοντες
698 665 713 689 ,
739 625 855 687 ὅτι,
901 622 976 695 μὴ
1018 620 1301 691 δυνάμενοι
1334 612 1659 671 καταλαϐεῖν
1691 611 1787 680 τὴν

231 717 509 792 ἑρμηνείαν
555 714 770 780 αὐτῶν,
828 713 1160 784 ἐκϐάλλομεν
1190 708 1395 772 ταύτας
1443 705 1538 770 τὰς
1596 702 1788 767 λέξεις.

230 810 385 864 Τοῦτο
415 808 475 861 δὲ
503 808 557 860 εί
587 805 805 877 ἀληθῶς
838 805 1021 874 ἔλεγον
1044 843 1059 869 ,
1084 801 1185 856 οὐκ
1222 796 1329 853 ἔδει
1366 797 1544 867 λέγειν
1572 794 1788 857 αὐτοὺς,

241 897 599 968 ἐκϐάλλομεν
630 896 866 975 ταύτας*
901 892 1014 948 ἀλλ’
1053 890 1239 962 ⁴Ιγξίουν

230 990 325 1043 τῶν
345 986 751 1058 ὲπισταμένων,
779 985 902 1038 ἐπεὶ
930 980 1202 1053 όφείλουσί
1232 997 1319 1051 γε,
1343 978 1439 1034 καὶ
1467 978 1610 1049 άπερ
1634 975 1698 1029 ἂν
1734 975 1794 1028 ἐν

231 1083 337 1145 ταῖς
362 1078 538 1142 θείαις
563 1078 810 1149 Γραφαῖς
835 1073 915 1146 μὴ
937 1074 1200 1146 νοήσωσιν
1227 1069 1524 1133 ἐκϐάλλειν,
1546 1068 1638 1121 καὶ
1660 1082 1794 1121 κατ-

354 1171 437 1222 εἴν
486 1170 617 1222 τοὺς
670 1165 988 1222 γράψαντας
1204 1160 1367 1217 αὐτά.
1425 1158 1585 1213 Ἀλλὰ
1640 1156 1731 1211 τοῦ

228 1171 437 1243 ηγορεῖν
486 1170 617 1231 τοὺς
670 1165 988 1238 γράψαντας
1204 1160 1367 1217 αὐτά.
1425 1158 1585 1213 Ἀλλὰ
1640 1158 1798 1211 τοῦτο

215 1233 431 1333 ιμᾶλλον
459 1256 777 1329 αίρετικῶν,
804 1257 899 1312 καὶ
926 1257 1025 1326 οὐχ
1050 1252 1207 1325 ἡμῶν
1224 1251 1334 1304 τῶν
1369 1245 1713 1321 Χριστιανῶν
1738 1246 1799 1299 τὺ

226 1353 499 1423 τόλμημα.
534 1350 605 1402 ’Δ
637 1349 746 1421 γὰρ
767 1347 1066 1419 ἀγνοοῦμεν
1098 1346 1156 1398 ὲν
1187 1344 1300 1407 τοῖς
1315 1340 1548 1410 λογίοις,
1573 1340 1673 1392 οὐκ
1704 1340 1800 1391 ὲκ-

227 1443 516 1514 ϐάλλομεν,
545 1438 685 1495 ἀλλὰ
710 1438 874 1511 ζητού
884 1455 980 1510 μεν
1007 1436 1100 1499 οὒς
1122 1432 1469 1503 ἀπεκάλυψεν
1627 1432 1656 1483 6
1685 1428 1801 1485 Κύ-

228 1552 362 1607 ριος,
389 1534 487 1586 καὶ
513 1532 647 1603 παρ’
679 1530 859 1585 αὐτῶν
882 1527 1169 1601 μανθάνειν
1193 1524 1470 1595 ἀξιοῦμεν.
1502 1518 1719 1590 Ἐπειδῆ
1745 1519 1802 1573 δὲ

227 1622 321 1678 καὶ
358 1622 506 1676 οὕτω
533 1619 963 1693 προφασίζονται
985 1616 1084 1688 τὴν
1106 1615 1374 1685 ἀσάφειαν
1404 1610 1514 1665 τῶν
1546 1608 1803 1664 τοιούτων

224 1714 425 1779 λέξεων
448 1755 464 1779 ,
502 1710 937 1783 όμολογείτωσαν
973 1706 1104 1778 γοῦν
1125 1705 1200 1759 τὰ·
1219 1695 1377 1767 εὐθὺς
1415 1702 1803 1773 ἐπιφερόμενα,

1418 885 1609 959 μαθεῖν
1641 901 1715 937 πα
1723 882 1791 956 ρὰ
1901 877 1997 934 sed

1896 533 2015 572 rum
2069 516 2363 573 sententia.
2401 516 2476 573 Ea
2507 516 2653 573 enim
2702 515 2805 572 fuit
2844 515 3019 572 futilis
3066 515 3349 571 hominum
3379 530 3474 570 ex-

1902 602 2116 659 cusatio
2149 616 2165 656 :
2196 617 2325 658 cum
2359 616 2467 656 non
2490 601 2767 671 possimus
2817 598 3108 654 verborum
3139 599 3466 668 interpreta—

1904 694 2106 748 tionem
2133 693 2372 764 assequi,
2402 693 2491 747 illa
2521 693 2822 763 rejicimus.
2851 690 2919 745 At
2954 689 3000 745 si
3032 688 3247 744 sincero
3273 688 3466 757 loque-

1906 792 2095 841 rentur
2131 786 2337 851 animo,
2365 799 2474 839 non
2502 783 2706 838 dictum
2744 780 3006 852 oportuit,
3038 779 3128 833 illa
3152 778 3469 847 rejicimus;

2219 874 2544 933 sciscitaturi
2578 884 2734 931 erant
2759 882 2819 928 ut
2848 890 2878 926 a
2912 871 3102 941 peritis
3130 870 3468 926 ediscerent:

1905 969 2109 1040 alioqui
2148 969 2397 1040 rejiciant
2429 966 2691 1039 quidquid
2710 966 2765 1020 in
2788 962 3086 1034 Scripturis
3139 960 3337 1016 divinis
3361 974 3469 1014 non

1907 1061 2232 1133 intelligunt,
2262 1075 2469 1131 eosque
2497 1060 2589 1130 qui
2648 1058 2741 1113 illa
2774 1055 3042 1130 scripsere
3093 1051 3469 1108 criminentur.

1908 1153 2013 1209 Sed
2039 1152 2411 1207 haereticorum
2440 1150 2620 1222 potius
2653 1164 2817 1231 quam
2859 1154 3107 1201 nostrum
3128 1142 3470 1199 Christiano-

1908 1254 2027 1300 rum
2067 1244 2233 1300 fuerit
2261 1243 2488 1301 audacia
2530 1240 2821 1314 ejusmodi.
2868 1239 3000 1305 Quae
3041 1236 3188 1291 enim
3220 1235 3274 1290 in
3302 1235 3475 1290 sacris

1907 1337 2138 1407 eloquiis
2166 1342 2273 1390 n‘on
2314 1335 2686 1407 intelligimus,
2717 1347 2824 1387 non
2868 1331 2990 1385 ideo
3018 1327 3321 1398 rejicimus,
3381 1325 3473 1380 sed

1909 1431 1976 1483 ab
2011 1429 2078 1484 iis
2104 1427 2423 1499 quaerimus,
2465 1427 2535 1481 ab
2564 1427 2632 1480 iis
2657 1422 2902 1480 ediscere
2935 1418 3301 1490 postulamus,
3353 1415 3476 1486 qui—

1910 1523 2015 1576 bus
2036 1518 2297 1576 Dominus
2326 1517 2601 1573 revelavit.
2631 1515 2847 1578 Verum,
2871 1511 2998 1581 quia
3031 1524 3151 1565 eam
3181 1507 3474 1562 verborum

1909 1615 2294 1669 obscuritatem
2325 1615 2648 1680 przetexunt,
2682 1605 2956 1660 fateantur
2977 1616 3109 1674 ergo
3132 1616 3253 1671 quae
3291 1599 3474 1655 statim

1912 1706 2240 1768 inferuntur,
2300 1711 2355 1758 et
2409 1700 2755 1756 anathemate
2793 1698 3050 1753 damnent
3089 1708 3187 1748 eos
3213 1692 3307 1763 qui
3355 1701 3479 1746 sen-

226 1807 317 1863 καὶ
342 1780 891 1876 ἀναθεματιξέτωσαν
912 1799 1039 1864 τοὺς
1061 1794 1410 1870 φρονοῦντας,
1437 1793 1497 1860 ὲξ
1515 1793 1615 1846 οὐκ
1636 1791 1805 1844 ὄντων

1920 1798 2070 1857 liunt,
2091 1811 2157 1851 ex
2181 1810 2288 1851 non
2322 1793 2662 1850 exstantibus
2687 1804 2808 1847 esse
2836 1788 3057 1854 Filium,
3081 1797 3136 1842 et
3173 1797 3283 1839 non
3311 1780 3482 1838 fuisse

227 1895 369 1954 εἶναι
396 1897 491 1951 τὸν
523 1896 677 1959 Υἱὺν,
727 1894 841 1958 καὶ,
872 1892 985 1947 Οὐκ
1010 1886 1079 1963 ἦν
1124 1888 1253 1961 πρὶν
1282 1887 1552 1957 γεννηθῇ,
1592 1883 1686 1937 καὶ
1725 1882 1806 1935 ὅτι

230 1990 436 2059 κτίσμα
469 1986 569 2040 καὶ
610 1984 821 2055 ποίημά
861 1984 1008 2036 ἐστιν
1037 1983 1068 2035 6
1105 1980 1198 2035 τοῦ
1244 1978 1378 2033 Θεοῦ
1424 1977 1595 2046 Λόγος
1622 1993 1635 2007 ·
1690 1973 1805 2040 καὶ,

233 2083 276 2136 Τ
278 2079 484 2153 ρεπτός
515 2079 636 2130 ἐστι
817 2076 884 2146 τῇ
914 2073 1104 2144 φύσειο
1148 2071 1276 2136 καί,
1316 2065 1406 2137 Ἐξ
1443 2068 1632 2138 ἑτέρας
1673 2067 1807 2121 ὑπο-

237 2173 482 2234 στάσεως
502 2187 516 2200 ·
543 2167 642 2222 καὶ
669 2166 805 2230 ὅλως
828 2161 1369 2234 ἀναθεματιςέτωσαν
1393 2177 1493 2232 την
1531 2157 1811 2231 ’Δρειανὴν

237 2264 472 2336 αἰρεσιν,
498 2259 601 2331 τὴν
623 2255 961 2328 ὲφευροῦσαν
981 2253 1078 2325 τὴν
1105 2250 1358 2321 τοιαύτην
1542 2244 1814 2303 ἀσέϐειαν.

238 2355 351 2407 Kal
386 2349 575 2405 λοιπὸν
623 2347 700 2419 μὴ
734 2346 1062 2416 λεγέτωσαν,
1101 2340 1465 2412 Ἐκϐάλλομεν
1497 2338 1596 2404 τὰς
1618 2337 1813 2404 λέξεις,

239 2442 358 2497 ἀλλ’
382 2442 464 2495 ὅτι
485 2438 656 2493 Οὔπω
683 2434 909 2507 νοοῦμεν
935 2432 1104 2495 αὑτάς
1120 2446 1135 2460 ⁸
1158 2430 1249 2485 ἵνα
1273 2427 1416 2483 οὕτω
1436 2426 1667 2497 πιθανήν
1694 2441 1817 2478 τινα

241 2534 515 2605 πρόφασιν
542 2530 710 2600 ἔχωσι
740 2527 835 2582 τοῦ
853 2521 1237 2598 παραιτεῖσθαι
1266 2519 1488 2582 ταύτας.
1516 2511 1591 2571 Εὖ
1619 2517 1675 2569 δὲ
1697 2511 1816 2571 οῖδα

244 2625 339 2679 καὶ
369 2622 697 2691 πέπεισμαι,
732 2617 824 2672 καὶ
852 2616 1003 2669 αὐτοὶ
1034 2610 1093 2668 δέ
1122 2610 1280 2665 τοῦτο
1323 2608 1705 2679 γινώσκουσιν,
1735 2606 1819 2659 ὅτι

242 2714 415 2769 ταῦτα
466 2712 567 2766 ἐὰν
630 2707 1027 2781 ὁμολογήσωσι,
1084 2704 1179 2758 καὶ
1229 2700 1665 2772 ἀναθεματίσωσι
1720 2698 1821 2770 τὴν

254 2803 541 2878 ’Δρειανὴν
573 2800 809 2872 αἵρεσιν,
840 2797 942 2850 οὐκ
960 2793 1286 2867 ἀρνήσονται
1308 2789 1563 2852 κάκείνας
1593 2786 1694 2852 τὰς
1720 2788 1822 2857 τῆς

246 2898 466 2953 συνόδου
496 2893 695 2960 λέξεις.
722 2890 821 2945 Διά
842 2888 1002 2943 τοῦτο
1025 2885 1135 2959 γὰρ
1162 2885 1256 2939 καὶ
1285 2886 1334 2937 oi.
1362 2880 1603 2954 Πατὲρες
1622 2921 1638 2946 ,
1666 2881 1822 2951 εῐρηο

246 2992 403 3053 κότες
428 2989 496 3041 ἑκ
515 2988 619 3057 τῆς
648 2983 836 3046 οὐσίας
856 2978 1113 3054 γεννητὸν
1138 2976 1230 3031 τὸν
1262 2974 1394 3029 Υίδν
1435 2972 1717 3045 ὁμοούσιον
1743 2971 1824 3042 τῷ

250 3079 449 3150 Πατρὶ,
479 3075 644 3137 εὐθὺς
662 3072 940 3142 ἐπήγαγον
960 3084 976 3101 ο
1010 3067 1137 3130 τοὺς
1163 3064 1220 3118 δὲ
1256 3062 1516 3131 λέγοντας
1543 3059 1614 3114 τὰ
1642 3073 1823 3128 προειο

1912 1899 2202 1959 antequam
2236 1888 2569 1958 gigneretur,
2619 1892 2675 1938 et
2716 1888 3035 1964 creaturam
3088 1877 3481 1948 opiﬁciumque

1912 1992 2035 2038 esse
2068 1979 2160 2037 Dei
2207 1978 2493 2037 Verbum:
2538 1989 2734 2035 natura
2785 1974 3048 2032 mutabile
3110 1988 3254 2039 esse,
3323 1979 3378 2026 et
3412 1984 3475 2025 ex

1914 2072 2020 2130 alia
2046 2073 2351 2128 substantia
2376 2089 2391 2139 ;
2418 2069 2759 2138 demumque'
2791 2066 3048 2120 Ai‘ianam
3080 2063 3343 2118 damnent
3372 2059 3481 2114 ha;-

1915 2168 2080 2226 resim
2121 2179 2243 2237 quae
2280 2161 2597 2233 liujusmodi
2641 2158 2970 2227 impietatem
3026 2152 3374 2223 excogitavit.
3406 2147 3484 2205 Ne

1916 2261 2101 2318 dicant
2121 2256 2394 2324 deinceps,
2430 2250 2505 2307 Ea
2540 2248 2701 2305 verba
2734 2245 3007 2316 rejicimus
3035 2260 3052 2311 ;
3087 2242 3201 2309 sed,
3230 2239 3481 2295 Nondum

1919 2353 2009 2408 illa
2039 2346 2427 2418 intelligimus;
2462 2350 2523 2397 ut
2569 2340 2650 2397 sic
2681 2336 3028 2394 verisimilem
3081 2348 3142 2391 ea
3196 2331 3484 2388 recusandi

1919 2452 2139 2497 causam
2168 2433 2412 2492 atl‘erant.
2443 2430 2617 2495 Probe
2668 2427 2783 2484 scio
2824 2433 3004 2481 autem
3050 2432 3114 2479 ac
3144 2421 3485 2492 exploratum

1922 2533 2115 2597 habeo,
2151 2529 2294 2601 quod
2335 2525 2440 2598 ipsi
2493 2534 2709 2594 quoque
2735 2534 2841 2574 non
2891 2518 3163 2588 ignorant,
3196 2529 3291 2570 eos
3312 2512 3358 2569 si
3386 2513 3486 2568 ista

1923 2624 2284 2683 conﬁteantur
2310 2628 2365 2675 et
2401 2616 2659 2671 Arianam
2692 2609 2923 2666 baeresin
2970 2605 3314 2661 anathemate
3336 2601 3491 2656 dam-

1924 2724 2075 2783 nent,
2107 2711 2302 2787 synodi
2348 2708 2513 2766 verba
2570 2718 2677 2760 non
2733 2709 3048 2770 negaturos.
3105 2694 3314 2751 idcirco
3343 2692 3491 2749 enim

1924 2809 2115 2865 Patres
2136 2784 2261 2863 cum
2292 2802 2562 2859 dixissent
2590 2811 2658 2852 ex
2681 2792 2990 2851 substantia
3036 2786 3218 2843 Patris
3246 2784 3490 2857 genitum

1927 2901 2122 2956 Filium
2152 2910 2274 2952 esse
2300 2892 2451 2947 Patri
2479 2882 3023 2947 consubstantialem,
3073 2878 3259 2935 statim
3295 2875 3501 2931 intule-

1928 3000 2056 3050 runt
2085 3009 2100 3046 :
2126 2989 2234 3044 Eos
2265 2994 2445 3042 autem
2468 2981 2563 3054 qui
2584 2978 2836 3051 praedicta
2860 2974 2953 3030 illa
2983 2971 3200 3026 Arianae
3221 2969 3496 3023 haereseos

1928 3081 2094 3138 verba
2143 3078 2354 3140 dicunt,
2393 3068 2733 3128 anathemate
2783 3066 3109 3122 damnamus
3143 3078 3159 3127 ;
3220 3068 3282 3114 ut
3313 3064 3497 3113 osten-

250 3172 496 3245 ρημένα,
529 3170 679 3240 ἅπερ
714 3167 835 3220 ἐστὶ
860 3164 960 3233 τῆς
999 3159 1286 3233 Ἀρειανῆς
1317 3156 1604 3228 αἱρέσεως.
1635 3151 2134 3222 ἁναθεματίζομεν.

803 3262 900 3316 Ἐκ
919 3257 1027 3327 τῆς
1054 3255 1267 3324 αὐτῆς.

2565 3242 2650 3298 Ea:
2671 3238 2874 3298 eadem.

327 3367 479 3436 Πρὸς
492 3364 555 3419 δὲ
578 3363 706 3426 τοὺς
718 3357 1147 3431 ἀποδεχομένους
1166 3356 1239 3408 τὰ
1259 3352 1356 3424 μὲν
1372 3351 1506 3408 ἄλλα
1525 3351 1706 3405 πάντα
1720 3350 1815 3404 τῶι

2006 3344 2168 3403 Viros
2191 3353 2374 3403 autem
2401 3344 2495 3415 qui
2522 3345 2625 3399 alia
2653 3341 2867 3411 quidem
2884 3336 3066 3394 omnia
3081 3333 3496 3422 Nicazatscripta

255 3461 314 3513 hi
340 3456 561 3527 Νικαίᾳ
590 3452 942 3523 γραφέντων,
970 3446 1104 3518 περὶ
1127 3445 1184 3499 δὲ
1226 3444 1388 3514 μόνον
1438 3443 1503 3495 τὸ
1540 3439 1830 3510 όμοούσιον

256 3541 854 3621 ἀμφιϐάλλοντας-,χρὴ
881 3540 954 3611 μὴ
977 3540 1052 3602 ὡς
1075 3537 1212 3609 πρὸς
1238 3536 1472 3621 ,ἐχθροὺς
1500 3533 1827 3588 διακεῖσθαι’

255 3620 490 3712 καὶγὰρ
512 3639 613 3693 καὶ
633 3638 800 3708 ἡμεῖς
819 3636 921 3703 οὐχ
936 3631 1009 3695 ὡς
1029 3629 1168 3701 πρὸς
1183 3620 1830 3712 Ἀρειομανίταῃῃούόίξη

256 3701 601 3795 μαχομένους
626 3701 763 3788 πρὸς
791 3701 917 3779 τοὺς
940 3713 1189 3784 Πατέρας
1220 3707 1568 3778 ἐνιστάμεθα,
1609 3703 1722 3759 ἀλλ’
1756 3701 1833 3763 ὼς

508 3806 648 3877 πρὸς
672 3803 929 3872 ἀδελφοὺς
960 3796 1320 3869 διαλεγόμεθα
1343 3837 1359 3861 ,
1388 3797 1487 3865 τὴν
1526 3791 1698 3863 αὐτὴν
1734 3789 1833 3860 μὲν

259 3903 391 3972 ἡμῖν
418 3899 657 3952 διάνοιαν
682 3895 924 3966 ἔχοντας,
955 3891 1085 3962 περὶ
1104 3890 1161 3944 δὲ
1180 3887 1242 3942 τὸ
1271 3887 1442 3956 ὄνομα
1473 3884 1630 3955 μόνον
1653 3880 1835 3936 διστά-

260 3968 478 4052 ζοντας.
505 3985 618 4040 Καὶ
640 3983 751 4054 γὰρ
771 3978 1157 4052 ὁμολογοῦντες
1179 3978 1246 4031 ὲκ
1274 3975 1373 4046 τῆς
1395 3972 1584 4036 οὐσίας
1608 3968 1702 4024 τοῦ
1731 3969 1837 4021 Πα-

261 4079 389 4148 τρὸς
417 4071 579 4138 εἶναι,
610 4072 707 4126 καὶ
732 4070 806 4141 μὴ
838 4068 898 4135 ἐξ
944 4065 1135 4139 ἑτέρας
1166 4063 1516 4122 ὑποστάσεως
1562 4058 1653 4123 τὸν
1683 4056 1835 4121 Υἰὺν,

263 4146 469 4237 κείσμα
502 4181 562 4217 τε
588 4162 664 4234 μὴ
687 4156 848 4225 εἶναι,
878 4157 1014 4230 μηδὲ
1046 4155 1257 4226 ποίημα
1286 4150 1449 4206 αὐτὸν
1469 4191 1483 4215 ,
1526 4146 1663 4203 ἀλλὰ
1703 4146 1833 4215 γνή-

267 4274 379 4311 σιον
400 4256 497 4310 καὶ
524 4255 681 4324 φύσει
707 4252 950 4322 γέννημα
972 4246 1157 4311 ἀϊδίως
1183 4262 1244 4298 τε
1413 4240 1575 4295 αὐτὸν
1602 4239 1839 4292 συνεῖναι

267 4350 343 4419 τῷ
365 4350 545 4419 Πατρὶ
573 4347 746 4414 Λόγον
782 4344 911 4397 ὅντα
944 4341 1038 4394 καὶ
1078 4338 1278 4409 Σοφίαν
1298 4379 1313 4403 ,
1354 4337 1414 4390 οὐ
1454 4334 1671 4407 μακράν
1703 4332 1841 4384 εἰσιν

267 4439 627 4506 ἀποδέξασθαι
650 4437 746 4491 καὶ
763 4434 860 4507 τὴν
887 4433 981 4487 τοῦ
1147 4430 1432 4503 ὁμοουσίου
1456 4425 1621 4492 λέξιν.
1655 4421 1841 4476 Τοιού-

1935 3440 2227 3513 recipiunt,
2257 3439 2325 3495 de
2362 3409 2482 3493 solo
2506 3409 2687 3493 autem
2716 3427 3207 3489 consubstantialis
3233 3409 3498 3480 chabulo

1937 3532 2238 3602 ambigunt,
2271 3543 2379 3584 non
2413 3537 2475 3583 ut
2499 3527 2753 3583 inimicos
2781 3525 3015 3593 spectari
3046 3534 3143 3586 par
3184 3527 3287 3573 est.
3314 3517 3499 3585 Neque

1938 3620 2081 3674 enim
2125 3619 2273 3674 velut
2304 3617 2695 3681 Ariomanitas,
2751 3622 2843 3667 aut
2872 3610 3098 3664 Patrum
3126 3606 3498 3665 adversarios,

1933 3704 2183 3758 homines
2236 3700 2584 3771 aggredimur
2617 3716 2630 3763 ;
2668 3697 2763 3753 sed
2815 3696 3159 3763 disputamus
3201 3690 3363 3744 Veluti
3392 3687 3497 3742 fra-

1935 3802 2045 3847 tres
2071 3804 2196 3845 cum
2222 3787 2501 3851 fratribus,
2553 3786 2648 3856 qui
2690 3783 2878 3839 eadem
2915 3796 3023 3851 qua
3057 3793 3159 3834 nos
3197 3784 3325 3833 sunt
3377 3790 3499 3830 sen-

1934 3884 2123 3947 tentia,
2146 3879 2263 3935 solo
2291 3878 2511 3933 nomine
2540 3876 2595 3929 in
2630 3872 3055 3931 controversiam
3091 3869 3344 3925 adducto.
3363 3864 3501 3920 Cum

1935 3976 2081 4033 enim
2112 3971 2476 4030 conﬁteantur
2508 3982 2575 4023 ex
2623 3963 2930 4020 substantia
2987 3961 3165 4016 Patris
3208 3970 3261 4014 et
3295 3972 3403 4013 non
3435 3970 3503 4012 ex

1936 4068 2041 4122 alia
2063 4062 2362 4123 substantia
2387 4074 2506 4118 esse
2536 4055 2754 4123 Filium,
2784 4069 2884 4109 mc
2920 4063 3226 4109 creaturam
3274 4049 3359 4104 vel
3388 4048 3506 4118 opi-

1936 4159 2123 4215 ﬁcium
2184 4155 2337 4210 illum
2379 4166 2552 4209 esse:
2608 4148 2705 4206 sed
2757 4141 3506 4218 genuinam‘naturalemque

1938 4252 2170 4324 prolem,
2204 4261 2258 4303 et
2281 4248 2348 4302 ab
2376 4254 2577 4301 aeterno
2599 4257 2705 4297 una
2733 4254 2858 4295 cum
2884 4236 3045 4292 Patre
3072 4234 3309 4290 Verbum
3333 4243 3386 4287 et
3408 4229 3509 4287 Sa-

1941 4344 2200 4415 pientiam
2228 4339 2512 4403 exsistere,
2565 4350 2675 4391 non
2704 4334 2863 4402 longe
2891 4330 3091 4385 absunt
3134 4342 3164 4381 a
3202 4324 3509 4394 recipienda

1942 4429 2426 4492 consubstantialis
2451 4442 2605 4482 voce.
2626 4426 2776 4480 Talis
2796 4430 2882 4479 est
2911 4419 3143 4476 Basilius
3168 4418 3397 4487 Ancyra:
3417 4415 3508 4483 qui

264 4549 357 4597 τος
376 4533 434 4587 δέ
460 4533 579 4585 ἐστι
608 4528 884 4590 Βασίλειος
912 4528 941 4579 ό
973 4524 1082 4579 ἀπὸ
1121 4522 1427 4596 Ἀγκύρας,
1458 4516 1673 4592 γράψας
1718 4531 1815 4586 περ

1944 4527 2011 4583 de
2032 4526 2137 4581 ﬁde
2170 4523 2408 4593 scripsit.
2439 4518 2672 4587 Nam,,si
2698 4515 2893 4575 similis
2927 4519 3135 4568 tantum
3188 4509 3401 4564 dicatur
3430 4520 3514 4561 se-

267 4596 530 4687 πίστεως.
556 4619 632 4676 Τὸ
657 4620 755 4691 μὲν
782 4618 892 4689 γὰρ
909 4618 1092 4688 ὅμοιον
1124 4616 1280 4686 μόνον
1309 4613 1489 4681 λέγειν
1514 4609 1632 4664 κατ’
1660 4606 1815 4661 οὐσία

1949 4619 2188 4674 cundum
2222 4612 2609 4677 substantiam,
2639 4610 2692 4665 id
2719 4623 2828 4664 non
2876 4606 3017 4661 idem
3051 4610 3278 4673 prorsus
3307 4596 3515 4667 signiﬁ-

264 4717 326 4769 οὐ
354 4717 575 4777 πάντως
606 4690 861 4783 σημαίνει
883 4709 1062 4764 καὶτὸ
1089 4710 1155 4761 ὲκ
1177 4707 1274 4777 τῆς
1297 4705 1504 4767 οὐσίας,
1538 4701 1598 4768 ἐξ
1630 4693 1690 4755 οὗ
1716 4697 1815 4769 ita)

1920 4714 2039 4766 ’cat
2059 4718 2221 4779 atque
2248 4706 2516 4763 illud:ex
2548 4698 2885 4765 substantia;
2948 4710 3059 4766 quc
3106 4693 3274 4749 verbo
3317 4690 3516 4759 magis,

264 4806 384 4872 λον,
407 4808 487 4870 ὡς
518 4806 615 4860 καὶ
659 4802 815 4857 αὐτοὶ
859 4802 1135 4872 εἰρήκασι,
1184 4795 1503 4867 σημαίνεται
1533 4793 1594 4846 τὸ
1629 4792 1815 4862 γνήσιο

1950 4812 2011 4859 ut
2041 4802 2142 4873 ipsi
2168 4802 2372 4865 dixere,
2406 4794 2582 4851 Patris
2611 4804 2928 4865 germanum
2959 4787 3156 4842 Filium
3187 4785 3362 4854 ipsum
3397 4794 3519 4835 esse

261 4899 365 4952 τοῦ
412 4896 549 4952 Υἰοῦ
599 4896 736 4968 πρὸς
790 4894 880 4947 τὸν
927 4890 1164 4960 Πατέρα.
1210 4888 1318 4940 Καὶ
1367 4887 1476 4957 γὰρ
1534 4884 1815 4954 κασσίτερο

1952 4895 2309 4966 signiﬁcatur.
2347 4888 2483 4944 Nam
2511 4896 2765 4942 stannum
2795 4889 2878 4937 cst
2915 4887 3140 4948 argento
3172 4874 3372 4939 simile,
3408 4887 3511 4947 lca-

262 4991 454 5061 ὅμοιός
643 4990 761 5040 ἐστι
813 4984 970 5055 μόνον
1019 4979 1109 5061 τῷ.
1147 4977 1406 5050 ἀργύρῳ,
1445 4977 1541 5029 καί⁸
1588 4974 1748 5036 λύκος
1774 4990 1815 5025 τε

1953 4986 2039 5041 nis
2064 4985 2214 5053 lupo,
2252 4978 2624 5037 aurichalcum
2662 4988 2792 5030 vero
2835 4984 2993 5032 auro,
3025 4982 3127 5023 nec
3165 4974 3344 5019 tamen
3372 4970 3521 5016 stan-

265 5051 554 5146 κζδνὶξκαὶ
570 5076 772 5149 χαλκὸς
796 5051 1065 5145 χρυσίζων
1091 5056 1170 5139 θεῷ
1199 5063 1439 5137 ἀληθινῷ
1479 5061 1665 5135 χρυσῷ
1682 5104 1695 5127 ,
1728 5060 1815 5114 ob“:

1956 5093 2085 5132 num
2116 5051 2181 5130 ex
2218 5080 2440 5144 argento
2466 5077 2572 5133 est,
2613 5081 2716 5123 nec
2759 5065 2922 5135 lupus
2964 5060 3117 5116 canis
3155 5056 3299 5112 illius
3332 5051 3519 5108 haberi

265 5171 329 5225 δὲ
370 5148 695 5242 κασσίτερος
719 5169 786 5220 ὲκ
806 5163 900 5218 τοῦ
923 5162 1164 5234 ἀργύρου
1196 5158 1489 5229 τυγχάνει,
1537 5154 1662 5208 οὔτε
1694 5154 1815 5207 λύκε

1957 5176 2154 5239 potest.
2184 5161 2632 5231 Quandoquidem
2686 5170 2868 5214 autem
2903 5164 2959 5210 et
3008 5169 3074 5208 ex
3109 5148 3437 5209 substantia,
3468 5155 3525 5200 et

266 5262 352 5327 ὡς
391 5261 506 5325 υίὸς
551 5238 648 5313 τόδ
691 5256 852 5320 κυνὸς
881 5255 948 5309 ἂν
984 5251 1288 5324 νομισθείη.
1322 5247 1541 5317 Ἐπειδὴ
1579 5246 1634 5299 δὲ
1674 5245 1815 5298 καὶὲ

1958 5238 2277 5316 substantiae
2318 5253 2552 5308 similem
2581 5266 2706 5306 eum
2738 5263 2859 5305 esse
2906 5248 3178 5305 dixerunt,
3215 5239 3344 5311 quid
3379 5238 3522 5294 aliud

270 5355 379 5424 τῆς
398 5353 586 5415 οὒσιας
628 5351 729 5405 καὶ
764 5344 1097 5419 όμοιοούσιον
1279 5340 1439 5396 αὐτὸν
1486 5338 1738 5408 εἰρήκασι
1764 5377 1777 5401 ,
1807 5353 1815 5367 ·

1961 5353 2047 5407 his
2079 5348 2389 5420 significant
2435 5359 2598 5414 quam
2628 5358 2752 5398 eum
2800 5354 2923 5396 esse
2967 5329 3528 5392 consubstantialem?

272 5422 469 5515 ῑεερον
514 5441 872 5513 σημαίνουσιν
917 5438 982 5490 ὲκ
1024 5434 1229 5488 τούτων
1259 5432 1292 5502 ἢ
1319 5430 1379 5484 τὸ
1404 5428 1721 5500 όμοούσιον;
1748 5429 1815 5481 Kc

1962 5443 2196 5506 Etenim,
2227 5440 2369 5496 sicut
2395 5438 2489 5508 qui
2511 5436 2641 5491 dicit
2664 5442 2892 5496 tantum,
2923 5425 3239 5483 substantiae
3270 5422 3524 5486 similem,

280 5511 395 5603 γὰρ
412 5511 601 5602 ὥσπερ
637 5533 668 5584 6
691 5529 865 5598 λέγων
898 5526 1055 5599 μόνον
1083 5521 1416 5595 όμοιοούσιον
1438 5519 1498 5573 οὐ
1530 5518 1745 5580 πάντως
1766 5534 1815 5570 κς

1964 5550 2072 5591 non
2103 5546 2323 5603 prorsus
2352 5528 2556 5584 indicat
2602 5540 2727 5580 eum
2776 5538 2843 5577 ex
2892 5515 3194 5575 substantia
3244 5528 3406 5577 esse;
3450 5511 3531 5565 sic

280 5628 351 5677 εδ
379 5628 441 5680 ἐκ
470 5627 572 5695 τῆς
599 5623 787 5686 οὐσίας
807 5617 1088 5690 γνωρίζει,
1116 5614 1287 5679 οὕτως
1313 5616 1341 5667 ό
1372 5610 1546 5680 λέγων
1580 5607 1815 5680 ὁμοούσιι

1965 5629 2057 5700 qui
2097 5626 2247 5690 dicit,
2276 5617 2814 5679 consubstantialem,
2844 5612 3129 5679 utriusque
3156 5606 3284 5661 dicti
3309 5613 3527 5660 sentcn-

286 5719 631 5790 &p;o:£pwv,
681 5715 772 5771 τοῦ
818 5731 876 5766 τε
915 5708 1251 5783 ὁμοιοουσίου
1297 5706 1387 5759 καὶ
1422 5704 1513 5758 τοῦ
1547 5705 1610 5756 ἐκ
1642 5703 1740 5772 τῆς
1776 5704 1815 5753 oi

1966 5697 2096 5775 tiam
2154 5711 2546 5781 complectitur,
2604 5716 2679 5776 ct,
2723 5703 3041 5764 substantiae
3107 5697 3323 5756 similis.
3357 5705 3428 5758 ct,
3463 5708 3527 5747 cx
