4094 6204
553 292 649 360 471

556 539 681 578 num
717 539 838 578 esse
870 535 1198 585 creaturam,
1230 538 1280 578 et
1329 535 1526 594 negant
1579 531 1819 596 genitum
1853 548 1974 586 esse
2024 533 2115 588 Fi-

557 614 711 679 lium,
738 629 802 668 ex
837 616 1088 669 humanis
1145 617 1408 686 exemplis
1465 619 1556 672 filii
1589 636 1650 673 ac
1694 623 1861 689 patris
1891 639 1985 677 sua
2017 625 2113 678 ad-
2153 657 2166 663 ν

552 720 769 758 versum
807 705 928 758 illos
969 717 1286 773 argumenta
1317 711 1543 762 mutuati
1611 723 1756 776 sunt,
1807 715 1905 768 hae
1939 725 2114 769 tamen

549 794 884 859 exceptione,
916 791 1058 859 quod
1093 791 1234 846 Deus
1264 810 1370 848 non
1407 798 1475 850 sit
1513 807 1568 850 ut
1597 800 1776 867 homo,
1808 817 1981 872 neque
2012 804 2114 857 hn-

549 885 694 939 mani
923 894 1111 954 partus
1145 887 1333 941 similis
1388 892 1459 944 sit
1512 891 1631 946 Filii
1679 898 1970 963 generatio,
2022 900 2114 952 sed

549 974 672 1026 talis
698 972 971 1041 sitqualis
1000 974 1108 1030 Deo
1133 980 1404 1045 convenit,
1440 990 1492 1034 et
1528 999 1554 1035 a
1582 985 1736 1038 nobis
1766 987 1987 1056 intelligi
2018 990 2111 1042 de—

547 1063 653 1116 bet.
687 1061 818 1116 Nam
858 1077 909 1118 et
933 1064 1144 1121 Patrem
1181 1067 1379 1124 fontem
1431 1076 1708 1142 sapientia:
1746 1080 1929 1132 dixere
1952 1090 2114 1149 atque

547 1153 689 1215 \ita',
717 1153 910 1208 Filium
933 1172 1057 1211 vero
1088 1159 1426 1226 splendorem
1460 1174 1676 1219 :eterna:
1720 1167 1873 1234 lueis,
1902 1170 2112 1238 ipsum-

519 1229 650 1311 ’σμιιε
674 1260 792 1297 esse
821 1244 982 1297 fontis
1016 1261 1249 1315 partum,
1277 1253 1367 1319 qui
1407 1255 1472 1305 ait
1501 1275 1510 1306 :
1540 1275 1555 1303 ι
1584 1256 1693 1325 ligo
1725 1273 1844 1310 sum
1878 1261 1984 1313 vita
2021 1267 2034 1294 '
2059 1281 2105 1321 ,ι

543 1347 617 1399 et,
647 1357 662 1386 ι
692 1336 801 1406 ligo
838 1336 1110 1406 Sapientia
1141 1343 1324 1395 habitu
1357 1345 1408 1398 in
1436 1347 1663 1402 consilio
1721 1347 1798 1402 ’.ι
1833 1350 2001 1404 Porro
2029 1353 2111 1407 lu-

543 1429 623 1481 eis
645 1430 1009 1497 splendorem,
1042 1431 1209 1487 fontis
1253 1445 1490 1502 partum,
1523 1437 1700 1494 Patris
1730 1439 1950 1507 Filium,
1975 1460 2112 1514 quo-

544 1521 706 1573 modo
737 1531 858 1588 apte
911 1525 1295 1585 nominaveris,
1357 1529 1498 1593 nisi,
1553 1533 2112 1591 consubstantialem?

541 1609 772 1679 Ergone,
799 1613 1222 1669 cumhominum
1254 1621 1431 1687 proles
1477 1623 1717 1690 ejusdem
1748 1627 1819 1679 sit
1853 1628 2107 1682 substan-

542 1703 648 1765 tize,
685 1718 878 1757 cavere
899 1714 1129 1771 oportet,
1157 1722 1224 1760 ne
1280 1709 1327 1762 is
1368 1713 1460 1779 qui
1510 1713 1679 1768 Filius
1727 1717 1944 1783 dieitur,
1975 1735 2106 1774 eon-

542 1795 914 1850 substantialis
942 1808 999 1851 et
1042 1801 1155 1868 ipse
1200 1803 1532 1868 nominetur,
1577 1817 1635 1861 ut
1669 1809 1946 1865 hominum
1977 1829 2103 1882 pro-

1785 298 2165 358 EU'l'ii't'Itlll
2207 301 2568 362 ZIGABENI

554 430 878 486 substantia.
909 431 1215 502 iterumque
1249 434 1368 489 illos
1396 437 1630 504 aggressi
1661 440 1752 509 qui
1782 439 2115 497 dieuntV'er-
2150 449 2190 500 Λ
2224 429 2342 490 σίας
2399 465 2414 488 ο

3693 301 3807 370 472

2574 429 2824 497 σημαίνει
2858 430 2954 500 τὴν
2987 431 3244 485 διάνοιαν.
3297 432 3404 486 Καὶ
3460 434 3618 488 αὐτοὶ
3663 436 3796 505 γοῦν

2221 519 2556 589 ἐνιστάμενοι
2589 520 2748 572 πάλιν
2785 522 2916 591 πρὸς
2954 523 3079 586 τοὺς
3108 525 3312 594 κτίσμα
3353 525 3612 594 λέγοντας
3653 524 3795 584 εἶναι

2220 613 2308 665 τδν
2332 615 2524 681 Λόγον,
2553 614 2644 666 καὶ
2668 613 2740 685 μὴ
2767 613 3013 678 θέλοντας
3046 616 3209 668 αὐτὸν
3232 617 3451 687 γνήσιον
3478 619 3606 672 Υἱὸν
3629 615 3792 686 εἶναι,

2217 703 2274 768 ἐξ
2327 704 2680 774 ἀνθρωπίνων
2739 705 3196 776 παραδειγμάτων
3248 707 3366 762 υἱοῦ
3436 710 3530 764 καὶ
3582 713 3793 783 πατρὸς

2217 797 2466 866 εἰλήφασι
2511 797 2608 858 τὰς
2646 799 2762 848 κατ’
2799 797 2977 850 αὐτῶν
3019 799 3358 878 ἀποδείξεις,
3398 801 3792 874 ὲξαιρουμένου

2215 889 2404 941 τούτου
2436 927 2452 952 ,
2595 890 2675 941 ὅτι
2713 888 2786 959 μὴ
2806 889 2880 952 ὼς
2903 889 3188 961 ἄνθρωπός
3221 895 3368 946 ἐστιν
3397 896 3426 946 ὁ
3455 893 3610 958 Θεὸς,
3655 895 3794 966 μηδὲ

2215 981 2289 1042 ὡς
2313 978 2622 1050 ἀνθρωπίνη
2652 979 2804 1050 γονὴ,
2832 979 3004 1045 οὕτως
3024 983 3216 1054 ἐστινὴ
3238 985 3330 1037 τοῦ
3353 985 3482 1039 Υἱοῦ
3514 989 3790 1059 γέννησις,

2215 1070 2420 1133 ἀλλ’ὡς
2449 1073 2482 1140 ἡ
2512 1071 2629 1142 Θεῴ
2650 1073 2955 1143 πρέπουσα,
2983 1077 3076 1127 καὶ
3105 1077 3250 1146 ἡμᾶς
3280 1079 3596 1149 ἁρμόζουσα
3627 1086 3788 1136 νοεῖν.

2215 1165 2324 1217 Καὶ
2354 1163 2462 1235 γὰρ
2483 1167 2576 1218 καὶ
2606 1166 2786 1235 πηγὴν
2824 1167 3078 1238 εἰρήκασι
3110 1169 3200 1220 τὸν
3227 1170 3449 1240 Πατέρα
3472 1174 3570 1243 τῆς
3596 1173 3790 1242 σοφίας

2215 1258 2305 1310 καὶ
2328 1258 2427 1328 τῆς
2456 1258 2622 1326 ζωῆς,
2650 1257 2740 1309 τὸν
2768 1256 2823 1309 δὲ
2849 1258 2977 1311 Υἱόν
2997 1260 3338 1331 ἀπαύγασμα
3373 1263 3550 1330 φωτὸς
3589 1265 3787 1332 ἀϊδίου,

2214 1351 2306 1402 ναὶ
2338 1350 2498 1402 αὑτὸν
2529 1346 2662 1401 εἶναι
2692 1350 2751 1402 τὸ
2791 1351 2852 1401 ἐκ
2880 1350 2975 1419 τῆς
3025 1353 3204 1421 πηγῆς
3239 1354 3484 1424 γέννημα
3527 1356 3784 1424 λέγοντα·

2217 1461 2235 1491 ι
2279 1441 2418 1508 Ἐγώ
2449 1442 2561 1511 εἰμι
2805 1440 2937 1511 ζωὴ,
2966 1462 2982 1492 ι
3010 1444 3124 1507 καὶ,
3145 1463 3164 1491 ‹
3202 1443 3339 1511 Ἐγὼ
3435 1446 3603 1514 Σοφία
3657 1465 3790 1500 κατ-
3820 1509 3826 1514 _

2211 1534 2494 1601 εσκήνωσα
2547 1532 2761 1602 βουλήν.
2804 1552 2820 1583 ι
2886 1532 2958 1585 Τὸ
2991 1533 3046 1586 δὲ
3092 1535 3153 1586 ἐκ
3205 1537 3378 1604 φωτὸς
3425 1538 3789 1609 ἀπαύγασμα,

2210 1624 2303 1676 καὶ
2331 1625 2394 1677 ἐκ
2419 1624 2598 1692 πηγῆς
2628 1624 2894 1693 γέννημα,
2927 1625 3022 1677 καὶ
3055 1627 3117 1678 ἐκ
3143 1627 3356 1698 Πατρὸς
3378 1613 3528 1694 Ῠίὸν,
3564 1630 3682 1694 πῶς
3723 1632 3790 1684 ἄν

2208 1733 2291 1778 τις
2329 1716 2676 1787 ἁρμοζόντως
2719 1715 3037 1785 ὀνομάσειεν
3085 1717 3464 1787 ἢὸμοούσιον;
3521 1717 3645 1791 ’Ἆρ’
3693 1717 3788 1774 οῦν

2212 1807 2286 1876 μὴ
2314 1847 2326 1868 ,
2359 1807 2547 1875 ἐπειδὴ
2591 1806 2659 1858 τὰ
2705 1805 2763 1870 ἐξ
2809 1807 3111 1878 ἀνθρώπων
3156 1810 3470 1878 γεννήματα
3524 1811 3788 1880 όμοούσιά

543 1886 618 1939 les
651 1905 663 1939 :
703 1886 844 1940 absit
874 1888 885 1939 l
921 1886 1261 1958 nequaquam
1310 1909 1368 1973 se
1416 1895 1487 1948 ita
1527 1912 1613 1952 res
1640 1896 1820 1954 habet.
1861 1871 2093 1958 Sed-hoc

2209 1901 2374 1962 ἐστιν,
2406 1895 2746 1952 εὐλαϐεῖσθαι
2783 1899 2862 1950 δεῖ
2893 1900 2965 1969 μὴ
2993 1900 3085 1951 καὶ
3115 1901 3143 1951 ὁ
3165 1899 3310 1963 Υἱὸς,
3334 1899 3623 1971 λεγόμενος
3645 1906 3780 1973 ὁμο-

536 1974 694 2028 facile
728 1976 984 2042 solvitur;
1030 1977 1200 2034 Filius
1230 1986 1428 2053 quippe
1477 1983 1713 2042 Verbum
1747 1999 1801 2044 et
1830 1990 2101 2061 Sapientia

535 2078 617 2119 est
648 2063 846 2132 Patris,
881 2069 1082 2136 quibus
1142 2071 1319 2129 Patris
1365 2079 1764 2143 generationem
1796 2080 2100 2150 impassibi-

534 2157 638 2210 lem
665 2165 719 2210 et
757 2158 1041 2214 indivisatn
1069 2177 1188 2216 esse
1217 2164 1572 2230 signiﬁcatur.
1625 2167 1756 2222 Nam
1807 2187 1875 2225 ne
1925 2172 2097 2226 homi-

535 2263 663 2300 num
689 2249 906 2317 quidem
931 2252 1152 2304 verbum
1202 2268 1328 2320 pars
1360 2270 1546 2309 eorum
1595 2268 1696 2321 est.
1746 2275 1920 2329 neque
1975 2279 2097 2317 cum

532 2339 767 2406 quadam
793 2340 1048 2409 passione
1083 2343 1150 2396 ab
1173 2342 1277 2397 illis
1305 2347 1578 2412 procedit;
1615 2348 1810 2402 nedum
1856 2349 1946 2404 Dei
1977 2351 2096 2406 Ver-

535 2435 686 2496 bum,
717 2435 860 2503 quod
893 2434 1088 2489 Filium
1127 2451 1249 2492 esse.
1291 2453 1451 2493 suum
1494 2438 1654 2495 Pater
1689 2442 2002 2498 declaravit.
2029 2441 2105 2494 Ne

533 2532 714 2579 autem
746 2525 1018 2594 quispiam
1048 2527 1274 2582 audiens
1315 2528 1603 2596 duntaxat,
1631 2529 1892 2595 Verbum,
1918 2533 2105 2587 existi«

535 2623 645 2670 met
665 2614 934 2684 ejusmodi
963 2617 1091 2670 illud
1124 2632 1246 2672 esse
1287 2620 1447 2688 quale
1472 2629 1554 2674 est
1599 2622 1920 2688 humanum,
1949 2639 2102 2676 nem-

535 2722 600 2774 pe
623 2706 741 2761 sine
765 2706 1102 2774 substantia;
1138 2709 1229 2762 sed
1270 2725 1431 2777 quem
1470 2712 1639 2774 audit,
1675 2712 1868 2767 Filium
1890 2755 1904 2777 ,
1935 2730 2100 2785 agno-

533 2807 650 2852 scat
683 2812 802 2852 esse
839 2795 1070 2851 Verbum
1102 2800 1309 2865 vivens,
1345 2811 1396 2856 et
1427 2800 1756 2870 Sapientiam
1800 2807 2100 2860 substantia

534 2889 834 2958 praeditam.

718 3068 935 3135 Deinde,
961 3072 1414 3139 quemadmodum
1443 3075 1532 3128 ubi
1571 3091 1692 3128 eum
1729 3078 1931 3144 prolem
1965 3079 2096 3133 dici-
2125 3096 2166 3150 ε

526 3176 669 3225 ntus,
708 3161 809 3216 hoc
834 3177 942 3216 non
971 3161 1209 3216 humano
1265 3178 1416 3218 more
1460 3165 1812 3234 intelligimus
1842 3185 1854 3230 ;
1887 3178 1940 3222 ct
1971 3184 2096 3223 eum

526 3251 739 3306 Patrem
771 3268 893 3307 esse
926 3253 1092 3308 Deum
1128 3255 1496 3322 agnoscimus,
1540 3273 1646 3310 non
1694 3261 1994 3327 corporalia
2031 3262 2096 3316 de

523 3344 616 3396 illo
639 3345 944 3414 cogitamus
973 3364 984 3399 :
1016 3347 1106 3400 sed
1142 3347 1270 3398 dum
1323 3347 1410 3400 illa
1441 3348 1951 3419 audimuSexempla
1991 3353 2091 3406 ltu—

515 3436 864 3504 jnsmodique
900 3437 1082 3500 verba,
1107 3453 1168 3490 ea
1222 3447 1400 3490 tamen
1470 3443 1786 3508 coagrueuti
1817 3443 1975 3496 modo
2027 3446 2093 3499 de

525 3521 633 3574 Ι)ρο
661 3523 1032 3592 intelligimus,
1061 3541 1167 3578 non
1192 3527 1336 3581 enim
1380 3527 1519 3582 Deus
1548 3541 1607 3582 ut
1635 3530 1832 3595 homo;
1865 3533 1943 3586 sic
1967 3551 2088 3587 enm

520 3611 1039 3666 consubstantialem
1084 3615 1359 3674 audimus,
1387 3630 1602 3668 omnem
1652 3631 1873 3672 sensum
1915 3629 2091 3673 [Μιε-

520 3704 750 3758 cendere
798 3705 1076 3763 debemus.
1104 3714 1157 3759 et
1187 3705 1339 3774 juxta
1367 3704 1719 3759 Proverbium
1766 3707 1812 3769 ³,
1844 3711 2090 3776 spiritua-

517 3793 637 3849 liter
660 3796 960 3866 intelligere
989 3813 1110 3864 quae
1173 3808 1519 3866 apponuntur
1550 3799 1740 3868 nobis;
1796 3811 1854 3852 nt
1889 3816 2087 3869 cogno-

515 3898 753 3950 scamus,
788 3903 891 3940 non
926 3887 1223 3951 voluntate,
1265 3887 1357 3942 sed
1396 3904 1580 3942 revera
1610 3905 1733 3943 cum
1770 3889 1967 3945 Filium
2019 3908 2082 3944 ex

511 3973 672 4029 Patre
693 3965 1010 4044 germanum
1036 3993 1178 4040 esse,
1211 3981 1366 4046 quvsi
1431 3996 1496 4032 ex
1540 3979 1686 4034 fonte
1712 3982 1896 4047 vitam,
1937 3992 1990 4036 et
2019 4002 2080 4037 ex

512 4068 632 4122 luce
652 4068 1016 4137 splendor.‘m.
1064 4069 1280 4138 Alioqui
1339 4086 1436 4125 cur
1489 4073 1609 4127 illas
1658 4090 1836 4140 voces,
1883 4077 2080 4144 proles,

513 4159 677 4222 illius,
741 4175 844 4210 non
922 4159 1318 4228 corporaliter,
1373 4166 1840 4220 consubstantiale
1899 4178 2078 4221 autem

509 4249 664 4315 quasi
694 4250 760 4302 de
788 4250 1127 4317 corporibus,
1158 4251 1541 4320 intelligimus:
1573 4271 1696 4310 cum
1735 4260 2077 4326 potissimum

508 4355 614 4392 non
650 4340 715 4394 de
743 4340 851 4394 alio
879 4352 1040 4410 atque
1067 4342 1173 4397 alio
1229 4344 1342 4399 inec
1389 4345 1657 4414 dicantur,
1693 4351 1785 4404 sed
1838 4353 1904 4406 de
1945 4367 2074 4421 quo,

505 4429 706 4498 proles,
761 4431 828 4483 de
882 4432 1093 4494 eodem,
1157 4437 1642 4501 consubstantiale,
1698 4441 1902 4496 dictum
1965 4443 2078 4497 sit?

505 4522 715 4590 Parque
767 4533 849 4577 est
906 4524 1152 4578 eamdem
1221 4529 1547 4617 sententiam
1615 4533 1902 4602 utriusque
1945 4505 2150 4598 dicti”

501 4612 644 4667 circa
680 4612 1016 4668 Salvatoretn
1040 4617 1296 4683 retinere,
1340 4612 1516 4690 neque
1541 4639 1728 4678 vocem
1756 4626 1925 4686 illam.
1948 4642 2075 4694 pro-

499 4703 598 4768 les,
625 4716 797 4772 recte;
823 4707 970 4761 illam
1022 4717 1224 4776 autem,
1257 4713 1763 4782 eonsubstanlialis,
1807 4719 1964 4773 aliter
1991 4720 2071 4773 in-

498 4800 780 4867 terpretari
816 4817 831 4865 ;
863 4815 1202 4871 consequens
1229 4805 1373 4858 enim
1396 4814 1482 4860 est
1507 4822 1625 4870 vos,
1651 4822 1773 4862 eum
1806 4826 1868 4864 ea
1893 4823 2072 4867 mente

495 4890 680 4945 diei:is
703 4890 900 4946 Filium
941 4893 1117 4949 Patris
1165 4894 1396 4950 Verbum
1443 4907 1494 4951 et
1543 4899 1876 4968 Sapientiam
1904 4921 2066 4969 esse,

495 4981 762 5036 diversam
798 4981 973 5035 dehis
1009 4984 1208 5038 habere
1259 4989 1603 5054 sententiam,
1639 4999 1691 5043 et
1747 4991 1854 5045 alio
1906 4997 2066 5047 moto

502 5071 752 5135 Verbum,
774 5074 878 5128 alio
903 5074 1240 5142 Sapientiam
1271 5078 1585 5150 intelligere.
1607 5083 1675 5135 At
1704 5084 1840 5138 sicut
1871 5086 2064 5140 absur-

495 5165 624 5217 dum
652 5165 782 5218 illud
830 5177 912 5222 est
942 5187 954 5222 :
991 5185 1226 5240 namque
1250 5171 1422 5228 Filius
1479 5185 1563 5229 est
1590 5175 1826 5232 Verbum
1855 5190 1908 5234 et
1967 5178 2063 5234 Sa-

495 5255 691 5324 pientia
725 5255 920 5322 Patris,
952 5275 1205 5332 unusque
1235 5273 1403 5319 estex
1434 5265 1594 5322 Patre
1644 5268 1804 5330 fetus,
1862 5281 1913 5324 et
1947 5273 2064 5340 ejus

493 5347 811 5404 substantiae
832 5351 1085 5421 proprius
1113 5370 1128 5417 ;
1163 5354 1232 5408 ita
1261 5371 1370 5410 una
1391 5359 1688 5429 eademque
1737 5361 2059 5432 signiﬁcatio

493 5451 572 5494 est
613 5443 777 5510 prolis
806 5453 860 5498 et
883 5445 1400 5501 ennsuhstantialis:
1457 5459 1508 5503 et
1533 5451 1623 5519 qui
1658 5463 1840 5507 censvt
1864 5451 2059 5508 Filium

493 5547 610 5587 esse
640 5532 828 5597 fetum,
860 5537 906 5591 is
950 5547 1095 5592 recte
1146 5539 1309 5593 sentit
1336 5557 1459 5592 eum
1526 5558 1645 5596 ess:
1701 5545 2060 5600 consubstan-

492 5624 692 5684 ,ialem.
745 5625 748 5628 λ

573 5728 776 5795 iisan.
807 5751 912 5800 xiv,
941 5737 991 5790 ti.
1073 5739 1092 5769 ’
1121 5740 1282 5794 Prov.
1326 5758 1442 5804 Vill,
1485 5743 1564 5794 ιε.

1648 5744 1664 5772 ³
1701 5746 1857 5798 Prov.
1894 5761 2050 5810 xxttt,
2083 5748 2127 5801 1.

2207 1990 2406 2054 ούσιος,
2434 1989 2715 2060 νομισθείη
2732 1993 2826 2044 καὶ
2848 1991 3007 2054 αὐτὸς
3035 1991 3112 2054 ὡς
3140 1991 3479 2061 ἀνθρώπινον
3504 1995 3776 2065 γέννημας

2211 2083 2284 2152 μὴ
2312 2083 2549 2148 γένοιτ-οε
2587 2083 2686 2135 οὐκ
2719 2081 2863 2136 ἐστιν
2882 2082 3073 2147 οὕτως.
3119 2084 3276 2136 Ἀλλὰ
3309 2086 3402 2137 καὶ
3427 2088 3645 2155 ταχεῖαν
3667 2086 3784 2156 ἔχει

2205 2174 2303 2242 τὴν
2329 2173 2482 2226 λύσιν
2504 2173 2662 2226 τοῦτο
2680 2191 2694 2205 υ
2719 2174 2886 2242 Λόγος
2915 2175 3023 2244 γάρ
3056 2177 3172 2228 ἐστι
3207 2176 3301 2228 καὶ
3331 2177 3503 2244 Σοφία
3541 2177 3634 2231 τοῦ
3665 2178 3780 2232 Πα-

2207 2281 2330 2332 τρος
2359 2266 2387 2316 ὁ
2414 2265 2538 2328 Υἱός
2564 2283 2574 2294 ·
2605 2265 2665 2330 ἐξ
2689 2257 2762 2319 ὧν
2794 2265 2854 2317 τὸ
2893 2265 3099 2328 ἀπαθὲς
3135 2267 3230 2318 καὶ
3255 2266 3315 2319 τὸ
3340 2267 3638 2338 ἀμέριστον
3681 2270 3783 2338 τῆς

2207 2356 2270 2407 ἐκ
2299 2353 2389 2407 τοῦ
2413 2355 2622 2426 Πατρὸς
2648 2357 2952 2427 γεννήσεως
2972 2357 3312 2428 γνωρίζεται.
3342 2359 3512 2427 Λόγος
3528 2360 3636 2431 γὰρ
3658 2363 3781 2415 οὐδὲ

2202 2444 2230 2494 ὁ
2403 2443 2510 2495 τῶν
2537 2443 2838 2515 ἀνθρώπιον
2866 2442 3032 2514 μέρος
3054 2444 3220 2510 ἐστὶν,
3260 2445 3378 2498 οὐδὲ
3433 2444 3575 2498 κατὰ
3611 2446 3782 2510 πάθος

2205 2536 2264 2598 ἐξ
2290 2535 2467 2588 αὐτῶν
2521 2537 2868 2607 προέρχεται,
2917 2537 3050 2606 μήτι
3086 2554 3149 2602 γε
3183 2539 3210 2590 ὀ
3252 2536 3346 2588 τοῦ
3375 2537 3542 2602 Θεοῦ,
3564 2538 3623 2590 ὃν
3652 2539 3782 2591 Υἱδν

2203 2621 2553 2681 εἷναιέαυτοῦ
2584 2631 2611 2680 ό
2642 2629 2833 2700 Πατὴρ
2865 2629 3161 2698 ἐδήλωσεν·
3208 2630 3296 2684 ἵνα
3346 2629 3420 2700 μὴ
3469 2630 3630 2682 πάλιν
3672 2647 3778 2694 τις,

2201 2717 2414 2769 ἀκούων
2460 2718 2637 2788 μόνον,
2678 2720 2870 2787 Λόγον,
2913 2721 3108 2791 νομίσῃ
3161 2721 3397 2776 τοιοῦτον
3455 2717 3613 2785 εἶναι,
3665 2716 3778 2785 οἷός

2200 2808 2350 2860 ἐστιν
2378 2811 2408 2862 ὁ
2435 2809 2544 2862 τῶν
2576 2809 2899 2881 ἀνθρώπων,
2949 2813 3318 2876 ἀνυπόστατος
3337 2831 3349 2843 ·
3380 2815 3495 2866 ἀλλ’
3537 2815 3774 2878 ἀκούων,

2199 2899 2281 2950 ὅτι
2302 2898 2428 2962 Υἱός
2454 2902 2590 2966 ἐστι,
2609 2901 2848 2974 γινώσκῃ
3001 2903 3186 2958 τοῦτον
3216 2900 3352 2957 εἷναι
3381 2904 3558 2969 ζῶντα
3579 2907 3773 2974 Λόγον,

2200 2990 2294 3041 καὶ
2319 2990 2556 3044 ὲνούσιον
2590 2993 2804 3062 Σοφίαν.

2386 3087 2633 3146 Ἔπειτα,
2665 3086 2853 3157 ὥσπερ
2887 3089 2946 3142 τὸ
2975 3091 3218 3159 γέννημα
3253 3090 3522 3158 λέγοντες,
3547 3089 3648 3143 οῦκ
3679 3092 3774 3144 dv-

2197 3179 2483 3250 θρωπίνως
2505 3181 2751 3251 νοοῦμεν,
2786 3183 2879 3235 καὶ
2912 3184 3127 3254 Πατέρα
3160 3185 3250 3238 τὸν
3295 3184 3425 3237 Θεὸν
3453 3185 3674 3249 εἰδότες,
3709 3189 3770 3240 ού

2197 3260 2512 3342 σωματικήν
2565 3291 2685 3326 τινα
2744 3276 2871 3346 περὶ
2925 3275 3088 3328 αὐτοῦ
3143 3275 3490 3346 λαμϐάνομεν
3523 3277 3768 3331 ἔννοιαν·

2193 3362 2327 3413 ἀλλὰ
2368 3362 2437 3414 τὰ
2475 3364 2573 3431 μὲν
2607 3364 3024 3434 παραδείγματα
3053 3368 3145 3419 καὶ
3176 3368 3272 3424 τὰς
3297 3368 3549 3431 τοιαύτας
3596 3368 3772 3434 λέξεις

2194 3453 2486 3521 ἀκούομεν,
2517 3453 2864 3524 ἁρμοζόντως
2879 3455 2934 3508 δὲ
2965 3457 3091 3528 περὶ
3119 3456 3252 3510 Θεοῦ
3282 3458 3537 3530 νοοῦμεν·
3572 3463 3633 3513 ού
3662 3461 3772 3531 γὰρ

2192 3543 2266 3606 ὡς
2289 3543 2573 3614 ἄνθρωπος
2613 3545 2642 3597 ὁ
2676 3545 2806 3608 Θεός
2827 3560 2839 3572 ·
2874 3545 3046 3608 οὕτως
3098 3548 3204 3618 ἄρα
3248 3549 3341 3601 καὶ
3372 3549 3434 3602 τὸ
3484 3552 3771 3620 ὁμοούσιον

2191 3633 2500 3701 ἀκούοντες,
2553 3637 2902 3706 ὑπερϐαίνειν
2935 3636 3219 3708 ὀφείλομεν
3279 3641 3459 3693 πᾶσαν
3491 3641 3766 3712 αἴσθησιν,

2191 3728 2283 3779 καὶ
2315 3728 2573 3800 κατα-τὴν
2600 3729 2904 3800 Παροιμίαν
2944 3766 2960 3790 ,
3097 3730 3301 3800 νοητῶς
3336 3734 3475 3785 νοεῖν
3506 3732 3575 3785 τὰ
3599 3751 3769 3805 παραυ

2188 3821 2444 3890 τιθέμενα
2471 3822 2601 3890 ἡμῖν
2624 3839 2635 3849 ·
2670 3820 2809 3874 ὥστε
2845 3821 3029 3891 μέντοι
3058 3821 3364 3889 γινώσκειν,
3390 3823 3473 3875 ὅτι
3508 3826 3581 3894 μὴ
3606 3823 3764 3895 θελή-

2189 3931 2290 3976 σει,
2323 3913 2460 3965 ἀλλὰ
2490 3912 2706 3984 ἀληθῶς
2731 3913 2859 3976 Υἱός
2889 3915 3038 3966 ἐστιν
3077 3915 3141 3966 ἐκ
3171 3913 3387 3986 Πατρδς
3413 3916 3632 3984 γνήσιος
3652 3955 3668 3979 ,
3689 3914 3766 3976 ὡς

2185 4007 2247 4057 ἐκ
2271 4005 2449 4074 πηγῆς
2478 4003 2614 4075 ζωὴ,
2648 4005 2741 4057 καὶ
2762 4004 3328 4076 φιοτὸςὰπαύγασμα.
3367 4006 3434 4057 Ἦ
3481 4006 3569 4058 διὰ
3609 4005 3662 4058 τί
3703 4005 3764 4059 τὸ

2185 4097 2303 4165 μὲν,
2332 4096 2596 4166 γέννημα,
2627 4097 2718 4148 καὶ
2739 4097 2818 4157 τδ,
2839 4097 2983 4159 Υἱὸς,
3003 4097 3063 4148 οὐ
3095 4096 3442 4166 σωματικῶς,
3462 4097 3521 4149 τὸ
3549 4097 3605 4149 δὲ
3631 4099 3764 4167 ομο-

2181 4187 2378 4251 ούσιον,
2414 4187 2489 4248 ὡς
2523 4188 2614 4239 ἐπὶ
2646 4188 2911 4256 σωμάτων
2940 4186 3330 4256 διανοούμεθα,
3370 4189 3466 4240 καὶ
3502 4187 3759 4257 μάλιστα,

2179 4281 2259 4332 ὅτι
2285 4280 2344 4332 οὺ
2381 4281 2508 4349 περὶ
2541 4279 2702 4332 ἄλλον
2729 4279 2821 4332 καὶ
2843 4278 2998 4333 ἄλλον
3034 4280 3152 4332 ἐστὶ
3179 4280 3246 4333 τά
3290 4280 3581 4349 λεγόμενα,
3620 4280 3761 4333 ἀλλὰ

2180 4372 2303 4441 περὶ
2332 4366 2390 4425 οῦ
2418 4373 2478 4423 τὸ
2529 4371 2794 4440 γέννημα,
2850 4372 2974 4441 περὶ
3005 4371 3194 4423 τούτου
3244 4373 3334 4424 καὶ
3362 4370 3423 4424 τὸ
3470 4371 3756 4441 όμοούσιον

2177 4461 2406 4532 Nixon;
2446 4462 2553 4514 Καὶ
2580 4461 2779 4531 πρέπει
2807 4461 2903 4531 τὴν
2940 4461 3110 4531 αὐτὴν
3155 4461 3392 4514 διάνοιαν
3430 4463 3757 4533 ἀμφοτέρων

2174 4551 2281 4604 τῶν
2305 4551 2500 4617 λέξεων
2528 4552 2620 4603 ἐπὶ
2652 4550 2746 4603 τοῦ
2808 4550 3061 4620 Σωτῆρος
3093 4551 3396 4615 διασώζειν,
3441 4552 3533 4606 καὶ
3572 4554 3646 4624 μὴ
3695 4554 3758 4605 τὸ

2176 4645 2273 4714 μὲν
2307 4645 2551 4713 γέννημα
2729 4642 2904 4705 καλῶς
2935 4642 3346 4710 ὲξηγεῖσθοιι,τὸ
3378 4644 3432 4696 δὲ
3470 4642 3756 4719 ὁμοούσιον

2171 4737 2374 4799 ἄλλωςο
2437 4735 2559 4788 ἐπεὶ
2613 4734 2904 4788 ἀκόλουθόν
2960 4735 3128 4800 ἐστιν,
3184 4735 3328 4789 οὕτω
3372 4736 3755 4807 διακειμένους

2171 4831 2313 4898 ὑμᾶς
2344 4829 2435 4881 καὶ
2469 4828 2724 4895 λέγοντας
2748 4827 2917 4893 Λόγον
2945 4827 3038 4878 καὶ
3058 4826 3257 4896 Σοφίαν
3287 4826 3382 4880 τοῦ
3419 4826 3632 4897 Πατρὸς
3661 4825 3753 4877 τὸν

2170 4921 2318 4982 Υἱῖιν,
2351 4921 2608 4990 διάφορον
2637 4920 2779 4988 ἔχειν
2810 4918 2903 4971 καὶ
2929 4917 3058 4987 περὶ
3101 4918 3306 4971 τούτων
3340 4919 3438 4989 τήν
3483 4919 3748 4981 διάνοιαν,

2169 5017 2260 5067 καὶ
2293 5014 2466 5076 ἄλλως
2510 5013 2608 5082 μὲν
2647 5013 2737 5065 τὸν
2772 5011 2941 5085 Λόγον
2975 5015 3114 5064 νοεῖν
3136 5052 3150 5075 ,
3197 5011 3397 5081 ἑτέρως
3439 5012 3495 5063 δὲ
3528 5010 3623 5081 τήν
3655 5010 3750 5062 Σοο

2169 5108 2314 5174 ςεῖαν.
2357 5105 2496 5157 Ἀλλ’
2520 5105 2708 5174 ὥσπερ
2731 5104 2926 5158 ἄτοπον
2955 5103 3113 5166 τοῦτο
3137 5118 3150 5131 ⁸
3183 5104 3353 5170 Λόγος
3387 5103 3495 5173 γὰρ
3528 5104 3622 5155 καὶ
3657 5103 3749 5154 Σο-

2170 5199 2265 5266 φία
2289 5197 2382 5250 τοῦ
2404 5197 2615 5266 Πατρός
2645 5198 2792 5248 ἐστιν
2813 5197 2841 5248 ὁ
2870 5195 2996 5258 Υἱὸς
3017 5235 3030 5256 ,
3064 5194 3158 5246 καὶ
3194 5194 3251 5246 ἓν
3283 5196 3398 5246 ἐστι
3441 5192 3502 5245 τὸ
3533 5194 3596 5244 ἐκ
3638 5193 3748 5244 Πα-

2165 5291 2289 5357 τρὶς
2311 5289 2576 5358 γέννημα,
2610 5288 2701 5340 καὶ
2733 5281 2860 5338 ἴδιον
2888 5287 2985 5357 τῆς
3018 5285 3206 5348 οὐσίας
3234 5282 3398 5337 αὑτοῦ
3427 5301 3440 5314 ο
3471 5283 3640 5346 οὕτως
3667 5277 3745 5344 εΤς

2165 5382 2310 5431 ἐστιν
2339 5383 2363 5432 ἐς
2390 5379 2514 5440 νοῦς
2685 5377 2778 5431 τοῦ
2807 5379 3141 5448 γεννήματος
3172 5376 3264 5429 καὶ
3293 5374 3387 5428 τοῦ
3427 5376 3707 5444 ὀμοουςίου
3729 5390 3741 5404 ·

2165 5471 2256 5522 xxi
2285 5472 2311 5522 ὁ
2338 5471 2547 5539 φρονῶν
2568 5472 2814 5541 γέννημα
2845 5470 2934 5522 τὸν
2968 5468 3094 5521 Υίὸν
3138 5469 3324 5538 φρονεῖ
3355 5465 3543 5521 τοῦτον
3573 5465 3742 5538 ὀρθῶς

2165 5562 2255 5614 καὶ
2277 5561 2438 5633 ὁμοού
2449 5579 2578 5614 σιον.
