4094 6204
424 257 530 325 ἇῖ5

627 390 680 446 Si
709 393 834 462 quis
862 392 1026 462 igitur
1046 408 1140 448 eos
1167 392 1259 462 qui
1289 390 1479 446 Nicaeae
1509 401 1877 447 convenerunt
1897 406 1983 444 ar—
2012 400 2058 451 Α

424 486 557 553 guit,
585 484 726 554 quod
763 495 956 554 praeter
985 484 1254 551 majorum
1288 484 1502 537 decreta
1531 485 1775 554 quaedam
1800 493 1986 553 protu-

427 576 607 637 lerint,
652 574 697 628 is
733 575 855 643 jure
900 572 1237 641 septuaginta
1275 573 1559 641 episcopos
1607 574 1984 642 reprehendat,

425 665 571 733 quod
601 664 865 733 majorum
891 677 1115 717 suorum
1140 662 1356 717 decreta
1385 678 1491 717 non
1522 664 1811 718 servarint.
1833 662 1987 717 Prius

425 755 622 823 quippe
653 761 806 807 erant
834 752 995 805 ambo
1024 750 1288 822 Dionysii,
1320 762 1482 822 atque
1514 754 1548 807 ii
1581 753 1673 823 qui
1699 762 1828 808 tunc
1850 763 1987 807 tem-

426 846 573 911 poris
607 842 791 896 Roma:
822 852 1187 896 convenerant
1226 844 1488 913 episcopi.
1514 844 1618 898 Sed
1654 855 1876 898 neutros
1907 842 1989 898 fas

423 943 506 986 est
551 933 810 1000 culpare:
842 947 1032 987 omnes
1080 934 1279 1002 quippe
1332 950 1418 989 res
1464 935 1661 989 Christi
1703 935 1987 997 curabant,

422 1036 613 1076 omnes
647 1023 819 1076 studia
842 1038 939 1077 sua
962 1026 1350 1079 convertebant
1392 1026 1654 1082 adversus
1684 1027 1989 1090 haereticos,

423 1123 476 1166 et
505 1113 596 1166 alii
627 1112 1089 1179 Samosatensem,
1117 1115 1208 1168 alii
1243 1117 1501 1170 Arianam
1532 1121 1859 1170 damnarunt
1886 1117 1993 1169 hae-

426 1204 592 1258 resin.
623 1202 787 1257 [lecte
819 1213 998 1257 autem
1030 1218 1093 1258 ac
1133 1205 1301 1273 probe
1338 1206 1555 1274 utrique
1585 1207 1873 1274 scripsere,
1908 1215 1993 1257 ει-

422 1310 531 1362 que
573 1304 935 1364 congruenter
963 1297 1029 1347 ad
1066 1295 1403 1363 propositum
1438 1305 1837 1362 argumentum.
1904 1295 1994 1351 Et-

423 1388 570 1439 enim
589 1386 1047 1455 quemadmodum
1082 1387 1275 1440 beatus
1290 1387 1587 1454 Apostolus
1616 1388 1683 1442 ad
1720 1388 1995 1442 Romanos

1638 238 2043 313 EUTImttt’
2065 247 2427 310 ZlGABENI

3556 246 3661 311 576

2276 381 2446 452 Εἴπερ
2470 377 2561 433 οὖν
2590 380 2859 451 μέμφεταί
2894 397 2978 442 τις
3003 381 3116 442 τοῖς
3160 379 3218 431 ἐν
3249 375 3452 448 Nimia
3479 382 3664 433 συνελ-

2090 474 2293 536 θοῦσιν,
2321 473 2396 536 ὡς
2423 474 2666 542 είρηκόσι
2696 470 2844 542 παρὰ
2891 471 2960 524 τὰ
2988 470 3214 535 δόξαντα
3408 472 3521 532 τοῖς
3559 470 3665 540 πρὸ

2091 564 2292 626 αὐτῶν,
2320 564 2349 613 6
2377 564 2536 625 αὐτὸς
2565 563 2827 632 μέμψαιτ’
2868 562 2934 614 ἂν
2962 561 3187 623 εἰκότως
3227 560 3322 613 καὶ
3362 562 3474 622 τοῖς
3516 560 3665 611 £669-

2096 657 2360 725 μήκοντα,
2390 656 2470 706 ὅτι
2507 656 2581 724 μὴ
2603 654 2671 705 τὰ
2707 653 2813 705 τῶν
2852 653 2957 724 πρὸ
2998 652 3178 705 αὐτῶν
3237 651 3529 719 ἐφύλαξαν·
3563 650 3669 723 πρὸ

2092 747 2273 800 αὐτῶν
2303 747 2360 799 δέ
2389 742 2527 816 ἦσαν
2556 747 2605 797 οἱ
2634 744 2919 809 Διονύσιοι,
2969 746 3062 798 καὶ
3092 746 3142 797 οἱ
3182 745 3239 797 ἐν
3274 742 3460 814 Ῥώμῃ
3489 742 3548 794 τὸ
3572 759 3669 813 τη-

2093 838 2319 892 νικαῦτα
2348 838 2687 900 συνελθόντες
2745 838 3051 890 ἐπίσκοποι.
3100 836 3237 887 Ἀλλ’
3270 834 3392 888 οὔτε
3425 834 3667 897 τούτους,

2094 930 2217 983 οὕτε
2247 929 2486 991 ἐκείνους
2528 929 2674 981 ὅσιον
2714 928 3076 981 αἰτιάσασθαι·
3104 928 3301 988 πάντες
3350 925 3459 996 γὰρ
3507 924 3670 995 ἐπρέ-

2099 1019 2288 1070 σὸευον
2326 1018 2393 1071 τὰ
2426 1015 2684 1087 Χριστοῦ,
2714 1017 2808 1069 καὶ
2863 1017 3063 1078 πάντες
3116 1013 3349 1084 σπουδὴν
3407 1014 3671 1082 ἐσχήκασι

2098 1108 2238 1161 κατὰ
2276 1106 2383 1159 τῶν
2406 1107 2717 1177 αἱρετικῶν,
2759 1107 2852 1161 καὶ
2880 1108 2929 1158 οί
2959 1108 3056 1175 μὲν
3106 1105 3196 1158 τὸν
3241 1105 3582 1174 Σαμοσατέα,
3621 1104 3671 1155 οε

2098 1198 2154 1250 δὲ
2187 1198 2284 1268 τὴν
2332 1198 2612 1267 Ἀρειανὴν
2645 1197 2853 1267 αἰρεσιν
2874 1195 3219 1265 κατέκριναν.
3267 1193 3470 1264 Ὀρθῶς
3497 1192 3553 1244 δέ
3578 1194 3673 1243 καὶ

2100 1282 2242 1341 οῦτοι
2295 1290 2557 1351 κάκεῖνοι,
2608 1289 2701 1340 καὶ
2750 1286 2928 1349 καλῶς
2973 1287 3107 1358 πρὸς
3161 1286 3256 1356 τὴν
3308 1283 3673 1352 ὑποκειμένην

2103 1379 2357 1432 ὑπόθεσιν
2382 1379 2712 1449 γεγράφασι.
2746 1379 2854 1430 Kal
2905 1378 3149 1447 ὦσπερὸ
3198 1376 3467 1445 μακάριος
3513 1374 3673 1425 Ἀπόο

426 1480 510 1533 his
541 1478 718 1531 verbis
752 1478 1000 1545 scripsit:
1034 1495 1052 1528 ι
1083 1476 1189 1530 Lex
1226 1477 1524 1545 spiritualis
1556 1487 1639 1531 est
1681 1480 1722 1541 ¹;
1746 1497 1763 1528 ι
1786 1476 1995 1531 etcLex

2105 1470 2306 1534 στόλος,
2360 1469 2645 1538 Ῥωμαίοις
2678 1469 2774 1538 μὲν
2803 1468 3162 1529 ἐπιστέλλων,
3197 1467 3401 1533 ἔλεγεν
3440 1483 3456 1514 ι
3499 1465 3557 1515 '0
3591 1464 3675 1514 νό-

426 1575 614 1622 saucta
631 1576 685 1621 et
700 1566 1009 1620 mandatum
1028 1578 1298 1632 sanctum,
1314 1577 1366 1621 et
1382 1567 1590 1634 justum
1608 1576 1661 1637 et
1680 1567 1881 1620 bonum
1921 1569 1961 1630 ’ς
1978 1588 1996 1619 ι

425 1668 481 1710 et
516 1658 677 1726 paulo
716 1666 858 1726 post,
897 1677 915 1709 ι
949 1657 1083 1710 Nam
1118 1658 1262 1726 quod
1301 1657 1633 1725 impossibile
1667 1669 1783 1712 erat
1812 1660 1912 1728 legi
1949 1659 2001 1711 in

427 1764 538 1815 quo
569 1747 943 1801 inﬁrmabatur
996 1750 1045 1813 ³;
1069 1769 1087 1799 ι
1122 1751 1187 1803 ad
1230 1748 1481 1803 Hebraeos
1511 1758 1711 1813 autem,
1737 1767 1755 1799 ι
1785 1747 2001 1801 Nullum

431 1818 666 1906 perfecit.
869 1838 951 1891 lex
996 1840 1052 1902 ‘;
1080 1858 1098 1889 ι
1144 1839 1209 1891 ad
1260 1838 1500 1901 Galatas,
1565 1856 1583 1889 ι
1614 1836 1670 1890 lu
1700 1838 1815 1906 lege
1845 1853 2002 1892 nemo

429 1927 824 1996 justiﬁcabitur
873 1928 929 1991 ⁸;
975 1946 992 1977 ι
1043 1928 1108 1980 ad
1156 1927 1499 1980 Timotheum
1544 1938 1753 1990 autem,
1805 1945 1823 1977 ι
1855 1927 2003 1981 Bona

432 2024 515 2069 est
544 2017 651 2078 lex,
683 2018 728 2068 si
758 2017 881 2083 quis
904 2031 965 2069 ea
990 2017 1227 2085 legitime
1259 2025 1441 2069 utatur
1488 2016 1542 2081 ⁶;
1568 2036 1585 2068 ι
1626 2032 1798 2085 neque
1823 2026 2004 2071 tamen

430 2108 556 2174 quis
594 2117 842 2161 sanctum
890 2108 1065 2161 virum
1112 2110 1433 2162 criminatus
1467 2108 1631 2161 fuerit
1676 2109 1832 2177 quasi
1875 2125 2003 2163 con-

432 2192 599 2246 traria
640 2200 694 2245 et
730 2193 1026 2261 pugnantia
1072 2195 1305 2261 scribat;
1348 2195 1441 2249 sed
1487 2196 1667 2263 potius
1704 2196 2004 2249 admiratus

435 2281 615 2345 fuerit,
646 2282 809 2350 quod,
844 2290 901 2334 ut
927 2283 1156 2351 singulis
1182 2292 1607 2337 consentaneum
1637 2294 1773 2347 erat,
1796 2285 2004 2338 scribe-

439 2379 540 2435 ret,
571 2380 627 2423 ut
657 2369 882 2423 Romani
919 2379 974 2424 et
1010 2371 1099 2423 alii
1130 2385 1195 2439 ex
1222 2370 1400 2424 littera
1438 2369 1743 2427 ediscerent
1784 2384 1904 2426 sese
1938 2369 2005 2424 ad

442 2460 702 2531 Spiritum
736 2470 1089 2526 convertere;
1128 2459 1336 2517 Hebraei
1369 2475 1499 2516 vero
1524 2472 1577 2516 et
1610 2460 1812 2515 Galatae
1838 2462 2004 2516 doce-

442 2563 647 2618 rentur,
696 2555 884 2608 nonin
925 2556 1114 2623 legem,
1149 2554 1241 2608 sed
1272 2554 1325 2607 in
1371 2552 1658 2606 Dominum
1698 2553 1791 2622 qui
1837 2552 2005 2621 legem

440 2646 604 2707 dedit,
635 2660 784 2714 spem
813 2645 1009 2700 habere
1032 2665 1044 2699 :
1069 2646 1141 2699 ita
1165 2660 1383 2713 quoque
1406 2644 1506 2699 etsi
1535 2645 1819 2699 ambarum
1845 2659 2007 2714 syno-

434 2736 630 2789 dorum
683 2734 871 2790 Patres
919 2737 1131 2790 diverse
1178 2737 1245 2791 de
1293 2736 1742 2790 consubstantiali
1779 2736 2009 2789 mentio-

439 2839 561 2878 nem
606 2823 851 2891 fecerint,
892 2827 1197 2880 nullatenus
1246 2835 1426 2880 tamen
1474 2826 1542 2880 ab
1592 2827 1700 2881 illis
1738 2825 2006 2882 dissidere

437 2916 721 2979 debemus,
744 2917 834 2969 sed
852 2916 1065 2969 illorum
1083 2917 1412 2985 perscrutari
1428 2916 1781 2982 sententiam,
1798 2924 1853 2970 et
1877 2926 2007 2972 tunc

438 3008 624 3062 ambas
646 3009 787 3062 inter
816 3023 875 3063 se
909 3008 1145 3077 synodos
1173 3007 1485 3063 consentire
1514 3007 2002 3076 deprehendemus.

425 3093 526 3160 Qui
547 3096 692 3149 enim
712 3097 1147 3150 Samosatcnsem
1168 3096 1490 3163 deposuere,
1515 3094 1703 3145 dixere
1728 3091 2005 3143 Christum

424 3197 534 3236 non
560 3198 680 3237 esse
711 3184 1231 3238 consubstantialem
1262 3200 1275 3236 :
1314 3197 1491 3251 neque.
1543 3182 1686 3234 enim
1720 3178 1889 3233 Filius
1930 3180 2005 3233 ita

423 3292 483 3331 se
517 3278 682 3333 habet
706 3288 955 3347 respectu
984 3276 1158 3331 Patris
1180 3275 1415 3343 qualiter
1448 3273 1536 3327 ille
1557 3272 1849 3342 cogitabat.
1890 3271 1995 3338 Qui

424 3378 610 3421 autem
667 3369 921 3422 Arianam
964 3368 1196 3422 haeresin
1248 3366 1593 3420 anathemate
1643 3365 1994 3428 damnarunt,

422 3474 544 3513 cum
593 3458 741 3513 Pauli
789 3460 1137 3514 calliditatem
1175 3457 1717 3521 animadvertissent,
1745 3464 1801 3511 et
1850 3456 1998 3526 cogi-

425 3559 603 3607 tarent
650 3565 758 3604 non
805 3551 875 3604 ita
908 3551 975 3604 de
1021 3550 1377 3620 incorporeis,
1406 3558 1462 3603 et
1498 3548 1730 3601 maxime
1764 3547 1830 3601 de
1857 3547 1989 3608 Deo,

423 3643 1041 3699 consubstantialitatem
1092 3642 1465 3712 accipiendam
1511 3655 1654 3705 esse,
1702 3652 2000 3709 agnoscen-

424 3745 612 3805 tesque
679 3736 912 3790 Verbum
971 3752 1078 3789 non
1129 3744 1457 3799 creaturam,
1516 3732 1611 3789 sed
1671 3733 1876 3802 prolem
1931 3744 1996 3783 ex

426 3829 725 3882 substantia
778 3842 937 3895 esse;
998 3828 1126 3883 item
1188 3828 1367 3881 Patris
1431 3828 1817 3891 substantiam,
1874 3824 1999 3879 Filii

421 3920 771 3988 principium.
805 3921 1046 3975 radicem
1077 3929 1132 3974 et
1162 3920 1364 3975 fontem
1390 3936 1533 3984 esse,
1566 3934 1691 3974 cum
1724 3919 1853 3973 item
1895 3917 1997 3971 sibi

420 4008 670 4064 faverent
727 4010 959 4080 Dionysii
1025 4010 1311 4077 exempla,
1368 4008 1537 4063 fontis
1594 4008 1804 4062 scilicet
1872 4020 1997 4069 vox,

419 4105 474 4149 et
513 4099 990 4152 eonsubstantialis
1020 4100 1299 4162 defensio,
1352 4108 1404 4153 et
1433 4108 1558 4153 ante
1599 4099 1703 4153 ista
1741 4114 1842 4153 vox
1873 4098 1993 4153 Sal-

2106 1579 2204 1631 μος
2238 1560 2605 1629 πνευματικός
2653 1561 2768 1611 ἐστι
2800 1574 2813 1588 ·
2851 1577 2869 1609 ι
2905 1558 3019 1620 καὶ,
3083 1576 3101 1607 ι
3148 1558 3219 1609 'U-
3257 1556 3415 1625 νόμος
3464 1554 3671 1622 ἆγιος,›

2103 1654 2217 1715 καὶ,
2250 1671 2267 1702 ι
2313 1653 2376 1704 Ἦ
2404 1652 2589 1721 ἐντολὴ
2638 1651 2784 1719 ἁγία,
2823 1652 2917 1703 καὶ
2940 1650 3143 1711 δικαία,
3177 1650 3271 1700 καὶ
3309 1647 3541 1717 ἀγαθή’›
3582 1648 3679 1698 καὶ

2107 1743 2224 1812 μετ’
2258 1742 2454 1810 ὀλίγον·
2512 1760 2530 1791 ι
2564 1742 2636 1794 Τὸ
2690 1741 2798 1811 γὰρ
2853 1740 3110 1793 ἀδύνατον
3163 1736 3258 1789 τοῦ
3318 1737 3505 1805 νόμου,
3551 1737 3607 1787 ἐν
3633 1728 3681 1801 ᾧ

2103 1833 2373 1903 ἡσθένεω
2419 1833 2690 1903 Ἑϐραίοις
2735 1833 2790 1884 δὲ
2834 1813 3088 1901 ἔγραφενε
3124 1848 3141 1879 ι
3193 1830 3251 1881 '0
3284 1828 3445 1898 νόμος
3491 1826 3680 1878 οὐδένα

2101 1923 2470 1974 τετελείωκε·›
2520 1921 2615 1973 καὶ
2662 1920 2928 1981 Γαλάταις
2962 1919 3079 1989 μέν,
3141 1935 3159 1966 ι
3213 1916 3300 1967 Ἐν
3327 1916 3476 1983 νόμῳ
3505 1912 3681 1973 οὐδεὶς

2102 2012 2422 2065 δικαιοῦται·
2453 2031 2470 2062 ι
2520 2010 2769 2081 Τιμοθέῳ
2826 2009 2903 2072 δὲ,
2935 2010 3016 2061 ὅτι
3052 2027 3069 2057 ι
3108 2006 3284 2068 Καλὸς
3308 2007 3337 2058 6
3364 2006 3547 2073 νόμος,
3584 2003 3681 2053 ἐάν

2103 2120 2186 2165 τις
2213 2102 2362 2170 αὑτῷ
2411 2101 2657 2171 νομίμως
2693 2101 2907 2170 χρῆται·
2939 2118 2956 2149 ι
2996 2099 3089 2151 καὶ
3126 2098 3226 2150 οὐκ
3284 2095 3348 2149 ἄν
3380 2112 3463 2156 τις
3502 2093 3680 2145 αἰτιά-

2106 2210 2258 2244 σαιτο
2284 2192 2373 2244 τὸν
2395 2192 2546 2259 ἅγιον
2739 2192 2813 2253 ὡς
2846 2188 3067 2241 ἐναντία
3107 2188 3200 2241 καὶ
3224 2185 3504 2256 μαχόμενα
3538 2184 3681 2255 γρά-

2106 2284 2443 2353 φοντα’,άλλὰ
2471 2284 2565 2336 καὶ⁵
2598 2282 2795 2353 μᾶλλον
2821 2281 3150 2351 θαυμάσειεν
3172 2275 3516 2349 ἁρμοζόντως
3546 2276 3683 2344 πρὸς

2106 2379 2369 2439 ἑκάστους
2394 2375 2793 2437 ἐπιστέλλοντα,
2840 2374 2926 2426 ἵνα
2981 2376 3029 2426 οἱ
3065 2372 3161 2443 μὲν
3194 2372 3451 2440 Ῥωμαῖοι
3504 2367 3597 2420 καὶ
3625 2368 3679 2417 οἱ

2105 2471 2254 2524 ἄλλοι
2284 2468 2523 2541 μάθωσιν
2554 2467 2660 2522 ἀπὸ
2711 2465 2803 2519 τοῦ
2857 2466 3180 2537 γράμματος
3224 2460 3569 2534 ἐπιστρέφειν
3598 2461 3693 2521 ei:

2105 2563 2165 2615 τὸ
2187 2561 2429 2632 Πνεῦμω
2463 2563 2510 2613 οί
2542 2560 2598 2612 δέ
2642 2558 2884 2628 Ἑϐραῖοι
2912 2560 3005 2610 καὶ
3060 2556 3295 2610 Γαλάται
3331 2553 3681 2615 παιδευθῶσι,

2109 2653 2185 2724 μὴ
2218 2655 2295 2716 εἰς
2322 2652 2413 2705 τὸν
2450 2652 2632 2722 νόμον,
2663 2651 2777 2703 ἀλλ’
2815 2651 2892 2712 είς
2924 2650 3014 2702 τὸν
3045 2649 3245 2719 Κύριον
3278 2646 3369 2699 τὸν
3414 2645 3683 2697 δεδωκότα

2105 2745 2195 2796 τὸν
2226 2745 2388 2815 νόμον
2443 2743 2585 2814 ἐχειν
2618 2742 2714 2806 τὰς
2755 2741 2973 2804 ἐλπίδας
3005 2758 3017 2771 ο
3057 2739 3225 2800 οὕτως
3275 2738 3323 2790 εἰ
3358 2735 3683 2806 ἀμφοτέρων

2104 2838 2210 2891 τῶν
2240 2837 2472 2890 συνόδων
2493 2838 2541 2888 οἱ
2572 2836 2811 2905 Πατέρες
2828 2833 3097 2903 διαφόρως
3125 2828 3530 2900 ἐμνημόνευσαν
3556 2827 3680 2896 περι

2104 2929 2198 2982 τοῦ
2225 2928 2530 2999 ὁμοουσίου,
2549 2928 2609 2979 οὐ
2637 2927 2743 2997 χρὴ
2767 2925 2981 2986 πάντως
3001 2925 3146 2993 ἡμᾶς
3168 2919 3515 2990 διαφέρεσθαι
3545 2918 3682 2987 πρὸς

2105 3018 2318 3079 αὐτοὺς,
2359 3016 2495 3069 ἀλλὰ
2526 3015 2623 3084 τὴν
2642 3015 2879 3067 διάνοιαν
2905 3012 3082 3064 αὐτῶν
3107 3011 3356 3080 ἐρευνᾷν,
3393 3010 3487 3060 καὶ
3544 3008 3680 3059 πάν-

2114 3109 2218 3152 τως
2242 3093 2548 3162 εὑρήσομεν
2566 3094 2890 3163 ἀμφοτέρων
2913 3093 3023 3146 τῶν
3049 3094 3283 3148 συνόδων
3303 3097 3403 3166 τὴν
3431 3098 3690 3165 ὁμόνοιαν

2111 3184 2174 3235 Οί
2208 3185 2307 3253 μὲν
2336 3186 2443 3253 γὰρ
2490 3186 2579 3238 τὸν
2612 3187 2935 3256 Σαμοσατέα
2966 3187 3285 3251 καθελόντες
3323 3190 3577 3258 εἰρήκασι
3610 3192 3690 3259 μὴ

2106 3271 2246 3328 εἶναι
2271 3276 2361 3327 τὸν
2403 3276 2637 3344 Χριστὸν
2663 3278 2949 3346 ὀμοούσιον
2969 3293 2983 3308 '
3013 3280 3113 3331 οὐκ
3146 3279 3262 3331 ἔστι
3296 3281 3402 3350 γὰρ
3452 3281 3621 3345 οὕτως
3658 3284 3690 3333 6

2105 3368 2232 3430 Υίὺς
2261 3369 2398 3439 πρὸς
2433 3370 2525 3422 τὸν
2561 3369 2803 3439 Πατέρα,
2836 3370 2911 3432 ὡς
2958 3371 3161 3433 ἐκεῖνος
3204 3370 3376 3424 ἐνόει⁹
3409 3373 3460 3424 οἱ
3500 3371 3557 3424 δὲ
3583 3372 3687 3442 τὴν

2115 3459 2401 3530 Ἀρειανὴν
2454 3460 2665 3529 αἵρεσιν
2710 3460 3234 3529 ἁναθεματίσαντες,
3307 3461 3687 3531 θεωρήσαντες

2103 3552 2204 3618 τὴν
2256 3550 2598 3620 πανουργίαν
2638 3550 2733 3602 τοῦ
2778 3550 3011 3614 Παύλου,
3060 3552 3154 3603 καὶ
3205 3552 3553 3621 λογισάμενοι
3608 3554 3687 3622 μὴ

2104 3640 2279 3701 οὕτως
2322 3641 2412 3692 καὶ
2469 3641 2564 3691 ἐπὶ
2612 3639 2719 3692 τῶν
2771 3642 3098 3709 ἀσωμάτων,
3154 3644 3247 3694 καὶ
3301 3643 3535 3710 μάλιστα
3591 3645 3686 3696 ἐπὶ

2100 3729 2236 3783 Θεοῦ
2262 3732 2323 3783 τὸ
2363 3731 2647 3797 ὁμοούσιον
2694 3732 3073 3801 σημαίνεσθαι,
3106 3733 3471 3801 γινώσκοντές
3508 3752 3569 3788 τε
3602 3736 3682 3805 μὴ

2102 3820 2325 3891 κτίσμα,
2367 3822 2480 3874 ἀλλ’
2516 3826 2577 3874 ἐκ
2615 3821 2716 3890 τῆς
2753 3824 2941 3886 οὐσίας
2989 3826 3236 3894 γέννημα
3281 3821 3419 3878 εἶναι
3449 3828 3541 3878 τὸν
3571 3828 3681 3880 A6-

2102 3931 2219 3981 γον,
2243 3915 2337 3968 καὶ
2361 3915 2456 3985 τὴν
2476 3916 2663 3970 οὐσίαν
2689 3916 2782 3969 τοῦ
2807 3917 3015 3987 Πατρός
3032 3919 3229 3988 ἀρχὴν,
3257 3919 3350 3971 καὶ
3375 3917 3554 3987 ῥίζαν,
3580 3920 3679 3973 καὶ

2101 4006 2284 4075 πηγὴν
2315 4000 2456 4058 εἶναι
2497 4005 2593 4058 τοῦ
2640 4006 2791 4070 Υίοῦ,
2821 4007 3035 4076 ἔχοντες
3085 4007 3141 4060 δὲ
3176 4010 3268 4061 καὶ
3308 4010 3378 4059 τὰ
3409 4009 3517 4060 τῶν
3548 4010 3683 4079 περ’.

2102 4090 2376 4144 Διονύσιον
2399 4093 2832 4164 παραδείγματα,
2854 4097 2952 4167 τὴν
2977 4098 3155 4168 πηγὴν
3184 4100 3278 4151 καὶ
3309 4099 3405 4170 τὴν
3426 4102 3557 4171 περὶ
3586 4099 3684 4153 τοῦ

420 4186 626 4238 vatoris
680 4186 838 4238 index
890 4186 1146 4248 unitatis,
1195 4205 1213 4236 ι
1249 4184 1363 4256 Ego
1406 4196 1457 4239 et
1502 4185 1662 4240 Pater
1695 4202 1860 4240 unum
1895 4203 1988 4241 su»

2105 4183 2388 4253 ὁμοουσίου
2411 4183 2725 4251 ἀπολογίαν,
2777 4187 2882 4256 πρὸ
2909 4188 2967 4241 δέ
3012 4188 3217 4241 τούτων
3248 4190 3347 4261 τὴν
3375 4190 3467 4243 τοῦ
3499 4192 3686 4262 Σωτῆ-

422 4290 544 4328 mus
580 4275 599 4303 "
621 4315 636 4339 ,
666 4294 684 4324 ι
718 4284 801 4342 et,
832 4294 851 4325 ι
876 4275 976 4340 Qui
1008 4276 1139 4329 vidit
1164 4293 1250 4331 me
1286 4277 1490 4331 viditet
1516 4275 1729 4331 Patrem
1767 4277 1817 4330 “z
1845 4296 1866 4329 ι
1907 4294 1990 4342 ea,

384 4364 668 4436 binquam,
721 4366 785 4417 dc
833 4366 1167 4435 causa,jure
1192 4376 1246 4421 ct
1286 4368 1386 4436 ipsi
1408 4366 1605 4420 Filium
1630 4369 1991 4422 consubstan-

384 4418 603 4538 {tialem
632 4454 907 4509 dixerunt.
938 4454 1003 4508 Et
1034 4457 1197 4517 sicut,
1224 4468 1283 4509 ut
1309 4473 1470 4525 supra
1496 4458 1630 4522 dixi,
1666 4472 1825 4510 nemo
1849 4459 1993 4525 Apo-

388 4538 620 4615 ’ζίειυιιιιιι
654 4546 952 4614 culpaverit
979 4548 1123 4615 quod
1161 4546 1226 4601 de
1251 4548 1363 4617 lege
1391 4546 1651 4601 Romanis
1684 4548 1786 4601 hoc
1810 4547 1989 4610 modo,

390 4636 663 4698 ,llebrazis
692 4638 798 4693 alio
824 4639 1125 4708 scripserit,
1158 4640 1237 4693 sic
1274 4655 1372 4692 nec
1414 4639 1696 4707 praisentis
1733 4638 1991 4706 temporis

380 4716 667 4817 jhomines
714 4730 924 4799 priscos
977 4730 1069 4784 illo
1114 4731 1382 4784 criminati
1429 4730 1651 4791 fuerint,
1695 4728 1740 4781 si
1798 4742 1989 4782 eorum

384 4830 387 4833 ‘
419 4819 765 4874 considerent
798 4821 1327 4890 interpretationem;
1357 4835 1530 4888 neque
1548 4819 1712 4887 prisci
1744 4827 1990 4887 posteros

418 4911 866 4980 reprehenderint
888 4914 932 4965 si
957 4913 1239 4966 advertant
1260 4926 1363 4981 qua
1395 4912 1659 4965 sententia
1683 4918 1863 4977 etquo
1888 4925 1987 4962 usu

417 5006 489 5059 ita
520 5004 585 5058 de
623 5003 849 5056 Domino
877 5005 1233 5071 scripserunt.
1265 5002 1475 5056 Etenim
1498 5013 1729 5069 utraque
1750 5001 1989 5069 synodus

418 5111 483 5149 ex
526 5094 764 5161 legitima
806 5109 971 5148 causa
1015 5095 1118 5148 hoc
1163 5094 1323 5148 modo
1372 5095 1496 5159 alia,
1525 5094 1636 5148 alio
1680 5092 1783 5145 alia
1811 5092 1989 5145 locuta

414 5194 517 5238 est.
567 5186 703 5238 Cum
754 5185 898 5237 enim
946 5182 1351 5236 Satnosatcnsis
1394 5182 1590 5236 Filium
1626 5182 1852 5236 sentiret
1881 5196 1987 5234 non

416 5290 535 5328 esse
562 5283 686 5329 ante
720 5273 965 5339 Mariam,
997 5278 1088 5328 sed
1121 5277 1189 5327 ab
1216 5273 1303 5326 illa
1337 5274 1546 5327 initium
1570 5274 1863 5329 exsistendi
1896 5288 1987 5326 ae-

416 5366 644 5435 cepisse,
682 5367 884 5421 idcirco
914 5366 1153 5435 episcopi
1195 5374 1327 5419 tunc
1353 5368 1661 5435 congregati
1706 5366 1857 5419 illum
1898 5365 1989 5418 tle-

497 5556 515 5588 ⁸
546 5558 705 5611 Boni.
755 5571 847 5618 vu,
903 5557 989 5611 Μ.
1089 5557 1108 5586 ⁸
1145 5554 1274 5611 ibid.
1334 5556 1418 5609 l2.

421 5626 439 5656 "
478 5626 630 5682 Joan.
670 5644 723 5690 κ,
753 5626 841 5681 30.
919 5628 939 5656 ⁸
968 5625 1123 5680 Joau.
1153 5642 1261 5689 xw,
1294 5628 1342 5679 9.

1522 5557 1542 5589 ³
1584 5556 1739 5610 Rom.
1772 5571 1891 5621 \‘lll,
1915 5555 1967 5609 3.

2106 4289 2199 4344 ρος
2225 4274 2428 4342 ἐνοειδῆ
2464 4276 2667 4345 φωνήνο
2696 4295 2714 4327 ι
2755 4277 2895 4345 Ἐγὼ
2919 4280 3013 4331 καὶ
3071 4283 3099 4331 6
3132 4281 3320 4353 Πατὴρ
3360 4282 3419 4335 ἐν
3454 4283 3680 4353 ὲσμενη

2106 4363 2218 4427 καὶ,
2249 4382 2266 4413 ι
2302 4364 2358 4416 Ὀ
2383 4364 2642 4434 ἑωρακὼς
2669 4367 2769 4437 ἐμὲ
2798 4367 3007 4439 ἑώρακε
3044 4371 3132 4422 τὸν
3160 4373 3396 4443 Πατέρα·
3438 4393 3455 4424 ι
3491 4374 3686 4426 τούτο)

2104 4455 2285 4507 ἕνεκεν
2338 4455 2560 4517 εἰκότως
2616 4458 2867 4527 εἰρήκασι
2921 4460 3013 4512 καὶ
3066 4461 3219 4513 αὐτοὶ
3258 4463 3542 4531 όμοούσιον
3592 4465 3687 4517 τὸν

2106 4545 2248 4597 Υίόν.
2285 4546 2394 4598 Kal
2411 4546 2620 4617 ὥσπερ,
2667 4548 2810 4602 καθὰ
2836 4553 3116 4620 προεῖπον,
3152 4553 3252 4605 οὐκ
3297 4554 3360 4607 ἄν
3395 4571 3479 4616 τις
3507 4556 3687 4608 αἰτιά-

2103 4653 2253 4689 σαιτο
2275 4636 2365 4689 τὸν
2408 4637 2747 4701 Ἀπόστολον,
2785 4642 2831 4692 εί
2879 4642 3004 4712 περὶ
3039 4641 3132 4694 τοῦ
3165 4644 3331 4713 νόμου
3389 4644 3685 4713 Ῥωμαίοις

2105 4728 2201 4797 μὲν
2228 4727 2421 4793 οὓτως,
2456 4728 2726 4799 Ἑϐραίοις
2780 4732 2837 4784 δὲ
2887 4732 3060 4795 οὕτως
3104 4733 3333 4805 ἔγραψε·
3399 4736 3489 4787 τὸν
3519 4736 3685 4789 αὐτὸν

2100 4820 2297 4891 τρόπον
2323 4820 2442 4873 οὔτε
2473 4824 2521 4874 οί
2552 4822 2647 4875 νῦν
2677 4826 2789 4886 τοῖς
2832 4825 3116 4896 προτέροις
3161 4827 3536 4893 ἐγκαλέσαιεν,
3564 4828 3685 4897 βλέ-

2100 4930 2289 4976 ποντες
2317 4914 2493 4966 αὐτῶν
2522 4913 2617 4984 τὴν
2668 4915 2978 4987 ἑρμηνείαν·
3004 4916 3127 4969 οὔτε
3160 4920 3207 4970 οἱ
3256 4919 3511 4989 πρότεροι
3555 4920 3684 4982 τοὺς

2107 5008 2225 5076 μετ’
2254 5007 2449 5068 αὐτοὺς
2501 5006 2904 5077 μέμψαιντ’ἂν,
2957 5009 3190 5079 ὁρῶντες
3237 5009 3335 5080 τὴν
3387 5011 3683 5079 ἑρμηνείαν

2099 5097 2297 5161 αὐτῶν,
2329 5099 2421 5150 καὶ
2455 5099 2552 5169 τὴν
2603 5099 2792 5170 χρείαν
2826 5099 2892 5152 δι’
2930 5100 2997 5171 ἢν
3042 5101 3214 5165 οὕτως
3265 5101 3509 5171 ἔγραψαν
3555 5103 3683 5173 περὶ

2099 5189 2193 5243 τοῦ
2222 5191 2448 5261 Κυρίου.
2479 5192 2588 5244 Kal
2636 5192 2749 5263 γὰρ
2779 5192 2873 5251 καὶ
2910 5193 3009 5263 τὴν
3066 5194 3245 5247 αἰτίαν
3302 5194 3508 5264 ἑκάστη
3552 5195 3678 5247 σύν-

2099 5280 2214 5344 οδος
2236 5281 2345 5349 (14)
2385 5281 2601 5350 εὔλογον
2628 5282 2762 5352 ἔχει,
2794 5283 2859 5336 δι’
2893 5285 2959 5355 ἣν
2992 5286 3040 5337 oi
3069 5286 3164 5354 μὲν
3198 5284 3390 5348 οὕτως,
3431 5286 3481 5338 οἱ
3508 5286 3564 5338 δέ
3594 5285 3682 5337 οῦ-

2099 5391 2204 5435 τως
2235 5374 2534 5443 εἰρήκασιν.
2576 5373 2792 5444 Ἐπειδὴ
2851 5375 2958 5446 γὰρ
3003 5377 3030 5427 ὁ
3082 5376 3429 5445 Σαμοσατεὺς
3466 5376 3678 5446 ἐφρόνει

2076 5555 2097 5586 δ
2129 5554 2291 5609 Hebr.
2342 5556 2437 5620 γη,
2504 5556 2590 5609 l9.

2692 5559 2711 5590 ⁸
2752 5558 2923 5613 Colat.
2978 5575 3064 5626 ιιι,
3105 5560 3152 5612 l.
3251 5556 3315 5612 'l
3360 5557 3501 5613 Tim.
3553 5575 3588 5624 ι,
3617 5558 3667 5614 8.
