4094 6204
336 318 445 383 4η

1282 325 1691 407 ramum
1739 327 2208 395 noenum.
2238 355 2310 367 —
2340 330 2488 391 Tl'l‘.
2529 328 2640 392 x1.

3490 330 3595 394 478

336 440 415 511 μὴ
444 434 590 493 εἶναι
621 439 731 510 πρὸ
780 438 998 511 Μαρίας
1031 439 1123 493 τὸν
1149 440 1299 508 Υίὸν,
1332 441 1448 497 ἀλλ’
1488 440 1585 496 ἀπ’
1614 442 1784 513 αὐτῆς
1812 443 1913 513 ἀρα

2023 456 2346 514 posuerunt,
2388 454 2443 501 et
2481 444 2798 502 haereticum
2835 444 3213 500 declararunt:
3243 446 3309 502 dc
3342 446 3465 502 Filii
3491 464 3592 503 au--

332 533 435 600 χὴν
486 530 781 599 ἐσχηκέναι
841 530 935 582 τοῦ
994 526 1151 593 εἶναι,
1203 530 1398 583 τούτου
1447 530 1638 585 ἕνεκεν
1695 534 1743 585 οἱ
1793 533 1914 585 τότε

330 622 716 686 σδνελθόντες,
770 620 1021 674 καθεῖλον
1085 622 1184 691 μὲν
1252 623 1416 675 αὑτὸν
1473 622 1567 677 καὶ
1636 623 1915 692 αἱρετικὸν

329 715 624 783 ἀπέφηναν
646 729 662 744 ⁸
716 713 845 783 περὶ
873 712 931 765 δὲ
968 712 1069 782 τῆς
1095 712 1189 765 τοῦ
1234 713 1365 766 Υἱοῦ
1418 715 1670 785 θεότητος
1710 717 1914 770 ἁπλού-

328 821 525 874 στερον
553 803 884 874 γράφοντες,
912 804 973 856 οὐ
1002 805 1361 872 κατεγένοντο
1392 808 1522 877 περὶ
1545 809 1643 876 τὴν
1665 809 1760 861 τοῦ
1786 811 1916 876 ὁμο-

325 897 514 950 ουσίου
566 894 881 966 ἀκρίϐειαν.
911 895 1024 965 Τήν
1073 895 1333 965 φροντίδα
1384 896 1490 967 γὰρ
1538 893 1685 970 εῐχον
1713 901 1918 961 πᾶσαν,

323 985 460 1055 ἔπερ
484 984 784 1055 ἐπενόησεν
828 985 858 1036 ὁ
920 984 1291 1053 Σαμοσατεὺς,
1325 984 1555 1048 ἀνελεῖν,
1618 986 1714 1039 καὶ
1743 987 1915 1055 δεῖξαι

324 1073 432 1145 πρὸ
462 1074 685 1127 πάντων
719 1068 860 1127 εἶναι
881 1074 974 1127 τὸν
994 1075 1139 1139 rev,
1166 1075 1257 1128 καὶ
1288 1075 1373 1128 ὅτι
1396 1078 1497 1132 οὐκ
1526 1076 1584 1145 ἐξ
1612 1078 1914 1152 ἀνθρώπων

322 1160 518 1231 γέγονε
556 1162 711 1227 Θεὸς,
752 1162 910 1229 ἀλλὰ,
940 1163 1073 1227 Θεὸς
1097 1162 1194 1229 ὢν,
1236 1164 1524 1219 ἐνεδύσατο
1563 1166 1751 1221 δούλου
1782 1186 1916 1241 μορ-

323 1254 451 1323 φὴν,
481 1250 580 1304 καὶ
603 1252 776 1319 Λόγος
802 1251 899 1317 ὢν,
920 1253 1112 1320 γέγονε
1158 1249 1316 1324 σάρξ,
1371 1253 1447 1318 ὡς
1491 1252 1643 1309 εἶπεν
1669 1258 1699 1309 ό
1734 1257 1914 1311 Ἰωάν-

322 1358 440 1414 νης·
472 1343 571 1396 καὶ
590 1341 735 1397 οὕτω
756 1341 856 1412 μὲν
890 1342 1031 1395 κατὰ
1063 1343 1161 1413 τῆς
1322 1342 1674 1417 βλασφημίας
1701 1347 1911 1407 Παύλου

323 1435 660 1509 πέπρακται.
707 1435 925 1506 Ἐπειδὴ
974 1436 1031 1488 δὲ
1078 1436 1175 1489 καὶ
1228 1437 1279 1489 οἱ
1337 1440 1466 1510 περὶ
1523 1440 1782 1494 Εὐσέϐιον
1817 1442 1912 1495 καὶ

326 1525 549 1596 Ἀρειον
571 1526 678 1598 πρὸ
721 1526 929 1597 χρόνων
956 1527 1056 1597 μὲν
1108 1524 1248 1581 εἶναι
1292 1529 1384 1582 τὸν
1415 1529 1543 1582 Υίὺν
1578 1530 1785 1598 ελεγον,
1816 1550 1913 1586 πε-

322 1609 584 1679 ποιῆσθαι
617 1609 820 1680 μέντοι,
855 1611 947 1664 καὶ
971 1611 1068 1665 ἕνα
1102 1612 1211 1665 τῶν
1252 1613 1567 1684 κτισμάτων
1603 1615 1766 1669 αὑτὸν
1802 1617 1911 1671 ἐδί-

319 1701 545 1764 δασκον,
576 1701 673 1754 καὶ
696 1701 778 1765 τὸ,
806 1703 871 1754 ὲκ
892 1701 985 1754 τοῦ
1011 1701 1168 1767 Θεοῦ,
1214 1704 1313 1774 οὐχ
1343 1703 1420 1768 ὡς
1452 1704 1581 1757 Υίδν
1603 1706 1667 1759 ὲκ
1696 1707 1913 1779 Πατρός

319 1794 568 1861 γνήσιον,
603 1792 906 1844 ἐπίστευον·
935 1791 1049 1845 ἀλλ’
1075 1793 1151 1856 ὡς
1181 1793 1250 1847 τὰ
1301 1795 1597 1866 κτίσματα·
1628 1796 1728 1850 οὔτ
1773 1795 1914 1850 οὕτω
1939 1834 1981 1889 Β

317 1883 417 1935 καὶ
454 1884 544 1935 ἐπ’
578 1881 745 1935 αὐτοῦ
773 1883 834 1934 τὸ
882 1884 946 1935 ὲκ
995 1883 1089 1937 τοῦ
1142 1884 1277 1937 Θεοῦ
1307 1881 1445 1939 εἶναι
1491 1886 1908 1942 διεὸεόαιοῦντοο

317 1974 421 2042 τήν
448 1989 512 2025 τε
566 1972 664 2042 τῆς
707 1971 1020 2041 ὁμοιώσεως
1053 1973 1279 2044 ἑνότητα
1328 1974 1422 2028 τοῦ
1468 1975 1597 2030 Υίοῦ
1773 1979 1911 2050 πρὸς

318 2062 412 2115 τὸν
436 2062 664 2132 Πατέρα
696 2063 796 2121 οὐκ
833 2062 1023 2132 ἔλεγον
1051 2063 1192 2117 κατὰ
1230 2065 1329 2135 τὴν
1356 2066 1563 2132 οὐσίαν,
1607 2068 1726 2122 οὐδὲ
1768 2070 1907 2123 κατὰ

318 2153 421 2222 τὴν
460 2152 646 2221 φύσιν,
673 2152 748 2215 ὡς
775 2152 922 2205 ἐστιν
946 2153 1060 2215 υίὸς
1091 2154 1273 2223 ὅμοιος
1296 2155 1491 2226 Πατρὶ,
1535 2155 1670 2210 ἀλλὰ
1692 2156 1779 2211 διὰ
1809 2158 1908 2229 τὴν

320 2243 648 2312 συμφωνίαν
680 2242 789 2296 τῶν
811 2243 1096 2314 δογμάτων
1130 2244 1344 2313 καὶτῆς
1368 2244 1735 2310 διδασκαλίας·
1772 2247 1909 2300 ἀλλά

319 2334 433 2405 γάρ
455 2335 554 2387 καὶ
579 2332 956 2403 ἀπεσχοίνιζον
986 2335 1081 2387 καὶ
1115 2333 1475 2400 ἀπεξενοῦντο
1629 2336 1908 2399 παντελῶς

319 2426 421 2497 τὴν
444 2421 639 2478 οὐσίαν
658 2424 753 2477 τοῦ
790 2423 917 2478 Υἱοῦ
938 2426 1045 2479 ἀπὸ
1068 2427 1164 2480 τοῦ
1192 2429 1405 2500 Πατρὸς
1422 2467 1438 2490 ,
1489 2429 1683 2500 ἑτέραν
1733 2428 1907 2498 ἀρχὴν

318 2512 476 2584 αὐτῷ
505 2512 603 2566 τοῦ
630 2509 770 2567 εἶναι
815 2512 967 2587 παρὰ
994 2515 1085 2567 τὸν
1149 2516 1361 2587 πατέρα
1532 2514 1867 2580 ἐπινοοῦντες
1885 2553 1903 2580 ,

320 2605 418 2658 καὶ
445 2605 532 2667 είς
556 2604 631 2657 τά.
647 2604 920 2674 κτίσματα
948 2607 1346 2677 καταφέροντες
1372 2605 1556 2661 αὐτόν’
1582 2604 1778 2660 τούτου
1806 2605 1908 2676 χά-

322 2712 411 2766 ριν
428 2697 483 2750 οί
512 2699 572 2749 ὲν
597 2695 802 2765 Νικαίᾳ
836 2694 1200 2761 συνελθόντες,
1226 2696 1601 2769 θεωρήσαντες
1628 2698 1728 2769 τὴν
1764 2716 1903 2752 παν-

317 2785 555 2856 ουργίαν
609 2783 719 2837 τῶν
750 2782 894 2838 οὕτω
947 2782 1310 2855 φρονούντων,
1352 2786 1446 2837 καὶ
1662 2801 1905 2853 συναγα-

317 2876 516 2943 γόντες
548 2875 616 2927 ὲκ
641 2873 750 2928 τῶν
773 2873 1002 2946 Γραφῶν
1027 2873 1125 2945 τὴν
1145 2874 1403 2939 διάνοιαν,
1423 2875 1743 2947 λευκότερον
1766 2877 1906 2949 γράο

318 2983 541 3035 φοντες.
563 2967 818 3035 εἰρήκασι
861 2965 923 3019 τὸ
975 2967 1277 3036 ὀμοούσιον⁹
1313 2967 1403 3021 ἵνα
1459 2967 1554 3020 καὶ
1584 2966 1645 3020 τὸ
1682 2967 1905 3037 γνήσιον

316 3056 544 3127 ἀληθῶς
567 3058 631 3109 ὲκ
652 3056 843 3109 τούτου
872 3055 1087 3128 γνωσθῇ
1110 3055 1205 3109 τοῦ
1230 3055 1381 3121 Υἱοῦ,
1409 3058 1506 3110 καὶ
1536 3056 1701 3127 μηδὲν
1728 3055 1904 3109 κοινὸν

318 3147 423 3219 ἔχῃ
454 3146 596 3218 πρὸς
620 3145 805 3200 τοῦτον
826 3146 896 3199 τὰ
919 3147 1144 3217 γενητά.

2024 549 2130 593 tem
2165 539 2448 594 divinitate
2476 555 2598 595 cum
2631 538 2932 609 simplicius
2973 539 3294 606 scriberem,
3333 540 3399 594 ad
3431 557 3591 597 accu-

2022 639 2190 683 ratnn
2223 631 2700 685 consubstantialis
2731 631 3230 699 interpretationem
3285 646 3393 684 non
3427 632 3595 687 deve-

2018 729 2241 773 nerunt.
2274 718 2407 775 Tota
2438 722 2584 775 enim
2637 737 2827 775 eorum
2872 737 2999 776 cura
3036 722 3088 774 in
3128 738 3194 776 eo
3241 722 3414 791 posita
3451 732 3588 787 eral,

2020 814 2240 881 utquod
2269 811 2307 866 S
2326 815 2668 868 unosatensis
2692 824 3034 868 commentus
3059 814 3235 870 fuerat
3256 826 3585 876 everterent,

2016 911 2073 956 et
2100 911 2229 956 ante
2253 903 2435 958 omnia
2461 903 2661 959 Filium
2686 920 2805 959 esse
2833 906 3197 966 declararent.
3228 921 3463 976 eumque
3493 920 3592 960 ne-

2011 1004 2287 1061 quaquam
2334 1006 2400 1044 ex
2448 989 2666 1044 homine
2709 989 2878 1044 Deum
2914 990 3114 1046 factum
3150 1008 3289 1059 esse,
3317 994 3408 1048 sed
3445 993 3587 1050 Deus

2011 1099 2138 1137 cum
2170 1091 2337 1145 esset,
2369 1079 2602 1135 formam
2628 1080 2773 1137 servi
2809 1081 3052 1136 induisse
3073 1122 3089 1147 ,
3121 1091 3319 1138 etcum
3345 1083 3580 1140 Verbum

2010 1184 2173 1240 esset,
2205 1172 2407 1228 factum
2438 1188 2679 1238 carnem,
2710 1180 2769 1226 ut
2789 1172 2864 1226 ait
2895 1170 3158 1238 Joannes,
3192 1184 3354 1243 atque
3379 1176 3451 1229 ita
3486 1178 3584 1229 ait-

2013 1280 2204 1320 versus
2238 1264 2394 1319 Pauli
2435 1263 2826 1332 blasphemiam
2880 1274 3061 1317 actum
3094 1273 3196 1319 est.
3223 1266 3359 1319 Cum
3404 1279 3584 1320 autem

2012 1353 2304 1411 Eusebiani
2349 1363 2403 1410 et
2432 1356 2640 1420 Ariani,
2666 1364 2792 1409 ante
2845 1362 3087 1427 tempora
3129 1356 3347 1425 quidem
3390 1355 3585 1411 Filium

2012 1445 2183 1501 fuisse
2222 1448 2484 1513 dicerent,
2528 1447 2733 1503 factum
2779 1455 2959 1502 tamen
3009 1446 3198 1513 fuisse,
3242 1465 3306 1503 ac
3354 1465 3515 1503 unam
3554 1465 3587 1504 e

2010 1539 2279 1593 creaturis
2321 1554 2445 1595 eum
2478 1555 2600 1595 esse
2629 1540 2908 1606 docerent,
2951 1549 3006 1594 et
3038 1541 3190 1606 illud,
3219 1557 3284 1596 ex
3319 1541 3449 1606 Deo,
3476 1557 3582 1596 non

2010 1621 2204 1678 Filium
2227 1640 2291 1680 ex
2317 1624 2480 1680 Patre
2505 1626 2800 1697 genuinum
2827 1641 2950 1681 esse
2972 1627 3292 1695 crederent;
3320 1632 3414 1684 sed
3441 1640 3584 1685 sicut

2010 1724 2309 1780 creaturas,
2334 1716 2404 1771 ita
2423 1731 2547 1771 eum
2572 1715 2905 1771 afﬁrmarent
2919 1732 2987 1771 ex
3002 1716 3111 1771 Deo
3138 1734 3259 1774 esse
3279 1738 3293 1773 :
3319 1722 3579 1775 unitatem

2009 1813 2190 1859 autem
2209 1806 2584 1862 similitudinis
2603 1806 2722 1861 Filii
2744 1823 2868 1862 cum
2893 1807 3050 1864 Patre
3066 1808 3311 1865 dicerent
3331 1826 3438 1864 non
3462 1826 3583 1866 esse

2009 1894 2308 1948 secundum
2482 1881 2492 1922 )
2531 1895 2919 1963 substantiam,
2947 1913 3047 1953 nec
3077 1901 3377 1953 secundum
3424 1908 3581 1955 natu-

2007 1998 2148 2046 ram,
2179 1983 2637 2053 quemadmodum
2672 1986 2817 2042 filius
2846 1998 2928 2042 est
2952 1990 3093 2059 patri
3132 1990 3349 2054 similis,
3374 1991 3470 2045 sed
3511 1992 3581 2045 ob

2008 2073 2187 2128 solum
2238 2075 2553 2144 dogmatum
2608 2075 2978 2147 doctrinaeque
3042 2086 3410 2136 consensum:
3469 2081 3581 2136 imo

2006 2179 2130 2219 cum
2162 2164 2525 2219 substantiam
2554 2163 2676 2219 Filii
2707 2180 2738 2219 a
2782 2165 2943 2222 Patre
2975 2169 3199 2224 omnino
3261 2180 3579 2240 separarent

2006 2263 2058 2309 et
2090 2255 2415 2321 alienarent,
2446 2254 2725 2311 diversum
2767 2271 2797 2311 a
2826 2256 2989 2314 Patre
3018 2259 3234 2313 initium
3274 2261 3453 2330 ipsum
3480 2263 3576 2317 ha-

2006 2346 2134 2401 bere
2159 2346 2473 2413 commenti,
2501 2347 2567 2401 ad
2593 2360 2986 2420 creaturasque
3012 2365 3135 2405 eum
3167 2352 3530 2422 deprimentes
3558 2373 3573 2410 :

2004 2439 2130 2494 ideo
2159 2437 2253 2508 qui
2282 2436 2475 2492 Nicaa:
2520 2438 2835 2510 congregati
2858 2448 3053 2506 erant,
3111 2456 3301 2496 eorum
3348 2444 3444 2513 qui
3499 2445 3574 2500 ita

2004 2531 2271 2587 sentirent
2326 2529 2600 2585 vafritiem
2663 2532 3000 2601 conspicati,
3056 2532 3574 2605 Scripturarumqne

2005 2633 2188 2677 mente
2227 2621 2478 2688 collecta,
2514 2621 2777 2691 liquidius
2814 2623 3089 2693 scripsere
3131 2626 3571 2682 consubstantia-

2006 2711 2111 2766 lem
2142 2726 2266 2766 eum
2292 2726 2416 2768 esse
2442 2729 2458 2779 ;
2495 2720 2554 2766 ut
2578 2711 2705 2766 hinc
2730 2728 2857 2767 vera
2882 2722 2937 2768 et
2963 2715 3199 2783 genuina
3230 2714 3351 2770 Filii
3380 2729 3571 2772 natura

2004 2803 2287 2873 explorata
2316 2810 2484 2870 esset,
2517 2802 2806 2873 palamque
2839 2802 2982 2858 foret
3016 2803 3231 2874 opiﬁcis
3280 2807 3415 2860 nihil
3448 2824 3572 2863 cum

2004 2907 2070 2947 eo
2115 2906 2406 2946 commune
2461 2892 2683 2947 habere.
2738 2893 3009 2948 Accurata
3040 2893 3185 2948 enim
3219 2893 3385 2964 hujus
3425 2898 3572 2953 vocis

2004 2983 2166 3046 ratio,
2189 2996 2380 3037 eorum
2423 2983 2674 3053 coarguit
2710 2983 3115 3039 simulationem
3148 2999 3256 3054 qua
3286 2984 3426 3040 hanc
3450 3002 3564 3057 pro-

2006 3072 2189 3129 ferunt
2211 3087 2422 3140 vocem,
2446 3087 2513 3127 ex
2540 3071 2671 3139 Deo,
2706 3087 3005 3143 omnesque
3033 3087 3222 3128 eorum
3262 3073 3329 3128 ad
3362 3074 3569 3143 simpli-

1435 3148 1543 3252 τειρ
1702 3146 1905 3256 es“

2009 3166 2181 3221 ciores
2208 3165 2551 3221 seducendos
2576 3165 2820 3235 argutias
2843 3164 3061 3220 refellit.
3092 3163 3253 3220 Certe
3281 3180 3406 3221 cum
3447 3181 3571 3222 om-

317 3237 535 3308 τιύτης
553 3237 805 3309 ἀκρίϐεια
826 3239 926 3310 τήν
957 3256 1023 3292 τε
1042 3238 1331 3311 ὑπόκρισιν
1352 3238 1550 3300 αὐτῶν,
1576 3238 1673 3292 ἐὰν
1702 3236 1903 3306 λέγωσι

2009 3258 2092 3314 nia
2118 3257 2328 3326 possint
2366 3271 2465 3326 pro
2516 3256 2743 3310 libidine
2774 3254 3206 3325 sepliismatibus
3254 3255 3473 3311 eludere
3509 3271 3570 3312 ac

314 3344 404 3409 τδ,
434 3344 505 3396 ὲκ
529 3341 626 3395 τοῦ
648 3340 807 3405 Θεοῦ,
835 3341 1021 3411 ῥητὸν,
1053 3340 1339 3410 διελέγχει,
1388 3342 1484 3395 καὶ
1515 3340 1696 3403 πάσας
1727 3338 1906 3393 αὐτῶν

316 3438 420 3499 τὰς
441 3434 830 3502 πιθανότητας,
855 3431 913 3484 ὲν
928 3425 1017 3492 αῖς
1043 3430 1433 3500 ὖφαρπάζουσι
1446 3433 1573 3494 τοὺς
1592 3431 1906 3500 ἀκεραίους,

2006 3337 2352 3404 detorquere,
2401 3334 2542 3389 hanc
2572 3333 2743 3387 solam
2793 3346 3004 3397 vocem,
3041 3342 3229 3401 utpote
3268 3344 3389 3400 quae
3423 3341 3579 3382 suam

2006 3426 2235 3481 heresin
2262 3423 2526 3487 confutet,
2565 3423 2954 3490 reformidant;
2986 3437 3149 3492 quam
3189 3419 3398 3485 Patres,
3424 3421 3578 3490 quasi

318 3526 604 3583 ἐκὸἀλλει.
637 3524 820 3578 Πάντα
853 3522 984 3590 γοῦν
1015 3514 1305 3601 δννάμενοι
1333 3521 1653 3589 σοφίζεσθαι
1685 3522 1785 3574 καὶ
1812 3539 1913 3590 μετ

2009 3516 2471 3587 propugnaculum
2532 3512 2794 3568 adversus
2846 3514 3070 3583 impiam
3123 3527 3339 3567 onmem
3390 3524 3580 3566 eorum

318 3620 594 3684 ταποιεῐν,
621 3616 699 3680 ὥς
736 3614 971 3679 θέλουσι,
1016 3611 1224 3680 ταύτην
1276 3611 1446 3681 μόνην
1493 3612 1591 3681 τὴν
1633 3611 1801 3678 λέξιν,
1828 3612 1907 3676 ὡς

2006 3611 2413 3679 cogitationem,
2440 3602 2836 3673 conscripsere.

320 3713 709 3782 διελέγχουσαν
734 3708 916 3763 αὐτῶν
939 3707 1041 3779 τὴν
1067 3707 1299 3780 αἵρεσιν,
1336 3705 1599 3761 δεδίασιν·
1640 3706 1708 3778 ἢν
1727 3708 1777 3759 oi
1807 3703 2051 3777 Πατίρες
2082 3703 2269 3772 ὥσπερ
2297 3698 2657 3768 ἐπιτείχισμα
2694 3694 2834 3752 κατὰ
2864 3696 3044 3768 πάσης
3076 3696 3307 3755 ἀσεϐοῦς
3332 3698 3582 3764 δπινοίας

326 3804 513 3858 αύτῶν
550 3802 816 3873 εγραψαν.

396 3894 710 3950 Πεπαύσθω
754 3892 936 3947 τοίνυν
970 3894 1129 3947 πᾶσα
1174 3892 1500 3956 φιλονεικία,
1550 3892 1645 3944 καὶ
1703 3889 1903 3960 μηκέτι

2081 3892 2270 3944 Cesset
2324 3901 2453 3955 ergo
2485 3889 2667 3944 omnis
2723 3890 3022 3946 contentin.
3054 3902 3155 3941 nec
3209 3886 3349 3939 ultra
3395 3885 3450 3939 in
3483 3896 3583 3939 nos

330 3972 763 4043 προσιώπτωμεν
825 3972 1012 4042 ἡμεῖς,
1060 3972 1111 4023 εἰ
1157 3969 1430 4041 διαφόρως
1486 3968 1834 4041 ὲξειλήφασιν
1858 3973 1913 4026 al

2013 3968 2204 4016 mutuo
2256 3960 2665 4032 impingamus,
2705 3963 3180 4034 disceptemusqne
3235 3980 3365 4020 num
3411 3966 3584 4025 variis

330 4063 539 4116 σύνοδοι
568 4060 668 4132 τὴν
698 4060 793 4114 τοῦ
855 4060 1141 4132 ὁμοουσίου
1183 4061 1349 4129 λέξιν.
1387 4063 1624 4134 Ἔχομεν
1799 4063 1909 4133 γάρ

328 4159 407 4220 εἰς
434 4154 735 4222 ἀπολογίαν
762 4154 1019 4222 εὐλόγους
1041 4155 1171 4226 περὶ
1204 4156 1386 4210 αὐτῶν
1415 4157 1616 4222 αἰτίας,
1649 4156 1751 4221 τὰς
1784 4172 1911 4228 προ-

332 4247 630 4319 ειρημένας
660 4245 783 4316 μὲν,
811 4246 906 4299 καὶ
928 4244 1132 4315 ταύτην
1162 4246 1227 4298 δέ·
1249 4262 1264 4276 ·
1304 4246 1366 4299 τὸ
1392 4247 1689 4318 ἀγέννητον
1715 4284 1732 4307 ,
1865 4246 1917 4299 εί

332 4339 425 4391 καὶ
453 4336 532 4409 μὴ
556 4335 711 4407 παρὰ
763 4335 871 4389 τῶν
915 4336 1144 4406 Γραφῶν
1194 4336 1615 4408 μεμαθήκαμεν,
1679 4335 1916 4409 οὐδαμοῦ

330 4429 438 4502 γὰρ
466 4427 763 4498 ἀγέννητον
794 4425 886 4480 τὸν
913 4426 1044 4479 Θεὸν
1072 4428 1357 4498 εἰρήκασιν
1399 4429 1457 4481 αἱ
1497 4427 1732 4498 Γραφαὶ,
1766 4429 1915 4498 ὅμως

2017 4050 2192 4105 modis
2244 4051 2437 4120 synodi
2487 4053 2969 4110 consubstantialis
3019 4069 3205 4110 vocem
3253 4057 3564 4127 acceperint

2014 4140 2093 4193 Ad
2124 4139 2496 4197 defensionem
2526 4145 2673 4199 enim
2706 4144 2975 4214 legitimas
2999 4160 3198 4203 causas
3220 4161 3321 4218 pro
3351 4147 3421 4204 iis
3453 4148 3585 4204 al'l'e-

2014 4232 2211 4287 rendas
2262 4233 2557 4299 habemus,
2607 4252 2732 4292 cum
2785 4252 2950 4307 supra
2993 4237 3203 4305 dictas,
3250 4247 3365 4293 tum
3417 4240 3583 4294 etiam

2015 4322 2173 4376 istam
2203 4340 2217 4377 :
2250 4338 2464 4393 nempe,
2501 4325 2628 4380 licet
2680 4326 2822 4381 hanc
2867 4341 3056 4382 vocem
3082 4365 3098 4391 ,
3134 4312 3432 4397 ingenitum
3459 4368 3475 4393 ,
3518 4343 3585 4384 ex

2015 4406 2315 4477 Scripturis
2347 4426 2453 4465 non
2501 4412 2879 4481 didicerimus,
2945 4430 3215 4484 nusquam
3257 4416 3404 4471 enim
3439 4416 3589 4471 Scri-

331 4496 525 4590 ἒπειδὴν
556 4496 666 4572 και
687 4518 872 4572 πολλοὶ
907 4517 1017 4571 τῶν
1043 4496 1345 4573 δοκούντων
1378 4496 1912 4590 ὲημνημόνευσανήτοῦ

2012 4506 2187 4565 ptime
2222 4496 2387 4552 Deum
2433 4501 2728 4570 ingenitum
2766 4503 2985 4570 dixere;
3014 4514 3258 4560 attamen
3296 4520 3422 4560 cum
3456 4508 3591 4562 mul-

321 4612 612 4682 ὀνόματος,
645 4610 1174 4680 φιλοπευστήσαντες
1208 4608 1451 4681 ἔγνωμεν
1486 4610 1577 4663 ὅτι-
1629 4610 1724 4663 καὶ
1757 4609 1915 4665 τοῦτο

323 4706 384 4758 τὸ
412 4704 587 4774 ὄνομα
613 4703 844 4773 διάφορα
870 4700 991 4772 ἔχει
1031 4701 1103 4756 τὰ
1154 4703 1554 4773 σημαινόμενα’
1604 4703 1699 4755 καὶ
1732 4704 1781 4755 oi
1815 4702 1915 4773 μὲν

321 4796 382 4846 τδ
405 4793 467 4847 ὃν
491 4792 613 4863 μὲν,
647 4792 788 4862 μήτε
812 4790 1167 4861 δὲγεννηθὲν,
1204 4792 1341 4861 μήτε
1364 4792 1501 4854 ὅλως
1540 4790 1665 4861 ἔχον
1707 4790 1799 4844 τὸν
1829 4790 1916 4843 αἴ-
1956 4814 1963 4823 ·

321 4902 457 4951 τιον,
476 4885 636 4952 λέγον
643 4900 735 4937 σινι
753 4883 1055 4952 ἀγέννητον
1082 4894 1097 4911 ·
1210 4881 1331 4934 οίιδὲ
1345 4881 1409 4935 τὸ
1424 4881 1914 4954 άκτιστον.Ὢσπερ

319 4972 418 5030 οἷν
444 4975 654 5029 τούτων
680 4973 824 5028 οὕτω
886 4973 1321 5045 σημαινομένων,
1357 4974 1465 5026 elo
1498 4973 1611 5043 μένι
1654 4990 1738 5036 τις
1774 4974 1911 5026 ἀπο-

321 5067 541 5120 ϐλέπων
557 5064 726 5129 είςτὸ
752 5063 1018 5136 πρότερον
1064 5061 1478 5133 σημαινόμενον,
1521 5060 1605 5124 τὸ,
1667 5061 1741 5131 μὴ
1791 5060 1913 5130 ἔχον

318 5160 417 5213 τὸν
449 5159 647 5222 αἴτιον,
682 5156 837 5224 ἔλεγε
869 5157 944 5227 μὴ
1003 5151 1143 5207 εἶναι
1171 5152 1470 5222 ἀγέννητον
1645 5151 1909 5215 τὸνηΥἱδν,

320 5251 425 5303 οὐκ
469 5248 543 5302 ἂν
580 5247 877 5318 κατηγόρει
932 5244 1144 5316 βλέπων
1193 5245 1378 5315 ἕτερον
1432 5241 1697 5312 βλέποντα
1722 5243 1800 5306 είς
1851 5243 1913 5296 τὸ

326 5341 403 5412 μὴ
434 5335 576 5392 εἶναι
607 5338 816 5409 ποίημα
843 5336 981 5408 μηδὲ
1020 5338 1245 5406 κτίσμα,
1286 5335 1400 5388 ἀλλ’
1429 5336 1597 5388 ἀΐδιον
1791 5336 1914 5403 γέν-

321 5446 498 5501 νημα,
534 5429 631 5483 καὶ
660 5428 888 5497 λέγοντα
920 5428 1217 5498 ἀγέννητον
1243 5427 1337 5480 τὸν
1386 5426 1533 5481 Υίόν.
1588 5426 1912 5498 ’Δμφότεροι

322 5520 437 5591 γὰρ
463 5519 600 5590 πρὸς
625 5517 715 5572 ’ὼν
744 5517 874 5570 ἴδιον
901 5514 1102 5569 σκοπὸν
1150 5516 1405 5586 ὁρῶντες,
1458 5514 1640 5578 καλῶς
1693 5515 1911 5587 εἰρήκαρ

326 5626 430 5661 συν
461 5606 638 5670 οὕτως
665 5608 715 5659 εί
757 5606 851 5659 καὶ
878 5603 987 5657 τῶν
1038 5606 1291 5676 Πατέρων
1315 5608 1365 5658 οἱ
1412 5604 1510 5674 μὲν
1555 5604 1747 5669 οὕτως,
1776 5605 1828 5658 οι
1852 5604 1915 5659 δὲ

326 5700 500 5763 οὕτως
520 5701 778 5767 εἰρήκασι
812 5698 941 5767 περὶ
960 5696 1052 5749 τοῦ
1081 5697 1386 5759 bur/msice,
1421 5698 1493 5766 μὴ
1520 5696 1912 5766 φιλονεικῶμεν

1947 4571 1987 4622 υ
2015 4592 2065 4644 ti-
2085 4591 2328 4660 praeclari
2366 4592 2463 4645 viri
2495 4594 2562 4647 de
2587 4594 2677 4647 illo
2704 4595 2926 4650 nomine
2956 4597 3285 4652 mentionem
3319 4597 3544 4653 fecerint
3567 4638 3583 4661 ,

2012 4693 2266 4737 accurate
2297 4683 2363 4738 de
2393 4683 2487 4738 illo
2520 4684 2816 4753 sciscitati,
2849 4687 3174 4758 agnovimus
3226 4688 3331 4744 hoc
3382 4704 3582 4743 nomen

2011 4774 2224 4831 diversa
2256 4776 2565 4847 signiﬁcare
2596 4797 2608 4832 :
2637 4778 2727 4832 alii
2761 4778 2905 4833 enim
2946 4780 3101 4833 aiunt
3133 4778 3432 4848 ingenitum
3460 4791 3585 4833 esse

2013 4866 2063 4921 id
2087 4855 2229 4936 quod
2254 4868 2491 4935 exsistit,
2522 4884 2622 4924 nec
2658 4879 2837 4925 tamen
2865 4871 3105 4940 genitum
3132 4880 3234 4935 est,
3266 4885 3445 4939 neque
3467 4884 3587 4926 om-

2014 4961 2144 5014 nino
2176 4975 2397 5015 causam
2431 4961 2592 5017 habet
2624 4980 2636 5016 :
2670 4961 2759 5016 alii
2785 4976 2932 5029 vero,
2956 4962 3013 5017 id
3043 4963 3185 5033 quod
3206 4973 3450 5019 creatum
3474 4978 3584 5017 non

2010 5060 2111 5105 est:
2182 5049 2238 5105 Si
2284 5053 2410 5122 quis
2442 5052 2608 5123 igitur
2636 5053 2827 5107 harum
2860 5054 3314 5126 significationum
3347 5055 3584 5125 priorem

2014 5141 2343 5210 respiciens,
2384 5156 2493 5210 qua
2548 5141 2872 5213 intelligitur
2914 5144 3214 5213 ingenitum
3267 5158 3390 5199 esse
3436 5144 3585 5214 quod

1994 5234 2216 5287 'nuliam
2246 5233 2408 5288 habet
2433 5248 2656 5288 causam
2680 5274 2695 5299 ,
2727 5235 2933 5290 diceret
2961 5233 3159 5290 Filium
3194 5251 3302 5291 non
3331 5252 3452 5293 esse
3499 5238 3586 5293 in-

2012 5328 2252 5397 genitum
2279 5341 2294 5391 ;
2353 5339 2462 5379 non
2491 5325 2613 5380 ideo
2641 5326 2687 5381 si
2724 5340 2886 5396 quem
2916 5329 3269 5397 conspicatus
3292 5329 3405 5399 qui,
3428 5328 3583 5399 juxta

2013 5419 2338 5474 sententiam
2368 5433 2491 5488 quae
2522 5420 2596 5474 ait
2656 5420 2834 5490 ipsum
2861 5436 2960 5475 nec
2988 5420 3266 5491 opificium
3297 5436 3398 5477 nec
3438 5437 3589 5478 crea-

2015 5520 2191 5565 turam
2217 5551 2232 5577 ,
2264 5510 2359 5565 sed
2392 5519 2647 5566 aeternam
2681 5512 2888 5582 prolem
2923 5526 3044 5566 esse
3069 5552 3085 5578 ,
3120 5526 3245 5566 eum
3280 5512 3584 5582 ingenitum

2015 5604 2236 5669 diceret,
2266 5603 2413 5656 illum
2437 5612 2719 5672 propterea
2745 5603 3148 5658 criminaretur.
3182 5601 3417 5691 U‘terque
3438 5607 3584 5662 enim

2018 5696 2165 5765 iuxta
2206 5694 2485 5767 proprium
2523 5712 2744 5766 scopam
2799 5697 2965 5764 probe
3019 5697 3229 5755 locutus
3274 5709 3445 5757 esset;
3508 5700 3587 5755 ita
