4094 6204
482 313 588 376 479

1708 315 2093 375 ΕΗῘΠΥΜΙΙ
2132 314 2493 375 ΖῘΟᾹΒΕΝῘ

3623 311 3730 376 480

475 478 691 534 quoque
736 461 779 516 si
817 476 880 515 ex
941 459 1197 515 Pati-ibus
1241 459 1331 513 alii
1372 459 1480 512 alio
1517 459 1680 512 modo
1716 459 1782 512 de
1817 460 2047 514 consub-

2146 450 2325 519 ήμεῖς,
2359 446 2485 500 ἀλλ”
2507 443 2745 507 εὐσεϐῶς
2779 445 2846 498 τὰ
2880 443 3007 513 παρ’
3038 443 3214 496 αὐτῶν
3270 441 3570 513 δεχώμεθα,
3622 443 3728 507 ἓως

477 553 715 608 stantiali
747 552 907 606 locuti
942 560 1103 614 sunt,
1143 564 1209 603 ne
1242 548 1635 604 contendamus
1665 567 1678 603 :
1713 552 1805 604 sed
1837 553 1920 620 pie
1953 567 2043 606 eo-

476 661 596 698 rum
632 645 773 697 dicta
807 642 1171 708 excipiamus,
1229 637 1360 692 dum
1416 641 1655 696 maxime
1705 649 1818 697 toto
1868 644 2048 700 stuuio

475 737 662 806 pietati
693 748 911 803 operam
951 733 1238 785 dederunt.

662 823 898 890 Ignatius
951 831 1117 885 certe,
1166 823 1258 891 qui
1292 832 1414 892 post
1447 825 1721 893 apostolos
1748 825 2049 881 Antiochiae

475 915 762 982 opiscuptis
814 912 1146 965 constitutus
1179 922 1261 966 est
1282 953 1296 975 ,
1353 915 1577 982 ipseque
1610 925 1814 986 martyr
1844 916 2045 969 Christi

477 1007 597 1068 fuit,
629 1005 694 1056 de
727 1003 952 1055 Domino
979 1003 1243 1066 scribens,
1270 1003 1404 1058 dixit
1459 1023 1472 1060 :
1589 1025 1606 1055 ι
1634 1004 1785 1059 Unus
1809 1008 2048 1060 medicus

477 1026 597 1068 11111,
629 1026 694 1056 UU
727 1026 952 1055 UUIlllllU
979 1026 1243 1066 thI'IUL'IIb,
1270 1026 1404 1058 UIXIL
1459 1026 1472 1060 ζ
1589 1026 1606 1055 ί
1638 1026 1785 1059 [111115
1809 1026 2044 1060 1116010115

464 1026 557 1166 ,le
589 1095 826 1148 carnalis
867 1103 920 1147 et
961 1095 1283 1163 spiritualis,
1313 1095 1486 1150 factus
1527 1107 1579 1152 ct
1606 1115 1712 1151 non
1741 1091 2044 1163 t‘actusfiu

463 1175 700 1256 :homine'
731 1184 870 1238 Deus
895 1225 908 1247 ,
949 1187 999 1237 in
1037 1197 1209 1238 morte
1241 1185 1346 1238 vita
1379 1202 1500 1239 vera
1527 1226 1542 1252 ,
1573 1198 1624 1241 et
1671 1203 1735 1241 ex
1778 1188 1946 1241 Maria
1994 1198 2047 1240 et

476 1292 542 1327 cx
577 1275 702 1326 Deo.
749 1293 767 1324 ι
807 1273 1036 1338 Quidam
1072 1283 1250 1326 autem
1287 1282 1406 1341 post
1449 1273 1711 1343 lgnatium
1742 1284 1795 1327 et
1831 1277 1925 1343 ipsi
1981 1292 2044 1329 ex

460 1354 754 1433 .‘iuagistris
788 1367 986 1420 nostris
1015 1368 1294 1420 scribunt:
1323 1387 1340 1418 ι
1369 1367 1543 1421 Unum
1574 1383 1678 1420 non
1716 1368 1912 1421 factum
1943 1380 2045 1434 est,

480 1458 687 1508 scilicet
727 1456 884 1509 Pater
917 1475 928 1507 τ
962 1466 1012 1509 ct
1051 1473 1191 1509 unus
1227 1473 1289 1509 ex
1345 1459 1463 1525 ipso
1512 1455 1680 1510 Filius
1732 1473 2045 1524 germanus,

480 1548 658 1614 proles
683 1564 828 1611 vera,
855 1545 1088 1599 Verbum
1123 1558 1175 1600 et
1203 1548 1478 1616 Sapientia
1509 1547 1706 1602 Patris.
1739 1567 1754 1597 ι
1781 1547 1836 1600 Si
1866 1549 2050 1616 itaque

482 1639 588 1692 illis
617 1640 776 1692 etiam
809 1639 1182 1703 adversamur,
1211 1639 1281 1692 sit
1306 1641 1461 1692 nobis
1485 1640 1769 1693 adversum
1814 1638 2049 1710 synodos

482 1745 698 1797 quoque
726 1739 1019 1782 certamen.
1068 1729 1225 1794 Quod
1261 1731 1303 1783 si
1341 1731 1490 1798 gnari
1523 1745 1710 1783 eorum
1747 1730 1798 1783 iu
1830 1731 2050 1784 Clu-isto

484 1823 641 1884 lidei,
679 1836 997 1890 persuasum
1043 1821 1304 1875 habemus
1337 1821 1550 1874 beatum
1585 1821 1747 1875 etiam
1783 1821 2048 1890 lgnatium

483 1925 629 1968 recte
659 1919 961 1983 scripsisse.
995 1932 1117 1969 cum
1158 1917 1306 1970 illum
1340 1919 1519 1970 carnis
1543 1933 1707 1972 causa
1741 1919 1939 1970 factum
1971 1916 2054 1971 di-

489 2006 562 2059 xit
610 2004 880 2075 (Christus
911 2008 1056 2059 enim
1090 2023 1218 2060 caro
1247 2006 1419 2060 factus
1445 2007 1572 2075 est),
1600 2018 1653 2062 ct
1687 2008 2052 2072 ium-factum,

485 2098 613 2164 quia
643 2111 752 2148 non
795 2113 859 2149 ex
887 2099 1117 2165 opiliciis
1142 2109 1193 2152 et
1243 2099 1403 2152 rebus
1437 2099 1590 2153 factis
1615 2110 1694 2154 est
1715 2141 1730 2164 ,
1758 2101 1849 2154 sed
1884 2099 2054 2154 Filius

485 2203 548 2240 ex
567 2185 726 2241 Patre
755 2204 767 2238 :
798 2204 894 2241 nec
927 2190 1241 2258 ignoramus
1263 2206 1356 2245 eos
1382 2208 1473 2260 qui
1501 2208 1664 2245 unum
1691 2194 2050 2256 non-tactum,

491 2280 699 2335 scilicet
917 2279 1122 2333 Patrem
1157 2282 1362 2345 dixere,
1391 2298 1494 2335 non
1527 2284 1683 2340 quasi
1726 2283 1953 2337 Verbum
1985 2286 2055 2338 sit

486 2383 574 2420 res
610 2368 746 2421 facta
777 2379 868 2422 aut
893 2372 1168 2439 opiticium
1199 2374 1270 2426 ita
1301 2373 1628 2442 scripsisse;
1660 2377 1752 2429 sed
1781 2377 1906 2445 quia
1937 2381 2054 2430 nul-

483 2457 591 2510 lam
634 2457 790 2512 Pater
825 2460 1018 2516 habeat
1048 2478 1306 2527 causam;
1359 2465 1468 2518 imo
1529 2467 1740 2534 potius,
1777 2470 1905 2536 quia
1941 2470 2054 2537 ipse

485 2554 703 2620 quidem
739 2553 896 2607 Pater
930 2557 999 2610 sit
1037 2557 1328 2626 Sapientia:
1351 2599 1365 2621 ,
1405 2559 1616 2625 Opiﬁcia
1649 2572 1826 2616 autem
1869 2566 2051 2617 omnia

487 2645 538 2696 in
569 2645 832 2714 sapientia
867 2646 1085 2713 fecerit;
1117 2665 1216 2702 cur
1247 2665 1353 2703 non
1383 2653 1542 2706 etiam
1570 2652 1778 2717 Patres,
1807 2669 1930 2708 cum
1959 2673 2053 2710 eos

483 2735 576 2801 qui
603 2734 1042 2792 Samosatenseni
1073 2739 1392 2808 deposuere,
1418 2751 1530 2794 tum
1558 2757 1651 2796 eos
1683 2745 1771 2812 qui
1796 2745 2050 2798 Arianam

485 2825 735 2879 haeresim
770 2829 989 2883 infamia
1024 2839 1315 2896 notarunt,
1348 2832 1401 2886 iu
1439 2849 1608 2889 unum
1647 2835 1863 2904 pietatis
1894 2847 2052 2891 tuen-

483 2917 565 2969 da:
587 2919 825 2972 studium
854 2923 1261 2991 conjungimus,
1289 2924 1396 2978 imo
1418 2941 1787 2996 segregamus,
1812 2938 1864 2982 et
1885 2945 2051 2998 quare

485 3023 592 3060 non
625 3011 802 3076 potius
833 3009 898 3064 de
938 3012 1043 3066 illis
1075 3023 1216 3067 recte
1242 3016 1510 3070 sentimus
1545 3035 1559 3071 :
1589 3019 2050 3089 quandoquidem,

485 3100 562 3151 uti
588 3099 697 3167 jam
747 3101 896 3164 dixi,
950 3105 1158 3171 priores
1205 3107 1282 3159 illi
1318 3107 1493 3161 solum
1529 3107 1926 3166 Samosatensis
1957 3129 2044 3166 so-

483 3191 727 3259 phisma.
759 3202 812 3246 et
858 3195 975 3263 ejus
1007 3197 1508 3266 interpretationem
1542 3211 1879 3270 spectantes,
1913 3205 2051 3258 scri-

488 3371 652 3422 \'erba
699 3387 831 3425 sane
873 3374 1229 3444 intelligentes
1255 3419 1270 3444 ,
1322 3379 1506 3434 dixere
1543 3379 1735 3435 Filium
1768 3399 1889 3439 esse
1921 3400 2049 3439 con-

488 3461 937 3517 substantialem?
969 3464 1229 3535 Equidem
1271 3485 1394 3523 cum
1433 3472 1523 3524 tali
1559 3473 1624 3527 de
1651 3474 1755 3542 piis
1784 3476 1891 3530 illis
1924 3492 2050 3546 erga

487 3551 761 3605 Christum
788 3553 920 3608 viris
942 3555 1042 3609 sint
1069 3560 1358 3622 sententia,
1386 3561 1498 3614 hate
1521 3563 1707 3629 paucis
1729 3565 2049 3635 conscripsi.

487 3641 640 3707 Quod
672 3644 717 3695 si
752 3645 1013 3713 epistolae,
1049 3663 1213 3716 quam
1249 3650 1370 3704 illos
1398 3653 1684 3721 Scripsisse
1711 3655 1920 3721 dicunt,
1955 3659 2053 3709 tui-

488 3733 540 3784 hi
565 3733 716 3800 copia
745 3733 956 3801 fuisset,
986 3738 1238 3792 existimo
1262 3741 1444 3809 plures
1472 3743 1941 3811 deprehensurum
1969 3763 2052 3802 me

487 3826 656 3877 fuisse
690 3842 904 3889 causas,
936 3842 1034 3881 cur
1070 3831 1206 3884 beati
1246 3833 1321 3886 illi
1353 3835 1423 3887 ita
1458 3836 1698 3892 scribere
1723 3839 1896 3892 coacti
1919 3839 2047 3894 sint.

487 3915 590 3970 l‘ar
614 3931 696 3974 est
724 3921 869 3974 enim
905 3922 1166 3993 dccetque
1196 3940 1296 3978 nos
1335 3927 1408 3979 ita
1437 3927 1636 3982 sentire
1655 3970 1670 3993 ,
1711 3928 2050 4000 probumque

485 4026 610 4079 erga
658 4011 844 4068 Patres
887 4016 1127 4070 animum
1158 4032 1403 4082 scrvare,
1435 4019 1479 4072 si
1518 4027 1697 4074 tamen
1727 4024 1895 4090 spurii
1939 4039 2050 4078 non

485 4114 706 4167 sumus,
741 4113 792 4157 et
821 4104 865 4159 si
895 4105 963 4159 ab
990 4107 1096 4161 illis
1128 4108 1447 4164 traditiones
1471 4109 1800 4181 pietatisque
1842 4113 2049 4168 doctri-

485 4209 610 4248 nam
643 4204 906 4250 tenemus.

439 4460 466 4552 ξ
668 4459 849 4512 Talem
883 4459 1044 4529 igitur
1066 4459 1286 4515 Patrum
1318 4462 1486 4519 fuisse
1516 4477 1750 4522 mentem
1777 4470 2048 4539 dicamus,
2077 4498 2119 4552 ι)

443 4529 896 4625 Τενρᾱιιηιιιειιιιε.
939 4553 1050 4621 Age
1085 4569 1212 4606 vero
1247 4571 1463 4610 rursum
1495 4572 1618 4612 cum
1653 4559 1761 4615 illis
1792 4577 1904 4617 rem
1936 4565 2050 4634 pla-

479 4640 598 4695 cide
627 4652 679 4695 et
711 4642 855 4696 bono
889 4645 1072 4698 animo
1105 4644 1466 4713 inquiramus,
1495 4648 1672 4717 deque
1698 4667 1862 4720 supra
1885 4653 2048 4712 dictis

479 4735 810 4787 mentionem
869 4733 1378 4791 faciamus:anuon
1446 4755 1630 4795 revera
1683 4742 2046 4803 demonstrari

476 4823 650 4891 possit
700 4824 982 4894 episc0pos
1004 4824 1193 4880 Niczra:
1214 4837 1570 4897 congregatos
1602 4839 1744 4884 recte
1768 4832 2048 4890 sensisse?

478 4913 537 4968 Si
577 4913 806 4968 Verbum
843 4924 926 4983 est
961 4931 1047 4970 res
1081 4916 1220 4971 facta
1243 4957 1258 4982 ,
1303 4927 1355 4971 et
1385 4920 1622 4973 alienum
1651 4937 1680 4974 a
1717 4919 1894 4977 Patris
1915 4925 2045 4980 sub-

475 5007 695 5070 stantia,
721 5006 794 5060 ita
818 5016 926 5063 uta
954 5007 1110 5063 Patre
1127 5019 1458 5080 segregetur,
1485 5011 1593 5065 imo
1619 5027 1681 5066 ea
1703 5015 2044 5082 separatione

475 5112 597 5166 quae
631 5113 660 5152 a
693 5099 1007 5154 diversitate
1035 5110 1244 5155 naturae
1276 5103 1654 5170 proﬁciscatur
1675 5143 1688 5164 ,
1720 5104 1867 5160 Patri
1896 5118 2044 5165 certe

473 5191 939 5246 consubstantiale
966 5206 1309 5262 nequaquam
1343 5193 1534 5257 luerit;
1567 5195 1659 5250 sed
1691 5198 1869 5266 potius
1895 5199 2044 5270 ejus—

474 5279 596 5335 dem
627 5289 854 5345 naturae,
891 5281 1049 5351 cujus
1081 5294 1167 5336 res
1202 5280 1380 5346 iactat,
1412 5283 1510 5338 etsi
1547 5285 1656 5340 illis
1687 5287 1860 5356 gratia
1893 5298 2036 5344 ante-

473 5373 649 5428 cellat.
682 5372 836 5440 Quod
861 5374 906 5428 si
933 5372 1290 5430 conﬁteantur
1311 5391 1434 5428 eum
1466 5391 1572 5431 non
1595 5392 1718 5433 esse
1742 5379 2039 5448 op’iiicium,

473 5465 565 5520 sed
602 5466 888 5535 genuinam
916 5481 982 5520 ex
1029 5463 1206 5519 Patris
1257 5465 1561 5522 substantia
1591 5469 1818 5538 prolem,
1844 5487 2040 5528 conse-

473 5569 644 5625 quens
675 5570 805 5610 sane
835 5554 998 5612 fuerit
1027 5573 1152 5611 eum
1185 5557 1600 5628 inseparabilem
1635 5577 1758 5618 esse
1791 5577 1821 5617 a
1858 5561 2037 5628 Patre,

474 5659 599 5697 cum
657 5646 727 5698 sit
754 5646 996 5714 ejusdem
1035 5660 1240 5703 natura:
1265 5691 1280 5715 ,
1334 5659 1518 5718 utpote
1568 5653 1635 5707 ah
1674 5654 1764 5707 illo
1803 5657 2035 5726 genitus.

475 5731 621 5786 Talis
655 5744 830 5787 autem
855 5751 974 5789 cum
1012 5738 1112 5803 sit,
1144 5739 1264 5806 jure
1293 5741 1772 5797 consubstantialis
1801 5746 2035 5800 dicatur.

2148 543 2379 612 μαλιστα
2414 538 2510 609 την
2545 536 2776 607 σπουδὴν
2795 531 2941 606 εἶχον
2969 537 3045 598 είς
3076 535 3376 589 εὐσέϐειαν.

2350 841 2604 910 Ἰγνάτιος
2637 835 2730 892 οὖν
2765 873 2781 897 ,
2929 841 2957 892 6
2991 839 3128 909 μετὰ
3155 825 3280 902 τόύς
3317 841 3647 902 ἀποστόλους
3670 845 3731 896 ἐν

2161 935 2454 1003 Ἀντιοχείᾳ
2501 931 2856 994 κατασταθεὶς
2909 931 3225 993 ἐπίσκοπος,
3270 933 3362 983 καὶ
3393 933 3601 1002 μάρτυς
3631 933 3729 988 1:03

2148 1023 2378 1095 Χριστοῦ
2411 1023 2716 1092 γενόμενος,
2748 1021 2972 1092 γράφων
3029 1022 3156 1090 περὶ
3185 1021 3275 1073 τοῦ
3312 1023 3540 1093 Κυρίου,
3572 1025 3729 1095 εἴρη-

2149 1134 2259 1168 κεν·
2303 1135 2320 1164 ι
2356 1110 2446 1177 Εἷς
2505 1114 2683 1187 ίατρός
2735 1116 2870 1177 ἐστι,
2920 1114 3176 1181 σαρκικὸς
3209 1113 3302 1164 καὶ
3335 1114 3724 1184 πνευματικὸς,

2147 1205 2369 1276 γενητὸς
2403 1206 2494 1258 καὶ
2519 1206 2779 1276 ἀγένητος
2811 1245 2826 1268 ,
2976 1205 3033 1255 ὲν
3060 1203 3329 1273 ἀνθρώπῳ
3356 1203 3507 1268 Θεὸς,
3540 1208 3597 1258 ἐν
3626 1207 3727 1260 θα-

2147 1300 2290 1368 νάτῳ
2325 1298 2435 1370 ζωὴ
2464 1297 2710 1366 ἀληθινὴ,
2733 1297 2827 1348 καὶ
2858 1295 2922 1348 ὲκ
2950 1297 3166 1365 Μαρίας
3193 1297 3285 1349 καὶ
3309 1298 3372 1350 ἐκ
3405 1297 3560 1352 Θεοῦ.
3586 1319 3606 1349 ι
3627 1301 3726 1353 Τι-

2147 1392 2234 1452 νὲς
2261 1390 2315 1441 δὲ
2346 1391 2437 1441 καὶ
2480 1387 2586 1439 τῶν
2621 1385 2756 1456 μετὰ
2818 1386 3074 1453 Ἰγνάτιον
3104 1385 3408 1440 διδάσκαλοι
3448 1390 3540 1441 καὶ
3568 1390 3729 1442 αὐτοὶ

2146 1483 2464 1551 γράφουσινο
2492 1499 2508 1531 ι
2536 1479 2630 1532 Ἓν
2659 1478 2716 1530 τὸ
2744 1477 3005 1547 ἀγένητον
3167 1479 3194 1529 6
3227 1479 3436 1550 Πατὴρ,
3467 1483 3559 1534 καὶ
3588 1477 3670 1546 εἷς
3699 1485 3731 1536 6

2148 1575 2205 1636 ἐξ
2229 1571 2387 1625 αὐτοῦ
2418 1569 2543 1632 Υἱὸς
2564 1570 2803 1640 γνήσιος,
2838 1569 3083 1638 γέννημα
3123 1568 3397 1639 ἀληθινόν,
3433 1572 3604 1639 Λόγος
3632 1573 3730 1625 καὶ

2149 1663 2316 1730 Σοφία
2360 1661 2453 1714 τοῦ
2484 1660 2744 1732 Πατρός.)
2785 1661 2847 1712 Et
2883 1661 2983 1729 μὲν
3043 1656 3135 1712 οὖν
3191 1662 3284 1713 καὶ
3331 1661 3466 1732 πρὸς
3502 1663 3730 1728 τούτους

2148 1753 2403 1816 ἐναντίως
2457 1753 2794 1823 διακείμεθα,
2831 1752 2969 1805 ἔστω
3023 1751 3118 1804 καὶ
3178 1752 3311 1822 πρὸς
3343 1755 3440 1817 τὰς
3473 1756 3728 1820 συνόδους

2086 1847 2328 1917 Βήμίνή
2363 1845 2528 1915 μάχη.
2566 1847 2628 1897 Εἰ
2665 1845 2742 1907 δὲ,
2789 1844 2887 1914 τὴν
2934 1846 2991 1896 ἐν
3032 1845 3252 1916 Χριστῷ
3307 1845 3490 1896 πίστιν
3543 1846 3726 1898 αὐτῶν

2149 1937 2522 2001 γινώσκοντες,
2555 1932 2914 2002 πεπείσμεθα,
2945 1935 3026 1985 ὅτι
3057 1933 3150 1984 καὶ
3178 1934 3206 1983 6
3233 1933 3502 2001 μακάριος
3545 1931 3722 1998 ἰγνὰ-

2150 2043 2259 2088 τιος
2298 2026 2472 2097 ὀρθῶς
2510 2026 2733 2096 ἔγραψε,
2779 2025 3002 2094 γενητὸν
3057 2023 3218 2076 αὐτὸν
3267 2023 3440 2091 λέγων
3481 2021 3568 2073 διὰ
3625 2022 3727 2090 τὴν

2151 2116 2327 2187 σάρκα
2353 2121 2366 2180 (
2396 2120 2424 2170 6
2453 2119 2560 2188 γὰρ
2592 2117 2821 2188 Χριστός
2857 2116 2994 2188 σὰρξ
3035 2117 3272 2185 ἐγένετο)
3302 2132 3315 2144 ο
3347 2114 3611 2182 ἀγένητον
3643 2113 3720 2176 δὲ,

2147 2207 2228 2259 ὅτι
2264 2209 2337 2277 μὴ
2366 2208 2471 2260 τῶν
2499 2210 2816 2280 ποιημάτων
2848 2213 2941 2262 καὶ
2967 2208 3207 2279 γενητῶν
3262 2207 3428 2270 ἐστιν,
3461 2205 3574 2256 ἀλλ’
3600 2204 3725 2266 Υἱὸς

2148 2300 2211 2352 ὲκ
2245 2303 2474 2372 Πατρός.
2507 2303 2620 2354 Οὐκ
2653 2301 2952 2372 ἀγνοοῦμεν
3003 2301 3078 2364 δὲ,
3107 2301 3189 2352 ὅτι
3219 2299 3312 2353 καὶ
3359 2301 3407 2350 ol
3439 2297 3724 2367 εἰρηκότες

2148 2397 2205 2449 ἐν
2227 2395 2286 2448 τὸ
2310 2397 2572 2465 ἀγένητον
2730 2394 2820 2446 τὸν
2852 2394 3069 2464 Πατέρα
3100 2393 3369 2458 λέγοντες,
3402 2392 3499 2459 οὐχ
3519 2391 3594 2451 ὼς
3623 2407 3715 2457 γε-

2147 2488 2306 2557 νητοῦ
2338 2489 2430 2541 καὶ
2463 2489 2766 2556 ποιήματος
2812 2486 2962 2548 ὄντος
3015 2483 3109 2536 τοῦ
3143 2484 3314 2550 Λόγου
3355 2484 3527 2545 οὐτως
3561 2484 3723 2552 ἔγραο

2145 2578 2273 2647 ψαν,
2307 2578 2523 2630 ἀλλ’ὅτι
2573 2577 2647 2646 μὴ
2695 2576 2805 2646 ἔχει
2990 2573 3080 2626 τὸν
3136 2574 3324 2626 αἱτιονσ
3377 2575 3468 2626 κα³ι
3523 2575 3723 2643 μᾶλλον

2146 2671 2309 2732 αὐτὸς
2339 2669 2524 2740 [ἰατὴρ
2579 2653 2695 2738 ¹μέν
2727 2668 2844 2720 ἔστι
2883 2668 2979 2736 τῆς
3026 2668 3245 2736 Σοφίας,
3304 2666 3371 2718 τὰ
3426 2666 3484 2718 δὲ
3517 2666 3720 2735 γενητὰ

2147 2763 2323 2816 πάντα
2345 2763 2401 2813 ἐν
2430 2761 2589 2830 σοφία
2626 2759 2911 2829 πεποίηκε’
2965 2759 3052 2812 διὰ
3106 2759 3158 2811 τί
3193 2759 3266 2828 μὴ
3319 2759 3409 2810 καὶ
3593 2757 3721 2819 τούς

2145 2853 2412 2924 Πατέρας,
2453 2853 2578 2914 τούς
2622 2868 2680 2904 τε
2741 2851 2830 2904 τὸν
2874 2850 3188 2920 Σαμοσατέα
3246 2849 3590 2911 καθελόντας,
3626 2849 3723 2901 καὶ

2143 2947 2242 3016 τὴν
2287 2944 2566 3014 Ἀρειανὴν
2591 2945 2800 3014 αἵρεσιν
2828 2941 3299 3013 στηλιτεύσαντας,
3332 2943 3411 3004 εἰς
3440 2941 3721 2993 εὐσέϐειαν

2145 3037 2465 3106 συνάγομεν,
2499 3034 2633 3088 ἀλλὰ
2661 3034 3037 3104 διαστέλλομεν
3064 3033 3166 3086 ἀνὰ
3203 3033 3364 3102 μέσον
3398 3032 3596 3096 αὐτῶν,
3626 3034 3721 3084 καὶ

2144 3126 2204 3177 οὐ
2246 3127 2443 3196 μᾶλλον
2504 3124 2680 3194 ὀρθῶς
2737 3124 2864 3194 περὶ
2894 3123 3070 3175 αὐτῶν
3105 3122 3444 3192 φρονοῦμεν;
3481 3123 3563 3174 ὅτι
3616 3123 3719 3174 κά-

2181 3219 2329 3270 εῖνοι.
2364 3217 2612 3270 καθάπερ
2642 3212 2812 3270 εἷπον.
2844 3214 2977 3270 πρὸς
3016 3213 3077 3266 16
3111 3216 3349 3270 σόφισμα
3388 3214 3482 3266 τοῦ
3538 3215 3714 3270 Σαμο-

490 3214 727 3258 pnisnia.
759 3214 812 3246 et
858 3214 975 3263 ejus
1007 3214 1508 3266 interpretationem
1542 3214 1879 3270 spectantes,
1913 3214 2051 3258 scri-
2102 3266 2114 3280 ‘
2143 3219 2329 3282 κεῖνοι,
2364 3217 2612 3286 καθάπερ
2642 3214 2812 3280 εἷπον,
2844 3214 2977 3285 πρὸς
3016 3214 3077 3266 τὸ
3111 3216 3349 3284 σόφισμα
3388 3214 3482 3266 τοῦ
3538 3215 3662 3284 Σαμ

490 3295 646 3346 psere
677 3297 781 3334 non
813 3298 934 3336 esse
962 3283 1238 3340 Christum
1266 3290 1816 3346 consubstantialem:
1846 3293 1899 3346 hi
1929 3309 2054 3348 vero
2075 3267 2115 3318 (λ
2145 3309 2349 3348 κητέω-
2426 3311 2514 3348 wn
2569 3309 2665 3348 ησιω
2723 3308 3018 3348 ἐηηνπυσίαν
3085 3306 3249 3348 arma
3317 3308 3416 3348 ντὶ-υ
3483 3307 3662 3348 διάυου

2145 3309 2368 3374 σατέως,
2426 3311 2518 3363 καὶ
2569 3309 2665 3380 τὴν
2723 3308 3018 3378 ἑρμηνείαν
3085 3306 3249 3360 αὐτοῦ
3317 3308 3416 3375 τὴν
3483 3307 3721 3360 διάνοιαν

2143 3399 2374 3469 ἔχοντες,
2403 3401 2667 3471 ἔγραψαν,
2692 3401 2805 3452 Οὐκ
2838 3399 2983 3451 ἐστιν
3013 3397 3314 3468 ὁμοούσιος·
3350 3399 3441 3450 καὶ
3463 3395 3608 3452 οὗτοι
3639 3399 3718 3462 δὲ,

2144 3492 2323 3554 καλῶς
2351 3493 2660 3560 νοήσαντες,
2683 3492 2968 3561 εἰρήκασιν
2993 3489 3275 3559 ὁμοούσιον
3299 3485 3435 3542 εἶναι
3459 3489 3548 3541 τὸν
3569 3491 3719 3544 Υἱόν.

2144 3581 2250 3634 Καὶ
2275 3583 2385 3651 γάρ
2415 3579 2568 3648 κάγὼ
2610 3580 2830 3633 τοιαῦτα
2861 3579 2961 3649 μὲν
3008 3580 3144 3633 νοῶν
3341 3581 3468 3650 περὶ
3509 3579 3614 3632 τῶν
3640 3582 3726 3632 εὐο

2145 3673 2442 3726 σε6ούντων
2474 3675 2553 3735 είς
2585 3672 2674 3725 τὸν
2722 3672 2953 3737 Χριστόν
3001 3673 3064 3725 δι’
3103 3673 3296 3739 ὀλίγων
3325 3672 3555 3741 ἔγραψα·
3589 3674 3636 3724 εἰ
3666 3673 3721 3724 δὲ

2141 3763 2360 3817 δυνατὸν
2383 3760 2449 3835 ἦν
2482 3764 2781 3834 εὐπορῆσαι
2812 3765 3023 3834 καὶτῆς
3049 3763 3352 3833 ἐπιστολῆς,
3390 3763 3456 3832 ἣν
3475 3764 3721 3831 λέγουσιν

2142 3856 2383 3920 ἐκείνους
2561 3856 2914 3928 γεγραφέναι,
2937 3855 3178 3926 ἠγοῦμαι
3226 3855 3442 3918 πλείους
3492 3855 3722 3926 εὑρεθή-

2145 3949 2330 4002 σεσθαι
2378 3949 2476 4012 τὰς
2516 3949 2834 4019 προφάσεις,
2886 3949 2954 4001 δι’
2994 3948 3058 4011 ἃς
3115 3947 3539 4017 ἡναγκάσθησαν
3577 3948 3722 4000 οὕτω

2143 4039 2349 4110 γράψαι
2375 4041 2424 4091 oi
2455 4040 2714 4110 μακάριοι
2745 4041 2960 4092 ἐκεῖνοι.
2995 4041 3084 4090 Δεῖ
3111 4037 3220 4109 γὰρ
3276 4039 3424 4108 ἡμᾶς
3453 4037 3547 4090 καὶ
3587 4039 3721 4111 πρι-

2144 4149 2234 4184 πει
2264 4131 2486 4185 τοιαῦτα
2513 4135 2746 4202 φρονεῖν,
2767 4131 3019 4202 τοιαύτην
3047 4149 3104 4183 τε
3135 4129 3326 4193 σώζειν
3355 4131 3562 4202 ἀγαθὴν
3594 4145 3722 4184 συν-

2144 4223 2347 4292 είδησιν
2381 4222 2515 4295 πρὸς
2553 4225 2680 4287 τοὺς
2709 4223 2974 4293 Πατέρας,
3022 4223 3136 4289 εἴγε
3175 4221 3247 4292 μὴ
3273 4222 3414 4273 νόθοι
3453 4221 3720 4291 τυγχάνο-

2148 4329 2264 4382 μεν,
2287 4312 2400 4365 ἀλλ’
2430 4311 2489 4377 ἐξ
2514 4311 2690 4365 αὐτῶν
2717 4311 2910 4382 ἔχομεν
2960 4311 3058 4374 τὰς
3086 4311 3430 4382 παραδόσεις.
3467 4312 3559 4362 καὶ
3590 4313 3716 4383 παρ’

2145 4403 2322 4456 αὐτῶν
2347 4402 2444 4473 τὴν
2468 4403 2566 4472 τῆς
2586 4401 2866 4463 εὐσεόείας
2893 4399 3260 4453 διδασκαλίαν.

2325 4486 2560 4558 Τοιαύτη
2597 4488 2694 4558 μὲν
2720 4484 2812 4541 οὗν
2843 4490 2876 4558 ή
2910 4488 3118 4542 διάνοια
3141 4487 3251 4540 τῶν
3277 4489 3532 4558 Πατέρων
3567 4488 3715 4555 λεγέ-

2143 4577 2256 4632 σθω
2286 4579 2379 4632 καὶ
2409 4579 2764 4632 πιστευέσθω.
2798 4577 2933 4648 Φέρε
2958 4577 3014 4630 δὲ
3045 4577 3140 4630 καὶ
3195 4579 3311 4648 μετ’
3349 4577 3528 4630 αὐτῶν
3554 4578 3719 4630 πάλιν

2143 4669 2484 4740 ἐξετάσωμεν
2537 4669 2598 4723 τὸ
2631 4671 2860 4740 πρᾶγμα
2911 4668 3118 4737 πράως,
3173 4668 3270 4722 καὶ
3309 4669 3444 4739 μετά
3485 4668 3721 4738 συνειδή·

2145 4779 2282 4825 σεως
2305 4761 2533 4833 ἀγαθῆς,
2567 4760 3034 4832 μνημονεύσαντες
3191 4761 3284 4812 καὶ
3322 4760 3427 4814 τῶν
3462 4777 3717 4830 προειρη-

2147 4852 2342 4922 μένωνο
2379 4853 2428 4904 εἰ
2460 4854 2533 4923 μὴ
2577 4851 2654 4923 τῷ
2672 4851 2784 4905 ὄντι
2813 4850 3114 4904 δείκνυνται
3143 4850 3324 4912 καλῶς
3353 4850 3720 4919 φρονήσαντες

2143 4944 2192 4995 οἱ
2253 4945 2310 4995 ὲν
2361 4947 2428 5014 τῇ
2483 4943 2687 5014 Νικαίᾳ
2739 4942 3080 5006 συνελθόντες
3144 4943 3453 4996 ἐπίσκοποι.
3502 4943 3565 4994 Εἰ
3619 4942 3720 5011 μὲν

2145 5035 2356 5106 ποίημά
2383 5039 2532 5089 ἐστιν
2563 5038 2592 5090 6
2626 5035 2817 5104 Λόγος,
2853 5037 2948 5088 καὶ
2998 5033 3275 5105 ἀλλότριος
3327 5033 3430 5102 τῆς
3459 5033 3552 5086 τοῦ
3608 5034 3719 5086 Πα-

2144 5125 2271 5197 τρὸς
2301 5126 2504 5191 οὐσίας,
2535 5125 2676 5179 ὥστε
2700 5127 2794 5179 καὶ
2815 5123 3140 5196 χωρίζεσθαι
3166 5121 3329 5175 αὐτὸν
3357 5120 3467 5175 ἀπὸ
3486 5121 3582 5174 τοῦ
3605 5123 3719 5174 Πα-

2142 5216 2271 5289 τρός
2300 5216 2377 5287 τῷ
2409 5219 2689 5289 ἑτεροφυεῖ
2746 5215 3030 5288 χωρισμῷ,
3062 5215 3161 5268 οὐκ
3210 5214 3276 5267 ἂν
3314 5214 3400 5284 εἴη
3435 5214 3717 5284 ὁμοούσιος

2143 5307 2220 5377 τῷ
2248 5309 2440 5377 Πατρὶ,
2471 5307 2604 5361 ἀλλὰ
2664 5307 2862 5378 μᾶλλον
2893 5305 3155 5376 ὁμογενὴς
3317 5308 3380 5375 τῇ
3411 5305 3570 5372 φύσει
3607 5305 3714 5366 τοῖς

2145 5400 2428 5470 ποιήμασι,
2460 5398 2562 5451 κᾶν
2599 5397 2910 5468 ὑπερϐάλλῃ
2932 5400 2998 5468 τῇ
3028 5397 3229 5466 χάριτι·
3267 5398 3315 5448 εί
3342 5396 3399 5449 δὲ
3429 5394 3716 5463 ὁμολογοῦ-

2148 5508 2245 5561 μεν
2277 5491 2354 5561 μὴ
2409 5486 2546 5543 εἶναι
2581 5489 2744 5543 αὐτὸν
2802 5490 3029 5561 ποίημα,
3076 5487 3212 5542 ἀλλὰ
3265 5489 3487 5558 γνήσιον
3521 5489 3586 5539 ὲκ
3618 5487 3716 5555 τῆς

2144 5581 2329 5645 οὐσίας
2359 5581 2452 5635 τοῦ
2507 5582 2718 5653 Πατρός
2767 5581 3030 5652 γέννημα,
3073 5579 3360 5632 ἀκόλουθον
3415 5578 3482 5632 ἂν
3511 5579 3594 5647 εἴη
3623 5578 3713 5630 καὶ

2145 5673 2442 5744 ἀχώριστον
2479 5673 2637 5725 αὐτὸν
2671 5669 2804 5725 εἶναι
2832 5672 2921 5724 τοῦ
2950 5669 3179 5742 Πατρός,
3213 5670 3423 5739 όμοφυῆ
3471 5668 3600 5723 ὄντα
3627 5667 3710 5722 διὰ

2147 5765 2203 5817 τὸ
2237 5767 2289 5829 ἐξ
2329 5765 2487 5817 αὐτηιῦ
2518 5764 2890 5832 γεγεννῆσθαι.
2951 5763 3197 5824 Τοιοῦτος
3244 5762 3299 5814 δὲ
3339 5762 3433 5826 ὢν,
3491 5761 3709 5821 εἰκότως
