4008 6208
308 301 393 367 481

1280 320 1651 385 ΓᾹΝΟΡῘᾸΑ
1697 327 2157 396 ΟΟῦΜΑΤΙΕΑ.
2193 363 2264 374 -
2298 340 2450 404 ΤΙΤ.
2490 342 2592 401 XI.

3439 353 3542 415 482

3512 398 3544 416 ὅ

308 447 391 498 καὶ
422 445 709 515 όμοούσιος
733 448 799 501 ἂν
814 448 1038 518 λέγοιτο.
1062 451 1292 508 Ἔπειτα
1314 457 1363 509 εἰ
1389 457 1462 529 μὴ
1492 460 1554 511 ἐκ
1587 462 1864 530 μετουσίας

1984 452 2182 510 Deinde
2215 457 2260 512 si
2286 474 2390 511 non
2427 472 2489 515 ex
2522 463 2934 533 participatione
2962 470 3130 531 Filius
3156 486 3258 545 est,
3290 482 3383 536 scd
3414 487 3545 539 sub-

303 537 441 590 ἐστὶν
467 537 666 603 όΥῐός,
707 539 841 592 ἀλλὰ
879 542 943 610 τῇ
970 541 1128 613 οὐσίᾳ
1176 544 1346 613 Λόγος
1395 548 1513 601 ἐστὶ
1574 550 1664 602 καὶ
1709 550 1875 618 Σοφία

300 629 386 684 τοῦ
419 630 657 701 Πατρὸς,
680 632 714 701 ἡ
748 631 805 684 δὲ
841 632 998 685 οὐσία
1032 632 1171 705 αὕτη
1200 634 1300 705 τῆς
1335 638 1524 702 οὐσίας
1552 638 1651 708 τῆς
1676 656 1844 711 πατρι

299 723 396 793 xi};
444 724 561 776 ἐστι
587 725 831 795 γέννημα
861 726 955 778 καὶ
980 727 1232 798 ὁμοιότης
1260 729 1449 799 αὐτῆς,
1484 730 1672 803 ὥσπερ
1698 732 1791 785 καὶ
1812 733 1874 786 τό

297 816 637 887 ἀπαύγασμα
660 816 753 870 τοῦ
777 817 969 887 φωτός·
1001 816 1146 887 λέγει
1174 819 1229 872 δὲ
1259 823 1287 874 6
1308 821 1455 887 Υἱὸς,
1491 842 1510 874 1
1559 824 1697 894 Ἐγὼ
1729 827 1819 879 καὶ
1842 828 1871 880 6

298 907 485 977 Πατὴρ
513 908 574 959 ἒν
603 907 825 977 ὲσμεν,›
863 910 974 973 καὶ,
1014 928 1032 959 1
1092 908 1151 962 'O
1188 911 1287 982 ἐμὲ
1317 912 1575 984 ἑωρακὼς
1763 915 1866 970 ἑώ-

298 1017 425 1069 ρακε
450 998 541 1052 τὸν
573 998 845 1070 Πατέραί
878 1000 995 1063 πῶς
1029 1000 1109 1054 δεῖ
1131 1005 1269 1056 νοεῖν
1297 1004 1499 1068 ταύτας
1522 1006 1620 1070 τὰς
1652 1009 1862 1077 φωνάςς

290 1089 321 1159 ἢ
366 1090 480 1152 πῶς
502 1089 675 1152 αὐτὰς
727 1089 1187 1161 ἐκλαμϐάνοντες,
1237 1094 1481 1164 σώσομεν
1536 1095 1597 1149 τό
1632 1096 1689 1151 ἐν
1730 1095 1865 1154 εἶναι

287 1175 376 1227 τὸν
414 1175 636 1245 Πατέρα
674 1174 769 1227 καὶ
804 1175 897 1226 τὸν
933 1173 1096 1239 Υῐόν;
1138 1166 1200 1226 Εἰ
1228 1176 1326 1243 μὲν
1354 1172 1446 1228 οὐν
1473 1179 1540 1247 τῇ
1585 1180 1877 1252 συμφωνία

292 1266 399 1318 τῶν
420 1265 730 1336 δογμάτων,
773 1266 863 1318 καὶ
897 1265 976 1336 τῷ
1010 1266 1085 1339 μὴ
1139 1265 1423 1335 διαφωνεῖν
1457 1267 1593 1340 πρὸς
1630 1270 1723 1323 τὸν
1767 1271 1876 1325 Ila-

288 1357 444 1428 τέρα,
480 1357 557 1420 ὡς
614 1359 662 1410 οἱ
723 1358 989 1428 Ἀρειανοὶ
1031 1358 1266 1427 λέγουσι,
1321 1359 1522 1427 φαῦλος
1570 1361 1598 1413 6
1636 1359 1876 1425 τοιοῦτος

288 1448 434 1511 νοῦς.
469 1449 581 1502 Καὶ
629 1446 740 1518 γάρ
793 1449 886 1501 καὶ
910 1451 957 1502 οἱ
986 1447 1130 1516 άγιοι
1156 1491 1170 1513 ,
1313 1451 1407 1502 καὶ
1439 1449 1637 1520 μᾶλλόν
1666 1468 1728 1518 γε
1775 1452 1873 1520 ἄγ-

287 1541 435 1608 γελοι
475 1541 572 1593 καὶ
593 1540 942 1611 άρχάγγελοι,
974 1540 1073 1610 τὴν
1098 1540 1351 1613 τοιαύτην
1398 1541 1577 1612 ἔχουσι
1610 1542 1745 1613 πρὸς
1783 1541 1873 1596 τόν

285 1631 421 1684 θεὸν
464 1631 808 1702 συμφωνίαν,
842 1631 936 1683 καὶ
967 1631 1191 1702 οὐδεμία
1232 1634 1363 1703 παρ’
1392 1634 1570 1695 αὐτοῖς
1600 1634 1713 1686 ἐστι
1753 1633 1870 1687 δια-

284 1719 482 1788 φωνία.
538 1721 598 1773 'O
658 1719 764 1792 γὰρ
794 1720 1140 1789 διαφωνήσας
1172 1720 1416 1785 διάϐολος
1454 1720 1736 1793 ἐοεωρήοη
1781 1723 1871 1776 πι-

1980 547 2177 601 stantia
2218 548 2330 617 ipsa
2380 550 2612 606 Verbum
2643 565 2723 609 est
2768 566 2821 611 et
2868 558 3144 630 Sapientia
3187 562 3543 633 Patrisfha'c

1975 646 2155 690 autem
2196 639 2494 695 substantia
2515 683 2530 706 ,
2583 653 2818 712 paterna:
2861 653 3179 710 substantiae
3209 659 3350 716 fctus
3375 676 3458 720 est
3490 682 3543 722 et

1972 731 2092 800 ejus
2127 734 2445 803 similitudo,
2473 755 2516 792 να
2538 740 2632 796 luti
2669 744 2925 812 splendor
2946 760 3028 804 est
3056 753 3355 812 similitudo
3382 761 3539 829 lucis,

1973 823 2247 895 Filiu5que
2274 828 2443 884 dicit:
2479 850 2496 882 1
2528 831 2640 903 Ego
2683 848 2735 889 et
2775 836 2933 893 Pater
2967 857 3132 897 unum
3184 863 3375 907 sumus
3422 856 3478 920 ¹;

1969 927 2062 1011 et:
2104 937 2124 970 1
2159 918 2261 985 Qui
2289 922 2420 976 vidit
2447 940 2554 991 me,
2587 927 2716 982 vidit
2742 940 2794 984 et
2822 930 3035 989 Patrem
3089 937 3144 1004 ';
3183 958 3201 991 1
3263 918 3536 1011 quomod1

1970 1009 2051 1064 ha:
2074 1026 2234 1068 voces
2263 1014 2618 1086 intelligendas
2639 1022 2921 1078 suntiam.
2948 1041 3051 1095 qua
3081 1042 3258 1086 mente
3282 1009 3373 1090 eas
3398 1040 3537 1091 acci-

1967 1101 2194 1170 pientes,
2218 1102 2430 1160 Patrem
2454 1119 2506 1162 et
2524 1108 2718 1165 Filium
2739 1128 2906 1168 unum
2925 1132 3045 1172 esse
3067 1121 3372 1179 tuebimur?
3394 1125 3526 1182 Nam

1970 1201 2015 1256 si
2050 1201 2119 1256 ob
2140 1201 2451 1271 dogmatum
2480 1215 2810 1256 consensum
2840 1241 2855 1267 ,
2883 1214 2936 1256 et
2965 1206 3108 1272 quod
3140 1204 3298 1260 Pater
3337 1221 3367 1259 a
3401 1204 3538 1258 Filio

1970 1306 2077 1346 non
2111 1291 2416 1356 dissentiat,
2447 1301 2504 1344 ut
2529 1293 2716 1347 dicunt
2742 1292 2952 1357 Ariani,
2980 1309 3144 1362 prava
3166 1309 3298 1366 sape
3321 1302 3403 1348 est
3429 1295 3542 1349 luce

1969 1378 2303 1446 intelligendi
2338 1380 2497 1433 ratio.
2555 1379 2764 1434 Etenim
2796 1383 3011 1447 sancti,
3062 1391 3115 1436 et
3158 1383 3327 1435 multo
3370 1385 3541 1452 inagis

1965 1469 2140 1539 angeli
2171 1478 2225 1523 et
2251 1470 2558 1541 archangeli
2587 1512 2601 1536 ,
2646 1471 2957 1547 hujusmodi
3000 1475 3203 1528 habent
3252 1489 3377 1528 cum
3429 1473 3539 1528 Deo

1964 1574 2316 1625 consensum,
2349 1575 2448 1615 nec
2478 1562 2584 1615 ulla
2610 1564 2750 1630 apud
2778 1565 2925 1631 ipsos
2956 1574 3039 1619 est
3066 1565 3374 1632 dissensio;
3411 1581 3537 1619 nam

1962 1652 2053 1720 qui
2089 1651 2297 1706 discors
2325 1650 2427 1705 fuit
2451 1651 2735 1717 diabolus,
2767 1668 2797 1706 e
2831 1655 2972 1709 coelo
3011 1655 3206 1709 radere
3243 1656 3392 1711 visus
3431 1667 3536 1720 est,

1962 1747 2020 1792 ut
2048 1740 2126 1794 ait
2155 1740 2436 1796 Dominus.
2471 1739 2526 1795 Si
2560 1757 2689 1812 ergo
2721 1744 2791 1797 ob
2818 1759 3147 1799 consensum
3178 1744 3338 1799 Pater
3366 1755 3420 1799 et
3448 1745 3538 1798 Fi-

286 1826 435 1862 πτων
465 1812 531 1864 ὲκ
569 1809 676 1864 τῶν
701 1810 963 1882 οὐρανῶν,
1012 1810 1089 1875 ὡς
1133 1807 1283 1865 εἶπεν
1328 1814 1356 1865 6
1406 1812 1627 1884 Κύριος.
1661 1813 1864 1868 Οὐκοῦν

290 1902 336 1921 ,ε
369 1901 450 1921 Ωξὶ-
486 1900 539 1921 __\
570 1919 576 1921 Α
622 1919 653 1921 Π.
748 1920 753 1921 ,
848 1903 861 1921 1
961 1903 983 1921 η
1056 1906 1068 1921 9
1231 1907 1242 1921 ο
1279 1906 1321 1921 π
1399 1903 1410 1921 ι
1593 1904 1606 1921 \
1646 1907 1658 1921 ο
1718 1904 1803 1921 \nn‘

1962 1828 2264 1884 lius~unum
2302 1839 2467 1895 sunt,
2521 1832 2684 1886 etiam
2728 1833 2943 1901 opilicia
2992 1849 3113 1902 quae
3152 1836 3224 1888 ita
3274 1851 3399 1921 cun:
3428 1835 3535 1889 Deo

284 1902 338 1953 εξ
364 1901 451 1953 διὰ
479 1900 578 1972 τὴν
612 1903 928 1973 συμφωνίαν
961 1903 1019 1957 έν
1052 1906 1197 1957 ἐστιν
1222 1907 1249 1957 6
1276 1903 1463 1975 Πατὴρ
1519 1904 1615 1958 καὶ
1635 1907 1664 1958 6
1718 1904 1865 1973 Υἱὸς,

282 1992 374 2062 εἴη
402 1991 469 2046 ἂν
494 1993 589 2045 καὶ
620 1993 727 2046 τῶν
752 1994 996 2067 γενητῶν
1033 1994 1101 2049 τὰ
1132 1995 1522 2066 συμφωνοῦντα
1551 1995 1693 2050 οὕτω
1735 1999 1868 2070 πρὸς

280 2081 378 2133 τὸν
414 2080 569 2149 Θεόν,
605 2083 698 2136 καὶ
728 2083 871 2137 εἴποι
910 2085 976 2138 ἂν
1013 2085 1260 2148 ἕκαστος·
1307 2105 1325 2136 1
1370 2084 1510 2155 Ἐγὼ
1560 2088 1654 2140 καὶ
1699 2090 1727 2141 6
1755 2089 1867 2143 Πα-

204 2226 209 2229 Α
280 2171 389 2242 τὴρ
420 2171 480 2224 ἓν
535 2174 766 2243 ἐσμεν.»
828 2175 890 2226 Εἰ
929 2174 985 2227 δὲ
1039 2175 1197 2229 τοῦτο
1257 2176 1474 2230 ἇτοποψ
1521 2177 1719 2231 ἄτοπον
1759 2180 1867 2251 γάρ

281 2262 433 2312 ἐστιν
461 2260 696 2333 άληθῶς·
724 2263 933 2332 ἀνάγκη
964 2263 1148 2317 λοιπὸν
1199 2264 1340 2318 κατὰ
1372 2265 1467 2336 τὴν
1500 2267 1686 2321 οὐσίαν
1728 2272 1866 2325 νοεῖν

282 2350 379 2402 καὶ
404 2349 505 2420 τὴν
540 2350 668 2403 Υἱοῦ
701 2351 794 2402 καὶ
856 2351 1065 2420 Πατρὸς
1104 2351 1346 2420 ἑνότητα.
1378 2352 1459 2405 Τὰ
1511 2353 1608 2422 μὲν
1629 2353 1736 2425 γὰρ
1772 2369 1865 2422 γε-

280 2440 422 2509 νητὰ
461 2439 561 2492 κᾶν
593 2442 911 2519 συμφωνίαν
943 2440 1042 2513 ἔχῃ
1076 2443 1211 2512 πρὸς
1235 2442 1326 2495 τὸν
1368 2444 1724 2514 πεποιηκότα,
1750 2445 1864 2498 ἀλλ’

278 2531 341 2580 ἐν
363 2530 575 2600 κινήσει
626 2532 718 2583 καὶ
786 2532 1045 2602 μετουσία
1096 2531 1190 2584 καὶ
1238 2531 1315 2602 νῷ
1372 2532 1576 2605 ταύτην
1607 2533 1741 2604 ἔχει,
1770 2535 1865 2605 ἥν-

284 2638 393 2693 περ
577 2623 606 2673 ό
661 2622 737 2693 μὴ
777 2622 1014 2690 φυλάξας
1050 2623 1374 2695 ἐπιϐέϐληται
1435 2624 1543 2679 τῶν
1593 2625 1861 2696 οὐρανῶν

292 2712 354 2764 Ὃ
384 2712 444 2764 δὲ
474 2710 600 2773 Υἱὸς
639 2713 701 2764 ὲκ
760 2712 859 2782 τῆς
902 2714 1090 2776 οὐσίας
1144 2713 1219 2766 ὢν
1266 2714 1544 2786 γέννημα,
1595 2715 1752 2787 οὐσίᾳ
1803 2716 1863 2771 ἓν

281 2803 432 2854 ἐστιν
606 2801 767 2865 αὐτὸς
792 2803 884 2856 καὶ
904 2804 932 2855 6
957 2804 1221 2874 γεννήσας
1255 2802 1417 2858 αὐτόν
1448 2806 1657 2877 Πατήρ.

468 2886 569 2940 Διὰ
597 2888 754 2941 τοῦτο
784 2889 891 2961 γὰρ
947 2893 1043 2945 καὶ
1088 2892 1150 2944 τὸ
1200 2892 1381 2955 ἰσάζον
1432 2892 1542 2964 ἔχει
1602 2894 1739 2964 πρὸς
1771 2892 1862 2949 τὸν

278 2979 501 3054 Πατέρα
522 2981 645 3042 ταῖς
674 2980 927 3034 ὲνοειδέσι
952 2984 1177 3052 φωναῖς,
1208 2983 1302 3037 καὶ
1323 2983 1392 3037 τὰ
1422 2986 1513 3037 ἐπὶ
1536 2984 1628 3037 τοῦ
1650 2985 1862 3056 Πατρὸς

276 3070 570 3141 λεγόμενα,
591 3071 764 3124 ταῦτα
826 3073 921 3125 καὶ
940 3074 1032 3125 ἐπὶ
1072 3073 1202 3127 Υἱοῢ
1233 3075 1480 3143 λέγουσιν
1522 3076 1577 3127 αἱ
1625 3076 1859 3146 Γραφαὶ,

277 3163 450 3237 χωρὶς
480 3163 639 3235 μόνον
820 3164 913 3218 τοῦ
968 3163 1219 3235 λέγεσθαι
1245 3166 1403 3220 αὐτὸν
1424 3166 1660 3238 Πατέρα.
1691 3166 1863 3229 Αὐτὸς

1959 1921 2330 1987 consentient,
2364 1937 2531 1975 unum
2565 1936 2689 1974 cum
2719 1937 2785 1976 eo
2820 1921 3021 1976 fuerint
3042 1965 3056 1987 ,
3088 1937 3323 1992 quorum
3360 1926 3535 1993 quod-

1957 2024 2060 2079 que
2085 2010 2264 2064 dicere
2293 2010 2503 2079 possit:
2536 2029 2554 2061 1
2588 2009 2696 2079 Ego
2727 2018 2779 2064 et
2822 2009 2981 2066 Pater
3033 2028 3201 2066 unum
3256 2012 3468 2067 sumus.
3507 2032 3524 2063 1

1957 2100 2112 2169 Quod
2144 2102 2190 2157 si
2217 2102 2511 2156 absurdum
2549 2102 2650 2157 hoc
2686 2104 2795 2165 sit,
2828 2114 2886 2156 ut
2916 2119 3102 2158 revera
3133 2113 3215 2158 est
3240 2147 3254 2169 ,
3306 2120 3531 2160 necesse

1956 2194 2174 2248 demum
2208 2191 2370 2247 fuerit
2399 2192 2520 2246 Filii
2563 2202 2616 2247 et
2676 2192 2852 2247 Patris
2897 2195 3157 2247 unitatem
3229 2192 3526 2247 secundum

1955 2282 2316 2337 substantiam
2342 2281 2660 2352 intelligere.
2686 2281 2793 2336 Res
2823 2279 2979 2335 facta:
3007 2283 3149 2335 enim
3175 2285 3528 2351 quantumvis

1953 2387 2076 2428 cum
2110 2373 2302 2442 opiﬁce
2330 2388 2431 2428 suo
2452 2386 2779 2427 consensum
2807 2373 3040 2426 habeant
3072 2390 3086 2426 :
3120 2383 3265 2426 motu
3294 2381 3524 2437 tantum,

1953 2461 2399 2533 participatione,
2432 2473 2485 2517 ct
2517 2473 2693 2517 mente
2735 2479 2858 2518 eum
2899 2463 3098 2517 habent
3124 2505 3138 2526 ,
3192 2479 3354 2532 quem
3396 2481 3521 2519 cum

1954 2552 2042 2607 ille
2070 2568 2178 2606 non
2210 2541 2504 2615 servasset,
2529 2551 2734 2621 eiectus
2759 2568 2822 2606 ex
2852 2551 2988 2606 coelo
3011 2562 3113 2606 ραι.
3142 2550 3311 2607 Filius
3338 2562 3516 2607 autem

1950 2658 2075 2699 cum
2110 2642 2180 2698 sit
2209 2658 2275 2698 ex
2311 2642 2617 2696 substantia
2646 2642 2806 2709 fetus,
2828 2643 3134 2698 substantia
3161 2658 3377 2713 quoque
3408 2643 3523 2714 ipse

1950 2742 2022 2800 et,
2050 2733 2144 2806 qui
2171 2732 2359 2805 genuit
2390 2747 2539 2797 cum,
2573 2731 2733 2787 Pater
2764 2748 2932 2787 unum
2964 2743 3112 2788 sunt.

2159 2884 2525 2951 Quamobrem
2561 2885 2791 2940 vocibus
2844 2885 3101 2939 unitatem
3153 2884 3521 2939 indicantibus

1946 2976 2306 3053 aequalitatem
2347 2991 2471 3032 eum
2499 2976 2659 3031 Patre
2696 2976 2900 3031 habere
2928 2976 3159 3036 dicitur,
3195 2984 3249 3028 et
3293 2974 3418 3029 hinc
3462 2975 3523 3029 ﬁt

1948 3082 2007 3126 ut
2046 3086 2166 3140 quae
2397 3070 2464 3124 de
2495 3064 2653 3122 Patre
2691 3065 2950 3121 dicuntur
2975 3105 2989 3129 ,
3041 3064 3227 3118 eadem
3268 3064 3336 3118 de
3383 3063 3520 3117 Filiu

1950 3159 2242 3231 Scriptura:
2270 3167 2518 3215 asseraut
2544 3176 2557 3212 :
2581 3173 2644 3211 ea
2674 3166 2855 3211 tamen
2882 3155 3199 3223 exceptione
3252 3154 3397 3225 quod
3431 3153 3520 3207 ille

276 3254 389 3327 γὰρ
420 3249 574 3307 εἶπεν
597 3255 627 3307 6
660 3254 805 3318 Υἱός·
845 3273 865 3306 1
902 3255 1108 3324 Πάντα,
1156 3257 1255 3310 ὅσα
1290 3257 1400 3327 ἔχει
1437 3259 1465 3311 6
1509 3257 1716 3329 Πατὴρ,
1754 3256 1864 3329 ἐμά

1956 3252 2103 3307 Pater
2125 3252 2360 3306 dicatur.
2414 3249 2536 3320 Ipse
2564 3250 2709 3303 enim
2737 3248 2910 3305 Filius
2935 3249 3049 3303 ait:
3092 3266 3109 3299 1
3143 3245 3335 3302 Omnia
3368 3264 3519 3317 qua:—

278 3346 451 3399 ἐστι’»
484 3344 563 3417 τῷ
586 3362 646 3398 τε
672 3346 849 3416 Πατρὶ
879 3346 1051 3414 ἔλεγε·
1099 3366 1116 3397 1
1148 3348 1331 3402 Πάντα
1365 3346 1435 3400 τὰ
1487 3347 1594 3417 ἐμὰ
1629 3348 1699 3400 σά
1723 3349 1859 3411 ἐστι,

1956 3358 2159 3417 cunque
2188 3344 2355 3398 habet
2381 3342 2563 3404 Pater,
2594 3356 2714 3395 mea
2742 3349 2873 3396 sunt
2912 3343 2932 3375 ³
2960 3357 2974 3405 ;
3009 3358 3027 3391 1
3060 3339 3317 3409 Patrique
3346 3340 3512 3394 dixit:

277 3453 369 3489 και
389 3434 460 3489 τὰ
486 3435 555 3489 σὰ
583 3437 744 3506 ἐμά’»
780 3431 891 3489 οἷον
920 3438 1001 3503 τὸ,
1030 3437 1181 3500 Θεός.
1227 3458 1245 3490 ι
1271 3438 1438 3501 Θεὸςι
1472 3437 1581 3509 γὰρ
1756 3458 1773 3489 1
1794 3434 1861 3508 ἦν

1956 3452 1969 3486 ι
1998 3434 2187 3489 Omnia
2217 3449 2337 3488 mea
2358 3475 2372 3501 ,
2402 3442 2492 3488 tua
2527 3440 2688 3496 sunt,
2721 3442 2774 3486 et
2800 3440 2889 3485 tua
2914 3443 3031 3483 mea
3068 3432 3112 3482 ⁸.
3147 3448 3166 3481 1
3194 3427 3516 3497 Huiusmodi

275 3527 305 3578 6
333 3525 559 3596 Λόγοςσι
593 3526 673 3590 τὸ,
707 3528 1132 3599 Παντοκράτωρ’
1171 3548 1188 3579 1
1229 3528 1363 3583 Τάδε
1393 3529 1539 3598 λέγει
1586 3531 1614 3583 ὁ
1638 3529 1733 3593 ὢν,
1768 3529 1863 3583 καὶ

1956 3533 2025 3580 est
2050 3525 2182 3580 illud
2203 3566 2218 3591 ,
2249 3524 2389 3579 Deus
2418 3541 2433 3579 :
2461 3539 2584 3578 nam
2607 3563 2621 3587 ,
2655 3540 2673 3572 1
2709 3521 2853 3575 Deus
2885 3529 3002 3573 erat
3034 3516 3267 3571 Verbum
3321 3519 3377 3581 ⁵;
3417 3537 3432 3569 1
3464 3529 3518 3571 et

274 3620 305 3670 6
333 3613 427 3689 ἦν,
459 3619 600 3672 καὶὸ
620 3618 908 3690 ἐρχόμενος
935 3621 963 3673 6
992 3619 1443 3691 Πάντοκράτωρί
1462 3620 1523 3674 τὸ
1551 3617 1685 3673 εῖναι
1724 3620 1858 3689 φῶς·

1956 3614 2095 3679 illud,
2127 3612 2523 3684 Omnipotens:
2557 3630 2576 3664 1
2612 3611 2738 3666 Haac
2764 3611 2897 3665 dicit
2925 3610 3016 3679 qui
3048 3620 3151 3671 est,
3177 3619 3229 3661 et
3253 3609 3344 3677 qui
3376 3618 3513 3669 erat,

283 3724 303 3756 1
340 3706 488 3775 Ἐγώ
518 3708 686 3777 εἰμιμ
720 3708 873 3778 φησὶ,
903 3726 924 3760 1
958 3708 1018 3761 τὸ
1044 3710 1179 3778 φῶς·
1209 3728 1228 3761 1
1271 3708 1330 3762 τὸ
1357 3709 1743 3780 δημιουργικὸν
1772 3711 1858 3765 ατ-

1956 3714 1995 3758 1t
2038 3704 2131 3774 qui
2166 3713 2430 3758 venturus
2460 3710 2542 3756 est
2594 3701 2950 3769 Omnipotens
2989 3703 3010 3734 ⁸
3043 3714 3057 3761 ;
3085 3717 3104 3748 1
3168 3708 3222 3749 et
3266 3697 3408 3765 quod
3443 3700 3514 3749 sit

277 3815 413 3852 now
469 3818 488 3851 1
523 3800 710 3853 Πάντα
765 3799 874 3872 γάρ
932 3800 1001 3852 δι’
1031 3799 1196 3854 αὐτοῦ
1257 3801 1492 3869 ἐγένετο·
1536 3821 1555 3854 1
1602 3802 1714 3861 καὶ,
1743 3821 1761 3853 ι
1795 3803 1862 3857 Ἀ

278 3887 463 3957 βλέπω
494 3888 586 3940 τὸν
629 3888 848 3960 Πατέρα
881 3888 1158 3955 ποιοῦντα,
1190 3891 1364 3945 ταῦτα
1394 3891 1549 3960 κάγὼ
1575 3890 1763 3946 ποιῶ-ι
1799 3890 1862 3945 τδ

275 3973 418 4031 εἶναι
442 3978 631 4032 όιῒδιον⁹
671 3998 690 4031 1
732 3980 807 4031 Ἤ
847 3995 907 4032 τε
946 3998 965 4031 1
998 3981 1105 4050 γὰρ
1150 3998 1168 4031 1
1198 3980 1365 4045 ἀΐδιος
1422 3981 1584 4034 αὐτοῦ
1638 3980 1863 4052 δύναμις

276 4070 374 4122 καὶ
400 4068 613 4141 θειότης
644 4109 660 4134 ,
793 4088 813 4123 1
850 4070 964 4136 καὶ,
999 4090 1017 4123 ι
1040 4072 1128 4124 Ἐν
1153 4072 1294 4143 ἀρχῇ
1333 4067 1400 4143 ἦν
1425 4074 1453 4125 6
1478 4073 1705 4140 Λόγος,»
1739 4073 1858 4135 καὶ,

282 4180 302 4213 1
344 4156 454 4215 Ἦν
485 4161 545 4214 1:6
571 4160 689 4230 φῶς
716 4161 775 4214 τὸ
801 4162 1078 4234 ἀληθινὸν,
1118 4164 1147 4216 ὃ
1176 4163 1400 4233 φωτίζει
1445 4165 1624 4218 πάντα
1651 4163 1863 4234 ἄνθρω-

278 4267 384 4303 πον
412 4250 706 4322 ἐρχόμενον
748 4253 827 4315 εις
880 4251 972 4304 τὸν
1010 4251 1231 4322 κόσμον·
1259 4270 1278 4302 1
1327 4251 1389 4304 τὸ
1437 4247 1574 4304 εἶναι
1635 4252 1858 4323 Κύριος·

286 4357 303 4390 1
348 4339 580 4408 Ἐὗρεξε
627 4337 736 4410 γὰρ
759 4337 961 4410 Κύριος
989 4339 1129 4393 θεῖον
1173 4341 1266 4393 καὶ
1290 4338 1402 4410 πῦρ
1425 4339 1574 4411 παρὰ
1596 4341 1820 4413 Κυρίουσ
1837 4359 1857 4393 1

280 4429 376 4484 καὶ
397 4432 427 4483 6
469 4431 569 4500 μὲν
600 4430 789 4503 Πατήρ
822 4446 1004 4501 φησιν’
1042 4450 1060 4482 ι
1084 4430 1226 4499 Ἐγὼ
1250 4430 1506 4502 Κύριος.)
1536 4431 1650 4497 καὶ,
1669 4449 1689 4482 1
1716 4431 1858 4486 Τάδε

279 4518 425 4587 λέγει
458 4519 665 4590 Κύριος
703 4520 733 4571 6
757 4519 890 4583 Θεὸς
1084 4523 1114 4573 6
1163 4522 1608 4593 παντοκράτωρ-ι
1648 4522 1776 4593 περὶ
1803 4521 1862 4576 δὲ

1943 3796 2034 3849 lux
2069 3812 2082 3847 :
2121 3812 2139 3845 1
2171 3793 2282 3864 Ego
2301 3791 2444 3857 sui),
2476 3810 2495 3843 1
2531 3791 2726 3859 inquit,
2765 3808 2782 3841 1
2815 3791 2906 3842 lux
2933 3787 2951 3816 ⁷
2987 3804 3002 3852 ;
3037 3805 3056 3838 1
3086 3788 3228 3855 quod
3263 3788 3333 3839 sit
3361 3800 3516 3839 crea-

1944 3884 2047 3938 trix
2069 3879 2657 3945 causa,nam,10mnia
2680 3895 2776 3950 per
2798 3880 2975 3948 ipsum
2995 3876 3135 3931 facta
3160 3884 3288 3931 sunt
3318 3880 3339 3912 ⁸
3356 3916 3372 3940 ,
3396 3894 3414 3926 1
3436 3886 3510 3938 et,

1948 3993 1965 4027 1
1988 3974 2120 4041 Qua:
2141 3973 2297 4029 video
2317 3972 2532 4027 Patrem
2558 3971 2862 4035 facientem,
2885 3971 2999 4024 haec
3027 3977 3083 4022 ct
3109 3983 3208 4038 ego
3232 3969 3372 4023 facio
3404 3972 3425 4002 ⁹
3449 3987 3464 4034 ;
3489 3987 3506 4018 1

1943 4065 2089 4135 quod
2142 4065 2214 4120 sit
2273 4072 2553 4119 aeternus:
2585 4080 2606 4113 1
2642 4061 2979 4132 Sempiterna
3011 4080 3028 4113 1
3058 4061 3202 4115 enim
3240 4079 3257 4111 1
3298 4075 3512 4129 quoque

1943 4155 2064 4225 ejus
2085 4157 2259 4211 virtus
2291 4163 2345 4210 et
2377 4152 2633 4209 divinitas
2656 4153 2721 4217 ιο,
2754 4171 2774 4204 1
2834 4163 2907 4216 ct,
2952 4171 2971 4204 1
3007 4151 3064 4205 In
3101 4152 3370 4221 principio
3398 4161 3517 4204 erat

1948 4247 2185 4302 Verbum
2208 4250 2284 4315 “;
2324 4265 2344 4299 1
2377 4254 2453 4312 et,
2485 4263 2503 4297 1
2530 4243 2661 4298 Erat
2689 4243 2782 4297 lux
2811 4259 2935 4297 vera
2962 4259 3083 4311 quae
3113 4243 3382 4297 illuminat
3401 4258 3518 4297 om-

1949 4352 2069 4393 nem
2102 4337 2376 4393 hominem
2407 4337 2713 4391 venientem
2744 4334 2798 4387 in
2826 4334 3086 4387 mundum
3111 4333 3154 4365 ¹¹
3181 4350 3195 4396 ;
3233 4352 3251 4384 1
3279 4335 3423 4402 quod
3448 4339 3519 4388 sLt

1948 4426 2213 4482 Dominus
2248 4444 2263 4457 ο
2306 4443 2325 4477 1
2352 4422 2495 4479 Pittit
2521 4424 2665 4478 enim
2700 4421 2965 4476 Dominus
2994 4420 3172 4489 ignem
3200 4430 3254 4474 ct
3287 4423 3522 4490 suiphur

1949 4533 1979 4573 a
2032 4516 2266 4572 Domino
2296 4514 2377 4582 ¹⁸;
2410 4532 2430 4567 1
2466 4523 2519 4569 et
2544 4512 2702 4568 Pater
2741 4512 2960 4583 quidem
2994 4512 3071 4566 ait
3104 4530 3118 4566 :
3154 4531 3173 4563 1
3204 4512 3313 4583 Ego
3339 4512 3521 4565 Domi-

277 4608 375 4662 τοῦ
421 4609 552 4663 Υἱοῦ
599 4612 628 4662 6
678 4608 888 4675 Παῦλός
937 4627 1121 4682 φησιν·
1184 4631 1203 4665 1
1250 4610 1347 4677 Εἷς
1392 4614 1595 4686 Κύριος
1656 4612 1861 4685 Ἰησοῦς

1956 4625 2056 4664 nus
2081 4609 2125 4640 “
2146 4650 2162 4677 ,
2196 4627 2215 4660 1
2251 4614 2335 4674 ct,
2385 4624 2405 4659 1
2434 4605 2558 4661 Haec
2588 4607 2720 4662 dicit
2767 4605 3030 4659 Dominus
3080 4603 3219 4659 Deus
3268 4605 3519 4672 omnipo-

275 4697 533 4770 Χριστὸς,
569 4698 637 4751 δι’
667 4690 728 4751 οὗ
752 4697 822 4753 τὰ
866 4700 1094 4755 πάντα.»
1137 4702 1249 4755 Καὶ
1299 4702 1377 4775 τῷ
1432 4703 1530 4774 μὲν
1562 4705 1737 4776 Πατρὶ
1761 4704 1864 4759 λει-

276 4790 606 4862 τουργοῦσιν
633 4790 872 4859 ἄγγελοι·
896 4794 926 4845 6
956 4791 1013 4845 δὲ
1047 4791 1175 4856 Υἱός
1204 4796 1585 4865 προσκυνεῖται
1612 4796 1739 4865 παρ⁴
1767 4795 1863 4849 αὐ-

275 4878 409 4931 τῶν*
444 4897 466 4929 1
501 4878 612 4931 Καὶ
646 4879 1182 4951 προσκυνησάτωσαν
1214 4881 1362 4951 αὐτῷ
1394 4883 1596 4947 πάντες
1641 4882 1863 4953 ἄγγελοι

274 4964 472 5020 Θεοῦ..
512 4967 745 5036 Λέγεται
770 4967 827 5021 δὲ
864 4964 1005 5022 εἶναι
1196 4971 1293 5024 καὶ
1348 4972 1551 5043 Κύριος
1596 4972 1860 5042 ἀγγέλων·

283 5074 307 5108 1
345 5057 639 5128 Διηκόνουν
678 5075 697 5109 1
734 5057 844 5129 γὰρ
874 5077 893 5111 1
936 5057 1086 5131 αὐτῷ
1121 5061 1170 5113 οι
1199 5060 1469 5129 ἄγγελον»
1509 5062 1622 5127 καὶ,
1649 5082 1667 5113 ι
1700 5063 1863 5116 Ἀπο-

281 5147 464 5201 male!
489 5148 520 5201 6
551 5147 682 5210 Υἱὸς
710 5147 803 5201 τοῦ
834 5149 1117 5222 ἀνθρώπου
1161 5152 1286 5215 τοὺς
1329 5152 1591 5222 ἀγγέλους
1624 5152 1809 5206 αὐτοῦ’
1837 5171 1857 5205 1

274 5238 343 5290 τό
362 5237 627 5309 τιμᾶσθαι
657 5236 734 5303 ὡς
755 5239 845 5293 τόν
869 5241 1107 5313 Πατέρα·
1146 5261 1164 5293 1
1190 5243 1305 5296 Ἵνα
1341 5264 1359 5293 1
1395 5244 1525 5315 γὰρ,
1544 5245 1696 5315 φησὶ,
1738 5261 1756 5295 ι
1784 5261 1865 5297 τι-

288 5321 437 5391 μῶσι
459 5324 554 5378 τόν
575 5324 726 5390 Υἱόν,
763 5326 943 5391 καθὼς
970 5328 1169 5399 τιμῶσι
1198 5330 1291 5383 τὸν
1318 5329 1553 5405 ,Πατέρα
1587 5352 1604 5384 1
1643 5332 1702 5386 τό
1722 5328 1863 5387 εἶναι

1951 4706 2174 4767 tens";
2209 4717 2228 4751 1
2255 4697 2322 4753 de
2358 4695 2495 4753 Filio
2518 4687 2707 4752 autem
2778 4696 2956 4765 inquit
2988 4694 3191 4750 Paulus
3242 4713 3255 4750 :
3313 4713 3332 4745 1
3368 4694 3521 4749 Unus

1952 4790 2219 4847 Dominus
2246 4789 2404 4846 Iesus
2431 4789 2699 4854 Christus,
2732 4803 2827 4858 per
2859 4801 3018 4857 quem
3051 4786 3235 4839 omnia
3256 4785 3322 4840 ⁸⁸.
3359 4803 3377 4835 1
3414 4783 3519 4837 Pa—

1951 4879 2022 4934 tri
2054 4879 2366 4935 ministrant
2399 4877 2573 4948 angeli
2602 4917 2617 4943 ,
2649 4875 2820 4931 Filius
2851 4885 3031 4930 autem
3064 4877 3130 4927 ab
3161 4874 3295 4943 ipsis
3326 4873 3521 4927 adora-

1950 4979 2079 5026 tur:
2110 4989 2130 5022 1
2160 4968 2228 5024 Et
2256 4970 2481 5025 adorent
2505 4983 2628 5023 eum
2657 4982 2847 5023 omnes
2876 4966 3051 5037 angeli
3088 4963 3182 5019 Dei
3207 4964 3271 5018 ".
3306 4982 3326 5016 1
3379 4963 3517 5018 Dici-

1954 5068 2041 5114 tur
2074 5061 2238 5115 etiam
2271 5073 2394 5115 esse
2429 5057 2693 5114 Dominus
2726 5056 3063 5127 angelorum,
3105 5068 3250 5121 nam,
3288 5072 3307 5105 1
3332 5054 3518 5123 Angcli

1953 5151 2339 5206 ministrabant
2393 5150 2443 5204 ei
2467 5149 2552 5215 ";
2594 5167 2613 5200 1
2647 5155 2702 5203 et
2725 5190 2740 5214 ,
2808 5166 2827 5199 1
2860 5146 3032 5201 Mittet
3065 5146 3238 5201 Filius
3283 5145 3521 5199 hominis

1952 5241 2171 5308 angelos
2232 5239 2475 5302 suos";
2514 5256 2533 5289 1
2567 5238 2710 5307 quod
2773 5239 3069 5291 honoretur
3125 5236 3266 5291 sicut
3312 5233 3512 5290 Pater:

1959 5349 1978 5382 1
2009 5328 2077 5384 Ut
2111 5347 2129 5380 1
2154 5370 2168 5393 ,
2204 5328 2397 5398 inquit,
2434 5346 2453 5379 1
2484 5328 2841 5383 honoriﬁcent
2873 5325 3092 5390 Filium,
3126 5325 3267 5379 sicut
3298 5325 3442 5379 hono
3475 5324 3488 5376 i

287 5411 384 5467 ἴσα
411 5413 555 5486 Θεῷ*
591 5433 611 5468 1
634 5415 748 5487 Οὐχ

351 5527 367 5559 ¹
394 5521 560 5581 Joen.
601 5543 656 5586 κ.
690 5527 780 5582 30.
877 5529 899 5560 '
927 5528 1086 5584 Joan.
1116 5546 1230 5594 xlv,
1279 5529 1334 5584 9.
1437 5528 1644 5586 'Joan.
1695 5547 1808 5587 xvt.
1858 5531 1943 5586 15.
2050 5532 2070 5561 ⁴
2110 5528 2266 5585 Joan.
2320 5546 2448 5593 xvu,
2490 5532 2573 5585 10.

270 5602 303 5666 ἶ
330 5593 486 5666 Joan.
519 5611 643 5658 Vllt,
685 5597 768 5651 t2.
844 5599 865 5629 ⁸
898 5597 1054 5653 Joan.
1090 5614 1130 5653 ι.
1154 5593 1222 5654 3.
1300 5600 1322 5631 ⁹
1354 5596 1512 5654 Joan.
1536 5616 1590 5658 ν.
1621 5601 1709 5654 19.
1803 5601 1845 5635 ¹⁰

1960 5618 2029 5656 m.
2072 5617 2108 5665 ι,
2140 5599 2232 5655 20.
2328 5598 2550 5654 “Joan.
2593 5599 2717 5666 1,1.

276 5663 370 5718 ει.
452 5664 496 5696 ¹⁶
526 5666 765 5720 Μοιιεὴ.
796 5683 881 5733 tu,
913 5666 1003 5736 6._
1046 5669 1087 5701 ⁸⁸
1113 5668 1249 5726 Gen.
1282 5685 1409 5730 xvn,
1443 5670 1492 5723 ι.
1596 5670 1639 5702 ’⁸
1669 5668 1691 5723 l
1721 5667 1848 5725 Cor.

1956 5687 2000 5735 ιι,
2031 5663 2107 5727 6.
2164 5673 2203 5703 ⁸⁷
2243 5668 2405 5726 llebr.
2440 5684 2480 5736 ι,
2512 5669 2565 5724 6.
2620 5663 2626 5666 ⁷
2668 5668 2708 5700 ⁸⁸
2747 5665 2940 5721 Matth.
2975 5678 3051 5732 tv,
3092 5663 3177 5721 ιι.

280 5736 546 5795 mv.3l.
623 5735 670 5766 ”
704 5736 865 5792 Joan.
898 5752 951 5805 ν,
981 5734 1073 5792 23.

932 5419 1225 5491 ἁρπαγμὸν
1257 5422 1498 5493 ἡγήσατο
1521 5423 1583 5477 τό
1611 5419 1747 5478 εἶναι
1773 5426 1863 5480 ἶσα

1956 5423 2115 5476 licam
2160 5417 2373 5473 Patrem
2395 5415 2460 5477 ’°.
2500 5437 2518 5472 1
2583 5417 2739 5485 Quod
2775 5416 2844 5472 sit
2876 5419 3101 5489 :equalis
3151 5414 3260 5470 Deo
3295 5433 3308 5468 :
3350 5435 3366 5466 1
3401 5412 3518 5468 Non

2670 5529 2690 5561 '
2724 5526 2880 5583 Joan.
2921 5541 2958 5585 ι,
2989 5523 3040 5578 1.
3138 5524 3160 5554 ⁸
3200 5526 3368 5591 Apoc.
3400 5538 3436 5586 ι,
3467 5524 3525 5576 8.

2815 5598 2857 5630 ³¹
2889 5594 3019 5650 ibid.
3046 5594 3101 5649 9.
3178 5594 3223 5625 "
3247 5594 3383 5649 Gen.
3417 5608 3531 5654 xix,

2815 5667 2940 5717 lllh.
2975 5678 3051 5717 tv.
3092 5663 3177 5717 ιι.
3274 5665 3316 5696 ’⁸
3338 5660 3531 5717 Matth.
