4094 6204
473 345 581 408 483

471 478 715 545 rapinam
752 474 1044 529 arbitratus
1074 482 1153 525 est
1183 488 1301 525 esse
1336 488 1391 525 se
1441 470 1702 538 a‘qualcm
1754 468 1861 522 Deo

466 568 610 636 quod
631 568 701 621 sit
721 582 782 619 ex
807 581 932 619 vero
956 564 1249 624 veritas,ex
1274 563 1484 616 vivente
1505 564 1632 627 vita,
1656 562 1827 632 utqui
1853 577 2037 617 revera

466 674 532 712 cx
564 658 736 711 Patris
769 657 913 709 fonte
938 654 1307 709 cmanaverit:
1339 654 1480 723 quod
1514 654 1684 708 Filius
1717 653 1948 706 viviliect
1983 661 2038 707 et

470 747 694 800 suscitet
741 752 985 796 mortuos
1022 744 1162 795 sicut
1192 741 1382 807 Pater,
1424 744 1497 796 ita
1533 743 1675 795 enim
1734 743 1930 812 legitur
1979 743 2034 795 in

470 838 776 905 Evangelio.
810 834 873 887 Et
898 836 963 889 de
998 834 1155 887 Patre
1180 835 1395 904 quidem
1428 835 1691 902 scriptum
1720 842 1802 888 est
1831 852 1843 886 :
1880 851 1898 882 ι
1942 832 2039 887 Do-

470 931 651 983 minus
676 928 816 981 Deus
841 936 987 991 tuus,
1018 942 1159 980 unus
1182 925 1444 980 Dominus
1469 934 1551 979 est
1588 928 1609 958 ¹
1645 941 1659 988 ;
1688 943 1706 976 ι
1727 933 1815 979 et:
1853 942 1871 974 ι
1894 922 2036 978 Deus

470 1019 693 1069 deorum
730 1013 991 1068 Dominus
1018 1014 1230 1067 locutus
1255 1022 1357 1079 est,
1376 1022 1430 1067 et
1454 1014 1662 1068 vocavit
1686 1022 1882 1067 terram
1919 1013 1940 1044 ⁸
1965 1030 1980 1077 ;
2013 1032 2032 1065 ι

470 1104 537 1157 de
563 1104 701 1159 Filio
724 1114 926 1169 autem,
963 1124 981 1155 ‹
1008 1104 1147 1159 Deus
1172 1103 1435 1158 Dominus
1450 1114 1501 1158 et
1522 1104 1697 1158 illuxit
1726 1104 1882 1158 nobis
1936 1108 1983 1165 δ,
2013 1121 2033 1154 ι

470 1205 543 1258 ct,
581 1215 599 1247 ι
629 1196 906 1250 Videbitur
933 1196 1073 1249 Deus
1100 1196 1324 1249 deorum
1356 1195 1406 1248 in
1441 1193 1570 1247 Sion
1618 1195 1659 1246 ⁸.
1689 1213 1707 1244 ι
1731 1192 1795 1246 Et
1818 1208 2035 1246 rursum

470 1287 539 1339 de
572 1285 681 1339 Deo
710 1286 926 1355 quidem
960 1285 1035 1339 ait
1065 1284 1233 1338 Isaias
1262 1302 1275 1337 :
1309 1303 1325 1333 ι
1353 1283 1485 1348 Quis
1520 1283 1693 1344 Deus,
1738 1290 1797 1334 ut
1829 1293 1906 1343 tu,
1937 1280 2039 1335 tul—

474 1377 593 1431 lens
627 1376 940 1445 iniquitates
960 1415 973 1439 ,
1008 1384 1061 1428 et
1091 1390 1354 1443 superans
1382 1373 1676 1443 injustitias
1726 1369 1746 1399 ⁶
1770 1373 1793 1425 ?
1820 1391 1837 1424 ι
1868 1371 2040 1427 Filiutt

472 1482 602 1520 vero
649 1466 896 1531 dicebat,
944 1466 1142 1535 quibus
1195 1465 1393 1533 placuit
1446 1465 1546 1533 ipsi
1581 1480 1594 1515 :
1628 1482 1645 1514 ι
1683 1463 2043 1518 Dimittuntur

472 1555 571 1609 tibi
605 1564 825 1624 peccata
852 1564 943 1608 tua
987 1555 1008 1585 "
1040 1572 1053 1607 :
1096 1572 1114 1604 ι
1144 1569 1252 1622 quo
1290 1562 1525 1623 tempore
1554 1552 1758 1607 Judaeis
1787 1569 2039 1607 murmu«

475 1647 759 1711 rantibus,
799 1660 962 1714 opere
1013 1645 1160 1698 illam
1212 1644 1592 1697 remissionem
1640 1643 2039 1712 comprobavit,

474 1736 664 1789 dicens
722 1734 1019 1804 paralytico
1048 1752 1059 1787 :
1097 1753 1115 1785 ι
1142 1734 1348 1803 Surge,
1381 1734 1505 1788 tolle
1544 1734 1831 1801 grabatum
1862 1744 2041 1799 tuum,

1715 337 2091 397 EUTIIYMII
2136 336 2491 395 ZIGABENI

1902 476 1913 502 ¹
1955 487 1968 520 :
2011 490 2029 523 ι
2072 479 2111 527 Α
2152 470 2320 539 Θεῷσι
2352 468 2411 521 τὸ
2436 466 2570 522 εἶναι
2598 467 2656 533 ἐξ
2688 469 2944 541 ἀληθινοῦ
2972 469 3252 540 ἀλήθειαν,
3285 469 3378 523 καὶ
3435 472 3500 524 ἐκ
3536 472 3740 535 ζῶντος

3624 333 3737 399 484

2154 560 2317 629 ζωὴν,
2352 560 2426 623 ὡς
2479 559 2588 612 ἀπὸ
2629 562 2812 629 πηγῆς
2860 560 3028 623 ὅντως
3140 570 3155 579 ·’
3267 561 3362 613 τοῦ
3400 561 3631 632 Πατρὸς,
3672 562 3739 615 τό

2154 651 2431 714 ζωοποιεῖν
2458 650 2548 703 τὸν
2580 649 2707 703 Υἱὸν
2741 650 2834 703 καὶ
2856 650 3089 721 ἐγείρειν
3117 652 3245 714 τοὺς
3274 654 3502 722 νεκροὺς
3544 652 3740 722 ὥσπερ

2152 744 2181 794 6
2213 742 2434 812 Πατήρο
2475 741 2616 794 οὕτω
2651 742 2761 813 γὰρ
2817 744 2874 795 ἐν
2922 742 2998 813 τῷ
3032 743 3352 814 Εὐαγγελίῳ
3399 743 3737 814 γέγραπται.

2153 832 2262 885 Kal.
2293 831 2418 903 περὶ
2471 831 2569 901 μὲν
2599 831 2693 884 τοῦ
2752 832 2966 903 Πατρός
3014 833 3344 907 γέγραπταιο
3402 851 3422 884 ι
3471 833 3679 904 Κύριος
3712 835 3743 886 6

2154 921 2286 984 Θεός
2316 939 2429 985 σου,
2466 921 2668 992 Κύριος
2715 917 2795 986 εἷς
2827 924 2962 975 ἐστι’
2991 941 3010 975 ι
3057 922 3171 988 καὶ,
3225 942 3243 974 ι
3283 922 3415 986 Θεὸς
3448 923 3584 977 θεῶν
3617 924 3738 977 Κύ-

2159 1029 2270 1082 ριος
2300 1010 2545 1083 ἐλάλησε,
2594 1010 2687 1065 καί
2721 1012 2946 1066 ἐκάλεσε
3008 1012 3106 1082 τὴν
3132 1011 3256 1081 γῆν·
3290 1031 3308 1063 ι
3356 1012 3484 1082 περὶ
3523 1012 3581 1066 δὲ
3638 1013 3738 1067 τοῦ

2154 1101 2285 1155 Υίοῦ
2333 1101 2462 1166 Θεὸς
2516 1102 2739 1175 Κύριος,
2800 1102 2915 1167 καὶ,
2957 1120 2975 1153 t
3012 1103 3310 1172 Ἐπέφανεν
3359 1106 3514 1174 ἡμῖν,
3557 1122 3575 1155 ι
3617 1104 3735 1168 καὶ,

2160 1211 2179 1243 ι
2212 1190 2535 1263 Ὀφθὴσεται
2581 1196 2609 1245 6
2636 1193 2768 1256 Θεὸς
2824 1194 2934 1246 τῶν
2969 1193 3107 1246 θεῶν
3166 1197 3225 1246 ὲν
3278 1193 3448 1246 Σιών·
3487 1212 3505 1244 ι
3570 1194 3737 1247 πάλιν

2152 1300 2209 1335 τε
2390 1283 2515 1354 περὶ
2552 1282 2649 1354 μὲν
2680 1283 2774 1337 τοῦ
2823 1283 2957 1337 Θεοῦ
2992 1302 3154 1355 φησιν
3205 1286 3233 1337 6
3276 1284 3521 1346 Ἡσαΐας·
3582 1305 3600 1336 ι
3638 1286 3739 1348 Τίς

2151 1373 2301 1438 Θεὸς,
2326 1373 2513 1445 ὥσπερ
2554 1376 2641 1439 σὺ,
2687 1375 2919 1447 ἐξαίρων
2956 1376 3206 1447 ἀνομίας,
3242 1375 3336 1429 καί
3392 1376 3739 1448 ὑπερϐαίνων

2150 1463 2395 1529 ἁδικίας;
2441 1484 2458 1516 ι
2496 1466 2524 1517 6
2558 1465 2615 1518 δὲ
2656 1465 2784 1530 Υίός
2815 1464 3002 1533 ἔλεγεν
3032 1460 3113 1528 οἷς
3166 1465 3377 1536 ἤθελεν·
3424 1485 3442 1517 ι
3496 1466 3739 1535 Ἀφέωνο

2150 1555 2239 1607 ταί
2274 1570 2365 1607 σου
2395 1556 2450 1606 αἱ
2502 1556 2765 1627 ἁμαρτίαι
2815 1569 2832 1585 ⁸
2978 1574 2997 1607 ι
3035 1557 3123 1608 ὅτε
3169 1556 3262 1610 καὶ
3308 1557 3417 1609 τῶν
3463 1558 3738 1611 Ἰουδαίων

2152 1641 2543 1711 γογγυζόντων,
2575 1644 2721 1715 ἐργῳ
2753 1644 2854 1715 τὴν
2906 1644 3098 1713 ἄφεσιν
3136 1645 3397 1711 ἐδείκνυε,
3451 1645 3625 1716 λέγων
3659 1650 3740 1719 τῷ

2152 1734 2523 1804 παραλυτικῷ⁸
2561 1754 2579 1785 ι
2617 1736 2888 1807 Ἔγειραι,
2919 1731 3052 1807 ἆρον
3103 1737 3196 1791 τὸν
3256 1738 3568 1805 κράὸεατόν
3613 1756 3732 1803 σου,

471 1831 529 1877 et
557 1824 689 1883 vade
716 1822 770 1874 in
805 1823 1023 1875 domum
1067 1831 1215 1878 tuam
1263 1823 1307 1875 '.
1343 1840 1362 1873 ι
1415 1822 1488 1875 De
1512 1821 1622 1876 Deo
1652 1837 1873 1892 quoque
1904 1822 2041 1876 dixit

2151 1826 2242 1879 καὶ
2288 1825 2467 1894 ὕπαγε
2504 1830 2583 1891 εἰς
2616 1829 2704 1881 τὸν
2737 1825 2882 1881 οἶκόν
2918 1846 3031 1884 σου.
3069 1850 3087 1882 ι
3153 1830 3263 1884 Καὶ
3306 1830 3433 1903 περὶ
3472 1832 3573 1902 μὲν
3630 1833 3731 1886 τοῦ

479 1911 721 1965 Paulus:
753 1929 771 1961 ι
804 1909 934 1980 Regi
966 1912 1287 1965 saaculorum
1329 1916 1350 1945 ⁸
1382 1928 1396 1977 ;
1434 1928 1452 1961 ι
1483 1911 1551 1967 de
1574 1911 1712 1965 Filio
1733 1921 1912 1966 autem
1940 1912 2044 1965 Da-

480 1998 567 2051 vid
593 1999 818 2051 cecinit:
852 2017 869 2048 ι
896 1998 1135 2052 Attollite
1166 2006 1371 2067 portas,
1399 2000 1691 2068 principes,
1727 2008 1958 2065 vestras,
1991 2010 2045 2054 et

477 2087 797 2148 elevatnini,
840 2096 1008 2155 portae
1050 2088 1372 2152 aeternales,
1418 2097 1471 2143 et
1498 2089 1743 2144 introibit
1788 2090 1900 2145 Rex
1927 2092 2045 2161 glo-

479 2177 669 2241 rite“;
704 2195 721 2227 ι
759 2176 942 2231 Daniel
977 2193 1106 2231 vero
1135 2178 1250 2233 haec
1285 2179 1528 2233 audivit:
1559 2198 1577 2230 ι
1610 2179 1854 2250 Regnum
1903 2182 2043 2250 ejus,

479 2281 704 2333 regnum
735 2270 1123 2338 sempiternum
1148 2268 1189 2298 ¹¹
1212 2311 1227 2335 ,
1260 2289 1279 2322 ι
1323 2280 1411 2338 et,
1451 2291 1469 2322 ι
1504 2273 1748 2341 Regnum
1784 2274 1903 2342 ejus
1938 2289 2043 2327 non

479 2369 858 2427 corrumpetur
882 2363 943 2413 η.
982 2378 1000 2410 ι
1042 2359 1266 2416 Demttm
1298 2376 1638 2432 quaecunque
1673 2364 1740 2417 de
1769 2362 1930 2418 Patre
1959 2365 2047 2418 di-

478 2456 565 2507 cta
595 2451 878 2519 repereris,
917 2459 998 2504 tot
1027 2460 1284 2522 tantaque
1313 2454 1379 2508 de
1406 2453 1544 2508 Filio
1573 2455 1717 2525 dicta
1744 2455 2046 2523 deprehen-

478 2539 597 2605 des,
624 2555 686 2599 ea
715 2541 889 2597 solum
924 2544 1261 2614 exceptione,
1286 2545 1429 2615 quod
1458 2544 1572 2615 ipse
1598 2559 1707 2600 non
1752 2546 1824 2601 sit
1863 2545 2045 2615 Pater,

482 2637 543 2690 ut
568 2631 771 2689 dictum
799 2635 1048 2707 superius
1077 2644 1179 2693 est.

554 2831 642 2885 50.
682 2829 737 2885 Si
764 2832 888 2901 quis
928 2832 1094 2903 igitur
1134 2834 1280 2889 aliud
1315 2835 1643 2907 principium
1673 2845 1726 2891 et
1754 2838 1920 2891 alium
1946 2836 2048 2893 Pa-

483 2932 621 2976 trem
654 2923 942 2991 excogitet,
971 2939 1039 2979 eo
1073 2926 1219 2994 quod
1266 2926 1495 2995 aequalia
1528 2927 1639 2982 sint
1686 2943 1808 2997 qua:
1850 2928 2047 2983 dicun-

485 3023 595 3077 tur,
644 3014 895 3068 insanum
940 3024 1087 3071 certe
1140 3016 1271 3071 illud
1330 3027 1718 3073 commentum.
1763 3019 1818 3073 Si
1863 3030 2047 3075 autem

484 3106 613 3174 quia
640 3104 809 3160 Filius
840 3123 906 3161 ex
932 3106 1090 3162 Patre
1118 3116 1221 3173 est,
1249 3109 1432 3163 omnia
1461 3125 1583 3178 qua:
1606 3109 1784 3165 Patris
1812 3123 1939 3166 sunt
1968 3112 2050 3181 (ut

485 3200 538 3252 in
570 3200 804 3268 imagine
837 3208 891 3256 et
922 3200 1255 3271 charactere)
1287 3200 1409 3256 Filii
1442 3210 1570 3257 sunt
1617 3219 1631 3254 :
1680 3218 1837 3272 atquo
1866 3203 2046 3257 animo

2152 3192 2314 3261 κτῆρι
2344 3189 2435 3243 τοῦ
2483 3188 2611 3243 Υίοῦ
2670 3192 2805 3252 ἐστι,
2854 3187 3197 3261 λογισώμεθα

482 3293 808 3361 cogitemus,
839 3309 965 3346 num
992 3294 1294 3348 substantia
1324 3294 1498 3349 aliena
1528 3310 1559 3349 a
1585 3293 1764 3350 Patris
1794 3294 2050 3350 substan-

484 3383 576 3448 tia,
633 3383 939 3439 istiusmodi
986 3399 1166 3438 rerum
1214 3400 1384 3454 capax
1424 3386 1494 3440 sit
1528 3402 1542 3439 :
1574 3394 1630 3440 et
1674 3386 1752 3449 si,
1788 3386 1879 3455 qui
1928 3387 2051 3441 talis

484 3482 586 3534 est,
615 3474 841 3528 diversa:
865 3483 1091 3537 natura},
1114 3486 1165 3529 et
1190 3475 1378 3530 alienae
1408 3475 1723 3535 substantia:
1747 3476 1836 3539 sit,
1864 3484 1917 3528 et
1942 3490 2050 3529 non

484 3563 667 3632 potius
704 3562 851 3618 Patri
887 3564 1387 3619 consubstantialis.
1428 3565 1740 3619 Cavendum
1785 3566 1951 3628 enim,
1985 3580 2053 3618 ne

482 3669 603 3722 qua:
622 3653 795 3709 Patris
814 3655 1029 3724 prepria
1067 3664 1193 3711 sunt
1226 3654 1606 3710 transferentes
1633 3656 1699 3709 ad
1722 3654 1874 3719 illud,
1909 3655 2053 3723 quod

480 3747 530 3799 ci
579 3748 882 3802 substantia
935 3747 1202 3803 dissimile
1247 3757 1352 3812 cst,
1382 3756 1436 3802 et
1468 3762 1537 3803 ne
1579 3748 1632 3801 in
1665 3762 1729 3802 eo
1759 3748 1854 3816 qui
1892 3746 2055 3801 dissi-

485 3834 629 3889 milis
663 3845 879 3903 natura,
907 3847 961 3891 et
988 3838 1200 3893 alienus
1229 3839 1533 3895 substantia
1570 3850 1673 3905 est,
1705 3840 1882 3896 Patris
1911 3841 2053 3895 divi-

486 3926 706 3981 nitatem
746 3928 1126 3998 designantes,
1167 3939 1481 3987 extraneam
1525 3932 1684 3986 aliam
1731 3933 2052 3989 inducamus

484 4018 869 4083 substantiam,
912 4019 1102 4087 primae
1132 4020 1450 4075 substantia}
1480 4023 1866 4090 proprietatum
1899 4037 2053 4094 capa-

482 4122 645 4160 cem:
687 4108 1001 4176 pudoreque
1050 4107 1349 4162 adiciantur
1391 4108 1460 4161 ab
1492 4108 1613 4177 ipso
1666 4107 1775 4162 Deo
1816 4108 2049 4177 dicente,

488 4215 508 4247 ι
534 4195 769 4251 Gloriam
801 4211 977 4249 meam
1004 4195 1159 4250 alteri
1191 4211 1299 4250 non
1331 4196 1582 4259 dabo‘3,»
1603 4206 1657 4251 et
1687 4196 2048 4266 deprehenda-

484 4302 607 4340 ntur
652 4286 888 4339 alienum
936 4286 1199 4353 adorare,
1231 4288 1471 4356 talesque
1509 4287 1827 4355 habeamur,
1860 4292 2049 4359 quales

485 4376 615 4429 olim
636 4373 1104 4445 tuereJudaei,qui
1126 4377 1344 4432 aiebant
1443 4389 1459 4427 :
1557 4377 2054 4447 «Quaretu,hctno

491 4480 615 4519 cum
643 4467 739 4529 sis,
774 4464 907 4520 facis
938 4465 1171 4534 teipsum
1204 4464 1374 4520 Deum
1404 4467 1488 4522 “1'
1518 4487 1537 4520 ι
1579 4483 1703 4523 cum
1736 4471 1812 4545 illi
1838 4488 1902 4527 ea
1931 4486 2053 4542 qua

2150 1915 2284 1969 Θεοῦ
2315 1916 2498 1987 ἔλεγεν
2691 1920 2719 1970 6
2748 1918 2982 1982 Παῦλος·
3044 1939 3062 1972 ι
3121 1921 3213 1991 Τῷ
3258 1922 3315 1975 δὲ
3369 1923 3583 1992 βασιλεῖ
3621 1924 3735 1978 τῶν

2151 2007 2380 2062 αἰώνωνο
2417 2028 2435 2060 ι
2488 2009 2613 2079 περὶ
2665 2008 2721 2062 δὲ
2755 2010 2847 2063 τοῦ
2898 2010 3028 2064 Υίοῦ
3073 2012 3102 2065 6
3135 2013 3233 2083 μὲν
3273 2013 3436 2066 Δαὸἱδ
3479 2014 3731 2083 ἔψαλλενο

2156 2117 2173 2150 ι
2215 2101 2415 2171 ’Λρατε
2448 2100 2640 2178 πῦλας,
2673 2104 2722 2155 οἱ
2746 2103 3023 2173 ἄρχοντες,
3076 2102 3229 2172 ὑμῶν
3276 2138 3294 2164 .
3426 2106 3522 2158 καὶ
3558 2106 3734 2178 ἐπάρ-

2151 2189 2301 2261 θητε,
2328 2191 2487 2245 πύλαι
2520 2192 2743 2257 αἰώνιοι,
2776 2194 2870 2246 καλ¹
2896 2194 3260 2247 είσελεύσεται
3289 2198 3316 2248 6
3339 2196 3596 2266 βασιλεὺς
3626 2201 3734 2269 τῆς

2106 2312 2117 2321 κ
2149 2282 2357 2354 δόξης»
2399 2287 2427 2336 6
2459 2285 2513 2336 δὲ
2545 2286 2743 2354 Δανιὴλ
2772 2286 3021 2355 ἤκουσενο
3060 2296 3100 2336 't
3140 2287 3205 2339 Ἦ
3264 2287 3510 2356 βασιλεία
3560 2290 3730 2343 αὑτοῦ

2152 2373 2394 2443 βασιλεία
2422 2374 2687 2440 αἰώνιος,›
2716 2374 2828 2438 καὶ,
2858 2394 2887 2427 ι
2926 2374 2992 2428 Ἡ
3028 2375 3274 2445 βασιλεία
3304 2377 3470 2430 αὑτοῦ
3514 2379 3575 2430 οὐ
3612 2380 3731 2431 δια-

2151 2464 2504 2536 φθαρήσεται.
2532 2485 2550 2517 ι
2594 2464 2703 2518 Καὶ
2731 2465 2868 2528 ὅλως
2888 2465 2987 2519 ὅσα
3018 2466 3082 2519 ἂν
3113 2466 3292 2537 εὕροις
3326 2469 3453 2538 περὶ
3489 2468 3582 2521 τοῦ
3616 2470 3733 2522 Πα-

2151 2554 2292 2625 τρὸς’
2314 2554 2600 2625 λεγόμενα,
2625 2554 2863 2610 τοσαῦτα
2890 2555 2955 2608 ἂν
2989 2554 3169 2627 εὕροις
3201 2556 3295 2610 καὶ
3328 2558 3456 2628 περὶ
3488 2557 3581 2611 τοῦ
3599 2558 3731 2611 Υίοῦ

2150 2643 2437 2714 λεγόμενα,
2465 2645 2631 2717 χωρὶς
2660 2646 2817 2716 μόνου
2843 2644 2937 2699 τοῦ
2970 2644 3109 2702 εἶναι
3145 2647 3305 2701 αὑτὸν
3339 2648 3580 2720 Πατέρα,
3630 2666 3734 2703 κα-

2154 2736 2328 2809 θάπερ
2356 2737 2587 2809 εἴρηται.

2226 2830 2312 2884 50.
2337 2830 2399 2881 Ei
2422 2830 2519 2899 μὲν
2551 2830 2644 2882 οὑν
2698 2829 2861 2899 ἄλλην
2897 2830 3069 2900 ἀρχὴν
3118 2828 3428 2900 ἐνθυμεῖταί
3471 2847 3577 2896 τις,
3635 2832 3734 2886 καὶ

2150 2920 2309 2974 ἄλλον
2340 2918 2560 2990 Πατέρα
2586 2919 2670 2972 διὰ
2689 2920 2748 2972 τὸ
2782 2918 2963 2984 ἰσάζον
2988 2920 3097 2974 τῶν
3137 2920 3465 2991 λεγομένων,
3504 2924 3733 2993 μανικὸν

2149 3011 2209 3065 τὸ
2235 3011 2542 3082 ἐνθύμημα’
2571 3012 2617 3062 εί
2644 3010 2699 3063 δὲ
2727 3010 2815 3063 διὰ
2868 3010 2929 3064 τὸ
2965 3013 3027 3064 ἐκ
3067 3008 3161 3065 τοῦ
3216 3013 3428 3083 Πατρὸς
3460 3008 3600 3065 εἶναι
3639 3013 3733 3066 τὸν

2152 3103 2298 3165 Υἰὸν,
2325 3104 2502 3157 πάντα
2524 3101 2591 3155 τὰ
2619 3100 2709 3154 τοῦ
2750 3102 2982 3173 Πατρὸς,
3036 3101 3113 3166 ὡς
3153 3104 3211 3158 ἐν
3238 3103 3405 3156 εἰκόνι
3436 3105 3530 3158 καὶ
3552 3122 3727 3175 χαρα-

3383 3192 3647 3262 εὐμενῶς,
3678 3194 3727 3245 εί

2153 3284 2275 3354 ξένη
2307 3284 2462 3336 οὐσία
2490 3284 2587 3353 τῆς
2608 3282 2700 3335 τοῦ
2730 3280 2942 3353 Πατρδς
2971 3281 3155 3345 οὐσίας
3180 3282 3400 3354 δεκτικὴ
3419 3283 3527 3338 τῶν
3554 3285 3728 3337 τοιοῦ-

2148 3394 2255 3430 των
2284 3377 2418 3430 ἐστί’
2460 3377 2554 3428 καὶ
2592 3378 2639 3428 εί
2670 3376 2698 3428 6
2717 3375 2952 3437 τοιοῦτος
2974 3375 3268 3446 ἐτεροφυὴς
3301 3377 3394 3429 καὶ
3417 3376 3732 3447 ἀλλοτριού-

2153 3468 2266 3530 σιός
2434 3468 2570 3529 ἐστι,
2622 3467 2716 3519 καὶ
2760 3466 2858 3535 οὐχ
2903 3464 3184 3535 ὁμοούσιος
3225 3465 3305 3537 τῷ
3332 3466 3525 3539 Πατρί.
3553 3468 3731 3520 Εὐλα-

2152 3559 2342 3630 6ητέον
2376 3559 2482 3629 γὰρ
2506 3558 2580 3628 μὴ
2607 3558 2674 3611 τὰ
2707 3555 2798 3610 τοῦ
2831 3556 3044 3627 Πατρός
3076 3556 3183 3610 ἴδια
3218 3558 3609 3628 μεταφέροντες
3635 3560 3732 3611 ἐπὶ

2150 3650 2209 3702 τὸ
2250 3648 2650 3718 ἀνομοιοούσιον
2673 3645 2837 3716 αὐτῷ,
2863 3646 2956 3699 καὶ
3007 3648 3065 3698 ἐν
3087 3648 3459 3717 ἀνομοιογενεῖ
3492 3649 3589 3701 καὶ
3634 3648 3732 3701 ἁλ-

2151 3739 2495 3811 λοτριοουσίῳ
2536 3737 3023 3809 χαρακτηρίζοντες
3073 3736 3173 3807 τὴν
3214 3736 3306 3789 τοῦ
3520 3738 3734 3807 Πατρὸς

2154 3831 2400 3901 θεότητα,
2433 3829 2589 3898 ξένην
2624 3829 2719 3898 μὲν
2744 3828 2907 3898 ἄλλην
2946 3825 3246 3897 εἰσάξωμεν
3296 3826 3507 3894 οὐσίαν,
3545 3827 3729 3880 δεκτι-

2153 3924 2254 3993 κὴν
2281 3922 2389 3975 τῶν
2425 3925 2525 3992 τῆς
2556 3919 2777 3991 πρώτης
2808 3919 2993 3980 οὐσίας
3026 3918 3347 3988 ἰδιωμάτων,
3372 3918 3731 3989 ἐντραπῶμεν

2152 4015 2209 4068 δὲ
2239 4015 2326 4066 ὑπ’
2360 4012 2523 4066 αὐτοῦ
2547 4011 2638 4064 τοῦ
2671 4010 2803 4063 Θεοῦ
2875 4010 3143 4077 λέγοντοςο
3212 4027 3229 4059 ι
3270 4008 3382 4080 Τὴν
3429 4008 3586 4072 δόξαν
3624 4027 3728 4079 μου

2154 4107 2323 4177 ἑτέρῳ
2346 4106 2405 4158 οὐ
2433 4103 2605 4157 δώσωο
2643 4122 2660 4154 ι
2701 4102 2792 4155 καὶ
2820 4100 3132 4173 εὑρεθῶμεν
3184 4098 3617 4170 προσκυνοῦντες
3651 4098 3730 4170 τῷ

2154 4197 2437 4266 ἀλλοτρίῳ,
2469 4194 2561 4249 καὶ
2590 4193 2933 4265 νομισθῶμεν
2985 4187 3124 4244 εἶναι
3172 4188 3424 4253 τοιοῦτοι,
3456 4187 3559 4243 οἷοι
3587 4186 3732 4260 ἦσαν

2153 4289 2202 4340 οἱ
2234 4287 2351 4340 τότε
2394 4286 2634 4339 Ἰουδαῖοι
2689 4285 2955 4352 λέγοντες·
3012 4301 3032 4334 ι
3074 4280 3174 4334 Διὰ
3227 4281 3279 4333 τί
3315 4281 3404 4345 σὺ,
3446 4280 3733 4351 ἄνθρωπος

2154 4378 2248 4443 ὢν,
2288 4380 2460 4440 ποιεῖς
2502 4376 2721 4430 σεαυτὸν
2945 4373 3107 4437 Θεόν;
3147 4391 3165 4423 ι
3214 4372 3304 4425 ὅτε
3358 4373 3471 4436 καὶ,
3517 4372 3587 4425 τὰ
3634 4372 3731 4425 τοῦ

2154 4468 2467 4539 Πνεύματος
2531 4467 2955 4539 μεταφέροντες,
3010 4464 3393 4535 ἐϐλασφήμουν
3456 4464 3731 4531 λέγοντες,

494 4550 728 4620 Spiritus
773 4560 928 4606 erant
977 4552 1086 4606 alio
1139 4553 1563 4619 transferentes,
1616 4557 2046 4628 blasphemarent

2152 4559 2234 4612 ὃτι
2276 4578 2296 4612 ‹
2349 4561 2436 4613 Ἐν
2464 4559 2787 4624 Βεελζεὸοὺλ
2816 4556 3066 4611 ἐκϐάλλει
3095 4556 3164 4610 τὰ
3212 4556 3481 4625 δαιμόνια.
3512 4573 3531 4607 ι
3576 4556 3639 4607 Ei
3677 4556 3735 4608 δὲ

490 4643 578 4696 his
617 4642 839 4696 verbis:
882 4660 901 4693 ι
941 4640 999 4695 1η
1031 4642 1398 4699 Beelzebulem
1429 4645 1575 4714 ejicit
1617 4648 1880 4705 daamonia
1921 4645 1979 4704 ".
2026 4672 2047 4705 ι

485 4727 641 4796 Quod
674 4730 721 4783 si
767 4728 901 4781 illud
942 4727 1261 4781 indecorum
1294 4735 1377 4780 est
1400 4765 1415 4790 ,
1445 4734 1590 4778 certe
1625 4742 1735 4780 non
1772 4727 2055 4783 dissimilis

485 4819 806 4876 substantiae
837 4817 997 4874 fuerit
1030 4816 1221 4879 Filius,
1257 4820 1349 4873 sed
1377 4819 1860 4875 consubstantialis
1887 4819 2051 4873 Patri.

486 4909 697 4967 Etenim
743 4910 790 4966 si
823 4926 946 4980 qua:
990 4910 1165 4966 Patris
1209 4920 1355 4974 sunt,
1394 4910 1715 4964 naturaliter
1753 4909 1874 4963 Filii
1907 4919 2054 4972 sunt,

487 5004 709 5072 ipseque
735 5000 908 5056 Filius
953 5017 1019 5056 ex
1053 5001 1211 5056 Patre
1248 5010 1353 5065 est,
1401 5008 1455 5055 et
1488 5009 1705 5070 propter
1742 5000 2055 5070 hujusutodi

488 5096 755 5148 unitatem
790 5094 1092 5149 divinitatis
1119 5102 1173 5149 et
1203 5102 1441 5158 natura},
1479 5094 1594 5163 ipse
1621 5103 1673 5147 ct
1698 5092 1856 5147 Pater
1885 5108 2054 5147 unum

418 5228 425 5233 .
485 5194 653 5250 sunt,
684 5193 739 5239 et
766 5185 861 5256 qui
893 5186 1024 5240 vidit
1053 5185 1249 5239 Filiutn
1280 5184 1411 5239 vidit
1439 5193 1491 5238 et
1521 5183 1732 5238 Patrem
1755 5224 1769 5248 ,
1806 5183 1996 5236 merito
2025 5198 2053 5236 a

485 5273 743 5331 Patrihns
782 5278 961 5331 dictus
1005 5284 1090 5332 est
1123 5275 1604 5331 consubstantialis
1644 5295 1655 5329 :
1712 5288 1885 5343 neque
1912 5274 2055 5327 enim

486 5366 580 5434 qui
629 5366 854 5422 alterius
904 5376 1049 5422 esset
1106 5365 1441 5428 substantiae,
1494 5366 1621 5419 talia
1686 5365 1881 5418 habere
1927 5376 2054 5431 pos~

487 5465 588 5511 set.

559 5601 574 5631 ¹
612 5597 843 5668 Philipp.
880 5614 939 5662 ιι,
973 5600 1022 5654 6.
1102 5601 1123 5632 ³
1156 5598 1317 5655 Deut.
1344 5615 1420 5664 vr,
1452 5597 1506 5652 4.
1584 5598 1603 5629 ³
1637 5597 1777 5652 Psal.
1813 5612 1956 5659 xux,
2000 5598 2047 5652 l.

2142 5600 2162 5630 “
2188 5597 2332 5653 Psal.
2370 5614 2537 5664 cxvu,
2566 5594 2659 5655 27.

2155 4652 2311 4708 τοῦτο
2349 4650 2616 4723 ἀπρεπὲς,
2645 4650 2822 4721 δῆλον,
2851 4649 2933 4702 ὅτι
3109 4648 3209 4700 οὑκ
3232 4645 3636 4716 ἀνομοιοούσιος
3667 4646 3733 4697 ἂν

2154 4731 2240 4801 εἴη
2279 4735 2308 4786 6
2326 4732 2473 4798 Υἱὸς,
2498 4732 2632 4787 ἀλλὰ
2656 4729 2937 4801 ὁμοούσιος
2978 4727 3056 4799 τῷ
3084 4730 3280 4801 Πατρί·
3316 4730 3410 4782 καὶ
3449 4729 3560 4801 γὰρ
3591 4732 3641 4785 εί
3668 4734 3738 4787 τὰ

2156 4819 2248 4873 τοῦ
2279 4821 2491 4889 Πατρὸς
2520 4820 2763 4888 φυσικῶς
2788 4818 2880 4872 τοῦ
2911 4819 3040 4872 Υἱοῦ
3076 4819 3243 4885 ἐστιν,
3277 4820 3439 4883 αῦτός
3465 4838 3524 4873 τε
3559 4825 3587 4875 6
3610 4823 3739 4887 Υίδς

2155 4912 2221 4963 ἐκ
2252 4908 2342 4962 τοῦ
2369 4910 2579 4981 Πατρός
2630 4912 2767 4973 ἐστι,
2803 4910 2898 4961 καὶ
2959 4909 3046 4963 διὰ
3082 4909 3180 4979 τὴν
3210 4910 3468 4981 τοιαύτην
3512 4912 3739 4982 ἑνότητα

2154 5003 2253 5071 τῆς
2286 5001 2536 5070 θεότητος
2566 5000 2778 5070 καὶτῆς
2803 4998 3015 5066 φύσεως
3040 5000 3201 5063 αὐτὸς
3233 5002 3325 5053 καὶ
3351 5004 3380 5053 6
3436 5002 3628 5071 Πατὴρ
3681 5002 3738 5053 ’ἐν

2156 5094 2283 5152 εἰσι,
2309 5092 2403 5144 καὶ
2444 5094 2472 5144 6
2533 5088 2793 5160 ἑωρακὼς
2819 5090 2910 5141 τὸν
2941 5089 3069 5143 Υίὸν
3115 5090 3325 5162 ἑώρακε
3366 5090 3457 5143 τὸν
3493 5090 3736 5162 Πατέρα,

2155 5182 2377 5244 εἰκότως
2405 5181 2594 5252 ἐλέχθη
2626 5181 2772 5251 παρὰ
2792 5180 2898 5233 τῶν
2920 5181 3176 5251 Πατέρων
3210 5183 3511 5254 ὀμοούσιος’
3534 5184 3597 5235 οῦ
3632 5184 3737 5254 γὰρ

2158 5274 2487 5343 ἑτεροουσίου
2512 5272 2578 5326 τὰ
2602 5272 2822 5327 τοιαῦτα
2849 5272 2991 5343 ἐχειν
3023 5274 3161 5328 ἐστί.

2764 5599 2786 5631 ⁸
2819 5592 2963 5653 Psal.
2995 5612 3222 5663 uxxut,
3256 5596 3310 5653 8.
3406 5600 3427 5629 '
3459 5597 3564 5653 lsa.
3596 5611 3748 5659 xuii,

488 5668 579 5721 25.
656 5670 676 5701 "
708 5666 893 5722 Matth.
927 5684 999 5731 tx,
1030 5671 1083 5725 5.
1162 5673 1182 5703 ⁸
1217 5671 1378 5723 Marc.
1418 5684 1476 5734 ιι,
1503 5668 1601 5735 ll,
1668 5669 1729 5720 Ἰ
1767 5668 1910 5720 Tim.
1947 5668 2038 5729 1,1

2184 5667 2230 5701 ¹⁹
2255 5670 2392 5723 Psal.
2423 5685 2579 5734 χχιιι,
2613 5670 2663 5722 7.
2742 5670 2784 5701 ¹¹
2824 5668 2957 5723 Dan.
2987 5684 3071 5734 ιιι,
3101 5666 3227 5722 100.
3302 5668 3344 5699 “
3372 5666 3504 5721 Dan.
3533 5684 3629 5735 vtt,
3662 5668 3724 5719 Η

492 5736 536 5767 ¹³
573 5735 674 5790 lsa.
705 5752 832 5803 xui,
861 5738 914 5791 8.
996 5740 1039 5769 ιδ
1066 5739 1223 5793 Joan.
1254 5756 1306 5803 ι,
1337 5740 1425 5792 33.
1511 5739 1552 5768 ’⁵
1584 5734 1719 5790 Luc.
1753 5751 1831 5800 ιιι,
1866 5737 1945 5791 15.
