4008 6208
284 299 374 363 ωε
1255 299 1628 361 PANOPLIA
1680 303 2138 373 DOGMATICA.
2175 329 2243 340 -—
2287 305 2434 365 Tl'l‘.
2472 306 2578 365 xr.
3436 311 3540 373 486

345 409 510 463 Πάλιν
544 427 601 464 τε
639 411 710 474 εἰ,
757 409 895 465 καθὰ
933 409 1282 482 προείπομεν,
1315 412 1415 465 οὐκ
1459 414 1522 464 ἐκ
1559 413 1845 480 μετουσίας

2030 413 2260 466 Rursum
2309 412 2376 472 si.
2416 421 2578 480 prout
2626 425 2790 481 supra
2824 411 3078 476 diximus,
3124 427 3230 467 non
3273 429 3335 468 ex
3369 422 3538 485 parti-

280 505 416 558 ἐστὶν
452 505 482 557 6
515 505 646 564 Υἱός
671 521 687 536 ο
717 503 852 556 sm
885 503 951 555 τὰ
979 503 1080 572 μὲν
1108 503 1312 573 γενητὰ
1349 504 1526 556 πάντα
1563 505 1626 556 ἐκ
1667 519 1845 570 μετου·

1963 503 2234 573 cipatione
2265 503 2334 558 sit
2376 502 2544 556 Filius
2572 522 2583 556 :
2616 505 2709 557 sed
2750 504 2964 573 Opificia
3003 504 3222 573 quidem
3267 508 3445 560 omnia
3474 526 3539 562 ex

280 598 391 658 σίας
417 596 535 666 ἔχει
568 596 666 664 τήν
689 595 837 663 παρὰ
868 593 1000 652 Θεοῦ
1025 595 1206 664 χάριν,
1239 594 1400 656 αὐτὸς
1425 595 1482 646 δέ
1517 593 1611 646 τοῦ
1646 592 1845 661 Πατρδς

1961 595 2380 665 participatione
2427 595 2517 649 Dei
2550 595 2776 665 gratiam
2817 596 3071 657 habeant.
3112 599 3230 666 ipse
3278 613 3407 652 vero
3437 599 3538 651 Pa-

279 687 433 756 σοφία
459 688 554 740 καὶ
587 688 757 752 Λόγος
790 688 960 749 ἐστὶν,
990 678 1052 738 οὐ
1086 685 1304 754 μετέχει
1333 685 1402 740 τὰ
1429 689 1608 739 πάντα
1628 701 1641 715 ·
1674 673 1845 756 δῆλον,

1964 684 2062 738 tris
2117 683 2386 753 sapientia
2437 694 2491 738 et
2529 685 2762 739 Verbum
2812 688 2900 750 sit,
2957 686 3176 755 quicum
3227 688 3539 742 communia

274 781 354 833 ὅτι
381 779 542 841 αὐτὸς
563 777 638 830 ὣν
666 778 724 829 τὸ
748 778 991 829 θεοποιδν
1013 779 1108 830 καὶ
1131 777 1456 846 φωτιστικὸν
1486 777 1583 830 τοῦ
1617 779 1845 844 Πειτρὶις1

1961 776 2124 830 habet
2154 777 2336 830 omnia
2365 793 2378 830 :
2412 786 2560 830 certe
2587 792 2709 830 cum
2745 778 2815 830 sit
2848 779 2962 847 ipse
3002 778 3050 831 id
3082 794 3190 846 quo
3227 780 3382 833 Pater
3417 780 3538 833 dei-

272 873 333 924 ἐν
360 864 402 938 ᾧ
427 873 493 922 τα
525 869 703 922 πάντα
744 868 1072 921 θεοποιεῖται
1105 869 1198 921 καὶ
1242 868 1607 932 ζωοποιεῖται,
1638 869 1738 922 οὐκ
1769 868 1845 920 ἁλ-

1957 872 2082 926 ficat
2115 880 2169 924 et
2199 871 2487 934 illuminat,
2523 870 2576 923 in
2606 885 2713 938 quo
2754 870 2963 923 scilicet
3000 871 3180 923 omnia
3214 870 3542 926 deificantur

273 959 636 1030 λοτριοούσιός
665 961 782 1011 ἐστι
805 957 898 1012 τοῦ
930 959 1163 1029 Πατρδς,
1188 959 1301 1011 ἀλλ’
1321 959 1627 1028 ὁμοούσιος.
1652 959 1845 1011 Τούτου

1954 971 2009 1016 et
2062 961 2422 1024 vivificantnr,
2454 975 2563 1013 non
2600 961 2788 1014 alienae
2827 977 2855 1014 a
2894 963 3054 1014 Patre
3083 960 3399 1015 substantiae
3433 971 3535 1028 est,
3566 959 3567 962 “

271 1054 378 1122 γὰρ
403 1051 940 1120 μεταλαμϐάνοντες,
966 1051 1058 1103 τοῦ
1089 1050 1301 1120 Πατρδς
1335 1051 1656 1120 μετέχομεν,
1687 1049 1774 1102 διὰ
1795 1049 1845 1102 τὲ

1954 1053 2049 1108 sed
2107 1052 2613 1107 consubstantialis.
2685 1051 2852 1122 llujus
2923 1052 3064 1105 enim
3125 1052 3539 1123 participatione

270 1145 362 1197 τοῦ
395 1144 608 1212 [ἰατρὸς
633 1139 772 1196 εἶναι
799 1143 927 1196 ῐδιον
956 1141 1046 1195 τὸν
1070 1141 1441 1209 Λόγον.”Οθεν
1463 1143 1510 1194 εἰ
1539 1137 1606 1210 ἦν
1634 1143 1699 1194 ἐκ
1731 1158 1845 1210 μετ-

1954 1143 2132 1196 Patris
2165 1142 2455 1212 participes
2486 1141 2770 1206 efficimur,
2811 1158 2874 1196 eo
2917 1144 3058 1211 quod
3099 1144 3213 1212 ipse
3253 1138 3535 1212 proprium

266 1237 455 1294 οὐσίας
491 1238 586 1287 καὶ
634 1235 814 1298 αὐτὸς,
844 1235 939 1288 καὶ
977 1234 1050 1304 μὴ
1082 1235 1139 1300 ἐξ
1168 1233 1332 1287 αὐτοῦ
1360 1233 1622 1302 οὐσιώδης
1657 1234 1845 1300 θεότης

1954 1232 2125 1286 Patris
2183 1233 2252 1288 sit
2286 1232 2544 1288 Verbum.
2587 1231 2742 1286 l.'mle
2794 1233 2835 1285 si
2896 1232 3011 1301 ipse
3059 1248 3276 1302 quoque
3311 1248 3374 1286 ex
3409 1248 3534 1299 par--

267 1328 362 1379 καὶ
395 1325 560 1379 εἰκὼν
591 1327 682 1379 τού
718 1325 950 1395 Πατρδς,
973 1327 1072 1378 οὐκ
1099 1325 1166 1380 ἂν
1196 1325 1512 1395 ἑθεοποίησε
1562 1323 1845 1378 θεοποιού-

1954 1324 2259 1392 ticipatione
2285 1334 2449 1381 esset.
2480 1334 2536 1378 et
2561 1340 2668 1380 nou
2702 1341 2766 1378 ex
2820 1340 2877 1377 se
2922 1326 3296 1380 substantialis
3326 1324 3527 1377 divini.

267 1435 434 1487 μενος
463 1418 558 1470 καὶ
596 1417 780 1480 αὐτός.
807 1418 916 1472 Καὶ
941 1417 1039 1486 τὴν
1064 1415 1248 1469 αἰτίαν
1282 1416 1338 1468 δὲ
1378 1417 1547 1484 ὅμως,
1580 1416 1648 1470 δι’
1671 1418 1736 1486 ἦν
1768 1434 1848 1469 τι-

267 1526 378 1574 νες,
409 1506 486 1570 ὡς
513 1505 755 1574 λέγεται,
795 1506 1184 1578 παραιτοῦνται
1222 1506 1284 1568 τὸ
1322 1506 1624 1577 ὁμοούσιον,
1659 1507 1841 1573 tam.

259 1604 449 1657 σωμεν
481 1588 716 1659 ἀληθῶς,
756 1589 828 1659 μὴ
850 1591 958 1662 ἄρα
981 1590 1177 1658 μᾶλλον
1207 1592 1271 1642 ἐκ
1317 1591 1518 1660 ταύτης
1563 1593 1842 1661 ὁμοούσιος

258 1680 534 1734 δείκνυται
565 1683 594 1732 6
623 1680 750 1742 Υἱὸς
780 1680 858 1751 τῷ
885 1682 1080 1752 Πατρί.
1127 1683 1264 1736 Φασὶ
1308 1683 1506 1747 τοίνυν,
1559 1683 1633 1748 ὡς
1685 1686 1842 1756 ὑμεῖς

260 1772 564 1842 ἐγράψατε,
594 1772 667 1840 μὴ
697 1775 890 1842 χρῆναι
936 1771 1111 1841 λέγειν
1144 1774 1424 1844 όμοούσιον
1463 1776 1552 1830 τὸν
1599 1776 1724 1830 Υίὸν
1765 1775 1842 1846 τῷ

1945 1424 2027 1470 tas
2056 1424 2111 1471 et
2166 1416 2343 1485 imago
2375 1415 2572 1478 Patris,
2625 1431 2731 1468 non
2778 1415 3055 1470 deiﬁcaret
3102 1416 3256 1479 alios,
3307 1431 3429 1467 cum
3481 1425 3536 1470 et

1940 1505 2055 1575 ipse
2094 1504 2376 1558 deificatus
2434 1515 2599 1558 esset.
2633 1505 2863 1558 Causam
2914 1515 3096 1559 tamen
3138 1521 3235 1558 cur
3290 1506 3532 1573 quidanv

1965 1589 2022 1632 ut
2058 1579 2250 1646 fertur,
2281 1584 2743 1639 consubstantiale
2775 1601 3050 1656 respuant,
3082 1591 3292 1646 sincere
3325 1595 3533 1648 exami--

1963 1688 2177 1738 nemus,
2215 1689 2281 1727 an
2318 1689 2426 1728 non
2467 1677 2639 1746 magis
2665 1692 2730 1730 ex
2761 1679 2849 1732 illa
2881 1681 2993 1748 ipsa
3029 1681 3197 1738 Filius
3222 1683 3366 1738 Patri
3401 1702 3534 1741 con-

1963 1765 2340 1820 substantialis
2370 1768 2706 1822 ostendatur.
2738 1769 2904 1823 Aiunt
2955 1772 3136 1841 igitur,
3175 1784 3230 1828 ut
3257 1792 3353 1830 vos
3396 1777 3532 1831 scri-

263 1861 463 1930 Πατρὶ,
492 1860 574 1912 ὅτι
595 1861 624 1912 6
651 1859 821 1928 λέγων
845 1861 1125 1930 ὁμοούσιον
1160 1864 1286 1935 τρία
1316 1865 1485 1933 λέγει,
1515 1865 1702 1920 οὐσίαν
1724 1845 1845 1928 τινὰ

1962 1857 2172 1927 psistis,
2203 1856 2402 1911 Filium
2433 1857 2577 1913 Patri
2613 1862 3130 1918 consubstantialem
3165 1864 3270 1919 dici
3305 1868 3528 1922 minime

264 1949 776 2020 προῦποκειμὲνην,
845 1951 939 2003 καὶ
1005 1953 1128 2016 τοὺς
1178 1955 1242 2006 ἐκ
1305 1955 1509 2025 ταύτης
1562 1958 1841 2027 γεννωμέ·

261 2056 391 2102 von;
585 2041 899 2110 όμοουσίους
956 2037 1116 2095 εἶναι’
1172 2044 1266 2096 καὶ
1317 2045 1676 2115 ἐπιλέγουσιν·
1720 2049 1844 2104 Ἐὰν

261 2125 358 2182 οὖν
399 2132 429 2182 6
461 2129 584 2192 Υἱὸς
640 2129 920 2200 όμοούσιος
965 2127 997 2206 ᾖ
1052 2132 1127 2203 τῷ
1185 2135 1392 2204 Πατρὶ,
1445 2138 1656 2209 ἀνάγκη
1713 2157 1847 2212 προ-

265 2219 584 2272 ῦποκεῖσθαι
613 2220 789 2272 αὐτῶν
817 2221 1020 2288 οὐσίαν,
1041 2223 1098 2290 ἐξ
1120 2219 1186 2294 ἧς
1213 2227 1306 2278 καὶ
1335 2228 1718 2300 ἐγεννήθησαν,
1751 2231 1845 2286 καὶ

269 2310 348 2381 μὴ
375 2307 513 2365 εἶναι
535 2311 624 2364 τὸν
649 2313 745 2382 μὲν
778 2314 1015 2385 Πατέρα,
1061 2317 1153 2368 τὸν
1183 2317 1238 2368 δὲ
1273 2318 1418 2383 Υἰὸν,
1453 2319 1567 2372 ἀλλ’
1600 2322 1843 2392 apemt-

269 2418 398 2472 ρους
429 2401 706 2470 ἀδελφούς.
745 2402 928 2458 Ταῦτα
957 2406 1004 2456 εἰ
1053 2406 1148 2458 καὶ
1197 2406 1462 2477 Ἑλλήνων
1486 2410 1624 2463 εἰσὶν
1670 2413 1843 2482 ἑρμη-

268 2493 428 2552 νεῖαι,
466 2491 556 2542 καί
587 2491 687 2543 οὐκ
710 2491 980 2553 ἀναγκαῖα
1013 2495 1143 2563 ἡμῖν
1197 2494 1264 2548 τὰ
1304 2498 1432 2568 παρ’
1458 2497 1698 2554 ἐκείνων·
1729 2501 1842 2555 ἀλλ’
1887 2487 1889 2494 Ἰ

272 2580 470 2649 ἴδωμεν
497 2579 566 2632 τὰ
609 2580 873 2651 εἰρημένα
928 2581 995 2634 τὰ
1023 2583 1298 2652 ὁμοούσια,
1357 2584 1425 2638 τὰ
1474 2587 1538 2639 ἐκ
1577 2587 1676 2654 τῆς
1712 2607 1844 2660 προ-

271 2671 565 2739 νοουμένης
731 2671 919 2734 οὐσίας
941 2671 1164 2741 ἀδελφὰ,
1201 2675 1428 2746 πότερον
1462 2677 1668 2731 ἑαυτῶν
1707 2681 1842 2736 εἰσιν

272 2760 547 2831 ὁμοούσια,
583 2759 615 2832 ἢ
659 2760 757 2829 τῆς
786 2760 974 2824 οὐσίας
1003 2761 1062 2826 ἐξ
1093 2759 1160 2834 ἦς
1222 2765 1316 2817 καὶ
1370 2767 1754 2838 ἐγεννήθησαν·
1792 2770 1841 2823 εἰ

275 2853 370 2922 μὲν
391 2851 500 2922 γὰρ
533 2850 760 2915 ἑαυτῶν,
789 2851 1100 2923 ἐτεροούσια
1144 2855 1237 2908 καὶ
1259 2856 1483 2925 ἀνόμοια
1506 2857 1658 2912 ἐσται
1708 2859 1843 2930 πρὸς

271 2942 366 3011 τὴν
391 2941 732 3010 γεννήσασαν
780 2941 922 2994 αὐτὰ
977 2942 1182 2997 οὐσίανο
1242 2945 1544 3001 ἀντίκειται
1601 2947 1710 3018 γὰρ
1763 2951 1842 3020 τῷ

271 3031 534 3104 ὁμοουσίῳ
557 3032 617 3084 τὸ
645 3031 998 3102 ἐτεροούσιον·
1046 3035 1097 3086 εἰ
1132 3035 1187 3088 δὲ
1216 3037 1313 3107 τῆς
1341 3040 1678 3110 γεννησάσης
1703 3041 1843 3094 αὐτὰ

272 3124 452 3188 οὐσίας
472 3125 620 3178 ἐστὶν
661 3125 886 3178 ἕκαστον
909 3125 1208 3195 ὁμοούσιον,
1247 3129 1424 3198 δῆλον,
1453 3131 1534 3183 ὅτι
1694 3131 1754 3185 τό
1781 3131 1844 3187 ἐκ

1961 1948 2180 2015 debere,
2219 1949 2346 2018 quia
2377 1950 2468 2018 qui
2497 1951 2630 2004 dicit
2657 1953 3197 2021 consubstantialem,
3230 1957 3330 2010 tria
3373 1959 3524 2024 dicit,

1961 2040 2320 2094 substantiam
2349 2041 2604 2110 aliquam,
2635 2059 2755 2113 qua:
2793 2045 2941 2112 prius
2983 2047 3278 2116 subjaceat,
3329 2061 3383 2104 et
3433 2066 3530 2104 eos

1961 2129 2055 2198 qui
2086 2144 2149 2182 ex
2181 2129 2272 2182 illa
2300 2132 2460 2200 geniti
2488 2140 2616 2186 sunt
2646 2148 2765 2187 esse
2791 2135 3280 2193 consubstantiales
3319 2157 3330 2192 :
3365 2148 3528 2210 atque

1964 2219 2092 2273 hinc
2118 2221 2487 2276 concludunt:
2522 2221 2576 2277 Si
2608 2238 2736 2294 ergo
2761 2222 2930 2281 Filius
2979 2227 3051 2282 sit
3094 2226 3243 2284 Patri
3283 2233 3524 2287 consub»

1962 2313 2251 2378 stantialis,
2294 2328 2516 2374 necesse
2547 2325 2630 2370 est
2669 2317 2820 2385 prius
2853 2318 3134 2388 subjacerc
3167 2337 3354 2376 eorum
3391 2325 3525 2380 sult-

1961 2403 2218 2458 stantiam
2247 2419 2312 2458 ex
2346 2419 2452 2473 qua
2487 2406 2650 2475 geniti
2685 2407 2812 2472 sint,
2843 2421 2894 2464 et
2927 2427 3032 2465 non
3072 2427 3193 2467 esse
3223 2415 3373 2469 illum
3419 2415 3522 2470 Pa—

1961 2505 2119 2559 trem,
2150 2495 2294 2570 hufnc
2314 2493 2532 2564 Filium,
2565 2500 2659 2554 sed
2689 2501 2880 2558 ambos
2915 2502 3129 2557 fratres.
3163 2503 3285 2560 Haec
3309 2509 3524 2563 tametsi

1959 2588 2304 2643 ethnicorum
2334 2598 2460 2644 sunt
2488 2591 2895 2660 explicationes,
2931 2609 3138 2664 nosque
3167 2597 3303 2652 nihil
3331 2614 3522 2655 eorum

1957 2694 2182 2749 egemus
2214 2681 2514 2736 ratiociniis
2550 2697 2564 2735 :
2604 2683 2959 2740 nihilominus
3008 2687 3287 2743 videamus
3337 2699 3523 2745 utrum

1961 2769 2051 2823 illa
2083 2771 2588 2836 consubstantialia,
2619 2790 2739 2842 quae
2773 2791 2894 2830 cum
2937 2792 3002 2832 ex
3047 2780 3198 2848 prius
3250 2780 3523 2838 intellecta

1958 2861 2266 2918 substantia
2307 2862 2435 2926 sint,
2475 2862 2670 2920 fratres
2711 2867 2986 2930 dicuntur,
3037 2869 3140 2924 sibi
3190 2881 3400 2938 mutuo,
3451 2889 3523 2929 an

1958 2952 2278 3009 substantiae
2297 2968 2362 3008 ex
2389 2969 2496 3023 qua
2535 2964 2652 3010 orta
2684 2967 2844 3023 sunt,
2878 2960 2984 3014 sint
3011 2962 3518 3018 consubstantialia.

1959 3043 2016 3098 Si
2050 3044 2197 3099 enim
2245 3045 2345 3100 sibi
2387 3055 2616 3112 mutuo;
2652 3047 2875 3104 diversa:
2915 3065 3046 3120 ergo
3087 3053 3425 3119 substantiae,
3458 3071 3522 3109 ac

1957 3134 2241 3190 dissimilia
2274 3145 2433 3190 erunt
2457 3138 2775 3193 substantia:
2806 3155 2836 3193 a
2860 3155 2966 3209 qua
2987 3150 3165 3196 ortum
3203 3144 3473 3198 duxerunt
3502 3162 3516 3199 :

271 3232 407 3276 τινος
433 3214 770 3285 γεννώμενον
795 3216 1074 3285 ὁμοούσιὸν
1128 3219 1243 3271 ἐστι
1273 3220 1353 3290 τῷ
1378 3222 1715 3292 γεννήσαντι·
1751 3225 1844 3276 καὶ

1958 3227 2249 3296 opponitur
2285 3228 2428 3283 enim
2460 3231 2932 3297 consubstantiali,
2965 3233 3108 3302 quod
3139 3244 3222 3288 est
3247 3251 3312 3288 ex
3338 3235 3518 3290 diver-

273 3306 450 3361 οὐκέτι
483 3308 589 3385 χρὴ
617 3305 800 3378 ζητεῖν
821 3310 969 3378 τρεῖς
999 3309 1205 3374 οὐσίας,
1241 3311 1376 3365 ἀλλὰ
1441 3313 1598 3383 μόνον
1641 3313 1840 3382 ζητεῖν,

274 3399 317 3450 εἰ
337 3398 456 3450 τόδε
487 3397 686 3469 ἀληθὲς
708 3399 773 3452 ἐκ
800 3397 952 3450 τοῦδέ
983 3399 1118 3452 ἐστι.
1163 3400 1280 3454 Κᾶν
1302 3401 1410 3472 γὰρ
1441 3403 1620 3474 συμϐῇ
1654 3403 1727 3475 μὴ
1766 3401 1844 3457 εἷ-

275 3507 352 3541 ναι
379 3487 474 3540 δύο
498 3488 781 3555 ἀδελφοὺς,
813 3487 946 3540 ἀλλὰ
979 3489 1073 3541 καὶ
1108 3490 1265 3560 μόνον
1291 3490 1385 3544 ἕνα
1415 3491 1474 3555 ἐξ
1494 3492 1706 3564 ἐκείνης
1746 3494 1845 3560 τῆς

276 3579 455 3641 οὐσίας
502 3577 777 3646 γενέσθαι,
823 3578 884 3630 οὐ
917 3577 1006 3632 διὰ
1050 3579 1113 3632 τὺ
1141 3580 1218 3651 μὴ
1274 3577 1411 3634 εἶναι
1457 3582 1662 3654 ἕτερον,
1693 3583 1846 3636 ἀλλο-

275 3670 569 3740 τριοούσιος
768 3670 834 3723 ἂν
868 3670 1082 3742 λεχθείη
1140 3673 1169 3724 6
1213 3672 1511 3744 γεννηθείς·
1571 3674 1706 3728 ἀλλὰ
1751 3676 1845 3729 καὶ

281 3760 428 3828 μόνος
455 3759 552 3824 ὢν,
574 3759 660 3830 εἴη
695 3760 760 3814 ἂν
787 3762 880 3815 καὶ
911 3763 1073 3826 αὐτὸς
1095 3763 1376 3834 ὁμοούσιος
1398 3764 1476 3834 τῷ
1503 3766 1842 3835 γεννήσαντι.

293 3849 434 3902 Ἐπεὶ
452 3850 506 3901 τί
527 3849 594 3902 ἂν
617 3850 863 3918 εἴποιμεν
884 3851 1010 3923 περί
1043 3853 1140 3923 τῆς
1321 3854 1589 3926 θυγατρὸς
1611 3854 1704 3908 τοῦ
1747 3857 1843 3908 Ἰε.

282 3937 428 4004 φθάε,
451 3940 534 3991 ὅτι
572 3940 865 4009 μονογενὴς
890 3936 979 4010 ἦν’
1012 3961 1030 3990 ι
1052 3941 1153 3993 Καὶ
1177 3943 1276 3995 οὐκ
1299 3939 1390 4014 ἦν,
1416 3962 1435 3995 ι
1458 3944 1641 4014 φησὶν,
1674 3963 1692 3994 ι
1717 3943 1846 3997 ἄλλο

279 4027 453 4080 τέκνον
475 4025 646 4096 αὐτῷ,
676 4045 694 4078 ι
735 4028 830 4080 καὶ
861 4028 990 4096 περὶ
1033 4028 1126 4082 τοῦ
1171 4030 1290 4084 υἰοῦ
1325 4031 1519 4102 δὲτῆς
1557 4034 1754 4104 χήρας,
1787 4033 1848 4087 ὃν

278 4117 488 4188 ἤγειρεν
525 4121 591 4172 ἐκ
621 4119 830 4190 νεκρῶν
851 4121 878 4172 6
901 4119 1127 4190 Κύριος,
1159 4121 1240 4175 ὅτι
1266 4123 1362 4176 καὶ
1384 4125 1546 4186 αὐτὸς
1570 4125 1671 4178 οὐκ
1697 4121 1846 4194 εἶχεν

280 4207 515 4277 ἀδελφὸν,
543 4209 683 4262 ἀλλὰ
716 4209 1010 4280 μονογενὴς
1037 4206 1106 4281 ἦν
1129 4227 1144 4244 ο
1180 4208 1296 4283 ἄρα
1320 4214 1420 4267 οὐκ
1460 4210 1528 4285 ἦν
1558 4215 1842 4284 όμοούσιος

278 4297 490 4362 ἕκαστος
551 4299 737 4353 αὐτῶν
791 4299 869 4370 τῷ
931 4302 1284 4372 γεννήσαντι;
1341 4304 1436 4356 καὶ
1506 4303 1614 4374 μὴν
1669 4301 1846 4374 ἦσαν,

279 4389 428 4442 τέκνα
456 4389 566 4459 γὰρ
600 4385 742 4462 ἦσαν
761 4405 777 4420 ο
809 4391 901 4445 καὶ
946 4391 1106 4446 τοῦτο
1132 4393 1340 4449 τέκνων
1387 4394 1518 4448 ἰδιόν
1563 4395 1680 4446 ἐστι
1712 4394 1848 4464 πρὸς

282 4479 479 4543 γονέας.
522 4479 685 4535 Οὕτω
736 4481 956 4535 καὶτὸν
1003 4483 1097 4536 τοῦ
1146 4483 1284 4537 Θεοῦ
1331 4483 1461 4539 Υἰδν
1513 4485 1580 4537 ἐκ
1608 4484 1706 4553 τῆς
1757 4485 1850 4537 οὐ·

1959 3334 2020 3374 sa
2068 3320 2391 3375 substantia.
2426 3321 2583 3386 Quod
2628 3323 2672 3377 si
2719 3334 3009 3393 utrumque
3057 3327 3525 3382 eonsubstantiale

1957 3411 2030 3467 sit
2082 3412 2400 3468 substantiae
2433 3429 2462 3468 a
2510 3430 2614 3484 qua
2651 3423 2826 3468 ortum
2861 3417 3050 3477 duxit.
3100 3433 3226 3471 nam
3278 3419 3328 3472 id
3380 3428 3526 3474 certe

1958 3504 2101 3570 quod
2130 3518 2195 3556 ex
2231 3504 2338 3557 alio
2369 3504 2614 3559 nascitur
2639 3506 2687 3560 ei
2719 3507 2810 3575 qui
2840 3522 2899 3561 se
2937 3509 3124 3576 genuit
3155 3517 3238 3563 est
3285 3510 3524 3565 consub-

1958 3592 2240 3658 stantiale;
2271 3609 2376 3646 non
2402 3594 2537 3647 ultra
2565 3602 2690 3648 sunt
2713 3597 3016 3664 quaerendas
3040 3605 3149 3651 tres
3169 3598 3520 3651 substantiae:

1958 3679 2054 3734 sed
2094 3679 2146 3732 id
2173 3680 2347 3734 solum
2384 3681 2842 3751 investigandum,
2884 3700 3012 3738 num
3050 3686 3151 3739 hoc
3181 3702 3306 3740 vere
3335 3702 3398 3740 ex
3428 3688 3524 3740 illo

1957 3769 2048 3823 sit.
2083 3765 2215 3821 Nam
2257 3769 2358 3823 etsi
2389 3770 2666 3840 contingat
2699 3787 2804 3826 non
2841 3788 2961 3827 esse
2989 3775 3128 3828 duos
3158 3774 3354 3829 fratres
3378 3817 3393 3840 ,
3427 3776 3522 3830 sed

1958 3860 2178 3915 unicum
2206 3874 2272 3915 ex
2308 3860 2395 3914 illa
2429 3861 2729 3916 substantia
2762 3874 2940 3918 ortum
2978 3879 3098 3918 esse
3130 3883 3142 3918 :
3175 3879 3240 3917 eo
3267 3866 3412 3934 quod
3442 3865 3522 3918 al-

1957 3965 2038 4011 ter
2070 3967 2174 4005 non
2203 3951 2294 4014 sit,
2325 3965 2666 4020 nequaquam
2700 3954 2791 4020 qui
2824 3963 2982 4007 natus
3006 3963 3108 4012 est.
3143 3955 3369 4008 diversa:
3395 3957 3525 4008 sul)-

1954 4032 2168 4089 stantiae
2220 4031 2471 4095 dicatur;
2518 4029 2635 4092 sed,
2679 4029 2806 4084 licet
2878 4027 3026 4082 solus
3081 4025 3172 4093 sit,
3206 4026 3310 4080 erit
3357 4035 3532 4078 L'tllteﬂ

1956 4130 2012 4175 et
2041 4122 2156 4190 ipse
2188 4121 2236 4174 ei
2290 4120 2380 4190 qui
2433 4121 2492 4174 se
2532 4119 2720 4189 genuit
2763 4117 3265 4172 consubstantialis.
3319 4115 3535 4186 Alioqui

1949 4210 2076 4280 quid
2105 4211 2404 4264 dixerimus
2433 4209 2499 4263 de
2523 4207 2627 4261 tilia
2646 4204 2906 4275 lephthc,
2925 4221 3046 4274 qua:
3073 4203 3350 4274 unigenita
3383 4215 3532 4257 erat:

1955 4317 1972 4350 ι
2020 4301 2083 4354 Ει
2121 4316 2231 4354 non
2272 4300 2524 4364 habebat,
2562 4319 2580 4350 ι
2644 4298 2740 4363 ait,
2771 4315 2789 4348 ι
2829 4297 2965 4350 alios
3009 4295 3206 4350 liberos
3243 4295 3297 4360 ¹;
3334 4312 3351 4344 ι
3387 4304 3440 4347 et
3471 4295 3539 4349 de

1950 4389 2060 4444 lilio
2101 4391 2277 4444 viduae
2322 4405 2484 4459 quem
2524 4389 2784 4443 Dominus
2831 4403 2896 4441 ex
2953 4387 3184 4441 mortuis
3229 4384 3534 4449 suscitavit,

1947 4484 2040 4553 qui
2069 4493 2121 4538 et
2160 4483 2277 4552 ipse
2337 4482 2560 4537 fratrem
2605 4497 2715 4536 non
2773 4480 3027 4541 habebat,
3075 4478 3172 4532 sed
3223 4477 3537 4546 unigenitus

285 4565 391 4630 σίας
440 4569 690 4633 εἰπόντες
724 4572 774 4624 οἰ
803 4572 1088 4641 Πατέρες,
1143 4573 1370 4636 εἰκότως
1422 4573 1516 4626 καὶ
1564 4573 1845 4642 ὁμοούσιον

1954 4582 2062 4628 erat
2084 4575 2104 4605 ⁸
2134 4589 2148 4626 :
2181 4589 2249 4626 an
2289 4583 2520 4643 uterque
2567 4573 2615 4627 ei
2649 4572 2828 4648 quise
2863 4578 3128 4640 genuerat
3179 4570 3538 4623 consubstan-

283 4659 541 4727 εἰρήκασι.
593 4661 826 4715 Ἔπεται
877 4661 934 4714 δὲ
972 4662 1180 4723 τούτοις
1239 4662 1374 4733 μηδέ
1411 4662 1512 4731 τὴν
1558 4662 1735 4716 κτίσιν
1785 4663 1848 4715 ἐκ

281 4747 364 4800 τοῦ
395 4752 650 4820 μὴλδντος
705 4754 1009 4820 γεγονέναι.
1045 4754 1108 4810 0i.
1157 4755 1266 4823 γὰρ
1301 4754 1444 4808 κατὰ
1492 4753 1662 4818 πάθος
1719 4770 1848 4822 γεν-

283 4839 462 4905 νῶντες
489 4843 794 4913 ἄνθρωποι,
827 4844 988 4899 αὐτοὶ
1038 4846 1132 4900 καὶ
1161 4845 1259 4916 τὴν
1307 4846 1678 4916 ὑποκειμένην
1715 4845 1848 4914 ὕλην

279 4928 611 5000 ἐργάζονται,
639 4934 736 4988 καὶ
765 4934 940 4999 ἄλλως
966 4936 1066 4990 οὐκ
1087 4935 1154 4990 ἂν
1182 4935 1432 4992 δύναιντο
1465 4938 1643 4991 ποιεῖν
1669 4955 1682 4968 ·
1716 4939 1765 4988 εἰ
1791 4937 1847 4990 δέ

277 5020 331 5073 τὸ
361 5025 562 5090 κτίζειν
593 5026 696 5080 οὐκ
714 5026 1074 5098 ἀνθρωπίνως
1099 5028 1328 5098 νοοῦμεν
1350 5030 1445 5082 ἐπὶ
1473 5028 1634 5092 Θεοῦ,
1666 5029 1847 5099 πολλῷ

280 5114 467 5178 μᾶλλον
489 5117 610 5170 οὐδὲ
642 5117 703 5170 τὸ
735 5121 931 5189 γεννᾷν
961 5120 1322 5190 ἀνθρωπίνως
1354 5121 1554 5191 πρέπει
1581 5124 1722 5175 νοεῖν
1752 5122 1848 5176 ἐπὶ

277 5202 422 5270 Θεού,
458 5209 581 5262 οὐδὲ
630 5209 692 5262 τὸ
724 5211 1013 5278 ὀμοούσιον
1073 5213 1404 5283 σωματικῶς
1455 5213 1844 5284 ἐκλαμὸἀνειν,

281 5294 386 5348 ἀλλ’
415 5297 719 5369 ἀναχωρεῖν
747 5300 828 5353 δεῖ
876 5301 986 5354 ἀπὸ
1013 5301 1122 5354 τῶν
1179 5304 1447 5372 γενητῶν,
1503 5305 1600 5359 καὶ
1654 5305 1845 5357 ἀποτι-

280 5383 460 5453 etwa;
485 5393 635 5445 κάτω
688 5409 789 5445 που
820 5392 918 5454 τὰς
956 5394 1308 5465 ἀνθρωπίνας
1353 5395 1568 5459 εἰκόνας
1611 5395 1706 5448 καὶ
1741 5395 1847 5449 πά-

281 5491 367 5542 σας
404 5481 587 5546 ἁπλῶς
621 5483 720 5546 τὰς
750 5483 1053 5554 αἰσθήσεις,
1086 5486 1298 5542 ἀνιέναι
1350 5488 1443 5542 ἐπὶ
1476 5485 1568 5543 τὸν
1611 5487 1832 5557 Πατέρα

352 5681 369 5712 ³
397 5679 517 5736 Iud.
544 5700 614 5744 Si,
648 5685 728 5738 36.
825 5685 845 5716 ¹
874 5683 1007 5741 Luc.
1043 5701 1140 5752 Yll,
1172 5685 1256 5743 l2.

1946 4659 2090 4717 tialis
2145 4674 2254 4712 non
2289 4659 2448 4713 erat?
2482 4660 2648 4714 Erant
2698 4659 2880 4730 plane,
2933 4674 3058 4711 nam
3119 4657 3277 4712 liberi
3328 4663 3531 4709 erant:

1946 4741 2105 4818 idque
2134 4749 2415 4820 proprium
2448 4750 2639 4807 liberis
2673 4757 2758 4804 est
2798 4764 2928 4820 erga
2964 4758 3218 4818 parentes
3247 4761 3400 4800 suos.
3437 4743 3474 4799 S
3499 4760 3530 4800 c

1946 4856 2068 4896 cum
2098 4839 2283 4898 Patres
2313 4843 2402 4899 Dei
2451 4845 2646 4899 Filium
2683 4860 2746 4898 ex
2779 4842 2900 4913 ejus
2931 4843 3234 4896 substantia
3265 4840 3528 4903 dixerint,

1947 4935 2141 4988 merito
2190 4943 2246 4989 et
2301 4935 2817 4990 consubstantialem
2851 4935 3128 4989 dixerunt.
3167 4932 3305 4986 Hinc
3347 4940 3529 4984 autem

1945 5024 2228 5094 sequitur,
2291 5041 2469 5094 neque
2525 5036 2736 5080 creatas
2795 5041 2880 5080 res
2930 5041 2995 5079 cx
3057 5040 3164 5078 non
3229 5023 3529 5077 exsistente

1947 5117 2117 5172 factas
2168 5132 2310 5174 esse.
2373 5117 2634 5174 Homines
2705 5117 2851 5172 enim
2928 5117 3031 5186 ipsi
3080 5115 3172 5186 qui
3232 5130 3355 5168 cum
3404 5128 3529 5182 pas-

1945 5210 2098 5264 sione
2130 5209 2313 5277 aliqua
2363 5210 2612 5278 gignunt,
2645 5210 2697 5262 in
2750 5210 3070 5279 subjaccnte
3116 5207 3344 5261 materia
3393 5219 3528 5274 ope-

1947 5313 2162 5361 rantur,
2191 5313 2294 5353 nec
2328 5298 2486 5352 aliter
2512 5299 2807 5370 quidquam
2837 5299 3016 5355 facere
3047 5297 3342 5366 potuerint.
3370 5293 3526 5360 Quod

1946 5391 1991 5445 si
2035 5391 2256 5446 creandi
2297 5390 2518 5445 modum
2571 5391 2623 5444 in
2665 5389 2775 5445 Deo
2807 5405 2918 5444 non
2959 5392 3202 5458 humano
3251 5402 3404 5442 more
3445 5387 3527 5439 in-

1951 5483 2265 5554 telligimus,
2295 5481 2468 5537 multo
2508 5482 2690 5537 minus
2723 5481 2976 5552 gignendi
3028 5482 3082 5534 in
3131 5479 3250 5551 ipso
3314 5478 3522 5534 intelli-
