4094 6204
452 356 556 417 ιδτ

453 478 580 536 gere
604 461 842 518 humano
871 471 1019 512 more
1051 454 1335 509 debemus,
1365 457 1540 514 neque
1571 453 1836 509 corporeo
1867 433 2026 488 modo
2059 439 2100 492 Α

456 525 923 611 consubstantiale
970 545 1236 613 aetipcre.
1289 537 1395 592 Sed
1445 531 1810 590 recedendum
1870 525 2031 579 nobis

1692 315 2462 384 liUTllYll‘lll'llGABENl

3602 299 3710 361 488

2135 433 2208 502 μὴ
2238 428 2490 497 λάθωμεν
2527 420 2885 492 ἀφαιροῦντες
2918 418 3008 469 τὴν
3050 415 3178 468 Υἰδν
3202 414 3310 467 ἀπὸ
3340 412 3432 466 τοῦ
3471 412 3710 481 Πατρδς,

2139 525 2232 577 καὶ
2273 517 2652 590 προστιθέντες
2683 515 2794 575 τοῖς
2819 509 3010 564 ἑαυτοῦ
3047 509 3331 576 κτίσμασι.

457 655 544 702 est
570 660 599 699 a
628 644 792 698 rebus
843 638 1017 698 factis,
1055 597 1117 688 ac
1148 629 1410 700 depositis
1445 623 1697 680 humanis
1743 617 2093 686 imaginibus,
2148 612 2512 680 omnibusque
2551 605 2778 661 omnino
2823 600 3092 664 sensibus,
3143 599 3210 653 ad
3256 597 3476 653 Patrem
3516 609 3717 650 ascen-

459 744 611 803 dere,
644 755 712 793 ne
757 735 910 790 inscii
942 731 1137 784 Filium
1171 743 1200 780 a
1244 727 1403 780 Patre
1439 722 1768 778 auferamus,
1804 728 2040 785 eumque
2073 713 2233 767 rebus
2261 725 2291 762 a
2326 722 2385 761 se
2420 706 2616 758 creatis
2657 701 3034 772 adiungamus.

536 829 772 883 Rursum
821 825 866 881 si
921 822 1142 876 Patrem
1195 829 1252 874 et
1306 816 1501 871 Filium
1542 811 1885 867 conﬁtentes,
1931 807 2036 858 duo

461 913 767 983 principia,
823 921 917 964 aut
962 910 1101 963 duos
1167 906 1304 960 Deos
1359 903 1621 964 dicimus,
1679 897 2035 966 quemadmo-

455 1011 584 1062 dum
620 1004 861 1056 Marcion
898 1011 950 1055 et
982 999 1334 1060 Valentinus;
1367 1005 1458 1049 aut
1489 993 1708 1055 Filium,
1736 991 2028 1060 quemdam

459 1084 628 1154 alium
659 1094 960 1149 divinitatis
986 1091 1208 1146 modum
1239 1089 1457 1150 habere,
1502 1095 1556 1139 et
1603 1099 1711 1137 non
1743 1099 1863 1139 esse
1896 1084 2032 1139 ima-

463 1191 641 1259 ginem
673 1196 727 1239 et
766 1186 993 1253 ﬁguram
1023 1181 1225 1244 Patris,
1262 1178 1404 1247 quod
1432 1193 1498 1230 ex
1531 1177 1648 1245 ipso
1678 1175 1892 1245 genitus
1920 1175 1990 1228 sit
2020 1194 2032 1206 ο

465 1293 585 1334 esto
615 1276 934 1339 dissimilis;
967 1290 1088 1326 nam
1122 1273 1312 1326 aliena:
1343 1271 1482 1322 inter
1531 1284 1589 1321 se
1634 1282 1862 1336 prorsus
1911 1276 2035 1320 sunt

467 1369 771 1426 ietiusmodi
809 1364 1149 1420 substantiae.
1181 1361 1335 1426 Quod
1377 1359 1419 1413 si
1471 1372 1633 1410 unam
1691 1356 2036 1424 agnoscimus

464 1471 518 1515 et
546 1461 717 1515 solam
755 1457 932 1512 Patris
966 1454 1334 1518 divinitatem,
1383 1450 1656 1520 huiusque
1699 1447 1932 1502 Verbum
1983 1459 2035 1500 et

419 1536 422 1538 6
468 1551 799 1622 Sapientiam
829 1547 1027 1602 Filium
1070 1561 1212 1609 esse,
1241 1554 1294 1597 et
1325 1544 1426 1596 hoc
1450 1541 1752 1599 credentes,
1788 1538 1925 1591 duos
1952 1545 2035 1588 ta-

409 1650 411 1652 ’
465 1658 588 1695 men
628 1641 766 1695 Deos
799 1639 1023 1692 minime
1053 1635 1289 1688 dicimus
1315 1673 1329 1696 ,
1364 1632 1734 1698 unitatemque
1760 1627 1880 1681 Filii
1913 1643 2034 1682 cum

467 1731 628 1786 Patre
676 1749 781 1786 non
835 1730 1098 1784 doctrinae
1148 1724 1533 1786 similitudine,
1591 1722 1682 1776 sed
1735 1721 2033 1774 secundum

468 1821 852 1881 substantiam,
884 1826 936 1872 el
979 1832 1164 1871 revera
1207 1815 1505 1870 consistere
1541 1813 1804 1867 sentimus
1831 1850 1845 1873 ,
1876 1809 1949 1863 ita
1980 1817 2034 1861 ut

2165 1795 2294 1850 κατὰ
2316 1794 2415 1864 τὴν
2437 1793 2622 1846 οὐσίαν
2653 1791 2747 1844 καὶ
2801 1789 3027 1860 ἀληθείᾳ

467 1920 751 1981 propterea
780 1925 885 1962 non
916 1909 1053 1963 duos
1085 1907 1243 1969 Deos,
1277 1904 1371 1959 sed
1412 1919 1578 1957 unum
1609 1902 1877 1963 dicamus,
1917 1913 2040 1953 cum

469 2016 578 2054 una
620 2001 690 2054 sit
719 2000 928 2067 species
956 1995 1280 2058 divinitatis,
1333 2005 1391 2047 ut
1438 2003 1520 2048 est
1552 1993 1639 2046 lux
1672 2001 1725 2046 et
1759 1991 2041 2060 splendor;

469 2093 559 2145 illa
589 2091 731 2145 enim
769 2089 1092 2158 patriarcha:
1120 2085 1287 2140 Jacob
1312 2085 1426 2139 visa
1453 2093 1555 2148 est,
1591 2084 1773 2152 aitque
1805 2081 2046 2150 Scriptu-

470 2198 571 2236 ra:
615 2200 632 2232 ι
669 2179 832 2234 Ortus
870 2187 950 2232 est
977 2184 1157 2230 autem
1196 2175 1271 2228 illi
1313 2175 1434 2239 sol,
1467 2181 1755 2242 postquam
1796 2170 2046 2223 transivit

471 2273 680 2341 species
715 2270 807 2324 Dei
859 2271 895 2322 '.
928 2289 944 2319 ι
976 2267 1086 2321 Hoc
1113 2282 1235 2320 eum
1270 2266 1512 2318 viderent
1539 2263 1712 2317 sancti
1746 2262 2043 2333 prophetae,

471 2377 536 2416 ac
564 2361 924 2428 intelligerent
954 2357 1240 2424 cuiusnam
1289 2356 1360 2409 sit
1407 2355 1495 2408 ille
1528 2352 1700 2407 Filius
1739 2364 1792 2406 et
1842 2353 2043 2421 imago,

473 2452 685 2506 aiebant
714 2467 727 2502 :
753 2468 770 2497 ι
796 2447 1020 2500 Factum
1052 2456 1134 2499 est
1157 2445 1392 2498 Verbum
1414 2441 1625 2496 Domini
1656 2442 1722 2495 ad
1745 2455 1832 2494 me
1929 2442 1980 2502 ²,
2020 2457 2038 2489 ι

474 2554 708 2609 (umque
749 2537 960 2590 Patrem
999 2536 1051 2588 in
1084 2549 1147 2589 eo
1189 2535 1365 2587 visum
1399 2533 1804 2601 revelatumque
1847 2543 2047 2599 cogno-

473 2636 704 2689 scerent,
735 2628 957 2680 lidenter
985 2624 1267 2678 dicebant:
1294 2641 1312 2672 ι
1339 2623 1500 2676 Visus
1524 2630 1604 2675 est
1629 2623 1758 2674 mihi
1787 2621 1924 2673 Deus
1957 2634 2048 2688 pa-

477 2728 620 2773 trum
647 2726 986 2778 nostrornm,
1007 2713 1146 2767 Deus
1169 2712 1424 2773 Aliraam,
1443 2721 1497 2764 et
1522 2710 1668 2764 Isaac
1689 2718 1743 2764 et
1758 2708 1924 2763 Jacob
1961 2712 2003 2764 ³.
2022 2727 2039 2759 ι

475 2807 612 2861 Cum
646 2805 809 2873 igitur
841 2805 910 2856 ita
941 2817 997 2856 se
1026 2817 1111 2855 res
1138 2801 1351 2865 habeat,
1385 2816 1483 2854 cur
1512 2815 1633 2853 cum
1665 2799 1757 2868 qui
1791 2813 1937 2851 unus
1966 2806 2046 2850 est

475 2909 600 2948 cum
635 2891 813 2950 Patre.
848 2901 900 2944 et
935 2889 1059 2943 talis
1086 2898 1308 2957 apparet
1339 2888 1513 2956 qualis
1533 2895 1616 2941 est
1639 2886 1818 2951 Pater,
1851 2902 2042 2940 secun-

476 2985 605 3038 dum
641 2981 1050 3037 similitudinem
1090 2989 1251 3048 atque
1293 2995 1454 3032 unam
1499 2978 1860 3039 divinitatem,
1892 2991 2047 3030 vere-

479 3088 603 3128 mur
633 3071 816 3126 dicere
870 3066 1434 3123 coitsulvstantialem?
1469 3066 1524 3119 Si
1557 3067 1701 3119 enim
1731 3106 1744 3130 ,
1782 3067 2046 3135 quemad-

2217 801 2324 852 Καὶ
2378 798 2554 858 ἄλλως
2601 793 2680 856 δὲ,
2730 794 2779 844 εἰ
2833 793 2931 861 μὲν
2968 789 3183 853 Πατέρα
3221 792 3316 841 καὶ
3358 784 3485 838 Υιδν
3525 784 3722 854 ὁμολο-

2137 894 2382 963 γοῦντες,
2441 890 2533 943 δύο
2567 887 2733 964 ,τινὰς
2791 885 2981 956 ἀρχὰς,
3023 885 3058 955 ἢ
3091 884 3184 936 δύο
3215 882 3415 946 Θεοὺς,
3473 880 3728 950 καθάπερ

2139 984 2404 1054 Μαρκίων
2457 979 2550 1035 καὶ
2603 977 2969 1038 υύαλεντῖνος,
3013 975 3268 1045 λέγομεν,
3311 973 3342 1042 ἢ
3381 973 3568 1042 ἕτερόν
3598 989 3728 1026 τινα

2141 1075 2338 1145 τρόπον
2392 1071 2643 1140 θεότητος
2675 1068 2816 1138 ἔχειν
2861 1067 2950 1118 τὸν
2978 1067 3127 1128 Υἱδν,
3160 1065 3253 1116 καὶ
3304 1064 3378 1134 μὴ
3405 1064 3584 1116 εἰκόνα
3625 1063 3728 1114 καὶ

2143 1161 2467 1233 χαρακτῆρα
2491 1159 2582 1211 τοῦ
2620 1157 2830 1229 Πατρὸς
2852 1152 2989 1210 εἶναι
3027 1156 3118 1207 τὸν
3147 1153 3294 1216 Υίὸν,
3319 1153 3405 1205 διά
3436 1153 3495 1204 τὸ
3521 1153 3580 1216 ἐξ
3616 1153 3725 1204 αύ-

2142 1253 2234 1306 τοῦ
2266 1252 2584 1319 πεφυκέναι·
2614 1249 2752 1302 ἔστω
2785 1247 3054 1317 ἀνόμοιος·
3107 1245 3252 1309 ξέναι
3310 1243 3418 1313 γάρ
3450 1244 3553 1295 εἱσι
3587 1259 3730 1295 παν-

2143 1345 2378 1397 τάπασιν
2413 1341 2654 1412 ἀλλήλων
2680 1341 2732 1392 αἱ
2753 1338 2998 1391 τοιαῦται
3022 1337 3219 1389 οὐσίαι·
3257 1337 3305 1387 εἰ
3341 1335 3398 1387 δὲ
3431 1334 3556 1404 μίαν
3587 1333 3732 1386 οῖδα-

2152 1451 2248 1505 μεν
2287 1435 2382 1486 καὶ
2415 1433 2578 1502 μόνην
2613 1431 2840 1500 θεότητα
2885 1428 2983 1499 τὴν
3030 1425 3121 1481 τοῦ
3155 1425 3388 1493 Πατρδς,
3419 1424 3607 1476 τούτου
3667 1440 3731 1475 τε

2149 1525 2320 1592 Λόγον
2349 1525 2439 1576 καὶ
2473 1521 2672 1590 Σοφίαν
2707 1516 2844 1572 εἶναι
2869 1520 2960 1570 τὸν
2992 1517 3137 1580 Υἱὸν,
3168 1517 3260 1569 καὶ
3287 1515 3429 1568 οὕτω
3458 1513 3734 1565 πιστεύον-

2149 1629 2241 1676 τες
2269 1613 2328 1665 ού
2365 1612 2598 1681 λέγομεν
2621 1609 2714 1663 δύο
2745 1609 2942 1672 Θεοὺς,
2976 1607 3074 1676 τήν
3109 1623 3164 1657 τε
3197 1604 3426 1674 ἑνότητα
3468 1604 3559 1654 τοῦ
3597 1602 3734 1654 λ’ίοῦ

2151 1705 2286 1776 πρὸς
2333 1704 2425 1756 τὸν
2479 1702 2697 1773 Πατέρα
2747 1700 2842 1768 οὐχ
2875 1695 3132 1767 ὁμοιώσει
3166 1695 3532 1756 διδασκαλίας,
3594 1693 3734 1745 ἀλλὰ

3240 1785 3560 1856 φρονοῦμεν·
3590 1784 3734 1836 ὥστε

2152 1884 2238 1938 διὰ
2268 1882 2426 1936 τοῦτο
2459 1881 2532 1952 μὴ
2554 1881 2730 1948 λέγειν
2759 1879 2852 1933 δύο
2882 1880 3048 1940 Θεοὺς
3068 1917 3080 1941 ,
3136 1875 3248 1930 ἀλλ’
3277 1875 3372 1927 ἕνα
3401 1874 3552 1939 Θεὸν,
3614 1875 3739 1933 ἑνὸς

2154 1973 2304 2036 ὄντος
2328 1972 2499 2034 εἴδους
2521 1970 2790 2041 θεότητος,
2819 1971 2894 2032 ὡς
2928 1968 3043 2020 ἔστι
3093 1967 3153 2020 τὸ
3191 1965 3305 2036 (ιςῶς
3343 1966 3522 2019 καὶτὸ
3555 1964 3741 2017 ἀπαύ-

2155 2080 2378 2136 γασμαο
2408 2063 2564 2116 τοῦτο
2589 2063 2697 2132 γὰρ
2727 2061 2882 2132 ὤφθη
2914 2061 2990 2130 τῷ
3045 2060 3356 2130 πατριάρχῃ
3395 2057 3607 2122 Ἰακὼϐ,
3642 2058 3739 2110 καί

2158 2174 2320 2227 φησιν
2346 2157 2378 2224 ἡ
2407 2156 2618 2225 Γραςοή⁸
2656 2174 2673 2205 ι
2715 2153 2975 2206 Ἀνέτειλε
3002 2153 3058 2206 δὲ
3114 2151 3263 2221 αὐτῷ
3295 2153 3321 2203 6
3347 2150 3517 2219 ἥλιος,
3571 2150 3741 2220 ἡνίκα

2160 2246 2404 2318 παρῆλθε
2434 2247 2494 2299 τὸ
2548 2242 2688 2309 εἶδος
2734 2244 2824 2296 τοῦ
2858 2244 3045 2297 Θεοῦ·›
3088 2243 3180 2296 καὶ
3393 2241 3550 2294 τοῦτο
3597 2240 3738 2293 θεω-

2164 2337 2379 2408 ροῦντες
2400 2339 2448 2390 οἱ
2485 2337 2626 2404 ἆγιοι
2658 2335 2931 2406 προφῆται
2967 2334 3056 2387 καὶ
3085 2332 3350 2395 νοοῦντες,
3384 2331 3529 2393 τίνος
3584 2331 3738 2382 ἐστὶν

2160 2431 2286 2492 Υἱὸς
2338 2430 2431 2482 καὶ
2482 2427 2663 2490 εἰκὼν,
2721 2427 2924 2494 ἔλεγονο
2961 2444 2978 2474 ‹
3029 2425 3274 2491 Ἐγένετο
3334 2423 3502 2490 Λόγος
3529 2422 3738 2492 Κυρίου

2162 2520 2297 2591 πρὸς
2325 2518 2444 2590 μέ.»
2478 2516 2835 2579 Γινώσκοντες
2990 2515 3079 2566 τὸν
3109 2516 3164 2565 έν
3195 2511 3342 2581 αὐτῷ
3368 2510 3742 2581 θεωρούμενον

2163 2610 2256 2666 καὶ
2314 2609 2831 2679 ἀποκαλυπτόμενον
2904 2605 3153 2674 Πατέρα,
3223 2603 3484 2675 ἐθάρρουν
3540 2604 3738 2654 εἰπεῖν’

2169 2723 2188 2756 ι
2229 2703 2402 2772 Ὠφθη
2453 2719 2541 2772 μοι
2587 2703 2615 2755 ὁ
2664 2701 2795 2763 Θεὸς
2845 2699 2952 2752 τῶν
3007 2697 3255 2763 πατέρων
3304 2695 3482 2765 ἡμῶν,
3523 2696 3551 2746 ὁ
3603 2693 3745 2757 Θεὸς

2179 2794 2445 2866 Ἀϐραὰμ,
2474 2793 2566 2846 καὶ
2777 2791 2961 2844 Ἰσαὰκ
3015 2790 3107 2842 καὶ
3164 2785 3409 2840 Ἰακώϐ.»
3449 2787 3648 2838 Τούτου
3682 2785 3746 2837 δὲ

2165 2884 2335 2948 οὕτως
2363 2881 2650 2948 ὄντος,·διά
2683 2881 2735 2934 τί
2784 2882 2874 2933 τὸν
2925 2881 3019 2933 ’ένα
3051 2879 3182 2931 όντα
3237 2875 3372 2947 πρὸς
3397 2875 3489 2927 τὸν
3521 2874 3749 2944 Πατέρα

2169 2979 2264 3032 καὶ
2290 2979 2631 3050 φαινόμενον,
2691 2974 2765 3036 ὡς
2815 2972 2959 3024 ἔστιν
3003 2973 3031 3023 6
3069 2969 3258 3039 Πατὴρ
3295 3008 3310 3031 ,
3477 2965 3616 3018 κατά
3645 2965 3750 3034 τὴν

2169 3070 2457 3141 ὁμοιότητα
2513 3067 2605 3119 καὶ
2665 3066 2788 3136 μίαν
2838 3063 3081 3131 θεότητα,
3141 3055 3515 3127 εύλαὸούμεθα
3573 3057 3752 3108 εἰπεῖν

481 3161 704 3219 modum
739 3160 937 3229 sa‘pius
971 3160 1174 3212 dicttnn
1208 3169 1290 3212 est
1315 3197 1328 3218 ,
1365 3159 1566 3210 nullam
1595 3157 1756 3210 liabet
1790 3168 1846 3209 ut
1880 3155 2049 3208 Filius

2170 3159 2478 3231 ὁμοούσιον;
2503 3142 2565 3210 Εἶ
2593 3157 2689 3227 μὲν
2711 3155 2838 3226 γὰρ,
2872 3153 3060 3221 ὥσπερ
3095 3151 3305 3220 εἴρηται
3329 3147 3608 3208 πολλάκις,
3652 3146 3755 3198 ούκ

483 3251 868 3324 proprietatem
897 3250 1373 3304 similitudinemve
1401 3264 1523 3302 cum
1549 3258 1771 3318 paterna
1798 3249 2051 3302 substan-

483 3346 580 3406 tia.
616 3359 679 3398 ea
714 3356 844 3395 voce
875 3341 952 3394 uti
1003 3347 1148 3393 recte
1177 3353 1444 3391 veremur.
1479 3337 1574 3391 Sin
1620 3346 1798 3392 autem
1835 3338 1924 3393 ille
1967 3344 2053 3393 est

482 3427 658 3482 Patris
688 3425 904 3496 propria
933 3426 1014 3480 vis
1045 3423 1400 3478 illuminatrix
1434 3431 1488 3476 et
1518 3423 1771 3484 creatrix,
1805 3422 1923 3476 sine
1953 3435 2060 3489 qua

481 3534 580 3570 nec
610 3527 782 3581 creat,
815 3533 915 3572 nec
947 3516 1298 3588 cognoscitur
1331 3515 1538 3580 (omnia
1571 3515 1714 3568 enim
1748 3530 1845 3584 per
1880 3513 2058 3583 ipsum

481 3617 534 3659 ιιι
570 3608 621 3660 in
655 3608 773 3676 ipso
795 3608 1148 3676 consistunt),
1185 3623 1284 3662 cur
1313 3623 1428 3662 rem
1464 3605 1824 3675 intelligentes
1854 3643 1868 3665 ,
1903 3619 2060 3657 recu-

483 3715 671 3753 samus
699 3715 890 3755 vocem
927 3699 978 3754 id
1011 3700 1403 3770 signiﬁcantem
1436 3699 1720 3769 proferre?
1748 3698 1886 3764 Quid
1914 3697 2059 3751 enim

484 3799 570 3844 est
607 3789 854 3859 ejusdem
886 3800 1094 3845 natura:
1123 3806 1245 3846 esse
1283 3793 1440 3860 cujus
1469 3790 1646 3854 Pater,
1680 3791 1783 3844 nisi
1819 3806 1940 3844 esse
1986 3790 2063 3843 illi

488 3881 993 3936 consubstantiale?
1020 3879 1138 3936 Non
1161 3884 1303 3935 enim
1334 3883 1572 3936 alienum
1609 3881 1750 3936 Deus
1778 3882 1937 3934 veluti
1965 3881 2066 3934 mi-

489 3972 662 4027 nistro
718 3988 884 4042 egens
937 3971 1135 4027 Filium
1203 3976 1543 4043 assumpsit;
1619 3987 1798 4042 neque
1850 3972 2066 4042 opiﬁcia

490 4062 741 4118 Creatori
771 4073 902 4120 sunt
930 4065 1193 4134 dignitate
1227 4067 1400 4134 paria,
1438 4077 1496 4118 ut
1523 4065 1744 4135 perinde
1778 4064 1865 4117 illa
1905 4072 2067 4131 atque

489 4153 607 4222 ipse
636 4155 991 4221 honorentur,
1017 4165 1130 4222 aut,
1153 4168 1207 4210 ut.
1236 4159 1536 4226 putandum
1564 4156 1653 4221 sit,
1683 4172 1744 4210 ea
1773 4167 1824 4210 et
1857 4156 2067 4210 Patrem

493 4260 662 4298 unum
696 4261 835 4300 esse.
872 4248 1126 4317 Alioquin
1159 4251 1301 4303 ausit
1331 4251 1453 4318 qu's
1482 4251 1592 4303 hree
1615 4249 1872 4310 dividere.
1903 4264 1965 4302 ac.
1988 4248 2070 4301 di-

494 4350 616 4390 cere
643 4338 811 4392 solcm
855 4347 908 4393 ct
945 4341 1284 4410 splendorem
1322 4343 1429 4394 duo
1455 4356 1576 4394 esse
1613 4340 1841 4404 lumina,
1871 4349 1964 4393 aut
1989 4340 2071 4394 di-

493 4441 706 4482 versam
740 4429 979 4499 aliquam
1019 4433 1400 4490 sultstantiam,
1444 4443 1534 4486 aut
1566 4433 1908 4502 splendorem
1943 4432 2072 4487 solis

494 4518 746 4575 accidens
781 4536 924 4584 esse,
964 4533 1017 4576 et
1060 4539 1169 4578 non
1219 4525 1520 4592 simplicem
1571 4539 1632 4579 ac
1690 4540 1885 4594 pur-nm
1940 4525 2072 4580 solis

494 4621 745 4682 partum;
792 4615 862 4668 ita
911 4625 962 4669 ut
1014 4615 1122 4670 duo
1163 4618 1378 4682 quidem
1418 4618 1526 4674 sint
1575 4619 1653 4673 sol
1690 4631 1744 4672 ct
1795 4619 2069 4687 splendor,

496 4719 605 4760 una
652 4714 830 4761 tamen
871 4709 983 4771 lux,
1017 4724 1082 4762 eo
1109 4709 1251 4779 quo!
1304 4710 1393 4764 ille
1438 4727 1466 4764 a
1511 4711 1625 4765 sole
1675 4711 1902 4764 oriatur.
1935 4709 2074 4764 Cum

496 4795 813 4864 huiusmodi
842 4800 942 4860 sit,
973 4801 1082 4855 imo
1108 4803 1280 4871 magis
1311 4803 1692 4872 inseparabilis
1727 4814 1920 4858 natura
1953 4803 2073 4858 Filii

493 4904 526 4943 a
569 4887 751 4954 Patre,
799 4901 848 4946 et
893 4909 1015 4947 cum
1063 4894 1320 4949 divinitas
1351 4895 1488 4949 Filio
1520 4911 1627 4948 non
1658 4895 1950 4958 acciderit,
1984 4895 2075 4948 sed

497 4992 717 5053 paterna
748 4984 1004 5040 divinitas
1042 4986 1093 5040 in
1140 4987 1280 5041 Filio
1324 4988 1433 5047 sit;
1480 4987 1553 5040 ita
1602 4995 1659 5041 ttt
1695 4987 1786 5056 qui
1816 4987 1959 5039 videt
1994 4984 2080 5038 Fi-

496 5077 654 5137 lium,
691 5076 742 5129 in
774 5077 890 5145 ipso
917 5076 1130 5133 Patrem
1158 5080 1356 5141 vidi-at,
1385 5097 1482 5135 cur
1516 5081 1607 5149 qui
1636 5079 1945 5147 hujusmoli
1974 5089 2078 5140 est,

500 5182 609 5223 non
642 5167 857 5223 dicatur
889 5171 1414 5226 consulistantialis?

705 5340 799 5397 Sat
830 5342 1049 5411 quidem
1078 5344 1190 5397 haec
1222 5354 1390 5407 sunt,
1428 5363 1548 5415 qua:
1586 5347 1736 5400 vobis
1774 5347 2038 5400 suadraut
2065 5389 2079 5408 ,

505 5437 564 5482 ut
596 5445 700 5484 non
753 5433 1021 5487 accusctis
1046 5449 1140 5487 eos
1169 5435 1260 5503 qui
1306 5435 1490 5489 divere
1533 5435 1724 5491 Filium
1772 5455 1892 5489 esse
1937 5437 2081 5490 Patri

502 5523 1046 5579 mnsubsmntialem.
1080 5525 1332 5581 Attamen
1383 5526 1554 5596 ipsam
1605 5529 2084 5582 consulistautialis

2175 3249 2286 3318 ἔχει
2311 3247 2407 3316 τὴν
2442 3246 2680 3316 ἰδιότητα
2703 3245 2799 3315 τῆς
2833 3240 3102 3312 πατρικῆς
3147 3239 3354 3302 οὐσίας,
3382 3238 3501 3291 οὐδὲ
3523 3237 3620 3307 τὴν
3647 3237 3744 3306 ὲμ-

2176 3339 2398 3409 φέρειαν
2431 3336 2506 3398 ὡς
2554 3334 2704 3395 Υἱὸς,
2750 3331 2929 3394 καλῶς
2990 3326 3381 3397 εὑλαϐούμεθα·
3427 3325 3559 3379 εἰδὲ
3588 3324 3750 3377 τοῦτό

2167 3406 2285 3471 ἐστι
2313 3419 2373 3470 τὸ
2404 3417 2728 3487 φωτιστικὸν
2758 3416 2852 3470 καλ⁵
2903 3412 3294 3485 δημιουργικὸν
3334 3409 3398 3462 τὸ
3461 3406 3755 3460 ἱδιαίτατον

2166 3511 2257 3563 τοῦ
2285 3511 2515 3582 Πατρὸς,
2551 3503 2612 3561 οὗ
2640 3509 2767 3562 ἄνευ
2803 3507 2926 3560 οὕτε
2969 3505 3307 3576 δημιουργεῖ,
3339 3501 3462 3553 οὔτε
3485 3495 3758 3566 γινώσκε-

2167 3619 2255 3654 ται
2289 3601 2506 3671 (πάντα
2543 3599 2652 3671 γὰρ
2686 3602 2750 3652 δι’
2782 3597 2944 3651 αὐτοῦ
2995 3597 3088 3649 καὶ
3116 3599 3172 3648 ἐν
3199 3592 3351 3662 αὐτῷ
3385 3590 3706 3658 συνέστηκε)
3737 3602 3750 3613 ·

2168 3693 2255 3746 διὰ
2285 3693 2356 3754 τί,
2382 3693 2441 3744 τὸ
2467 3693 2698 3760 πρᾶγμα
2719 3688 2984 3750 νοοῦντες,
3027 3682 3440 3757 παραιτούμεθα
3471 3679 3568 3749 τὴν
3596 3676 3758 3730 τοῦτο

2173 3785 2542 3855 σημαίνουσαν
2602 3782 2746 3848 λέξιν
2802 3783 3011 3841 είπεῖν;
3075 3778 3140 3829 Τί
3167 3781 3274 3846 γὰρ
3313 3776 3430 3826 ἐστι
3481 3771 3542 3823 τὸ
3580 3768 3757 3830 οὕτως

2171 3875 2406 3945 ὀμοφυὲς
2435 3873 2513 3942 τῷ
2540 3871 2714 3942 Πατρὶ
2807 3867 3092 3940 ὁμοούσιον
3119 3863 3314 3928 αύτοῦς
3350 3862 3423 3916 Οὐ
3455 3862 3564 3930 γὰρ
3599 3857 3760 3911 ἀλλό-

2171 3984 2321 4038 τριον
2348 3966 2423 4028 ὡς
2449 3963 2724 4032 ὑπουργοῦ
2757 3962 3009 4031 δεόμενος
3043 3956 3411 4030 προσελάϐετο
3447 3955 3475 4006 6
3506 3952 3642 4012 Θεὸς
3665 3948 3760 4000 τὸν

2173 4059 2322 4120 Υίδυ,
2355 4056 2475 4109 ούδὲ
2508 4056 2574 4108 τὰ
2603 4057 2882 4125 ποιήματα
2911 4051 3089 4116 ἱσάξια
3129 4048 3220 4102 τοῦ
3273 4047 3574 4106 κτίσαντος,
3615 4042 3762 4093 ὣστε

2174 4149 2436 4220 τιμᾶσθαι
2464 4148 2636 4201 ταῦτα
2667 4149 2741 4209 ὡς
2772 4148 2996 4206 ἐκεῖνον,
3060 4144 3093 4213 ἢ
3153 4139 3414 4210 νομίζειν,
3462 4137 3543 4189 ὅτι
3589 4132 3764 4186 ταῦτα

2175 4239 2270 4290 καὶ
2297 4239 2323 4289 ὀ
2347 4237 2534 4308 Πατὴρ
2561 4237 2621 4288 έν
2652 4237 2808 4288 εἰσιν.
2844 4235 2912 4286 Ἢ
2941 4230 3266 4302 τολμησάτω
3297 4245 3381 4290 τις
3409 4225 3622 4281 διελεῖν.
3667 4223 3768 4274 καὶ

2176 4332 2369 4391 εἰπεῖν,
2401 4327 2494 4380 δύο
2527 4327 2682 4396 φῶτα.
2711 4323 2844 4378 εἶναι
2875 4324 2964 4376 τδν
2993 4322 3146 4392 ἥλιον
3174 4319 3266 4372 καὶ
3299 4319 3359 4372 τὸ
3391 4314 3764 4384 ἀπαύγασμα.

2182 4422 2210 4491 ἢ
2244 4423 2434 4492 ἑτέραν
2466 4419 2587 4472 τινὰ
2612 4415 2751 4470 εἶναι
2799 4416 3006 4479 οὐσίαν,
3036 4413 3070 4484 ἦ
3122 4412 3204 4464 ὅτι
3239 4406 3653 4478 ὲπισυμϐέὸηκε
3704 4404 3768 4456 τὸ

2180 4514 2537 4583 ἀπαύγασμα,
2567 4513 2659 4565 καὶ
2685 4512 2758 4582 μὴ
2793 4506 2997 4562 ἁπλοῦν
3038 4501 3175 4559 εἶναι
3218 4504 3312 4556 κει.)⁸
3367 4499 3606 4568 καθαρὸν
3639 4497 3768 4565 γέν-

2180 4623 2326 4675 νημα
2360 4607 2422 4657 ἐκ
2442 4603 2534 4657 τοῦ
2567 4603 2718 4674 ἡλίου
2767 4600 2945 4654 τοῦτο·
2993 4599 3133 4652 ὥστε
3162 4595 3253 4648 δύο
3309 4593 3405 4663 μὲν
3447 4587 3585 4644 εἶναι
3613 4590 3770 4658 ἥλιον

2181 4695 2275 4750 καὶ
2306 4693 2668 4764 ἀπαύγασμα,
2697 4692 2753 4744 ἓν
2779 4691 2836 4744 δὲ
2879 4691 2940 4742 τὸ
2976 4689 3110 4758 φῶς,
3178 4685 3267 4740 διὰ
3297 4685 3358 4738 τὸ
3386 4685 3448 4736 ὲκ
3486 4683 3583 4734 τοί.)
3613 4681 3769 4749 ἡλίου

2180 4787 2318 4843 εἶναι
2346 4784 2503 4840 τοῦτο
2533 4785 2798 4854 γέννημα.
2833 4781 3099 4850 Τοιαύτης
3135 4779 3192 4831 δὲ
3220 4775 3388 4847 οὔσης
3414 4775 3509 4826 καὶ
3569 4771 3771 4842 μᾶλλον

2179 4877 2483 4950 ἀδιαιρέτου
2515 4875 2615 4944 τῆς
2660 4874 2874 4941 φύσεως
2930 4870 3023 4924 τοῦ
3060 4868 3189 4922 Υίοῦ
3375 4863 3511 4936 πρὸς
3532 4862 3625 4915 τὸν
3660 4861 3770 4913 Πα-

2179 4974 2330 5045 τέρα,
2373 4971 2467 5023 καὶ
2504 4969 2602 5021 οὐκ
2626 4967 3008 5036 ἐπισυμὸἀσης
3059 4963 3157 5032 τῆς
3199 4959 3452 5027 θεότητΰς
3507 4954 3583 5023 τῷ
3631 4952 3766 5023 Υίᾴ

2182 5067 2315 5120 ἀλλά
2338 5065 2438 5133 τῆς
2469 5060 2744 5132 πατρικῆς
2770 5059 3020 5127 θεότητος
3055 5054 3219 5124 οὔσης
3271 5054 3326 5104 ὲν
3356 5048 3435 5118 τῷ
3460 5046 3596 5116 Υἱῷ,
3627 5045 3766 5097 ὥστε

2180 5159 2269 5209 τον
2293 5155 2573 5228 ἑωρακότα
2595 5154 2684 5203 τὸν
2708 5151 2833 5202 Υἱλν
2871 5150 3001 5220 ὁρᾷν
3035 5150 3091 5199 ὲν
3126 5144 3272 5214 αύτῷ
3300 5143 3390 5195 τὸν
3424 5133 3766 5208 Πατέρα,δι3ι

2183 5251 2232 5301 τί
2267 5251 2294 5300 ό
2321 5247 2557 5308 τοιοῦτος
2593 5244 2665 5315 μὴ
2690 5243 2752 5296 ἂν
2781 5242 2990 5308 λέγοιτο
3023 5238 3337 5307 ripa-06510;;

2382 5339 2537 5388 Ἐστι
2596 5335 2691 5405 μὲν
2893 5327 2984 5384 οὖν
3019 5327 3179 5382 ἱκανὰ
3240 5328 3334 5379 καὶ
3381 5323 3553 5378 ταῦτα
3585 5322 3764 5372 πεῖσαι

2187 5432 2348 5500 ὑμᾶς,
2389 5428 2462 5500 μὴ
2491 5428 2813 5496 κατηγορεῖν
2864 5423 2971 5475 τῶν
3007 5421 3326 5491 εἰρηκότων,
3359 5414 3642 5485 ὁμοούσιον
3697 5406 3770 5462 εἷ-

2186 5540 2271 5574 ναι
2304 5520 2395 5572 τὸν
2429 5519 2557 5571 Υἱδν
2591 5517 2670 5587 τῷ
2701 5516 2894 5586 Πατρί·
2931 5513 3024 5567 καὶ
3069 5511 3238 5582 αὐτὴν
3267 5510 3322 5563 δὲ
3349 5511 3497 5579 ὅμως
3527 5505 3625 5577 τὴν
3676 5499 3766 5555 ’τοό

586 5709 605 5738 ⁸
643 5706 781 5760 Gen.
809 5723 975 5774 xxxii,
1008 5712 1096 5764 5|.
1175 5716 1193 5743 '
1227 5715 1327 5766 lsa.
1363 5727 1582 5772 xxxviii,
1616 5711 1644 5760 ό
1673 5727 1686 5772 ;
1719 5708 1828 5763 Scr.
1862 5683 2066 5772 1,6,
2101 5705 2187 5771 ll,
2214 5714 2322 5760 etc.
2397 5705 2417 5736 ³
2455 5703 2623 5758 Exod.
2655 5717 2738 5766 ιιι,
2771 5701 2852 5756 l9.
