4094 6204
367 335 474 404 889

1321 352 1696 416 PANOPLIA
1746 355 2204 419 DOGMATICA.
2229 383 2300 398 -
2328 359 2483 422 Tl'l‘.
2527 361 2633 422 XI.

3509 373 3622 439 490

361 456 654 524 ὁμιοοοσίου
691 459 834 527 λέξιν
871 463 999 549 καθ’
1036 465 1622 541 ἑαυτὴνὲξετὰσωμεν,
1678 473 1766 527 ἵνα
1798 475 1941 541 γνῶ-

2046 489 2239 529 vocem
2298 478 2604 533 secundum
2659 493 2717 535 se
2763 479 3142 550 cxplanemus,
3198 495 3257 542 ut
3317 491 3619 557 comperia-

362 565 466 616 μιν
497 549 548 602 εί
597 550 707 623 χρὴ
745 535 926 622 λέγειν
981 556 1116 621 ὅλως
1157 535 1624 629 ὁμοούσιονξκαι
1670 564 1718 616 εί
1771 535 1938 636 κυρία

363 655 507 719 λέξις
535 655 673 722 ἐστὶ,
703 655 794 708 καὶ
830 653 1175 726 ἁρμοζόντως
1200 655 1346 710 ἐστὶν
1401 657 1542 727 αὐτη
1583 658 1673 712 ἐπὶ
1705 659 1832 713 Υἱοῦ
1875 658 1960 712 λε-

361 744 595 816 γομένη.
621 744 812 800 Οἴδατε
843 746 952 818 γὰρ
980 747 1073 800 καὶ
1099 748 1279 816 ὑμεῖς,
1333 745 1426 800 καὶ
1454 748 1560 800 οὐδ’
1587 750 1651 803 ἄν
1674 767 1757 813 τις
1783 751 1954 820 ἀμφι-

364 835 552 890 ϐάλλοι
590 877 607 904 ,
749 837 832 890 ὅτι
863 834 924 891 τὺ
952 837 1138 909 ὅμοιον
1169 837 1268 892 οὐκ
1302 839 1395 891 ἐπὶ
1446 839 1554 892 τῶν
1577 841 1794 902 οὐσιῶν,
1841 841 1956 896 ἀλλ’

363 929 457 983 ἐπὶ
488 929 786 1000 σχημάτων
809 927 902 983 καὶ
931 929 1230 1002 ποιοτήτων
1256 929 1476 1000 λέγεται
1496 932 1698 1001 ὅμοιονο
1732 932 1823 985 ἐπὶ
1849 931 1958 1004 γὰρ

360 1022 472 1074 τῶν
503 1021 701 1075 οὐσιῶν
735 1024 834 1092 οὐχ
864 1021 1138 1092 ὁμοιότης,
1162 1020 1298 1074 ἀλλὰ
1318 1022 1585 1093 ταυτότης
1616 1021 1682 1076 ἂν
1715 1022 1952 1095 λεχθεῖη.

365 1111 689 1183 Ἀνθρωπος
722 1109 853 1179 γοῦν
877 1110 1150 1184 ἀνθρώπῳ
1189 1113 1372 1183 ὅμοιος
1410 1113 1646 1181 λέγεται.
1697 1115 1756 1166 οὐ
1814 1114 1958 1168 κατὰ

360 1201 460 1273 τὴν
488 1202 698 1266 οὐσίαν,
741 1200 880 1256 ἀλλὰ
932 1200 1076 1255 κατὰ
1114 1202 1172 1255 τὸ
1201 1202 1386 1274 σχῆμα
1427 1203 1520 1256 καὶ
1571 1202 1662 1256 τὸν
1859 1221 1956 1274 χα-

361 1293 724 1366 ρακτῆρα-τῇ
756 1294 864 1366 γὰρ
916 1293 1075 1364 οὐσίᾳ
1129 1295 1388 1364 ὁμοφυεῖς
1449 1296 1576 1351 εἰσι.
1632 1294 1740 1348 Καὶ
1791 1295 1955 1351 πάλιν

359 1385 648 1456 ἄνθρωπος
681 1387 804 1438 κυνὶ
841 1385 941 1438 οὐκ
976 1385 1238 1456 ἀνόμοιος
1421 1385 1658 1456 λέγεται,
1694 1385 1808 1441 ἀλλ’
1840 1389 1958 1440 ἐτε-

362 1478 571 1548 ροφυής
591 1492 605 1505 ⁶
635 1475 832 1530 οὐκοῦν
858 1475 918 1529 τὸ
956 1476 1055 1546 μὲν
1077 1477 1316 1547 όμοφυὲς
1343 1477 1435 1530 καὶ
1461 1476 1767 1548 ὁμοούσιον,
1804 1477 1867 1530 τὸ
1895 1476 1954 1530 δὲ

358 1568 651 1640 ἑτεροφυὲς
669 1569 762 1621 καὶ
783 1566 1140 1639 ἕτεροούσιον.
1160 1568 1250 1622 Διό
1273 1570 1366 1622 κα.)⁸
1388 1571 1416 1622 ὁ
1434 1568 1608 1638 λέγων
1634 1569 1816 1640 ὅμοιον
1833 1571 1953 1624 κατ’

353 1662 550 1715 οὐσίαν
581 1663 646 1714 ὲκ
679 1663 970 1732 μετουσίας
998 1662 1157 1714 τοῦτο
1175 1660 1320 1730 λέγει
1337 1661 1542 1732 ὅμοιον.
1559 1661 1633 1715 Τὸ
1647 1661 1754 1732 γὰρ
1770 1663 1957 1733 ὅμοιον

357 1755 584 1824 ποιότης
617 1754 784 1818 ἐστὶν,
815 1753 936 1823 ἥτις
965 1755 1028 1823 τῇ
1060 1751 1218 1823 οὐσίᾳ.
1250 1752 1588 1824 προσγένοιτ’
1607 1752 1692 1808 ἄν.
1711 1751 1884 1806 Τοῦτο
1897 1753 1953 1806 δὲ

2044 582 2168 623 mus
2206 577 2389 625 utrum
2417 571 2532 627 haec
2563 587 2699 640 vox,
2734 575 3242 649 consubstantialis,
3304 584 3621 652 usurpanda

2037 656 2138 718 sit,
2173 664 2227 712 et
2270 658 2315 713 si
2353 662 2572 731 propria
2615 664 2686 719 sit
2724 666 2909 733 dictio,
2947 681 3110 741 atque
3155 687 3516 742 congruenter
3555 681 3621 736 de

2035 744 2179 839 Filio
2202 747 2438 806 dicatur.
2467 751 2603 808 Nam
2631 757 2735 827 ipsi
2765 762 2919 816 scitis
2941 802 2958 828 ,
2997 773 3052 818 et
3086 781 3246 820 nemo
3268 768 3619 839 dubitaverit,

2036 835 2215 892 simile
2236 853 2345 892 non
2371 840 2438 895 de
2460 843 2803 914 substantiis,
2831 851 2924 906 sed
2952 853 3017 908 de
3046 852 3235 921 ﬁguris
3261 865 3315 911 et
3341 835 3621 928 qualitati;

2036 939 2140 981 nus
2171 927 2298 983 dici.
2331 928 2406 985 De
2434 933 2758 993 substantiis
2787 941 2956 1005 enim,
3001 959 3108 998 non
3150 927 3472 1015 similitudo,
3519 951 3618 1006 sed

2036 1017 2290 1076 identitas
2337 1022 2444 1080 dici
2487 1025 2665 1082 debet.
2714 1027 2890 1087 Homo
2932 1033 3095 1102 igitur
3138 1035 3380 1094 hominis
3421 1041 3618 1097 similis

2035 1111 2260 1180 dicitur,
2293 1131 2402 1171 non
2433 1122 2734 1178 secundum
2769 1126 3154 1193 substantiam,
3190 1133 3285 1188 sed
3315 1137 3614 1194 secundum

2035 1201 2281 1259 habitum
2319 1216 2372 1262 et
2419 1207 2647 1279 ﬁguram
2690 1228 2703 1265 :
2756 1217 2900 1284 quod
2951 1219 3018 1272 ad
3072 1221 3432 1280 substantiam
3467 1228 3617 1283 enim

2031 1291 2276 1359 ejusdem
2311 1305 2520 1354 naturae
2568 1312 2716 1356 sunt.
2763 1303 3004 1362 Rursum
3038 1308 3202 1366 homo
3245 1313 3366 1367 cani
3407 1331 3616 1386 uequa~

2033 1397 2196 1452 quam
2229 1385 2517 1442 dissimilis
2558 1391 2780 1458 dicitur,
2811 1394 2905 1448 sed
2947 1396 3175 1454 diversa:
3207 1412 3415 1458 natura:
3443 1425 3456 1458 :
3487 1385 3618 1474 ergo

2035 1474 2181 1541 quod
2234 1474 2475 1543 ejusdem
2523 1491 2734 1536 natura:
2793 1493 2896 1550 est,
2941 1487 3104 1541 etiam
3150 1490 3618 1550 consubstantiale

2034 1573 2153 1630 est;
2196 1577 2248 1621 et
2284 1569 2427 1637 quod
2468 1571 2699 1627 diversa:
2743 1586 2972 1639 natura,
3015 1578 3244 1636 diversae
3283 1583 3446 1638 etiam
3486 1587 3617 1641 sub-

2031 1657 2267 1713 stantia}.
2317 1658 2660 1730 Quapropter
2708 1666 2801 1733 qui
2859 1667 2994 1722 dicit
3033 1670 3271 1726 similem
3315 1677 3616 1732 secundum

2033 1747 2427 1813 snbstautiam.
2479 1767 2543 1806 ex
2582 1753 3003 1824 participatione
3043 1759 3277 1816 similem
3325 1763 3502 1819 dicit:
3540 1767 3618 1822 si—

353 1844 466 1897 τῶν
497 1842 818 1914 ποιημάτων
866 1842 996 1896 ἴδιον
1045 1842 1110 1896 ἂν
1141 1841 1246 1913 εἴη’
1278 1841 1447 1895 ταῦτα
1475 1841 1583 1913 γὰρ
1608 1842 1671 1894 ὲκ
1722 1842 1946 1913 μετοχῆς

2035 1840 2282 1896 milituilo
2309 1844 2452 1896 enim
2478 1855 2560 1899 est
2581 1846 2838 1915 qualitas,
2870 1863 2992 1918 quae
3016 1852 3337 1910 substantia:
3367 1856 3618 1913 accidere

350 1934 640 2006 ὁμοιοῦται
661 1934 737 2006 τῷ
759 1933 900 2005 Θεῷ.
942 1955 958 1986 ι
1005 1935 1171 1988 Ὅταν
1200 1953 1218 1985 ι
1248 1933 1377 2005 γὰρ,
1412 1935 1566 2005 φησι,
1591 1952 1609 1986 t
1641 1932 1950 2006 φανερωθῇ,

352 2028 535 2098 ὅμοιοι
564 2025 714 2097 αὐτῷ
755 2025 1047 2098 ἐσόμεθα·›
1082 2025 1258 2097 ὅμοιοι
1298 2024 1540 2097 δηλονότι
1593 2023 1654 2078 οὐ
1675 2027 1743 2097 τῇ
1773 2015 1951 2097 οὐσίᾳ,

353 2119 498 2174 ἀλλὰ
553 2121 618 2191 τῇ
652 2118 880 2190 υξότητι,
936 2115 1004 2191 ἧς
1059 2118 1546 2190 μεταλαμϐάνομεν
1604 2119 1736 2190 παρ’
1765 2117 1950 2173 αὐτοῦ.

351 2208 417 2264 Ei
449 2210 555 2281 μὲν
581 2205 674 2264 οὗν
724 2211 819 2264 καὶ
867 2210 960 2263 τὸν
992 2209 1120 2263 Υἱὸν
1174 2212 1241 2264 ἐκ
1276 2209 1566 2280 μετουσίας
1621 2208 1832 2278 λέγετε,
1866 2209 1955 2264 λε-

353 2297 544 2366 γέσθω
575 2297 673 2369 μὲν
721 2300 850 2370 παρ’
906 2299 1058 2368 ὑμῶν
1106 2298 1462 2370 ὁμοιοούσιος.
1700 2299 1815 2354 Οὐκ
1836 2299 1950 2353 ἔστι

355 2389 550 2457 μέντοι
605 2387 897 2460 λεγόμενος
953 2387 1126 2453 οὕτως
1169 2389 1417 2462 ἀλήθεια,
1472 2391 1592 2445 οὐδὲ
1644 2391 1780 2454 ὅλως
1814 2390 1948 2460 φῶς,

350 2480 477 2534 οὐδὲ
511 2481 669 2551 φύσει
701 2483 850 2546 Θεὸς.
891 2480 972 2536 Τὰ
998 2481 1105 2553 γὰρ
1152 2483 1216 2536 ὲκ
1251 2483 1541 2553 μετουσίας
1567 2483 1668 2536 οὐκ
1700 2482 1947 2555 ἀληθείᾳ,

349 2573 471 2628 ἀλλ’
499 2573 753 2644 ὁμοιώσει
781 2573 881 2646 τ’ἧς
906 2575 1167 2646 ἀληθείας
1202 2574 1422 2644 λέγεται
1460 2577 1643 2648 ὃμοια,
1680 2575 1821 2630 ὥστε
1855 2577 1950 2630 καὶ

351 2668 740 2738 μεταπίπτειν,
771 2667 865 2722 καὶ
894 2666 1243 2739 ἀφαιρεῖσθαι
1273 2668 1526 2722 δύνασθαι
1549 2667 1658 2722 ἀπὸ
1685 2667 1794 2720 τῶν
1820 2685 1948 2738 μετ-

344 2759 589 2830 εχόντων
635 2760 734 2832 τὴν
777 2759 1098 2832 μετάληψιν.
1130 2759 1302 2815 Τοῦτο
1352 2759 1410 2813 δὲ
1458 2760 1620 2814 πάλιν
1655 2759 1784 2814 ἴδιον
1837 2758 1947 2813 τῶν

346 2850 674 2923 κτισμάτων
703 2852 800 2904 καὶ
857 2851 1175 2923 ποιημάτων
1229 2851 1396 2906 ἐστίν.
1455 2849 1666 2905 Οὐκοῦν
1708 2851 1757 2903 εί
1789 2849 1947 2904 τοῦτο

346 2943 576 3005 ἄτοπον,
608 2944 707 2998 οὐκ
738 2943 804 2997 ἂν
860 2943 944 3013 εἴη
996 2945 1060 2997 ὲκ
1123 2942 1433 3013 μετουσίας,
1472 2941 1609 2996 ἀλλὰ
1659 2940 1820 3012 φύσει
1851 2941 1945 2996 καὶ

345 3027 583 3099 ἀληθεία
606 3029 752 3093 Υίδς,
783 3031 918 3101 φῶς,
953 3030 1134 3099 σοφία,
1177 3029 1328 3092 Θεὸς.
1365 3028 1528 3081 Φύσει
1561 3027 1620 3082 δὲ
1652 3021 1726 3080 ὢν
1751 3025 1845 3081 καὶ
1877 3027 1936 3078 οὐ
1986 3066 1989 3069 .

351 3122 580 3192 μετοχῇ,
608 3112 707 3174 οὐκ
733 3120 797 3175 ἂν
831 3122 1030 3192 κυρίως
1056 3121 1271 3192 λεχθείη
1303 3119 1636 3191 ὁμοιοούσιος
1671 3157 1690 3187 ,
1822 3117 1936 3172 ἀλλ’

2033 1943 2234 1996 potest.
2292 1934 2408 1992 Hoc
2455 1947 2636 1994 autem
2694 1942 2930 2012 opiﬁciis
2973 1945 3254 2014 proprium
3305 1945 3504 2013 fuerit;
3549 1963 3615 2004 ea

2030 2025 2176 2080 enim
2209 2041 2273 2081 ex
2305 2028 2725 2099 participatione
2755 2031 2865 2088 Deo
2893 2034 3094 2089 similia
3125 2034 3452 2093 elﬁciuntur.
3477 2036 3613 2092 Nam

2034 2136 2053 2170 ι
2092 2133 2244 2182 cum,
2276 2138 2295 2172 ι
2323 2121 2418 2187 ait,
2444 2140 2463 2172 ι
2494 2124 2810 2192 apparuerit
2837 2125 2950 2190 ille,
2989 2125 3197 2182 similes
3221 2127 3270 2181 ei
3299 2127 3507 2183 erimus
3535 2131 3610 2193 ’,ο

2029 2205 2236 2261 similes
2281 2207 2491 2264 scilicet
2529 2225 2636 2264 non
2693 2212 3021 2280 substantia,
3055 2215 3152 2271 sed
3197 2215 3436 2271 ﬁliorum
3481 2220 3616 2273 ado-

2029 2297 2234 2366 ptione,
2263 2315 2426 2370 quam
2456 2316 2550 2371 per
2585 2317 2711 2356 eum
2748 2305 3160 2374 participaiuus.
3211 2303 3269 2361 Si
3301 2307 3466 2378 igitur
3488 2324 3617 2364 eum

2027 2403 2095 2443 ex
2145 2390 2561 2460 participatione
2601 2392 2797 2449 FJium
2851 2396 3064 2464 dicitis,
3108 2397 3324 2454 dicatur
3371 2415 3404 2454 a
3458 2400 3614 2456 vobis

2029 2483 2339 2538 substantia
2375 2484 2572 2541 similis
2601 2503 2616 2538 :
2651 2489 2742 2542 sed
2783 2488 2829 2544 si
2870 2489 2941 2544 ita
2976 2490 3299 2560 appelletur,
3337 2507 3437 2548 nec
3469 2493 3614 2548 veri‘

2029 2585 2135 2640 tas,
2188 2592 2287 2631 nec
2337 2578 2520 2632 lumen
2567 2579 2862 2647 ullatenus,
2910 2596 3012 2636 nec
3064 2593 3254 2638 natura
3304 2582 3448 2640 Deus
3486 2586 3612 2639 erit.

2027 2665 2163 2720 Nam
2193 2665 2316 2737 quae
2360 2685 2423 2722 ex
2468 2670 2886 2740 participatione
2913 2682 3064 2740 sunt,
3095 2683 3202 2728 non
3239 2689 3386 2739 vere,
3411 2675 3508 2730 sed
3538 2675 3615 2730 si-

2028 2759 2340 2816 militudine
2373 2761 2622 2817 veritatis
2666 2763 2865 2818 similia
2899 2764 3200 2834 dicantur;
3242 2767 3314 2821 ita
3363 2775 3424 2822 ut
3467 2769 3616 2837 quod

2027 2851 2407 2921 participatur,
2438 2869 2469 2908 a
2501 2855 2956 2924 participantibus
2983 2857 3232 2914 decidere
3254 2871 3312 2914 et
3345 2859 3460 2929 tolli
3486 2874 3616 2930 pos-

2029 2943 2142 2998 sit:
2171 2942 2276 2999 hoc
2320 2953 2502 2998 autem
2547 2946 2748 3000 creatis
2784 2948 2947 3003 rebus
2994 2959 3161 3018 atque
3200 2950 3436 3020 opiﬁciis
3491 2966 3618 3021 pro-

2042 3029 2218 3098 prium
2239 3037 2340 3082 est.
2376 3027 2560 3097 Itaque
2581 3029 2626 3083 si
2657 3029 2957 3084 absurdum
2985 3030 3116 3085 illud
3139 3041 3242 3097 est,
3269 3045 3618 3100 nequaquam

2038 3117 2145 3171 erit
2189 3131 2253 3170 ex
2297 3116 2736 3196 participatione,
2793 3117 2887 3172 sed
2933 3132 2998 3173 ex
3034 3126 3228 3196 natura
3273 3126 3328 3172 et
3369 3118 3610 3184 veritate,

347 3188 660 3282 όμοούσιος.
685 3215 749 3267 Ὀ
780 3213 836 3268 δὲ
866 3188 1000 3283 μηδὲ
1027 3188 1308 3268 manus
1332 3188 1396 3268 άν
1422 3230 1506 3276 τις
1538 3212 1702 3265 εἴποι·
1723 3209 1938 3281 ἐδείχθη

2041 3206 2230 3273 Filius,
2291 3207 2497 3270 lumrn,
2544 3193 2831 3278 sapientia,
2885 3207 3028 3264 Dens
3059 3188 3229 3263 {cum
3285 3217 3467 3264 autem
3525 3225 3618 3265 na-

347 3304 460 3375 γάρ
494 3303 556 3356 τὸ
579 3305 762 3374 ὅμοιον
825 3304 904 3375 μὴ
955 3305 1048 3357 ἐπὶ
1087 3304 1195 3358 τῶν
1244 3303 1443 3357 οὐσιῶν
1476 3302 1784 3373 λεγόμενονο
1823 3299 1940 3363 πῶς

2040 3308 2162 3352 tura
2198 3298 2322 3354 talis
2359 3299 2428 3354 sit
2460 3308 2510 3354 et
2554 3315 2662 3354 non
2715 3299 3154 3371 participatione,
3183 3315 3459 3368 nunquam
3490 3315 3619 3370 pro.

348 3395 451 3448 οὐκ
476 3395 703 3466 ἀνόητον
739 3397 858 3467 μὲν,
895 3397 927 3467 ἢ
979 3397 1118 3466 τάχα
1145 3396 1239 3450 καὶ
1269 3395 1506 3468 χαλεπὸν
1549 3395 1708 3448 τοῦτο
1733 3392 1938 3464 προφέ-

2041 3388 2156 3459 prie
2201 3388 2502 3444 substantia
2545 3389 2741 3445 similis
2796 3390 2900 3444 dici
2948 3391 3206 3458 potuerit,
3243 3389 3339 3446 sed
3379 3389 3620 3446 consub-

349 3505 470 3560 ρειν
497 3489 590 3542 ἐπὶ
625 3487 774 3551 Υίοῦ,
807 3487 900 3542 καὶ⁸
928 3488 1002 3559 μὴ
1029 3487 1228 3559 μᾶλλον
1249 3488 1310 3540 τὸ
1337 3487 1620 3559 όμοούσιον
1644 3502 1657 3550 ;

2041 3479 2336 3535 stantialis.
2365 3478 2519 3545 Quod
2560 3491 2741 3534 autem
2794 3479 2862 3535 de
2907 3481 3030 3534 aliis
3077 3495 3238 3536 nemo
3281 3477 3481 3537 dixerit
3505 3482 3624 3552 (de-

349 3588 714 3635 monstratum
747 3590 828 3636 est
866 3582 1011 3636 enim
1044 3620 1060 3646 ,
1101 3580 1280 3635 simile
1328 3582 1394 3634 de
1441 3577 1763 3634 substantiis
1812 3589 1922 3628 non
1994 3570 2347 3642 praedicari),
2400 3573 2514 3644 qui,
2569 3589 2795 3642 quisse,
2850 3587 2957 3627 non
3009 3574 3235 3628 stultum
3292 3571 3498 3642 fuerit,
3564 3585 3624 3631 et

349 3672 587 3728 iortasse
647 3673 813 3728 etiam
888 3673 1271 3744 gravissimum
1350 3673 1404 3727 id
1485 3675 1552 3728 de
1629 3671 1768 3725 Filio
1826 3665 2108 3739 proferre,
2165 3675 2221 3719 et
2280 3682 2386 3721 non
2429 3668 2610 3736 potius
2657 3684 2779 3720 eum
2864 3669 3382 3736 consubstantialem
3434 3668 3622 3738 appel—

347 3765 431 3820 hr
481 3765 506 3818 ἳ
1849 3819 1856 3825 κ

433 3782 465 3822 e
541 3858 639 3913 Διὰ
685 3858 844 3912 τοῦτο
877 3837 1004 3928 ’γὰρ
1039 3860 1131 3912 καὶ
1184 3862 1218 3930 ἡ
1254 3862 1310 3912 ὲν
1341 3858 1550 3928 Νικαίᾳ
1598 3841 1814 3921 σύνοδος
1837 3872 1936 3907 κα-

2097 3856 2143 3901 ⁴ης
2265 3849 2475 3906 Idcirco
2524 3848 2692 3918 probe
2751 3845 2967 3901 Nicazna
3022 3846 3263 3917 synodus
3308 3845 3358 3900 id
3404 3838 3624 3917 scripsit

344 3948 455 4011 λεῶς
491 3936 750 4019 ἔγραψεν,
781 3949 918 4021 ὅπερ
957 3949 1196 4021 ἔπρεπεν
1226 3950 1422 4012 εἰπεῖν,
1453 3947 1712 4018 γεννητὸν
1736 3945 1801 3998 ὲκ
1839 3948 1938 4017 τῆς

345 4041 534 4104 οὐσίας
567 4040 658 4094 τοῦ
685 4042 898 4113 Πατρὸς
940 4041 1031 4095 τὸν
1081 4041 1206 4095 Υίδν
1255 4042 1553 4113 ὁμοούσιον.
1760 4035 1941 4092 Ταῦτα

347 4133 444 4186 καὶ
475 4135 637 4202 ἡμεῖς
662 4131 943 4203 μαθόντες,
999 4132 1074 4204 μὴ
1120 4133 1537 4204 σκιαμαχῶμεν,
1571 4133 1664 4186 καὶ
1704 4129 1936 4201 μάλιστα

343 4221 729 4290 γινώσκοντες,
756 4223 910 4276 ὅτιοί
945 4224 1038 4276 καὶ
1097 4221 1271 4288 ταῦτα
1326 4222 1670 4294 γράψαντες,
1721 4221 1819 4290 οὐχ
1862 4218 1937 4282 ὡς

345 4313 821 4385 τοαρεξηγούμενοι
846 4315 945 4386 τὴν
968 4314 1244 4385 ἀλήθειαν,
1299 4314 1412 4366 ἀλλ’
1443 4312 1785 4374 ἐκδικοῦντες
1836 4308 1936 4380 μὲν

342 4404 442 4475 τὴν
470 4403 731 4475 ἀλήθειαν
759 4405 854 4458 καὶ
879 4406 978 4477 τὴν
1004 4407 1083 4469 είς
1130 4405 1367 4477 Χριστὸν
1399 4405 1700 4468 εὐσέϐειαν,
1747 4401 1938 4456 καθαι-

901 4497 913 4515 9
943 4497 993 4517 ῃ)
1011 4497 1097 4517 --9
1120 4496 1224 4517 -..νη
1253 4497 1267 4517 9

343 4496 572 4564 ροῦντες
597 4495 652 4547 δὲ
679 4494 776 4560 τὰς
796 4497 913 4548 κατ’
933 4497 1099 4550 αὐτοῦ
1117 4496 1225 4551 τῶν
1253 4493 1671 4568 ’Δρειομανιτῶν
1695 4492 1940 4564 βλασφη-

2042 3941 2190 4017 quod
2233 3949 2662 3997 consentaneum
2697 3947 2852 4004 erat,
2901 3937 3099 3992 Filium
3145 3952 3339 4007 nempe
3378 3953 3444 3993 ex
3491 3938 3623 3994 sub-

2044 4034 2243 4092 stantia
2291 4031 2470 4088 Patris
2534 4030 2829 4102 genitum,
2887 4045 3010 4086 esse
3074 4029 3618 4086 consubstantialem.

2045 4126 2172 4182 Haec
2197 4124 2387 4180 eadem
2422 4138 2521 4178 nos
2553 4137 2678 4176 cum
2713 4120 3089 4186 didicerimus,
3137 4135 3204 4177 ne
3245 4136 3368 4176 cum
3414 4120 3623 4178 umbris

2037 4230 2378 4289 pugnemus:
2405 4215 2558 4284 gnari
2589 4213 2829 4268 maxime
2858 4227 2974 4280 eos,
3002 4212 3095 4283 qui
3123 4213 3237 4267 haec
3262 4211 3622 4282 scripserunt.

2043 4325 2149 4363 non
2200 4307 2382 4362 studio
2427 4317 2592 4374 prave
2636 4301 2942 4372 explicandi
3001 4300 3304 4364 veritatem,
3350 4300 3446 4356 sed
3501 4315 3623 4356 eam

2044 4419 2153 4459 una
2185 4415 2310 4456 cum
2357 4399 2555 4469 pietate
2596 4397 2651 4451 in
2682 4395 2963 4451 Christum
3010 4394 3316 4457 asserendi,
3361 4405 3414 4468 et
3461 4394 3620 4450 Ario-

2045 4489 2375 4552 manitarum
2417 4487 2785 4558 blasphemias
2817 4485 3152 4551 damnandi,
3191 4485 3272 4540 sic
3308 4484 3466 4542 ﬁdem
3495 4500 3623 4557 pro-

344 4588 501 4658 μίας,
524 4585 700 4652 οὕτως
727 4588 1082 4661 ὡμολόγησαν
1114 4589 1214 4660 τὴν
1267 4567 1472 4643 πίστιν.
1524 4586 1794 4641 Σκεπτέον
1825 4585 1935 4657 γὰρ

2041 4582 2314 4652 mulgasse
2344 4596 2522 4637 suam.
2559 4578 3034 4634 Considerandum
3060 4579 3208 4633 enim
3235 4586 3349 4644 est,
3377 4589 3433 4633 et
3464 4593 3624 4633 aecu-

343 4678 442 4733 καὶ
493 4680 854 4753 κατανοητέον
908 4680 1173 4753 ἀκριϐῶς,
1231 4681 1314 4736 ὅτι
1345 4680 1595 4750 λέγοντες
1660 4680 1757 4750 μὲν
1809 4679 1936 4732 ἀνο-

343 4772 653 4844 ιιοιοούσιον
837 4772 934 4825 καὶ
970 4772 1332 4844 ἑτεροούσιον,
1373 4773 1434 4825 οὐ
1465 4771 1804 4842 σημαίνομεν
1845 4769 1936 4824 τὸν

342 4863 597 4937 ἀληθινὸν
640 4863 792 4929 Υἱδν,
834 4864 948 4918 ἀλλ’
997 4861 1056 4916 ἓν
1085 4881 1137 4917 τι
1170 4863 1279 4917 τῶν
1323 4863 1645 4935 ποιημάτων
1709 4862 1803 4916 xui.
1845 4860 1938 4914 τὸν

341 4959 656 5029 εἰσποιητὸν
683 4958 778 5012 καὶ
823 4958 970 5011 θέσει
999 4957 1127 5011 Υίὸν
1169 4994 1188 5022 ,
1330 4957 1468 5028 ὅπερ
1497 4960 1611 5020 τοῖς
1645 4957 1939 5028 αἱρετικοίς

340 5050 507 5105 δοκεῖ’
536 5050 784 5120 λέγοντες
809 5043 866 5102 δὲ
897 5048 974 5119 μὴ
1026 5048 1320 5120 ἐριστικῶς
1353 5049 1413 5101 τὸ
1468 5047 1777 5120 ὁμοούσιον,
1811 5047 1938 5100 Υίδν

344 5144 688 5215 σημαίνομεν
708 5144 930 5213 γνήσιον
961 5145 1026 5196 ὲκ
1058 5142 1154 5196 τοῦ
1216 5141 1432 5213 Πατρὸς
1479 5140 1763 5210 πεφυκότα
1787 5180 1802 5204 ,
1837 5138 1940 5192 κᾶν

342 5238 402 5290 ὲν
432 5235 606 5307 τούτῳ
638 5235 1107 5308 διαῤῥηγνύωνται
1156 5233 1419 5297 πολλάκις
1463 5234 1513 5286 οἱ
1540 5231 1936 5304 Χριστομάχοι.

342 5327 531 5381 Ταῦτα
585 5328 704 5397 μὲν,
761 5328 907 5399 ἆπερ
964 5327 1136 5395 ἔγνων
1189 5324 1320 5394 ἐγὼ,
1387 5325 1481 5378 καὶ
1542 5323 1938 5394 διαλεγομένων

343 5419 556 5490 ἤκουσα
591 5418 887 5488 φρονίμων,
921 5419 988 5470 δι’
1011 5418 1208 5486 ὀλίγων
1233 5416 1506 5487 γέγραφα’
1541 5416 1699 5486 ὑμεῖς
1731 5415 1809 5482 δὲ,
1837 5413 1936 5486 μέ-

341 5529 530 5576 νοντες
586 5513 678 5564 ἐπὶ
731 5513 823 5565 τὸν
877 5511 1125 5582 θεμέλιον
1166 5509 1276 5563 τῶν
1310 5508 1646 5571 ἀποστόλων,
1696 5508 1792 5561 καὶ
1838 5507 1938 5571 τὰς

343 5604 676 5671 παραδόσεις
699 5604 806 5658 τῶν
835 5603 1091 5675 Πατέρων
1240 5601 1579 5672 κατέχοντες,
1603 5599 1828 5670 εὔχεσθε
1853 5599 1941 5658 ἵνα

421 5771 436 5800 ¹
478 5769 638 5824 Joan.
683 5785 762 5830 ut,
791 5770 847 5822 2.

671 5866 940 5926 Panos.
987 5865 1102 5926 Gn.
1142 5863 1400 5927 CXXX.

2037 4683 2154 4731 rate
2195 4672 2744 4728 animadvertendum
2773 4712 2792 4737 ,
2857 4686 2984 4726 cum
3031 4687 3157 4726 eum
3197 4670 3432 4726 dicimus
3493 4670 3622 4724 sub-

2033 4768 2234 4824 stantia
2291 4765 2656 4828 dissimilcm,
2716 4775 2772 4818 et
2831 4764 3063 4818 diversae
3117 4762 3470 4827 substantiae,
3521 4775 3622 4815 nos

2036 4857 2461 4928 haudquaquam
2505 4871 2693 4911 verum
2737 4853 2936 4910 Filium
2965 4854 3295 4925 signiﬁcare,
3324 4851 3425 4908 sed
3450 4867 3619 4908 unum

2035 4966 2104 5007 ex
2134 4950 2391 5021 opiﬁciis,
2431 4957 2486 5004 et
2524 4948 2754 5004 ascitum
2793 4947 3196 5017 adoptioueque
3222 4942 3448 5008 Filium,
3473 4941 3622 5016 quod

2039 5043 2280 5098 haeretici
2321 5042 2563 5098 sentiunt
2593 5060 2606 5095 :
2638 5056 2802 5111 quem
2847 5040 2894 5096 si
2933 5039 3184 5095 dicamus
3238 5038 3358 5097 sine
3403 5045 3624 5093 centeno

2039 5133 2186 5187 tione
2217 5133 2762 5198 consubstantialem,
2794 5145 2980 5185 verum
3010 5129 3386 5199 signiﬁcamus
3422 5123 3621 5180 Filiqu

2038 5240 2108 5280 ex
2156 5224 2320 5280 Patre
2366 5233 2556 5280 natum
2612 5243 2624 5278 :
2669 5223 2885 5280 etiamsi
2932 5225 3036 5279 hac
3084 5220 3155 5277 de
3200 5235 3368 5276 causa
3417 5219 3625 5289 pluries

2037 5317 2450 5388 disrumpantur
2499 5317 2706 5373 Christi
2757 5317 2962 5372 hostes.
3018 5313 3144 5371 Haec
3185 5314 3446 5385 quidem,
3503 5327 3626 5385 qua:

2038 5419 2166 5466 nota
2200 5409 2356 5475 mihi,
2385 5420 2438 5464 et
2463 5425 2529 5467 ex
2558 5407 2909 5482 prudentium
2939 5405 3411 5478 disputationibus.
3436 5404 3625 5476 explo-

2037 5512 2157 5561 rata
2181 5511 2359 5570 erant,
2387 5503 2578 5573 paucis
2604 5502 2822 5573 scripsi.
2853 5499 2964 5558 Vos
2989 5508 3173 5554 autem
3204 5507 3488 5555 manentes
3524 5512 3622 5556 su-

2038 5611 2136 5667 per
2178 5593 2596 5652 l'undameutum
2635 5592 3050 5664 apostolorum,
3078 5589 3415 5660 Patrumquc
3456 5587 3626 5646 tradi-

3191 5857 3262 5915 l6
