4094 6204
376 286 478 349 497

1336 298 1706 358 PANOPLIA
1754 300 2209 365 DOGMATICA.
2258 334 2327 347 —
2364 309 2509 369 TlT.
2552 309 2658 369 XL

3520 311 3627 376 493

374 400 691 469 λεγομένων
718 402 1010 469 σημασίαν,
1044 406 1136 457 καὶ
1163 406 1190 457 6
1215 406 1281 459 τὰ
1309 406 1624 477 ἀνθρώπινα
1654 407 1745 461 τοῦ
1773 410 1941 475 Λόγου

2055 412 2391 471 humanitate
2422 418 2540 486 ejus
2573 418 2912 472 divinitatem
2943 434 3049 472 non
3079 418 3310 490 ignoret,
3350 429 3404 475 et
3438 419 3529 490 qui
3558 422 3624 475 de

375 492 627 563 γράφων,
657 489 765 546 οἵδε
791 494 884 547 καὶ
915 495 981 547 τὰ
1013 499 1137 567 περὶ
1166 498 1265 566 τῆς
1301 499 1550 567 θεότητος
1577 498 1763 553 αὐτοῦ.
1808 498 1863 553 Ὀ
1894 499 1949 552 δὲ

375 586 504 653 περὶ
542 587 641 655 τῆς
687 584 939 657 θεότητος
976 588 1336 657 ἐξηγούμενος
1372 589 1470 641 οὐκ
1504 590 1688 656 ἀγνοεῖ
1716 590 1800 652 {ra
1838 586 1949 641 ἴδια

373 680 474 747 τῆς
523 677 789 747 ἐνσάρκου
858 681 1158 747 παρουσίας
1197 680 1396 743 αὐτοῦ,
1445 680 1560 732 ἀλλ’
1606 682 1833 732 ’ἑκαστον
1875 680 1950 741 ὡς

376 770 705 840 ἐπιστήμων
740 771 835 822 καὶ
874 770 1094 837 δόκιμος
1124 771 1458 841 τραπεζίτης
1488 771 1780 840 διακρίνων
1801 810 1814 833 ,
1851 770 1948 841 τὴν

374 860 658 915 εὐσέϐειαν
694 862 1157 932 βαδιεῖται.“οταν
1183 863 1312 931 γοῦν
1332 864 1492 916 αὐτὸν
1517 864 1773 919 κλαίοντα
1792 865 1945 938 λέγῃ,

371 946 537 1014 οἶδεν,
563 952 646 1004 ὅτι
674 953 963 1021 ἄνθρωπος
983 954 1276 1022 γενόμενος
1305 957 1331 1006 6
1362 954 1586 1024 Κύριος,
1621 954 1859 1008 δείκνυσι
1888 956 1949 1011 τὸ

376 1041 474 1110 μὲν
510 1042 720 1096 κλαίειν
748 1042 1060 1112 ἀνθρώπου,
1097 1044 1304 1113 ἐγείρει
1334 1044 1390 1096 δὲ
1421 1044 1671 1113 Λάζαρον
1694 1045 1767 1107 ὡς
1794 1045 1943 1109 Θεός.

375 1133 485 1184 Καὶ
525 1132 801 1187 πεινῶντα
852 1134 970 1203 μὲν,
1016 1133 1112 1188 καὶ
1148 1133 1389 1203 διψῶντα
1441 1132 1551 1189 οἶδε
1600 1138 1945 1205 σωματικῶς,

376 1222 573 1285 θεῖκῶς
602 1224 659 1276 δὲ
694 1224 1027 1293 χορτάςοντα
1057 1226 1167 1279 ἀπὸ
1197 1226 1356 1280 πέντε
1385 1228 1569 1297 ἄρτων
1599 1245 1943 1299 πεντακισχι-

371 1315 539 1377 λίους.
571 1315 684 1368 Καὶ
714 1316 965 1385 κείμενον
996 1317 1094 1385 μὶν
1120 1313 1261 1371 οἶδεν
1293 1320 1350 1372 ἐν
1386 1320 1659 1389 μνημείῳ,
1687 1319 1760 1382 ὡς
1789 1320 1945 1389 σῶμα

371 1406 733 1473 ἀνθρώπινον,
766 1407 1115 1478 ἐγειρόμενον
1143 1408 1199 1461 δέ
1229 1409 1303 1473 ὡς
1333 1408 1468 1461 Θεοῦ
1502 1410 1663 1477 σῶμα
1691 1411 1821 1480 παρ’
1850 1412 1943 1465 αὖ·

240 1516 261 1519 -
368 1496 464 1549 τοῦ
501 1497 596 1552 τοῦ
622 1500 817 1566 Λόγου,
850 1491 909 1552 οὗ
941 1502 1037 1555 καὶ
1064 1501 1289 1570 γέγονεν
1322 1501 1480 1573 σάρξ.

450 1589 512 1642 ’0
540 1591 638 1660 μὲν
666 1592 909 1659 γεωργὸς
942 1592 1091 1657 ξένος
1122 1594 1236 1647 ἐστὶ
1264 1596 1384 1648 κατ’
1412 1595 1600 1649 οὐσίαν
1631 1597 1728 1668 τῆς
1764 1595 1943 1662 ἀμπέ-

367 1679 484 1742 λου,
536 1682 606 1733 τὰ
657 1681 712 1733 δὲ
764 1681 1018 1750 κλήματα
1068 1683 1328 1753 ὁμοοόσια
1373 1688 1467 1740 καὶ
1518 1687 1793 1756 συγγενῆ,
1845 1687 1940 1741 καὶ

365 1771 652 1840 ἀδιαίρετα
696 1771 795 1838 τῆς
817 1773 1060 1841 ἀμπέλου
1091 1776 1442 1845 τυγχάνουσι,
1475 1777 1569 1830 καὶ
1604 1779 1734 1846 μίαν
1760 1779 1940 1847 ἔχουσι

367 1866 466 1915 καὶ
491 1863 590 1931 τὴν
616 1863 786 1932 αὐτὴν
818 1864 1032 1932 γένεσιν
1058 1865 1197 1920 αὐτὰ
1224 1882 1281 1919 τε
1311 1867 1405 1921 καὶ
1432 1869 1464 1937 ἡ
1495 1868 1753 1939 ἄμπελος.
1774 1859 1943 1922 ’Ἔστι

366 1956 448 2019 δὲ,
500 1955 577 2016 ὠς
627 1951 780 2007 εἶπεν
825 1961 853 2009 6
902 1954 1123 2026 Κύριος,
1170 1956 1333 2021 αὐτὸς
1388 1960 1421 2030 ἡ
1465 1960 1726 2028 ἄμπελος,
1783 1962 1944 2029 ἡμεῖς

366 2045 439 2096 τὰ
473 2045 749 2115 κλήματα.
774 2046 836 2099 Et
865 2047 963 2117 μὲν
989 2047 1081 2101 οὖν
1109 2048 1395 2119 ὁμοούσιος
1423 2052 1553 2119 ἡμῖν
1576 2054 1725 2104 ἐστιν
1747 2054 1774 2103 6
1797 2052 1940 2116 Υἱὸς,

366 2140 464 2191 καὶ
508 2138 607 2207 τὴν
639 2139 809 2208 αὐτὴν
861 2140 991 2208 ἡμῖν
1022 2140 1131 2209 ἔχει
1180 2140 1412 2207 γένεσιν,
1445 2141 1587 2194 (orm
1615 2142 1756 2197 κατά
1787 2143 1944 2195 τοῦτο

362 2228 463 2280 καὶ
490 2229 519 2280 6
549 2228 673 2289 Υίὸς
700 2227 978 2297 ἀλλότριος
1009 2227 1127 2280 κατ’
1152 2227 1338 2281 οὐσίαν
1363 2227 1458 2280 τοῦ
1490 2230 1724 2299 Πατρὶς,
1756 2230 1945 2300 ὥσπερ

365 2323 464 2371 καὶ
519 2321 554 2389 ἡ
609 2320 852 2389 ἄμπελος
903 2320 997 2373 τοῦ
1054 2321 1336 2390 γεωργοῦο
1392 2323 1440 2376 εί
1496 2321 1553 2374 δὲ
1614 2322 1744 2375 ἄλλο
1796 2323 1943 2376 ἐστὶν

365 2414 395 2464 6
432 2411 563 2473 ru,-
594 2412 720 2481 παρ’
750 2413 778 2464 ὃ
808 2415 976 2479 ἐσμεν
1010 2415 1189 2481 ἡμεῖς,
1222 2414 1474 2476 κάκεῖνος
1507 2413 1608 2480 μὲν
1637 2414 1811 2479 Λόγος
1846 2414 1943 2468 τοῦ

368 2505 619 2573 Πατρὺς,
656 2506 815 2573 ἡμεῖς
845 2504 903 2558 δὲ
928 2506 991 2557 ἐκ
1023 2506 1125 2575 γῆς
1151 2504 1478 2574 γεγόναμεν,
1512 2506 1609 2559 καὶ
1638 2507 1734 2559 τοῦ
1773 2505 1944 2575 Ἀδάμ

364 2598 537 2664 ἐσμεν
570 2598 798 2665 ἔκγονοι,
835 2600 934 2651 οὐκ
957 2598 1158 2665 ὀφείλει
1189 2599 1250 2650 τδ
1284 2599 1445 2670 ῥητὸν
1480 2601 1561 2662 εἰς
1590 2598 1689 2669 τὴν
1712 2599 1942 2670 θεότητα

365 2688 740 2758 ἀναφέρεσθαι
770 2688 861 2742 τοῦ
906 2688 1166 2759 Χριστοῦ,
1206 2690 1341 2743 ἀλλὰ
1389 2689 1573 2743 λοιπὸν
1606 2690 1686 2752 είς
1724 2690 1822 2761 τὴν
1852 2692 1944 2743 ἀν·-

365 2780 651 2850 θρωπίνην
684 2779 850 2833 αὐτοῦ
885 2784 1211 2849 παρουσίαν.
1263 2780 1417 2835 Ἐπεὶ
1451 2783 1542 2834 καὶ
1580 2780 1758 2844 οὕτως
1792 2782 1944 2853 εἴρη-

364 2892 465 2927 κεν
486 2874 514 2925 6
538 2874 727 2943 Σωτήρ
750 2890 762 2903 ·
799 2873 948 2941 Ἐγὼ
965 2873 1004 2941 ἡ
1031 2874 1319 2943 ἄμπελος,
1350 2872 1519 2941 ἡμεῖς
1544 2876 1615 2928 τὰ
1646 2874 1941 2942 κλήματα,

2055 506 2155 559 hac
2181 507 2441 575 disputat,
2462 523 2522 563 ea
2540 498 2659 579 quie
2678 509 2848 579 ipsius
2872 510 2923 564 in
2940 525 3101 566 carne
3120 509 3388 565 adventus
3405 510 3623 580 propria

2052 609 2200 660 sunt,
2238 602 2391 661 sciat,
2427 609 2481 653 et
2508 601 2560 653 in
2594 612 2823 669 utroque
2866 611 3119 671 tanquam
3151 601 3361 672 peritus
3413 612 3466 655 et
3494 616 3619 670 pro-

2053 688 2210 741 batus
2245 690 2437 758 aliquis
2496 691 2890 744 nummularius
2919 691 3127 759 judicio
3158 707 3257 746 suo
3306 706 3622 761 germanam

2052 780 2307 849 pietatem
2370 782 2614 850 explorat
2657 793 2711 837 et
2762 786 3025 855 agnoscit.
3066 786 3247 849 Quare
3290 798 3420 838 cum
3469 783 3620 837 illum

2053 871 2275 925 ﬂentem
2302 872 2545 947 adducit,
2611 874 2762 927 novit
2790 890 2913 930 cum
2968 884 3026 930 ut
3069 875 3342 930 hominem
3374 874 3523 937 ﬂere,
3565 883 3627 928 ut

2052 962 2218 1015 Deum
2271 973 2451 1039 tamen
2489 981 2745 1020 revocare
2799 965 3063 1021 Lazarum
3126 967 3390 1023 invitam.
3448 965 3621 1032 Quem

2050 1042 2383 1110 humanitate
2403 1056 2615 1111 esurire
2641 1058 2901 1127 sitireque
2940 1059 3341 1122 animadvertit,
3366 1060 3620 1113 eumdem

2050 1146 2341 1202 divinitate
2371 1149 2517 1203 videt
2544 1152 2783 1220 quinque
2816 1151 3047 1220 panibus
3066 1151 3307 1219 quinque
3332 1150 3623 1204 hominum

2049 1239 2213 1293 millia
2241 1255 2506 1295 saturare.
2558 1241 2712 1307 Quod
2780 1243 2835 1296 in
2865 1252 3217 1297 monumento
3273 1243 3505 1312 positum
3556 1253 3619 1295 ut

2045 1346 2243 1399 corpus
2298 1333 2596 1387 humanum
2662 1333 2879 1403 aspicit,
2922 1333 2975 1388 id
3029 1342 3089 1387 ut
3135 1332 3228 1387 Dei
3286 1348 3484 1401 corpus
3542 1332 3624 1385 in-

2048 1423 2238 1493 telligit
2270 1424 2565 1479 excitatum
2593 1423 2661 1478 ab
2686 1422 2805 1494 ipso
2847 1419 3044 1489 Verbo,
3069 1423 3227 1493 cujus
3251 1433 3337 1478 est
3361 1424 3450 1476 illa
3470 1438 3619 1477 caro.

2116 1608 2362 1677 Agricola
2395 1606 2614 1677 quidem
2647 1621 2676 1661 a
2702 1606 2809 1662 vite
2829 1606 3080 1663 diversus
3108 1617 3192 1664 est
3215 1609 3484 1673 essentia;
3509 1609 3624 1679 pals

2051 1698 2211 1752 mites
2261 1707 2441 1752 autem
2466 1698 2654 1753 eadem
2704 1699 2941 1753 essentia
2986 1714 3109 1753 cum
3170 1699 3281 1754 vite
3341 1693 3619 1769 conjuncti

2048 1800 2192 1854 sunt,
2209 1800 2264 1844 et
2293 1790 2360 1843 ab
2394 1804 2456 1844 ea
2485 1790 2727 1859 separari
2748 1804 2856 1842 non
2884 1800 3131 1858 possunt,
3164 1800 3220 1845 et
3244 1792 3494 1846 eumdem
3520 1794 3623 1847 ha-

2043 1880 2171 1933 bent
2199 1890 2377 1934 ortum
2409 1894 2530 1933 cum
2563 1880 2677 1948 ipsa
2715 1879 2845 1934 vite.
2876 1878 3155 1943 Dominus,
3190 1888 3248 1935 ut
3271 1892 3499 1950 ipsemet
3521 1885 3617 1946 ait,

2044 1968 2171 2023 vitis
2201 1978 2302 2033 est,
2365 1975 2708 2024 nostautem
2756 1969 3028 2038 palmites,
3071 1971 3114 2023 si
3173 1971 3337 2039 igitur
3374 1972 3620 2040 ejusdem

2042 2059 2293 2114 essentia;
2321 2059 2602 2113 nobiscum
2640 2069 2721 2113 est
2748 2057 2934 2122 Filius,
2962 2069 3015 2114 et
3051 2060 3304 2114 eumdem
3336 2062 3625 2115 nobiscum

2044 2159 2224 2203 ortum
2250 2150 2440 2213 habet;
2483 2152 2554 2205 sit
2618 2151 2688 2205 ob
2719 2151 2774 2205 id
2815 2152 2979 2206 etiam
3051 2150 3219 2206 Filius
3267 2152 3335 2206 ab
3387 2155 3619 2207 essentia

2045 2241 2224 2294 Patris
2250 2242 2484 2303 alienus,
2520 2250 2580 2296 ut
2628 2242 2756 2297 vitis
2807 2243 2875 2297 ab
2916 2243 3171 2314 agricola.
3224 2243 3317 2297 Sin
3360 2244 3507 2298 aliud
3538 2255 3621 2297 est

2044 2331 2234 2392 Filius,
2304 2348 2466 2401 quam
2541 2349 2639 2389 nos
2712 2350 2922 2399 sumus,
3001 2343 3166 2404 atque
3230 2334 3321 2390 ille
3397 2320 3617 2405 quidem

2044 2423 2279 2478 Verbum
2330 2433 2414 2478 est
2457 2422 2656 2489 Patris,
2705 2440 2804 2479 nos
2842 2436 3023 2479 autem
3071 2435 3131 2479 ut
3198 2424 3292 2479 ﬁlii
3376 2426 3543 2479 Adam
3588 2441 3619 2478 e

2044 2524 2194 2569 terra
2218 2516 2342 2570 facti
2373 2530 2583 2582 sumus,
2652 2518 2856 2571 dictum
2892 2517 3024 2570 illud
3092 2518 3158 2571 ad
3206 2516 3410 2571 Christi
3483 2518 3619 2571 divi-

2044 2609 2269 2662 nitatem
2296 2607 2647 2663 referendum
2678 2624 2788 2663 non
2822 2620 2925 2673 est,
2970 2610 3064 2665 sed
3095 2611 3161 2665 ad
3224 2610 3345 2679 ejus
3370 2600 3620 2663 humani-

2045 2711 2232 2761 tatem,
2253 2716 2359 2770 quo
2389 2702 2604 2770 quidem
2636 2711 2688 2756 et
2714 2706 2827 2771 ipse
2854 2703 3111 2757 Dominus
3166 2711 3419 2773 spectans
3445 2720 3459 2756 :
3501 2701 3617 2773 Ego

2050 2808 2186 2854 sunt,
2221 2792 2414 2859 inquit,
2470 2793 2591 2847 vitis
2643 2803 2692 2846 et
2744 2809 2836 2848 vos
2896 2793 3160 2861 palmites,
3232 2795 3392 2847 Pater
3441 2805 3617 2846 autem

2044 2883 2277 2952 agricola
2305 2885 2346 2937 ί.
2393 2883 2500 2938 Nos
2516 2883 2661 2938 enim
2700 2882 2931 2937 Domino
2956 2891 3179 2954 propter
3210 2882 3613 2937 humanitatem

363 2969 400 3019 ό
432 2967 638 3034 Πατὴρ
675 2970 707 3021 ό
742 2968 1015 3037 γεωργός.
1070 2967 1263 3033 Ἡμεῖς
1297 2967 1407 3035 γὰρ
1431 2964 1522 3018 τοῦ
1558 2966 1762 3033 Κυρίου
1803 2968 1941 3020 κατά

2045 2977 2162 3043 ejus
2207 2975 2530 3046 cognatione
2573 2976 2851 3045 conjuncti
2886 2992 3098 3033 sumus.
3160 2976 3525 3043 Quamobrem
3566 2984 3622 3029 et

364 3061 428 3111 τὸ
459 3056 799 3129 ἀνθρώπινον
828 3058 990 3111 αὐτοῦ
1011 3058 1295 3124 συγγενεῖς
1324 3057 1511 3125 ἐσμεν,
1546 3057 1641 3110 καὶ
1667 3056 1829 3118 αὐτὸς
1855 3056 1941 3110 διὰ

2046 3067 2160 3136 ipse
2187 3086 2198 3120 :
2234 3067 2498 3133 Narrabo,
2522 3068 2719 3137 inquit,
2744 3084 2931 3122 nomen
2962 3078 3111 3123 tuum
3137 3068 3389 3136 fratribus
3425 3068 3551 3121 meis
3574 3069 3618 3121 '.

362 3150 527 3204 τοῦτο
556 3147 675 3204 εἷπε
698 3165 711 3179 ·
752 3150 1111 3219 διηγήσομαι
1148 3150 1216 3203 τὸ
1248 3149 1435 3219 ὄνομά
1462 3162 1581 3203 σου
1617 3147 1741 3215 τοῖς
1770 3148 1941 3205 ἀδελ-

2046 3159 2206 3213 l’ater
2226 3170 2408 3213 autem
2442 3160 2672 3230 agricola
2713 3169 2816 3225 est,
2866 3161 2957 3230 qui
2994 3177 3090 3231 per
3120 3161 3360 3217 Verbum
3427 3161 3621 3221 vitem.

363 3244 504 3313 φοῒς
522 3260 663 3312 μου.
702 3243 761 3296 '0
789 3243 845 3296 δὲ
875 3242 1060 3314 Πατὴρ
1084 3244 1112 3298 6
1131 3242 1373 3313 γεωργός
1395 3259 1411 3272 θ
1438 3241 1601 3306 αὐτὸς
1627 3241 1736 3313 γὰρ
1761 3242 1941 3314 είργά-

2045 3255 2148 3309 hoc
2182 3263 2287 3318 est,
2325 3254 2536 3310 Domini
2570 3270 2770 3326 corpus
2822 3254 2950 3310 fecit
2978 3266 3033 3311 et
3062 3257 3253 3311 coluit.
3289 3256 3407 3311 Non
3455 3257 3619 3326 igitur

368 3353 503 3390 σατο
546 3335 636 3388 διὰ
686 3334 782 3388 τοῦ
833 3335 1009 3402 Λόγου
1062 3334 1161 3404 τὴν
1213 3333 1491 3401 ἄμπελον,
1540 3334 1663 3404 ἥτις
1710 3335 1829 3387 ἐστὶ
1882 3333 1941 3387 τὸ

2043 3364 2108 3402 eo
2142 3362 2327 3412 sensu,
2361 3362 2468 3417 quo
2500 3351 2797 3417 praedicant
2823 3350 3009 3406 hostes
3039 3351 3268 3411 Christi,
3335 3349 3620 3420 Dionysius

368 3427 651 3498 κυριακὸν
691 3427 868 3497 σῶμα.
902 3422 1029 3495 Ἆρ’
1063 3424 1157 3479 οῦν
1196 3426 1271 3487 ὡς
1302 3425 1351 3477 oi
1385 3426 1743 3496 χριστομάχοι
1780 3425 1944 3495 θρυλ-

368 3520 522 3572 λοῦσι
558 3519 829 3582 Διονύσιος
854 3519 924 3571 τά
957 3517 1273 3588 ἀνθρώπινα
1295 3517 1390 3570 τοῦ
1423 3516 1661 3588 Χριστοῦ
1692 3518 1939 3588 γράφων,

366 3614 460 3664 καὶ
492 3612 669 3680 λέγων
696 3610 858 3676 οὕτω,
880 3608 1095 3680 ποίημα
1121 3609 1288 3663 αὐτὸν
1318 3609 1349 3681 ἢ
1376 3609 1471 3663 ἕνα
1501 3610 1611 3663 τῶν
1639 3608 1942 3678 ἀνθρώπων

365 3706 553 3771 ἐλεγεν
581 3700 750 3766 eluet;
778 3702 874 3756 καὶ
898 3702 1007 3773 μὴν
1033 3702 1130 3772 οὐχ
1152 3700 1322 3765 οὕτως
1344 3701 1581 3772 ἔγραψεν
1610 3706 1669 3755 ἐν
1694 3703 1816 3764 ταῖς
1843 3702 1938 3756 άλ-

365 3797 481 3860 λαις
523 3796 833 3859 ἐπιστολαῖς
854 3836 869 3861 ,
911 3794 1049 3850 ἀλλὰ
1082 3796 1177 3847 καὶ
1205 3795 1379 3863 ὀρθῶς
1414 3794 1626 3863 φρονῶν
1665 3796 1723 3845 ἐν
1750 3795 1939 3857 attint;

364 3890 635 3956 φαίνεται,
673 3889 767 3942 καὶ
796 3887 1017 3941 δύναται
1040 3886 1110 3941 δι’
1140 3886 1319 3940 αὐτῶν
1347 3885 1541 3956 βοῆσαι
1575 3886 1715 3939 κατά
1736 3886 1939 3939 τούτων

363 3984 559 4049 λέγων,
582 3980 697 4033 Οὐκ
725 3980 843 4048 είμὶ
872 3978 970 4048 τῆς
998 3980 1165 4047 αὐτῆς
1196 3979 1374 4048 δόξης.
1404 3967 1456 4034 ὦ
1484 3977 1760 4049 θεομάχοι,
1796 3980 1855 4032 οὗ
1883 3980 1937 4033 δὲ

363 4077 431 4128 τὰ
462 4074 707 4144 ἡμέτερα
729 4072 1001 4141 πρόφασιν
1043 4071 1238 4142 ’Λρείῳ
1264 4076 1533 4142 παρέσχεν
1558 4074 1633 4136 είς
1662 4072 1933 4135 ἀσέϐειαν,

360 4166 500 4220 ἀλλὰ
536 4162 674 4233 πρὸς
735 4164 1026 4232 Ἀμμωνᾶν
1057 4167 1149 4216 καὶ
1186 4162 1508 4237 Εὐφράνορα
1557 4164 1643 4219 διὰ
1672 4164 1797 4227 τοὺς
1836 4180 1931 4217 σα-

359 4257 705 4320 σελλίζοντας
740 4257 987 4326 γράφων,
1018 4256 1294 4327 ἐμνήσθην
1321 4256 1523 4312 καὶτοῦ
1554 4258 1820 4329 γεωργοῦ,
1845 4259 1936 4311 καὶ

357 4352 459 4418 τῆς
486 4348 752 4421 ἀμπέλου,
782 4350 874 4402 καὶ
898 4347 1005 4401 τῶν
1030 4348 1285 4401 τοιούτων
1309 4348 1484 4402 ἄλλων
1510 4350 1789 4419 ῥημάτων,
1824 4350 1929 4413 ἵνα,

357 4443 426 4495 τὰ
458 4440 776 4510 ἀνθρώπινα
814 4440 905 4493 τοῦ
943 4440 1175 4509 Χριστοῦ
1202 4439 1403 4506 δείξας,
1432 4439 1605 4493 πείσω
1648 4440 1722 4510 μὴ
1752 4441 1932 4506 λέγειν
1964 4421 2009 4477 Ῐ)

356 4532 596 4595 ἐκείνους
616 4533 697 4585 ὅτι
717 4532 744 4582 6
776 4532 965 4600 Πατήρ
983 4532 1128 4584 ἐστιν
1160 4530 1490 4600 όγενόμενος
1521 4530 1821 4599 ἄνθρωπος.
1851 4530 1940 4593 Ὠς

356 4628 466 4695 γὰρ
498 4628 524 4678 6
556 4626 801 4695 γεωργὸς
835 4627 934 4680 οὐκ
966 4626 1112 4679 ἔστιν
1145 4628 1199 4678 ὲν
1230 4628 1298 4695 τῇ
1337 4625 1585 4694 ἀμπέλῳ,
1621 4624 1791 4687 οὕτως
1837 4626 1938 4677 οὐκ

355 4720 506 4771 ἔστιν
528 4721 585 4772 ὲν
607 4718 684 4789 τῷ
706 4717 917 4787 σώματι
944 4718 1233 4786 γενόμενος
1249 4719 1276 4768 6
1306 4715 1516 4787 Πατὴρ,
1551 4715 1666 4768 ἀλλ’
1688 4720 1715 4769 6
1744 4717 1934 4784 Λόγος.

357 4812 466 4864 Καὶ
483 4813 507 4861 6
520 4811 689 4880 Λόγος
704 4813 761 4861 ἐν
781 4812 845 4881 τῇ
860 4809 1091 4880 ἀμπέλῳ
1108 4809 1393 4878 γενόμενος
1405 4807 1689 4879 ἄνθρωπος
1705 4807 1934 4878 ἐκλήθη·

352 4904 599 4973 ἄμπελος
626 4902 683 4955 δὲ
710 4901 910 4972 ἐκλήθη
943 4903 970 4955 6
1002 4901 1128 4962 Υίὺς
1162 4900 1248 4954 διὰ
1279 4899 1377 4970 τὴν
1396 4900 1527 4971 πρὸς
1562 4898 1630 4953 τὰ
1660 4900 1931 4970 κλήματα,

356 4994 503 5062 ἅπερ
566 4992 731 5061 ἐσμὲν
774 4994 954 5063 ἡμεῖς,
1001 4990 1321 5062 σωματικὴν
1366 4991 1705 5059 συγγένειαν.
1752 4989 1935 5060 Ταύτῃ

358 5086 456 5153 μὲν
482 5083 578 5137 οὖν
598 5085 664 5153 τῇ
696 5082 906 5154 διανοίᾳ
934 5080 1033 5153 τὴν
1059 5082 1195 5153 πρὸς
1224 5081 1568 5152 Εὐφράνορα,
1592 5082 1683 5133 καὶ
1711 5081 1937 5147 Ἀμμω-

355 5179 453 5231 νᾶν
492 5175 708 5245 ἔγραψα
739 5175 1049 5245 ἐπιστολὴν,
1081 5173 1216 5244 πρὸς
1247 5174 1302 5227 δὲ
1340 5176 1438 5244 τὴν
1465 5172 1619 5243 ὑμῶν
1658 5172 1933 5226 ἀναίδειαν

353 5271 451 5331 τὰς
482 5271 678 5339 ἐτέρας
708 5267 993 5329 ἐπιστολὰς
1023 5268 1120 5329 τὰς
1150 5266 1277 5335 παρ’
1311 5266 1444 5337 ἐμοῦ
1475 5265 1778 5335 γραφείσας
1804 5267 1934 5317 ἀνα-

348 5359 565 5430 τίθημι,
604 5360 691 5415 ἵνα
721 5360 816 5413 καὶ
850 5360 983 5427 περὶ
1015 5359 1114 5429 τῆς
1161 5360 1467 5428 ἐπιστολῆς,
1529 5354 1597 5429 ἧς
1631 5359 1927 5429 θρυλλεῖτε,

353 5453 561 5519 γνῶσιν
586 5453 635 5505 οἱ
666 5452 921 5523 φρόνιμοι
950 5449 1047 5520 τὴν
1077 5452 1135 5503 ἐν
1164 5450 1343 5512 αὐτοῖς
1371 5448 1683 5517 ἀπολογίαν,
1712 5450 1805 5501 καὶ
1829 5450 1924 5518 τῆς

347 5545 406 5595 ἐν
439 5543 658 5612 Χριστῷ
698 5544 932 5605 πίστεως
963 5542 1061 5611 τὴν
1093 5542 1259 5611 ὀρθήν
1296 5558 1392 5609 μου
1427 5540 1706 5613 ιρρόνησιν.

412 5738 429 5767 ⁸
463 5737 619 5793 Joan.
654 5752 734 5802 xv,
769 5738 819 5789 5.
899 5738 917 5767 ²
946 5736 1082 5789 [‘sal.
1124 5751 1209 5791 xx.
1244 5734 1329 5788 ‘23.

2043 3444 2292 3498 scribens
2322 3458 2385 3497 ea
2416 3458 2537 3512 qua:
2560 3444 2625 3496 ad
2658 3443 2873 3498 Domini
2901 3444 3173 3512 pertinent
3196 3444 3619 3503 humanitatem,

2040 3537 2197 3600 dixit,
2260 3545 2375 3590 tum
2457 3550 2582 3589 esse
2639 3535 2866 3594 factum.
2933 3546 3096 3604 atque
3145 3551 3313 3589 unum
3379 3550 3500 3588 esse
3553 3549 3616 3587 ex

2042 3630 2369 3684 hominibus.
2400 3629 2553 3694 Quod
2605 3646 2669 3683 ex
2706 3628 2825 3683 aliis
2845 3628 2965 3695 ejus
2996 3628 3239 3695 epistolis
3298 3627 3468 3680 multo
3506 3626 3617 3680 cia-

2041 3726 2152 3780 rius
2180 3731 2355 3793 potest
2388 3721 2636 3790 intelligi,
2670 3722 2721 3774 in
2759 3722 2959 3789 quibus
3010 3730 3119 3772 tam
3186 3727 3374 3785 aperte
3434 3716 3618 3770 decla-

2041 3818 2199 3879 ravit,
2236 3830 2295 3871 se
2344 3822 2492 3868 recte
2523 3812 2751 3873 sentire,
2782 3820 2840 3865 ut
2860 3809 3270 3865 adversusillos
3298 3809 3445 3863 clara
3481 3822 3619 3863 voce

2039 3910 2221 3964 dicere
2273 3908 2521 3963 videatur
2558 3921 2573 3960 :
2607 3906 2722 3976 Ego
2769 3903 3097 3958 sententiam
3186 3909 3421 3955 vestram
3504 3912 3616 3952 non
3672 3950 3673 3953 η

2042 3999 2232 4069 probo,
2268 3997 2361 4052 Dei
2394 3997 2601 4059 hostes,
2627 4009 2805 4064 neque
2826 3993 3026 4062 scripta
3055 4000 3240 4047 nostra
3273 3989 3614 4046 occasionem

2040 4090 2187 4152 Ario,
2220 4098 2277 4143 ut
2308 4088 2474 4158 impie
2498 4086 2745 4148 sentiret,
2768 4086 3139 4153 pnebuerunt.
3173 4080 3280 4138 Sed
3307 4082 3372 4136 ad
3398 4083 3621 4135 Ammo-

2036 4198 2160 4237 nam
2196 4191 2249 4235 et
2287 4178 2700 4250 Euphranorem
2725 4177 2994 4240 scribens,
3032 4186 3091 4231 ut
3115 4190 3210 4231 eos
3268 4174 3360 4244 qui
3394 4170 3614 4228 Sabellii

2035 4272 2277 4342 partibus
2299 4270 2583 4330 favebant.
2617 4268 3016 4337 impugnarem,
3048 4265 3298 4336 agricola:
3328 4274 3384 4319 et
3404 4262 3531 4318 vitis
3563 4274 3618 4319 et

2036 4363 2291 4418 similium
2315 4361 2601 4415 verborum
2618 4361 2950 4415 mentionem
2971 4359 3091 4414 fecit
3114 4374 3221 4427 quo
3240 4359 3615 4412 demonstrata

2038 4452 2240 4507 Christi
2302 4450 2639 4506 humanitate
2668 4451 3049 4521 persuaderem
3114 4451 3217 4504 illis
3272 4466 3343 4505 ne
3404 4449 3620 4505 Patrem

2043 4544 2242 4597 factum
2289 4557 2407 4597 esse
2452 4542 2750 4607 hominem,
2796 4543 3103 4597 crederent.
3143 4542 3612 4607 Quemadmodum

2040 4633 2185 4687 enim
2203 4631 2433 4703 agricola
2452 4648 2560 4687 non
2580 4642 2664 4688 est
2691 4634 2744 4687 in
2768 4631 2895 4698 vite,
2916 4634 2993 4687 sic
3013 4648 3112 4687 nec
3130 4634 3291 4687 Pater
3306 4640 3391 4686 est
3416 4632 3471 4685 in
3494 4646 3615 4685 cor-

2039 4739 2171 4793 pore
2186 4723 2360 4779 factus
2374 4724 2559 4787 homo.
2577 4724 2674 4779 sed
2692 4721 2954 4778 Verbum.
2974 4723 3126 4790 Quod
3143 4722 3361 4791 quidem
3378 4722 3617 4777 Verbum

2041 4816 2094 4869 in
2129 4816 2239 4869 vite
2264 4813 2468 4870 factum
2501 4816 2662 4870 homo
2698 4828 2925 4871 vocatus
2949 4824 3055 4870 est.
3101 4815 3269 4870 Filius
3293 4828 3421 4884 ergo
3454 4826 3617 4867 voca-

2042 4917 2126 4961 tus
2177 4916 2261 4961 est
2312 4908 2439 4961 vitis
2476 4916 2695 4977 propter
2738 4922 3055 4979 corpoream
3087 4906 3616 4978 cognationem,qua

2039 5014 2162 5053 cum
2223 4999 2562 5069 palmitibus,
2604 5000 2695 5069 qui
2729 5015 2830 5054 nos
2901 5015 3108 5064 sumus,
3168 4998 3454 5053 devinctus
3507 5007 3611 5050 est.

2038 5089 2126 5146 Sic
2154 5106 2254 5162 ego
2286 5092 2433 5147 sensi
2465 5093 2518 5146 in
2555 5092 2807 5160 epistola,
2865 5107 3029 5162 quam
3081 5090 3146 5145 ad
3196 5090 3610 5160 Euphranorem

2039 5194 2092 5238 et
2148 5184 2473 5237 Ammonem
2508 5185 2723 5255 scripsi.
2756 5184 2889 5238 Nam
2935 5184 3081 5254 quod
3122 5182 3187 5238 ad
3220 5181 3611 5253 impudentiam

2041 5285 2276 5328 vestram
2322 5274 2541 5338 attinet,
2585 5283 2809 5332 caeteras
2865 5292 3015 5332 meas
3053 5274 3349 5346 proferam,
3411 5281 3470 5328 ut
3536 5288 3605 5327 ex

2036 5364 2125 5425 iis.
2160 5364 2437 5432 quomodo
2482 5380 2708 5435 purgem
2762 5382 2848 5421 me
2900 5368 2952 5420 in
2996 5381 3062 5419 eo
3108 5366 3251 5434 quod
3296 5373 3485 5418 contra
3520 5376 3610 5416 me

2030 5464 2254 5526 propter
2279 5455 2423 5509 illam
2446 5456 2727 5525 epistolam
2747 5457 3079 5527 divulgaslis,
3107 5456 3400 5516 prudentes
3434 5452 3580 5508 homi

2032 5563 2127 5599 nes
2184 5547 2486 5617 intelligant
2528 5557 2583 5599 et
2618 5556 2817 5601 rectam
2878 5564 3053 5602 meam
3087 5547 3207 5601 ﬁdei
3237 5547 3291 5602 iu
3327 5546 3606 5601 Christum

2037 5638 2358 5692 seintentiam
2414 5648 2730 5708 agnoscant.

4057 4510 4059 4629 ψ
