  <div class='ocr_page' id='page_1' title='image "/cluster/home/n/w/nwhite01/storage/ocr_20150623/130/hvd.32044073502387/255.png"; bbox 0 0 4008 6208; ppageno 0'>
   <div class='ocr_carea' id='block_1_1' title="bbox 393 361 502 431">
    <p class='ocr_par' dir='ltr' id='par_1_1' title="bbox 393 361 502 431">
     <span class='ocr_line' id='line_1_1' title="bbox 393 361 502 431; baseline -0.073 0"><span class='ocrx_word' id='word_1_1' title='bbox 393 361 502 431; x_wconf 69' lang='grc'><strong>499</strong></span> 
     </span>
    </p>
   </div>
   <div class='ocr_carea' id='block_1_2' title="bbox 1664 365 2451 427">
    <p class='ocr_par' dir='ltr' id='par_1_2' title="bbox 1664 365 2451 427">
     <span class='ocr_line' id='line_1_2' title="bbox 1664 365 2451 427; baseline 0.004 -2"><span class='ocrx_word' id='word_1_2' title='bbox 1664 365 2042 425; x_wconf 78' lang='lat' dir='ltr'><strong>EUTHYMU</strong></span> <span class='ocrx_word' id='word_1_3' title='bbox 2085 367 2451 427; x_wconf 82' lang='lat' dir='ltr'><strong>ZIGABENI</strong></span> 
     </span>
    </p>
   </div>
   <div class='ocr_carea' id='block_1_3' title="bbox 3533 366 3640 429">
    <p class='ocr_par' dir='ltr' id='par_1_3' title="bbox 3533 366 3640 429">
     <span class='ocr_line' id='line_1_3' title="bbox 3533 366 3640 429; baseline 0.028 -3"><span class='ocrx_word' id='word_1_4' title='bbox 3533 366 3640 429; x_wconf 76' lang='grc' dir='ltr'>5θο</span> 
     </span>
    </p>
   </div>
   <div class='ocr_carea' id='block_1_4' title="bbox 387 476 1955 549">
    <p class='ocr_par' dir='ltr' id='par_1_4' title="bbox 387 478 1955 549">
     <span class='ocr_line' id='line_1_4' title="bbox 387 478 1955 549; baseline 0.002 -21"><span class='ocrx_word' id='word_1_5' title='bbox 387 479 521 541; x_wconf 71' lang='lat' dir='ltr'><strong>Item</strong></span> <span class='ocrx_word' id='word_1_6' title='bbox 544 478 791 532; x_wconf 58' lang='lat' dir='ltr'><strong>adversus</strong></span> <span class='ocrx_word' id='word_1_7' title='bbox 827 478 1049 549; x_wconf 70' lang='lat' dir='ltr'><strong>Arianae</strong></span> <span class='ocrx_word' id='word_1_8' title='bbox 1082 490 1128 532; x_wconf 80' lang='lat' dir='ltr'><strong>et</strong></span> <span class='ocrx_word' id='word_1_9' title='bbox 1150 478 1544 549; x_wconf 77' lang='lat' dir='ltr'><strong>Eunomianos.</strong></span> <span class='ocrx_word' id='word_1_10' title='bbox 1596 480 1776 549; x_wconf 76' lang='lat' dir='ltr'><strong>Magni</strong></span> <span class='ocrx_word' id='word_1_11' title='bbox 1803 480 1955 534; x_wconf 73' lang='lat' dir='ltr'><strong>Basi-</strong></span> 
     </span>
    </p>
   </div>
   <div class='ocr_carea' id='block_1_5' title="bbox 2060 476 3643 549">
    <p class='ocr_par' dir='ltr' id='par_1_5' title="bbox 2068 476 3643 549">
     <span class='ocr_line' id='line_1_5' title="bbox 2068 476 3643 549; baseline 0.003 -19"><span class='ocrx_word' id='word_1_12' title='bbox 2068 480 2369 549; x_wconf 71' lang='lat' dir='ltr'><strong>&#39;Ett_xar&amp;</strong></span> <span class='ocrx_word' id='word_1_13' title='bbox 2416 476 2726 549; x_wconf 67' lang='grc' dir='ltr'>Ἀρειανῶν</span> <span class='ocrx_word' id='word_1_14' title='bbox 2760 493 2819 529; x_wconf 77' lang='grc' dir='ltr'><strong>τε</strong></span> <span class='ocrx_word' id='word_1_15' title='bbox 2847 476 2945 549; x_wconf 61' lang='lat' dir='ltr'><strong>grai</strong></span> <span class='ocrx_word' id='word_1_16' title='bbox 2979 476 3366 549; x_wconf 64' lang='grc' dir='ltr'>Εὐνομίαν-ὥν</span> <span class='ocrx_word' id='word_1_17' title='bbox 3398 479 3504 549; x_wconf 64' lang='grc' dir='ltr'><strong>τοῦ</strong></span> <span class='ocrx_word' id='word_1_18' title='bbox 3533 500 3643 549; x_wconf 76' lang='grc' dir='ltr'>με·-</span> 
     </span>
    </p>
   </div>
   <div class='ocr_carea' id='block_1_6' title="bbox 880 548 1425 616">
    <p class='ocr_par' dir='ltr' id='par_1_6' title="bbox 880 548 1425 616">
     <span class='ocr_line' id='line_1_6' title="bbox 880 548 1425 616; baseline 0.009 -16"><span class='ocrx_word' id='word_1_19' title='bbox 880 548 959 611; x_wconf 84' lang='lat' dir='ltr'><strong>lii,</strong></span> <span class='ocrx_word' id='word_1_20' title='bbox 992 566 1053 602; x_wconf 74' lang='lat' dir='ltr'><strong>ea:</strong></span> <span class='ocrx_word' id='word_1_21' title='bbox 1078 548 1246 616; x_wconf 79' lang='lat' dir='ltr'><strong>primo</strong></span> <span class='ocrx_word' id='word_1_22' title='bbox 1272 548 1425 605; x_wconf 82' lang='lat' dir='ltr'><strong>libro.</strong></span> 
     </span>
    </p>
   </div>
   <div class='ocr_carea' id='block_1_7' title="bbox 459 742 1957 812">
    <p class='ocr_par' dir='ltr' id='par_1_7' title="bbox 459 742 1957 812">
     <span class='ocr_line' id='line_1_7' title="bbox 459 742 1957 812; baseline 0.004 -20"><span class='ocrx_word' id='word_1_23' title='bbox 459 742 589 796; x_wconf 68' lang='lat' dir='ltr'><strong>item</strong></span> <span class='ocrx_word' id='word_1_24' title='bbox 613 743 981 810; x_wconf 89' lang='lat' dir='ltr'><strong>expendentes</strong></span> <span class='ocrx_word' id='word_1_25' title='bbox 1016 742 1349 806; x_wconf 75' lang='lat' dir='ltr'><strong>invenimus,</strong></span> <span class='ocrx_word' id='word_1_26' title='bbox 1388 758 1487 797; x_wconf 89' lang='lat' dir='ltr'><strong>nos</strong></span> <span class='ocrx_word' id='word_1_27' title='bbox 1533 744 1957 812; x_wconf 79' lang='lat' dir='ltr'><strong>ingenitinOtio-</strong></span> 
     </span>
    </p>
   </div>
   <div class='ocr_carea' id='block_1_8' title="bbox 386 835 1955 905">
    <p class='ocr_par' dir='ltr' id='par_1_8' title="bbox 386 835 1955 905">
     <span class='ocr_line' id='line_1_8' title="bbox 386 835 1955 905; baseline 0.001 -18"><span class='ocrx_word' id='word_1_28' title='bbox 386 852 508 890; x_wconf 57' lang='lat' dir='ltr'><strong>nam</strong></span> <span class='ocrx_word' id='word_1_29' title='bbox 537 835 752 903; x_wconf 91' lang='lat' dir='ltr'><strong>assequi</strong></span> <span class='ocrx_word' id='word_1_30' title='bbox 772 850 881 887; x_wconf 91' lang='lat' dir='ltr'><strong>non</strong></span> <span class='ocrx_word' id='word_1_31' title='bbox 911 850 973 888; x_wconf 85' lang='lat' dir='ltr'><strong>ex</strong></span> <span class='ocrx_word' id='word_1_32' title='bbox 1013 849 1076 887; x_wconf 88' lang='lat' dir='ltr'><strong>ea</strong></span> <span class='ocrx_word' id='word_1_33' title='bbox 1102 835 1423 904; x_wconf 57' lang='lat' dir='ltr'><strong>quaestione,</strong></span> <span class='ocrx_word' id='word_1_34' title='bbox 1453 852 1556 905; x_wconf 89' lang='lat' dir='ltr'><strong>qua</strong></span> <span class='ocrx_word' id='word_1_35' title='bbox 1584 836 1716 904; x_wconf 90' lang='lat' dir='ltr'><strong>quid</strong></span> <span class='ocrx_word' id='word_1_36' title='bbox 1743 838 1832 897; x_wconf 89' lang='lat' dir='ltr'><strong>sit,</strong></span> <span class='ocrx_word' id='word_1_37' title='bbox 1860 836 1955 889; x_wconf 88' lang='lat' dir='ltr'><strong>sed</strong></span> 
     </span>
    </p>
   </div>
   <div class='ocr_carea' id='block_1_9' title="bbox 383 927 1956 995">
    <p class='ocr_par' dir='ltr' id='par_1_9' title="bbox 383 927 1956 995">
     <span class='ocr_line' id='line_1_9' title="bbox 383 927 1956 995; baseline 0.001 -18"><span class='ocrx_word' id='word_1_38' title='bbox 383 947 444 978; x_wconf 62' lang='lat' dir='ltr'><strong>ix</strong></span> <span class='ocrx_word' id='word_1_39' title='bbox 476 928 583 985; x_wconf 85' lang='lat' dir='ltr'><strong>illa,</strong></span> <span class='ocrx_word' id='word_1_40' title='bbox 616 942 720 993; x_wconf 87' lang='lat' dir='ltr'><strong>qua</strong></span> <span class='ocrx_word' id='word_1_41' title='bbox 751 927 1024 994; x_wconf 68' lang='lat' dir='ltr'><strong>quomodo</strong></span> <span class='ocrx_word' id='word_1_42' title='bbox 1062 927 1153 991; x_wconf 89' lang='lat' dir='ltr'><strong>sit,</strong></span> <span class='ocrx_word' id='word_1_43' title='bbox 1187 928 1522 995; x_wconf 75' lang='lat' dir='ltr'><strong>indagamus.</strong></span> <span class='ocrx_word' id='word_1_44' title='bbox 1558 928 1783 981; x_wconf 80' lang='lat' dir='ltr'><strong>Animus</strong></span> <span class='ocrx_word' id='word_1_45' title='bbox 1811 929 1956 980; x_wconf 91' lang='lat' dir='ltr'><strong>enim</strong></span> 
     </span>
    </p>
   </div>
   <div class='ocr_carea' id='block_1_10' title="bbox 382 1018 1954 1089">
    <p class='ocr_par' dir='ltr' id='par_1_10' title="bbox 382 1018 1954 1089">
     <span class='ocr_line' id='line_1_10' title="bbox 382 1018 1954 1089; baseline 0.003 -21"><span class='ocrx_word' id='word_1_46' title='bbox 382 1030 569 1071; x_wconf 85' lang='lat' dir='ltr'><strong>noster</strong></span> <span class='ocrx_word' id='word_1_47' title='bbox 587 1021 899 1086; x_wconf 74' lang='lat' dir='ltr'><strong>exquirens,</strong></span> <span class='ocrx_word' id='word_1_48' title='bbox 928 1030 1107 1072; x_wconf 87' lang='lat' dir='ltr'><strong>utrum</strong></span> <span class='ocrx_word' id='word_1_49' title='bbox 1133 1018 1291 1083; x_wconf 90' lang='lat' dir='ltr'><strong>Deus,</strong></span> <span class='ocrx_word' id='word_1_50' title='bbox 1320 1022 1409 1088; x_wconf 87' lang='lat' dir='ltr'><strong>qui</strong></span> <span class='ocrx_word' id='word_1_51' title='bbox 1443 1036 1603 1089; x_wconf 83' lang='lat' dir='ltr'><strong>supra</strong></span> <span class='ocrx_word' id='word_1_52' title='bbox 1650 1022 1835 1074; x_wconf 85' lang='lat' dir='ltr'><strong>omnia</strong></span> <span class='ocrx_word' id='word_1_53' title='bbox 1853 1030 1954 1084; x_wconf 84' lang='lat' dir='ltr'><strong>est,</strong></span> 
     </span>
    </p>
   </div>
   <div class='ocr_carea' id='block_1_11' title="bbox 384 1111 1958 1182">
    <p class='ocr_par' dir='ltr' id='par_1_11' title="bbox 384 1111 1958 1182">
     <span class='ocr_line' id='line_1_11' title="bbox 384 1111 1958 1182; baseline 0.006 -25"><span class='ocrx_word' id='word_1_54' title='bbox 384 1111 614 1177; x_wconf 70' lang='lat' dir='ltr'><strong>.~liquam</strong></span> <span class='ocrx_word' id='word_1_55' title='bbox 658 1126 820 1177; x_wconf 87' lang='lat' dir='ltr'><strong>supra</strong></span> <span class='ocrx_word' id='word_1_56' title='bbox 871 1127 925 1165; x_wconf 88' lang='lat' dir='ltr'><strong>se</strong></span> <span class='ocrx_word' id='word_1_57' title='bbox 964 1128 1183 1165; x_wconf 77' lang='lat' dir='ltr'><strong>causam</strong></span> <span class='ocrx_word' id='word_1_58' title='bbox 1235 1113 1448 1176; x_wconf 84' lang='lat' dir='ltr'><strong>haheat,</strong></span> <span class='ocrx_word' id='word_1_59' title='bbox 1478 1129 1600 1165; x_wconf 91' lang='lat' dir='ltr'><strong>cum</strong></span> <span class='ocrx_word' id='word_1_60' title='bbox 1650 1114 1958 1182; x_wconf 74' lang='lat' dir='ltr'><strong>excogitare</strong></span> 
     </span>
    </p>
   </div>
   <div class='ocr_carea' id='block_1_12' title="bbox 386 1202 1956 1274">
    <p class='ocr_par' dir='ltr' id='par_1_12' title="bbox 386 1202 1956 1274">
     <span class='ocr_line' id='line_1_12' title="bbox 386 1202 1956 1274; baseline 0.003 -21"><span class='ocrx_word' id='word_1_61' title='bbox 386 1202 586 1254; x_wconf 86' lang='lat' dir='ltr'><strong>nullam</strong></span> <span class='ocrx_word' id='word_1_62' title='bbox 627 1204 817 1269; x_wconf 83' lang='lat' dir='ltr'><strong>possit,</strong></span> <span class='ocrx_word' id='word_1_63' title='bbox 869 1203 1001 1256; x_wconf 87' lang='lat' dir='ltr'><strong>illud</strong></span> <span class='ocrx_word' id='word_1_64' title='bbox 1064 1204 1257 1271; x_wconf 84' lang='lat' dir='ltr'><strong>ipsius.</strong></span> <span class='ocrx_word' id='word_1_65' title='bbox 1294 1208 1419 1259; x_wconf 68' lang='lat' dir='ltr'><strong>vita:</strong></span> <span class='ocrx_word' id='word_1_66' title='bbox 1480 1206 1806 1274; x_wconf 81' lang='lat' dir='ltr'><strong>principium</strong></span> <span class='ocrx_word' id='word_1_67' title='bbox 1847 1222 1956 1260; x_wconf 91' lang='lat' dir='ltr'><strong>non</strong></span> 
     </span>
    </p>
   </div>
   <div class='ocr_carea' id='block_1_13' title="bbox 388 1296 1958 1364">
    <p class='ocr_par' dir='ltr' id='par_1_13' title="bbox 388 1296 1958 1364">
     <span class='ocr_line' id='line_1_13' title="bbox 388 1296 1958 1364; baseline 0.005 -19"><span class='ocrx_word' id='word_1_68' title='bbox 388 1296 593 1353; x_wconf 76' lang='lat' dir='ltr'><strong>habens</strong></span> <span class='ocrx_word' id='word_1_69' title='bbox 625 1296 923 1364; x_wconf 82' lang='lat' dir='ltr'><strong>ingenitum</strong></span> <span class='ocrx_word' id='word_1_70' title='bbox 958 1299 1210 1364; x_wconf 75' lang='lat' dir='ltr'><strong>appellat.</strong></span> <span class='ocrx_word' id='word_1_71' title='bbox 1270 1298 1508 1351; x_wconf 85' lang='lat' dir='ltr'><strong>Utenim</strong></span> <span class='ocrx_word' id='word_1_72' title='bbox 1567 1315 1687 1352; x_wconf 90' lang='lat' dir='ltr'><strong>cum</strong></span> <span class='ocrx_word' id='word_1_73' title='bbox 1736 1301 1803 1353; x_wconf 88' lang='lat' dir='ltr'><strong>de</strong></span> <span class='ocrx_word' id='word_1_74' title='bbox 1862 1302 1958 1353; x_wconf 85' lang='lat' dir='ltr'><strong>ho-</strong></span> 
     </span>
    </p>
   </div>
   <div class='ocr_carea' id='block_1_14' title="bbox 385 1386 1952 1456">
    <p class='ocr_par' dir='ltr' id='par_1_14' title="bbox 385 1386 1952 1456">
     <span class='ocr_line' id='line_1_14' title="bbox 385 1386 1952 1456; baseline 0.006 -21"><span class='ocrx_word' id='word_1_75' title='bbox 385 1387 625 1441; x_wconf 88' lang='lat' dir='ltr'><strong>minibus</strong></span> <span class='ocrx_word' id='word_1_76' title='bbox 654 1387 935 1449; x_wconf 86' lang='lat' dir='ltr'><strong>loquentes</strong></span> <span class='ocrx_word' id='word_1_77' title='bbox 981 1386 1127 1441; x_wconf 88' lang='lat' dir='ltr'><strong>hunc</strong></span> <span class='ocrx_word' id='word_1_78' title='bbox 1185 1404 1250 1441; x_wconf 89' lang='lat' dir='ltr'><strong>ex</strong></span> <span class='ocrx_word' id='word_1_79' title='bbox 1308 1388 1398 1442; x_wconf 89' lang='lat' dir='ltr'><strong>illo</strong></span> <span class='ocrx_word' id='word_1_80' title='bbox 1452 1400 1636 1443; x_wconf 89' lang='lat' dir='ltr'><strong>natum</strong></span> <span class='ocrx_word' id='word_1_81' title='bbox 1693 1392 1952 1456; x_wconf 79' lang='lat' dir='ltr'><strong>dicimus,</strong></span> 
     </span>
    </p>
   </div>
   <div class='ocr_carea' id='block_1_15' title="bbox 384 1479 1953 1552">
    <p class='ocr_par' dir='ltr' id='par_1_15' title="bbox 384 1479 1953 1552">
     <span class='ocr_line' id='line_1_15' title="bbox 384 1479 1953 1552; baseline 0.005 -23"><span class='ocrx_word' id='word_1_82' title='bbox 384 1495 490 1530; x_wconf 90' lang='lat' dir='ltr'><strong>non</strong></span> <span class='ocrx_word' id='word_1_83' title='bbox 527 1479 653 1546; x_wconf 90' lang='lat' dir='ltr'><strong>quid</strong></span> <span class='ocrx_word' id='word_1_84' title='bbox 704 1480 790 1532; x_wconf 88' lang='lat' dir='ltr'><strong>ille</strong></span> <span class='ocrx_word' id='word_1_85' title='bbox 827 1482 918 1544; x_wconf 87' lang='lat' dir='ltr'><strong>sit,</strong></span> <span class='ocrx_word' id='word_1_86' title='bbox 957 1481 1050 1534; x_wconf 87' lang='lat' dir='ltr'><strong>sed</strong></span> <span class='ocrx_word' id='word_1_87' title='bbox 1086 1481 1227 1533; x_wconf 90' lang='lat' dir='ltr'><strong>unde</strong></span> <span class='ocrx_word' id='word_1_88' title='bbox 1268 1492 1421 1534; x_wconf 73' lang='lat' dir='ltr'><strong>ortus</strong></span> <span class='ocrx_word' id='word_1_89' title='bbox 1454 1482 1544 1545; x_wconf 84' lang='lat' dir='ltr'><strong>sit,</strong></span> <span class='ocrx_word' id='word_1_90' title='bbox 1605 1484 1953 1552; x_wconf 84' lang='lat' dir='ltr'><strong>exponimus,</strong></span> 
     </span>
    </p>
   </div>
   <div class='ocr_carea' id='block_1_16' title="bbox 384 1570 1957 1639">
    <p class='ocr_par' dir='ltr' id='par_1_16' title="bbox 384 1570 1957 1639">
     <span class='ocr_line' id='line_1_16' title="bbox 384 1570 1957 1639; baseline 0.007 -20"><span class='ocrx_word' id='word_1_91' title='bbox 384 1574 459 1624; x_wconf 59' lang='lat' dir='ltr'><strong>sic</strong></span> <span class='ocrx_word' id='word_1_92' title='bbox 503 1586 625 1623; x_wconf 87' lang='lat' dir='ltr'><strong>cum</strong></span> <span class='ocrx_word' id='word_1_93' title='bbox 666 1570 965 1639; x_wconf 87' lang='lat' dir='ltr'><strong>ingenitum</strong></span> <span class='ocrx_word' id='word_1_94' title='bbox 1027 1588 1286 1627; x_wconf 81' lang='lat' dir='ltr'><strong>vocamus</strong></span> <span class='ocrx_word' id='word_1_95' title='bbox 1337 1574 1548 1639; x_wconf 88' lang='lat' dir='ltr'><strong>Deum,</strong></span> <span class='ocrx_word' id='word_1_96' title='bbox 1590 1591 1653 1627; x_wconf 88' lang='lat' dir='ltr'><strong>ex</strong></span> <span class='ocrx_word' id='word_1_97' title='bbox 1692 1592 1824 1629; x_wconf 79' lang='lat' dir='ltr'><strong>voce</strong></span> <span class='ocrx_word' id='word_1_98' title='bbox 1850 1592 1957 1630; x_wconf 90' lang='lat' dir='ltr'><strong>non</strong></span> 
     </span>
    </p>
   </div>
   <div class='ocr_carea' id='block_1_17' title="bbox 383 1661 1953 1729">
    <p class='ocr_par' dir='ltr' id='par_1_17' title="bbox 383 1661 1953 1729">
     <span class='ocr_line' id='line_1_17' title="bbox 383 1661 1953 1729; baseline 0.005 -18"><span class='ocrx_word' id='word_1_99' title='bbox 383 1662 510 1729; x_wconf 70' lang='lat' dir='ltr'><strong>quid</strong></span> <span class='ocrx_word' id='word_1_100' title='bbox 572 1661 715 1717; x_wconf 88' lang='lat' dir='ltr'><strong>Deus</strong></span> <span class='ocrx_word' id='word_1_101' title='bbox 765 1664 855 1725; x_wconf 90' lang='lat' dir='ltr'><strong>sit,</strong></span> <span class='ocrx_word' id='word_1_102' title='bbox 883 1663 977 1716; x_wconf 89' lang='lat' dir='ltr'><strong>sed</strong></span> <span class='ocrx_word' id='word_1_103' title='bbox 1019 1679 1143 1717; x_wconf 91' lang='lat' dir='ltr'><strong>eum</strong></span> <span class='ocrx_word' id='word_1_104' title='bbox 1194 1666 1395 1718; x_wconf 90' lang='lat' dir='ltr'><strong>anullo</strong></span> <span class='ocrx_word' id='word_1_105' title='bbox 1417 1680 1535 1719; x_wconf 89' lang='lat' dir='ltr'><strong>esse</strong></span> <span class='ocrx_word' id='word_1_106' title='bbox 1581 1667 1953 1721; x_wconf 81' lang='lat' dir='ltr'><strong>declaramus.</strong></span> 
     </span>
    </p>
   </div>
   <div class='ocr_carea' id='block_1_18' title="bbox 386 1752 1951 1828">
    <p class='ocr_par' dir='ltr' id='par_1_18' title="bbox 386 1752 1951 1828">
     <span class='ocr_line' id='line_1_18' title="bbox 386 1752 1951 1828; baseline 0.007 -25"><span class='ocrx_word' id='word_1_107' title='bbox 386 1752 475 1804; x_wconf 82' lang='lat' dir='ltr'><strong>Sic</strong></span> <span class='ocrx_word' id='word_1_108' title='bbox 507 1762 687 1807; x_wconf 87' lang='lat' dir='ltr'><strong>autem</strong></span> <span class='ocrx_word' id='word_1_109' title='bbox 726 1754 775 1808; x_wconf 88' lang='lat' dir='ltr'>id</span> <span class='ocrx_word' id='word_1_110' title='bbox 809 1754 951 1823; x_wconf 88' lang='lat' dir='ltr'><strong>quod</strong></span> <span class='ocrx_word' id='word_1_111' title='bbox 972 1754 1092 1809; x_wconf 83' lang='lat' dir='ltr'>dico</span> <span class='ocrx_word' id='word_1_112' title='bbox 1118 1755 1332 1824; x_wconf 88' lang='lat' dir='ltr'><strong>planius</strong></span> <span class='ocrx_word' id='word_1_113' title='bbox 1366 1756 1478 1809; x_wconf 77' lang='lat' dir='ltr'><strong>fiet.</strong></span> <span class='ocrx_word' id='word_1_114' title='bbox 1513 1757 1689 1812; x_wconf 90' lang='lat' dir='ltr'><strong>Lucas</strong></span> <span class='ocrx_word' id='word_1_115' title='bbox 1717 1775 1951 1828; x_wconf 80' lang='lat' dir='ltr'><strong>evange-</strong></span> 
     </span>
    </p>
   </div>
   <div class='ocr_carea' id='block_1_19' title="bbox 388 1845 1957 1922">
    <p class='ocr_par' dir='ltr' id='par_1_19' title="bbox 388 1845 1957 1922">
     <span class='ocr_line' id='line_1_19' title="bbox 388 1845 1957 1922; baseline 0.008 -27"><span class='ocrx_word' id='word_1_116' title='bbox 388 1847 505 1899; x_wconf 86' lang='lat' dir='ltr'><strong>lista</strong></span> <span class='ocrx_word' id='word_1_117' title='bbox 552 1845 646 1901; x_wconf 87' lang='lat' dir='ltr'><strong>Dei</strong></span> <span class='ocrx_word' id='word_1_118' title='bbox 680 1856 733 1900; x_wconf 89' lang='lat' dir='ltr'><strong>et</strong></span> <span class='ocrx_word' id='word_1_119' title='bbox 766 1848 1075 1903; x_wconf 80' lang='lat' dir='ltr'><strong>Servatoris</strong></span> <span class='ocrx_word' id='word_1_120' title='bbox 1127 1850 1300 1904; x_wconf 83' lang='lat' dir='ltr'><strong>nostri</strong></span> <span class='ocrx_word' id='word_1_121' title='bbox 1346 1850 1473 1905; x_wconf 82' lang='lat' dir='ltr'><strong>Jesu</strong></span> <span class='ocrx_word' id='word_1_122' title='bbox 1510 1851 1710 1906; x_wconf 76' lang='lat' dir='ltr'><strong>Christi</strong></span> <span class='ocrx_word' id='word_1_123' title='bbox 1761 1869 1957 1922; x_wconf 88' lang='lat' dir='ltr'><strong>genea-</strong></span> 
     </span>
    </p>
   </div>
   <div class='ocr_carea' id='block_1_20' title="bbox 384 1939 1956 2015">
    <p class='ocr_par' dir='ltr' id='par_1_20' title="bbox 384 1939 1956 2015">
     <span class='ocr_line' id='line_1_20' title="bbox 384 1939 1956 2015; baseline 0.009 -27"><span class='ocrx_word' id='word_1_124' title='bbox 384 1939 575 2006; x_wconf 73' lang='lat' dir='ltr'><strong>logiam</strong></span> <span class='ocrx_word' id='word_1_125' title='bbox 632 1940 812 1994; x_wconf 88' lang='lat' dir='ltr'><strong>carnis</strong></span> <span class='ocrx_word' id='word_1_126' title='bbox 863 1956 1167 2010; x_wconf 83' lang='lat' dir='ltr'><strong>exponens,</strong></span> <span class='ocrx_word' id='word_1_127' title='bbox 1201 1943 1349 1998; x_wconf 89' lang='lat' dir='ltr'><strong>etab</strong></span> <span class='ocrx_word' id='word_1_128' title='bbox 1398 1944 1605 2001; x_wconf 89' lang='lat' dir='ltr'><strong>ultimis</strong></span> <span class='ocrx_word' id='word_1_129' title='bbox 1633 1948 1698 2001; x_wconf 87' lang='lat' dir='ltr'><strong>ad</strong></span> <span class='ocrx_word' id='word_1_130' title='bbox 1752 1948 1956 2015; x_wconf 88' lang='lat' dir='ltr'><strong>primos</strong></span> 
     </span>
    </p>
   </div>
   <div class='ocr_carea' id='block_1_21' title="bbox 386 2030 1952 2103">
    <p class='ocr_par' dir='ltr' id='par_1_21' title="bbox 386 2030 1952 2103">
     <span class='ocr_line' id='line_1_21' title="bbox 386 2030 1952 2103; baseline 0.008 -25"><span class='ocrx_word' id='word_1_131' title='bbox 386 2030 738 2099; x_wconf 81' lang='lat' dir='ltr'><strong>progrediens</strong></span> <span class='ocrx_word' id='word_1_132' title='bbox 768 2030 985 2084; x_wconf 89' lang='lat' dir='ltr'><strong>initium</strong></span> <span class='ocrx_word' id='word_1_133' title='bbox 1021 2032 1251 2101; x_wconf 68' lang='lat' dir='ltr'><strong>sumpsit</strong></span> <span class='ocrx_word' id='word_1_134' title='bbox 1292 2048 1319 2086; x_wconf 90' lang='lat' dir='ltr'><strong>a</strong></span> <span class='ocrx_word' id='word_1_135' title='bbox 1353 2032 1579 2103; x_wconf 84' lang='lat' dir='ltr'><strong>Joseph,</strong></span> <span class='ocrx_word' id='word_1_136' title='bbox 1612 2045 1666 2089; x_wconf 85' lang='lat' dir='ltr'><strong>et</strong></span> <span class='ocrx_word' id='word_1_137' title='bbox 1690 2036 1839 2090; x_wconf 89' lang='lat' dir='ltr'><strong>hunc</strong></span> <span class='ocrx_word' id='word_1_138' title='bbox 1873 2038 1952 2091; x_wconf 79' lang='lat' dir='ltr'><strong>Eli</strong></span> 
     </span>
    </p>
   </div>
   <div class='ocr_carea' id='block_1_22' title="bbox 382 2121 1951 2195">
    <p class='ocr_par' dir='ltr' id='par_1_22' title="bbox 382 2121 1951 2195">
     <span class='ocr_line' id='line_1_22' title="bbox 382 2121 1951 2195; baseline 0.002 -17"><span class='ocrx_word' id='word_1_139' title='bbox 382 2121 555 2178; x_wconf 74' lang='lat' dir='ltr'><strong>ﬁlium</strong></span> <span class='ocrx_word' id='word_1_140' title='bbox 597 2122 807 2184; x_wconf 91' lang='lat' dir='ltr'><strong>dicens,</strong></span> <span class='ocrx_word' id='word_1_141' title='bbox 864 2123 942 2176; x_wconf 86' lang='lat' dir='ltr'><strong>Eli</strong></span> <span class='ocrx_word' id='word_1_142' title='bbox 970 2133 1151 2177; x_wconf 85' lang='lat' dir='ltr'><strong>autem</strong></span> <span class='ocrx_word' id='word_1_143' title='bbox 1191 2123 1357 2178; x_wconf 83' lang='lat' dir='ltr'><strong>tilium</strong></span> <span class='ocrx_word' id='word_1_144' title='bbox 1388 2124 1647 2191; x_wconf 83' lang='lat' dir='ltr'><strong>Matthan,</strong></span> <span class='ocrx_word' id='word_1_145' title='bbox 1679 2137 1842 2195; x_wconf 86' lang='lat' dir='ltr'><strong>atque</strong></span> <span class='ocrx_word' id='word_1_146' title='bbox 1883 2128 1951 2181; x_wconf 83' lang='lat' dir='ltr'><strong>ita</strong></span> 
     </span>
    </p>
   </div>
   <div class='ocr_carea' id='block_1_23' title="bbox 382 2211 1953 2282">
    <p class='ocr_par' dir='ltr' id='par_1_23' title="bbox 382 2211 1953 2282">
     <span class='ocr_line' id='line_1_23' title="bbox 382 2211 1953 2282; baseline 0.006 -20"><span class='ocrx_word' id='word_1_147' title='bbox 382 2211 639 2281; x_wconf 80' lang='lat' dir='ltr'><strong>deinceps</strong></span> <span class='ocrx_word' id='word_1_148' title='bbox 680 2212 923 2282; x_wconf 87' lang='lat' dir='ltr'><strong>singulos</strong></span> <span class='ocrx_word' id='word_1_149' title='bbox 973 2228 1265 2268; x_wconf 80' lang='lat' dir='ltr'><strong>recensens</strong></span> <span class='ocrx_word' id='word_1_150' title='bbox 1282 2215 1347 2268; x_wconf 89' lang='lat' dir='ltr'><strong>ad</strong></span> <span class='ocrx_word' id='word_1_151' title='bbox 1382 2215 1552 2269; x_wconf 85' lang='lat' dir='ltr'><strong>Adam</strong></span> <span class='ocrx_word' id='word_1_152' title='bbox 1587 2218 1953 2272; x_wconf 87' lang='lat' dir='ltr'><strong>narrationem</strong></span> 
     </span>
    </p>
   </div>
   <div class='ocr_carea' id='block_1_24' title="bbox 383 2302 1952 2373">
    <p class='ocr_par' dir='ltr' id='par_1_24' title="bbox 383 2302 1952 2373">
     <span class='ocr_line' id='line_1_24' title="bbox 383 2302 1952 2373; baseline 0.006 -22"><span class='ocrx_word' id='word_1_153' title='bbox 383 2302 628 2357; x_wconf 80' lang='lat' dir='ltr'><strong>deduxit.</strong></span> <span class='ocrx_word' id='word_1_154' title='bbox 685 2302 789 2357; x_wconf 90' lang='lat' dir='ltr'><strong>Sed</strong></span> <span class='ocrx_word' id='word_1_155' title='bbox 822 2319 944 2357; x_wconf 91' lang='lat' dir='ltr'><strong>cum</strong></span> <span class='ocrx_word' id='word_1_156' title='bbox 983 2304 1048 2357; x_wconf 91' lang='lat' dir='ltr'><strong>ad</strong></span> <span class='ocrx_word' id='word_1_157' title='bbox 1080 2320 1365 2373; x_wconf 89' lang='lat' dir='ltr'><strong>supremos</strong></span> <span class='ocrx_word' id='word_1_158' title='bbox 1398 2307 1756 2373; x_wconf 80' lang='lat' dir='ltr'><strong>pervenisset,</strong></span> <span class='ocrx_word' id='word_1_159' title='bbox 1794 2308 1952 2373; x_wconf 75' lang='lat' dir='ltr'><strong>Seah,</strong></span> 
     </span>
    </p>
   </div>
   <div class='ocr_carea' id='block_1_25' title="bbox 383 2394 1952 2462">
    <p class='ocr_par' dir='ltr' id='par_1_25' title="bbox 383 2394 1952 2462">
     <span class='ocr_line' id='line_1_25' title="bbox 383 2394 1952 2462; baseline 0.006 -17"><span class='ocrx_word' id='word_1_160' title='bbox 383 2394 656 2462; x_wconf 88' lang='lat' dir='ltr'><strong>inquiens,</strong></span> <span class='ocrx_word' id='word_1_161' title='bbox 684 2409 750 2450; x_wconf 86' lang='lat' dir='ltr'><strong>ex</strong></span> <span class='ocrx_word' id='word_1_162' title='bbox 784 2396 973 2458; x_wconf 80' lang='lat' dir='ltr'><strong>Adam,</strong></span> <span class='ocrx_word' id='word_1_163' title='bbox 997 2396 1167 2450; x_wconf 85' lang='lat' dir='ltr'><strong>Adam</strong></span> <span class='ocrx_word' id='word_1_164' title='bbox 1203 2406 1386 2451; x_wconf 89' lang='lat' dir='ltr'><strong>autem</strong></span> <span class='ocrx_word' id='word_1_165' title='bbox 1421 2412 1488 2452; x_wconf 87' lang='lat' dir='ltr'><strong>ex</strong></span> <span class='ocrx_word' id='word_1_166' title='bbox 1523 2398 1655 2462; x_wconf 89' lang='lat' dir='ltr'><strong>Deo,</strong></span> <span class='ocrx_word' id='word_1_167' title='bbox 1684 2397 1815 2453; x_wconf 82' lang='lat' dir='ltr'><strong>fecit</strong></span> <span class='ocrx_word' id='word_1_168' title='bbox 1849 2416 1952 2454; x_wconf 87' lang='lat' dir='ltr'><strong>nu-</strong></span> 
     </span>
    </p>
   </div>
   <div class='ocr_carea' id='block_1_26' title="bbox 385 2485 1953 2558">
    <p class='ocr_par' dir='ltr' id='par_1_26' title="bbox 385 2485 1953 2558">
     <span class='ocr_line' id='line_1_26' title="bbox 385 2485 1953 2558; baseline 0.005 -21"><span class='ocrx_word' id='word_1_169' title='bbox 385 2485 631 2539; x_wconf 85' lang='lat' dir='ltr'><strong>merandi</strong></span> <span class='ocrx_word' id='word_1_170' title='bbox 681 2486 866 2540; x_wconf 77' lang='lat' dir='ltr'><strong>tinctu.</strong></span> <span class='ocrx_word' id='word_1_171' title='bbox 916 2486 1103 2557; x_wconf 83' lang='lat' dir='ltr'><strong>Neque</strong></span> <span class='ocrx_word' id='word_1_172' title='bbox 1147 2503 1276 2543; x_wconf 82' lang='lat' dir='ltr'><strong>vero</strong></span> <span class='ocrx_word' id='word_1_173' title='bbox 1327 2490 1377 2543; x_wconf 91' lang='lat' dir='ltr'><strong>in</strong></span> <span class='ocrx_word' id='word_1_174' title='bbox 1410 2504 1473 2542; x_wconf 89' lang='lat' dir='ltr'><strong>ea</strong></span> <span class='ocrx_word' id='word_1_175' title='bbox 1504 2491 1772 2558; x_wconf 82' lang='lat' dir='ltr'><strong>cujusque</strong></span> <span class='ocrx_word' id='word_1_176' title='bbox 1802 2500 1953 2545; x_wconf 89' lang='lat' dir='ltr'><strong>ortus</strong></span> 
     </span>
    </p>
   </div>
   <div class='ocr_carea' id='block_1_27' title="bbox 384 2579 1955 2649">
    <p class='ocr_par' dir='ltr' id='par_1_27' title="bbox 384 2579 1955 2649">
     <span class='ocr_line' id='line_1_27' title="bbox 384 2579 1955 2649; baseline 0.007 -24"><span class='ocrx_word' id='word_1_177' title='bbox 384 2579 749 2646; x_wconf 66' lang='lat' dir='ltr'><strong>explicatione</strong></span> <span class='ocrx_word' id='word_1_178' title='bbox 781 2589 1005 2633; x_wconf 89' lang='lat' dir='ltr'><strong>naturas</strong></span> <span class='ocrx_word' id='word_1_179' title='bbox 1052 2594 1241 2634; x_wconf 85' lang='lat' dir='ltr'><strong>eorum</strong></span> <span class='ocrx_word' id='word_1_180' title='bbox 1274 2596 1410 2649; x_wconf 90' lang='lat' dir='ltr'><strong>quos</strong></span> <span class='ocrx_word' id='word_1_181' title='bbox 1458 2592 1825 2646; x_wconf 85' lang='lat' dir='ltr'><strong>recensuerat,</strong></span> <span class='ocrx_word' id='word_1_182' title='bbox 1863 2597 1955 2635; x_wconf 86' lang='lat' dir='ltr'><strong>os-</strong></span> 
     </span>
    </p>
   </div>
   <div class='ocr_carea' id='block_1_28' title="bbox 384 2669 1955 2742">
    <p class='ocr_par' dir='ltr' id='par_1_28' title="bbox 384 2669 1955 2742">
     <span class='ocr_line' id='line_1_28' title="bbox 384 2669 1955 2742; baseline 0.005 -22"><span class='ocrx_word' id='word_1_183' title='bbox 384 2669 582 2735; x_wconf 80' lang='lat' dir='ltr'><strong>tendit,</strong></span> <span class='ocrx_word' id='word_1_184' title='bbox 636 2670 731 2724; x_wconf 91' lang='lat' dir='ltr'><strong>sed</strong></span> <span class='ocrx_word' id='word_1_185' title='bbox 780 2669 1071 2739; x_wconf 86' lang='lat' dir='ltr'><strong>conjuncta</strong></span> <span class='ocrx_word' id='word_1_186' title='bbox 1119 2672 1410 2742; x_wconf 86' lang='lat' dir='ltr'><strong>principia,</strong></span> <span class='ocrx_word' id='word_1_187' title='bbox 1453 2688 1518 2726; x_wconf 88' lang='lat' dir='ltr'><strong>ex</strong></span> <span class='ocrx_word' id='word_1_188' title='bbox 1566 2689 1674 2741; x_wconf 91' lang='lat' dir='ltr'><strong>quo</strong></span> <span class='ocrx_word' id='word_1_189' title='bbox 1725 2674 1955 2742; x_wconf 88' lang='lat' dir='ltr'><strong>quisque</strong></span> 
     </span>
    </p>
   </div>
   <div class='ocr_carea' id='block_1_29' title="bbox 380 2764 1953 2834">
    <p class='ocr_par' dir='ltr' id='par_1_29' title="bbox 380 2764 1953 2834">
     <span class='ocr_line' id='line_1_29' title="bbox 380 2764 1953 2834; baseline 0.004 -24"><span class='ocrx_word' id='word_1_190' title='bbox 380 2767 541 2813; x_wconf 88' lang='lat' dir='ltr'><strong>natus</strong></span> <span class='ocrx_word' id='word_1_191' title='bbox 597 2770 741 2815; x_wconf 86' lang='lat' dir='ltr'><strong>esset</strong></span> <span class='ocrx_word' id='word_1_192' title='bbox 797 2764 1067 2830; x_wconf 80' lang='lat' dir='ltr'><strong>exposuit.</strong></span> <span class='ocrx_word' id='word_1_193' title='bbox 1122 2764 1588 2827; x_wconf 87' lang='lat' dir='ltr'><strong>Quemadmodum</strong></span> <span class='ocrx_word' id='word_1_194' title='bbox 1639 2765 1801 2834; x_wconf 86' lang='lat' dir='ltr'><strong>igitur</strong></span> <span class='ocrx_word' id='word_1_195' title='bbox 1862 2767 1953 2819; x_wconf 88' lang='lat' dir='ltr'><strong>ille</strong></span> 
     </span>
    </p>
   </div>
   <div class='ocr_carea' id='block_1_30' title="bbox 382 2852 1952 2927">
    <p class='ocr_par' dir='ltr' id='par_1_30' title="bbox 382 2852 1952 2927">
     <span class='ocr_line' id='line_1_30' title="bbox 382 2852 1952 2927; baseline 0.005 -25"><span class='ocrx_word' id='word_1_196' title='bbox 382 2852 542 2917; x_wconf 80' lang='lat' dir='ltr'><strong>dixit,</strong></span> <span class='ocrx_word' id='word_1_197' title='bbox 574 2854 746 2907; x_wconf 86' lang='lat' dir='ltr'><strong>Adam</strong></span> <span class='ocrx_word' id='word_1_198' title='bbox 781 2869 845 2908; x_wconf 87' lang='lat' dir='ltr'><strong>ex</strong></span> <span class='ocrx_word' id='word_1_199' title='bbox 902 2853 1032 2917; x_wconf 90' lang='lat' dir='ltr'><strong>Deo,</strong></span> <span class='ocrx_word' id='word_1_200' title='bbox 1076 2856 1147 2910; x_wconf 87' lang='lat' dir='ltr'><strong>ita</strong></span> <span class='ocrx_word' id='word_1_201' title='bbox 1189 2866 1403 2911; x_wconf 89' lang='lat' dir='ltr'><strong>nosmet</strong></span> <span class='ocrx_word' id='word_1_202' title='bbox 1439 2858 1481 2911; x_wconf 93' lang='lat' dir='ltr'><strong>si</strong></span> <span class='ocrx_word' id='word_1_203' title='bbox 1518 2872 1549 2911; x_wconf 87' lang='lat' dir='ltr'><strong>a</strong></span> <span class='ocrx_word' id='word_1_204' title='bbox 1579 2858 1738 2912; x_wconf 86' lang='lat' dir='ltr'><strong>nobis</strong></span> <span class='ocrx_word' id='word_1_205' title='bbox 1760 2859 1952 2927; x_wconf 84' lang='lat' dir='ltr'><strong>exqui-</strong></span> 
     </span>
    </p>
   </div>
   <div class='ocr_carea' id='block_1_31' title="bbox 381 2932 1951 3016">
    <p class='ocr_par' dir='ltr' id='par_1_31' title="bbox 381 2932 1951 3016">
     <span class='ocr_line' id='line_1_31' title="bbox 381 2932 1951 3016; baseline 0.004 -22"><span class='ocrx_word' id='word_1_206' title='bbox 381 2957 590 3005; x_wconf 88' lang='lat' dir='ltr'><strong>ramus,</strong></span> <span class='ocrx_word' id='word_1_207' title='bbox 648 2943 790 2999; x_wconf 89' lang='lat' dir='ltr'><strong>Deus</strong></span> <span class='ocrx_word' id='word_1_208' title='bbox 826 2932 1005 3000; x_wconf 86' lang='lat' dir='ltr'><strong>autem</strong></span> <span class='ocrx_word' id='word_1_209' title='bbox 1053 2964 1115 3001; x_wconf 80' lang='lat' dir='ltr'><strong>ex</strong></span> <span class='ocrx_word' id='word_1_210' title='bbox 1146 2950 1304 3015; x_wconf 87' lang='lat' dir='ltr'><strong>quo?</strong></span> <span class='ocrx_word' id='word_1_211' title='bbox 1352 2964 1533 3002; x_wconf 88' lang='lat' dir='ltr'><strong>nonne</strong></span> <span class='ocrx_word' id='word_1_212' title='bbox 1586 2949 1641 3002; x_wconf 92' lang='lat' dir='ltr'><strong>in</strong></span> <span class='ocrx_word' id='word_1_213' title='bbox 1685 2948 1951 3016; x_wconf 74' lang='lat' dir='ltr'><strong>cujusque</strong></span> 
     </span>
    </p>
   </div>
   <div class='ocr_carea' id='block_1_32' title="bbox 385 3035 1948 3108">
    <p class='ocr_par' dir='ltr' id='par_1_32' title="bbox 385 3035 1948 3108">
     <span class='ocr_line' id='line_1_32' title="bbox 385 3035 1948 3108; baseline 0.004 -22"><span class='ocrx_word' id='word_1_214' title='bbox 385 3035 712 3101; x_wconf 73' lang='lat' dir='ltr'><strong>eOgitatione</strong></span> <span class='ocrx_word' id='word_1_215' title='bbox 776 3050 1089 3108; x_wconf 88' lang='lat' dir='ltr'><strong>promptum</strong></span> <span class='ocrx_word' id='word_1_216' title='bbox 1158 3040 1288 3095; x_wconf 89' lang='lat' dir='ltr'><strong>illud</strong></span> <span class='ocrx_word' id='word_1_217' title='bbox 1340 3042 1467 3104; x_wconf 84' lang='lat' dir='ltr'><strong>erit,</strong></span> <span class='ocrx_word' id='word_1_218' title='bbox 1528 3056 1594 3095; x_wconf 89' lang='lat' dir='ltr'><strong>ex</strong></span> <span class='ocrx_word' id='word_1_219' title='bbox 1646 3041 1843 3095; x_wconf 83' lang='lat' dir='ltr'><strong>nullo?</strong></span> <span class='ocrx_word' id='word_1_220' title='bbox 1876 3041 1948 3094; x_wconf 87' lang='lat' dir='ltr'><strong>Ex</strong></span> 
     </span>
    </p>
   </div>
   <div class='ocr_carea' id='block_1_33' title="bbox 385 3125 2021 3215">
    <p class='ocr_par' dir='ltr' id='par_1_33' title="bbox 385 3125 2021 3215">
     <span class='ocr_line' id='line_1_33' title="bbox 385 3125 2021 3215; baseline 0.006 -39"><span class='ocrx_word' id='word_1_221' title='bbox 385 3125 536 3180; x_wconf 89' lang='lat' dir='ltr'><strong>nullo</strong></span> <span class='ocrx_word' id='word_1_222' title='bbox 568 3135 750 3181; x_wconf 86' lang='lat' dir='ltr'><strong>autem</strong></span> <span class='ocrx_word' id='word_1_223' title='bbox 790 3128 916 3194; x_wconf 92' lang='lat' dir='ltr'><strong>quid</strong></span> <span class='ocrx_word' id='word_1_224' title='bbox 956 3130 1100 3183; x_wconf 86' lang='lat' dir='ltr'><strong>aliud</strong></span> <span class='ocrx_word' id='word_1_225' title='bbox 1135 3129 1428 3197; x_wconf 77' lang='lat' dir='ltr'><strong>signiﬁcat,</strong></span> <span class='ocrx_word' id='word_1_226' title='bbox 1468 3130 1571 3183; x_wconf 87' lang='lat' dir='ltr'><strong>nisi</strong></span> <span class='ocrx_word' id='word_1_227' title='bbox 1610 3146 1719 3183; x_wconf 90' lang='lat' dir='ltr'><strong>non</strong></span> <span class='ocrx_word' id='word_1_228' title='bbox 1752 3131 1952 3185; x_wconf 88' lang='lat' dir='ltr'><strong>habere</strong></span> <span class='ocrx_word' id='word_1_229' title='bbox 1977 3152 2021 3215; x_wconf 67' lang='grc' dir='ltr'><strong>ρ</strong></span> 
     </span>
    </p>
   </div>
   <div class='ocr_carea' id='block_1_34' title="bbox 383 3218 1950 3290">
    <p class='ocr_par' dir='ltr' id='par_1_34' title="bbox 383 3218 1950 3290">
     <span class='ocr_line' id='line_1_34' title="bbox 383 3218 1950 3290; baseline 0.004 -22"><span class='ocrx_word' id='word_1_230' title='bbox 383 3218 737 3285; x_wconf 85' lang='lat' dir='ltr'><strong>principium,</strong></span> <span class='ocrx_word' id='word_1_231' title='bbox 772 3230 960 3276; x_wconf 90' lang='lat' dir='ltr'><strong>etnon</strong></span> <span class='ocrx_word' id='word_1_232' title='bbox 999 3221 1199 3274; x_wconf 83' lang='lat' dir='ltr'><strong>habere</strong></span> <span class='ocrx_word' id='word_1_233' title='bbox 1230 3221 1585 3290; x_wconf 88' lang='lat' dir='ltr'><strong>principium,</strong></span> <span class='ocrx_word' id='word_1_234' title='bbox 1622 3222 1752 3289; x_wconf 89' lang='lat' dir='ltr'><strong>quid</strong></span> <span class='ocrx_word' id='word_1_235' title='bbox 1782 3222 1950 3285; x_wconf 89' lang='lat' dir='ltr'><strong>aliud,</strong></span> 
     </span>
    </p>
   </div>
   <div class='ocr_carea' id='block_1_35' title="bbox 386 3308 1951 3381">
    <p class='ocr_par' dir='ltr' id='par_1_35' title="bbox 386 3308 1951 3381">
     <span class='ocr_line' id='line_1_35' title="bbox 386 3308 1951 3381; baseline 0.006 -22"><span class='ocrx_word' id='word_1_236' title='bbox 386 3308 487 3360; x_wconf 82' lang='lat' dir='ltr'><strong>nisi</strong></span> <span class='ocrx_word' id='word_1_237' title='bbox 521 3309 821 3381; x_wconf 78' lang='lat' dir='ltr'><strong>ingenitum</strong></span> <span class='ocrx_word' id='word_1_238' title='bbox 854 3313 1017 3365; x_wconf 77' lang='lat' dir='ltr'><strong>esse?</strong></span> <span class='ocrx_word' id='word_1_239' title='bbox 1073 3312 1142 3366; x_wconf 90' lang='lat' dir='ltr'><strong>Ut</strong></span> <span class='ocrx_word' id='word_1_240' title='bbox 1175 3311 1340 3381; x_wconf 83' lang='lat' dir='ltr'><strong>igitur</strong></span> <span class='ocrx_word' id='word_1_241' title='bbox 1371 3312 1422 3365; x_wconf 93' lang='lat' dir='ltr'><strong>in</strong></span> <span class='ocrx_word' id='word_1_242' title='bbox 1461 3310 1797 3378; x_wconf 88' lang='lat' dir='ltr'><strong>hominibus,</strong></span> <span class='ocrx_word' id='word_1_243' title='bbox 1829 3329 1951 3369; x_wconf 89' lang='lat' dir='ltr'><strong>cum</strong></span> 
     </span>
    </p>
   </div>
   <div class='ocr_carea' id='block_1_36' title="bbox 390 3398 1952 3464">
    <p class='ocr_par' dir='ltr' id='par_1_36' title="bbox 390 3398 1952 3464">
     <span class='ocr_line' id='line_1_36' title="bbox 390 3398 1952 3464; baseline 0.006 -16"><span class='ocrx_word' id='word_1_244' title='bbox 390 3398 479 3451; x_wconf 80' lang='lat' dir='ltr'><strong>hic</strong></span> <span class='ocrx_word' id='word_1_245' title='bbox 527 3414 593 3453; x_wconf 87' lang='lat' dir='ltr'><strong>ex</strong></span> <span class='ocrx_word' id='word_1_246' title='bbox 638 3400 730 3455; x_wconf 88' lang='lat' dir='ltr'><strong>illo</strong></span> <span class='ocrx_word' id='word_1_247' title='bbox 774 3412 931 3456; x_wconf 87' lang='lat' dir='ltr'><strong>natus</strong></span> <span class='ocrx_word' id='word_1_248' title='bbox 979 3402 1277 3464; x_wconf 79' lang='lat' dir='ltr'><strong>diceretur,</strong></span> <span class='ocrx_word' id='word_1_249' title='bbox 1314 3418 1422 3456; x_wconf 91' lang='lat' dir='ltr'><strong>non</strong></span> <span class='ocrx_word' id='word_1_250' title='bbox 1473 3418 1660 3457; x_wconf 87' lang='lat' dir='ltr'><strong>eorum</strong></span> <span class='ocrx_word' id='word_1_251' title='bbox 1718 3406 1952 3458; x_wconf 83' lang='lat' dir='ltr'><strong>essentia</strong></span> 
     </span>
    </p>
   </div>
   <div class='ocr_carea' id='block_1_37' title="bbox 385 3490 1952 3566">
    <p class='ocr_par' dir='ltr' id='par_1_37' title="bbox 385 3490 1952 3566">
     <span class='ocr_line' id='line_1_37' title="bbox 385 3490 1952 3566; baseline 0.004 -22"><span class='ocrx_word' id='word_1_252' title='bbox 385 3490 792 3555; x_wconf 84' lang='lat' dir='ltr'><strong>declarahatur,</strong></span> <span class='ocrx_word' id='word_1_253' title='bbox 844 3494 922 3547; x_wconf 91' lang='lat' dir='ltr'><strong>sic</strong></span> <span class='ocrx_word' id='word_1_254' title='bbox 954 3510 1076 3549; x_wconf 89' lang='lat' dir='ltr'><strong>cum</strong></span> <span class='ocrx_word' id='word_1_255' title='bbox 1126 3493 1191 3549; x_wconf 88' lang='lat' dir='ltr'><strong>de</strong></span> <span class='ocrx_word' id='word_1_256' title='bbox 1216 3495 1459 3549; x_wconf 89' lang='lat' dir='ltr'><strong>omnium</strong></span> <span class='ocrx_word' id='word_1_257' title='bbox 1505 3496 1613 3550; x_wconf 85' lang='lat' dir='ltr'><strong>Deo</strong></span> <span class='ocrx_word' id='word_1_258' title='bbox 1654 3496 1952 3566; x_wconf 83' lang='lat' dir='ltr'><strong>ingenitum</strong></span> 
     </span>
    </p>
   </div>
   <div class='ocr_carea' id='block_1_38' title="bbox 385 3584 1952 3655">
    <p class='ocr_par' dir='ltr' id='par_1_38' title="bbox 385 3584 1952 3655">
     <span class='ocr_line' id='line_1_38' title="bbox 385 3584 1952 3655; baseline 0.008 -24"><span class='ocrx_word' id='word_1_259' title='bbox 385 3584 638 3648; x_wconf 71' lang='lat' dir='ltr'><strong>dicimus,</strong></span> <span class='ocrx_word' id='word_1_260' title='bbox 670 3585 810 3654; x_wconf 82' lang='lat' dir='ltr'><strong>quod</strong></span> <span class='ocrx_word' id='word_1_261' title='bbox 841 3586 1069 3655; x_wconf 89' lang='lat' dir='ltr'><strong>perinde</strong></span> <span class='ocrx_word' id='word_1_262' title='bbox 1100 3596 1183 3642; x_wconf 88' lang='lat' dir='ltr'><strong>est</strong></span> <span class='ocrx_word' id='word_1_263' title='bbox 1212 3602 1274 3643; x_wconf 87' lang='lat' dir='ltr'><strong>ac</strong></span> <span class='ocrx_word' id='word_1_264' title='bbox 1301 3588 1345 3644; x_wconf 84' lang='lat' dir='ltr'><strong>si</strong></span> <span class='ocrx_word' id='word_1_265' title='bbox 1380 3604 1443 3642; x_wconf 90' lang='lat' dir='ltr'><strong>ex</strong></span> <span class='ocrx_word' id='word_1_266' title='bbox 1476 3588 1625 3642; x_wconf 93' lang='lat' dir='ltr'><strong>nullo</strong></span> <span class='ocrx_word' id='word_1_267' title='bbox 1651 3588 1952 3655; x_wconf 86' lang='lat' dir='ltr'><strong>diceretur,</strong></span> 
     </span>
    </p>
   </div>
   <div class='ocr_carea' id='block_1_39' title="bbox 381 3676 1954 3750">
    <p class='ocr_par' dir='ltr' id='par_1_39' title="bbox 381 3676 1954 3750">
     <span class='ocr_line' id='line_1_39' title="bbox 381 3676 1954 3750; baseline 0.005 -23"><span class='ocrx_word' id='word_1_268' title='bbox 381 3690 489 3728; x_wconf 91' lang='lat' dir='ltr'><strong>non</strong></span> <span class='ocrx_word' id='word_1_269' title='bbox 517 3676 635 3744; x_wconf 83' lang='lat' dir='ltr'><strong>ejus</strong></span> <span class='ocrx_word' id='word_1_270' title='bbox 662 3678 959 3732; x_wconf 87' lang='lat' dir='ltr'><strong>essentiam</strong></span> <span class='ocrx_word' id='word_1_271' title='bbox 975 3680 1336 3745; x_wconf 87' lang='lat' dir='ltr'><strong>ostendimus;</strong></span> <span class='ocrx_word' id='word_1_272' title='bbox 1362 3682 1471 3750; x_wconf 88' lang='lat' dir='ltr'><strong>jam</strong></span> <span class='ocrx_word' id='word_1_273' title='bbox 1491 3681 1581 3749; x_wconf 88' lang='lat' dir='ltr'><strong>qui</strong></span> <span class='ocrx_word' id='word_1_274' title='bbox 1614 3681 1667 3733; x_wconf 91' lang='lat' dir='ltr'><strong>in</strong></span> <span class='ocrx_word' id='word_1_275' title='bbox 1693 3682 1954 3749; x_wconf 81' lang='lat' dir='ltr'><strong>principio</strong></span> 
     </span>
    </p>
   </div>
   <div class='ocr_carea' id='block_1_40' title="bbox 383 3771 1953 3838">
    <p class='ocr_par' dir='ltr' id='par_1_40' title="bbox 383 3771 1953 3838">
     <span class='ocr_line' id='line_1_40' title="bbox 383 3771 1953 3838; baseline 0.008 -19"><span class='ocrx_word' id='word_1_276' title='bbox 383 3783 584 3833; x_wconf 78' lang='lat' dir='ltr'><strong>carere,</strong></span> <span class='ocrx_word' id='word_1_277' title='bbox 639 3771 936 3825; x_wconf 83' lang='lat' dir='ltr'><strong>essentiam</strong></span> <span class='ocrx_word' id='word_1_278' title='bbox 985 3787 1107 3827; x_wconf 89' lang='lat' dir='ltr'><strong>esse</strong></span> <span class='ocrx_word' id='word_1_279' title='bbox 1155 3774 1308 3837; x_wconf 83' lang='lat' dir='ltr'><strong>dicit,</strong></span> <span class='ocrx_word' id='word_1_280' title='bbox 1360 3774 1611 3831; x_wconf 87' lang='lat' dir='ltr'><strong>similiter</strong></span> <span class='ocrx_word' id='word_1_281' title='bbox 1639 3774 1789 3838; x_wconf 77' lang='lat' dir='ltr'><strong>facit,</strong></span> <span class='ocrx_word' id='word_1_282' title='bbox 1822 3777 1953 3831; x_wconf 91' lang='lat' dir='ltr'><strong>utsi</strong></span> 
     </span>
    </p>
   </div>
   <div class='ocr_carea' id='block_1_41' title="bbox 383 3860 1953 3935">
    <p class='ocr_par' dir='ltr' id='par_1_41' title="bbox 383 3860 1953 3935">
     <span class='ocr_line' id='line_1_41' title="bbox 383 3860 1953 3935; baseline 0.009 -26"><span class='ocrx_word' id='word_1_283' title='bbox 383 3860 505 3928; x_wconf 81' lang='lat' dir='ltr'><strong>quis</strong></span> <span class='ocrx_word' id='word_1_284' title='bbox 551 3861 915 3934; x_wconf 89' lang='lat' dir='ltr'><strong>interrogatus</strong></span> <span class='ocrx_word' id='word_1_285' title='bbox 940 3879 1191 3933; x_wconf 69' lang='lat' dir='ltr'><strong>quaenam</strong></span> <span class='ocrx_word' id='word_1_286' title='bbox 1222 3865 1292 3919; x_wconf 88' lang='lat' dir='ltr'><strong>sit</strong></span> <span class='ocrx_word' id='word_1_287' title='bbox 1320 3864 1487 3919; x_wconf 83' lang='lat' dir='ltr'><strong>Adam</strong></span> <span class='ocrx_word' id='word_1_288' title='bbox 1527 3867 1764 3922; x_wconf 87' lang='lat' dir='ltr'><strong>essentia</strong></span> <span class='ocrx_word' id='word_1_289' title='bbox 1792 3876 1953 3935; x_wconf 90' lang='lat' dir='ltr'><strong>atque</strong></span> 
     </span>
    </p>
   </div>
   <div class='ocr_carea' id='block_1_42' title="bbox 384 3951 1953 4019">
    <p class='ocr_par' dir='ltr' id='par_1_42' title="bbox 384 3951 1953 4019">
     <span class='ocr_line' id='line_1_42' title="bbox 384 3951 1953 4019; baseline 0.006 -21"><span class='ocrx_word' id='word_1_290' title='bbox 384 3959 601 4014; x_wconf 78' lang='lat' dir='ltr'><strong>natura,</strong></span> <span class='ocrx_word' id='word_1_291' title='bbox 672 3951 1004 4019; x_wconf 87' lang='lat' dir='ltr'><strong>respondeat</strong></span> <span class='ocrx_word' id='word_1_292' title='bbox 1053 3967 1162 4005; x_wconf 91' lang='lat' dir='ltr'><strong>non</strong></span> <span class='ocrx_word' id='word_1_293' title='bbox 1214 3968 1281 4007; x_wconf 90' lang='lat' dir='ltr'><strong>ex</strong></span> <span class='ocrx_word' id='word_1_294' title='bbox 1327 3952 1568 4007; x_wconf 86' lang='lat' dir='ltr'><strong>hominis</strong></span> <span class='ocrx_word' id='word_1_295' title='bbox 1634 3963 1687 4007; x_wconf 90' lang='lat' dir='ltr'><strong>et</strong></span> <span class='ocrx_word' id='word_1_296' title='bbox 1737 3954 1953 4008; x_wconf 70' lang='lat' dir='ltr'><strong>femina:</strong></span> 
     </span>
    </p>
   </div>
   <div class='ocr_carea' id='block_1_43' title="bbox 385 4042 1947 4108">
    <p class='ocr_par' dir='ltr' id='par_1_43' title="bbox 385 4042 1947 4108">
     <span class='ocr_line' id='line_1_43' title="bbox 385 4042 1947 4108; baseline 0.007 -18"><span class='ocrx_word' id='word_1_297' title='bbox 385 4042 765 4099; x_wconf 69' lang='lat' dir='ltr'><strong>commistione</strong></span> <span class='ocrx_word' id='word_1_298' title='bbox 792 4053 977 4105; x_wconf 88' lang='lat' dir='ltr'><strong>natum</strong></span> <span class='ocrx_word' id='word_1_299' title='bbox 1004 4059 1146 4108; x_wconf 90' lang='lat' dir='ltr'><strong>esse,</strong></span> <span class='ocrx_word' id='word_1_300' title='bbox 1183 4044 1276 4098; x_wconf 89' lang='lat' dir='ltr'><strong>sed</strong></span> <span class='ocrx_word' id='word_1_301' title='bbox 1306 4060 1464 4098; x_wconf 89' lang='lat' dir='ltr'><strong>manu</strong></span> <span class='ocrx_word' id='word_1_302' title='bbox 1494 4045 1681 4100; x_wconf 76' lang='lat' dir='ltr'><strong>divina</strong></span> <span class='ocrx_word' id='word_1_303' title='bbox 1741 4047 1947 4103; x_wconf 81' lang='lat' dir='ltr'><strong>forma-</strong></span> 
     </span>
    </p>
   </div>
   <div class='ocr_carea' id='block_1_44' title="bbox 386 4132 1948 4208">
    <p class='ocr_par' dir='ltr' id='par_1_44' title="bbox 386 4132 1948 4208">
     <span class='ocr_line' id='line_1_44' title="bbox 386 4132 1948 4208; baseline 0.006 -26"><span class='ocrx_word' id='word_1_304' title='bbox 386 4143 526 4185; x_wconf 84' lang='lat' dir='ltr'><strong>tum.</strong></span> <span class='ocrx_word' id='word_1_305' title='bbox 586 4132 743 4187; x_wconf 90' lang='lat' dir='ltr'><strong>Tunc</strong></span> <span class='ocrx_word' id='word_1_306' title='bbox 798 4136 944 4191; x_wconf 89' lang='lat' dir='ltr'><strong>enim</strong></span> <span class='ocrx_word' id='word_1_307' title='bbox 1000 4137 1110 4200; x_wconf 89' lang='lat' dir='ltr'><strong>ille,</strong></span> <span class='ocrx_word' id='word_1_308' title='bbox 1174 4137 1265 4205; x_wconf 92' lang='lat' dir='ltr'><strong>qui</strong></span> <span class='ocrx_word' id='word_1_309' title='bbox 1330 4138 1685 4208; x_wconf 71' lang='lat' dir='ltr'><strong>interrogavit</strong></span> <span class='ocrx_word' id='word_1_310' title='bbox 1744 4156 1757 4192; x_wconf 93' lang='lat'>:</span> <span class='ocrx_word' id='word_1_311' title='bbox 1829 4138 1948 4192; x_wconf 82' lang='lat' dir='ltr'><strong>Non</strong></span> 
     </span>
    </p>
   </div>
   <div class='ocr_carea' id='block_1_45' title="bbox 385 4225 1952 4300">
    <p class='ocr_par' dir='ltr' id='par_1_45' title="bbox 385 4225 1952 4300">
     <span class='ocr_line' id='line_1_45' title="bbox 385 4225 1952 4300; baseline 0.007 -26"><span class='ocrx_word' id='word_1_312' title='bbox 385 4238 593 4297; x_wconf 73' lang='lat' dir='ltr'><strong>qurere,</strong></span> <span class='ocrx_word' id='word_1_313' title='bbox 624 4225 855 4293; x_wconf 88' lang='lat' dir='ltr'><strong>inquiet,</strong></span> <span class='ocrx_word' id='word_1_314' title='bbox 900 4229 1170 4296; x_wconf 83' lang='lat' dir='ltr'><strong>quomodo</strong></span> <span class='ocrx_word' id='word_1_315' title='bbox 1224 4230 1514 4293; x_wconf 84' lang='lat' dir='ltr'><strong>exstiterit,</strong></span> <span class='ocrx_word' id='word_1_316' title='bbox 1545 4230 1640 4284; x_wconf 88' lang='lat' dir='ltr'><strong>sed</strong></span> <span class='ocrx_word' id='word_1_317' title='bbox 1668 4245 1788 4300; x_wconf 77' lang='lat' dir='ltr'><strong>qua:</strong></span> <span class='ocrx_word' id='word_1_318' title='bbox 1822 4232 1952 4285; x_wconf 88' lang='lat' dir='ltr'><strong>sub-</strong></span> 
     </span>
    </p>
   </div>
   <div class='ocr_carea' id='block_1_46' title="bbox 383 4315 1951 4388">
    <p class='ocr_par' dir='ltr' id='par_1_46' title="bbox 383 4315 1951 4388">
     <span class='ocr_line' id='line_1_46' title="bbox 383 4315 1951 4388; baseline 0.004 -19"><span class='ocrx_word' id='word_1_319' title='bbox 383 4318 529 4377; x_wconf 62' lang='lat' dir='ltr'><strong>,iccta</strong></span> <span class='ocrx_word' id='word_1_320' title='bbox 564 4315 736 4382; x_wconf 90' lang='lat' dir='ltr'><strong>ipsius</strong></span> <span class='ocrx_word' id='word_1_321' title='bbox 765 4320 990 4372; x_wconf 81' lang='lat' dir='ltr'><strong>materia</strong></span> <span class='ocrx_word' id='word_1_322' title='bbox 1023 4320 1208 4383; x_wconf 78' lang='lat' dir='ltr'><strong>fuerit,</strong></span> <span class='ocrx_word' id='word_1_323' title='bbox 1239 4321 1384 4388; x_wconf 88' lang='lat' dir='ltr'><strong>quod</strong></span> <span class='ocrx_word' id='word_1_324' title='bbox 1421 4321 1647 4374; x_wconf 90' lang='lat' dir='ltr'><strong>multum</strong></span> <span class='ocrx_word' id='word_1_325' title='bbox 1683 4322 1857 4387; x_wconf 85' lang='lat' dir='ltr'><strong>abest,</strong></span> <span class='ocrx_word' id='word_1_326' title='bbox 1892 4338 1951 4376; x_wconf 80' lang='lat' dir='ltr'><strong>Ut</strong></span> 
     </span>
    </p>
   </div>
   <div class='ocr_carea' id='block_1_47' title="bbox 383 4408 1951 4481">
    <p class='ocr_par' dir='ltr' id='par_1_47' title="bbox 383 4408 1951 4481">
     <span class='ocr_line' id='line_1_47' title="bbox 383 4408 1951 4481; baseline 0.007 -25"><span class='ocrx_word' id='word_1_327' title='bbox 383 4422 449 4458; x_wconf 62' lang='lat' dir='ltr'><strong>vx</strong></span> <span class='ocrx_word' id='word_1_328' title='bbox 498 4408 856 4476; x_wconf 88' lang='lat' dir='ltr'><strong>responsione</strong></span> <span class='ocrx_word' id='word_1_329' title='bbox 907 4420 996 4464; x_wconf 90' lang='lat' dir='ltr'><strong>tua</strong></span> <span class='ocrx_word' id='word_1_330' title='bbox 1049 4412 1302 4481; x_wconf 78' lang='lat' dir='ltr'><strong>colligere</strong></span> <span class='ocrx_word' id='word_1_331' title='bbox 1344 4412 1569 4467; x_wconf 80' lang='lat' dir='ltr'><strong>valeam.</strong></span> <span class='ocrx_word' id='word_1_332' title='bbox 1615 4413 1759 4467; x_wconf 83' lang='lat' dir='ltr'><strong>[dem</strong></span> <span class='ocrx_word' id='word_1_333' title='bbox 1795 4415 1951 4467; x_wconf 82' lang='lat' dir='ltr'><strong>nobis</strong></span> 
     </span>
    </p>
   </div>
   <div class='ocr_carea' id='block_1_48' title="bbox 2133 545 3642 624">
    <p class='ocr_par' dir='ltr' id='par_1_48' title="bbox 2133 545 3642 624">
     <span class='ocr_line' id='line_1_48' title="bbox 2133 545 3642 624; baseline 0.002 -23"><span class='ocrx_word' id='word_1_334' title='bbox 2133 547 2321 624; x_wconf 56' lang='grc' dir='ltr'><strong>ζᾴλοι)</strong></span> <span class='ocrx_word' id='word_1_335' title='bbox 2344 545 2665 624; x_wconf 16' lang='grc' dir='ltr'><strong>Βασήςλείοιξ</strong></span> <span class='ocrx_word' id='word_1_336' title='bbox 2684 547 2749 599; x_wconf 80' lang='grc' dir='ltr'><em>ἐκ</em></span> <span class='ocrx_word' id='word_1_337' title='bbox 2768 545 2872 624; x_wconf 58' lang='grc' dir='ltr'><strong>τοῦ</strong></span> <span class='ocrx_word' id='word_1_338' title='bbox 2895 547 3127 613; x_wconf 71' lang='grc' dir='ltr'>πρώτου</span> <span class='ocrx_word' id='word_1_339' title='bbox 3148 550 3333 616; x_wconf 67' lang='grc' dir='ltr'>λόγου</span> <span class='ocrx_word' id='word_1_340' title='bbox 3358 548 3476 602; x_wconf 80' lang='grc' dir='ltr'>τῶν</span> <span class='ocrx_word' id='word_1_341' title='bbox 3492 545 3642 620; x_wconf 53' lang='grc' dir='ltr'>πρὸς</span> 
     </span>
    </p>
   </div>
   <div class='ocr_carea' id='block_1_49' title="bbox 2132 618 2911 686">
    <p class='ocr_par' dir='ltr' id='par_1_49' title="bbox 2132 618 2911 686">
     <span class='ocr_line' id='line_1_49' title="bbox 2132 618 2911 686; baseline -0.001 -16"><span class='ocrx_word' id='word_1_342' title='bbox 2132 620 2432 686; x_wconf 71' lang='grc' dir='ltr'>Εὐνόμιον</span> <span class='ocrx_word' id='word_1_343' title='bbox 2461 618 2911 684; x_wconf 76' lang='grc' dir='ltr'>ἀντιρῤητικῶν.</span> 
     </span>
    </p>
   </div>
   <div class='ocr_carea' id='block_1_50' title="bbox 2135 751 3641 825">
    <p class='ocr_par' dir='ltr' id='par_1_50' title="bbox 2135 751 3641 825">
     <span class='ocr_line' id='line_1_50' title="bbox 2135 751 3641 825; baseline 0.003 -21"><span class='ocrx_word' id='word_1_344' title='bbox 2135 751 2477 821; x_wconf 82' lang='grc' dir='ltr'>Εὐρίσκομεν</span> <span class='ocrx_word' id='word_1_345' title='bbox 2505 753 2869 820; x_wconf 79' lang='grc' dir='ltr'>λογιζόμενοι,</span> <span class='ocrx_word' id='word_1_346' title='bbox 2894 754 2975 807; x_wconf 84' lang='grc' dir='ltr'>ὅτι</span> <span class='ocrx_word' id='word_1_347' title='bbox 2995 753 3094 805; x_wconf 76' lang='grc' dir='ltr'><strong>οὐκ</strong></span> <span class='ocrx_word' id='word_1_348' title='bbox 3125 755 3182 803; x_wconf 83' lang='grc' dir='ltr'>ὲν</span> <span class='ocrx_word' id='word_1_349' title='bbox 3204 757 3267 825; x_wconf 84' lang='grc' dir='ltr'><strong>τῇ</strong></span> <span class='ocrx_word' id='word_1_350' title='bbox 3290 754 3385 807; x_wconf 89' lang='grc' dir='ltr'><strong>τοῦ</strong></span> <span class='ocrx_word' id='word_1_351' title='bbox 3417 756 3468 808; x_wconf 87' lang='grc' dir='ltr'><strong>τί</strong></span> <span class='ocrx_word' id='word_1_352' title='bbox 3493 758 3641 809; x_wconf 72' lang='grc' dir='ltr'>ὲστν</span> 
     </span>
    </p>
   </div>
   <div class='ocr_carea' id='block_1_51' title="bbox 2061 845 3637 914">
    <p class='ocr_par' dir='ltr' id='par_1_51' title="bbox 2061 845 3637 914">
     <span class='ocr_line' id='line_1_51' title="bbox 2061 845 3637 914; baseline 0.001 -17"><span class='ocrx_word' id='word_1_353' title='bbox 2061 846 2414 911; x_wconf 79' lang='grc' dir='ltr'>ἀνερευνὴσει</span> <span class='ocrx_word' id='word_1_354' title='bbox 2446 846 2476 914; x_wconf 78' lang='grc' dir='ltr'>ἡ</span> <span class='ocrx_word' id='word_1_355' title='bbox 2517 845 2610 896; x_wconf 86' lang='grc' dir='ltr'><strong>τοῦ</strong></span> <span class='ocrx_word' id='word_1_356' title='bbox 2649 846 2940 913; x_wconf 71' lang='grc' dir='ltr'>ἀγεννῆτου</span> <span class='ocrx_word' id='word_1_357' title='bbox 2973 847 3103 913; x_wconf 71' lang='grc' dir='ltr'>ἡμῖν</span> <span class='ocrx_word' id='word_1_358' title='bbox 3125 847 3301 899; x_wconf 76' lang='grc' dir='ltr'>ἔννοια</span> <span class='ocrx_word' id='word_1_359' title='bbox 3324 849 3637 910; x_wconf 71' lang='grc' dir='ltr'>ὑποπίπτει,</span> 
     </span>
    </p>
   </div>
   <div class='ocr_carea' id='block_1_52' title="bbox 2061 935 3643 1008">
    <p class='ocr_par' dir='ltr' id='par_1_52' title="bbox 2061 935 3643 1008">
     <span class='ocr_line' id='line_1_52' title="bbox 2061 935 3643 1008; baseline 0.003 -23"><span class='ocrx_word' id='word_1_360' title='bbox 2061 935 2195 986; x_wconf 77' lang='grc' dir='ltr'><strong>ἀλλὰ</strong></span> <span class='ocrx_word' id='word_1_361' title='bbox 2252 936 2449 1000; x_wconf 74' lang='grc' dir='ltr'>μᾶλλον</span> <span class='ocrx_word' id='word_1_362' title='bbox 2484 938 2538 987; x_wconf 85' lang='grc' dir='ltr'>ὲν</span> <span class='ocrx_word' id='word_1_363' title='bbox 2577 939 2640 1004; x_wconf 79' lang='grc' dir='ltr'><strong>τῇ</strong></span> <span class='ocrx_word' id='word_1_364' title='bbox 2686 936 2779 987; x_wconf 85' lang='grc' dir='ltr'><strong>τοῦ</strong></span> <span class='ocrx_word' id='word_1_365' title='bbox 2810 938 2943 1005; x_wconf 76' lang='grc' dir='ltr'>ὅπερ</span> <span class='ocrx_word' id='word_1_366' title='bbox 2986 938 3153 989; x_wconf 76' lang='grc' dir='ltr'>ἐστίν.</span> <span class='ocrx_word' id='word_1_367' title='bbox 3202 939 3498 1001; x_wconf 79' lang='grc' dir='ltr'>Ἐξετάζων</span> <span class='ocrx_word' id='word_1_368' title='bbox 3531 940 3643 1008; x_wconf 67' lang='grc' dir='ltr'>γὰρ</span> 
     </span>
    </p>
   </div>
   <div class='ocr_carea' id='block_1_53' title="bbox 2058 1025 3641 1094">
    <p class='ocr_par' dir='ltr' id='par_1_53' title="bbox 2058 1025 3641 1094">
     <span class='ocr_line' id='line_1_53' title="bbox 2058 1025 3641 1094; baseline 0.004 -20"><span class='ocrx_word' id='word_1_369' title='bbox 2058 1025 2214 1094; x_wconf 79' lang='grc' dir='ltr'>ἡμῶν</span> <span class='ocrx_word' id='word_1_370' title='bbox 2245 1029 2269 1077; x_wconf 78' lang='grc' dir='ltr'>ὁ</span> <span class='ocrx_word' id='word_1_371' title='bbox 2294 1026 2437 1087; x_wconf 74' lang='grc' dir='ltr'>νοῦς,</span> <span class='ocrx_word' id='word_1_372' title='bbox 2461 1029 2507 1078; x_wconf 83' lang='grc' dir='ltr'><strong>εί</strong></span> <span class='ocrx_word' id='word_1_373' title='bbox 2529 1030 2555 1079; x_wconf 80' lang='grc' dir='ltr'>ὁ</span> <span class='ocrx_word' id='word_1_374' title='bbox 2587 1030 2678 1078; x_wconf 77' lang='grc' dir='ltr'><strong>ἐπὶ</strong></span> <span class='ocrx_word' id='word_1_375' title='bbox 2702 1028 2917 1079; x_wconf 83' lang='grc' dir='ltr'>πάντων</span> <span class='ocrx_word' id='word_1_376' title='bbox 2939 1029 3067 1087; x_wconf 70' lang='grc' dir='ltr'>Θεὸς</span> <span class='ocrx_word' id='word_1_377' title='bbox 3094 1029 3288 1081; x_wconf 78' lang='grc' dir='ltr'>ἑαυτοῦ</span> <span class='ocrx_word' id='word_1_378' title='bbox 3310 1047 3430 1081; x_wconf 87' lang='grc' dir='ltr'>τινα</span> <span class='ocrx_word' id='word_1_379' title='bbox 3459 1030 3641 1083; x_wconf 79' lang='grc' dir='ltr'><strong>αἰτίαν</strong></span> 
     </span>
    </p>
   </div>
   <div class='ocr_carea' id='block_1_54' title="bbox 2060 1116 3639 1187">
    <p class='ocr_par' dir='ltr' id='par_1_54' title="bbox 2060 1116 3639 1187">
     <span class='ocr_line' id='line_1_54' title="bbox 2060 1116 3639 1187; baseline 0.003 -19"><span class='ocrx_word' id='word_1_380' title='bbox 2060 1118 2460 1186; x_wconf 78' lang='grc' dir='ltr'><strong>ὑπερκειμένην</strong></span> <span class='ocrx_word' id='word_1_381' title='bbox 2493 1121 2625 1187; x_wconf 78' lang='grc' dir='ltr'>ἔχει,</span> <span class='ocrx_word' id='word_1_382' title='bbox 2660 1116 2778 1172; x_wconf 78' lang='grc' dir='ltr'>εἶτα</span> <span class='ocrx_word' id='word_1_383' title='bbox 2810 1121 2869 1171; x_wconf 79' lang='grc' dir='ltr'>οὐ</span> <span class='ocrx_word' id='word_1_384' title='bbox 2906 1120 3200 1187; x_wconf 80' lang='grc' dir='ltr'>δυνάμενος</span> <span class='ocrx_word' id='word_1_385' title='bbox 3226 1123 3460 1173; x_wconf 77' lang='grc' dir='ltr'>ἐπινοεῖν</span> <span class='ocrx_word' id='word_1_386' title='bbox 3486 1123 3639 1174; x_wconf 62' lang='lat'><strong>0-36:-</strong></span> 
     </span>
    </p>
   </div>
   <div class='ocr_carea' id='block_1_55' title="bbox 2062 1208 3641 1281">
    <p class='ocr_par' dir='ltr' id='par_1_55' title="bbox 2062 1208 3641 1281">
     <span class='ocr_line' id='line_1_55' title="bbox 2062 1208 3641 1281; baseline 0.004 -23"><span class='ocrx_word' id='word_1_387' title='bbox 2062 1208 2209 1275; x_wconf 79' lang='grc' dir='ltr'>μίαν,</span> <span class='ocrx_word' id='word_1_388' title='bbox 2242 1210 2300 1259; x_wconf 80' lang='grc' dir='ltr'>τὸ</span> <span class='ocrx_word' id='word_1_389' title='bbox 2334 1210 2565 1277; x_wconf 79' lang='grc' dir='ltr'>ἄναρχον</span> <span class='ocrx_word' id='word_1_390' title='bbox 2600 1210 2699 1277; x_wconf 73' lang='grc' dir='ltr'>τῆς</span> <span class='ocrx_word' id='word_1_391' title='bbox 2731 1210 2894 1262; x_wconf 67' lang='grc' dir='ltr'>αὑτοῦ</span> <span class='ocrx_word' id='word_1_392' title='bbox 2928 1210 3094 1279; x_wconf 62' lang='grc' dir='ltr'>ζωῆς)</span> <span class='ocrx_word' id='word_1_393' title='bbox 3129 1212 3418 1281; x_wconf 78' lang='grc' dir='ltr'><strong>ἀγέννητον</strong></span> <span class='ocrx_word' id='word_1_394' title='bbox 3469 1229 3641 1280; x_wconf 81' lang='grc' dir='ltr'>προσ-</span> 
     </span>
    </p>
   </div>
   <div class='ocr_carea' id='block_1_56' title="bbox 2056 1299 3638 1370">
    <p class='ocr_par' dir='ltr' id='par_1_56' title="bbox 2056 1299 3638 1370">
     <span class='ocr_line' id='line_1_56' title="bbox 2056 1299 3638 1370; baseline 0.003 -21"><span class='ocrx_word' id='word_1_395' title='bbox 2056 1299 2373 1366; x_wconf 74' lang='grc' dir='ltr'>ηγόρευσεν.</span> <span class='ocrx_word' id='word_1_396' title='bbox 2401 1300 2487 1361; x_wconf 84' lang='grc' dir='ltr'>Ὦς</span> <span class='ocrx_word' id='word_1_397' title='bbox 2510 1301 2616 1369; x_wconf 73' lang='grc' dir='ltr'>γὰρ</span> <span class='ocrx_word' id='word_1_398' title='bbox 2634 1303 2690 1352; x_wconf 78' lang='grc' dir='ltr'>ὲν</span> <span class='ocrx_word' id='word_1_399' title='bbox 2712 1304 2819 1363; x_wconf 84' lang='grc' dir='ltr'>τοῖς</span> <span class='ocrx_word' id='word_1_400' title='bbox 2845 1302 2974 1370; x_wconf 81' lang='grc' dir='ltr'>περὶ</span> <span class='ocrx_word' id='word_1_401' title='bbox 2990 1302 3099 1353; x_wconf 81' lang='grc' dir='ltr'>τῶν</span> <span class='ocrx_word' id='word_1_402' title='bbox 3119 1303 3422 1370; x_wconf 76' lang='grc' dir='ltr'>ἀνθρώπων</span> <span class='ocrx_word' id='word_1_403' title='bbox 3435 1302 3638 1369; x_wconf 76' lang='grc' dir='ltr'>λόγοις,</span> 
     </span>
    </p>
   </div>
   <div class='ocr_carea' id='block_1_57' title="bbox 2058 1385 3640 1457">
    <p class='ocr_par' dir='ltr' id='par_1_57' title="bbox 2058 1385 3640 1457">
     <span class='ocr_line' id='line_1_57' title="bbox 2058 1385 3640 1457; baseline 0.004 -21"><span class='ocrx_word' id='word_1_404' title='bbox 2058 1385 2186 1436; x_wconf 80' lang='grc' dir='ltr'>ὅταν</span> <span class='ocrx_word' id='word_1_405' title='bbox 2222 1386 2488 1454; x_wconf 76' lang='grc' dir='ltr'>λέγωμεν,</span> <span class='ocrx_word' id='word_1_406' title='bbox 2528 1388 2607 1445; x_wconf 77' lang='grc' dir='ltr'>ὅτι</span> <span class='ocrx_word' id='word_1_407' title='bbox 2636 1391 2661 1438; x_wconf 82' lang='grc' dir='ltr'>ὁ</span> <span class='ocrx_word' id='word_1_408' title='bbox 2690 1388 2839 1441; x_wconf 86' lang='grc' dir='ltr'>δεῖνα</span> <span class='ocrx_word' id='word_1_409' title='bbox 2869 1391 2930 1441; x_wconf 81' lang='grc' dir='ltr'><strong>ὲκ</strong></span> <span class='ocrx_word' id='word_1_410' title='bbox 2956 1389 3109 1442; x_wconf 85' lang='grc' dir='ltr'>τοῦδε</span> <span class='ocrx_word' id='word_1_411' title='bbox 3136 1392 3379 1457; x_wconf 76' lang='grc' dir='ltr'>γέγονεν,</span> <span class='ocrx_word' id='word_1_412' title='bbox 3407 1394 3468 1443; x_wconf 82' lang='grc' dir='ltr'>οὐ</span> <span class='ocrx_word' id='word_1_413' title='bbox 3496 1393 3558 1444; x_wconf 82' lang='grc' dir='ltr'>τὸ</span> <span class='ocrx_word' id='word_1_414' title='bbox 3582 1391 3640 1443; x_wconf 84' lang='grc' dir='ltr'><strong>τί</strong></span> 
     </span>
    </p>
   </div>
   <div class='ocr_carea' id='block_1_58' title="bbox 2057 1478 3640 1551">
    <p class='ocr_par' dir='ltr' id='par_1_58' title="bbox 2057 1478 3640 1551">
     <span class='ocr_line' id='line_1_58' title="bbox 2057 1478 3640 1551; baseline 0.004 -23"><span class='ocrx_word' id='word_1_415' title='bbox 2057 1478 2201 1529; x_wconf 69' lang='grc' dir='ltr'>ἐστιν</span> <span class='ocrx_word' id='word_1_416' title='bbox 2241 1480 2491 1541; x_wconf 80' lang='grc' dir='ltr'>ἑκάστου,</span> <span class='ocrx_word' id='word_1_417' title='bbox 2525 1479 2658 1531; x_wconf 75' lang='grc' dir='ltr'><strong>ἀλλὰ</strong></span> <span class='ocrx_word' id='word_1_418' title='bbox 2677 1480 2737 1532; x_wconf 80' lang='grc' dir='ltr'>τὸ</span> <span class='ocrx_word' id='word_1_419' title='bbox 2756 1480 2879 1536; x_wconf 82' lang='grc' dir='ltr'>ὅθεν</span> <span class='ocrx_word' id='word_1_420' title='bbox 2906 1482 3093 1547; x_wconf 80' lang='grc' dir='ltr'>γέγονε</span> <span class='ocrx_word' id='word_1_421' title='bbox 3119 1481 3471 1551; x_wconf 73' lang='grc' dir='ltr'><strong>διηγούμεθα,</strong></span> <span class='ocrx_word' id='word_1_422' title='bbox 3494 1483 3640 1535; x_wconf 77' lang='grc' dir='ltr'>οὕτω</span> 
     </span>
    </p>
   </div>
   <div class='ocr_carea' id='block_1_59' title="bbox 2058 1572 3640 1643">
    <p class='ocr_par' dir='ltr' id='par_1_59' title="bbox 2058 1572 3640 1643">
     <span class='ocr_line' id='line_1_59' title="bbox 2058 1572 3640 1643; baseline 0.003 -21"><span class='ocrx_word' id='word_1_423' title='bbox 2058 1572 2151 1622; x_wconf 74' lang='grc' dir='ltr'>καὶ</span> <span class='ocrx_word' id='word_1_424' title='bbox 2194 1573 2251 1622; x_wconf 86' lang='grc' dir='ltr'>ὲν</span> <span class='ocrx_word' id='word_1_425' title='bbox 2291 1572 2403 1632; x_wconf 78' lang='grc' dir='ltr'>τοῖς</span> <span class='ocrx_word' id='word_1_426' title='bbox 2444 1573 2573 1641; x_wconf 74' lang='grc' dir='ltr'>περὶ</span> <span class='ocrx_word' id='word_1_427' title='bbox 2599 1572 2735 1624; x_wconf 83' lang='grc' dir='ltr'><strong>Θεοῦ</strong></span> <span class='ocrx_word' id='word_1_428' title='bbox 2782 1573 2814 1641; x_wconf 82' lang='grc' dir='ltr'>ἡ</span> <span class='ocrx_word' id='word_1_429' title='bbox 2855 1574 3146 1642; x_wconf 80' lang='grc' dir='ltr'>άγέννητος</span> <span class='ocrx_word' id='word_1_430' title='bbox 3185 1576 3334 1643; x_wconf 79' lang='grc' dir='ltr'>φωνὴ</span> <span class='ocrx_word' id='word_1_431' title='bbox 3364 1575 3422 1625; x_wconf 74' lang='grc' dir='ltr'>οὐ</span> <span class='ocrx_word' id='word_1_432' title='bbox 3461 1576 3518 1626; x_wconf 82' lang='grc' dir='ltr'>τὸ</span> <span class='ocrx_word' id='word_1_433' title='bbox 3562 1575 3640 1639; x_wconf 86' lang='grc' dir='ltr'><strong>τί,</strong></span> 
     </span>
    </p>
   </div>
   <div class='ocr_carea' id='block_1_60' title="bbox 2058 1662 3645 1732">
    <p class='ocr_par' dir='ltr' id='par_1_60' title="bbox 2058 1662 3645 1732">
     <span class='ocr_line' id='line_1_60' title="bbox 2058 1662 3645 1732; baseline 0.003 -19"><span class='ocrx_word' id='word_1_434' title='bbox 2058 1663 2190 1713; x_wconf 69' lang='grc' dir='ltr'><strong>ἀλλὰ</strong></span> <span class='ocrx_word' id='word_1_435' title='bbox 2220 1662 2278 1713; x_wconf 78' lang='grc' dir='ltr'>τὸ</span> <span class='ocrx_word' id='word_1_436' title='bbox 2307 1662 2621 1730; x_wconf 72' lang='grc' dir='ltr'><strong>μηδαμόθεν</strong></span> <span class='ocrx_word' id='word_1_437' title='bbox 2650 1663 2812 1715; x_wconf 81' lang='grc' dir='ltr'>αὐτοῦ</span> <span class='ocrx_word' id='word_1_438' title='bbox 2838 1665 3113 1732; x_wconf 83' lang='grc' dir='ltr'>σημαίνει.</span> <span class='ocrx_word' id='word_1_439' title='bbox 3142 1665 3353 1718; x_wconf 76' lang='grc' dir='ltr'>Οὑτωσὶ</span> <span class='ocrx_word' id='word_1_440' title='bbox 3380 1666 3424 1717; x_wconf 80' lang='grc' dir='ltr'><strong>δ’</strong></span> <span class='ocrx_word' id='word_1_441' title='bbox 3450 1665 3516 1718; x_wconf 78' lang='grc' dir='ltr'>ἂν</span> <span class='ocrx_word' id='word_1_442' title='bbox 3545 1682 3645 1717; x_wconf 88' lang='grc' dir='ltr'>σα.-</span> 
     </span>
    </p>
   </div>
   <div class='ocr_carea' id='block_1_61' title="bbox 2059 1754 3639 1826">
    <p class='ocr_par' dir='ltr' id='par_1_61' title="bbox 2059 1754 3639 1826">
     <span class='ocr_line' id='line_1_61' title="bbox 2059 1754 3639 1826; baseline 0.003 -21"><span class='ocrx_word' id='word_1_443' title='bbox 2059 1754 2339 1823; x_wconf 74' lang='grc' dir='ltr'>φέστερον,</span> <span class='ocrx_word' id='word_1_444' title='bbox 2374 1755 2401 1808; x_wconf 83' lang='grc' dir='ltr'><strong>ὃ</strong></span> <span class='ocrx_word' id='word_1_445' title='bbox 2428 1756 2589 1823; x_wconf 79' lang='grc' dir='ltr'>λέγω,</span> <span class='ocrx_word' id='word_1_446' title='bbox 2630 1761 2860 1824; x_wconf 84' lang='grc' dir='ltr'>γένοιτο.</span> <span class='ocrx_word' id='word_1_447' title='bbox 2898 1757 2956 1810; x_wconf 91' lang='lat'><strong>&#39;0</strong></span> <span class='ocrx_word' id='word_1_448' title='bbox 2995 1755 3383 1826; x_wconf 78' lang='grc' dir='ltr'>ιὺαγγελιστὴς</span> <span class='ocrx_word' id='word_1_449' title='bbox 3414 1757 3639 1819; x_wconf 75' lang='grc' dir='ltr'>Λουκᾶς</span> 
     </span>
    </p>
   </div>
   <div class='ocr_carea' id='block_1_62' title="bbox 2055 1844 3645 1919">
    <p class='ocr_par' dir='ltr' id='par_1_62' title="bbox 2055 1844 3645 1919">
     <span class='ocr_line' id='line_1_62' title="bbox 2055 1844 3645 1919; baseline 0.005 -25"><span class='ocrx_word' id='word_1_450' title='bbox 2055 1844 2152 1915; x_wconf 79' lang='grc' dir='ltr'>τὴν</span> <span class='ocrx_word' id='word_1_451' title='bbox 2189 1846 2329 1899; x_wconf 83' lang='grc' dir='ltr'>κατά</span> <span class='ocrx_word' id='word_1_452' title='bbox 2362 1848 2538 1915; x_wconf 81' lang='grc' dir='ltr'>σάρκα</span> <span class='ocrx_word' id='word_1_453' title='bbox 2566 1849 2919 1917; x_wconf 81' lang='grc' dir='ltr'><strong>γενεαλογίαν</strong></span> <span class='ocrx_word' id='word_1_454' title='bbox 2955 1849 3049 1901; x_wconf 86' lang='grc' dir='ltr'><strong>τοῦ</strong></span> <span class='ocrx_word' id='word_1_455' title='bbox 3084 1849 3218 1902; x_wconf 87' lang='grc' dir='ltr'>Θεοῦ</span> <span class='ocrx_word' id='word_1_456' title='bbox 3259 1850 3353 1903; x_wconf 77' lang='grc' dir='ltr'><strong>καὶ</strong></span> <span class='ocrx_word' id='word_1_457' title='bbox 3382 1850 3645 1919; x_wconf 78' lang='grc' dir='ltr'><strong>Σωτῆρος</strong></span> 
     </span>
    </p>
   </div>
   <div class='ocr_carea' id='block_1_63' title="bbox 2056 1938 3645 2009">
    <p class='ocr_par' dir='ltr' id='par_1_63' title="bbox 2056 1938 3645 2009">
     <span class='ocr_line' id='line_1_63' title="bbox 2056 1938 3645 2009; baseline 0.001 -19"><span class='ocrx_word' id='word_1_458' title='bbox 2056 1938 2214 2008; x_wconf 78' lang='grc' dir='ltr'>ήμῶν</span> <span class='ocrx_word' id='word_1_459' title='bbox 2281 1939 2454 2008; x_wconf 82' lang='grc' dir='ltr'><strong>Ἰησοῦ</strong></span> <span class='ocrx_word' id='word_1_460' title='bbox 2510 1940 2742 2009; x_wconf 77' lang='grc' dir='ltr'><strong>Χριστοῦ</strong></span> <span class='ocrx_word' id='word_1_461' title='bbox 2794 1941 3174 2009; x_wconf 75' lang='grc' dir='ltr'>ἐκτιθέμενος,</span> <span class='ocrx_word' id='word_1_462' title='bbox 3226 1943 3321 1993; x_wconf 76' lang='grc' dir='ltr'><strong>καὶ</strong></span> <span class='ocrx_word' id='word_1_463' title='bbox 3374 1942 3481 1994; x_wconf 75' lang='grc' dir='ltr'>άπὸ</span> <span class='ocrx_word' id='word_1_464' title='bbox 3531 1941 3645 1993; x_wconf 81' lang='grc' dir='ltr'>τῶν</span> 
     </span>
    </p>
   </div>
   <div class='ocr_carea' id='block_1_64' title="bbox 2056 2030 3644 2102">
    <p class='ocr_par' dir='ltr' id='par_1_64' title="bbox 2056 2030 3644 2102">
     <span class='ocr_line' id='line_1_64' title="bbox 2056 2030 3644 2102; baseline 0.003 -22"><span class='ocrx_word' id='word_1_465' title='bbox 2056 2030 2378 2086; x_wconf 79' lang='grc' dir='ltr'><strong>τελευταίων</strong></span> <span class='ocrx_word' id='word_1_466' title='bbox 2416 2033 2507 2085; x_wconf 66' lang='grc' dir='ltr'><strong>ἐπὶ</strong></span> <span class='ocrx_word' id='word_1_467' title='bbox 2555 2035 2680 2095; x_wconf 81' lang='grc' dir='ltr'>τοὺς</span> <span class='ocrx_word' id='word_1_468' title='bbox 2719 2034 2970 2102; x_wconf 81' lang='grc' dir='ltr'><strong>πρώτους</strong></span> <span class='ocrx_word' id='word_1_469' title='bbox 3026 2032 3395 2097; x_wconf 75' lang='grc' dir='ltr'>ἀναποδίζων,</span> <span class='ocrx_word' id='word_1_470' title='bbox 3434 2034 3644 2102; x_wconf 69' lang='grc' dir='ltr'>ἧρξατο</span> 
     </span>
    </p>
   </div>
   <div class='ocr_carea' id='block_1_65' title="bbox 2060 2122 3639 2193">
    <p class='ocr_par' dir='ltr' id='par_1_65' title="bbox 2060 2122 3639 2193">
     <span class='ocr_line' id='line_1_65' title="bbox 2060 2122 3639 2193; baseline 0.002 -21"><span class='ocrx_word' id='word_1_471' title='bbox 2060 2122 2158 2190; x_wconf 83' lang='grc' dir='ltr'>μὲν</span> <span class='ocrx_word' id='word_1_472' title='bbox 2191 2122 2295 2174; x_wconf 67' lang='grc' dir='ltr'>ἀπὸ</span> <span class='ocrx_word' id='word_1_473' title='bbox 2327 2123 2421 2175; x_wconf 82' lang='grc' dir='ltr'><strong>τοῦ</strong></span> <span class='ocrx_word' id='word_1_474' title='bbox 2463 2122 2679 2192; x_wconf 73' lang='grc' dir='ltr'>Ἰωσὴφ,</span> <span class='ocrx_word' id='word_1_475' title='bbox 2707 2123 2875 2177; x_wconf 71' lang='grc' dir='ltr'>εἰπὼν</span> <span class='ocrx_word' id='word_1_476' title='bbox 2903 2124 2958 2175; x_wconf 77' lang='grc' dir='ltr'>δὲ</span> <span class='ocrx_word' id='word_1_477' title='bbox 2987 2124 3175 2177; x_wconf 85' lang='grc' dir='ltr'>τοῦτον</span> <span class='ocrx_word' id='word_1_478' title='bbox 3212 2125 3308 2193; x_wconf 81' lang='grc' dir='ltr'>μὲν</span> <span class='ocrx_word' id='word_1_479' title='bbox 3346 2123 3437 2176; x_wconf 86' lang='grc' dir='ltr'><strong>τοῦ</strong></span> <span class='ocrx_word' id='word_1_480' title='bbox 3492 2124 3639 2187; x_wconf 68' lang='grc' dir='ltr'>Ἠλὶ,</span> 
     </span>
    </p>
   </div>
   <div class='ocr_carea' id='block_1_66' title="bbox 2056 2212 3643 2281">
    <p class='ocr_par' dir='ltr' id='par_1_66' title="bbox 2056 2212 3643 2281">
     <span class='ocr_line' id='line_1_66' title="bbox 2056 2212 3643 2281; baseline 0 -18"><span class='ocrx_word' id='word_1_481' title='bbox 2056 2212 2146 2263; x_wconf 83' lang='grc' dir='ltr'>τὸν</span> <span class='ocrx_word' id='word_1_482' title='bbox 2190 2213 2245 2265; x_wconf 76' lang='grc' dir='ltr'>δὲ</span> <span class='ocrx_word' id='word_1_483' title='bbox 2278 2213 2370 2266; x_wconf 87' lang='grc' dir='ltr'><strong>τοῦ</strong></span> <span class='ocrx_word' id='word_1_484' title='bbox 2418 2214 2663 2279; x_wconf 83' lang='grc' dir='ltr'>Ματθᾶν,</span> <span class='ocrx_word' id='word_1_485' title='bbox 2705 2216 2801 2267; x_wconf 81' lang='grc' dir='ltr'>καὶ</span> <span class='ocrx_word' id='word_1_486' title='bbox 2846 2214 2986 2267; x_wconf 78' lang='grc' dir='ltr'>οὓτω</span> <span class='ocrx_word' id='word_1_487' title='bbox 3032 2216 3171 2267; x_wconf 75' lang='grc' dir='ltr'>κατὰ</span> <span class='ocrx_word' id='word_1_488' title='bbox 3206 2214 3459 2266; x_wconf 77' lang='grc' dir='ltr'><strong>ἀνάλυσιν</strong></span> <span class='ocrx_word' id='word_1_489' title='bbox 3501 2214 3643 2281; x_wconf 78' lang='grc' dir='ltr'>πρὸς</span> 
     </span>
    </p>
   </div>
   <div class='ocr_carea' id='block_1_67' title="bbox 2060 2301 3642 2375">
    <p class='ocr_par' dir='ltr' id='par_1_67' title="bbox 2060 2301 3642 2375">
     <span class='ocr_line' id='line_1_67' title="bbox 2060 2301 3642 2375; baseline 0 -19"><span class='ocrx_word' id='word_1_490' title='bbox 2060 2305 2151 2356; x_wconf 63' lang='grc' dir='ltr'><strong>τὸν</strong></span> <span class='ocrx_word' id='word_1_491' title='bbox 2204 2306 2371 2375; x_wconf 80' lang='grc' dir='ltr'><strong>Ἀδὰμ</strong></span> <span class='ocrx_word' id='word_1_492' title='bbox 2410 2307 2509 2373; x_wconf 77' lang='grc' dir='ltr'>τὴν</span> <span class='ocrx_word' id='word_1_493' title='bbox 2545 2307 2807 2375; x_wconf 66' lang='grc' dir='ltr'>ἐξήγησιν</span> <span class='ocrx_word' id='word_1_494' title='bbox 2844 2307 3151 2373; x_wconf 75' lang='grc' dir='ltr'>ἐπανάγων,</span> <span class='ocrx_word' id='word_1_495' title='bbox 3188 2301 3308 2360; x_wconf 76' lang='grc' dir='ltr'>εἶτα</span> <span class='ocrx_word' id='word_1_496' title='bbox 3337 2306 3506 2359; x_wconf 75' lang='grc' dir='ltr'>ἐλθὼν</span> <span class='ocrx_word' id='word_1_497' title='bbox 3542 2306 3642 2357; x_wconf 74' lang='grc' dir='ltr'><strong>ἐπὶ</strong></span> 
     </span>
    </p>
   </div>
   <div class='ocr_carea' id='block_1_68' title="bbox 2058 2396 3644 2465">
    <p class='ocr_par' dir='ltr' id='par_1_68' title="bbox 2058 2396 3644 2465">
     <span class='ocr_line' id='line_1_68' title="bbox 2058 2396 3644 2465; baseline 0.001 -18"><span class='ocrx_word' id='word_1_498' title='bbox 2058 2397 2183 2457; x_wconf 78' lang='grc' dir='ltr'>τοὺς</span> <span class='ocrx_word' id='word_1_499' title='bbox 2219 2396 2352 2461; x_wconf 77' lang='grc' dir='ltr'>ἄνω,</span> <span class='ocrx_word' id='word_1_500' title='bbox 2387 2398 2479 2448; x_wconf 73' lang='grc' dir='ltr'><strong>καὶ</strong></span> <span class='ocrx_word' id='word_1_501' title='bbox 2514 2396 2708 2460; x_wconf 85' lang='grc' dir='ltr'>είπὼν,</span> <span class='ocrx_word' id='word_1_502' title='bbox 2744 2398 2825 2450; x_wconf 84' lang='grc' dir='ltr'>ὅτι</span> <span class='ocrx_word' id='word_1_503' title='bbox 2857 2401 2883 2451; x_wconf 84' lang='grc' dir='ltr'>ὁ</span> <span class='ocrx_word' id='word_1_504' title='bbox 2913 2399 3019 2465; x_wconf 80' lang='grc' dir='ltr'><strong>Σὴθ</strong></span> <span class='ocrx_word' id='word_1_505' title='bbox 3057 2401 3120 2452; x_wconf 74' lang='grc' dir='ltr'><strong>ἐκ</strong></span> <span class='ocrx_word' id='word_1_506' title='bbox 3150 2398 3243 2450; x_wconf 90' lang='grc' dir='ltr'><strong>τοῦ</strong></span> <span class='ocrx_word' id='word_1_507' title='bbox 3291 2397 3479 2463; x_wconf 76' lang='grc' dir='ltr'>Ἀδὰμ,</span> <span class='ocrx_word' id='word_1_508' title='bbox 3514 2400 3541 2449; x_wconf 83' lang='grc' dir='ltr'>ὁ</span> <span class='ocrx_word' id='word_1_509' title='bbox 3577 2398 3644 2449; x_wconf 72' lang='grc' dir='ltr'><strong>ὁὶ</strong></span> 
     </span>
    </p>
   </div>
   <div class='ocr_carea' id='block_1_69' title="bbox 2059 2488 3638 2559">
    <p class='ocr_par' dir='ltr' id='par_1_69' title="bbox 2059 2488 3638 2559">
     <span class='ocr_line' id='line_1_69' title="bbox 2059 2488 3638 2559; baseline 0 -18"><span class='ocrx_word' id='word_1_510' title='bbox 2059 2488 2203 2557; x_wconf 86' lang='grc' dir='ltr'>ἀδὰμ</span> <span class='ocrx_word' id='word_1_511' title='bbox 2232 2491 2295 2541; x_wconf 83' lang='grc' dir='ltr'><strong>ὲκ</strong></span> <span class='ocrx_word' id='word_1_512' title='bbox 2334 2489 2426 2541; x_wconf 84' lang='grc' dir='ltr'><strong>τοῦ</strong></span> <span class='ocrx_word' id='word_1_513' title='bbox 2458 2488 2592 2542; x_wconf 83' lang='grc' dir='ltr'>Θεοῦ</span> <span class='ocrx_word' id='word_1_514' title='bbox 2614 2529 2629 2553; x_wconf 94' lang='grc'><strong>,</strong></span> <span class='ocrx_word' id='word_1_515' title='bbox 2671 2490 2905 2543; x_wconf 65' lang='grc' dir='ltr'>ἐνταῦθα</span> <span class='ocrx_word' id='word_1_516' title='bbox 2939 2491 3039 2559; x_wconf 79' lang='grc' dir='ltr'>τῆς</span> <span class='ocrx_word' id='word_1_517' title='bbox 3066 2492 3376 2551; x_wconf 71' lang='grc' dir='ltr'>ἑιναὸάσεως</span> <span class='ocrx_word' id='word_1_518' title='bbox 3409 2489 3600 2555; x_wconf 70' lang='grc' dir='ltr'>ἔληξεν</span> <span class='ocrx_word' id='word_1_519' title='bbox 3622 2530 3638 2551; x_wconf 89' lang='grc'><strong>,</strong></span> 
     </span>
    </p>
   </div>
   <div class='ocr_carea' id='block_1_70' title="bbox 2054 2579 3643 2651">
    <p class='ocr_par' dir='ltr' id='par_1_70' title="bbox 2054 2579 3643 2651">
     <span class='ocr_line' id='line_1_70' title="bbox 2054 2579 3643 2651; baseline 0 -22"><span class='ocrx_word' id='word_1_520' title='bbox 2054 2579 2174 2649; x_wconf 69' lang='grc' dir='ltr'>οὐχὶ</span> <span class='ocrx_word' id='word_1_521' title='bbox 2198 2580 2295 2639; x_wconf 77' lang='grc' dir='ltr'>τὰς</span> <span class='ocrx_word' id='word_1_522' title='bbox 2321 2579 2507 2641; x_wconf 81' lang='grc' dir='ltr'>οὐσίας</span> <span class='ocrx_word' id='word_1_523' title='bbox 2528 2580 2635 2632; x_wconf 83' lang='grc' dir='ltr'><strong>τῶν</strong></span> <span class='ocrx_word' id='word_1_524' title='bbox 2657 2580 2948 2651; x_wconf 83' lang='grc' dir='ltr'>άπηριθμη</span> <span class='ocrx_word' id='word_1_525' title='bbox 2963 2581 3137 2649; x_wconf 79' lang='grc' dir='ltr'>μένων</span> <span class='ocrx_word' id='word_1_526' title='bbox 3165 2581 3338 2651; x_wconf 75' lang='grc' dir='ltr'>δηλῶν</span> <span class='ocrx_word' id='word_1_527' title='bbox 3361 2582 3415 2633; x_wconf 73' lang='grc' dir='ltr'>ὲν</span> <span class='ocrx_word' id='word_1_528' title='bbox 3436 2586 3500 2651; x_wconf 81' lang='grc' dir='ltr'>τῇ</span> <span class='ocrx_word' id='word_1_529' title='bbox 3523 2582 3643 2651; x_wconf 62' lang='grc' dir='ltr'>δίη,</span> 
     </span>
    </p>
   </div>
   <div class='ocr_carea' id='block_1_71' title="bbox 2054 2667 3646 2740">
    <p class='ocr_par' dir='ltr' id='par_1_71' title="bbox 2054 2667 3646 2740">
     <span class='ocr_line' id='line_1_71' title="bbox 2054 2667 3646 2740; baseline 0.001 -20"><span class='ocrx_word' id='word_1_530' title='bbox 2054 2670 2215 2737; x_wconf 87' lang='grc' dir='ltr'>γήσει</span> <span class='ocrx_word' id='word_1_531' title='bbox 2243 2668 2341 2734; x_wconf 83' lang='grc' dir='ltr'>τῆς</span> <span class='ocrx_word' id='word_1_532' title='bbox 2372 2667 2604 2721; x_wconf 80' lang='grc' dir='ltr'>ἑκάστου</span> <span class='ocrx_word' id='word_1_533' title='bbox 2634 2669 2917 2736; x_wconf 74' lang='grc' dir='ltr'>γενέσεως,</span> <span class='ocrx_word' id='word_1_534' title='bbox 2948 2671 3083 2723; x_wconf 72' lang='grc' dir='ltr'>ἀλλὰ</span> <span class='ocrx_word' id='word_1_535' title='bbox 3114 2670 3211 2733; x_wconf 83' lang='grc' dir='ltr'>τὰς</span> <span class='ocrx_word' id='word_1_536' title='bbox 3239 2674 3519 2740; x_wconf 76' lang='grc' dir='ltr'>προσεχεῖς</span> <span class='ocrx_word' id='word_1_537' title='bbox 3541 2672 3646 2740; x_wconf 83' lang='grc' dir='ltr'><strong>ἁρ-</strong></span> 
     </span>
    </p>
   </div>
   <div class='ocr_carea' id='block_1_72' title="bbox 2059 2754 3643 2831">
    <p class='ocr_par' dir='ltr' id='par_1_72' title="bbox 2059 2754 3643 2831">
     <span class='ocr_line' id='line_1_72' title="bbox 2059 2754 3643 2831; baseline 0.002 -21"><span class='ocrx_word' id='word_1_538' title='bbox 2059 2761 2195 2828; x_wconf 76' lang='grc' dir='ltr'>χάς,</span> <span class='ocrx_word' id='word_1_539' title='bbox 2234 2759 2325 2825; x_wconf 79' lang='grc' dir='ltr'><strong>ἀφ’</strong></span> <span class='ocrx_word' id='word_1_540' title='bbox 2358 2754 2424 2829; x_wconf 84' lang='grc' dir='ltr'>ἦς</span> <span class='ocrx_word' id='word_1_541' title='bbox 2460 2760 2686 2824; x_wconf 71' lang='grc' dir='ltr'>ἕκαστος</span> <span class='ocrx_word' id='word_1_542' title='bbox 2725 2763 2968 2829; x_wconf 75' lang='grc' dir='ltr'>γέγονεν,</span> <span class='ocrx_word' id='word_1_543' title='bbox 3012 2763 3381 2831; x_wconf 78' lang='grc' dir='ltr'>ἐκτιθέμενος.</span> <span class='ocrx_word' id='word_1_544' title='bbox 3422 2764 3643 2831; x_wconf 82' lang='grc' dir='ltr'>Ὠσπερ</span> 
     </span>
    </p>
   </div>
   <div class='ocr_carea' id='block_1_73' title="bbox 2058 2845 3642 2920">
    <p class='ocr_par' dir='ltr' id='par_1_73' title="bbox 2058 2845 3642 2920">
     <span class='ocr_line' id='line_1_73' title="bbox 2058 2845 3642 2920; baseline 0.001 -21"><span class='ocrx_word' id='word_1_545' title='bbox 2058 2845 2153 2902; x_wconf 78' lang='grc' dir='ltr'>οὖν</span> <span class='ocrx_word' id='word_1_546' title='bbox 2175 2852 2378 2912; x_wconf 81' lang='grc' dir='ltr'>ἐκεῖνος</span> <span class='ocrx_word' id='word_1_547' title='bbox 2406 2847 2579 2914; x_wconf 82' lang='grc' dir='ltr'>εἶπεν,</span> <span class='ocrx_word' id='word_1_548' title='bbox 2605 2852 2687 2904; x_wconf 81' lang='grc' dir='ltr'>ὅτι</span> <span class='ocrx_word' id='word_1_549' title='bbox 2712 2850 2882 2920; x_wconf 72' lang='grc' dir='ltr'>Ἀδὰμ</span> <span class='ocrx_word' id='word_1_550' title='bbox 2906 2854 2969 2905; x_wconf 82' lang='grc' dir='ltr'><strong>ὲκ</strong></span> <span class='ocrx_word' id='word_1_551' title='bbox 2991 2852 3085 2904; x_wconf 89' lang='grc' dir='ltr'><strong>τοῦ</strong></span> <span class='ocrx_word' id='word_1_552' title='bbox 3108 2851 3263 2911; x_wconf 89' lang='grc' dir='ltr'>Θεοῦ,</span> <span class='ocrx_word' id='word_1_553' title='bbox 3286 2851 3455 2912; x_wconf 75' lang='grc' dir='ltr'>οὕτως</span> <span class='ocrx_word' id='word_1_554' title='bbox 3476 2852 3642 2918; x_wconf 75' lang='grc' dir='ltr'>ἡμεῖς</span> 
     </span>
    </p>
   </div>
   <div class='ocr_carea' id='block_1_74' title="bbox 2056 2937 3641 3011">
    <p class='ocr_par' dir='ltr' id='par_1_74' title="bbox 2056 2937 3641 3011">
     <span class='ocr_line' id='line_1_74' title="bbox 2056 2937 3641 3011; baseline 0.001 -19"><span class='ocrx_word' id='word_1_555' title='bbox 2056 2941 2275 3003; x_wconf 72' lang='grc' dir='ltr'>ἑαυτοὺς</span> <span class='ocrx_word' id='word_1_556' title='bbox 2331 2943 2715 3011; x_wconf 73' lang='grc' dir='ltr'>ὲρωτήσωμεν,</span> <span class='ocrx_word' id='word_1_557' title='bbox 2774 2944 2831 2995; x_wconf 84' lang='grc' dir='ltr'><strong>ὐ</strong></span> <span class='ocrx_word' id='word_1_558' title='bbox 2869 2944 2925 2996; x_wconf 70' lang='grc' dir='ltr'><strong>δὲ</strong></span> <span class='ocrx_word' id='word_1_559' title='bbox 2974 2941 3105 3005; x_wconf 80' lang='grc' dir='ltr'>Θεὸς</span> <span class='ocrx_word' id='word_1_560' title='bbox 3149 2943 3213 2995; x_wconf 77' lang='grc' dir='ltr'><strong>ὲκ</strong></span> <span class='ocrx_word' id='word_1_561' title='bbox 3261 2942 3439 3006; x_wconf 77' lang='grc' dir='ltr'>τίνοςς</span> <span class='ocrx_word' id='word_1_562' title='bbox 3487 2937 3641 3010; x_wconf 74' lang='grc' dir='ltr'><strong>Ἀρι</strong></span> 
     </span>
    </p>
   </div>
   <div class='ocr_carea' id='block_1_75' title="bbox 2058 3034 3640 3105">
    <p class='ocr_par' dir='ltr' id='par_1_75' title="bbox 2058 3034 3640 3105">
     <span class='ocr_line' id='line_1_75' title="bbox 2058 3034 3640 3105; baseline 0.001 -21"><span class='ocrx_word' id='word_1_563' title='bbox 2058 3034 2179 3101; x_wconf 72' lang='grc' dir='ltr'>οὐχὶ</span> <span class='ocrx_word' id='word_1_564' title='bbox 2230 3034 2523 3103; x_wconf 83' lang='grc' dir='ltr'>πρόχειρόν</span> <span class='ocrx_word' id='word_1_565' title='bbox 2570 3035 2716 3087; x_wconf 69' lang='grc' dir='ltr'>ἐστιν</span> <span class='ocrx_word' id='word_1_566' title='bbox 2766 3038 2822 3089; x_wconf 77' lang='grc' dir='ltr'>ὲν</span> <span class='ocrx_word' id='word_1_567' title='bbox 2874 3038 2938 3105; x_wconf 83' lang='grc' dir='ltr'>τῇ</span> <span class='ocrx_word' id='word_1_568' title='bbox 2997 3035 3223 3088; x_wconf 81' lang='grc' dir='ltr'>ἑκάστου</span> <span class='ocrx_word' id='word_1_569' title='bbox 3278 3034 3507 3104; x_wconf 77' lang='grc' dir='ltr'>διανοίᾳ,</span> <span class='ocrx_word' id='word_1_570' title='bbox 3550 3035 3640 3091; x_wconf 86' lang='grc' dir='ltr'>ὅτι</span> 
     </span>
    </p>
   </div>
   <div class='ocr_carea' id='block_1_76' title="bbox 2056 3126 3606 3198">
    <p class='ocr_par' dir='ltr' id='par_1_76' title="bbox 2056 3126 3606 3198">
     <span class='ocr_line' id='line_1_76' title="bbox 2056 3126 3606 3198; baseline 0 -19"><span class='ocrx_word' id='word_1_571' title='bbox 2056 3128 2111 3193; x_wconf 72' lang='grc' dir='ltr'><strong>ἐξ</strong></span> <span class='ocrx_word' id='word_1_572' title='bbox 2144 3128 2384 3192; x_wconf 82' lang='grc' dir='ltr'>οὐδενός;</span> <span class='ocrx_word' id='word_1_573' title='bbox 2421 3126 2493 3179; x_wconf 79' lang='grc' dir='ltr'><strong>Τὸ</strong></span> <span class='ocrx_word' id='word_1_574' title='bbox 2524 3127 2580 3179; x_wconf 76' lang='grc' dir='ltr'><strong>δὲ</strong></span> <span class='ocrx_word' id='word_1_575' title='bbox 2617 3127 2675 3194; x_wconf 74' lang='grc' dir='ltr'><strong>ἐξ</strong></span> <span class='ocrx_word' id='word_1_576' title='bbox 2710 3128 2921 3190; x_wconf 76' lang='grc' dir='ltr'>οὐδενὸς</span> <span class='ocrx_word' id='word_1_577' title='bbox 2950 3128 3011 3181; x_wconf 81' lang='grc' dir='ltr'>τὸ</span> <span class='ocrx_word' id='word_1_578' title='bbox 3039 3128 3272 3198; x_wconf 75' lang='grc' dir='ltr'>ἄναρχον</span> <span class='ocrx_word' id='word_1_579' title='bbox 3302 3129 3416 3179; x_wconf 77' lang='grc' dir='ltr'>ἐστι</span> <span class='ocrx_word' id='word_1_580' title='bbox 3445 3127 3606 3195; x_wconf 77' lang='grc' dir='ltr'>ὁηλον</span> 
     </span>
    </p>
   </div>
   <div class='ocr_carea' id='block_1_77' title="bbox 2054 3215 3637 3289">
    <p class='ocr_par' dir='ltr' id='par_1_77' title="bbox 2054 3215 3637 3289">
     <span class='ocr_line' id='line_1_77' title="bbox 2054 3215 3637 3289; baseline 0.002 -20"><span class='ocrx_word' id='word_1_581' title='bbox 2054 3219 2133 3270; x_wconf 85' lang='grc' dir='ltr'><strong>ότι</strong></span> <span class='ocrx_word' id='word_1_582' title='bbox 2152 3232 2168 3249; x_wconf 78' lang='grc' dir='ltr'><strong>ο</strong></span> <span class='ocrx_word' id='word_1_583' title='bbox 2202 3218 2262 3272; x_wconf 86' lang='grc' dir='ltr'>τὸ</span> <span class='ocrx_word' id='word_1_584' title='bbox 2293 3219 2348 3272; x_wconf 73' lang='grc' dir='ltr'><strong>δὶ</strong></span> <span class='ocrx_word' id='word_1_585' title='bbox 2381 3220 2614 3289; x_wconf 78' lang='grc' dir='ltr'>ἄναρχον</span> <span class='ocrx_word' id='word_1_586' title='bbox 2641 3220 2700 3271; x_wconf 80' lang='grc' dir='ltr'>τὸ</span> <span class='ocrx_word' id='word_1_587' title='bbox 2726 3220 3039 3289; x_wconf 83' lang='grc' dir='ltr'>ἀγέννητον.</span> <span class='ocrx_word' id='word_1_588' title='bbox 3082 3220 3167 3282; x_wconf 75' lang='grc' dir='ltr'>Ὠς</span> <span class='ocrx_word' id='word_1_589' title='bbox 3190 3215 3281 3273; x_wconf 83' lang='grc' dir='ltr'><strong>οῦν</strong></span> <span class='ocrx_word' id='word_1_590' title='bbox 3310 3220 3401 3272; x_wconf 67' lang='grc' dir='ltr'><strong>ἐπὶ</strong></span> <span class='ocrx_word' id='word_1_591' title='bbox 3425 3218 3637 3288; x_wconf 80' lang='grc' dir='ltr'>ἀνθρώ-</span> 
     </span>
    </p>
   </div>
   <div class='ocr_carea' id='block_1_78' title="bbox 2056 3307 3639 3381">
    <p class='ocr_par' dir='ltr' id='par_1_78' title="bbox 2056 3307 3639 3381">
     <span class='ocr_line' id='line_1_78' title="bbox 2056 3307 3639 3381; baseline 0.001 -18"><span class='ocrx_word' id='word_1_592' title='bbox 2056 3328 2173 3363; x_wconf 87' lang='grc' dir='ltr'><strong>πων</strong></span> <span class='ocrx_word' id='word_1_593' title='bbox 2223 3311 2322 3363; x_wconf 81' lang='grc' dir='ltr'>οὐκ</span> <span class='ocrx_word' id='word_1_594' title='bbox 2354 3307 2421 3381; x_wconf 74' lang='grc' dir='ltr'>ἦν</span> <span class='ocrx_word' id='word_1_595' title='bbox 2442 3312 2599 3364; x_wconf 82' lang='grc' dir='ltr'>οὐσία</span> <span class='ocrx_word' id='word_1_596' title='bbox 2631 3312 2689 3363; x_wconf 75' lang='grc' dir='ltr'>τὸ</span> <span class='ocrx_word' id='word_1_597' title='bbox 2738 3312 2801 3365; x_wconf 73' lang='grc' dir='ltr'><strong>ἐκ</strong></span> <span class='ocrx_word' id='word_1_598' title='bbox 2828 3329 2990 3375; x_wconf 76' lang='grc' dir='ltr'>τινος,</span> <span class='ocrx_word' id='word_1_599' title='bbox 3031 3310 3199 3374; x_wconf 82' lang='grc' dir='ltr'>οὕτως</span> <span class='ocrx_word' id='word_1_600' title='bbox 3240 3311 3360 3364; x_wconf 77' lang='grc' dir='ltr'>οὐδὲ</span> <span class='ocrx_word' id='word_1_601' title='bbox 3408 3311 3501 3364; x_wconf 74' lang='grc' dir='ltr'><strong>ἐπὶ</strong></span> <span class='ocrx_word' id='word_1_602' title='bbox 3536 3311 3639 3365; x_wconf 79' lang='grc' dir='ltr'><strong>τοῦ</strong></span> 
     </span>
    </p>
   </div>
   <div class='ocr_carea' id='block_1_79' title="bbox 2055 3402 3641 3472">
    <p class='ocr_par' dir='ltr' id='par_1_79' title="bbox 2055 3402 3641 3472">
     <span class='ocr_line' id='line_1_79' title="bbox 2055 3402 3641 3472; baseline -0.001 -16"><span class='ocrx_word' id='word_1_603' title='bbox 2055 3403 2190 3456; x_wconf 85' lang='grc' dir='ltr'>Θεοῦ</span> <span class='ocrx_word' id='word_1_604' title='bbox 2215 3404 2325 3459; x_wconf 84' lang='grc' dir='ltr'><strong>τῶν</strong></span> <span class='ocrx_word' id='word_1_605' title='bbox 2352 3404 2487 3457; x_wconf 83' lang='grc' dir='ltr'>ὅλων</span> <span class='ocrx_word' id='word_1_606' title='bbox 2506 3402 2693 3461; x_wconf 76' lang='grc' dir='ltr'>οὐσίαν</span> <span class='ocrx_word' id='word_1_607' title='bbox 2724 3404 2868 3459; x_wconf 72' lang='grc' dir='ltr'>ἐστὶν</span> <span class='ocrx_word' id='word_1_608' title='bbox 2888 3404 3061 3455; x_wconf 70' lang='grc' dir='ltr'>εἰπεῖν</span> <span class='ocrx_word' id='word_1_609' title='bbox 3086 3403 3146 3455; x_wconf 74' lang='grc' dir='ltr'><strong>τὸ</strong></span> <span class='ocrx_word' id='word_1_610' title='bbox 3167 3403 3481 3471; x_wconf 79' lang='grc' dir='ltr'>ἀγέννητον,</span> <span class='ocrx_word' id='word_1_611' title='bbox 3498 3404 3641 3472; x_wconf 83' lang='grc' dir='ltr'>ὅπερ</span> 
     </span>
    </p>
   </div>
   <div class='ocr_carea' id='block_1_80' title="bbox 2058 3490 3642 3566">
    <p class='ocr_par' dir='ltr' id='par_1_80' title="bbox 2058 3490 3642 3566">
     <span class='ocr_line' id='line_1_80' title="bbox 2058 3490 3642 3566; baseline 0.001 -20"><span class='ocrx_word' id='word_1_612' title='bbox 2058 3495 2172 3547; x_wconf 87' lang='grc' dir='ltr'>ῐσον</span> <span class='ocrx_word' id='word_1_613' title='bbox 2207 3498 2322 3548; x_wconf 73' lang='grc' dir='ltr'>ἐστὶ</span> <span class='ocrx_word' id='word_1_614' title='bbox 2356 3496 2434 3564; x_wconf 83' lang='grc' dir='ltr'>τῷ</span> <span class='ocrx_word' id='word_1_615' title='bbox 2464 3496 2521 3561; x_wconf 76' lang='grc' dir='ltr'><strong>ἐξ</strong></span> <span class='ocrx_word' id='word_1_616' title='bbox 2556 3494 2789 3557; x_wconf 77' lang='grc' dir='ltr'>οὐδενός.</span> <span class='ocrx_word' id='word_1_617' title='bbox 2831 3494 2970 3547; x_wconf 77' lang='grc' dir='ltr'>Ὀιδὲ</span> <span class='ocrx_word' id='word_1_618' title='bbox 2999 3495 3059 3547; x_wconf 80' lang='grc' dir='ltr'>τὸ</span> <span class='ocrx_word' id='word_1_619' title='bbox 3084 3496 3320 3566; x_wconf 74' lang='grc' dir='ltr'>ἄναρχον</span> <span class='ocrx_word' id='word_1_620' title='bbox 3349 3494 3532 3548; x_wconf 81' lang='grc' dir='ltr'>οὐσίαν</span> <span class='ocrx_word' id='word_1_621' title='bbox 3557 3490 3642 3547; x_wconf 81' lang='grc' dir='ltr'><strong>εἶ-</strong></span> 
     </span>
    </p>
   </div>
   <div class='ocr_carea' id='block_1_81' title="bbox 2053 3586 3640 3659">
    <p class='ocr_par' dir='ltr' id='par_1_81' title="bbox 2053 3586 3640 3659">
     <span class='ocr_line' id='line_1_81' title="bbox 2053 3586 3640 3659; baseline 0.001 -21"><span class='ocrx_word' id='word_1_622' title='bbox 2053 3602 2141 3639; x_wconf 76' lang='grc' dir='ltr'><strong>ναι</strong></span> <span class='ocrx_word' id='word_1_623' title='bbox 2168 3586 2753 3659; x_wconf 61' lang='grc' dir='ltr'>λέγωνςαραπὶήσιον</span> <span class='ocrx_word' id='word_1_624' title='bbox 2783 3589 2944 3650; x_wconf 71' lang='grc' dir='ltr'>ποιεῖ,</span> <span class='ocrx_word' id='word_1_625' title='bbox 2977 3586 3165 3658; x_wconf 73' lang='grc' dir='ltr'>ὦσπτρ</span> <span class='ocrx_word' id='word_1_626' title='bbox 3197 3588 3263 3641; x_wconf 82' lang='grc' dir='ltr'>ἂν</span> <span class='ocrx_word' id='word_1_627' title='bbox 3295 3589 3347 3640; x_wconf 77' lang='grc' dir='ltr'>εἴ</span> <span class='ocrx_word' id='word_1_628' title='bbox 3377 3588 3461 3649; x_wconf 82' lang='grc' dir='ltr'><strong>τίς</strong></span> <span class='ocrx_word' id='word_1_629' title='bbox 3496 3590 3640 3656; x_wconf 68' lang='grc' dir='ltr'>ἔρως</span> 
     </span>
    </p>
   </div>
   <div class='ocr_carea' id='block_1_82' title="bbox 2052 3677 3642 3749">
    <p class='ocr_par' dir='ltr' id='par_1_82' title="bbox 2052 3677 3642 3749">
     <span class='ocr_line' id='line_1_82' title="bbox 2052 3677 3642 3749; baseline 0.001 -18"><span class='ocrx_word' id='word_1_630' title='bbox 2052 3677 2298 3746; x_wconf 86' lang='grc' dir='ltr'>τώμενος</span> <span class='ocrx_word' id='word_1_631' title='bbox 2333 3678 2415 3741; x_wconf 83' lang='grc' dir='ltr'><strong>τίς</strong></span> <span class='ocrx_word' id='word_1_632' title='bbox 2457 3680 2490 3749; x_wconf 70' lang='grc' dir='ltr'>ἡ</span> <span class='ocrx_word' id='word_1_633' title='bbox 2534 3679 2626 3735; x_wconf 83' lang='grc' dir='ltr'><strong>τοῦ</strong></span> <span class='ocrx_word' id='word_1_634' title='bbox 2685 3680 2857 3749; x_wconf 80' lang='grc' dir='ltr'>’Δδάμ</span> <span class='ocrx_word' id='word_1_635' title='bbox 2900 3680 3078 3743; x_wconf 70' lang='grc' dir='ltr'>οὐσία,</span> <span class='ocrx_word' id='word_1_636' title='bbox 3124 3679 3218 3734; x_wconf 79' lang='grc' dir='ltr'><strong>καὶ</strong></span> <span class='ocrx_word' id='word_1_637' title='bbox 3264 3680 3351 3742; x_wconf 86' lang='grc' dir='ltr'><strong>τίς</strong></span> <span class='ocrx_word' id='word_1_638' title='bbox 3393 3680 3426 3748; x_wconf 82' lang='grc' dir='ltr'>ὴ</span> <span class='ocrx_word' id='word_1_639' title='bbox 3472 3679 3642 3748; x_wconf 80' lang='grc' dir='ltr'>φύσις</span> 
     </span>
    </p>
   </div>
   <div class='ocr_carea' id='block_1_83' title="bbox 2055 3767 3639 3839">
    <p class='ocr_par' dir='ltr' id='par_1_83' title="bbox 2055 3767 3639 3839">
     <span class='ocr_line' id='line_1_83' title="bbox 2055 3767 3639 3839; baseline 0.003 -20"><span class='ocrx_word' id='word_1_640' title='bbox 2055 3768 2237 3839; x_wconf 80' lang='grc' dir='ltr'>αὑτῷ;</span> <span class='ocrx_word' id='word_1_641' title='bbox 2287 3768 2346 3822; x_wconf 87' lang='lat'><strong>&#39;0</strong></span> <span class='ocrx_word' id='word_1_642' title='bbox 2380 3769 2435 3821; x_wconf 80' lang='grc' dir='ltr'><strong>δὲ</strong></span> <span class='ocrx_word' id='word_1_643' title='bbox 2465 3769 2811 3838; x_wconf 79' lang='grc' dir='ltr'>ἀποκρίνοιτο</span> <span class='ocrx_word' id='word_1_644' title='bbox 2844 3769 2903 3821; x_wconf 80' lang='grc' dir='ltr'>τὸ</span> <span class='ocrx_word' id='word_1_645' title='bbox 2939 3768 3014 3839; x_wconf 81' lang='grc' dir='ltr'>μὴ</span> <span class='ocrx_word' id='word_1_646' title='bbox 3050 3772 3111 3821; x_wconf 77' lang='grc' dir='ltr'><strong>ἐκ</strong></span> <span class='ocrx_word' id='word_1_647' title='bbox 3142 3767 3485 3837; x_wconf 82' lang='grc' dir='ltr'>συνδυασμοῦ</span> <span class='ocrx_word' id='word_1_648' title='bbox 3533 3770 3639 3823; x_wconf 83' lang='grc' dir='ltr'>άν-</span> 
     </span>
    </p>
   </div>
   <div class='ocr_carea' id='block_1_84' title="bbox 2052 3857 3640 3930">
    <p class='ocr_par' dir='ltr' id='par_1_84' title="bbox 2052 3857 3640 3930">
     <span class='ocr_line' id='line_1_84' title="bbox 2052 3857 3640 3930; baseline 0.003 -19"><span class='ocrx_word' id='word_1_649' title='bbox 2052 3859 2177 3928; x_wconf 78' lang='grc' dir='ltr'>δρὺς</span> <span class='ocrx_word' id='word_1_650' title='bbox 2223 3860 2317 3912; x_wconf 72' lang='grc' dir='ltr'><strong>καὶ</strong></span> <span class='ocrx_word' id='word_1_651' title='bbox 2354 3859 2630 3926; x_wconf 74' lang='grc' dir='ltr'>γυναικὸς,</span> <span class='ocrx_word' id='word_1_652' title='bbox 2680 3858 2793 3910; x_wconf 83' lang='grc' dir='ltr'><strong>ἀλλ’</strong></span> <span class='ocrx_word' id='word_1_653' title='bbox 2847 3860 2911 3912; x_wconf 75' lang='grc' dir='ltr'><strong>ὲκ</strong></span> <span class='ocrx_word' id='word_1_654' title='bbox 2955 3859 3049 3928; x_wconf 73' lang='grc' dir='ltr'>τῆς</span> <span class='ocrx_word' id='word_1_655' title='bbox 3101 3857 3249 3921; x_wconf 81' lang='grc' dir='ltr'>θείας</span> <span class='ocrx_word' id='word_1_656' title='bbox 3292 3858 3470 3930; x_wconf 80' lang='grc' dir='ltr'>χειρὸς</span> <span class='ocrx_word' id='word_1_657' title='bbox 3518 3859 3640 3915; x_wconf 79' lang='grc' dir='ltr'>δια·</span> 
     </span>
    </p>
   </div>
   <div class='ocr_carea' id='block_1_85' title="bbox 2055 3948 3636 4019">
    <p class='ocr_par' dir='ltr' id='par_1_85' title="bbox 2055 3948 3636 4019">
     <span class='ocr_line' id='line_1_85' title="bbox 2055 3948 3636 4019; baseline 0.001 -18"><span class='ocrx_word' id='word_1_658' title='bbox 2055 3950 2384 4019; x_wconf 81' lang='grc' dir='ltr'>πλασθῆναι.</span> <span class='ocrx_word' id='word_1_659' title='bbox 2428 3948 2567 4003; x_wconf 79' lang='grc' dir='ltr'>Ἀλλ’</span> <span class='ocrx_word' id='word_1_660' title='bbox 2594 3950 2711 4018; x_wconf 73' lang='grc' dir='ltr'>οὐχὶ</span> <span class='ocrx_word' id='word_1_661' title='bbox 2740 3950 2936 4018; x_wconf 68' lang='grc' dir='ltr'>τρόπον</span> <span class='ocrx_word' id='word_1_662' title='bbox 2959 3952 3055 4018; x_wconf 83' lang='grc' dir='ltr'>τῆς</span> <span class='ocrx_word' id='word_1_663' title='bbox 3087 3950 3435 4013; x_wconf 72' lang='grc' dir='ltr'>ὑποστάσεως</span> <span class='ocrx_word' id='word_1_664' title='bbox 3461 3951 3636 4019; x_wconf 81' lang='grc' dir='ltr'>ζητῶ,</span> 
     </span>
    </p>
   </div>
   <div class='ocr_carea' id='block_1_86' title="bbox 2055 4035 3637 4107">
    <p class='ocr_par' dir='ltr' id='par_1_86' title="bbox 2055 4035 3637 4107">
     <span class='ocr_line' id='line_1_86' title="bbox 2055 4035 3637 4107; baseline 0.001 -18"><span class='ocrx_word' id='word_1_665' title='bbox 2055 4041 2281 4107; x_wconf 73' lang='grc' dir='ltr'>φήσειεν</span> <span class='ocrx_word' id='word_1_666' title='bbox 2316 4038 2381 4091; x_wconf 79' lang='grc' dir='ltr'>ἄν</span> <span class='ocrx_word' id='word_1_667' title='bbox 2408 4055 2516 4103; x_wconf 85' lang='grc' dir='ltr'>τις,</span> <span class='ocrx_word' id='word_1_668' title='bbox 2550 4037 2665 4091; x_wconf 73' lang='grc' dir='ltr'>ἀλλ’</span> <span class='ocrx_word' id='word_1_669' title='bbox 2702 4036 2868 4090; x_wconf 79' lang='grc' dir='ltr'>αὑτοῦ</span> <span class='ocrx_word' id='word_1_670' title='bbox 2906 4038 2997 4089; x_wconf 86' lang='grc' dir='ltr'><strong>τοῦ</strong></span> <span class='ocrx_word' id='word_1_671' title='bbox 3032 4035 3318 4106; x_wconf 79' lang='grc' dir='ltr'>ἀνθρώπου</span> <span class='ocrx_word' id='word_1_672' title='bbox 3351 4038 3409 4089; x_wconf 82' lang='grc' dir='ltr'>τὸ</span> <span class='ocrx_word' id='word_1_673' title='bbox 3450 4038 3637 4090; x_wconf 81' lang='grc' dir='ltr'>ὑλικὸν</span> 
     </span>
    </p>
   </div>
   <div class='ocr_carea' id='block_1_87' title="bbox 2056 4124 3639 4196">
    <p class='ocr_par' dir='ltr' id='par_1_87' title="bbox 2056 4124 3639 4196">
     <span class='ocr_line' id='line_1_87' title="bbox 2056 4124 3639 4196; baseline -0.001 -17"><span class='ocrx_word' id='word_1_674' title='bbox 2056 4128 2419 4196; x_wconf 81' lang='grc' dir='ltr'>ὑποκείμενον</span> <span class='ocrx_word' id='word_1_675' title='bbox 2442 4167 2456 4191; x_wconf 89' lang='grc'><strong>,</strong></span> <span class='ocrx_word' id='word_1_676' title='bbox 2494 4126 2522 4179; x_wconf 77' lang='grc' dir='ltr'>ὅ</span> <span class='ocrx_word' id='word_1_677' title='bbox 2552 4126 2746 4179; x_wconf 77' lang='grc' dir='ltr'>πολλοῦ</span> <span class='ocrx_word' id='word_1_678' title='bbox 2778 4126 2882 4179; x_wconf 83' lang='grc' dir='ltr'>δέω</span> <span class='ocrx_word' id='word_1_679' title='bbox 2918 4125 3211 4195; x_wconf 83' lang='grc' dir='ltr'>μανθάνειν</span> <span class='ocrx_word' id='word_1_680' title='bbox 3244 4125 3332 4177; x_wconf 80' lang='grc' dir='ltr'>διὰ</span> <span class='ocrx_word' id='word_1_681' title='bbox 3363 4124 3462 4192; x_wconf 84' lang='grc' dir='ltr'>τῆς</span> <span class='ocrx_word' id='word_1_682' title='bbox 3494 4125 3639 4177; x_wconf 82' lang='grc' dir='ltr'><strong>ἀπο-</strong></span> 
     </span>
    </p>
   </div>
   <div class='ocr_carea' id='block_1_88' title="bbox 2052 4216 3639 4288">
    <p class='ocr_par' dir='ltr' id='par_1_88' title="bbox 2052 4216 3639 4288">
     <span class='ocr_line' id='line_1_88' title="bbox 2052 4216 3639 4288; baseline 0.001 -16"><span class='ocrx_word' id='word_1_683' title='bbox 2052 4220 2301 4288; x_wconf 76' lang='grc' dir='ltr'>κρίσεως.</span> <span class='ocrx_word' id='word_1_684' title='bbox 2352 4218 2520 4271; x_wconf 88' lang='grc' dir='ltr'>Τοῦτο</span> <span class='ocrx_word' id='word_1_685' title='bbox 2554 4218 2610 4271; x_wconf 82' lang='grc' dir='ltr'>δὲ</span> <span class='ocrx_word' id='word_1_686' title='bbox 2644 4220 2738 4272; x_wconf 70' lang='grc' dir='ltr'><strong>καὶ</strong></span> <span class='ocrx_word' id='word_1_687' title='bbox 2778 4220 2908 4286; x_wconf 82' lang='grc' dir='ltr'>ἡμῖν</span> <span class='ocrx_word' id='word_1_688' title='bbox 2960 4217 3244 4287; x_wconf 76' lang='grc' dir='ltr'>συμϐαίνει</span> <span class='ocrx_word' id='word_1_689' title='bbox 3301 4218 3364 4269; x_wconf 79' lang='grc' dir='ltr'><strong>ὲκ</strong></span> <span class='ocrx_word' id='word_1_690' title='bbox 3406 4218 3497 4285; x_wconf 75' lang='grc' dir='ltr'>τῆς</span> <span class='ocrx_word' id='word_1_691' title='bbox 3539 4216 3639 4273; x_wconf 80' lang='grc' dir='ltr'><strong>τοῦ</strong></span> 
     </span>
    </p>
   </div>
   <div class='ocr_carea' id='block_1_89' title="bbox 2058 4310 3644 4381">
    <p class='ocr_par' dir='ltr' id='par_1_89' title="bbox 2058 4310 3644 4381">
     <span class='ocr_line' id='line_1_89' title="bbox 2058 4310 3644 4381; baseline -0.001 -18"><span class='ocrx_word' id='word_1_692' title='bbox 2058 4311 2355 4379; x_wconf 75' lang='grc' dir='ltr'>ἀγεννήτου</span> <span class='ocrx_word' id='word_1_693' title='bbox 2404 4311 2587 4381; x_wconf 74' lang='grc' dir='ltr'>φωνῆς</span> <span class='ocrx_word' id='word_1_694' title='bbox 2633 4311 2692 4363; x_wconf 82' lang='grc' dir='ltr'>τὸ</span> <span class='ocrx_word' id='word_1_695' title='bbox 2743 4312 2859 4373; x_wconf 85' lang='grc' dir='ltr'>πῶς</span> <span class='ocrx_word' id='word_1_696' title='bbox 2902 4311 2995 4365; x_wconf 87' lang='grc' dir='ltr'><strong>τοῦ</strong></span> <span class='ocrx_word' id='word_1_697' title='bbox 3046 4310 3178 4362; x_wconf 81' lang='grc' dir='ltr'>Θεοῦ</span> <span class='ocrx_word' id='word_1_698' title='bbox 3224 4310 3422 4378; x_wconf 79' lang='grc' dir='ltr'>μᾶλλον</span> <span class='ocrx_word' id='word_1_699' title='bbox 3466 4310 3497 4380; x_wconf 80' lang='grc' dir='ltr'>ἦ</span> <span class='ocrx_word' id='word_1_700' title='bbox 3542 4312 3644 4363; x_wconf 81' lang='grc' dir='ltr'><strong>αὖ·</strong></span> 
     </span>
    </p>
   </div>
   <div class='ocr_carea' id='block_1_90' title="bbox 2057 4400 3643 4475">
    <p class='ocr_par' dir='ltr' id='par_1_90' title="bbox 2057 4400 3643 4475">
     <span class='ocr_line' id='line_1_90' title="bbox 2057 4400 3643 4475; baseline 0.003 -22"><span class='ocrx_word' id='word_1_701' title='bbox 2057 4402 2153 4469; x_wconf 77' lang='grc' dir='ltr'>τὴν</span> <span class='ocrx_word' id='word_1_702' title='bbox 2180 4402 2276 4471; x_wconf 78' lang='grc' dir='ltr'>τὴν</span> <span class='ocrx_word' id='word_1_703' title='bbox 2301 4402 2458 4469; x_wconf 76' lang='grc' dir='ltr'>φύσιν</span> <span class='ocrx_word' id='word_1_704' title='bbox 2481 4402 2911 4469; x_wconf 77' lang='grc' dir='ltr'>διδασκομένοις.</span> <span class='ocrx_word' id='word_1_705' title='bbox 2948 4401 3090 4475; x_wconf 63' lang='grc' dir='ltr'><strong>’βγὼ</strong></span> <span class='ocrx_word' id='word_1_706' title='bbox 3122 4400 3218 4470; x_wconf 81' lang='grc' dir='ltr'>μὲν</span> <span class='ocrx_word' id='word_1_707' title='bbox 3250 4400 3358 4470; x_wconf 68' lang='grc' dir='ltr'><strong>γὰρ</strong></span> <span class='ocrx_word' id='word_1_708' title='bbox 3390 4401 3520 4471; x_wconf 70' lang='grc' dir='ltr'>ὁρῶ,</span> <span class='ocrx_word' id='word_1_709' title='bbox 3555 4403 3643 4459; x_wconf 81' lang='grc' dir='ltr'>ὅτι</span> 
     </span>
    </p>
   </div>
   <div class='ocr_carea' id='block_1_91' title="bbox 384 4488 1955 4575">
    <p class='ocr_par' dir='ltr' id='par_1_91' title="bbox 384 4499 1952 4575">
     <span class='ocr_line' id='line_1_91' title="bbox 384 4499 1952 4575; baseline 0.006 -25"><span class='ocrx_word' id='word_1_710' title='bbox 384 4515 448 4551; x_wconf 87' lang='lat' dir='ltr'><strong>ex</strong></span> <span class='ocrx_word' id='word_1_711' title='bbox 501 4499 602 4553; x_wconf 75' lang='lat' dir='ltr'><strong>hac</strong></span> <span class='ocrx_word' id='word_1_712' title='bbox 650 4513 785 4555; x_wconf 69' lang='lat' dir='ltr'><strong>voce</strong></span> <span class='ocrx_word' id='word_1_713' title='bbox 823 4501 1088 4569; x_wconf 80' lang='lat' dir='ltr'><strong>ingenitus</strong></span> <span class='ocrx_word' id='word_1_714' title='bbox 1116 4544 1129 4565; x_wconf 92' lang='lat'><strong>,</strong></span> <span class='ocrx_word' id='word_1_715' title='bbox 1175 4502 1464 4574; x_wconf 79' lang='lat' dir='ltr'><strong>contingit.</strong></span> <span class='ocrx_word' id='word_1_716' title='bbox 1517 4504 1590 4558; x_wconf 86' lang='lat' dir='ltr'><strong>Ex</strong></span> <span class='ocrx_word' id='word_1_717' title='bbox 1625 4522 1686 4559; x_wconf 88' lang='lat' dir='ltr'><strong>ea</strong></span> <span class='ocrx_word' id='word_1_718' title='bbox 1719 4522 1952 4575; x_wconf 87' lang='lat' dir='ltr'><strong>namque</strong></span> 
     </span>
    </p>
   </div>
   <div class='ocr_carea' id='block_1_92' title="bbox 2060 4488 3650 4575">
    <p class='ocr_par' dir='ltr' id='par_1_92' title="bbox 2060 4494 3650 4564">
     <span class='ocr_line' id='line_1_92' title="bbox 2060 4494 3650 4564; baseline -0.001 -16"><span class='ocrx_word' id='word_1_719' title='bbox 2060 4495 2248 4564; x_wconf 82' lang='grc' dir='ltr'>ὥσπερ</span> <span class='ocrx_word' id='word_1_720' title='bbox 2273 4496 2383 4552; x_wconf 74' lang='grc' dir='ltr'>τοῖς</span> <span class='ocrx_word' id='word_1_721' title='bbox 2413 4495 2802 4563; x_wconf 76' lang='grc' dir='ltr'>ἐπερχομένοις</span> <span class='ocrx_word' id='word_1_722' title='bbox 2827 4494 2985 4546; x_wconf 84' lang='grc' dir='ltr'>αίῶσι</span> <span class='ocrx_word' id='word_1_723' title='bbox 3014 4494 3109 4562; x_wconf 79' lang='grc' dir='ltr'>τὴν</span> <span class='ocrx_word' id='word_1_724' title='bbox 3134 4494 3369 4545; x_wconf 78' lang='grc' dir='ltr'>διάνοιαν</span> <span class='ocrx_word' id='word_1_725' title='bbox 3395 4494 3650 4551; x_wconf 74' lang='grc' dir='ltr'>ἐπεκτείο</span> 
     </span>
    </p>
   </div>
   <div class='ocr_carea' id='block_1_93' title="bbox 382 4592 1955 4662">
    <p class='ocr_par' dir='ltr' id='par_1_93' title="bbox 382 4592 1955 4662">
     <span class='ocr_line' id='line_1_93' title="bbox 382 4592 1955 4662; baseline 0.006 -22"><span class='ocrx_word' id='word_1_726' title='bbox 382 4592 655 4656; x_wconf 74' lang='grc' dir='ltr'>ιιυοωοόο</span> <span class='ocrx_word' id='word_1_727' title='bbox 682 4592 753 4648; x_wconf 89' lang='lat' dir='ltr'><strong>sit</strong></span> <span class='ocrx_word' id='word_1_728' title='bbox 782 4592 983 4661; x_wconf 90' lang='lat' dir='ltr'><strong>potius,</strong></span> <span class='ocrx_word' id='word_1_729' title='bbox 1020 4609 1177 4662; x_wconf 87' lang='lat' dir='ltr'><strong>quatn</strong></span> <span class='ocrx_word' id='word_1_730' title='bbox 1236 4596 1353 4662; x_wconf 86' lang='lat' dir='ltr'><strong>ejus</strong></span> <span class='ocrx_word' id='word_1_731' title='bbox 1394 4606 1645 4650; x_wconf 85' lang='lat' dir='ltr'><strong>naturam</strong></span> <span class='ocrx_word' id='word_1_732' title='bbox 1678 4598 1955 4652; x_wconf 87' lang='lat' dir='ltr'><strong>discimus.</strong></span> 
     </span>
    </p>
   </div>
   <div class='ocr_carea' id='block_1_94' title="bbox 388 4684 1959 4755">
    <p class='ocr_par' dir='ltr' id='par_1_94' title="bbox 388 4684 1959 4755">
     <span class='ocr_line' id='line_1_94' title="bbox 388 4684 1959 4755; baseline 0.004 -18"><span class='ocrx_word' id='word_1_733' title='bbox 388 4684 556 4745; x_wconf 77' lang='lat' dir='ltr'><strong>Video</strong></span> <span class='ocrx_word' id='word_1_734' title='bbox 604 4685 753 4740; x_wconf 88' lang='lat' dir='ltr'><strong>enim</strong></span> <span class='ocrx_word' id='word_1_735' title='bbox 801 4701 925 4749; x_wconf 89' lang='lat' dir='ltr'><strong>nos,</strong></span> <span class='ocrx_word' id='word_1_736' title='bbox 956 4686 1420 4755; x_wconf 89' lang='lat' dir='ltr'><strong>quemadmodum</strong></span> <span class='ocrx_word' id='word_1_737' title='bbox 1469 4688 1514 4742; x_wconf 85' lang='lat' dir='ltr'><strong>si</strong></span> <span class='ocrx_word' id='word_1_738' title='bbox 1541 4690 1741 4743; x_wconf 89' lang='lat' dir='ltr'><strong>mentis</strong></span> <span class='ocrx_word' id='word_1_739' title='bbox 1788 4692 1959 4745; x_wconf 76' lang='lat' dir='ltr'><strong>aciem</strong></span> 
     </span>
    </p>
   </div>
   <div class='ocr_carea' id='block_1_95' title="bbox 380 4774 1960 4844">
    <p class='ocr_par' dir='ltr' id='par_1_95' title="bbox 380 4774 1960 4844">
     <span class='ocr_line' id='line_1_95' title="bbox 380 4774 1960 4844; baseline 0.003 -19"><span class='ocrx_word' id='word_1_740' title='bbox 380 4774 445 4827; x_wconf 83' lang='lat' dir='ltr'><strong>ad</strong></span> <span class='ocrx_word' id='word_1_741' title='bbox 481 4782 706 4828; x_wconf 86' lang='lat' dir='ltr'><strong>ventura</strong></span> <span class='ocrx_word' id='word_1_742' title='bbox 736 4774 929 4841; x_wconf 66' lang='lat' dir='ltr'><strong>saacula</strong></span> <span class='ocrx_word' id='word_1_743' title='bbox 972 4775 1291 4844; x_wconf 81' lang='lat' dir='ltr'><strong>dirigamus,</strong></span> <span class='ocrx_word' id='word_1_744' title='bbox 1328 4776 1493 4828; x_wconf 72' lang='lat' dir='ltr'><strong>vitam</strong></span> <span class='ocrx_word' id='word_1_745' title='bbox 1536 4792 1655 4844; x_wconf 75' lang='lat' dir='ltr'><strong>quae</strong></span> <span class='ocrx_word' id='word_1_746' title='bbox 1681 4777 1826 4830; x_wconf 89' lang='lat' dir='ltr'><strong>nullo</strong></span> <span class='ocrx_word' id='word_1_747' title='bbox 1856 4778 1960 4831; x_wconf 76' lang='lat' dir='ltr'><strong>line</strong></span> 
     </span>
    </p>
   </div>
   <div class='ocr_carea' id='block_1_96' title="bbox 382 4865 1959 4935">
    <p class='ocr_par' dir='ltr' id='par_1_96' title="bbox 382 4865 1959 4935">
     <span class='ocr_line' id='line_1_96' title="bbox 382 4865 1959 4935; baseline 0.003 -18"><span class='ocrx_word' id='word_1_748' title='bbox 382 4866 665 4927; x_wconf 78' lang='lat' dir='ltr'><strong>terminata</strong></span> <span class='ocrx_word' id='word_1_749' title='bbox 694 4866 783 4928; x_wconf 90' lang='lat' dir='ltr'><strong>sit,</strong></span> <span class='ocrx_word' id='word_1_750' title='bbox 812 4865 1074 4919; x_wconf 78' lang='lat' dir='ltr'><strong>infinitam</strong></span> <span class='ocrx_word' id='word_1_751' title='bbox 1095 4865 1348 4931; x_wconf 89' lang='lat' dir='ltr'><strong>dicimus,</strong></span> <span class='ocrx_word' id='word_1_752' title='bbox 1385 4866 1457 4919; x_wconf 89' lang='lat' dir='ltr'><strong>ita</strong></span> <span class='ocrx_word' id='word_1_753' title='bbox 1478 4866 1520 4920; x_wconf 90' lang='lat' dir='ltr'><strong>si</strong></span> <span class='ocrx_word' id='word_1_754' title='bbox 1551 4867 1875 4935; x_wconf 81' lang='lat' dir='ltr'><strong>cogitatione</strong></span> <span class='ocrx_word' id='word_1_755' title='bbox 1894 4870 1959 4922; x_wconf 90' lang='lat' dir='ltr'><strong>ad</strong></span> 
     </span>
    </p>
   </div>
   <div class='ocr_carea' id='block_1_97' title="bbox 382 4957 1954 5027">
    <p class='ocr_par' dir='ltr' id='par_1_97' title="bbox 382 4957 1954 5027">
     <span class='ocr_line' id='line_1_97' title="bbox 382 4957 1954 5027; baseline 0.003 -17"><span class='ocrx_word' id='word_1_756' title='bbox 382 4959 667 5027; x_wconf 82' lang='lat' dir='ltr'><strong>superiora</strong></span> <span class='ocrx_word' id='word_1_757' title='bbox 690 4957 883 5011; x_wconf 70' lang='lat' dir='ltr'><strong>saecula</strong></span> <span class='ocrx_word' id='word_1_758' title='bbox 912 4958 1365 5022; x_wconf 88' lang='lat' dir='ltr'><strong>conscendamus,</strong></span> <span class='ocrx_word' id='word_1_759' title='bbox 1391 4968 1444 5011; x_wconf 90' lang='lat' dir='ltr'><strong>et</strong></span> <span class='ocrx_word' id='word_1_760' title='bbox 1473 4958 1797 5012; x_wconf 82' lang='lat' dir='ltr'><strong>inﬁnitatem</strong></span> <span class='ocrx_word' id='word_1_761' title='bbox 1832 4961 1954 5017; x_wconf 64' lang='lat' dir='ltr'><strong>vitae</strong></span> 
     </span>
    </p>
   </div>
   <div class='ocr_carea' id='block_1_98' title="bbox 386 5050 1956 5121">
    <p class='ocr_par' dir='ltr' id='par_1_98' title="bbox 386 5050 1956 5121">
     <span class='ocr_line' id='line_1_98' title="bbox 386 5050 1956 5121; baseline 0.003 -21"><span class='ocrx_word' id='word_1_762' title='bbox 386 5050 479 5103; x_wconf 88' lang='lat' dir='ltr'><strong>Dei</strong></span> <span class='ocrx_word' id='word_1_763' title='bbox 516 5062 773 5119; x_wconf 85' lang='lat' dir='ltr'><strong>tanquam</strong></span> <span class='ocrx_word' id='word_1_764' title='bbox 809 5051 1136 5107; x_wconf 88' lang='lat' dir='ltr'><strong>immensum</strong></span> <span class='ocrx_word' id='word_1_765' title='bbox 1170 5051 1443 5121; x_wconf 86' lang='lat' dir='ltr'><strong>quoddam</strong></span> <span class='ocrx_word' id='word_1_766' title='bbox 1482 5052 1702 5121; x_wconf 83' lang='lat' dir='ltr'><strong>pelagus</strong></span> <span class='ocrx_word' id='word_1_767' title='bbox 1740 5053 1956 5106; x_wconf 84' lang='lat' dir='ltr'><strong>intuen—</strong></span> 
     </span>
    </p>
   </div>
   <div class='ocr_carea' id='block_1_99' title="bbox 386 5140 1961 5217">
    <p class='ocr_par' dir='ltr' id='par_1_99' title="bbox 386 5140 1961 5217">
     <span class='ocr_line' id='line_1_99' title="bbox 386 5140 1961 5217; baseline 0.003 -27"><span class='ocrx_word' id='word_1_768' title='bbox 386 5150 489 5204; x_wconf 83' lang='lat' dir='ltr'><strong>tes,</strong></span> <span class='ocrx_word' id='word_1_769' title='bbox 522 5140 734 5193; x_wconf 88' lang='lat' dir='ltr'><strong>nullum</strong></span> <span class='ocrx_word' id='word_1_770' title='bbox 758 5140 1111 5217; x_wconf 85' lang='lat' dir='ltr'><strong>principium,</strong></span> <span class='ocrx_word' id='word_1_771' title='bbox 1135 5156 1202 5195; x_wconf 84' lang='lat' dir='ltr'><strong>ex</strong></span> <span class='ocrx_word' id='word_1_772' title='bbox 1230 5156 1337 5212; x_wconf 88' lang='lat' dir='ltr'><strong>quo</strong></span> <span class='ocrx_word' id='word_1_773' title='bbox 1366 5156 1487 5195; x_wconf 91' lang='lat' dir='ltr'><strong>esse</strong></span> <span class='ocrx_word' id='word_1_774' title='bbox 1518 5141 1771 5209; x_wconf 65' lang='lat' dir='ltr'><strong>coeperit,</strong></span> <span class='ocrx_word' id='word_1_775' title='bbox 1804 5157 1961 5209; x_wconf 82' lang='lat' dir='ltr'><strong>repe-</strong></span> 
     </span>
    </p>
   </div>
   <div class='ocr_carea' id='block_1_100' title="bbox 386 5236 1962 5307">
    <p class='ocr_par' dir='ltr' id='par_1_100' title="bbox 386 5236 1962 5307">
     <span class='ocr_line' id='line_1_100' title="bbox 386 5236 1962 5307; baseline 0.003 -22"><span class='ocrx_word' id='word_1_776' title='bbox 386 5236 495 5289; x_wconf 90' lang='lat' dir='ltr'><strong>rire</strong></span> <span class='ocrx_word' id='word_1_777' title='bbox 536 5238 830 5306; x_wconf 88' lang='lat' dir='ltr'><strong>possimus,</strong></span> <span class='ocrx_word' id='word_1_778' title='bbox 860 5236 955 5294; x_wconf 84' lang='lat' dir='ltr'><strong>sed</strong></span> <span class='ocrx_word' id='word_1_779' title='bbox 1011 5237 1104 5305; x_wconf 86' lang='lat' dir='ltr'><strong>Dei</strong></span> <span class='ocrx_word' id='word_1_780' title='bbox 1139 5237 1304 5303; x_wconf 86' lang='lat' dir='ltr'><strong>vitam</strong></span> <span class='ocrx_word' id='word_1_781' title='bbox 1343 5239 1498 5291; x_wconf 89' lang='lat' dir='ltr'><strong>ultra</strong></span> <span class='ocrx_word' id='word_1_782' title='bbox 1529 5252 1693 5305; x_wconf 86' lang='lat' dir='ltr'><strong>quam</strong></span> <span class='ocrx_word' id='word_1_783' title='bbox 1740 5236 1962 5307; x_wconf 83' lang='lat' dir='ltr'><strong>cogitari</strong></span> 
     </span>
    </p>
   </div>
   <div class='ocr_carea' id='block_1_101' title="bbox 386 5327 1963 5399">
    <p class='ocr_par' dir='ltr' id='par_1_101' title="bbox 386 5327 1963 5399">
     <span class='ocr_line' id='line_1_101' title="bbox 386 5327 1963 5399; baseline 0.001 -18"><span class='ocrx_word' id='word_1_784' title='bbox 386 5330 579 5393; x_wconf 71' lang='lat' dir='ltr'><strong>;.pssit,</strong></span> <span class='ocrx_word' id='word_1_785' title='bbox 610 5345 826 5399; x_wconf 89' lang='lat' dir='ltr'><strong>semper</strong></span> <span class='ocrx_word' id='word_1_786' title='bbox 863 5330 1219 5391; x_wconf 77' lang='lat' dir='ltr'><strong>excedentem</strong></span> <span class='ocrx_word' id='word_1_787' title='bbox 1262 5328 1788 5392; x_wconf 86' lang='lat' dir='ltr'><strong>animadvertamus,</strong></span> <span class='ocrx_word' id='word_1_788' title='bbox 1832 5327 1963 5382; x_wconf 91' lang='lat' dir='ltr'><strong>illud</strong></span> 
     </span>
    </p>
   </div>
   <div class='ocr_carea' id='block_1_102' title="bbox 384 5419 1958 5493">
    <p class='ocr_par' dir='ltr' id='par_1_102' title="bbox 384 5419 1958 5493">
     <span class='ocr_line' id='line_1_102' title="bbox 384 5419 1958 5493; baseline -0.001 -19"><span class='ocrx_word' id='word_1_789' title='bbox 384 5422 557 5488; x_wconf 85' lang='lat' dir='ltr'><strong>ipsius</strong></span> <span class='ocrx_word' id='word_1_790' title='bbox 586 5422 710 5476; x_wconf 60' lang='lat' dir='ltr'><strong>vitae</strong></span> <span class='ocrx_word' id='word_1_791' title='bbox 768 5423 1040 5493; x_wconf 88' lang='lat' dir='ltr'><strong>principio</strong></span> <span class='ocrx_word' id='word_1_792' title='bbox 1068 5436 1270 5476; x_wconf 88' lang='lat' dir='ltr'><strong>vacans</strong></span> <span class='ocrx_word' id='word_1_793' title='bbox 1302 5421 1607 5491; x_wconf 81' lang='lat' dir='ltr'><strong>ingenitum</strong></span> <span class='ocrx_word' id='word_1_794' title='bbox 1656 5419 1958 5489; x_wconf 86' lang='lat' dir='ltr'><strong>appellare.</strong></span> 
     </span>
    </p>
   </div>
   <div class='ocr_carea' id='block_1_103' title="bbox 383 5511 1962 5586">
    <p class='ocr_par' dir='ltr' id='par_1_103' title="bbox 383 5511 1962 5586">
     <span class='ocr_line' id='line_1_103' title="bbox 383 5511 1962 5586; baseline 0.001 -21"><span class='ocrx_word' id='word_1_795' title='bbox 383 5511 460 5582; x_wconf 65' lang='lat' dir='ltr'><strong>Ea</strong></span> <span class='ocrx_word' id='word_1_796' title='bbox 492 5514 634 5569; x_wconf 89' lang='lat' dir='ltr'><strong>enim</strong></span> <span class='ocrx_word' id='word_1_797' title='bbox 668 5514 894 5586; x_wconf 84' lang='lat' dir='ltr'><strong>ingeniti</strong></span> <span class='ocrx_word' id='word_1_798' title='bbox 928 5516 1010 5571; x_wconf 85' lang='lat' dir='ltr'><strong>vis</strong></span> <span class='ocrx_word' id='word_1_799' title='bbox 1042 5525 1148 5580; x_wconf 91' lang='lat' dir='ltr'><strong>est,</strong></span> <span class='ocrx_word' id='word_1_800' title='bbox 1187 5522 1248 5570; x_wconf 88' lang='lat' dir='ltr'><strong>ut</strong></span> <span class='ocrx_word' id='word_1_801' title='bbox 1273 5528 1339 5572; x_wconf 88' lang='lat' dir='ltr'><strong>ex</strong></span> <span class='ocrx_word' id='word_1_802' title='bbox 1392 5514 1543 5570; x_wconf 91' lang='lat' dir='ltr'><strong>nullo</strong></span> <span class='ocrx_word' id='word_1_803' title='bbox 1572 5513 1839 5583; x_wconf 79' lang='lat' dir='ltr'><strong>signiﬁcet</strong></span> <span class='ocrx_word' id='word_1_804' title='bbox 1869 5512 1962 5567; x_wconf 84' lang='lat' dir='ltr'><strong>ha-</strong></span> 
     </span>
    </p>
   </div>
   <div class='ocr_carea' id='block_1_104' title="bbox 386 5604 1224 5685">
    <p class='ocr_par' dir='ltr' id='par_1_104' title="bbox 386 5604 1224 5685">
     <span class='ocr_line' id='line_1_104' title="bbox 386 5604 1224 5685; baseline 0.006 -25"><span class='ocrx_word' id='word_1_805' title='bbox 386 5604 517 5673; x_wconf 64' lang='lat' dir='ltr'><strong>bere</strong></span> <span class='ocrx_word' id='word_1_806' title='bbox 548 5606 874 5685; x_wconf 86' lang='lat' dir='ltr'><strong>principium</strong></span> <span class='ocrx_word' id='word_1_807' title='bbox 901 5608 1224 5675; x_wconf 87' lang='lat' dir='ltr'><strong>exsistendi.</strong></span> 
     </span>
    </p>
   </div>
   <div class='ocr_carea' id='block_1_105' title="bbox 2062 4586 3644 4657">
    <p class='ocr_par' dir='ltr' id='par_1_105' title="bbox 2062 4586 3644 4657">
     <span class='ocr_line' id='line_1_105' title="bbox 2062 4586 3644 4657; baseline -0.002 -15"><span class='ocrx_word' id='word_1_808' title='bbox 2062 4606 2242 4651; x_wconf 84' lang='grc' dir='ltr'>νοντες</span> <span class='ocrx_word' id='word_1_809' title='bbox 2266 4630 2278 4650; x_wconf 93' lang='grc'><strong>,</strong></span> <span class='ocrx_word' id='word_1_810' title='bbox 2322 4588 2679 4657; x_wconf 76' lang='grc' dir='ltr'>ἀτελεύτητον</span> <span class='ocrx_word' id='word_1_811' title='bbox 2714 4589 2943 4657; x_wconf 79' lang='grc' dir='ltr'>λέγομεν</span> <span class='ocrx_word' id='word_1_812' title='bbox 2979 4588 3070 4641; x_wconf 74' lang='grc' dir='ltr'>τὸν</span> <span class='ocrx_word' id='word_1_813' title='bbox 3106 4587 3277 4639; x_wconf 77' lang='grc' dir='ltr'>οὐδενὶ</span> <span class='ocrx_word' id='word_1_814' title='bbox 3311 4586 3503 4654; x_wconf 81' lang='grc' dir='ltr'>πέρατι</span> <span class='ocrx_word' id='word_1_815' title='bbox 3540 4588 3644 4656; x_wconf 81' lang='grc' dir='ltr'>τὴν</span> 
     </span>
    </p>
   </div>
   <div class='ocr_carea' id='block_1_106' title="bbox 2064 4676 3647 4749">
    <p class='ocr_par' dir='ltr' id='par_1_106' title="bbox 2064 4676 3647 4749">
     <span class='ocr_line' id='line_1_106' title="bbox 2064 4676 3647 4749; baseline -0.003 -16"><span class='ocrx_word' id='word_1_816' title='bbox 2064 4679 2209 4749; x_wconf 75' lang='grc' dir='ltr'>ζωὴν</span> <span class='ocrx_word' id='word_1_817' title='bbox 2260 4679 2597 4748; x_wconf 75' lang='grc' dir='ltr'>ὁριζόμενον,</span> <span class='ocrx_word' id='word_1_818' title='bbox 2643 4677 2783 4732; x_wconf 79' lang='grc' dir='ltr'>οὕτω</span> <span class='ocrx_word' id='word_1_819' title='bbox 2826 4679 2917 4731; x_wconf 67' lang='grc' dir='ltr'><strong>καὶ</strong></span> <span class='ocrx_word' id='word_1_820' title='bbox 2948 4680 3026 4732; x_wconf 74' lang='grc' dir='ltr'>εἰς</span> <span class='ocrx_word' id='word_1_821' title='bbox 3056 4678 3113 4730; x_wconf 62' lang='grc' dir='ltr'>τὸ</span> <span class='ocrx_word' id='word_1_822' title='bbox 3147 4678 3258 4731; x_wconf 82' lang='grc' dir='ltr'>ἄνω</span> <span class='ocrx_word' id='word_1_823' title='bbox 3286 4677 3392 4729; x_wconf 84' lang='grc' dir='ltr'>τῶν</span> <span class='ocrx_word' id='word_1_824' title='bbox 3426 4676 3647 4729; x_wconf 78' lang='grc' dir='ltr'>αἰώνων</span> 
     </span>
    </p>
   </div>
   <div class='ocr_carea' id='block_1_107' title="bbox 2060 4764 3647 4839">
    <p class='ocr_par' dir='ltr' id='par_1_107' title="bbox 2060 4764 3647 4839">
     <span class='ocr_line' id='line_1_107' title="bbox 2060 4764 3647 4839; baseline -0.002 -16"><span class='ocrx_word' id='word_1_825' title='bbox 2060 4774 2171 4834; x_wconf 78' lang='grc' dir='ltr'>τοῖς</span> <span class='ocrx_word' id='word_1_826' title='bbox 2202 4771 2477 4839; x_wconf 73' lang='grc' dir='ltr'>λογισμοῖς</span> <span class='ocrx_word' id='word_1_827' title='bbox 2504 4770 2903 4831; x_wconf 80' lang='grc' dir='ltr'>ἀναϐαίνοντες,</span> <span class='ocrx_word' id='word_1_828' title='bbox 2933 4769 3030 4822; x_wconf 74' lang='grc' dir='ltr'>καὶ</span> <span class='ocrx_word' id='word_1_829' title='bbox 3062 4764 3173 4819; x_wconf 78' lang='grc' dir='ltr'>οἷον</span> <span class='ocrx_word' id='word_1_830' title='bbox 3211 4766 3289 4829; x_wconf 79' lang='grc' dir='ltr'>εἷς</span> <span class='ocrx_word' id='word_1_831' title='bbox 3320 4784 3371 4818; x_wconf 89' lang='grc' dir='ltr'><strong>τι</strong></span> <span class='ocrx_word' id='word_1_832' title='bbox 3404 4768 3647 4833; x_wconf 80' lang='grc' dir='ltr'>πέλαγος</span> 
     </span>
    </p>
   </div>
   <div class='ocr_carea' id='block_1_108' title="bbox 2061 4858 3652 4933">
    <p class='ocr_par' dir='ltr' id='par_1_108' title="bbox 2061 4858 3652 4933">
     <span class='ocr_line' id='line_1_108' title="bbox 2061 4858 3652 4933; baseline -0.004 -16"><span class='ocrx_word' id='word_1_833' title='bbox 2061 4864 2257 4933; x_wconf 80' lang='grc' dir='ltr'>ἀχανὲς</span> <span class='ocrx_word' id='word_1_834' title='bbox 2285 4866 2374 4916; x_wconf 71' lang='grc' dir='ltr'><strong>ἐπὶ</strong></span> <span class='ocrx_word' id='word_1_835' title='bbox 2394 4865 2453 4916; x_wconf 76' lang='grc' dir='ltr'>τὸ</span> <span class='ocrx_word' id='word_1_836' title='bbox 2477 4864 2702 4933; x_wconf 74' lang='grc' dir='ltr'>ἄπειρον</span> <span class='ocrx_word' id='word_1_837' title='bbox 2728 4861 2827 4932; x_wconf 80' lang='grc' dir='ltr'>τῆς</span> <span class='ocrx_word' id='word_1_838' title='bbox 2858 4860 2948 4913; x_wconf 87' lang='grc' dir='ltr'><strong>τοῦ</strong></span> <span class='ocrx_word' id='word_1_839' title='bbox 2980 4858 3113 4912; x_wconf 82' lang='grc' dir='ltr'>Θεοῦ</span> <span class='ocrx_word' id='word_1_840' title='bbox 3147 4859 3291 4927; x_wconf 73' lang='grc' dir='ltr'>ζωῆς</span> <span class='ocrx_word' id='word_1_841' title='bbox 3316 4858 3652 4911; x_wconf 81' lang='grc' dir='ltr'>διακύπτον-</span> 
     </span>
    </p>
   </div>
   <div class='ocr_carea' id='block_1_109' title="bbox 2059 4947 3647 5025">
    <p class='ocr_par' dir='ltr' id='par_1_109' title="bbox 2059 4947 3647 5025">
     <span class='ocr_line' id='line_1_109' title="bbox 2059 4947 3647 5025; baseline -0.001 -18"><span class='ocrx_word' id='word_1_842' title='bbox 2059 4971 2172 5023; x_wconf 85' lang='grc' dir='ltr'>τες,</span> <span class='ocrx_word' id='word_1_843' title='bbox 2202 4956 2321 5009; x_wconf 75' lang='grc' dir='ltr'><strong>οὐδὲ</strong></span> <span class='ocrx_word' id='word_1_844' title='bbox 2355 4957 2482 5022; x_wconf 81' lang='grc' dir='ltr'>μιᾶς</span> <span class='ocrx_word' id='word_1_845' title='bbox 2509 4956 2704 5025; x_wconf 79' lang='grc' dir='ltr'>ἀρχῆς,</span> <span class='ocrx_word' id='word_1_846' title='bbox 2730 4953 2823 5023; x_wconf 80' lang='grc' dir='ltr'><strong>ἀφ’</strong></span> <span class='ocrx_word' id='word_1_847' title='bbox 2852 4947 2916 5023; x_wconf 79' lang='grc' dir='ltr'>ἦς</span> <span class='ocrx_word' id='word_1_848' title='bbox 2949 4951 3161 5019; x_wconf 83' lang='grc' dir='ltr'>γέγονε,</span> <span class='ocrx_word' id='word_1_849' title='bbox 3190 4950 3449 5003; x_wconf 76' lang='grc' dir='ltr'>λαϐέσθαι</span> <span class='ocrx_word' id='word_1_850' title='bbox 3478 4950 3647 5009; x_wconf 75' lang='grc' dir='ltr'>δυνά-</span> 
     </span>
    </p>
   </div>
   <div class='ocr_carea' id='block_1_110' title="bbox 2066 5042 3645 5118">
    <p class='ocr_par' dir='ltr' id='par_1_110' title="bbox 2066 5042 3645 5118">
     <span class='ocr_line' id='line_1_110' title="bbox 2066 5042 3645 5118; baseline -0.004 -17"><span class='ocrx_word' id='word_1_851' title='bbox 2066 5065 2235 5118; x_wconf 85' lang='grc' dir='ltr'>μενοι,</span> <span class='ocrx_word' id='word_1_852' title='bbox 2268 5048 2401 5100; x_wconf 73' lang='grc' dir='ltr'><strong>ἀλλὰ</strong></span> <span class='ocrx_word' id='word_1_853' title='bbox 2428 5046 2519 5098; x_wconf 90' lang='grc' dir='ltr'><strong>τοῦ</strong></span> <span class='ocrx_word' id='word_1_854' title='bbox 2556 5048 2841 5115; x_wconf 83' lang='grc' dir='ltr'>νοουμένου</span> <span class='ocrx_word' id='word_1_855' title='bbox 2883 5042 3151 5114; x_wconf 77' lang='grc' dir='ltr'>ἐξωτέραν</span> <span class='ocrx_word' id='word_1_856' title='bbox 3184 5042 3289 5107; x_wconf 75' lang='grc' dir='ltr'>ἀεὶ,</span> <span class='ocrx_word' id='word_1_857' title='bbox 3329 5042 3424 5094; x_wconf 75' lang='grc' dir='ltr'><strong>καὶ</strong></span> <span class='ocrx_word' id='word_1_858' title='bbox 3471 5044 3645 5112; x_wconf 80' lang='grc' dir='ltr'>ὑπερ-</span> 
     </span>
    </p>
   </div>
   <div class='ocr_carea' id='block_1_111' title="bbox 2063 5132 3646 5205">
    <p class='ocr_par' dir='ltr' id='par_1_111' title="bbox 2063 5132 3646 5205">
     <span class='ocr_line' id='line_1_111' title="bbox 2063 5132 3646 5205; baseline -0.002 -14"><span class='ocrx_word' id='word_1_859' title='bbox 2063 5138 2436 5192; x_wconf 80' lang='grc' dir='ltr'>εκπίπτουσαν</span> <span class='ocrx_word' id='word_1_860' title='bbox 2482 5137 2575 5189; x_wconf 84' lang='grc' dir='ltr'><strong>τοῦ</strong></span> <span class='ocrx_word' id='word_1_861' title='bbox 2624 5136 2758 5188; x_wconf 85' lang='grc' dir='ltr'>Θεοῦ</span> <span class='ocrx_word' id='word_1_862' title='bbox 2810 5136 2908 5205; x_wconf 75' lang='grc' dir='ltr'>τὴν</span> <span class='ocrx_word' id='word_1_863' title='bbox 2945 5135 3086 5202; x_wconf 77' lang='grc' dir='ltr'>ζωὴν</span> <span class='ocrx_word' id='word_1_864' title='bbox 3122 5132 3447 5197; x_wconf 80' lang='grc' dir='ltr'>ἐννοοῦντες,</span> <span class='ocrx_word' id='word_1_865' title='bbox 3483 5135 3646 5195; x_wconf 77' lang='grc' dir='ltr'>τοῦτο</span> 
     </span>
    </p>
   </div>
   <div class='ocr_carea' id='block_1_112' title="bbox 2063 5224 3639 5301">
    <p class='ocr_par' dir='ltr' id='par_1_112' title="bbox 2063 5224 3639 5301">
     <span class='ocr_line' id='line_1_112' title="bbox 2063 5224 3639 5301; baseline -0.004 -19"><span class='ocrx_word' id='word_1_866' title='bbox 2063 5231 2123 5282; x_wconf 73' lang='grc' dir='ltr'>τὸ</span> <span class='ocrx_word' id='word_1_867' title='bbox 2148 5232 2381 5301; x_wconf 78' lang='grc' dir='ltr'>ἄναρχον</span> <span class='ocrx_word' id='word_1_868' title='bbox 2404 5234 2501 5297; x_wconf 79' lang='grc' dir='ltr'>τῆς</span> <span class='ocrx_word' id='word_1_869' title='bbox 2522 5228 2666 5295; x_wconf 74' lang='grc' dir='ltr'>ζωῆς</span> <span class='ocrx_word' id='word_1_870' title='bbox 2686 5226 2978 5295; x_wconf 80' lang='grc' dir='ltr'>ἀγέννητον</span> <span class='ocrx_word' id='word_1_871' title='bbox 2998 5225 3463 5295; x_wconf 78' lang='grc' dir='ltr'>προσειρήκαμεν.</span> <span class='ocrx_word' id='word_1_872' title='bbox 3487 5224 3639 5297; x_wconf 71' lang='grc' dir='ltr'><strong>Αὕτη</strong></span> 
     </span>
    </p>
   </div>
   <div class='ocr_carea' id='block_1_113' title="bbox 2064 5317 3639 5392">
    <p class='ocr_par' dir='ltr' id='par_1_113' title="bbox 2064 5317 3639 5392">
     <span class='ocr_line' id='line_1_113' title="bbox 2064 5317 3639 5392; baseline -0.003 -17"><span class='ocrx_word' id='word_1_873' title='bbox 2064 5323 2172 5392; x_wconf 85' lang='grc' dir='ltr'>γὰρ</span> <span class='ocrx_word' id='word_1_874' title='bbox 2203 5324 2295 5376; x_wconf 83' lang='grc' dir='ltr'><strong>τοῦ</strong></span> <span class='ocrx_word' id='word_1_875' title='bbox 2335 5322 2627 5391; x_wconf 80' lang='grc' dir='ltr'>άγεννήτου</span> <span class='ocrx_word' id='word_1_876' title='bbox 2670 5320 2703 5388; x_wconf 83' lang='grc' dir='ltr'>ή</span> <span class='ocrx_word' id='word_1_877' title='bbox 2744 5319 2954 5385; x_wconf 66' lang='grc' dir='ltr'>ἔννοια,</span> <span class='ocrx_word' id='word_1_878' title='bbox 2986 5318 3047 5370; x_wconf 86' lang='grc' dir='ltr'>τὸ</span> <span class='ocrx_word' id='word_1_879' title='bbox 3078 5317 3154 5388; x_wconf 75' lang='grc' dir='ltr'>μὴ</span> <span class='ocrx_word' id='word_1_880' title='bbox 3189 5317 3334 5387; x_wconf 72' lang='grc' dir='ltr'>ἔχειν</span> <span class='ocrx_word' id='word_1_881' title='bbox 3369 5318 3639 5388; x_wconf 66' lang='grc' dir='ltr'>ἑτέρωθεν</span> 
     </span>
    </p>
   </div>
   <div class='ocr_carea' id='block_1_114' title="bbox 2062 5410 2861 5485">
    <p class='ocr_par' dir='ltr' id='par_1_114' title="bbox 2062 5410 2861 5485">
     <span class='ocr_line' id='line_1_114' title="bbox 2062 5410 2861 5485; baseline -0.001 -19"><span class='ocrx_word' id='word_1_882' title='bbox 2062 5412 2161 5483; x_wconf 72' lang='grc' dir='ltr'>τὴν</span> <span class='ocrx_word' id='word_1_883' title='bbox 2201 5414 2373 5485; x_wconf 77' lang='grc' dir='ltr'>ἀρχὴν</span> <span class='ocrx_word' id='word_1_884' title='bbox 2402 5413 2496 5467; x_wconf 88' lang='grc' dir='ltr'><strong>τοῦ</strong></span> <span class='ocrx_word' id='word_1_885' title='bbox 2526 5410 2666 5475; x_wconf 82' lang='grc' dir='ltr'>εἷναι</span> <span class='ocrx_word' id='word_1_886' title='bbox 2694 5411 2861 5482; x_wconf 74' lang='grc' dir='ltr'><strong>δηλοῖ.</strong></span> 
     </span>
    </p>
   </div>
  </div>
