4008 6208
1277 293 1662 359 PANOPLIA
1687 291 2148 359 DOGMATICA.
2173 322 2244 334 -
2271 297 2422 359 TIT.
2459 299 2572 360 XI.

745 413 849 468 Ἕκ
880 411 987 468 τοῦ
1012 411 1205 466 αὑτοῦ
1237 412 1450 479 λόγου.

2309 474 2314 478 ,
2503 411 2584 468 Ea:
2624 415 2804 468 eodem
2867 413 3024 470 libro.

375 507 520 564 Ἀλλ’
560 509 589 562 ό
622 506 897 578 Εὑνόμιος
955 507 1015 560 τὸ
1081 506 1181 575 μὲν
1235 504 1333 558 τοῦ
1397 502 1610 575 Πατρὸς
1658 499 1751 554 καὶ
1785 496 1872 551 τοῦ

2042 503 2241 560 Verum
2270 507 2572 563 Eunomius
2610 508 2785 566 Patris
2820 518 2875 565 et
2903 508 3023 564 Filii
3069 523 3274 566 nomen
3332 513 3553 570 silentio

297 599 428 655 Υίοῦ
486 599 662 669 ὄνομα
724 601 947 671 σιωπᾷ,
1011 599 1200 660 ἁπλῶς
1260 599 1316 653 δὲ
1387 599 1518 666 περὶ
1578 595 1872 664 ἀγεννήτον

1971 601 2360 668 praetermittit,
2389 617 2452 657 ac
2488 602 2815 672 simpliciter
2867 606 2932 658 de
2957 605 3203 675 ingenito
3271 616 3326 660 et
3367 608 3554 677 genito

296 694 390 745 καὶ
468 691 737 762 γεννητοῦ
781 692 1122 760 διαλέγεται,
1189 691 1286 744 καὶ
1341 691 1407 744 τὰ
1457 690 1560 758 τῆς
1611 687 1872 758 σωτηρίου

1971 691 2211 745 disserit.
2242 691 2384 757 Quin
2412 704 2466 748 et
2489 695 2772 754 occultatis
2807 695 3102 752 salutifera:
3141 697 3266 754 ﬁdei
3321 699 3558 754 nomini-

297 789 541 852 πίστεως
594 789 843 857 ὀνόματα
903 787 1203 857 κρύπτων,
1254 785 1388 855 ψιλά
1423 783 1761 854 παραδίδωσι
1785 781 1872 850 τῆς

1971 783 2092 845 bus,
2123 783 2476 854 blasphemia:
2511 788 2757 858 dogmata
2785 787 2929 844 nuda
2957 790 3139 853 tradit,
3173 800 3252 857 ut,
3279 791 3557 846 denudata

297 881 660 952 βλασφημίας
716 881 786 935 τά
849 879 1132 950 δόγματα⁸
1191 879 1282 933 ἵνα
1352 878 1454 949 τῆς
1520 875 1776 938 ἀσεϐείας
1827 877 1872 927 ἐκ

1974 874 2030 928 in
2067 875 2200 947 ipsis
2231 875 2716 945 rebusimpictate,
2750 895 2814 935 ac
2839 879 3040 936 deinde
3071 880 3217 936 facto
3279 879 3347 935 ad
3371 896 3561 951 perso-

295 975 415 1034 τοτς
489 970 788 1041 πράγμασι
841 969 1248 1040 γυμνωθείσης,
1313 963 1430 1022 εἶτα
1499 966 1601 1036 τῆς
1655 963 1872 1036 μεταϐὰς

1976 984 2074 1023 nas
2110 969 2364 1033 transitu,
2399 969 2648 1025 videatur
2672 971 2786 1041 ipse
2822 972 2959 1026 nihil
2989 972 3193 1028 dixisse
3226 973 3562 1042 blaSphemi,.

299 1078 445 1122 σεως
503 1062 601 1116 ἐπὶ
673 1062 742 1114 τά
824 1063 1094 1134 πρόσωπα
1171 1058 1504 1130 γενομένης,
1567 1059 1731 1119 αὐτὸς
1795 1057 1872 1126 μέε

1979 1060 2072 1115 sed
2111 1061 2374 1116 orationis
2403 1063 2546 1118 serie
2576 1062 2977 1132 blaSphemiam
3005 1065 3391 1120 concinnatam
3457 1068 3556 1120 ha-

301 1148 473 1217 μηδὲν
493 1146 622 1218 δόξῃ
651 1146 931 1216 δύσφημον
958 1147 1254 1217 εἰρηκέναι,
1282 1151 1350 1217 τῇ
1379 1147 1432 1199 δέ
1458 1147 1550 1199 τοῦ
1573 1147 1728 1215 λόγου
1755 1149 1872 1199 ἄκος

1983 1143 2123 1197 beat.
2155 1145 2430 1214 lngenitus
2461 1155 2640 1201 autem
2666 1162 2788 1202 cum
2813 1147 2901 1213 sit,
2928 1148 3123 1217 inquit,
3147 1149 3336 1220 effugit
3365 1151 3548 1220 utique

298 1237 492 1307 λουθίᾳ.
517 1237 1029 1307 κατεσκευασμένην
1053 1236 1150 1309 ἔχῃ
1176 1237 1273 1308 τὴν
1298 1235 1662 1306 βλασφημίαν.
1699 1236 1872 1304 Ἀγέν-

1981 1247 2194 1286 omnem
2237 1236 2692 1303 comparationem
2735 1251 2798 1290 ac
2832 1239 3262 1292 communionem
3295 1255 3413 1294 cum
3455 1257 3549 1310 ge-

298 1343 462 1396 νητος
488 1325 549 1379 δὲ
573 1324 670 1388 ὢν,
698 1326 882 1396 φησὶν,
915 1324 1140 1394 ἐκφύγοι
1164 1325 1230 1380 ἂν
1261 1327 1444 1380 πᾶσαν
1477 1325 1758 1397 σύγκρισιν
1787 1326 1872 1379 καὶ

1983 1323 2112 1375 nito.
2155 1321 2270 1378 Non
2311 1325 2483 1378 dixit:
2519 1324 2679 1380 Pater
2719 1337 2771 1382 et
2804 1327 3006 1394 Filius,
3037 1328 3154 1394 sed,
3188 1327 3465 1400 ingenitus
3495 1342 3548 1386 et

299 1418 588 1471 κοινωνίαν
621 1417 718 1488 τὴν
749 1418 886 1488 πρὸς
914 1416 973 1471 τὸ
1004 1418 1280 1488 γεννητόν.
1313 1419 1426 1472 Οὐκ
1454 1415 1624 1481 εἶπεν,
1655 1419 1734 1472 ὅτι
1767 1420 1872 1472 Πα-

1981 1413 2215 1481 genitus.
2249 1413 2380 1468 Tale
2411 1425 2492 1470 est
2525 1416 2690 1485 igitur
2723 1432 2890 1472 unum
2914 1457 2930 1485 ,
2959 1420 3099 1486 quod
3132 1419 3198 1474 ab
3237 1435 3302 1475 eo
3332 1425 3548 1493 excogi-

298 1509 405 1578 τηρ
432 1510 527 1562 καὶ
556 1509 684 1572 Υἱός
703 1525 718 1539 ο
746 1509 1216 1579 ἀλλ’,Ἃγέννητος
1247 1510 1342 1562 καὶ
1371 1513 1651 1582 γεννητός.
1781 1512 1872 1566 Ἕν

1982 1510 2149 1557 tatum
2175 1514 2258 1559 est
2288 1523 2301 1558 :
2336 1505 2562 1560 alterum
2596 1522 2724 1562 vero
2749 1508 2907 1576 quale
2948 1509 3019 1564 sit
3065 1510 3428 1568 considerate.
3461 1513 3547 1567 lu-

307 1601 406 1669 μέν
432 1600 499 1670 δὴ
529 1601 696 1654 αὑτοῦ
725 1600 881 1654 τοῦτο
907 1600 1145 1655 τοιοῦτον
1179 1601 1545 1673 κακούργημα
1609 1603 1794 1672 ἕτερον
1823 1602 1872 1656 δὲ

1980 1599 2194 1668 genitus
2219 1613 2348 1654 vero
2377 1616 2499 1655 cum
2536 1601 2628 1668 sit,
2663 1603 2869 1672 inquit,
2903 1619 3180 1673 nunquam
3213 1621 3342 1660 sane
3375 1607 3548 1661 admi-

303 302 394 366 δίη
1277 302 1662 359 PANOPLIA
1692 302 2148 359 DUGMATICA.
2173 322 2244 334 —-
2271 302 2422 359 TIT.
2459 302 2572 360 XI.
3449 305 3553 369 532

303 1694 486 1758 ποῖον,
538 1695 812 1746 σκοπεῖτε.
873 1693 1191 1762 Ἀγέννητος
1221 1692 1276 1745 δὲ
1320 1692 1415 1757 ὢν,
1449 1697 1632 1763 φησιν,
1673 1693 1772 1747 οὐκ
1814 1693 1878 1746 ἄν

303 1799 434 1836 ποτε
467 1785 722 1855 πρόσοιτο
754 1784 1000 1854 γέννησιν
1022 1799 1036 1814 ⁸
1069 1783 1164 1836 καὶ
1189 1785 1402 1853 ἐπάγει,
1440 1785 1575 1838 ὥστε
1611 1784 1709 1858 τῆς
1742 1784 1876 1848 ιδίας

305 1873 628 1943 μεταδοῦναι
659 1874 736 1944 τῷ
760 1874 1082 1945 γεννωμένῳ
1109 1874 1345 1944 φύσεως.
1378 1874 1472 1938 Τὸ,
1494 1875 1606 1926 οὐκ
1637 1873 1715 1928 ἄν
1735 1886 1878 1928 ποτε

303 1966 591 2034 πρόσοιτο
628 1965 936 2034 γέννησιν,
966 1965 1058 2019 δύο
1099 1967 1383 2036 σημαίνειο
1426 1964 1483 2018 ἓν
1523 1965 1656 2035 μὲν,
1687 1966 1766 2018 ὅτι
1809 1968 1875 2036 τῇ

306 2058 414 2128 ἰδία
441 2057 611 2110 αὑτοῦ
643 2057 799 2125 φύσει
833 2058 933 2111 οὐκ
962 2058 1259 2129 ἐφαρμόζει
1434 2057 1682 2128 γέννησις
1711 2057 1878 2129 (ἀδύ-

301 2165 458 2201 νατον
491 2148 601 2218 γὰρ
650 2149 754 2200 ὑπὸ
787 2148 1039 2219 γέννησιν
1081 2149 1253 2202 ἐλθεῖν
1296 2148 1394 2220 τὴν
1439 2148 1732 2218 ἀγέννητον
1775 2147 1876 2216 φύ-

304 2241 428 2306 σιν)
453 2255 466 2268 ’
508 2240 696 2310 ἓτερον
727 2238 804 2300 δὲ,
840 2239 920 2290 ὅτι
959 2240 1216 2308 γεννῆσαι
1249 2239 1310 2292 οὐ
1512 2235 1877 2303 καταδέχεται.

300 2326 470 2394 οὗτος
503 2330 606 2401 μὲν
632 2325 726 2382 οὖν
754 2329 894 2384 κατά
920 2330 979 2383 τὸ
1007 2329 1257 2402 δεύτερον
1288 2329 1686 2400 σημαινόμενον
1715 2331 1878 2402 έΧΡή“

302 2440 432 2476 σατο
470 2427 538 2493 τῇ
574 2424 724 2493 φωνῇ
747 2441 761 2453 ”
799 2420 1133 2494 συναρπάζει
1165 2421 1222 2474 δὲ
1254 2422 1382 2485 τοὺς
1411 2421 1639 2486 πολλοὺς
1671 2423 1734 2476 ἐκ
1779 2425 1877 2494 τῆς

302 2514 573 2584 προτέρας
615 2514 844 2578 ἐννοίας.
888 2513 1039 2566 Ἐπεὶ
1071 2514 1151 2566 ὅτι
1188 2529 1252 2581 γε
1279 2513 1438 2568 τοῦτό
1476 2518 1588 2568 ἐστι
1619 2516 1678 2569 τὸ
1710 2534 1877 2570 κατα-

300 2605 716 2674 σκευαζόμενον,
780 2605 968 2675 σαφῶς
1020 2604 1080 2658 τὸ
1131 2607 1524 2678 ἐπιφερόμενον
1584 2609 1871 2662 δείκνυσιν.

300 2696 486 2749 Εἰπὼν
518 2697 628 2766 γάρ
658 2697 772 2760 ὅτι,
803 2699 925 2750 Οὐκ
952 2696 1030 2750 ἄν
1057 2712 1201 2751 ποτε
1230 2700 1515 2767 πρόσοιτο
1554 2701 1866 2770 γέννησιν,

300 2788 607 2856 ιπήγαγενο
654 2786 811 2840 ὥστε
839 2785 948 2855 τῆς
984 2787 1136 2854 ιδίας
1158 2789 1520 2858 μεταδοῦναι
1555 2791 1634 2857 τῷ
1663 2809 1876 2860 γεννω-

295 2880 456 2947 μένῳ
495 2881 754 2948 φύσεως.
791 2881 872 2951 Τῇ
912 2879 1020 2951 γὰρ
1060 2881 1288 2954 δευτέρα
1499 2884 1678 2955 ἐννοίᾳ
1719 2884 1876 2938 τοῦτό

300 2970 447 3021 ἐστιν
486 2969 810 3023 ἀκόλουθον·
858 2971 938 3023 ὃτι
979 2971 1038 3024 οὑ
1076 2973 1430 3043 καταδέχεται
1470 2973 1724 3042 γενέσθαι
1761 2976 1873 3030 Πα-

297 3059 420 3130 τὴρ,
464 3061 555 3114 ἶνα
597 3061 670 3132 μὴ
717 3061 929 3132 μεταδῷ
962 3062 1062 3133 τῆς
1115 3063 1249 3126 ίδίας
1299 3063 1512 3133 φύσεως
1555 3064 1632 3136 τῷ
1675 3082 1874 3134 γεννω-

303 3151 468 3222 μένῳ.
513 3153 612 3216 Τίς
638 3153 704 3205 ἂν
735 3153 941 3221 γένοιτο
975 3153 1072 3224 τῆς
1104 3154 1357 3218 ἀσεϐείας
1393 3155 1593 3228 ταύτης
1625 3159 1870 3227 χαλεπω-

1975 3157 2371 3225 perniciosior?
2404 3160 2525 3228 quis
2571 3174 2807 3229 unquam
2851 3168 3050 3216 tantam
3099 3161 3541 3233 iuiquitatemlo-
3643 3147 3664 3153 ’

299 3240 465 3311 ripa;
519 3242 606 3304 τίς
647 3242 874 3313 ἐλάλησε
925 3242 1191 3315 τοσαύτην
1237 3245 1451 3300 ἀδικίαν
1499 3249 1580 3310 είς
1629 3247 1688 3301 τὸ
1740 3247 1872 3317 ὕψος

299 3334 426 3386 ποτέ
448 3350 463 3398 ;

513 3422 656 3492 Ἐγὼ
699 3424 799 3495 μὲν
841 3424 946 3496 γὰρ
991 3423 1280 3497 φοϐοῦμαι,
1329 3429 1402 3498 μὴ
1438 3431 1531 3482 καὶ
1571 3432 1765 3500 ἡμεῖς,
1811 3434 1869 3484 ἐν

298 3519 368 3588 τῷ
399 3518 501 3581 τάς
535 3518 822 3590 ἀλλοτρίας
854 3519 1249 3589 ἀναλαμϐάνειν
1279 3520 1625 3592 βλασφημίας
1659 3524 1744 3577 διὰ
1775 3526 1866 3579 τοῦ

299 3613 586 3681 στόματος,
635 3609 946 3680 μολύνωμεν
986 3611 1191 3664 ἑαυτῶν
1227 3612 1322 3683 τὴν
1351 3613 1609 3677 διάνοιαν,
1644 3617 1737 3668 καὶ
1771 3618 1869 3685 τῆς

297 3701 673 3773 κατακρίσεως
717 3703 900 3766 αὐτοῖς
951 3704 1385 3774 κοινωνήσωμεν.
1605 3708 1866 3778 Παραμυ-

297 3793 464 3846 θεῖται
499 3793 558 3847 δέ
609 3810 676 3864 με
723 3793 784 3846 τὸ
829 3795 885 3848 ἐν
931 3796 1046 3858 τοῖς
1095 3795 1466 3864 Εὐαγγελίοις,
1519 3798 1600 3850 ὅτι
1660 3799 1752 3850 καὶ
1807 3799 1868 3851 τὸ

297 3885 517 3955 Πνεῦμα
550 3885 612 3937 τὸ
644 3885 795 3953 ἅγιον
827 3885 923 3957 τὴν
953 3885 1060 3940 τῶν
1117 3887 1384 3941 Ἰουδαίων
1417 3890 1494 3952 είς
1535 3889 1626 3942 τὸν
1666 3889 1867 3960 Κύριον

298 3975 645 4046 βλασφημίαν
687 3976 955 4048 ἔγγραφον
997 3979 1108 4041 τοῖς
1149 3979 1285 4048 μετά
1323 3979 1499 4034 ταῦτα
1532 3979 1866 4051 παραδοῦναι

293 4066 352 4116 ού
380 4067 757 4136 παρῃτήσατο,
799 4066 1020 4119 ἐκείνων
1047 4066 1356 4136 στηλιτεῦον
1388 4071 1466 4132 είς
1500 4069 1714 4123 ἅπαντα
1748 4072 1867 4141 χρό-

294 4173 380 4209 νον
409 4157 509 4227 τὴν
539 4156 905 4228 βλασφημίαν,
933 4158 1054 4228 οὐχὶ
1084 4161 1150 4229 τῇ
1193 4160 1446 4231 ἀχράντῳ
1470 4160 1595 4232 δόξῃ
1633 4161 1726 4214 τοῦ
1757 4163 1867 4215 Μο-

293 4247 543 4315 νογενοῦς
585 4247 1042 4320 προστριϐόμενόν
1079 4266 1201 4302 τινα
1247 4249 1616 4321 βλασφημίαν.
1799 4253 1861 4305 Ei

291 4341 468 4393 τοίνυν
490 4342 592 4394 οὐκ
614 4339 679 4394 ἀν
703 4357 828 4394 ποτε
858 4339 1108 4412 πρόσοιτο
1135 4341 1406 4413 γέννησιν,
1435 4341 1574 4395 ὥστε
1600 4343 1696 4415 τῆς
1728 4345 1865 4408 ίδίας

292 4431 614 4498 μεταδοῦναι
663 4431 739 4502 τῷ
789 4431 1111 4502 γεννωμένῳ
1167 4431 1405 4501 φύσεως,
1445 4433 1544 4486 οὐκ
1599 4433 1714 4487 ἐστι
1762 4437 1860 4506 μὲν

287 4521 476 4592 Πατὴρ
520 4524 550 4574 ὁ
582 4523 746 4588 Θεὸς,
781 4525 882 4578 οὐκ
912 4523 1026 4578 ἐστι
1057 4524 1114 4578 δέ
1171 4535 1186 4550 ⁸

286 4620 500 4685 ἀφεῖναι
541 4617 728 4678 ἀτελὲς
753 4615 814 4668 τὸ
846 4615 1182 4686 βλάσπμον.
1231 4615 1289 4667 Ὁ
1338 4615 1433 4685 μὲν
1466 4613 1576 4684 γὰρ
1611 4613 1672 4667 οὐ
1701 4629 1870 4688 προσ·

287 4711 458 4777 ήκατο
479 4707 764 4775 γέννησινο
794 4709 822 4760 ὁ
851 4706 908 4759 δὲ
939 4707 1000 4759 οὐ
1029 4706 1291 4776 μετέλαϐε
1324 4705 1424 4776 τῆς
1455 4705 1548 4758 τοῦ
1574 4707 1871 4776 γεννήσαν-

292 4816 374 4862 τος
415 4802 651 4868 φύσεως.
699 4796 829 4852 Εῗτα
873 4798 1270 4866 ἐπαγωνίζεται
1313 4798 1475 4861 αὐτὸς
1524 4795 1703 4867 ἐαυτῷ
1750 4814 1873 4849 και-

295 4890 382 4960 ψὴν
565 4891 666 4960 τῆς
707 4889 1054 4959 βλασφημίας
1085 4891 1184 4959 τὴν
1234 4889 1586 4960 παραμυθίαν
1621 4889 1871 4944 ἐπινοῶν.

294 4983 350 5034 5'3
383 4982 462 5052 τῷ
502 4984 676 5034 εἰπεῖν
717 4999 767 5034 τι
811 4980 1101 5051 μετανοίας
1141 4982 1421 5051 ἐχόμενον,
1450 4980 1586 5033 ἀλλά
1619 4982 1730 5042 τοῖς
1758 4979 1875 5032 δευ-

297 5071 465 5139 τέροις
505 5071 821 5140 φιλονεικῶν
867 5069 1182 5140 ἀποκρῦψαι
1232 5070 1299 5123 τά
1339 5069 1637 5140 φθάσαντα.
1673 5068 1736 5122 Τί
1767 5069 1876 5137 γὰρ

299 5161 557 5232 ὑπέμεινε
590 5161 924 5231 φθέγξασθαι
950 5179 964 5228 ;

363 5253 522 5306 ΕΥΝ.
575 5253 834 5322 Ἐκφύγοι
865 5271 923 5306 τε
974 5252 1040 5308 ἂν
1081 5256 1262 5308 πᾶσαν
1311 5253 1595 5327 σύγκρισιν
1637 5254 1730 5306 καὶ
1761 5271 1874 5308 κοι-

295 5343 490 5396 νωνίαν
518 5344 615 5414 τὴν
656 5344 791 5415 πρὸς
830 5345 890 5398 τὸ
921 5346 1202 5415 γεννητόν.

367 5437 516 5488 ΒᾹΣ.
558 5436 621 5488 Εἰ
666 5436 724 5489 δέ
762 5437 838 5506 μὴ
875 5436 1164 5508 σύγκρισίς
1196 5439 1312 5490 ἐστι
1357 5437 1432 5508 τῷ
1471 5437 1585 5509 Υίῷ
1623 5439 1757 5512 πρὸς
1788 5437 1880 5492 τὸν

1981 1690 2114 1743 serit
2156 1691 2556 1759 generationem
2598 1707 2612 1744 :
2656 1701 2710 1744 et
2759 1692 3066 1762 sulijungit,
3113 1695 3249 1750 adeo
3292 1704 3350 1749 ut
3394 1712 3546 1752 suam

1984 1780 2151 1847 ipsius
2179 1791 2427 1835 naturam
2455 1783 2816 1837 communicet
2850 1799 2970 1838 cum
3001 1785 3200 1853 genito.
3229 1784 3382 1851 illud,
3414 1804 3550 1842 ηιιιι-

1981 1889 2138 1940 quam
2171 1888 2296 1927 sane
2327 1873 2598 1926 admiserit
2639 1879 3048 1942 generationem,
3089 1875 3201 1931 duo
3223 1876 3496 1947 significat
3530 1896 3545 1932 :

1979 1978 2142 2017 unum
2171 2004 2186 2027 ,
2231 1964 2372 2034 quod
2418 1966 2648 2034 propria:
2680 1966 2846 2034 ipsius
2882 1976 3088 2023 natura:
3133 1984 3240 2024 non
3287 1971 3538 2036 congruit

1979 2056 2260 2126 generatio
2301 2056 2538 2126 (quippe
2581 2057 2694 2110 fieri
2725 2073 2826 2112 non
2865 2069 3041 2126 potest
3072 2069 3130 2114 ut
3164 2072 3357 2116 natura
3387 2063 3540 2132 inge-

1979 2147 2087 2200 nita
2120 2147 2449 2218 generetur)
2481 2166 2493 2202 :
2532 2147 2786 2216 alterum,
2813 2151 2954 2219 quod
2983 2167 3247 2221 generare
3281 2168 3384 2208 non
3417 2168 3542 2210 sus—

1980 2240 2132 2294 tinet.
2167 2239 2266 2294 llic
2292 2241 2510 2310 quidem
2557 2241 2657 2295 hac
2687 2255 2818 2297 voce
2861 2246 3154 2298 secundum
3187 2247 3539 2313 posteriorem

1975 2345 2190 2384 sensum
2235 2346 2362 2386 usus
2402 2340 2525 2386 est:
2569 2331 2664 2388 sed
2696 2347 2762 2388 ex
2792 2335 2973 2404 priore
3011 2350 3170 2390 sensu
3215 2339 3400 2408 vulgus
3442 2340 3540 2392 Ιιοο

1976 2419 2181 2474 minum
2208 2421 2258 2475 iu
2285 2435 2442 2476 suam
2467 2422 2789 2477 sententiam
2817 2423 3000 2478 trahit.
3026 2425 3235 2482 Etenim
3259 2431 3402 2497 quod
3435 2429 3538 2486 hoc

1975 2509 2045 2565 sit
2073 2513 2215 2580 quod
2259 2513 2544 2578 astruitur,
2590 2512 2873 2568 manifeste
2904 2525 3050 2584 patet
3090 2533 3156 2572 ex
3194 2533 3258 2573 eo
3287 2519 3428 2587 quod
3461 2520 3542 2573 in-

1978 2603 2170 2657 fertur.
2437 2602 2572 2658 Nam
2625 2613 2973 2676 posteaquam
3020 2607 3159 2662 dixit
3197 2629 3212 2665 :
3261 2607 3554 2681 Nunquam.

1973 2711 2101 2750 sane
2144 2698 2412 2753 admiserit
2455 2700 2880 2769 generationem,
2924 2701 3222 2772 subiunxit,
3285 2707 3419 2758 adeo
3481 2717 3534 2758 ut

1973 2805 2122 2842 suam
2151 2789 2316 2858 ipsius
2362 2800 2608 2844 naturam
2645 2792 2990 2846 communicet
3029 2809 3147 2846 cum
3192 2796 3387 2863 genito.
3423 2795 3537 2852 [loc

1949 2896 2206 2952 .namqne
2249 2884 2428 2938 sensui
2461 2884 2748 2954 posteriori
2779 2885 3067 2950 convenit,
3111 2886 3382 2958 siquidem
3432 2904 3540 2944 non

1971 2971 2201 3028 sustinet
2234 2970 2396 3027 Pater
2421 2973 2560 3038 ﬁeri,
2592 2983 2649 3027 ut
2681 2989 2747 3029 ne
2776 2989 2900 3029 cum
2927 2975 3111 3046 genito
3143 2986 3391 3032 naturam
3419 2993 3543 3048 pro-

1974 3065 2146 3132 priam
2181 3065 2574 3120 communicet.
2612 3065 2892 3136 Impietate
2921 3068 3022 3124 hac
3065 3083 3182 3138 qua:
3220 3070 3389 3140 possit
3424 3086 3553 3128 esse-

1973 3260 2128 3304 cutus
2158 3260 2240 3304 est
2269 3251 2320 3303 in
2357 3249 2771 3306 celsitudinem?

2186 3426 2293 3497 Ego
2338 3429 2585 3497 equidem
2642 3441 2852 3493 vereor,
2905 3443 2970 3484 ne
3020 3444 3118 3482 nos
3161 3444 3374 3500 quoque
3414 3431 3552 3487 dum.
3649 3429 3654 3432 ’

1969 3521 2174 3576 alienas
2197 3521 2560 3592 blasphemiae
2580 3537 2674 3576 ore
2700 3523 3017 3592 repetimus,
3041 3531 3274 3578 mentem
3296 3536 3536 3579 nostram

1968 3611 2303 3682 polluamus,
2359 3621 2520 3680 atque
2572 3610 3050 3667 condemnationis
3092 3628 3278 3666 eorum
3337 3616 3558 3667 liaums.

1969 3703 2278 3773 participes.
2326 3703 2429 3756 Sed
2485 3702 2807 3758 consolatur
2838 3717 2924 3756 me
2975 3702 3103 3757 illud
3149 3703 3202 3756 in
3238 3705 3537 3772 Evangeliis

1967 3794 2282 3863 proditum,
2335 3792 2477 3859 quod
2531 3791 2766 3862 Spiritus
2811 3805 3031 3848 sanetus
3071 3807 3282 3862 quoque
3324 3793 3538 3847 Judzno-

1969 3899 2086 3938 rum
2137 3883 2188 3937 iu
2229 3881 2512 3935 Dominum
2558 3881 2948 3952 blaSphemiam
2998 3883 3254 3952 scriptam
3308 3886 3537 3952 posteris

1970 3974 2183 4029 tradere
2223 3989 2328 4026 uou
2378 3972 2734 4040 abstinuerit,
2789 3972 3001 4028 illorum
3038 3972 3428 4043 blasphemiam
3479 3977 3530 4028 in

1967 4079 2130 4119 omne
2159 4075 2368 4130 tempus
2395 4064 2464 4117 ita
2499 4074 2716 4128 notans,
2753 4075 2811 4117 ut
2847 4063 3045 4117 nullam
3076 4073 3251 4118 tamen
3284 4064 3536 4119 inconta-

1968 4157 2182 4211 minata:
2235 4153 2506 4224 Uuigeniti
2547 4152 2810 4220 majestati
2865 4152 3256 4224 bIaSphemiam
3303 4150 3532 4208 alfricet.

1968 4247 2152 4318 Itaque
2187 4246 2231 4301 si
2282 4259 2554 4314 nunquam
2607 4243 3013 4314 generationem
3061 4245 3363 4311 admiserit,
3398 4249 3534 4300 adeo

1967 4353 2020 4394 ut
2058 4339 2286 4410 propria:
2317 4346 2522 4391 natura:
2555 4335 2869 4405 participem
2901 4334 3065 4390 faciat
3106 4336 3390 4405 genitum,
3428 4353 3531 4393 non

1967 4429 2285 4498 estquidem
2318 4425 2479 4480 Pater
2512 4423 2671 4488 Deus,
2701 4439 2808 4478 non
2849 4433 2931 4478 est
2959 4423 3157 4490 etiam;
3186 4425 3279 4479 sed
3309 4434 3531 4494 praestat

1317 4523 1430 4576 ἀλλ’
1465 4524 1685 4592 ἄμεινον
1723 4528 1856 4597 ἡμῖν

1971 4539 2023 4578 ut
2066 4519 2459 4590 blasphemiam
2511 4514 2882 4587 imperfectam
2935 4515 3324 4586 relinquamus.
3378 4517 3529 4572 Alter

1961 4615 2178 4685 quidem
2211 4631 2314 4669 nun
2344 4614 2566 4669 admisit
2594 4615 2998 4686 generationem
3026 4628 3040 4667 :
3069 4613 3204 4668 alter
3230 4625 3358 4666 vero
3386 4610 3528 4679 geni-

1965 4705 2098 4759 toris
2133 4715 2382 4760 naturam
2413 4721 2520 4761 non
2551 4703 2919 4775 participavit.
2962 4703 3163 4756 Deinde
3194 4703 3307 4770 ipse
3338 4713 3526 4753 secum

1964 4805 2155 4862 certat,
2181 4812 2372 4852 novam
2403 4797 2748 4866 blasphemiae
2778 4795 3166 4866 mitigatiouem
3191 4790 3523 4860 excogitaus,

1963 4901 2070 4941 non
2121 4889 2262 4958 quod
2305 4889 2598 4958 quidquam
2658 4889 2804 4943 dicat
2847 4888 2989 4957 quod
3035 4887 3100 4939 ad
3155 4883 3526 4953 paenitentiam

1967 4979 2253 5045 pertineat,
2303 4980 2397 5034 sed
2433 4983 2574 5048 quod
2624 4980 3014 5049 posterioribus
3046 4977 3224 5048 priora
3269 4988 3532 5044 superare

1967 5080 2211 5125 conetur.
2245 5072 2383 5138 Quid
2413 5074 2557 5128 enim
2589 5073 2833 5142 proferre
2865 5088 3028 5128 ausus
3056 5071 3179 5127 est?

2038 5257 2168 5311 Eua.
2213 5255 2578 5324 Etl'ugeritque
2612 5257 2798 5325 utique
2824 5270 3038 5310 omnem
3070 5255 3533 5321 comparationem

1969 5364 2030 5405 ac
2057 5347 2596 5402 communicationem
2629 5361 2752 5400 cum
2783 5347 2984 5416 genito.

2042 5441 2164 5496 Bas.
2207 5440 2274 5493 At
2315 5439 2418 5492 nisi
2451 5437 2786 5507 comparatio
2814 5437 2884 5490 sit
2913 5435 3036 5490 Filii
3073 5451 3194 5491 cum
3220 5435 3400 5502 Patre,
3432 5437 3533 5492 nisi

302 5528 540 5598 Πατέρα,
580 5527 715 5598 μηδὲ
767 5527 1020 5582 κοινωνία
1057 5529 1193 5600 πρὸς
1225 5529 1316 5582 τὸν
1350 5531 1719 5602 γεννήσαντα,
1749 5530 1872 5600 ψευ-

1972 5533 2042 5587 εἱι
2093 5528 2511 5585 communicatio
2568 5543 2690 5582 cum
2747 5527 3026 5595 genitore,
3073 5529 3361 5583 mendaces
3411 5539 3536 5583 sunt

304 5618 410 5680 δεῖς
438 5621 535 5689 μὲν
566 5621 614 5673 οί
647 5619 953 5685 ἀπόστολοι,
984 5621 1156 5690 ψευδῆ
1189 5622 1246 5674 δὲ
1279 5623 1346 5675 τά
1372 5622 1676 5691 Εὑαγγέλια
1697 5641 1710 5654 ·
1745 5626 1872 5696 αὐτή

1972 5621 2218 5693 apostoli,
2255 5620 2532 5674 mendacia
2587 5617 2873 5687 Evangelia
2900 5658 2916 5686 ,
2953 5619 3067 5687 ipsa
3107 5620 3271 5673 etiam
3313 5619 3534 5678 veritas.

306 5727 363 5762 τε
393 5714 426 5780 ἡ
601 5712 856 5783 ἀλήθεια,
885 5713 914 5765 ὁ
944 5712 1146 5783 Κύριος
1183 5713 1338 5785 ἡμῶν
1377 5714 1588 5784 Ἰησοῦς
1628 5716 1878 5787 Χριστός.

1974 5714 2233 5771 Dominus
2287 5721 2470 5767 noster
2515 5710 2674 5768 Jesus
2715 5710 2984 5768 Christus.
3042 5713 3155 5769 Sed
3192 5728 3292 5780 ego
3341 5712 3546 5768 iterum.
