4094 6204
422 243 528 307 503

1630 257 2019 333 ΕΗΊἮΥΜΙῙ
2058 263 2422 326 ZIGABENI
2450 332 2453 333 ν

3564 277 3665 340 501

424 377 622 434 horreo
671 376 1096 446 blasphemiam,
1128 396 1288 451 quam
1331 380 1527 451 cuique
1570 382 1727 437 facile
1780 392 1864 439 cst
1904 385 1968 439 in

2100 383 2240 436 Ἀλλ’
2265 383 2374 451 ἐγὼ
2406 383 2502 454 μὲν
2530 386 2688 438 πάλιν
2726 350 2940 457 φρίσσω
2968 388 3066 462 τὴν
3094 390 3445 466 βλασφημίαν
3466 413 3479 427 ·
3508 402 3665 451 παντὶ

422 470 683 540 telligere.
721 470 855 525 Nam
883 474 926 527 si
964 473 1159 527 nullam
1192 474 1353 529 habet
1383 477 1839 543 comparationem
1865 494 1984 534 cum

423 560 604 628 Patre,
644 564 917 632 quomodo
959 563 1170 620 dicebat
1214 562 1461 634 Philippo
1493 580 1508 620 :
1543 565 1712 622 Tanto
1758 580 1988 636 tempore

422 645 680 699 vobiscum
730 663 870 711 sum,
928 656 974 699 et
1026 664 1130 700 non
1167 649 1344 703 uidisti
1384 667 1503 715 me,
1550 650 1787 724 Philippe
1910 655 1924 684 ¹
1962 656 1985 710 ?

421 744 508 799 et,
538 736 640 802 Qui
685 737 818 791 uidet
860 754 974 801 me,
1008 738 1142 805 uidet
1182 755 1300 793 eum
1326 742 1418 811 qui
1464 745 1604 798 misit
1630 763 1710 802 me
1755 741 1773 769 ³
1800 746 1825 802 2
1851 746 1982 803 Nam

419 843 541 882 eum
569 829 659 899 qui
686 843 783 883 nec
804 831 1261 900 comparationem
1284 834 1512 904 suscipit
1539 853 1638 894 nec
1662 839 1827 895 ullam
1859 856 1982 896 cum

419 916 556 974 Filio
584 920 1013 977 communionem
1053 924 1250 991 habet,
1280 929 1553 996 quomodo
1584 930 1638 985 in
1676 932 1853 1002 seipse
1887 932 1982 987 Fi-

418 1009 523 1064 lius
563 1010 849 1067 ostendere
895 1011 1192 1080 potuisset?
1234 1013 1345 1072 Nec
1391 1018 1537 1073 enim
1586 1034 1684 1088 per
1725 1022 1985 1079 dissimile

417 1112 511 1155 aut
541 1100 778 1157 alienum
820 1104 1202 1173 comprehendi
1242 1116 1420 1177 potest
1466 1112 1615 1182 quod
1658 1113 1978 1183 ignoratur:

418 1191 511 1246 sed
536 1208 604 1248 ex
628 1192 770 1247 afﬁni
797 1191 955 1275 aliine
980 1195 1117 1252 solet
1144 1201 1419 1270 cognosci.
1466 1200 1557 1257 Sic
1602 1204 1656 1258 in
1687 1205 1864 1273 sigillo
1898 1207 1981 1261 in-

415 1284 646 1354 spicitur
680 1282 797 1356 ejus
818 1286 911 1356 qui
948 1302 1006 1342 se
1032 1288 1305 1358 impressit
1329 1290 1551 1363 eﬂigies,
1580 1304 1635 1349 et
1666 1311 1762 1365 per
1788 1298 1980 1366 imagi-

415 1390 538 1431 nem
585 1378 864 1448 exemplar
901 1383 1270 1450 cognoscitur,
1312 1385 1357 1439 si
1400 1386 1649 1443 videlicet
1696 1405 1980 1460 compare-

415 1482 538 1524 mus
568 1484 664 1529 nos
688 1485 807 1526 eam
832 1486 951 1527 oua:
982 1474 1033 1528 in
1067 1484 1297 1537 utroauc
1328 1487 1412 1533 est
1442 1478 1800 1537 identitatem.

613 1642 791 1708 Quare
821 1644 923 1697 hac
957 1659 1060 1697 una
1098 1646 1424 1718 blasphemia
1462 1666 1619 1707 voces
1651 1667 1838 1709 omnes
1860 1670 1980 1725 qua:
2011 1663 2052 1717 Β

414 1746 441 1785 a
484 1732 688 1800 Spiritu
722 1746 913 1789 sancto
939 1736 1003 1789 ad
1045 1737 1496 1810 gloriﬁcationem
1547 1742 1819 1815 Unigeniti
1863 1756 1979 1801 tra-

412 1823 537 1877 dita:
553 1834 699 1885 sunt.
723 1826 1100 1895 reprobantur.
1121 1829 1186 1884 Et
1201 1832 1418 1899 quidem
1434 1832 1779 1904 Evangelium
1798 1837 1975 1905 docet,

412 1916 554 1981 quod
582 1912 735 1969 Ilum:
771 1904 933 1971 Pater
960 1919 1186 1989 signavit
1393 1922 1531 1979 Deus
1579 1931 1599 1961 ⁸
1640 1943 1654 1979 :
1691 1904 1979 1999 Apostolus

411 2017 540 2057 vero
584 2004 708 2058 ait:
744 2004 849 2070 Qui
872 2017 947 2062 est
986 2008 1158 2079 imago
1203 2010 1298 2065 Dei
1342 2014 1614 2069 invisibilis
1658 2011 1711 2072 ⁸.
1758 2017 1978 2089 Imago,

410 2108 515 2148 non
547 2094 862 2161 iuauimata,
904 2114 1083 2168 neque
1117 2116 1275 2155 manu
1306 2102 1605 2170 elaborata.
1639 2121 1815 2179 neque
1843 2112 1979 2168 artis

408 2196 502 2241 aut
527 2187 799 2243 industrize
826 2204 960 2259 opus
985 2209 1001 2245 :
1029 2192 1122 2246 sed
1166 2192 1342 2266 imago
1374 2197 1516 2264 viva,
1546 2199 1655 2255 imo
1682 2216 1831 2265 vero,
1862 2205 1975 2275 ipsa

409 2290 577 2343 perse
594 2277 722 2341 vita,
743 2292 845 2332 non
872 2279 923 2333 in
943 2280 1125 2350 figura:
1141 2283 1183 2337 si
1195 2285 1513 2351 militudine,
1539 2289 1633 2344 sed
1653 2304 1773 2360 quae
1788 2293 1838 2346 in
1860 2294 1975 2365 ipsa

407 2365 709 2422 substantia
725 2368 1129 2426 similitudinem
1149 2372 1598 2434 dissimilitudinis
1609 2380 1977 2454 cujuscunque

406 2465 680 2524 expertem
724 2473 939 2530 semper
982 2462 1198 2516 retinet.
1224 2462 1336 2534 Ego
1364 2467 1508 2522 enim
1534 2470 1685 2539 illud,
1713 2476 1768 2528 in
1799 2478 1973 2544 [arma

408 2546 502 2602 Dei
526 2565 633 2603 esse
666 2549 687 2582 ³
709 2589 724 2614 ,
753 2551 892 2606 idem
922 2552 1103 2607 valere
1136 2553 1280 2622 dico,
1315 2559 1458 2628 quod
1497 2561 1619 2630 hoc,
1642 2563 1697 2618 in
1728 2567 1973 2625 substano

405 2642 484 2695 tiu
524 2641 617 2696 Dei
646 2660 777 2699 esse.
801 2643 956 2700 Sicut
989 2648 1133 2702 enim
1167 2647 1324 2715 illud,
1360 2650 1585 2719 formam
1628 2661 1972 2727 assumpsisse

401 2733 535 2786 servi
586 2735 635 2795 ⁸.
667 2736 944 2804 significat
969 2736 1255 2794 Dominum
1305 2752 1548 2797 nostrum
1579 2746 1631 2800 in
1667 2749 1968 2806 substantia

405 2823 652 2876 humana:
706 2836 909 2883 natura:
969 2842 1153 2883 natum
1199 2848 1362 2888 esse:
1411 2835 1484 2889 ita
1539 2839 1700 2893 etiam
1757 2842 1880 2907 hoc,
1916 2846 1968 2898 in

406 2917 580 2985 {arma
604 2916 703 2969 Dei
726 2934 856 2983 esse,
893 2937 1115 2988 prorsus
1143 2922 1337 2977 divina:
1379 2924 1694 2979 substantiae
1724 2928 1963 2995 pr0prle-
1990 2968 2030 3024 ε
2058 2940 2115 2994 δὲ
2146 2916 2245 2993 γκαὶ
2278 2941 2360 3003 τὸ,
2385 2916 2454 2993 ἐν

404 3015 571 3061 tatem
595 3007 835 3062 exhibet.
869 3007 973 3074 Qui
998 3012 1126 3065 vidit
1162 3029 1262 3076 me,
1290 3014 1483 3083 inquit,
1522 3014 1653 3068 vidit
1682 3013 1889 3069 Patrem
1917 3017 1967 3074 '.

404 3097 501 3152 llic
523 3108 703 3154 autem
728 3100 957 3155 alienum
984 3117 1012 3155 a
1055 3102 1215 3158 Patre
1247 3103 1602 3174 Unigenitum
1640 3106 1862 3172 faciens,
1904 3121 1968 3163 ac

370 3202 626 3258 prorsus
673 3192 987 3247 rescindens
1021 3193 1089 3246 ab
1140 3195 1256 3261 ejus
1302 3195 1587 3261 societate,
1642 3198 1968 3267 cognitionis

398 3296 683 3335 ascensum
712 3283 805 3352 qui
854 3298 951 3353 per
983 3284 1156 3354 ipsum
1206 3286 1284 3353 Ill,
1333 3296 1592 3354 quantum
1625 3288 1677 3341 in
1715 3289 1831 3359 ipso
1862 3299 1963 3356 est,

397 3376 689 3439 abscindit.
729 3376 1063 3444 Quwcunque
1110 3378 1264 3433 habet
1307 3379 1489 3447 Pater,
1543 3398 1656 3435 mea
1691 3393 1831 3447 sunt,
1885 3384 1967 3437 in-

397 3467 514 3535 quit
540 3465 799 3521 Dominus
839 3462 886 3521 '.
916 3468 987 3522 At
1020 3467 1317 3525 Eunomins
1368 3473 1800 3527 communionem
1842 3472 1963 3528 nul-

395 3558 500 3611 lam
530 3573 648 3613 esse
680 3561 756 3614 ait
790 3559 934 3615 Patri
963 3577 1085 3617 cum
1116 3576 1182 3616 eo
1213 3563 1303 3633 qui
1336 3579 1399 3618 ex
1437 3564 1552 3633 ipso
1582 3575 1686 3621 est.
1709 3565 1793 3632 Et,
1819 3564 1962 3622 Sicut

401 3649 563 3704 Pater
592 3652 648 3704 in
686 3652 854 3720 seipso
886 3653 1043 3709 vitam
1065 3654 1243 3719 habet,
1268 3656 1344 3709 sic
1374 3655 1515 3709 dedit
1544 3666 1595 3711 et
1634 3656 1780 3712 Filio
1802 3659 1961 3712 vitam

394 3741 584 3794 habere
610 3740 666 3795 in
694 3743 971 3813 semetipso
1028 3740 1073 3801 ⁸.
1108 3742 1222 3799 lloc
1253 3760 1441 3802 sumus
1466 3747 1531 3803 ab
1568 3747 1682 3817 ipso
1736 3749 1962 3805 Domino

390 3833 616 3887 edocti:
664 3833 733 3889 ab
778 3833 1043 3890 Eunomia
1098 3850 1227 3891 vero
1276 3837 1442 3908 quid?
1476 3836 1719 3908 Nempe,
1759 3839 1958 3894 nullam

389 3941 511 3979 esse
553 3925 1020 3995 comparationem
1074 3927 1240 3997 geniti
1283 3942 1408 3983 cum
1455 3929 1716 3999 genitore.
1752 3931 1820 3985 Et
1853 3946 1961 3987 uno

389 4018 578 4081 verbo,
616 4026 674 4071 ut
704 4018 959 4090 imaginis
991 4020 1256 4075 rationem
1291 4021 1392 4076 hac
1418 4022 1578 4078 unica
1630 4038 1766 4079 voce
1800 4024 1955 4087 tollit.

389 4108 463 4160 ita
501 4107 844 4176 splendorem
889 4123 952 4161 ac
1002 4108 1373 4166 characterem
1403 4125 1522 4166 esse
1570 4112 1886 4169 substantia:
1918 4111 1960 4142 ¹⁰

391 4208 572 4268 negat.
623 4196 809 4269 Neque
854 4198 998 4257 enim
1046 4200 1159 4256 lieri
1207 4210 1402 4271 potest,
1440 4214 1499 4257 ut
1546 4204 1831 4275 imaginem
1880 4206 1959 4260 in-

2090 472 2145 524 δὲ
2176 473 2401 525 συνιδεῖν
2435 474 2632 545 ῥᾴδιον.
2672 478 2731 529 El
2770 478 2877 548 γὰρ
2913 480 3181 551 μηδεμίαν
3225 485 3513 556 σύγκρισιν
3558 490 3667 561 ἕχει

2087 563 2223 633 πρὸς
2261 562 2350 615 τὸν
2379 565 2620 636 Πατέρα,
2656 567 2773 631 πῶς
2810 568 2963 638 ἔλεγε
3014 572 3093 643 τῷ
3119 573 3371 649 Φιλίππῳ
3395 595 3408 607 ·
3453 582 3671 645 1400:013-

2086 672 2193 708 τον
2221 657 2443 725 χρόνον
2470 659 2599 726 μεθ’
2632 658 2796 726 ὑμῶν
2832 663 2971 729 εἰμι,
3006 665 3105 718 καὶ
3140 668 3255 736 οὐχ
3284 668 3549 738 ἑώρακάς
3570 692 3666 742 με.

2086 748 2384 809 diuersae;
2425 749 2519 800 καὶ
2537 788 2550 809 ,
2607 748 2668 801 '0
2717 748 2949 819 θεωρῶν
2993 753 3099 822 ἐμὲ
3142 758 3349 825 θεωρεῖ
3379 760 3488 815 τὸν
3525 764 3669 833 πεμ-

2084 835 2287 907 ψαντὰ
2309 853 2425 905 με;
2455 839 2558 892 Τὸν
2581 840 2688 911 γὰρ
2725 842 2861 913 μήτε
3038 845 3325 918 σύγκρισιν
3356 852 3671 925 ἐπιδεχόμε-

2083 944 2194 991 νον,
2245 929 2378 999 μήτε
2425 931 2707 985 κοινωνίαν
2753 934 2875 989 τινὰ
2918 937 3055 1008 πρὸς
3102 940 3266 997 αὐτὸν
3305 945 3665 1016 κεκτημένον,

2083 1019 2202 1084 πῶς
2234 1019 2299 1073 ἂν
2344 1020 2542 1085 ἔδειξεν
2581 1024 2636 1076 ἐν
2680 1024 2857 1095 ἐαυτῷ
2902 1029 2930 1080 ὁ
2964 1029 3129 1095 Υίός;
3175 1033 3249 1085 Οὐ
3292 1033 3403 1105 γὰρ
3438 1036 3526 1090 διὰ
3569 1040 3667 1094 τοῦ

2082 1110 2336 1182 ἀνομοίου
2373 1114 2464 1166 καὶ
2498 1113 2778 1186 ἀλλοτρίου
2814 1120 3159 1192 καταληπτόν
3193 1124 3310 1178 ἐστι
3340 1127 3401 1180 τὸ
3432 1129 3664 1198 ἀγνοού-

2085 1219 2272 1273 μενονο
2309 1204 2444 1257 ἀλλὰ
2482 1204 2559 1275 τῷ
2596 1207 2784 1280 οἰκείῳ
2824 1211 3036 1282 πέφυκε
3076 1215 3137 1269 τὸ
3172 1218 3370 1271 οίκιιον
3409 1221 3667 1292 ἐπιγινώ-

2083 1294 2327 1348 σκεσθαι.
2384 1295 2570 1360 Οὕτως
2617 1299 2675 1352 ὲν
2722 1301 2821 1371 μὲν
2854 1301 2932 1374 τῷ
3114 1306 3602 1381 ἀποσφραγίσματι
3633 1316 3669 1373 ὁ

2080 1383 2172 1436 τοῦ
2203 1384 2550 1448 τυπώσαντος
2587 1390 2874 1462 χαρακτὴρ
2912 1392 3215 1466 καθορᾶται
3234 1414 3247 1427 ⁸
3274 1398 3342 1451 δι’
3370 1400 3578 1465 εἰκόνος
3604 1402 3667 1456 δὲ

2079 1476 2114 1544 ἡ
2141 1474 2341 1543 γνῶσις
2365 1476 2457 1529 τοῦ
2484 1479 2791 1550 ἀρχετύπου
2814 1483 3053 1551 γίνεται,
3084 1490 3484 1560 συγκρινόντων
3505 1493 3667 1563 ἡμῶν

2077 1564 2316 1637 δηλονότι
2350 1567 2447 1638 τὴν
2475 1571 2531 1622 ὲν
2558 1571 2805 1644 ἐκατέρῳ
2834 1575 3158 1649 ταύτότητα.

2281 1660 2443 1714 Ὥστε
2470 1661 2557 1715 διὰ
2585 1667 2714 1734 μιᾶς
2736 1667 2940 1739 ταύτης
2966 1667 3314 1744 βλασφημίας
3334 1675 3514 1743 πάσας
3540 1674 3665 1728 ἀθε-

2077 1753 2285 1807 τεῖσθαι
2317 1753 2416 1816 τὰς
2459 1754 2643 1822 φωνὰς
2675 1756 2771 1820 τὰς
2814 1761 2963 1829 παρᾶ
2998 1760 3091 1813 τοῦ
3140 1763 3297 1831 ἁγίου
3342 1766 3665 1838 Πνεύματος

2078 1845 2158 1907 εἰς
2202 1844 2301 1915 τὴν
2349 1842 2444 1897 τοῦ
2488 1840 2825 1915 Μονογενοῠς
2876 1848 3180 1920 δοξολογίαν
3221 1857 3663 1926 τιαραδοθείσας-

2081 1934 2174 1989 τοῦ
2208 1935 2307 2005 μὲν
2341 1936 2674 2005 Εύαγγελίου
2704 1937 3046 2005 διδάσκοντος
3079 1944 3181 2007 ὅτι,
3225 1947 3443 2001 Τοῦτον
3470 1953 3505 2004 ὀ
3542 1954 3669 2004 Ila-

2079 2025 2189 2094 τὴρ
2219 2027 2589 2097 ἐσφράγισεν
2616 2031 2649 2082 ό
2678 2029 2822 2096 Θεός
2841 2046 2856 2061 ·
2907 2031 3001 2085 τοῦ
3043 2034 3101 2087 δὲ
3159 2035 3514 2107 ’ᾼτωστόλοψ
3552 2044 3668 2111 "Oc

2077 2118 2247 2172 ἐστιν
2291 2119 2471 2173 εἰκὼν
2518 2120 2625 2174 τοῦ
2667 2121 2816 2175 Θεοῦ
2869 2123 2975 2179 τοῦ
3008 2125 3284 2193 ἀοράτου.
3335 2131 3513 2186 Είκὼν
3558 2138 3667 2190 οὐκ

2077 2209 2302 2280 ἄψυχος,
2327 2211 2449 2264 οὐδὲ
2471 2211 2835 2283 χειρόκμητας
2876 2251 2893 2276 ,
3021 2216 3141 2269 οὐδὲ
3161 2218 3357 2290 τέχνης
3378 2222 3537 2293 ἔργον
3562 2231 3665 2281 καὶ

2076 2300 2334 2365 ἐπινοίας·
2367 2302 2501 2356 ἀλλὰ
2530 2302 2693 2355 εἰκὼν
2722 2302 2892 2371 ζῶσα,
2917 2306 3121 2376 μᾶλλον
3145 2309 3202 2362 δὲ
3227 2312 3493 2369 αύτοοῦσα
3518 2316 3663 2389 ζωὴ,

2073 2390 2174 2444 οὐκ
2202 2393 2259 2443 ὲν
2295 2394 2571 2464 σχήματος
2592 2393 2891 2465 ὁμοιότητι,
2920 2396 3034 2449 ἀλλ’
3077 2401 3135 2452 ὲν
3161 2402 3298 2473 αὐτῇ
3325 2406 3388 2474 τῇ
3414 2406 3573 2477 οὐσίᾳ
3593 2410 3664 2462 τὸ

2075 2481 2489 2553 ἀπαράλλακτον
2661 2484 2748 2538 ἀεὶ
2770 2484 3122 2553 διασώζουσα.
3165 2492 3303 2561 Ἐγὼ
3324 2496 3431 2567 γὰρ
3454 2499 3547 2550 καὶ
3568 2499 3655 2559 τὸ.

2069 2572 2141 2627 ἐν
2177 2573 2378 2644 μορφῇ
2427 2574 2575 2631 Θεοῦ
2620 2575 2948 2647 ὑπάρχειν,
2996 2581 3107 2635 ἴσον
3149 2584 3408 2641 δύνασθαι
3440 2589 3540 2660 τῷ,
3581 2591 3662 2644 ἐν

2070 2668 2251 2734 οὐσίᾳ
2282 2666 2427 2722 Θεοῦ
2453 2666 2765 2737 ὑπάρχειν,
2814 2671 2979 2742 φημί.
3026 2672 3112 2737 Ὦς
3140 2674 3251 2745 γὰρ
3292 2677 3371 2740 τὸν
3406 2681 3661 2749 μορφὴν

2069 2758 2457 2827 ἀνειληφέναι
2483 2758 2733 2821 δούλου,
2781 2760 2841 2815 ὲν
2873 2764 2938 2831 τῇ
2973 2762 3133 2835 οὐσίᾳ
3169 2766 3267 2837 τῆς
3294 2768 3657 2845 ἀνθρωπότη..

2069 2872 2161 2917 τος
2203 2851 2294 2905 τὸν
2330 2850 2531 2921 Κύριον
2568 2850 2724 2920 ἡμῶν
2771 2854 3129 2923 γεγεννῆσθαι
3170 2861 3457 2928 σημαίνει’
3506 2863 3661 2918 οὕτω

2633 2941 2835 3011 μορφῇ
2866 2944 3014 2999 Θεοῦ
3036 2943 3351 3015 ὑπάρχειν,
3377 2947 3479 3018 τῆς
3502 2947 3663 3011 θείας

2059 3032 2247 3094 οὐσίας
2279 3032 2575 3105 παρίστησι
2606 3033 2824 3097 πάντως
2849 3035 2947 3106 τὴν
2985 3035 3243 3107 ἰδιότητα.
3281 3037 3335 3089 '0
3376 3036 3658 3106 ἑωρακὼς

2059 3121 2182 3188 ἐμὲ,
2214 3121 2398 3192 φησιν,
2429 3120 2649 3189 ἑώρακε
2671 3124 2776 3176 τὸν
2802 3122 3054 3192 Πατέρα.
3078 3120 3245 3187 Οὗτος
3265 3125 3323 3178 δὲ
3348 3124 3656 3197 ἀλλπριῶν

2059 3211 2153 3264 τοῦ
2187 3212 2399 3282 Πατρὸς
2427 3212 2518 3266 τὸν
2544 3214 2844 3282 Μονογενῆ,
2876 3215 2970 3268 καὶ
3011 3214 3291 3278 παντελῶς
3335 3216 3656 3285 ἀποσχίζων

2060 3303 2160 3375 τῆς
2203 3302 2342 3375 πρὸς
2379 3304 2541 3357 αὐτὸν
2582 3304 2881 3368 κοινωνίας,
2922 3306 3020 3376 τὴν
3057 3306 3123 3358 δι’
3146 3307 3309 3360 αὐτοῦ
3347 3311 3653 3378 γενομένην

2060 3398 2161 3466 τῆς
2186 3394 2439 3464 γνώσεως
2470 3395 2674 3461 ἄνοδον,
2708 3395 2769 3449 τὸ
2797 3396 2920 3449 ὅσον
2964 3398 3050 3449 ἐπ’
3094 3397 3243 3467 αὐτῷ
3285 3432 3300 3456 ,
3455 3398 3653 3451 διακό-

2062 3502 2205 3539 πτει.
2239 3483 2442 3538 Πάντα
2473 3485 2589 3539 ὅσα
2620 3487 2743 3555 ἔχει
2779 3488 2810 3539 ό
2838 3485 3059 3553 Πατὴρ,
3097 3485 3210 3556 ἐμά
3245 3487 3434 3551 ἐστιν,
3468 3490 3497 3540 ὁ
3528 3488 3653 3540 Κύ-

2065 3575 2176 3648 ριός
2200 3594 2381 3648 φησιν.
2412 3578 2674 3649 Εὐνόμιος
2705 3579 2761 3632 δὲ
2798 3579 3052 3650 οὐδεμίαν
3089 3579 3237 3647 λέγει
3261 3579 3541 3633 κοινωνίαν
3566 3575 3652 3631 εἷ-

2061 3688 2148 3724 ναι
2175 3669 2250 3740 τῷ
2277 3670 2452 3739 Πατρὶ
2484 3670 2620 3740 πρὸς
2651 3672 2741 3725 τὸν
2771 3672 2829 3738 ἐξ
2855 3670 3040 3726 αὑτοῦ.
3062 3672 3195 3734 Καὶ,
3219 3673 3442 3740 Ὥσπερ
3472 3676 3503 3725 ό
3530 3675 3652 3725 Πα-

2059 3760 2171 3830 τὴρ
2200 3759 2355 3829 ζωὴν
2384 3761 2507 3831 ἔχει
2537 3746 2613 3819 ἐν
2637 3761 2850 3827 ἑαυτῷ,
2881 3762 3071 3829 οὕτως
3092 3763 3275 3817 ἔδωκε
3303 3765 3397 3818 καὶ
3425 3762 3502 3827 τῷ
3531 3762 3649 3828 Υίῷ

2059 3852 2212 3922 ζωὴν
2241 3854 2406 3924 ἔχειν
2435 3856 2504 3909 ἐν
2525 3855 2736 3920 ἐαυτῷ.
2770 3854 2940 3908 Τοῦτο
2972 3856 3099 3926 παρ’
3130 3855 3295 3908 αὑτοῦ
3324 3855 3647 3925 δεδιδάγμε-

2060 3945 2126 3999 θα
2151 3945 2242 3999 τοῦ
2285 3947 2486 4017 Κυρίου
2507 3963 2520 3976 ο
2556 3946 2706 4017 παρὰ
2727 3946 2783 4001 δὲ
2812 3946 3074 4013 Εύνομίου
3100 3947 3150 3999 τί
3177 3964 3190 4010 ;
3246 3946 3528 4017 Μηδεμίαν
3558 3942 3647 3999 εἷ-

2050 4056 2146 4091 ναι
2184 4038 2471 4108 σύγκρισιν
2510 4037 2587 4109 τῷ
2628 4038 2941 4108 γεννηθέντι
2977 4039 3113 4110 πρὸς
3151 4039 3241 4092 τὸν
3278 4040 3643 4110 γεννήσαντα.

2058 4130 2167 4184 Καὶ
2193 4130 2549 4196 ἁπαξαπλῶς,
2575 4131 2662 4185 διὰ
2702 4132 2830 4201 μιᾶς
2856 4131 3063 4201 ταύτης
3090 4130 3275 4200 φωνῆς
3298 4132 3513 4203 ἀναιρεῖ
3542 4131 3648 4201 μὲν

2055 4223 2146 4276 τὸν
2176 4223 2273 4294 τῆς
2310 4223 2517 4288 εἰκόνος
2550 4222 2730 4293 λόγον,
2762 4222 3020 4276 ἀθετεῖδὲ
3052 4221 3115 4275 τὸ
3135 4220 3475 4292 ἀπαύγασμα
3500 4218 3648 4275 εἶναι

393 4290 602 4360 tclligas
626 4289 743 4359 ejus
766 4289 857 4361 qui
888 4290 1089 4346 nullam
1125 4290 1289 4348 habet
1328 4296 1815 4364 comparationem,
1864 4313 1952 4353 ne-

2068 4313 2149 4369 ιιαὶ
2177 4289 2498 4386 χαρακτῆρα
2516 4289 3017 4384 τῆςῗὺποστάσεως.
3048 4310 3185 4367 Οὔτε
3214 4289 3324 4383 γὰρ
3348 4289 3531 4366 εἰκόνα
3551 4312 3649 4365 δυ-

389 4396 516 4449 que,
542 4391 601 4438 ut
634 4380 891 4453 splendor
919 4382 990 4437 sit
1012 4381 1129 4451 ejus
1159 4384 1253 4454 qui
1285 4386 1486 4441 nullam
1525 4391 1956 4445 communionem

387 4473 681 4528 secundum
704 4483 954 4529 naturam
986 4473 1169 4530 habet.
1217 4477 1486 4532 Cmterum
1515 4479 1568 4533 in
1608 4481 1796 4535 eodem
1824 4484 1957 4536 arti-

388 4565 499 4621 ﬁcii
540 4581 742 4636 genere
770 4584 957 4625 rursus
979 4573 1244 4643 persistit,
1273 4573 1396 4627 dum
1425 4572 1501 4626 ait
1535 4588 1637 4628 non
1668 4589 1788 4628 esse
1812 4590 1958 4629 com-

385 4658 723 4726 parationem
756 4658 1132 4731 ingenui-cum
1166 4664 1387 4735 genito:
1444 4679 1548 4717 non
1599 4662 1799 4727 Patris,
1834 4681 1955 4718 cum

385 4766 455 4806 eo
481 4750 571 4822 qui
615 4766 681 4807 ex
724 4752 843 4826 ipso
875 4763 979 4821 est,
1012 4766 1070 4811 ut
1102 4770 1263 4827 quam
1296 4757 1381 4812 his
1412 4757 1634 4812 vocibus
1666 4758 1839 4811 inesse
1864 4774 1957 4826 op-

384 4843 710 4911 positionem
746 4846 1067 4915 ostenderit,
1095 4863 1213 4902 eam
1249 4848 1302 4903 in
1334 4849 1506 4920 ipsam
1532 4848 1711 4903 Patris
1750 4858 1802 4902 et
1837 4848 1956 4905 Filii

384 4935 747 4991 substantiam
774 4937 1087 4993 transferat.

897 5105 981 5163 Ea:
1035 5110 1216 5167 eodem
1263 5111 1417 5168 libro.

437 5196 648 5255 Ordine
714 5217 864 5265 vero,
914 5204 1129 5272 inquit,
1204 5215 1259 5259 et
1337 5207 1601 5277 temporis
1669 5223 1939 5281 praeroga-

372 5291 518 5360 tiva,
573 5295 662 5349 ille
711 5296 923 5365 primus
991 5308 1106 5360 est,
1158 5299 1247 5355 hic
1302 5301 1596 5357 secundus.
1651 5301 1791 5369 Quid
1852 5320 1944 5356 ne-

370 5400 522 5442 cesse
560 5398 644 5443 est
675 5404 741 5445 ea
772 5406 1010 5461 quorum
1061 5392 1371 5448 communis
1429 5403 1515 5449 est
1564 5396 1834 5455 essentia.
1890 5405 1946 5450 et

369 5479 549 5536 ordini
588 5482 804 5555 subjici,
856 5494 911 5539 et
945 5501 1063 5542 esse
1122 5496 1366 5556 tempore
1418 5488 1764 5557 posteriora?
1823 5488 1938 5543 Non

449 5696 649 5749 'Joan.
686 5712 797 5757 τιν,
831 5697 882 5750 9.
962 5699 979 5728 ⁸
1003 5698 1160 5755 Joan.
1192 5718 1287 5762 stt.
1324 5703 1411 5759 43.

371 5779 489 5832 ιιν,
513 5763 566 5819 9.

2055 4407 2213 4460 νατλν
2244 4406 2337 4461 τοῦ
2377 4407 2711 4478 ἀσυγκρίτου
2737 4406 2997 4471 νοεῖσθαι,
3036 4403 3160 4460 οὔτε
3191 4405 3531 4476 ἀπαύγασμα
3563 4400 3645 4459 εῖ-

2054 4519 2141 4558 ναι
2186 4502 2281 4556 τοῦ
2321 4502 2685 4572 ἀκοινωνήτου
2738 4499 2881 4553 κατὰ
2923 4499 3023 4571 τὴν
3057 4497 3238 4569 φύσιν.
3284 4496 3376 4567 Τῷ
3405 4497 3462 4549 δὲ
3490 4496 3645 4566 αὐτῷ

2055 4595 2183 4649 εἴδει
2222 4595 2384 4649 πάλιν
2419 4593 2514 4647 τοῦ
2547 4592 2921 4664 τεχνάσματος
2955 4591 3227 4662 ἐπιμένει,
3250 4588 3328 4661 τῷ
3358 4589 3645 4659 ἀγεννήτῳ

2052 4684 2227 4754 λέγων
2268 4684 2342 4755 μὴ
2378 4680 2519 4737 εἶναι
2562 4682 2699 4752 πρὸς
2745 4682 2807 4735 τὸ
2848 4680 3105 4753 γεννητὸν
3149 4680 3468 4752 σύγκρισιν·
3519 4680 3645 4750 οὐχὶ

2053 4778 2131 4848 τῷ
2158 4777 2333 4849 Πατρὶ
2369 4776 2506 4848 πρὸς
2538 4776 2630 4829 τὸν
2656 4774 2716 4839 ἐξ
2748 4773 2935 4838 αὐτοῦ,
2969 4774 3056 4827 ἵνα
3082 4773 3260 4845 ἥνπερ
3286 4773 3351 4827 ἂν
3376 4775 3497 4836 ταῖς
3523 4790 3640 4841 φωσ-

2052 4874 2174 4934 ναίς
2204 4869 2429 4933 ταύταις
2452 4868 2804 4939 ὑπάρχουσαν
2833 4866 3108 4918 ἀντίθεσιν
3132 4866 3394 4936 ἐπιδείξῃ,
3434 4864 3643 4935 ταύτην

2055 4964 2138 5013 ἐπ’
2164 4959 2336 5030 αὐτῆς
2375 4961 2473 5022 τῆς
2503 4959 2691 5021 ούσίας
2721 4957 2814 5011 τοῦ
2857 4956 3065 5027 [ἰατρὸς
3101 4958 3191 5008 καὶ
3228 4956 3321 5009 τοῦ
3352 4955 3480 5009 Υἱοῦ
3512 4972 3643 5024 μετ-

2054 5070 2272 5120 ὖνεγιῃ.
2492 5118 2597 5173 Ἐκ
2624 5114 2737 5172 τοῦ
2767 5114 2955 5171 αὐτοῦ
2988 5116 3199 5185 λόγου.

2133 5210 2298 5277 Τάξει
2321 5212 2399 5275 δὲ,
2419 5213 2575 5278 φησὶ,
2600 5210 2821 5271 καὶτοῖς
2845 5210 2907 5261 ὲκ
2935 5212 3128 5278 χρόνον
3147 5205 3459 5276 πρεσϐείαις
3490 5206 3516 5257 ὁ
3540 5201 3644 5272 μὲν

2054 5304 2167 5356 ἔστι
2191 5304 2425 5371 πρῶτος,
2447 5304 2473 5355 ὁ
2499 5304 2553 5356 δὲ
2581 5301 2850 5370 δεύτερος.
2877 5300 2972 5363 Τίς
3001 5300 3032 5370 ἠ
3056 5298 3269 5368 ἀνάγκη
3304 5297 3389 5366 ἐφ’
3417 5292 3491 5350 ὧν
3510 5297 3539 5366 ἠ
3556 5298 3646 5348 σ’-

2054 5394 2143 5447 σία
2169 5394 2343 5464 κοινὴ,
2369 5394 2524 5461 τάξει
2552 5410 2613 5447 τε
2659 5391 3063 5463 ὕποϐεσλῆσθαι
3087 5389 3281 5455 ταῦτα,
3312 5389 3408 5443 καὶ
3448 5390 3643 5459 χρόνου

2051 5481 2188 5538 εἶναι
2219 5487 2478 5560 δεύτερα;
2512 5488 2586 5541 υύ
2602 5487 2709 5558 γὰρ
2725 5484 2950 5541 δυτατὸν
2975 5486 3040 5556 τῇ
3057 5481 3253 5537 ἑαυτοῦ
3279 5482 3450 5535 εἰκόνι
3476 5479 3642 5550 ἀχρό-

1493 5704 1512 5733 ³
1542 5701 1700 5756 Joan.
1742 5718 1811 5772 vt,
1853 5702 1941 5757 Ξῖ.
2019 5702 2271 5760 ‘Coloss.
2310 5702 2456 5766 1.15.
2534 5703 2553 5734 "
2588 5701 2826 5772 Philipp.
2881 5712 2940 5759 ιι,
2972 5698 3026 5754 6.
3091 5696 3272 5753 “ibid.
3310 5695 3363 5750 7.
3438 5694 3457 5727 '
3485 5691 3639 5750 Joan.

644 5764 663 5796 ⁸
693 5764 849 5819 Joan.
888 5782 1022 5833 xm,
1065 5770 1127 5825 lO
1201 5772 1219 5801 ’
1246 5772 1402 5827 Joan.
1455 5790 1507 5841 ν,
1542 5773 1631 5826 26.
1717 5771 1759 5803 ¹⁶
1794 5771 1961 5827 Hebr.
1995 5789 2031 5839 t,
2066 5774 2141 5827 ὄρ
