4008 6208
325 342 421 409 sos
1146 378 1161 392 ο
1318 344 1697 410 PANOPLIA
1739 348 2194 413 DOGMATiCA.
2236 375 2306 389 —
2337 352 2489 415 TlT.
2518 353 2620 416 x1.
3482 361 3586 425 506

328 479 418 527 νως
441 461 871 535 ἀπαυγασθείσῃ
889 461 983 517 τὸν
1017 461 1153 518 Θεὸν
1180 462 1292 519 τῶν
1339 464 1478 521 ὅλων
1506 465 1583 538 μή
1643 466 1702 535 ἐξ
1731 466 1899 522 ἀϊδίου

2009 469 2145 524 enim
2184 471 2301 528 ﬁeri
2344 483 2547 544 potest,
2605 484 2665 533 ut
2704 474 3090 547 universorum
3126 477 3274 536 Deus
3326 492 3452 535 cum
3484 493 3586 536 sua

328 555 550 610 συνεῖναι
569 593 587 618 ,
628 559 725 609 καὶ
784 556 861 626 μὴ
921 556 1113 627 χρόνον
1152 559 1349 629 μόνον,
1410 562 1508 614 καὶ
1567 560 1781 615 αίώνων
1840 559 1899 615 δὲ

2009 560 2171 627 ipsius
2203 563 2438 635 imagine
2461 582 2581 636 quae
2614 566 2753 622 citra
2788 567 3053 637 temporis
3086 567 3461 625 accessionem
3517 570 3581 625 il-

328 648 527 701 πάντων
544 648 803 702 ἐπέκεινα
826 647 927 717 τὴν
946 649 1245 716 συνάφειαν
1274 648 1442 722 ἔχειν.
1472 651 1571 717 Διά
1595 651 1754 708 τοῦτο
1787 653 1897 723 γὰρ

2009 663 2224 711 .ustrnta
2250 665 2357 720 est,
2389 657 2457 711 ab
2494 668 2702 712 artemo
2729 673 2838 713 non
2887 658 2980 726 sit,
3037 666 3093 713 et
3127 659 3575 730 conjunctionem

327 737 660 809 ἀπαύγασμα
682 740 923 810 εἴρηται,
956 740 1043 795 ῖνα
1075 743 1136 796 τὸ
1168 744 1522 814 συνημμένον
1575 744 1884 816 νοήσωμεν,

2009 763 2103 807 ton
2134 746 2333 803 habent
2374 762 2479 805 non
2528 749 2703 803 solum
2747 751 2887 807 ultra
2951 762 3215 821 tempora,
3260 751 3357 805 sed
3413 752 3581 806 etiam

328 833 410 889 xei
434 834 722 905 χαρακτὴρ
754 834 852 901 τῆς
878 834 1255 903 ὑποστάσεως,
1289 837 1378 890 ῖνα
1400 837 1459 891 τὸ
1478 836 1768 906 ὀμοούσιον
1803 840 1893 892 eae-

2009 837 2145 889 ultra
2174 837 2354 890 omnia
2381 839 2596 895 saecula.
2624 840 2757 897 Nam
2792 839 2999 895 idcirco
3062 839 3324 911 splendor
3361 844 3376 872 ⁸
3433 840 3582 895 dici-

328 925 697 995 μανθάνωμιν.
716 924 881 980 Ἀλλά
897 928 991 983 καὶ
1006 928 1159 993 τάξις
1192 928 1225 998 ή
1255 929 1355 997 μὲν
1378 928 1587 1001 φυσική
1611 927 1695 992 τίς
1715 930 1884 992 ἔστιν,

2009 940 2109 990 Lur,
2139 940 2197 982 nt
2221 930 2664 999 conjunctioncm
2702 932 3075 1003 intelligamus
3110 950 3124 987 :
3158 939 3214 987 et
3239 933 3409 1002 figura
3444 932 3578 987 sub-

328 1015 580 1087 quae
610 1017 982 1088 ἐπιτήδευσιν.
1020 1019 1230 1088 Φυσικὴ
1264 1017 1386 1087 μὶν,
1441 1019 1520 1084 ὡς
1546 1020 1578 1091 ἠ
1609 1019 1720 1075 τῶν
1766 1035 1887 1073 κτι-

2009 1020 2209 1081 stantia:
2241 1022 2284 1089 ‘,
2317 1030 2377 1076 ut
2404 1021 3030 1085 consubstantialitatem
3047 1023 3449 1093 perdiscamus.
3474 1021 3584 1077 Sed

333 1103 543 1176 σμάτων
577 1104 722 1159 κατὰ
755 1104 881 1167 τοὺς
922 1103 1350 1174 δημιουργικοὺς
1374 1103 1566 1171 λόγους
1605 1103 1892 1173 διαταχθεῖ-

2009 1119 2061 1159 ct
2101 1110 2235 1160 ordo
2263 1108 2403 1167 alius
2426 1113 2691 1169 naturalis
2724 1118 2830 1176 est,
2861 1110 2998 1167 alius
3037 1108 3357 1164 artificialis.
3403 1107 3572 1164 Natu-

335 1209 398 1249 σα
429 1226 447 1252 ο
596 1196 691 1246 καὶ
715 1190 792 1257 ὡς
814 1193 849 1263 ἠ
880 1191 987 1246 τῶν
1012 1192 1336 1265 ἀριθμητῶν
1509 1193 1680 1259 θέσις,
1711 1194 1803 1247 καὶ
1826 1193 1903 1257 ὡς

2009 1200 2136 1253 ralis
2156 1199 2393 1269 quidem,
2417 1213 2474 1255 ut
2495 1210 2890 1266 creaturarum,
2907 1201 2998 1272 qui
3024 1215 3091 1257 ex
3113 1200 3335 1257 creandi
3367 1202 3577 1261 ratione

332 1287 367 1360 ἡ
400 1284 507 1347 τῶν
537 1285 733 1339 αίτίων
766 1285 905 1357 πρὸς
932 1284 1002 1339 τὰ
1030 1286 1249 1342 αἰτιατά
1281 1286 1489 1359 σχέσις,
1524 1286 1735 1351 ἐκείνου
1770 1304 1902 1358 προ-

2009 1290 2293 1359 dispositus
2322 1300 2423 1354 est,
2455 1299 2510 1347 et
2538 1292 3109 1349 sicutnurnerabilium
3133 1292 3349 1362 positio,
3369 1303 3422 1347 et
3440 1306 3573 1345 can-

332 1374 795 1447 διωμολογημένου
824 1375 919 1428 τοῦ
945 1375 1041 1429 καὶ
1074 1376 1175 1447 τῆς
1214 1378 1432 1445 φύσεως
1464 1377 1639 1447 αὐτῆς
1670 1378 1905 1450 ποιητὴν

2009 1397 2185 1442 sarum
2223 1382 2293 1441 ad
2323 1383 2583 1450 producta
2610 1383 2866 1451 habitus;
2895 1399 3019 1439 cum
3071 1397 3159 1441 res
3206 1384 3452 1445 confessa
3481 1383 3577 1447 sit,

330 1465 457 1523 εἶναι
487 1466 584 1527 καὶ
615 1466 949 1538 δημιουργὸν
984 1466 1077 1520 τὸν
1106 1466 1238 1520 Θεόν
1260 1484 1275 1499 ο
1340 1468 1803 1540 ὲπιτετηδευμένη
1847 1469 1905 1523 δὲ

2009 1471 2172 1533 Deum
2203 1472 2365 1533 etiam
2405 1472 2574 1542 ipsius
2601 1482 2809 1535 naturae
2837 1475 3171 1531 conditorem
3206 1489 3329 1530 esse
3360 1485 3414 1531 et
3456 1475 3573 1542 οιιί-

333 1560 416 1617 mi
437 1559 687 1631 τεχνικὴ,
713 1558 791 1623 ὡς
831 1560 866 1630 ή
896 1560 954 1613 ὲν
979 1561 1093 1624 τοῖς
1120 1560 1629 1632 κατασκευάσμασι,
1664 1561 1760 1615 καὶ
1801 1577 1905 1633 μοι-

2010 1561 2184 1619 licent.
2220 1562 2571 1632 Excogitatus
2805 1581 2933 1621 vero
2954 1574 3010 1623 et
3034 1565 3355 1630 artiﬁcialis,
3385 1576 3441 1619 ut
3466 1563 3574 1631 ille,

332 1649 549 1721 νήμασιν
587 1648 685 1704 καὶ
718 1647 1015 1719 ἀξιώμασι,
1061 1649 1156 1703 καὶ
1183 1649 1424 1723 ἀριθμῷ,
1466 1650 1565 1713 καὶ
1591 1653 1705 1719 τοῖς
1731 1650 1905 1704 τοιού-

2009 1652 2095 1721 qui
2132 1652 2558 1722 deprehenditur
2607 1653 2662 1708 in
2706 1655 3136 1723 probationibus,
3168 1656 3220 1710 in
3252 1656 3575 1726 disciplinis,

328 1756 452 1805 τοις.
480 1739 704 1795 Τούτων
736 1738 919 1795 τοίνυν
943 1740 1005 1795 τὸ
1043 1741 1307 1813 πρότερον
1329 1742 1788 1814 ἀποκρυψάμενος
1818 1737 1905 1809 οῦ-

2010 1744 2062 1799 iu
2094 1744 2482 1814 dignitatibus,
2516 1743 2576 1808 in
2607 1759 2834 1807 numero
2880 1754 2936 1801 et
2979 1745 3203 1816 reliquis
3244 1747 3576 1816 hujusmodi.

327 1848 433 1896 τος,
455 1830 552 1885 τοῦ
585 1831 841 1903 δευτέρου
864 1831 1040 1896 εἴδους
1065 1833 1166 1903 τῆς
1191 1831 1397 1899 τάξεως
1428 1832 1770 1905 ἐπεμνήσθη,
1809 1833 1905 1889 καί

2013 1835 2312 1900 Ennomins
2344 1836 2534 1907 itaque
2564 1838 2757 1895 horum
2808 1840 2992 1909 priore
3019 1839 3317 1906 occultato,
3368 1839 3436 1897 de
3489 1853 3579 1895 se.-

328 1942 472 1997 φησι,
503 1924 582 1996 μή
620 1927 820 1996 χρῆναι
856 1924 1037 1992 λέγειν
1076 1924 1173 1978 ἐπὶ
1205 1923 1341 1989 Θεοῦ
1384 1924 1555 1991 τάξιν,
1602 1926 1836 1997 ἐπείπερ
1872 1927 1906 1996 ή

325 2017 472 2084 τάξις
509 2017 740 2087 δευτέρα
776 2016 895 2080 ἐστὶ
932 2015 1025 2069 τοῦ
1068 2016 1374 2083 τάττοντος.
1429 2017 1637 2083 Ἐκεῖνο
1676 2016 1736 2070 δὲ
1776 2016 1810 2088 ἢ
1844 2016 1905 2070 ού

326 2109 580 2173 συνεῖδεν,
636 2108 671 2179 ἢ
727 2107 869 2171 ἑκὼν
902 2106 1280 2179 ἀπεκρύψατο,
1335 2108 1418 2163 ὅτι
1451 2107 1566 2161 ἔστι
1608 2124 1661 2160 τι
1700 2106 1909 2172 τάξεως

323 2197 480 2264 εἶδος,
525 2199 628 2255 οὐκ
668 2186 741 2263 ’ἐκ
781 2199 880 2271 τῆς
920 2201 1051 2271 παρ’
1072 2197 1232 2271 ήμῶν
1254 2198 1456 2264 θέσεως
1498 2198 1905 2269 συνιστάμενον,

321 2291 435 2345 ἀλλ’
461 2292 601 2363 αὐτῇ
623 2293 691 2362 τῇ
726 2290 866 2345 κατά
889 2289 1051 2361 φύσιν
1075 2290 1367 2364 ἀκολουθίᾳ
1388 2308 1451 2345 συ
1458 2290 1703 2361 μόαῖνον,
1726 2291 1803 2354 ὡς
1829 2290 1909 2362 τῷ

324 2383 458 2454 πυρὶ
481 2383 621 2456 πρὸς
648 2384 710 2437 τὸ
735 2400 852 2452 φως
885 2385 1003 2436 ἐστι
1033 2382 1094 2436 τὸ
1118 2381 1180 2448 ἐξ
1205 2382 1395 2438 αὐτοῦ.
1429 2384 1518 2441 Ἐν
1552 2382 1764 2447 τούτοις
1793 2382 1901 2455 γὰρ

322 2472 587 2543 πρότερον
624 2471 689 2531 τὸ
722 2472 895 2526 αῖτιον
933 2472 1185 2544 λέγομεν,
1232 2471 1482 2544 δεύτερον
1522 2472 1581 2526 δὲ
1621 2472 1683 2527 τὸ
1710 2472 1772 2538 ἐξ
1804 2472 1903 2527 αὺ-

320 2558 415 2613 τοῦ
479 2573 497 2590 ·
665 2560 728 2623 ού
780 2559 1111 2634 διαστήματι
1162 2561 1489 2634 χωρίζοντες
1526 2563 1622 2617 ἀπ’
1658 2563 1903 2634 ἀλλήλων

317 2649 515 2712 ταῦτα,
545 2648 685 2706 ἀλλὰ
726 2651 805 2723 τῷ
834 2652 1080 2725 λογισμῷ
1108 2652 1205 2709 τοῦ
1231 2652 1477 2708 αἰτιατοῦ
1519 2654 1905 2726 προεπινοοῦν-

316 2759 411 2807 τες
438 2741 502 2796 τὸ
528 2743 724 2798 αιτιον.
757 2743 883 2808 Πῶς
920 2739 1015 2799 οὖν
1045 2743 1265 2813 εὔλογον
1289 2743 1576 2817 ἀρνεῖσθαι
1598 2745 1700 2817 τὴν
1725 2745 1900 2812 τάξιν,

315 2835 404 2904 ἐφ’
427 2828 505 2889 ὧν
528 2834 649 2888 ἐστι
682 2835 946 2908 πρότερον
975 2836 1070 2892 καὶ
1089 2836 1363 2909 δεύτερον,
1394 2836 1456 2890 ού
1472 2836 1615 2891 κατά
1637 2836 1736 2909 τὴν
1760 2837 1903 2908 ήμε-

312 2924 483 2998 τέραν
513 2924 684 2989 θέσιν,
719 2925 836 2978 ἀλλ’
858 2928 925 2980 ὲκ
953 2927 1053 2997 τῆς
1080 2927 1223 2981 κατά
1257 2926 1421 2997 φύσιν
1450 2927 1635 2991 αὐτοῖς
1668 2928 1905 3001 ἐνυπαρ-

312 3018 521 3087 χούσης
548 3017 904 3085 άκολουθίαςς
934 3019 1091 3083 Τίνος
1128 3015 1221 3072 οὖν
1252 3018 1440 3073 ἕνεκεν
1469 3018 1655 3072 ἀθετεῖ
1681 3018 1781 3091 τὴν
1808 3020 1905 3076 τά-

312 3109 398 3173 ξιν
424 3108 519 3162 ἐπὶ
536 3108 676 3163 Θεοῦ
699 3109 1102 3181 λαμϐάνεσθαις
1132 3112 1396 3180 Ἡγεῖται,
1415 3111 1464 3164 εί

316 3197 592 3270 μηδαμῶς
640 3198 817 3262 άλλως
866 3200 928 3254 τὸ
978 3202 1243 3273 πρότερον
1295 3202 1389 3254 ἐπὶ
1448 3199 1585 3255 Θεοῦ
1642 3201 1903 3270 νοεῖσθαι,

311 3291 644 3362 λειπόμενον
681 3290 847 3359 ἕξειν,
884 3295 1007 3347 κατ’
1039 3294 1211 3365 αὐτὴν
1238 3293 1338 3365 τὴν
1370 3293 1559 3349 οὐσίαν
1605 3293 1704 3366 τὴν
1737 3295 1907 3367 ὑπερ-

308 3383 446 3455 οχὴν
499 3384 929 3438 ἐπιδείκνυσθαι.
1117 3384 1313 3456 Ἡμεῖς
1338 3384 1415 3451 δὲ,
1471 3385 1612 3440 κατά
1665 3386 1765 3458 μὲν
1804 3386 1904 3459 τήν

308 3476 421 3529 τῶν
488 3477 683 3531 αἰτίων
746 3477 883 3549 πρὸς
938 3474 1008 3532 τά
1073 3476 1134 3543 ἐξ
1193 3477 1374 3532 αὐτῶν
1440 3478 1644 3552 σχέσιν,
1707 3496 1904 3552 προτε-

305 3566 513 3637 τάχθαι
536 3565 635 3620 τοῦ
666 3567 798 3621 Υίοῦ
815 3567 907 3623 τὸν
935 3568 1159 3639 Πατέρα
1188 3567 1368 3639 φαμέν
1389 3584 1403 3599 ο
1439 3569 1581 3623 κατά
1601 3570 1658 3623 δὲ
1677 3568 1779 3641 τὴν
1805 3570 1904 3640 τῆς

308 3656 534 3726 φύσεως
568 3657 852 3729 διαφορὰν,
901 3659 1105 3724 οὐκέτι,
1158 3659 1279 3713 οὐδὲ
1323 3657 1464 3712 κατὰ
1508 3658 1608 3731 τὴν
1644 3660 1739 3713 τοῦ
1772 3660 1904 3732 χρό-

306 3764 409 3802 νου
454 3749 735 3822 ὑπεροχήν
757 3767 772 3781 ο
824 3749 857 3819 ἦ
916 3750 1059 3803 οὕτω
1098 3767 1162 3819 γε
1218 3752 1312 3805 καὶ
1357 3751 1488 3806 αὐτὸ
1528 3786 1542 3810 ,
1688 3751 1749 3805 τὸ
1789 3754 1904 3805 Πα-

305 3840 451 3913 τέρα
507 3836 651 3895 εἶναι
705 3841 796 3894 τὸν
836 3840 990 3909 Θεὸν,
1048 3842 1404 3915 ἀθετήσομεν,
1454 3844 1554 3914 τῆς
1611 3841 1750 3897 κατὰ
1800 3843 1901 3915 τὴν

304 3934 505 3988 οὐσίαν
560 3933 972 4005 ἀλλοτριότητος
1012 3935 1111 4007 τὴν
1157 3935 1393 4009 φυσικὴν
1440 3936 1735 4006 συνάφειαν
1777 3933 1904 3989 ἀθε-

304 4025 539 4096 τούσης.

519 4116 676 4169 Ἐπεὶ
707 4118 889 4187 μέντοι
924 4118 1287 4193 ἀφορίσασθαι
1313 4119 1444 4191 ήμῖν
1467 4118 1561 4172 τοῦ
1582 4117 1775 4190 χρόνου
1802 4118 1903 4188 τὴν

306 4210 480 4276 φύσιν
523 4210 555 4261 ὁ
594 4208 756 4277 σοφὸς
791 4209 860 4263 τὰ
891 4211 1067 4264 πάντα
1096 4212 1367 4283 προήχθη,
1398 4211 1493 4267 καὶ⁵
1676 4210 1910 4268 ἐνταῦθα

304 4301 485 4355 αὑτοῦ
531 4300 595 4354 τὸ
644 4300 863 4371 βέϐαιον
897 4303 992 4356 καὶ
1017 4304 1489 4374 περιεσκεμμένον
1524 4303 1623 4374 τῆς
1666 4302 1907 4368 διανοίας

305 4392 543 4464 εδωμεν.
590 4392 799 4463 Χρόνον
822 4392 1002 4446 τοίνυν
1047 4389 1184 4447 εἶναί
1211 4412 1345 4466 φησι
1374 4396 1535 4450 ποιάν
1548 4411 1671 4450 τινα
1691 4395 1906 4467 κίνησιν

302 4484 571 4557 ἀστέρων
591 4501 605 4515 ⁸
638 4484 788 4558 ήλίου
827 4485 1069 4557 δηλονότι
1113 4486 1209 4542 καὶ
1253 4487 1484 4559 σελήνης
1531 4488 1628 4541 καὶ
1663 4487 1772 4541 τῶν
1800 4487 1909 4542 λοιο

302 4577 458 4643 πῶν,
498 4578 647 4642 ὅσοις
692 4579 814 4633 καθ’
842 4577 1013 4634 ἑαυτά
1205 4578 1467 4634 κινεῖσθαι
1499 4578 1729 4650 δύναμίς
1762 4582 1900 4637 ἐστι.

300 4668 388 4721 Τδ
425 4668 614 4723 τοίνυν
645 4671 755 4723 ἀπὸ
787 4671 1055 4740 γενέσεως
1092 4669 1322 4743 οὐρανοῦ
1351 4670 1445 4722 καὶ
1474 4668 1579 4738 γῆς
1616 4669 1777 4740 μέχρι
1802 4668 1903 4743 τῆς

306 4754 602 4825 ποιήσεως
627 4770 739 4807 των
764 4755 1012 4826 ἀστέρων
1040 4755 1314 4826 διάστημα
1338 4771 1392 4809 τι
1418 4773 1548 4809 ποτε
1581 4758 1689 4831 ἀρα
1715 4752 1853 4814 εἶναι
1881 4762 1913 4816 δ

305 4843 498 4908 δεινὸς
524 4843 595 4896 τά
626 4842 878 4915 μετέωρα
904 4839 1058 4908 οὗτος
1083 4846 1475 4916 ἀποφανεῖται;
1512 4847 1710 4916 Σαφῶς
1742 4848 1853 4922 γὰρ
1883 4852 1913 4904 ὁ

305 4934 415 5005 τὴν
444 4933 809 5005 κοσμογονίαν
979 4939 1045 5008 τῇ
1067 4936 1295 5009 δυνάμει
1323 4939 1417 4992 τοῦ
1450 4939 1765 5011 Πνεύματος
1787 4940 1915 4994 ἀνα-

309 5026 543 5096 γράψας
585 5028 650 5097 τῇ
684 5026 923 5100 τετάρτη
948 5028 1132 5101 ἡμέρᾳ
1160 5030 1285 5094 τοὺς
1312 5028 1584 5102 μεγάλους
1612 5032 1910 5104 φωστῆρας

307 5117 412 5170 καὶ
476 5117 605 5180 τοὺς
656 5117 876 5183 λοιποὺς
922 5120 1157 5192 ἀστέρας
1202 5122 1531 5193 γεγενῆσθαί
1568 5140 1723 5193 φησι.
1768 5125 1911 5196 Χρό-

309 5223 407 5270 νος
463 5203 559 5261 οὖν
602 5208 704 5262 οὐκ
738 5204 827 5279 ἦν,
875 5210 953 5273 ὡς
994 5210 1191 5276 ἔοικεν,
1236 5214 1294 5267 ὲν
1335 5215 1457 5277 ταῖς
1492 5214 1725 5268 κατόπιν
1772 5216 1907 5287 ήμέ-

318 5312 444 5365 ραις
461 5313 478 5330 ’
509 5298 571 5351 ού
599 5302 710 5370 γάρ
737 5300 1012 5355 ὲκινοῦντό
1039 5319 1126 5356 πω
1146 5305 1195 5356 ot
1218 5304 1463 5377 ἀστέρες.
1629 5305 1754 5369 Πῶς
1774 5306 1905 5378 γὰρ,

314 5386 375 5439 οῖ
413 5403 480 5457 γε
512 5391 635 5459 μηδ’
664 5390 1013 5459 ἐγεγόνεισαν
1041 5394 1141 5465 τὴν
1169 5395 1345 5466 ἀρχήν
1380 5413 1395 5460 ;
1566 5399 1676 5452 Καὶ
1720 5400 1902 5465 πάλιν,

316 5476 408 5530 ὅτε
463 5479 718 5551 ἐπολέμει
761 5485 878 5547 τοῖς
939 5484 1309 5550 Γαϐαωνίταις
1361 5488 1390 5539 ὁ
1436 5486 1533 5541 τοῦ
1584 5489 1741 5561 Ναυῆ
1800 5491 1906 5563 Ἰη-

318 5569 470 5636 σοῦς.
502 5573 691 5645 ἐπειδὴ
728 5575 985 5647 ἀκίνητος
1025 5579 1056 5630 ὁ
1095 5578 1247 5648 ἥλιος
1275 5578 1457 5650 ἔμεινε
1633 5583 1709 5653 τῷ
1738 5601 1903 5654 προσο

401 5760 417 5791 ³
449 5767 616 5826 Hebr.
660 5784 701 5840 ι,
732 5768 788 5825 5.
868 5771 889 5804 ’
916 5767 1054 5828 Ibid.
1131 5768 1152 5802 ³
1181 5766 1321 5825 Gen.
1351 5781 1391 5836 ι,
1441 5761 1625 5822 ιιαιθ.

1618 3112 1904 3178 ἐπιδείξειε
1934 3156 1973 3178 ,,

2007 1926 2187 2000 eundo
2217 1926 2426 1987 ordinis
2456 1942 2655 1999 genere
2681 1928 2809 1989 fecit
2839 1930 3166 1989 mentionem
3192 1946 3208 1997 ;
3256 1931 3438 1998 aitque
3471 1944 3580 1989 non

2008 2028 2259 2085 oportere
2289 2018 2471 2073 dicere
2500 2018 2558 2078 in
2584 2018 2693 2077 Deo
2720 2019 2967 2080 ordinem
2997 2032 3147 2097 esse,
3173 2017 3428 2087 quoniam
3443 2020 3581 2083 ordo

2009 2109 2299 2167 ordinante
2328 2110 2595 2176 poSLerior
2639 2118 2743 2168 est.
2788 2109 2919 2173 illud
2953 2125 3082 2169 vero
3101 2118 3194 2165 aut
3223 2124 3327 2173 non
3364 2108 3576 2165 intelle-

2008 2198 2109 2264 xit,
2146 2206 2239 2255 aut
2273 2198 2417 2259 ultro
2444 2199 2704 2261 occuluit.
2726 2201 2996 2268 quoddam
3021 2199 3227 2265 ordinis
3251 2213 3372 2259 esse
3387 2214 3576 2269 genus,

2009 2304 2115 2347 non
2152 2298 2338 2346 nostra
2372 2290 2729 2351 constitutum
2779 2291 3141 2353 ordinatione,
3177 2292 3275 2351 sed
3327 2290 3444 2359 ipsa
3480 2306 3576 2349 ne-

2011 2379 2348 2441 cessitudine
2406 2380 2638 2439 naturali
2690 2381 3036 2447 contingens,
3077 2394 3183 2449 quo
3210 2394 3272 2436 se
3301 2382 3462 2445 modo
3491 2381 3582 2439 Ιιιι·

2009 2470 2141 2531 bent
2170 2470 2311 2541 ignis
2337 2479 2393 2525 et
2426 2471 2540 2535 lux,
2565 2485 2685 2540 quae
2718 2486 2785 2531 ex
2812 2472 2926 2540 ipso
2950 2480 3054 2529 est.
3091 2470 3227 2531 Nam
3271 2470 3323 2527 in
3362 2470 3429 2529 iis
3458 2485 3582 2523 ean-

2008 2578 2124 2618 sam
2160 2564 2399 2632 priorem
2424 2577 2544 2619 esse
2587 2564 2817 2619 dicimus
2846 2582 2860 2620 :
2900 2563 3172 2633 posterius
3198 2577 3331 2623 vero,
3359 2563 3410 2619 id
3434 2562 3580 2633 quod

2007 2655 2077 2708 ab
2100 2654 2212 2723 ipsa
2247 2664 2350 2719 est,
2390 2669 2498 2713 non
2552 2653 2836 2710 intervallo
2866 2655 2979 2709 haec
3027 2670 3058 2710 a
3091 2669 3150 2709 se
3180 2654 3408 2713 invicem
3447 2654 3574 2711 diri-

2009 2753 2237 2810 mentes,
2275 2743 2369 2799 sed
2393 2744 2721 2814 cogitatione
2770 2758 2990 2799 causam
3046 2753 3174 2809 ante
3218 2741 3467 2799 eﬂ'ectnm
3499 2744 3582 2797 in-

2010 2833 2332 2904 telligentes.
2363 2835 2610 2901 Quonam
2654 2834 2821 2904 igitur
2876 2843 3034 2903 pacto
3066 2834 3260 2901 rationi
3291 2842 3581 2893 consenta-

2010 2943 2168 2988 neum
2210 2925 2395 2991 fuerit,
2420 2927 2667 2983 ordinem
2696 2927 2748 2981 in
2790 2926 2859 2983 iis
2898 2940 3119 2997 negare,
3156 2925 3211 2991 in
3254 2926 3451 2993 quibus
3499 2932 3582 2979 est

2008 3022 2159 3089 prius
2184 3005 2241 3076 et
2281 3022 2570 3091 posterius,
2603 3035 2709 3075 non
2744 3034 2811 3075 ex
2840 3029 3030 3074 nostra
3066 3016 3442 3089 dispositione,
3484 3017 3580 3071 sed

2010 3126 2076 3165 ex
2111 3110 2348 3169 naturali
2383 3110 2616 3180 quadam
2647 3123 2825 3177 rerum
2860 3108 3297 3165 consecutione?
3334 3107 3445 3164 Cur
3482 3107 3582 3176 igi-

2012 3211 2099 3257 tur
2130 3202 2339 3257 fastidit
2365 3201 2614 3258 ordinem
2661 3200 2714 3255 in
2744 3201 2854 3256 Deo
2876 3200 3205 3255 admittere?
3244 3199 3577 3263 Arhitratnr,

2008 3294 2056 3350 si
2083 3294 2385 3351 ostenderit
2411 3309 2517 3350 non
2551 3293 2712 3349 aliter
2736 3292 2887 3363 prius
2927 3292 2984 3347 in
3024 3292 3134 3348 Deo
3168 3293 3415 3362 intelligi,
3451 3292 3579 3346 reli-

2006 3400 2174 3455 quum
2208 3400 2268 3441 se
2302 3385 2636 3448 habiturum,
2671 3384 2724 3439 in
2761 3386 2872 3455 ipsa
2893 3385 3102 3441 scilicet
3119 3383 3416 3440 substantia
3442 3397 3580 3452 prte-

2008 3480 2265 3534 stantiam
2294 3478 2683 3536 demonstrari.
2706 3475 2816 3533 Nos
2845 3487 3050 3537 autem,
3084 3490 3180 3545 pro
3222 3474 3408 3531 habitu
3443 3488 3579 3528 can-

1968 3638 1975 3644 η
2007 3587 2192 3627 sarum
2223 3571 2290 3626 ad
2316 3585 2381 3626 ea
2407 3585 2530 3641 quae
2565 3584 2633 3647 ex
2674 3568 2808 3637 ipsis
2838 3580 2986 3632 sunt,
3028 3567 3240 3622 Patrem
3272 3565 3407 3621 Filio
3440 3579 3579 3633 pra:-

2017 3664 2140 3731 poni
2177 3663 2409 3718 dicimus
2440 3679 2455 3716 :
2482 3670 2537 3716 at
2566 3675 2697 3715 vero
2722 3660 3019 3714 secundum
3057 3666 3262 3713 naturae
3289 3658 3578 3711 diversita-

2010 3764 2138 3817 tem,
2164 3769 2268 3807 non
2305 3752 2452 3816 item,
2479 3768 2653 3822 neque
2669 3752 2964 3807 secundum
2988 3748 3241 3818 temporis
3261 3761 3575 3804 excessum:

2006 3844 2240 3912 alioquin
2274 3842 2378 3897 hoc
2411 3853 2571 3913 pacto
2617 3843 2782 3898 etiam
2813 3839 2979 3896 Deum
3021 3839 3237 3895 Patrem
3268 3851 3389 3892 esse
3414 3850 3578 3905 nega-

2007 3937 2222 4002 bimus;
2285 3950 2409 3990 cum
2466 3933 2724 3988 alienatio
2753 3948 2872 4002 qua:
2902 3934 2954 3987 in
2987 3929 3223 3986 essentia
3258 3929 3528 3999 reperitur
3557 3968 3575 3995 ,

2006 4026 2442 4100 coniunctionem
2478 4025 2779 4081 naturalem
2813 4024 3045 4080 aboleat.

2195 4119 2300 4172 Sed
2328 4118 2582 4188 quoniam
2606 4117 2712 4173 huc
2740 4116 2829 4171 ille
2859 4115 2911 4170 in
2936 4113 3186 4171 omnibus
3207 4113 3425 4183 sapiens
3457 4125 3577 4182 ιιι-σο

2012 4224 2234 4282 gressus
2262 4218 2369 4275 est,
2407 4209 2565 4263 nobis
2596 4216 2654 4263 ut
2673 4207 2925 4264 deﬁniret
2946 4205 3203 4277 temporis
3220 4213 3492 4269 naturam,
3519 4214 3578 4258 et

2002 4305 2089 4359 hic
2125 4318 2285 4375 quam
2324 4301 2502 4369 ﬁrma,
2538 4318 2698 4374 quam
2738 4302 3130 4371 circumspecta
3156 4298 3226 4352 sit
3259 4311 3416 4352 mens
3434 4297 3574 4367 ejus,

2000 4397 2300 4451 videamus.
2330 4393 2567 4465 Tempus
2584 4409 2712 4464 ergo
2738 4404 2944 4448 certum
2978 4389 3267 4461 quemdam
3296 4387 3574 4447 stellarum

2001 4501 2207 4544 motum
2241 4503 2363 4544 esse
2383 4488 2536 4552 dicit,
2577 4487 2708 4543 solis
2728 4484 2979 4541 videlicet
3008 4493 3062 4540 et
3086 4484 3227 4538 lunae
3249 4497 3315 4538 ac
3344 4483 3577 4552 reliqua-

2008 4596 2150 4643 rum,
2187 4579 2386 4650 quibus
2426 4579 2568 4635 inest
2624 4592 2735 4648 qua
2779 4591 2880 4648 per
2930 4590 2990 4632 se
3024 4582 3365 4631 moveantur.
3405 4570 3578 4627 Inter.

2009 4674 2206 4727 vallum
2250 4675 2415 4744 igitur
2443 4672 2585 4742 quod
2619 4671 2685 4724 ab
2711 4671 2922 4741 origine
2947 4667 3070 4724 εωιι
3086 4676 3141 4722 et
3159 4675 3320 4722 terra:
3352 4662 3419 4717 ad
3441 4661 3574 4717 stel-

2009 4758 2183 4815 larum
2205 4772 2377 4829 usque
2411 4756 2741 4812 creationem
2790 4753 3118 4815 intercessit,
3162 4751 3419 4819 quidnam
3457 4758 3576 4799 esse

2012 4852 2264 4905 decernet
2291 4846 2522 4902 eximius
2552 4844 2640 4901 ille
2666 4859 2847 4900 rerum
2891 4841 3200 4897 sublimium
3231 4834 3577 4909 speculator?

2014 4940 2145 4995 Nam
2179 4938 2266 5008 qui
2297 4937 2479 4993 mundi
2499 4936 2826 4993 creationem
2849 4934 3049 4987 virtute
3082 4931 3315 5001 Spiritus
3340 4923 3579 4982 conscri-

2015 5030 2143 5102 psit,
2173 5043 2368 5100 magna
2415 5028 2503 5083 illa
2551 5026 2841 5081 luminaria
2890 5033 2948 5080 et
2997 5023 3236 5091 reliquas
3276 5017 3460 5074 stellas
3492 5015 3580 5069 die

2015 5129 2212 5193 quarta
2255 5120 2549 5190 productas
2582 5133 2702 5174 esse
2731 5116 3014 5187 perspicue
3049 5120 3235 5169 narrat
3262 5113 3305 5167 ³.
3347 5106 3581 5177 Tempus

2016 5213 2200 5283 igitur,
2242 5219 2301 5264 ut
2345 5211 2534 5279 liquet,
2586 5209 2640 5263 in
2696 5208 2967 5276 prioribus
3018 5204 3210 5259 diebus
3238 5211 3581 5269 nequaquam

2018 5314 2178 5358 erat:
2220 5300 2483 5370 siquidem
2531 5302 2764 5354 nondum
2801 5298 3159 5355 mOVebantur
3209 5289 3402 5347 stellm.
3435 5287 3582 5354 Quo-

2022 5394 2179 5450 nzodo
2208 5393 2351 5447 enim
2390 5391 2440 5446 id
2474 5392 2592 5446 ﬁeri
2619 5391 2906 5462 potuisset,
2944 5402 3064 5443 cum
3103 5400 3169 5438 ne
3206 5381 3435 5438 conditae
3463 5378 3586 5448 qui—

2019 5488 2141 5543 dem
2180 5485 2409 5539 fuissent
2430 5482 2625 5539 initio?
2657 5482 2723 5537 Et
2743 5481 2963 5544 iterum,
2994 5490 3119 5530 cum
3139 5472 3297 5531 Jesus
3326 5470 3471 5525 Nave
3491 5467 3588 5521 ad-

2023 5594 2206 5633 vorsus
2235 5575 2567 5632 Gabaonitas
2606 5580 2886 5644 pugnaret,
2916 5568 3170 5637 quoniam
3204 5563 3287 5621 sol
3321 5565 3588 5633 praecepto
