4094 6204
437 321 540 383 507

1641 316 2022 378 EUTHYMII
2062 315 2423 375 ZlGABENI

3580 318 3688 384 503

435 460 633 530 ligatus
664 462 914 516 manebat
947 460 1252 523 inmobilis,
1282 474 1344 513 ac
1372 459 1494 512 luna
1524 458 1576 512 in
1605 459 1721 514 loco
1748 459 1923 513 stabat
1958 460 1998 522 ¹,

2122 458 2336 527 πάγματι
2368 455 2639 524 πεδηθεὶς,
2683 431 2775 508 καὶ
2814 456 2846 524 ἡ
2889 454 3083 524 σελήνη
3116 455 3254 508 κατὰ
3283 453 3466 524 χώραν
3509 455 3688 525 εἰστή·

438 561 649 618 tempus
679 563 807 606 tunc
835 567 936 604 non
972 552 1128 604 erat?
1159 550 1437 614 Quodnam
1474 550 1638 617 igitur
1687 565 1879 604 nomen
1927 549 2000 601 illi

2101 568 2209 609 κει,
2265 549 2451 618 χρόνος
2496 547 2595 599 οὐκ
2646 543 2712 618 ἦν
2764 547 3102 615 τηνικαῦτα;
3161 546 3226 597 Τί
3286 547 3462 599 ἐκεῖνο
3491 542 3584 598 οὖν
3626 548 3689 598 τὸ

437 643 541 694 dici
573 643 746 710 spatio
773 641 1160 709 imponemus?
1217 656 1377 708 quam
1431 641 1768 711 excogitabis
1820 640 2004 708 appel-

2122 643 2373 712 ἰιάστημα
2418 641 2517 710 τῆς
2549 641 2758 710 ἡμέρας
2813 639 3090 708 εἴπωμεν;
3138 639 3261 690 τίνα
3311 638 3690 708 προσηγορίαν

436 731 690 785 latiormu
735 732 1002 786 ?Elenim
1055 732 1098 784 si
1149 732 1406 800 temporis
1462 732 1730 786 deiecerat
1779 741 2000 797 natura,

437 841 608 876 aevum
659 825 839 893 utique
885 825 930 876 ci
978 823 1258 876 successit.
1295 825 1361 876 At
1402 839 1571 876 arvum
1612 823 1860 892 exiguam
1898 823 2001 876 div-i

434 922 638 980 partem
901 913 1189 980 appellare,
1243 929 1403 982 quem
1466 914 1749 968 dementiae
1796 916 2008 966 modum

436 1018 542 1056 non
568 1003 830 1070 superat?
868 1003 994 1067 Sed,
1032 1022 1149 1073 quae
1182 1005 1345 1058 utulta
1383 1016 1467 1058 est
1502 1004 1616 1072 ejus
1646 1005 1888 1068 solertia,
1916 1019 2008 1072 pn-

437 1102 554 1145 tare
600 1091 834 1158 videtur,
863 1093 1002 1146 diem
1049 1110 1114 1146 ac.
1163 1105 1374 1148 noctem
1405 1095 1518 1147 lieri
1548 1095 1794 1163 quapiam
1831 1091 2010 1144 stella-

435 1200 552 1237 rtnn
606 1187 843 1240 motione
890 1185 954 1238 ad
1001 1187 1316 1255 qualitatem
1353 1188 1675 1254 pertinente,
1705 1194 1866 1252 atque
1913 1184 2010 1236 has

435 1289 557 1330 esse
584 1278 838 1344 temporis
863 1288 1074 1346 partes:
1099 1277 1237 1328 unde
1263 1286 1472 1345 tempus
1503 1275 1692 1329 statuit
1721 1275 2009 1342 quemdam

435 1380 560 1420 csse
618 1367 893 1422 stellarum
954 1377 1152 1420 motum
1190 1367 1448 1434 qualitate
1493 1368 1809 1436 praeditum,
1846 1381 1913 1418 ne
1958 1365 2009 1419 id

436 1458 655 1524 quidem
703 1461 846 1526 quod
897 1459 1024 1512 dicit
1062 1458 1383 1527 intelligens.
1442 1457 1556 1511 Non
1612 1457 1754 1512 enim
1807 1467 2010 1510 motum

437 1551 696 1618 qualitate
727 1549 1005 1618 praeditum
1028 1587 1044 1612 ,
1081 1549 1172 1604 sed
1204 1549 1499 1617 quantitate
1533 1549 1808 1610 donatum,
1845 1549 1889 1602 si
1929 1555 2011 1600 ta-

441 1658 560 1696 men
591 1643 660 1696 ita
691 1641 836 1709 loqui
866 1641 946 1694 l’as
971 1651 1075 1706 est,
1093 1641 1270 1694 dicere
1295 1641 1466 1709 magis
1485 1639 1857 1693 conveniebat.
1883 1639 2014 1705 Quis

441 1735 582 1788 enim
631 1733 710 1787 sic
753 1734 974 1786 omnino
1009 1748 1139 1801 puer
1179 1742 1264 1787 est
1314 1743 1514 1798 mente,
1551 1741 1611 1785 ut
1639 1732 1846 1802 ignoret
1875 1732 2012 1797 dies,

2105 736 2448 802 ὲπινοήσεις;
2492 733 2554 784 El
2593 731 2702 800 γάρ
2741 733 2773 800 ἡ
2811 730 2906 782 τοῦ

2103 823 2300 882 λοίπει,
2331 820 2465 872 αἰὼν
2497 819 2815 887 ἀντεισῆλθε
2849 817 3120 886 δηλονότι.
3168 816 3348 868 Δίῶνα
3391 817 3448 868 δὲ
3493 817 3691 887 μικρὸν

3074 731 3267 799 Χρόνου
3308 728 3471 798 φύσις
3501 730 3691 781 ὲπιλε-

2111 913 2322 982 ἡμέρας
2364 912 2527 980 μέρος
2557 909 2986 980 προσαγορεύειν
3016 909 3137 960 τίνα
3163 908 3260 976 τῆς
3296 907 3482 969 ἀνοίας
3522 908 3694 978 ὑπερ-

2111 1002 2272 1071 ϐολὴν
2306 1001 2626 1063 ἀπολείπεις
2673 1000 2812 1052 Ἀλλ’
2843 999 3020 1052 ἔοικεν
3063 1001 3128 1052 ὲκ
3173 999 3379 1068 πολλῆς
3407 999 3692 1068 ἀγχινοίας

2111 1093 2322 1164 ἡμέραν
2356 1093 2453 1161 μὲν
2479 1091 2571 1144 καὶ
2597 1091 2767 1144 νύκτα
2793 1093 2850 1144 ἐν
2870 1094 2935 1160 τῇ
2970 1093 3099 1162 ποιᾷ
3129 1090 3236 1143 τῶν
3264 1092 3506 1161 ἀστέρων
3535 1094 3694 1162 κινήσ-

2113 1202 2196 1238 σει
2248 1183 2491 1254 νομίζειν
2524 1183 2794 1252 γίνεσθαι,
2841 1183 3015 1236 ταῦτα
3055 1183 3112 1234 δὲ
3161 1178 3301 1236 εἶναι
3347 1181 3441 1235 τοῦ
3492 1183 3690 1254 χρόνου

2115 1277 2255 1347 μέρη
2279 1291 2292 1305 '
2321 1275 2443 1328 ὅθεν
2478 1275 2568 1327 τὸν
2607 1275 2797 1345 χρόνον
2832 1274 2990 1327 ποιάν
3026 1290 3148 1326 τινα
3182 1273 3398 1342 κίνησιν
3443 1273 3693 1344 ἀστέρων

2113 1368 2460 1438 ἀπεφήνατο,
2511 1367 2630 1419 οὐδὲ
2675 1367 2805 1419 αὐτὸ
2843 1364 3002 1419 τοῦτο
3038 1366 3216 1429 συνεὶς
3256 1365 3285 1418 ὅ
3325 1382 3378 1417 τι
3409 1364 3575 1433 λέγει.
3612 1365 3690 1417 Οὐ

2119 1461 2229 1531 γὰρ
2267 1459 2448 1522 ποιάν,
2485 1459 2598 1512 ἀλλ’
2628 1461 2785 1530 εἴπερ
2822 1459 2954 1530 ἄρα,
3001 1458 3194 1529 ποσὴν,
3241 1457 3442 1528 μᾶλλον
3621 1449 3696 1524 ἧν

2114 1553 2293 1604 εἰπεῖν
2321 1551 2668 1620 οἰκειότερον.
2714 1549 2872 1601 Ἀλλά
2913 1547 2999 1612 τίς
3047 1547 3190 1600 οὕτω
3236 1551 3366 1612 παῖς
3412 1547 3694 1610 παντελῶς

2112 1645 2211 1714 τὴν
2225 1643 2485 1708 διάνοιαν,
2505 1643 2644 1695 ὥστε
2671 1643 2905 1710 ἀγνοεῖν,
2935 1642 3016 1694 ὅτι
3046 1641 3250 1710 ἡμέραι
3275 1641 3394 1711 μὲν,
3413 1641 3506 1693 καὶ
3526 1635 3690 1712 ὧραι,

2114 1736 2206 1788 καὶ
2231 1735 2420 1806 μῆνες,
2449 1736 2543 1788 καὶ
2568 1735 2822 1796 ἐνιαυτοὶ,
2855 1734 3025 1805 μέτρα
3053 1733 3147 1786 τοῦ
3164 1732 3356 1802 χρόνου
3504 1732 3647 1785 εἰσιν
3676 1773 3691 1796 ,

441 1822 629 1885 horas,
661 1836 892 1886 menses,
923 1836 1113 1884 annos,
1137 1821 1395 1891 temporis
1425 1836 1726 1885 mensuras,
1761 1834 1865 1874 non
1895 1835 2015 1890 par-

2122 1825 2233 1895 οὐχὶ
2265 1825 2406 1895 μέρη
2429 1841 2441 1888 ;
2478 1823 2682 1895 Χρόνος
2706 1823 2762 1876 δέ
2779 1823 2892 1874 ἐστι
2915 1821 2974 1874 τὸ
3001 1821 3602 1892 συμπαρεκτεινόμενον
3623 1823 3691 1892 τῇ

443 1925 525 1969 tes
565 1912 986 1981 esse?Tempus
1033 1922 1210 1967 autem
1262 1913 1497 1980 spatium
1533 1921 1638 1974 est,
1671 1910 1812 1980 quod
1865 1925 2015 1980 teque

441 2006 748 2059 extenditur
777 2015 938 2072 atque
968 2003 1078 2070 ipsa
1101 2003 1280 2056 mundi
1304 2002 1659 2056 constitutio:
1685 2015 1790 2071 quo
1815 2011 2016 2054 motum

442 2109 656 2148 omnem
691 2093 801 2148 sive
843 2093 1141 2157 stellarum,
1175 2093 1288 2146 sive
1322 2091 1658 2155 animalium,
1693 2091 1805 2145 sive
1838 2091 2019 2158 cujus~

443 2199 655 2252 eunque
687 2183 761 2237 rei
787 2198 905 2252 quae
929 2192 1194 2246 movetur,
1225 2183 1579 2246 admetimur,
1606 2188 1765 2249 prout
1787 2179 2017 2234 dicimus

445 2276 589 2329 aliud
629 2275 734 2330 alio
777 2276 1012 2330 velocius
1052 2282 1145 2328 aut
1188 2274 1392 2328 tardius
1431 2287 1593 2327 esse:
1627 2271 1862 2327 velocius
1898 2269 2020 2339 qni-

446 2369 587 2428 dem.
618 2369 668 2422 id
693 2369 835 2437 quod
860 2368 1067 2421 minore
1098 2376 1334 2435 tempore
1364 2365 1479 2435 plus
1506 2364 1771 2434 percurrit
1811 2362 1968 2431 spatii
1999 2377 2016 2427 ;

449 2460 653 2512 tardius
676 2475 824 2522 vero,
842 2459 983 2528 quod
1015 2459 1190 2512 minus
1220 2457 1461 2526 longiore
1487 2467 1728 2526 tempore
1750 2463 2014 2509 movetur.

449 2547 743 2603 Ennomius
774 2565 900 2604 vero
929 2551 1180 2619 quoniam
1216 2551 1266 2604 in
1324 2562 1560 2617 tempore
1586 2547 1752 2602 stella:
1796 2558 2017 2598 moven-

452 2651 557 2705 tur,
589 2642 840 2710 temporis
871 2643 1011 2709 ipsas
1035 2657 1152 2696 esse
1178 2642 1396 2708 opiﬁces
1433 2637 1762 2708 pronuntiat.
1791 2635 2019 2689 Proinde

448 2748 510 2784 ex
547 2733 928 2798 sapientissimi
968 2733 1108 2786 illius
1148 2733 1437 2794 sententia,
1479 2731 1730 2799 quoniam
1778 2728 2023 2783 scarabei

450 2839 663 2893 quoque
699 2826 750 2878 in
785 2835 1022 2895 tempore
1056 2837 1359 2887 moventur,
1402 2822 1790 2877 constituamus
1817 2831 2022 2886 tempus

453 2915 612 2968 talem
657 2918 939 2984 quamdam
985 2919 1273 2970 motionem
1310 2931 1431 2969 esse
1477 2917 1899 2967 scarabeoruin:
1937 2920 2020 2964 et-

453 3007 593 3059 enim
630 3009 770 3075 quod
798 3007 957 3069 dixit,
994 3009 1044 3060 id
1099 3009 1166 3062 ab
1202 3009 1302 3061 hoc
1337 3005 1464 3058 nihil
1511 3001 1711 3066 diﬂ'ert,
1745 3000 2018 3054 nominum

455 3099 710 3166 dignitate
737 3110 978 3169 excepta.

2050 3176 2091 3229 Ο

1009 3250 1091 3304 Ea:
1124 3249 1302 3303 eodem
1328 3247 1483 3301 libro.

525 3345 695 3414 Maius
723 3343 809 3396 vel
837 3342 1091 3396 essentia:
1120 3341 1353 3402 ratione,
1392 3338 1474 3392 vel
1505 3337 1725 3392 virtutis
1755 3337 2024 3393 excellen-

453 3437 554 3498 tia.
591 3437 675 3490 vel
716 3434 1030 3500 praestantia
1085 3430 1392 3502 dignitatis,
1419 3431 1506 3485 vel
1534 3431 1696 3485 molis
1771 3429 2028 3498 amplitu-

451 3531 580 3586 dine
616 3528 840 3582 dicitnr.
866 3525 1239 3593 Amplitudine
1273 3525 1432 3578 molis
1484 3525 1656 3594 majus
1702 3525 1790 3578 hic
1825 3523 2027 3577 intelli-

452 3621 503 3687 gi
540 3633 648 3670 non
683 3625 880 3684 potest.
910 3615 1043 3680 Quis
1070 3616 1214 3668 enim
1251 3631 1311 3668 ea
1343 3631 1462 3679 qua:
1493 3615 1638 3668 nulla
1698 3613 2026 3684 magnitudi-

453 3725 520 3762 ne
552 3717 681 3761 sunt
713 3706 1149 3772 circumscripta,
1181 3705 1263 3758 vel
1296 3709 1476 3774 potius
1511 3722 1630 3775 qua:
1683 3706 1878 3758 molem
1918 3721 2024 3758 non

453 3798 654 3851 habent
683 3810 929 3858 onnnno,
1001 3806 1056 3848 et
1109 3794 1413 3862 quantitate
1464 3795 1828 3848 dimetiatur?
1892 3794 2025 3858 Quis

453 3903 668 3942 rursum
726 3901 912 3940 eorum
941 3885 1316 3939 excellentiam
1367 3895 1625 3956 agnoscat
1676 3886 1784 3937 ullo
1844 3885 2022 3948 modo,

453 3995 573 4048 qua:
598 3977 802 4030 nullam
833 3975 1586 4029 admittantdimensionem?
1649 3973 1767 4028 Jam
1825 3975 1871 4028 si
1929 3975 2022 4027 Dei

454 4072 614 4124 sedes
647 4067 930 4140 dignitatis
952 4079 1034 4120 est
1065 4081 1289 4126 nomen.
1315 4067 1488 4120 sessio
1514 4068 1580 4120 ad
1609 4066 1886 4120 dexteram
1923 4065 2024 4119 Pa-

455 4161 556 4213 tris
579 4158 716 4211 Filio
746 4156 966 4210 deﬁnita
993 4157 1118 4224 quid
1155 4159 1306 4210 aliud
1358 4157 1649 4227 significat,
1703 4157 2023 4241 nisi‘parem

455 4258 510 4301 ct
543 4248 802 4315 :eqnalem
836 4247 1116 4316 dignitatis
1143 4248 1385 4300 statum?
1453 4248 1817 4300 Dennntiatur
1876 4248 2022 4300 enim

453 4349 511 4394 et
541 4338 801 4391 Dominus
827 4338 880 4390 in
908 4337 1078 4406 gl0ria
1104 4338 1286 4392 Patris
1338 4355 1455 4392 csse
1478 4349 1762 4392 venturus.
1826 4336 2021 4391 Filium

453 4447 586 4485 vero
619 4431 816 4484 virtute
841 4429 1104 4484 minorem
1135 4431 1336 4493 dicere,
1391 4447 1551 4499 quam
1583 4431 1741 4484 Pater
1773 4431 1864 4496 sit,
1897 4446 2021 4485 cum

2120 1915 2380 1968 συστάσει
2431 1915 2524 1969 τοῦ
2582 1916 2790 1985 κόσμου
2821 1914 3129 1984 διάστημα·
3175 1907 3220 1981 ᾧ
3266 1916 3417 1967 πᾶσα
3441 1931 3698 1984 παραμε-

2114 2011 2326 2077 τρεῖται
2360 2008 2589 2078 κίνησις,
2625 2007 2735 2059 εῐτε
2763 2006 3025 2076 ἀστέρων,
3056 2007 3163 2059 εἴτε
3191 2004 3364 2071 ζώων,
3402 2006 3510 2058 εἴτε
3543 2007 3695 2059 οὐτι-

2116 2097 2304 2152 νοσοῦν
2487 2098 2596 2152 τῶν
2643 2101 3000 2169 κινουμένων,
3030 2097 3165 2151 καθὸ
3190 2097 3419 2168 λέγομεν
3458 2097 3692 2167 ταχύτε-

2123 2205 2213 2259 ρον
2247 2188 2279 2259 ἢ
2321 2187 2646 2260 βραδύτερον
2674 2188 2860 2258 ἕτερον
2891 2189 3076 2259 ἐτέρου
3097 2205 3109 2217 ·
3157 2188 3453 2258 ταχύτερον
3495 2187 3595 2257 μὲν
3633 2187 3696 2239 τὸ

2122 2280 2180 2332 ὲν
2213 2279 2455 2332 ἐλάττονι
2476 2279 2652 2349 χρόνῳ
2686 2279 2868 2332 πλεῖον
2898 2278 3170 2349 διάστημα
3194 2278 3535 2347 μεταϐαῖνον,
3567 2277 3698 2348 βρα-

2119 2368 2342 2440 δύτερον
2374 2369 2431 2422 δὲ
2464 2369 2526 2422 τὸ
2561 2370 2782 2423 ἔλαττον
2824 2371 2881 2423 ἐν
2917 2369 3117 2423 πλείονι
3147 2368 3322 2440 χρόνῳ
3355 2369 3690 2438 κινούμενον.

2133 2459 2192 2512 '0
2220 2459 2296 2523 δὲ,
2337 2460 2522 2530 ἐπειδὴ
2557 2461 2615 2512 ὲν
2633 2461 2811 2530 χρόνῳ
2838 2462 2886 2512 οἱ
2924 2460 3151 2528 ἀστέρες
3182 2459 3476 2520 κινοῦνται,
3502 2460 3695 2530 χρόνου

2123 2551 2322 2613 αὐτοὺς
2355 2548 2492 2604 εἶναι
2524 2552 2889 2623 δημιουργοὺς
2922 2551 3296 2619 ἀποφαίνεται.
3486 2551 3698 2602 Οὐκοῦν

2123 2642 2265 2695 κατὰ
2284 2645 2376 2696 τὸν
2398 2642 2492 2696 τοῦ
2530 2643 2844 2712 σοφωτάτου
2870 2644 3044 2710 λόγον,
3087 2643 3274 2712 ἐπειδὴ
3307 2643 3399 2695 καὶ
3433 2643 3698 2712 κάνθαροι

2127 2736 2184 2786 ὲν
2208 2735 2381 2806 χρόνῳ
2407 2735 2707 2798 κινοῦνται,
2720 2733 3029 2803 ὁρισώμεθα
3054 2735 3144 2785 τὸν
3165 2735 3354 2803 χρόνον
3377 2728 3512 2785 εἶναι
3536 2735 3700 2786 ποιάν

2125 2843 2246 2879 τινα
2284 2826 2570 2896 κανθάρων
2616 2827 2859 2895 κίνησιν·
2895 2825 3047 2877 οὐδὲν
3079 2824 3188 2894 γὰρ
3219 2824 3408 2877 τούτου
3455 2825 3515 2878 τὺ
3562 2828 3700 2896 παρ’

2127 2917 2290 2970 αὐτοῦ
2349 2917 2541 2986 λεχθὲν
2590 2917 2856 2987 διαφέρει,
2906 2915 3045 2986 πλὴν
3077 2915 3176 2986 τῆς
3224 2917 3551 2987 σεμνότητος
3584 2917 3701 2968 τῶν

2125 3007 2212 3060 ὀνο
2219 3007 2424 3078 μάτων.

2560 3245 2660 3299 Ἐκ
2700 3243 2809 3298 τοῦ
2842 3242 3031 3297 αὐτοῦ
3060 3245 3272 3310 λόγου.

2199 3339 2271 3391 Τὸ
2312 3338 2498 3408 μεῖζον
2549 3337 2581 3407 ἢ
2614 3338 2756 3390 κατὰ
2783 3338 2875 3390 τὸν
2916 3337 3018 3405 τῆς
3048 3337 3242 3395 οὐσίας
3270 3334 3452 3402 λόγον,
3482 3332 3515 3404 ἢ
3551 3333 3706 3388 κατὰ

2123 3429 2220 3482 τὸν
2242 3428 2341 3497 τῆς
2376 3426 2660 3494 δυνάμεως
2696 3424 3064 3492 πλεονασμὸν,
3142 3422 3175 3492 ἥ
3210 3420 3355 3474 κατά
3385 3418 3483 3492 τὴν
3525 3420 3711 3489 ὑπερ-

2126 3520 2256 3591 οχὴν
2281 3517 2374 3572 τοῦ
2397 3517 2728 3586 ἀξιώματος,
2763 3517 2794 3584 ἢ
2824 3516 2967 3568 κατά
2989 3512 3088 3585 τὴν
3119 3513 3227 3566 τῶν
3249 3511 3430 3578 ὄγκων
3472 3527 3708 3579 περιου-

2127 3613 2249 3664 σίαν
2278 3611 2524 3678 λέγεται.
2547 3608 2708 3662 Κατά
2741 3609 2840 3677 μὲν
2877 3607 2970 3660 οῦν
3001 3607 3060 3658 τὸ
3087 3605 3195 3659 τῶν
3249 3605 3430 3670 ὄγκων
3465 3603 3711 3672 μέγεθος

2125 3704 2223 3755 οὐκ
2255 3706 2316 3755 ἂν
2350 3701 2588 3756 ἐνταῦθα
2616 3701 2676 3754 τὸ
2731 3699 2916 3769 μεῖζον
2966 3699 3199 3766 λέγοιτο.
3253 3697 3333 3748 Td
3365 3698 3474 3764 γάρ
3503 3693 3708 3762 ἀπερι-

2124 3793 2306 3862 ληπτα
2342 3791 2422 3860 τῷ
2478 3789 2722 3859 μεγέθει,
2756 3788 2956 3858 μᾶλλον
2985 3787 3039 3838 δὲ
3064 3784 3336 3854 ἀμεγέθη,
3402 3785 3499 3836 καὶ
3521 3783 3709 3836 ἀποσα

2125 3883 2405 3946 παντελῶς
2435 3900 2518 3946 τις
2564 3882 2628 3934 ἂν
2659 3881 2911 3949 ἀλλήλοις
2954 3879 3462 3949 παραμετρήσειεν.
3506 3875 3600 3926 Ὧν
3643 3874 3710 3926 δὲ

2127 3979 2408 4046 ἀμήχανος
2436 3975 2466 4043 ἡ
2500 3974 2826 4042 παράθεσις,
2869 3971 2974 4024 τίνι
3021 3971 3088 4024 ἂν
3115 3971 3304 4040 τρόπῳ
3331 3970 3390 4020 τὸ
3428 3967 3712 4036 ὑπερϐάλ-

2123 4070 2214 4121 λον
2256 4071 2313 4120 ὲν
2377 4068 2586 4128 τούτοις
2613 4065 3013 4134 ἑπιγνωσθείη;
3062 4063 3222 4116 Ἀλλά
3252 4062 3358 4133 μὴν
3385 4061 3496 4129 εἴγε
3538 4060 3634 4114 καὶ
3676 4063 3708 4113 ὁ

2124 4161 2310 4227 θρόνος
2341 4158 2435 4212 τοῦ
2462 4158 2595 4211 Θεοῦ
2633 4157 2946 4226 ἀξιώματός
3009 4157 3158 4208 ἐστιν
3213 4154 3407 4223 ὄνομα,
3441 4155 3472 4220 ἡ
3511 4153 3578 4204 ὲκ
3609 4152 3709 4204 δε-

2124 4251 2252 4317 ξιῶν
2271 4249 2362 4303 τοῦ
2395 4251 2604 4319 [ἰατρὸς
2659 4249 3017 4317 ἀφωρισμένη
3077 4247 3153 4315 τῷ
3185 4246 3298 4314 mp
3365 4244 3606 4313 καθέδρα
3647 4244 3709 4298 τί

2124 4358 2253 4395 ποτε
2283 4341 2490 4410 ἕτερον,
2537 4342 2632 4394 καὶ
2675 4341 2794 4408 οὐχὶ
2821 4340 2880 4391 τὸ
2913 4340 3153 4406 ἰσότιμον
3177 4339 3276 4404 τῆς
3300 4337 3454 4400 ἀξίας
3482 4338 3704 4406 ἀποσηο

2128 4433 2336 4502 μαίνει;
2369 4433 2464 4484 καὶ
2500 4431 2609 4502 γάρ
2640 4434 2730 4484 καί
2770 4431 2919 4500 ἥξειν
2951 4431 2978 4480 ὁ
3039 4427 3242 4496 Κύριος
3301 4427 3710 4496 ἐπαγγέλλεται

454 4522 550 4576 Dei
575 4521 831 4574 virtutem
887 4521 1090 4574 Paulus
1140 4520 1419 4575 Christum
1480 4523 1714 4590 appellet
1757 4524 1802 4584 ',
1862 4521 2017 4591 plane

2129 4529 2184 4578 ἐν
2217 4526 2283 4593 τῇ
2321 4524 2444 4594 δόξῃ
2503 4523 2596 4574 τοῦ
2623 4522 2858 4590 Πιτρος.
2901 4520 3063 4574 Ἀλλὰ
3103 4518 3279 4572 καὶτὸ
3318 4518 3498 4586 λέγειν
3537 4518 3709 4570 ἐλατ-

455 4613 664 4681 puerile
692 4622 795 4674 est,
833 4624 890 4666 et
911 4628 1099 4665 eorum
1129 4611 1220 4680 qui
1255 4613 1464 4665 llontiui
1500 4629 1687 4666 vocem
1715 4629 1822 4665 non
1856 4629 2024 4665 exau-

455 4705 628 4768 diant,
659 4701 896 4754 dicentis
924 4720 937 4755 :
969 4701 1080 4771 Ego
1141 4715 1186 4754 et
1239 4701 1402 4754 Pater
1455 4718 1615 4754 unum
1662 4719 1844 4756 sumus
1876 4702 1918 4764 ⁸,
1945 4704 2023 4756 sic

453 4809 614 4844 unum
639 4794 979 4861 accipientis,
1017 4802 1077 4846 ut
1109 4794 1322 4847 virtutis
1341 4793 1702 4862 mqualitatem
1731 4794 2019 4862 signilicet,

450 4885 912 4951 quemadmodum
946 4901 1009 4938 ex
1035 4886 1168 4954 ipsis
1200 4885 1476 4953 Evangelii
1529 4886 1707 4938 verbis
1756 4886 2022 4940 ostende-

452 4989 599 5028 mus.
652 4973 786 5028 Cum
815 4974 963 5028 enim
994 4975 1061 5028 de
1094 4977 1161 5029 iis
1216 4976 1311 5045 qui
1348 4977 1398 5028 in
1433 4991 1492 5029 se
1528 4976 1899 5038 crediderant,
1947 4978 2026 5032 lo-

453 5080 630 5133 quens
651 5066 889 5120 dixisset
952 5083 964 5118 :
1003 5067 1170 5120 Nemo
1207 5068 1376 5135 rapiet
1430 5068 1546 5122 idos
1581 5084 1607 5121 ε
1642 5084 1803 5120 manu
1846 5085 1960 5122 mea
1983 5068 2029 5124 ‘.

454 5157 521 5208 Et
546 5171 562 5209 :
586 5156 748 5211 Pater
775 5159 864 5227 qui
882 5159 1022 5211 dedit
1059 5158 1208 5222 mihi,
1238 5161 1412 5228 major
1446 5160 1682 5213 omnibus
1732 5170 1808 5214 est
1842 5161 1885 5215 ⁸.
1922 5163 2028 5217 Et:

451 5246 624 5302 Nemo
649 5258 817 5318 potest
856 5267 1042 5318 rapere
1074 5267 1101 5304 ε
1132 5267 1293 5304 manu
1331 5249 1513 5304 Patris
1557 5253 1657 5305 mei
1691 5252 1733 5316 ‘,
1765 5253 2020 5322 subjicit:

451 5340 560 5410 ligo
587 5351 638 5395 et
661 5342 822 5396 Pater
864 5359 1024 5397 unum
1065 5359 1268 5396 sumus.
1302 5341 1379 5396 Ex
1422 5358 1531 5406 quo
1560 5344 1908 5413 perspicuum
1943 5353 2026 5399 est

449 5432 603 5500 illud,
639 5452 822 5501 unum,
865 5438 1074 5490 virtute
1100 5445 1156 5490 et
1186 5435 1430 5505 potentia
1463 5451 1648 5505 parem
1682 5438 2016 5508 signiﬁcare.

450 5523 738 5596 Reliquum
765 5540 851 5586 est
878 5531 1070 5600 igitur.
1103 5538 1168 5583 ut
1205 5529 1383 5598 majus
1413 5529 1502 5584 hic
1534 5543 1712 5585 causae
1747 5531 2015 5586 rationem

445 5616 804 5674 demonstret.
847 5621 983 5675 Nam
1024 5623 1284 5693 quoniam
1313 5637 1346 5676 a
1394 5621 1554 5676 Patre
1581 5621 1753 5676 Filius
1804 5622 2013 5692 princi-

544 5751 558 5780 ¹
594 5750 706 5804 .los.
743 5770 795 5816 ι,
836 5755 921 5823 ΙΞ,
958 5757 1045 5812 l3.
1121 5759 1142 5789 ¹
1175 5759 1219 5812 ll
1243 5757 1369 5814 Cor.
1407 5775 1443 5823 ι,
1477 5757 1566 5813 ⁸24.
1647 5757 1666 5786 ³
1693 5755 1851 5809 Joan.
1889 5773 1940 5820 κ,
1971 5759 2060 5812 50.

2128 4617 2349 4670 τοῦσθαι
2371 4617 2706 4684 δυνάμειτὸν
2750 4615 2874 4666 Υἰὸν
2905 4613 2997 4666 τοῦ
3022 4614 3233 4680 Πατρὶς
3266 4613 3460 4683 κομιδῆ
3489 4615 3711 4683 νηπίων

2126 4709 2266 4761 ἐστι.
2327 4707 2559 4778 Χριστὸς
2594 4707 2726 4776 γὰρ,
2764 4705 2922 4775 φησὶ,
2967 4703 3102 4757 Θεοῦ
3142 4705 3390 4774 δύναμις.
3425 4706 3534 4758 Καὶ
3578 4707 3712 4758 οὐδὲ

2130 4800 2546 4852 κατακουόντων
2601 4797 2698 4866 τῆς
2744 4797 2927 4866 φωνῆς
2960 4796 3166 4865 Κυρίου
3200 4795 3452 4864 λέγοντος
3479 4811 3494 4825 °
3550 4795 3710 4864 Ἐγὼ

2127 4893 2224 4946 καὶ
2268 4893 2300 4944 ό
2328 4893 2534 4956 Πατὴρ
2563 4888 2630 4942 ἓν
2657 4889 2864 4957 ἐσμεν,
2923 4888 3100 4940 καὶτὸ
3147 4887 3218 4940 ἓν
3254 4888 3372 4941 ἀντὶ
3405 4886 3497 4940 τοῦ
3557 4889 3708 4940 κατά

2127 4983 2225 5052 τὴν
2257 4981 2488 5050 δύναμιν
2542 4983 2661 5034 [sou
2708 4979 3251 5050 παραλαμϐάνοντος,
3314 4978 3388 5040 ὡς
3424 4977 3484 5041 ἐξ
3517 4978 3708 5030 αὐτῶν

2125 5077 2376 5145 δείξομεν
2405 5073 2513 5126 τῶν
2566 5073 2658 5127 τοῦ
2684 5071 3020 5140 Εὑαγγελίου
3044 5072 3328 5140 ῥημάτων.
3372 5071 3560 5123 Εἰπὼν
3592 5071 3705 5142 γὰρ

2128 5168 2257 5237 περὶ
2288 5165 2392 5219 τῶν
2425 5163 2856 5240 πιστευσάντων,
2893 5162 2976 5214 ὅτι
3011 5163 3092 5213 Οὐ
3120 5161 3204 5228 μή
3239 5178 3326 5226 τις
3352 5160 3600 5228 ἁρπάσῃ
3627 5161 3703 5214 ἐκ

2136 5251 2247 5317 τῆς
2273 5255 2473 5318 χειρός
2504 5271 2642 5321 μου,
2676 5252 2768 5305 καὶ
2793 5254 2874 5304 ὅτι
2915 5251 2977 5302 '0
3003 5250 3206 5315 Πατὴρ
3245 5249 3311 5314 ὃς
3342 5249 3566 5302 δέδωκέ
3597 5267 3700 5317 μοι

2125 5345 2341 5415 μείζων
2374 5345 2615 5398 πάντων
2649 5345 2803 5408 ἐστὶ,
2859 5343 2953 5396 καὶ
2983 5342 3194 5406 Οὐδεὶς
3221 5342 3474 5395 δύναται
3505 5340 3700 5407 ἁρπά-

2129 5453 2233 5492 σαι
2261 5438 2332 5490 ἐκ
2363 5436 2472 5504 τῆς
2526 5438 2723 5505 χειρὸς
2775 5436 2883 5489 τοῦ
2932 5437 3162 5502 Πατρός
3190 5452 3328 5505 μου,
3363 5434 3646 5504 ἐπήγαγεν
3682 5449 3698 5464 ο

2155 5531 2288 5598 ἕνα)
2313 5529 2414 5582 καὶ
2449 5532 2482 5582 ό
2519 5529 2720 5597 Πατὴρ
2747 5527 2816 5579 ἓν
2841 5528 3050 5598 ἐσμεν,
3069 5529 3260 5596 σαφῶς
3289 5525 3384 5580 τοῦ
3406 5527 3477 5580 ἕν
3505 5527 3697 5594 ἐσμεν

2127 5623 2250 5676 ἀντὶ
2279 5620 2373 5675 τοῦ
2406 5623 2524 5678 ἴσου
2557 5623 2652 5675 καὶ
2682 5621 2882 5675 ταυτοῦ
2913 5623 3054 5676 κατά
3107 5623 3341 5694 δύναμιν
3392 5623 3688 5694 παραλαμ-

2140 5757 2158 5790 δ
2184 5758 2312 5811 Ibid.
2348 5760 2437 5820 ‘28,
2517 5759 2536 5788 '
2564 5759 2694 5813 Ibid.
2724 5759 2808 5815 9.9.
2897 5761 2917 5790 ⁸
2943 5759 3078 5814 ibid.
