4008 6208
353 381 451 444 509

1337 391 1713 451 PANOPLIA
1750 391 2203 452 DOGMATlCA.
2236 411 2302 428 ο
2335 391 2482 453 ΤΙΤ.
2518 393 2622 454 XL

3506 391 3610 457 510

354 489 666 559 (ῥαιομένου.
703 492 971 547 Λείπεται
992 493 1173 550 τοίνυν
1200 500 1344 551 κατὰ
1370 501 1461 551 τὶν
1497 501 1596 566 τῆς
1627 501 1811 563 αἰτίας
1837 499 1918 552 λό-

2037 502 2182 570 pium
2222 502 2402 564 habet,
2438 502 2641 556 idcirco
2673 502 2852 565 Pater,
2884 511 2939 556 ut
2969 516 3134 555 causa
3168 511 3223 556 et
3251 500 3606 572 principium,

352 601 442 651 γον
470 584 711 637 ἐνταῦθα
739 587 798 638 τὸ
834 588 1023 656 μεῖζον
1046 589 1327 656 λέγεσθαι.
1380 590 1601 661 Ἐπειδὴ
1643 594 1752 661 γὰρ
1779 592 1930 660 παρὰ

356 675 443 727 τοῦ
478 677 695 744 [ἰατρὸς
724 680 756 747 ἡ
783 679 926 746 ἀρχὴ
960 679 1038 746 τῷ
1068 679 1202 749 Υίῷ,
1255 684 1399 733 κατὰ
1459 684 1618 733 τοῦτο
1668 681 1873 751 μείζων
1901 685 1928 734 6

355 768 558 839 Πατὴρ,
597 770 671 830 ὼς
705 772 910 833 αίτιος,
956 755 1052 824 κάκ
1091 773 1254 842 ἀρχή.
1287 775 1388 826 Διὸ
1426 777 1517 825 καὶ
1549 776 1574 826 ὁ
1607 774 1809 844 Κύριος
1839 775 1928 827 οὐ⁸

721 879 732 891 ·
775 860 830 913 ’0
860 862 1062 929 Πατήρ
1081 882 1201 930 μου
1223 865 1436 932 peltam
1460 869 1577 934 μού
1609 867 1760 925 ἐστὶ,
1796 867 1929 918 καθό

354 952 535 1020 Πατὴρ
603 953 869 1019 δηλονότι.
909 955 982 1004 Τὸ
1011 955 1064 1006 δὲ
1094 957 1280 1024 Πατὴρ
1311 959 1359 1006 τί
1390 957 1516 1008 ἄλλο
1553 958 1837 1024 σημαίνει,
1870 958 1902 1027 ἢ

351 1044 582 1096 rostri-1.
631 1041 888 1096 εἶναικαὶ
927 1047 1067 1114 ἀρχὴ
1094 1047 1186 1098 τοῦ
1230 1048 1289 1109 ἐξ
1330 1047 1493 1099 αὐτοῦ
1537 1050 1927 1117 γεννηθέντοςς

349 1135 537 1187 Καίτοι
568 1138 616 1186 εί
651 1139 793 1188 κατὰ
826 1138 916 1188 τὸν
955 1141 1052 1189 σὸν
1085 1138 1262 1204 λόγον,
1290 1133 1333 1190 ὦ
1365 1141 1591 1207 Εὐνόμιε
1617 1183 1631 1204 ,
1662 1141 1723 1193 τὸ
1764 1141 1928 1206 ἀγέν-

352 879 453 922 τως
513 859 636 912 εἶπε
647 881 673 912 ν

349 1247 503 1296 νητον
531 1231 692 1282 οὐσία
729 1228 816 1300 ἦν,
889 1233 1149 1285 ἐϐούλετο
1209 1236 1261 1286 δὲ
1299 1236 1398 1304 τὴν
1447 1237 1565 1287 κατ’
1606 1236 1794 1287 οὐσίαν
1834 1236 1926 1287 τοῦ

350 1320 558 1389 Ματρὸς
590 1321 868 1392 ὑπεροχὴν
903 1323 1194 1386 ἐπιδείξαι,
1225 1318 1382 1376 εἶπεν
1417 1325 1504 1386 ἂν,
1539 1327 1621 1376 ὅτι
1668 1325 1724 1376 ὐ
1761 1326 1923 1392 ἀγέν-

347 1427 501 1478 vnto;
541 1411 746 1480 μείζων
781 1412 886 1481 μού
913 1415 1085 1466 ἐστίν.
1133 1414 1432 1484 ’Υμέτερος
1487 1414 1544 1466 δέ
1592 1419 1708 1468 ἐστι
1742 1416 1919 1484 λόγος,

2031 594 2202 662 major
2235 605 2338 645 est.
2373 595 2434 645 lit
2466 607 2749 662 propterea
2781 595 3042 648 Dominus
3083 594 3159 648 ait
3195 610 3208 646 :
3239 594 3404 648 Pater
3435 593 3610 661 major

2037 702 2118 737 me
2155 695 2230 736 est
2268 687 2307 745 ί,
2382 701 2578 753 nunpe
2615 696 2886 752 quatenus
2933 695 3016 738 est
3067 686 3245 740 Pater.
3292 685 3430 751 Quid
3461 685 3607 738 enim

2032 777 2122 830 illa
2163 792 2289 836 vox,
2327 776 2509 836 Pater,
2543 778 2691 829 aliud
2744 777 3044 846 signiﬁcat,
3077 777 3181 829 nisi
3214 777 3361 830 illum
3389 791 3607 828 causam

2031 881 2084 923 et
2114 871 2444 938 principium
2482 887 2620 934 esse,
2669 887 2733 924 ex
2765 887 2873 939 quo
2907 871 3126 941 genitus
3157 871 3275 935 ipse
3301 870 3419 923 sit?
3450 870 3606 934 Quod

2031 962 2098 1025 si,
2132 961 2592 1029 quemadmodum
2633 964 2746 1029 ipse
2770 962 2960 1026 sentis,
2996 961 3225 1014 Eunomi
3251 1001 3265 1024 ,
3333 959 3607 1028 ingenitus

2030 1052 2269 1106 essentia
2311 1061 2415 1112 est,
2448 1066 2570 1103 cum
2610 1051 2768 1104 vellet
2812 1050 3028 1104 Patrem
3059 1052 3299 1104 essentia
3339 1050 3604 1118 majorem

2030 1143 2294 1204 indicare,
2322 1142 2548 1195 dixisset
2579 1144 2642 1194 ad
2681 1143 2824 1195 hunc
2855 1142 3100 1206 modum,
3125 1142 3399 1207 ingenitus
3434 1141 3607 1205 major

2034 1248 2119 1285 me
2153 1243 2253 1286 est.
2279 1232 2419 1296 Quid
2439 1248 2545 1298 quo
2578 1235 2848 1300 sapientia
2883 1243 3061 1286 vestra
3095 1233 3276 1297 docet,
3310 1233 3604 1284 essentiam

2027 1323 2276 1397 essentia.
2298 1324 2592 1391 majorem,
2624 1332 2718 1374 aut
2754 1323 3016 1374 minorem
3051 1337 3157 1373 non
3211 1320 3358 1374 dici?
3407 1320 3608 1384 Quam-

2027 1417 2214 1470 obrem
2254 1416 2357 1470 hoc
2381 1417 2499 1469 loco
2547 1432 2655 1470 non
2689 1417 2756 1468 de
2797 1415 3032 1468 eSst-ntia
3071 1415 3246 1483 majus
3277 1414 3478 1466 dictum
3501 1417 3606 1466 est.

345 1505 603 1572 ὅτιὴτοῦ
635 1508 850 1577 Πατρὸς
909 1507 1255 1578 προσηγορία
1301 1509 1585 1576 ἐνεργείας
1640 1509 1780 1571 ἐστι,
1849 1508 1946 1560 καὶ⁸
1983 1511 2085 1562 οὐκ
2139 1507 2324 1569 οὐσίας
2375 1510 2710 1578 σημαντικὴ.
2746 1509 2854 1560 Καὶ
2874 1509 3047 1570 ἄλλως
3083 1507 3138 1558 δὲ
3195 1507 3355 1558 οὐσία
3417 1505 3608 1556 οὐσίας

347 1599 484 1648 κατὰ
521 1598 620 1666 τὴν
671 1599 947 1670 ὑμετέραν
981 1601 1176 1668 σοφίαν
1205 1599 1265 1652 τὸ
1306 1598 1497 1669 μεῖζον
1562 1602 1656 1654 καὶ
1718 1601 1941 1656 ἔλαττον
1981 1603 2082 1654 οὐκ
2140 1602 2470 1671 ἐπιδέχεται,
2515 1601 2655 1654 ὥστε
2719 1602 2779 1654 τὸ
2817 1602 3003 1671 μεῖζον
3059 1602 3121 1654 οὐ
3182 1603 3305 1655 κατ’
3357 1601 3546 1654 οὐσίαν
3581 1601 3609 1649 6

345 1695 708 1766 προκείμενος
737 1693 966 1764 ἐνέφηνε
995 1694 1174 1761 λόγος.

352 1794 462 1849 Τοῦ
487 1794 682 1848 αὑτοῦ
715 1793 784 1846 ἐκ
821 1795 931 1848 τοῦ
963 1796 1024 1860 ,β’
1068 1797 1258 1865 ,λόγου
1292 1795 1413 1850 τῶν
1448 1789 1918 1862 Ἀντιῤῥητικῶν.

2127 1789 2380 1858 Ejusdem
2408 1807 2473 1844 ex
2493 1792 2720 1846 secundo
2743 1791 2878 1846 libro
2907 1792 3156 1846 adversus
3185 1789 3534 1844 Eunomium.

426 1887 551 1938 Ἐπὶ
575 1886 681 1956 μὲν
709 1887 808 1954 τῆς
823 1887 1054 1951 κτίσεως
1091 1888 1324 1958 εὕρομεν
1351 1888 1461 1941 ἀπὸ
1489 1887 1584 1939 τοῦ
1633 1883 1927 1948 Ἐποίησε

343 1979 446 2048 τὴν
480 1979 579 2031 τοῦ
633 1979 942 2048 ποιήματος
998 1982 1377 2050 προσηγορίαν
1425 1977 1874 2050 καταληφθεῖσαν
1905 1991 1920 2005 ⁸

342 2072 434 2120 ἐπὶ
469 2067 528 2121 δὲ
562 2066 660 2120 τοῦ
695 2068 825 2120 Υίοῦ
871 2068 965 2121 τοῦ
993 2067 1128 2120 Θεοῦ
1161 2071 1260 2122 οὐκ
1304 2069 1386 2138 ἔτι
1411 2087 1425 2102 ο
1469 2071 1565 2120 Ἐν
1603 2067 1762 2138 ἀρχῇ
1794 2069 1922 2136 γὰρ,

343 2161 534 2228 φησὶνν
579 2159 871 2226 ἐποίησεν
909 2163 942 2214 δ
995 2163 1140 2227 Θεὸς
1192 2165 1302 2215 τεν
1341 2161 1605 2230 οὐρανὸν
1657 2161 1757 2214 καί
1810 2159 1927 2228 τὴν

343 2253 462 2320 γῆν
482 2267 497 2281 ·
537 2255 632 2305 καὶ
664 2253 830 2306 πάλιν
863 2270 877 2283 ο
927 2255 1029 2308 Ἐν
1085 2259 1377 2323 ποιήμασι
1407 2255 1524 2328 τῷν
1559 2253 1775 2323 χειρῶν
1805 2269 1924 2308 σου

340 2344 650 2410 ἐμελέτων
671 2361 683 2373 ο
722 2347 819 2396 καὶ
850 2345 1012 2398 πάλιν
1038 2359 1052 2373 ο
1096 2346 1170 2399 Ib
1200 2347 1310 2413 γὰρ
1338 2347 1564 2415 ἀόρατα
1592 2347 1779 2399 αὑτοῦ
1806 2347 1926 2400 ἀπὸ

343 2439 602 2499 κτίσεως
631 2437 868 2504 κόσμου
911 2434 1040 2501 τοῖς
1084 2435 1379 2504 ποιήμασι
1428 2437 1731 2506 νοούμενα
1780 2442 1926 2492 καθ-

342 2531 579 2599 ορᾶται.
639 2531 828 2600 Οὕτως
895 2533 983 2603 ἐφ’
1033 2525 1108 2587 ὧν
1173 2537 1293 2588 ἐστι
1325 2536 1600 2605 χρήσιμον
1648 2537 1710 2588 τὸ
1751 2536 1924 2605 ὄνομα

343 2624 856 2696 παραλαμδανουσα
883 2627 917 2695 ἡ
950 2626 1165 2695 Ρραφὴ,
1195 2628 1289 2679 επὶ
1314 2627 1410 2679 τοῦ
1445 2629 1652 2698 Κυρίου
1680 2627 1775 2680 καὶ
1809 2628 1922 2680 Σω-

341 2719 508 2786 τῆρος
539 2715 696 2786 ἡμῶν
731 2715 908 2786 Ἰησοῦ
932 2718 1172 2788 Χριστοῦ
1208 2719 1283 2782 ὡς
1310 2721 1521 2788 πρέπον
1542 2719 1617 2789 τῷ
1649 2720 1923 2790 μεγαλείῳ

337 2809 443 2876 τῆς
477 2809 642 2878 δόξης
669 2810 1092 2879 παρεσιὼπησε.
1126 2811 1240 2862 Νῦν
1281 2810 1337 2862 δὲ
1383 2810 1573 2882 ἀξίνην
1647 2813 1768 2879 μὲν,
1828 2815 1923 2865 καὶ

339 2903 492 2954 λίθον
525 2903 954 2970 ἁκρογωνιαῖον,
1006 2902 1100 2954 καὶ
1146 2902 1294 2955 λίθον
1333 2904 1784 2972 προσκόμματος,
1830 2905 1923 2956 καὶ

341 2997 558 3062 πέτραν
613 2993 938 3055 σκανδάλου,
987 2995 1083 3046 καὶ
1125 2993 1356 3048 τοιαῦτα
1413 2995 1598 3065 ἔτερα,
1638 2998 1696 3046 ὲν
1730 2990 1812 3058 οἷς
1859 2997 1920 3049 οὐ

340 3088 479 3140 πολὺ
513 3087 745 3141 δοκεῖτὸ
766 3085 1016 3156 εὔφημον
1048 3082 1188 3139 εἶναι
1215 3090 1328 3150 τοῖς
1357 3089 1433 3158 μὴ
1468 3088 1922 3158 καθικνουμένοις

340 3180 439 3245 τῆς
473 3179 753 3248 σημασίας
787 3179 894 3230 τῶν
930 3179 1237 3247 ὀνομάτων,
1268 3181 1359 3234 τὸν
1393 3179 1598 3249 Κύριον
1633 3182 1731 3250 τῆς
1761 3181 1920 3251 δόξης

341 3270 784 3340 προσαγορεύειν
832 3271 933 3324 οὐκ
965 3272 1378 3340 ἐπαισχύνεται.
1417 3273 1635 3342 ποίημα
1678 3273 1733 3326 δὲ
1760 3275 1921 3328 οὐδα-

347 3363 454 3429 μοῦ
514 3364 578 3416 τὸ
627 3364 893 3434 παράπαν
935 3364 1211 3434 ὠνόμασε.
1257 3365 1450 3419 Καίτοι
1485 3383 1547 3434 γε
1601 3361 1756 3431 οὗτος
1789 3368 1920 3440 παρ’

335 3456 530 3510 αὐτῶν
563 3456 847 3526 εἰληφέναι
873 3455 982 3512 τῶν
1027 3456 1200 3524 ἁγίων
1244 3459 1307 3511 τὸ
1339 3459 1510 3528 ὄνομα
1537 3444 1696 3514 τόῦτό
1727 3478 1918 3532 φησιν,

338 3548 429 3598 ἱνα
461 3550 585 3608 ταῖς
635 3548 1031 3617 συκοφαντίαις
1084 3548 1158 3619 μὴ
1219 3550 1380 3618 μόνον
1425 3551 1552 3615 τοὺς
1603 3555 1725 3606 κατ’
1756 3554 1921 3608 αὐτὸν

339 3639 678 3710 περιὸᾲλλῃ,
736 3640 874 3692 ἀλλὰ
908 3643 1159 3702 καὶτοὺς
1203 3643 1374 3696 παλαι
1408 3644 1538 3696 ποτὲ
1589 3645 1920 3715 γενομένους

347 3730 564 3796 ἁγίους.
603 3730 766 3783 Ἄνευ
794 3731 849 3784 δὲ
874 3728 967 3784 τοῦ
988 3730 1065 3799 μὴ
1094 3732 1295 3802 χρῆναι
1335 3735 1426 3787 διὰ
1462 3735 1520 3786 τὸ
1568 3736 1919 3788 ἐπικίνδυνον

342 3823 453 3884 τοῖς
477 3822 744 3886 τοιούτοις
771 3824 1100 3894 ὲπιτολμᾷν,
1129 3826 1222 3878 καὶ
1247 3827 1314 3880 τὰ
1333 3827 1427 3879 τοῦ
1455 3828 1661 3898 Κυρίου
1680 3829 1920 3898 ὀνόματα

353 3912 475 3982 παρ’
515 3912 717 3968 ἑαυτοῦ
757 3917 1186 3985 μεταπλάττειν,
1258 3918 1340 3970 ἔτι
1378 3920 1499 3972 οὐδὲ
1531 3924 1563 3988 ἡ
1616 3917 1712 3973 τοῦ
1757 3921 1920 3975 Ἀπο-

349 4005 536 4058 στόλου
571 4007 786 4059 διάνοια
816 4007 916 4077 τὴν
960 4011 1069 4078 πρὸ
1097 4009 1295 4073 αἰῶνος
1337 4010 1635 4064 ὑπόστασιν
1674 4010 1772 4065 τοῦ
1801 4015 1919 4066 Μο-

347 4096 596 4164 νογενοῦς
625 4099 760 4168 ἡμῖν
800 4101 1124 4170 παρίστησι,
1159 4101 1288 4172 περὶ
1343 4096 1410 4173 ἦς
1442 4104 1573 4172 ἡμῖν
1603 4103 1632 4156 6
1658 4105 1817 4172 λόγος
1858 4107 1915 4158 ἐν

343 4193 416 4262 τῷ
451 4196 707 4264 παρόντι.
743 4193 875 4246 Οὐδὲ
934 4194 1044 4264 γὰρ
1098 4198 1228 4264 περὶ
1265 4196 1364 4264 τῆς
1392 4197 1582 4261 οὐσίας
1617 4199 1787 4268 αὐτῆς
1820 4203 1914 4253 τοῦ

341 4283 471 4336 Θεοῦ
513 4285 694 4351 Λόγου
738 4283 832 4336 τοῦ
861 4285 918 4337 ὲν
954 4289 1092 4355 ἀρχῇ
1121 4287 1274 4349 ὄντος
1311 4289 1446 4358 πρὸς
1473 4293 1564 4341 τὸν
1595 4292 1750 4358 Θεὸν,
1780 4293 1917 4346 ἀλλὰ

341 4375 590 4444 περὶτοῦ
634 4375 977 4440 κενώσαντος
1006 4378 1201 4432 ἑαυτὸν
1233 4381 1289 4431 ἐν
1320 4383 1383 4449 τῇ
1417 4381 1509 4432 τοῦ
1540 4383 1732 4435 δούλου
1777 4401 1915 4453 μορ-

2107 1880 2493 1954 Comperimus
2571 1900 2660 1941 res
2715 1893 3032 1956 procreatas
3088 1899 3120 1938 a
3191 1883 3359 1937 verbo
3433 1880 3608 1944 Fecit,

2030 1972 2454 2042 appellationem
2488 1975 2758 2044 accipere,
2793 1985 2850 2029 ut
2883 1976 3039 2030 factae
3077 1975 3357 2039 dicantur,
3395 1986 3450 2030 et
3473 1988 3608 2042 epe-

2032 2081 2090 2118 ra
2121 2073 2408 2127 vocentur,
2461 2067 2511 2121 id
2571 2066 2723 2136 quod
2776 2083 2886 2122 non
2920 2068 3062 2122 cadit
3116 2068 3168 2121 in
3211 2067 3406 2120 Filium
3467 2066 3608 2119 llei:

2028 2155 2092 2209 In
2113 2158 2369 2223 principio
2391 2157 2551 2219 enim,
2597 2157 2792 2225 inquit,
2829 2159 2946 2228 fecit
3011 2158 3156 2212 Deus
3200 2158 3385 2210 caelum
3417 2167 3465 2208 et
3507 2167 3611 2209 ter-

2029 2266 2143 2302 ram
2169 2253 2210 2302 ².
2246 2250 2311 2304 Et
2345 2250 2440 2304 ειη
2465 2253 2706 2320 operibus
2734 2268 2982 2304 manuum
3002 2261 3212 2304 tuarum
3248 2251 3542 2304 meditabar
3565 2250 3606 2306 ⁸.

2030 2342 2099 2396 Ει
2135 2340 2468 2396 :Irwist’bilia
2504 2345 2666 2410 ipsius
2693 2360 2725 2396 a
2754 2353 2999 2396 creatura
3043 2343 3220 2397 mundi
3253 2359 3345 2410 per
3372 2359 3456 2406 ea,
3491 2357 3608 2412 quia

2027 2443 2171 2504 facta
2203 2445 2322 2490 sunt
2352 2435 2612 2489 intellecta
2641 2427 3036 2506 conspiéiuutur
3055 2435 3094 2488 δ.
3129 2437 3414 2505 Scriptura
3443 2435 3606 2505 igitur

2031 2528 2129 2580 hac
2158 2542 2292 2581 voce
2320 2537 2503 2593 utens,
2541 2529 2630 2583 ubi
2666 2539 2782 2582 erat
2813 2529 2964 2583 utilis
2995 2539 3050 2583 et
3079 2529 3410 2592 necessaria,
3474 2542 3597 2581 eam

2027 2621 2095 2674 de
2146 2620 2372 2674 Domino
2429 2630 2484 2675 et
2529 2621 2817 2676 Servatore
2878 2632 3066 2675 nostro
3111 2621 3240 2675 .Iesu
3273 2621 3495 2676 Chrile
3525 2620 3606 2674 lo-

2027 2726 2224 2780 quens,
2259 2720 2315 2765 ut
2343 2709 2463 2780 ejus
2487 2713 2668 2781 gloria:
2691 2713 3049 2781 magnitudini
3079 2713 3261 2766 mitius
3292 2727 3604 2780 congruen-

2027 2813 2136 2858 tem
2170 2821 2449 2875 nunquam
2500 2805 2898 2874 pronuntiavit.
2946 2805 3082 2859 Cum
3130 2815 3308 2858 tamen
3357 2818 3409 2858 et
3439 2820 3601 2860 secu-

2027 2897 2150 2958 rim,
2187 2907 2238 2950 et
2271 2897 2508 2967 lapidein
2534 2899 2872 2968 angularem.
2904 2908 2958 2952 et
2989 2899 3222 2966 lapidem
3258 2899 3598 2964 oﬁ'ensionis,

2027 2997 2082 3042 et
2123 3000 2331 3058 petram
2374 2989 2645 3051 scandali,
2681 2999 2737 3044 et
2784 2991 2904 3044 aliis
2935 2991 3207 3058 ejusmodi
3259 2991 3600 3058 nominibus,

2028 3083 2083 3137 in
2113 3083 2312 3154 quibus
2341 3099 2446 3136 non
2486 3084 2718 3136 multum
2751 3082 2931 3137 inesse
2965 3082 3141 3136 laudis
3169 3081 3490 3136 existimant
3523 3081 3600 3137 illi

2026 3175 2118 3245 qui
2158 3175 2224 3230 ad
2262 3175 2510 3229 intimam
2551 3190 2748 3229 eorum
2783 3175 3236 3246 signiﬁrationem
3265 3191 3373 3229 non
3413 3191 3605 3244 perve-

2026 3268 2208 3331 niunt,
2257 3267 2535 3336 appellare
2581 3267 2875 3321 Dominum
2911 3267 3094 3337 gloria:
3135 3282 3243 3321 non
3291 3258 3597 3323 erubuerit.

2028 3362 2166 3415 Eum
2213 3377 2345 3415 vero
2371 3377 2650 3431 nunquam
2694 3361 2921 3415 onmiuo
2958 3364 3172 3415 vocavit
3206 3376 3369 3431 opus.
3439 3361 3597 3427 Quod

2026 3464 2209 3510 tamen
2263 3471 2466 3510 nomen
2533 3455 2638 3509 iste
2687 3454 2819 3509 dicit
2882 3469 2997 3508 sea
3043 3454 3253 3509 sanctis
3281 3455 3600 3510 hominibus

2026 3549 2320 3617 accepisse,
2361 3557 2419 3601 ut
2454 3563 2564 3601 non
2597 3563 2709 3602 sua;
2737 3556 2946 3601 tantum
2989 3548 3184 3610 aetatis,
3217 3548 3312 3602 sed
3341 3549 3600 3618 superio-

2026 3655 2146 3692 rum
2191 3640 2358 3693 etiam
2387 3640 2538 3693 viros
2587 3649 2812 3694 sanctos
2867 3640 3158 3696 calumniis
3195 3641 3461 3696 involvat.
3524 3641 3600 3698 Ac

2024 3740 2389 3799 praeterquam
2419 3730 2563 3798 quod
2607 3731 2918 3798 periculosa
2960 3745 3049 3784 res
3093 3732 3297 3786 audere
3326 3733 3596 3802 ejusmodi

2025 3824 2309 3878 vocabulis
2350 3824 2448 3886 uti,
2481 3834 2538 3877 et
2569 3823 2784 3876 Domini
2840 3825 3061 3876 nomina
3095 3824 3297 3894 ﬁngere
3327 3826 3594 3880 arbitratu

2021 3931 2142 3980 suo,
2189 3931 2258 3969 ne
2291 3914 2552 3984 Apostolo
2592 3915 2810 3984 quidem
2839 3915 3179 3985 propositum
3221 3927 3326 3981 est,
3363 3927 3421 3971 ut
3466 3915 3598 3972 Uni-

2021 4007 2186 4077 geniti
2206 4016 2480 4068 naturam,
2501 4005 2567 4059 de
2592 4019 2696 4073 qua
2723 4004 2776 4057 in
2804 4007 3084 4073 praesentia
3108 4003 3403 4076 loquimur,
3437 4008 3598 4062 nobis

2021 4099 2273 4167 explicet.
2309 4096 2425 4151 Non
2451 4097 2596 4151 enim
2627 4096 2695 4151 de
2726 4096 2885 4151 Verbi
2929 4097 3173 4152 essentia
3233 4098 3287 4152 in
3320 4101 3594 4172 principio

2022 4191 2165 4260 apud
2199 4191 2368 4246 Deum
2405 4190 2726 4245 exsistentis
2767 4191 2930 4246 verba
2975 4192 3124 4259 facit,
3162 4193 3257 4248 sed
3289 4195 3356 4249 de
3388 4195 3502 4259 illo,
3536 4205 3596 4250 ut

2021 4285 2376 4352 semetipsum
2407 4283 2726 4347 exinanivil,
2779 4292 2839 4337 ut
2887 4284 3030 4338 servi
3079 4283 3309 4339 formam
3360 4284 3593 4354 accepit,

2022 4389 2081 4431 ut
2114 4378 2360 4445 corporis
2398 4378 2570 4430 nosui
2601 4376 3011 4432 similitudinem
3046 4377 3364 4432 humilitatis
3393 4379 3594 4442 induit,

340 4470 436 4537 φῇ,
469 4471 566 4520 καὶ
601 4469 897 4537 γενομένου
957 4471 1287 4542 συμμόρφου
1320 4473 1400 4541 τῷ
1432 4472 1647 4544 σώματι
1679 4477 1776 4545 τῆς
1817 4496 1915 4531 τα,

2025 4479 2075 4522 et
2123 4484 2188 4520 ex
2231 4469 2547 4522 inﬁrmitate
2587 4469 2765 4523 crucis
2811 4479 3038 4524 mortem
3069 4472 3335 4526 susunuit
3363 4512 3377 4538 ,
3407 4483 3597 4541 aperte

341 4565 662 4624 πεινώσεως
713 4562 893 4631 ἡμῶν,
927 4564 1023 4615 καὶ
1072 4567 1481 4634 σταυρωθέντος
1532 4569 1592 4632 ἐξ
1625 4571 1911 4635 ἀσθενείας

339 4653 527 4718 σαφῶς
558 4650 1016 4718 διαλέγεται.Καὶ
1038 4654 1197 4708 τοῦτο
1223 4659 1385 4709 παντὶ
1413 4660 1690 4730 γνώριμον
1724 4661 1801 4729 τῷ
1821 4666 1914 4717 καὶ

338 4745 540 4812 μικρὸν
605 4743 970 4812 ὲπιστήσαντι
1034 4747 1134 4814 τῆς
1174 4749 1543 4820 ἁποστολικῆς
1589 4753 1788 4817 λέξεως
1829 4755 1910 4826 τῷ

336 4836 667 4906 βουλήματι,
711 4837 792 4888 ὅτι
853 4839 976 4906 οὐχὶ
1039 4838 1318 4908 θεολογίας
1385 4845 1518 4912 ἡμῖν
1575 4847 1913 4912 παραδίδωσι

331 4927 560 4996 τρόπον,
593 4925 732 4979 ἀλλὰ
758 4930 884 4989 τοὺς
902 4927 1001 4997 τῆς
1032 4933 1347 5000 οἰκονομίας
1375 4935 1565 5001 λόγους
1585 4939 1910 5007 παραδηλοῖ·

331 5021 560 5084 Κύριον
589 5021 724 5086 γὰρ,
756 5021 945 5088 φησὶν,
986 5023 1192 5086 αὐτὸν,
1257 5028 1352 5076 καὶ
1413 5028 1672 5093 Χριστὸν
1703 5035 1734 5084 ὀ
1769 5032 1914 5098 Θεὸς

333 5111 596 5172 ἐποίησε
627 5111 849 5165 τοῦτον
880 5114 987 5168 τὸν
1030 5115 1282 5183 Ἰησοῦν,
1315 5117 1386 5170 ὃν
1409 5121 1576 5188 ὑμεῖς
1613 5123 1914 5190 ἐσταυρώ-

335 5219 512 5264 σατε,
558 5207 626 5274 τῇ
687 5205 935 5275 δεικτικῇ
973 5211 1124 5278 φωνῇ
1174 5209 1308 5278 πρὶς
1334 5211 1395 5262 τὸ
1427 5213 1769 5282 ἀνθρώπινον
1817 5221 1915 5271 αὐ·

328 5295 450 5358 τοῦ,
513 5299 609 5348 καὶ
667 5296 945 5365 ὁρώμενον
967 5300 1102 5353 πᾶσι
1154 5301 1436 5371 προδήλως
1467 5306 1911 5379 ἐπερειδόμενος.

343 5386 408 5440 ’0
437 5387 494 5442 δὲ
523 5390 623 5455 τὴν
649 5390 904 5457 ἐποίησε
937 5392 1122 5462 φωνὴν
1148 5396 1231 5456 εἰς
1259 5395 1358 5464 τὴν
1383 5397 1624 5468 ἀρχῆθεν
1656 5403 1912 5471 γέννησιν

335 5480 435 5531 τοῦ
472 5481 818 5549 Μονογενοῦς
849 5483 1178 5556 μεταφέρει,
1223 5486 1320 5540 καὶ
1349 5489 1474 5542 οὐδὲ
1510 5492 1690 5546 ἐκεῖνο
1743 5495 1910 5549 αὐτὸν

330 5572 596 5640 δυσωπεῖ,
630 5576 714 5628 ὅτι
742 5575 806 5627 τὸ
845 5575 1052 5648 Κύριος
1071 5579 1196 5649 οὐχὶ
1234 5581 1424 5645 οὐσίας
1453 5585 1627 5650 ἐστὶν,
1676 5587 1796 5640 ἀλλ’
1823 5588 1913 5654 εξ-

330 5666 527 5728 ουσὶας
578 5667 776 5736 ὄνομα.
803 5668 970 5722 Ὥστε
1016 5672 1046 5724 6
1101 5670 1298 5740 εἰπὼν,
1325 5674 1548 5744 Κύριον
1583 5678 1772 5733 αὑτὸν
1809 5683 1908 5736 καί

413 5802 427 5831 ¹
467 5799 626 5856 Joan.
689 5817 799 5867 xiv,
849 5801 941 5858 28.
1020 5807 1040 5838 ²
1094 5805 1234 5865 Gen.
1297 5826 1336 5877 t,
1378 5810 1428 5865 l.

1509 5814 1530 5845 ³
1557 5812 1702 5870 Psal.
1733 5833 1974 5886 cxxxxu,
2009 5819 2063 5877 5.

2017 4560 2256 4615 disserit.
2303 4560 2458 4625 Quod
2502 4570 2685 4615 autem
2714 4577 2822 4616 non
2863 4562 3061 4618 divinze
3098 4566 3244 4620 illius
3273 4574 3482 4620 natura:
3511 4581 3568 4618 ra

2021 4652 2223 4705 tionem
2255 4652 2415 4706 nobis
2443 4653 2638 4717 tradat,
2676 4653 2773 4708 sed
2829 4655 3205 4725 diSpositionis
3253 4660 3374 4724 ejus
3409 4657 3592 4711 consio

2019 4743 2154 4797 lium
2195 4745 2475 4808 ostendat,
2526 4748 2881 4816 perspicuum
2926 4758 3009 4802 est
3060 4750 3315 4803 omnibus
3347 4749 3438 4816 qui
3493 4763 3594 4818 pa-

2020 4852 2242 4905 rumper
2289 4839 2560 4893 orationis
2595 4841 2913 4908 apostolicae
2963 4843 3290 4894 sententiam
3342 4851 3588 4896 norunt:

2017 4927 2302 4982 Dominum
2355 4934 2514 4992 enim,
2565 4932 2763 5000 inquit,
2817 4933 2987 5000 ipsum
3049 4932 3386 4986 etChrismm
3453 4932 3590 4986 Deus

2018 5023 2159 5092 fecit,
2205 5023 2340 5076 hunc
2381 5022 2588 5085 Iesum,
2639 5040 2790 5092 quem
2839 5025 3367 5092 vos.cruciﬁxistis'.
3421 5025 3480 5079 ln
3526 5041 3590 5082 ea

2021 5131 2176 5179 voce,
2222 5130 2342 5184 quae
2373 5117 2723 5186 perspicuam
2772 5118 2945 5186 ipsius
2980 5117 3379 5171 humanitatem
3410 5117 3593 5172 omni-

2022 5208 2124 5261 hus
2183 5208 2472 5277 signiﬁcat,
2512 5210 2854 5264 immoratur.
2916 5209 2983 5265 At
3015 5211 3118 5264 iste
3149 5209 3377 5264 verbum
3424 5209 3583 5278 illud,

2020 5299 2162 5366 fecit.
2221 5298 2289 5352 ad
2335 5307 2517 5353 ortum
2573 5300 2726 5354 illum
2775 5301 3008 5370 primum
3055 5301 3334 5372 Unigenitl
3389 5301 3582 5359 refert.

2019 5390 2206 5459 Neque
2228 5391 2470 5446 deterret
2499 5407 2624 5447 eum
2654 5408 2716 5447 ea
2745 5408 2870 5455 vox,
2909 5394 3184 5458 Dominus,
3216 5409 3339 5464 qua:
3364 5407 3472 5448 non
3499 5409 3593 5450 es-

2019 5482 2251 5536 sentiam
2279 5483 2504 5548 indicat,
2539 5485 2633 5539 sed
2675 5493 3021 5554 potestatem.
3053 5486 3232 5551 Quare
3275 5485 3588 5554 Dominum,

2018 5571 2293 5640 inquiens,
2320 5573 2498 5642 ipsum
2520 5584 2575 5627 et
2595 5576 2872 5628 Christum
2898 5575 3040 5631 Deus
3056 5576 3203 5643 fecit,
3228 5578 3593 5649 principatum

2019 5674 2457 5736 potestatemque
2505 5667 2586 5720 illi
2619 5666 2673 5721 in
2708 5681 2900 5722 omnes
2929 5684 2959 5722 a
2994 5669 3154 5725 Patre
3194 5670 3374 5727 datam
3410 5672 3594 5728 decla-

2142 5822 2162 5854 ⁸
2194 5821 2352 5879 Rom.
2377 5838 2412 5896 ι,
2446 5823 2538 5878 εο.
2645 5826 2667 5857 ⁸
2695 5827 2814 5883 Act.
2848 5840 2909 5892 ιι,
2939 5825 3040 5901 36..
