4094 6204
419 309 519 372 511

1691 292 2064 355 EUTHYMH
2110 292 2470 351 ZIGABENI

3566 287 3673 351 5.2

413 432 517 483 rat,
576 434 685 473 non
746 425 930 469 autem
1002 407 1299 466 exsistendi
1359 405 1670 459 facultatem
1736 402 1983 471 exponit.

2097 399 2349 466 Χριστὸν
2385 401 2416 450 ό
2447 398 2593 460 Θεὲς
2635 396 2907 464 ἐποίησε,
2942 398 3041 465 τὴν
3075 397 3215 449 κατὰ
3242 395 3460 449 πάντων
3491 397 3672 466 ἀρχὴν

411 513 615 570 Verum
643 511 758 564 haec
786 506 948 578 paulo
971 511 1094 574 post
1113 496 1634 561 demonstrabimus,
1660 510 1783 549 cum
1809 496 1988 563 ipsum

415 614 607 660 contra
639 602 882 670 Spiritus
928 595 1261 651 voluntatem
1292 589 1443 642 abuti
1497 588 1797 657 Scriptum
1833 587 1991 641 testi-

418 695 617 749 moniis
653 690 1026 746 ostendemus.
1057 683 1217 735 Nunc
1263 681 1315 733 in
1363 680 1429 732 iis
1452 696 1570 748 qua:
1604 679 1852 732 instituto
1882 694 1994 731 ser-

418 786 564 839 moni
616 783 913 849 ceujuncta
964 782 1112 835 sunt,
1148 771 1581 841 progrediamur.
1639 769 1779 834 Quid
1830 769 1993 837 igitur

418 876 518 929 sibi
567 873 680 923 vult
729 872 829 923 hoc
869 864 1220 926 vocabulum,
1251 872 1345 914 aut
1380 876 1480 915 cur
1514 863 1758 914 omnium
1810 876 1991 913 rerum

416 965 729 1017 effectorem
779 959 881 1013 iste
929 956 1133 1010 factum
1189 964 1421 1009 conatur
1464 954 1782 1021 appellare?
1830 950 1991 1005 Falso

416 1063 723 1110 commento
749 1051 989 1120 seipsum
1022 1047 1181 1109 fallit,
1216 1046 1623 1113 arbitraturque
1658 1045 1820 1099 simul
1865 1060 1989 1098 cum

417 1149 701 1200 nominum
756 1141 1084 1197 diversitate
1126 1138 1383 1194 essentiae
1413 1139 1787 1192 diversitatem
1826 1154 1992 1206 appa-

418 1255 559 1290 rere.
586 1238 719 1301 Quis
746 1243 930 1288 autem
964 1233 1182 1299 sapiens
1211 1232 1278 1284 ad
1315 1232 1475 1283 iSiam
1506 1230 1732 1284 accedat
1765 1239 1993 1283 senten-

421 1332 571 1385 lium.
626 1338 684 1381 ut
736 1328 943 1388 credat,
1012 1340 1245 1394 quorum
1297 1324 1514 1377 diversa
1574 1332 1716 1378 sunt.
1745 1324 1991 1388 nomina,

418 1436 606 1471 eorum
663 1421 788 1471 item
834 1417 1135 1472 essentiam
1166 1417 1435 1471 diversam
1471 1430 1592 1470 esse
1643 1416 1996 1471 necessario?

416 1509 561 1563 Petri
628 1512 847 1579 ‘luidem
902 1518 957 1562 et
1003 1507 1159 1561 Pauli
1215 1518 1271 1561 et
1317 1507 1547 1560 aliorum
1596 1506 1817 1561 nomina
1870 1516 1996 1560 sunt

418 1604 651 1667 diversa,
711 1600 949 1655 essentia
1000 1608 1182 1654 tamen
1230 1606 1315 1653 cst
1355 1600 1602 1653 omnium
1645 1614 1773 1654 una.
1808 1598 1995 1670 Itaque

424 1710 550 1749 cum
598 1692 761 1746 rebus
791 1692 1044 1761 plurimis
1089 1692 1252 1744 iidem
1292 1692 1435 1745 inter
1467 1705 1569 1745 nos
1612 1706 1827 1752 sumus,
1868 1709 1991 1760 pro-

421 1783 746 1854 prietatibus
796 1783 996 1846 solum,
1049 1798 1171 1851 qua:
1216 1782 1267 1834 in
1296 1797 1626 1851 unoquoque
1660 1782 1997 1850 perspiciun-

423 1889 533 1937 tur,
567 1876 711 1928 inter
741 1890 844 1927 nos
878 1874 1018 1926 alius
1046 1874 1114 1926 ab
1136 1874 1243 1925 alio
1278 1874 1564 1927 distamus.
1603 1872 1782 1938 Quare
1810 1889 1929 1941 appo
1952 1874 1997 1925 l-

422 1965 655 2019 lationes
678 1979 784 2017 non
821 1964 1091 2017 essentias
1121 1963 1456 2033 signiﬁcant,
1492 1964 1585 2017 sed
1612 1964 1993 2033 proprietates,

420 2055 622 2122 quibus
647 2063 899 2121 tanquam
929 2054 1069 2105 notis
1111 2052 1437 2120 quibusdam
1470 2053 1731 2106 homines
1790 2054 1987 2123 singuli

422 2143 490 2195 ab
518 2142 643 2195 aliis
693 2141 1127 2209 distinguuntur.
1159 2139 1395 2195 Proinde
1438 2158 1559 2195 cum
1595 2140 1813 2195 Petrum
1844 2143 2001 2197 audi-

427 2248 570 2296 mus,
602 2246 711 2285 non
738 2246 803 2285 ex
833 2246 900 2285 eo
932 2232 1154 2284 nomine
1183 2231 1479 2285 essentiam
1513 2233 1632 2299 ejus
1655 2233 1838 2285 animo
1862 2248 1996 2286 con-

419 2325 653 2393 cipimus
687 2323 1019 2393 (essentiam
1053 2339 1200 2377 nunc
1223 2324 1509 2378 materiam
1558 2325 1862 2393 subiectam
1900 2341 1999 2395 ap-

423 2418 586 2488 pello,
628 2433 749 2488 quae
798 2418 948 2471 nullo
994 2427 1154 2486 pacto
1193 2418 1417 2472 nomine
1457 2419 1843 2487 exprimitur),
1904 2420 1998 2473 sed

428 2510 824 2579 proprietates,
874 2524 996 2577 qure
1042 2508 1192 2564 circa
1227 2510 1402 2579 ipsum
1444 2521 1765 2580 spectantur
1793 2510 1999 2580 cogita-

426 2616 571 2654 mus.
631 2600 824 2655 Statim
856 2597 1004 2653 enim
1034 2613 1100 2653 ex
1130 2602 1231 2655 hac
1258 2618 1388 2656 voce
1419 2600 1638 2656 Petrum
1682 2602 1834 2656 illum
1861 2602 1997 2656 Jona

423 2691 797 2762 intelligimus,
843 2708 909 2748 ex
963 2692 1280 2752 liethsuida.
1338 2694 1559 2747 fratrem
1614 2694 1997 2763 Andreagqui

423 2799 488 2837 ex
549 2785 817 2851 piscatore
866 2788 931 2841 ad
961 2802 1161 2841 munus
1202 2786 1569 2855 apostolicum
1619 2796 1846 2840 vocatus
1893 2796 1995 2851 est,

422 2874 514 2942 qui
574 2886 802 2942 propter
830 2878 1220 2931 excellentiam
1255 2877 1381 2929 ﬁdei
1436 2878 1490 2929 in
1534 2876 1717 2943 seipso
1756 2876 1998 2944 suscepit

422 2965 836 3020 aedificationem
875 2969 1155 3033 Ecclesiae,
1182 2982 1414 3037 quorum
1444 2967 1582 3020 nihil
1612 2977 1698 3021 est
1729 2968 1994 3022 essentia.

2095 492 2188 545 καὶ
2230 490 2483 553 ἐξουσίαν
2513 490 2697 555 ⁵λέγει,
2731 488 2829 559 τὴν
2862 490 3012 557 παρὰ
3040 488 3135 540 τοῦ
3162 488 3379 556 Πατρὸς
3430 489 3671 557 ἐπιτρα-

2095 584 2293 633 πείσαν
2352 579 2523 648 αὐτῷ.
2557 580 2615 631 οὐ
2665 581 2766 647 τὴν
2798 580 2878 640 εἰς
2912 578 2972 629 τὸ
3005 573 3149 631 εἷναι
3218 578 3459 647 πάροδον
3499 579 3674 632 αὐτοῦ

2098 674 2392 738 διηγεῖται.
2445 670 2631 721 Ταῦτα
2654 669 2751 737 μὲν
2776 666 2869 722 οὖν
2900 670 3099 738 μικρὸν
3132 669 3362 737 ὕστερον
3405 669 3676 731 ἐπιδείξοο

2098 779 2219 830 μεν,
2251 763 2379 813 ὅταν
2417 746 2731 828 ὲλέγχωμεν
2781 761 2947 813 αὐτὸν
3000 760 3153 830 παρὰ
3182 762 3245 812 τὸ
3279 760 3530 829 βούλημα
3570 760 3673 813 τοῦ

2098 854 2415 921 Πνεύματος
2447 853 2543 913 τὰς
2577 856 2639 903 ὲκ
2671 852 2770 921 τῆς
2797 853 3021 923 Γραφῆς
3091 854 3402 923 μαρτυρίας
3431 870 3677 921 παρατι-

2098 944 2343 1010 Οὲμενον·
2375 945 2491 996 νυνὶ
2513 944 2566 995 δὲ
2594 944 2684 994 ἐπὶ
2714 943 2783 994 τὰ
2814 943 3017 1012 συνεχῆ
3043 942 3134 995 τοῦ
3158 943 3320 1011 λόγου
3359 945 3672 1013 προΐωμεν.

2097 1035 2160 1085 Τί
2193 1034 2286 1087 οὖν
2319 1034 2471 1104 αὐτῷ
2502 1034 2756 1104 βούλεται
2783 1034 2844 1086 τὸ
2876 1034 3050 1104 ὄνομα
3082 1034 3266 1099 τοῦτο,
3324 1036 3422 1089 καὶ
3467 1035 3519 1087 τί
3555 1035 3664 1104 8i;—

2096 1143 2228 1179 ποτε
2262 1129 2472 1197 ποίημα
2496 1126 2933 1197 προσαγορεύειν
2976 1131 3068 1180 τὸν
3128 1127 3363 1198 ποιητὴν
3392 1129 3499 1180 τῶν
3529 1122 3689 1183 ὅλων

2096 1222 2395 1290 ἐπιχειρεί;
2448 1220 2753 1288 Σοφίσματι
2815 1220 3058 1290 κιϐδήλῳ
3124 1224 3674 1291 παρακρουσάμενος

2098 1314 2292 1366 ἑαυτὸν
2329 1314 2499 1365 οἴεται
2524 1317 2644 1374 ταῖς
2670 1314 2777 1366 τῶν
2801 1313 3083 1383 ὀνομάτων
3115 1313 3412 1382 διαφοραῖς
3443 1314 3539 1367 καὶ
3566 1315 3674 1385 τὴν

2098 1410 2198 1477 τῆς
2230 1409 2418 1471 οὐσίας
2444 1409 2807 1479 παραλλαγὴν
2835 1408 3318 1477 συνεκφαίνεσθαι.
3358 1410 3554 1463 Καίτοι
3579 1412 3672 1473 τίς

2100 1500 2167 1551 ἂν
2206 1499 2286 1567 τῷ
2312 1499 2455 1567 λόγῳ
2486 1500 2663 1567 τούτῳ
2689 1499 2988 1571 σωφρονῶν
3019 1500 3400 1570 προστίθοιτο;
3437 1501 3562 1555 Ὀτι
3594 1496 3675 1554 ῶν

2099 1591 2164 1641 τὰ
2185 1590 2427 1659 ὀνόματά
2451 1593 2565 1642 ἐστι
2610 1590 2866 1660 διάφορα,
2902 1590 3109 1645 τούτων
3143 1592 3533 1661 παρηλλάχθαι
3572 1595 3676 1648 καὶ

2098 1684 2193 1743 τὰς
2228 1684 2417 1744 οὐσίας
2444 1683 2682 1751 ἀνάγκη.
2727 1684 2937 1752 Πέτρου
2987 1685 3114 1752 γὰρ,
3165 1686 3261 1736 καὶ
3309 1684 3545 1760 Παύλου,
3574 1686 3676 1738 καὶ

2101 1774 2437 1837 ἁπαξαπλῶς
2492 1774 2797 1842 ἀνθρώπων
2857 1776 3078 1828 πάντων
3141 1777 3512 1845 προσηγορίαι
3570 1778 3673 1845 μὲν

2099 1869 2369 1936 διάφοροι,
2405 1868 2563 1919 οὐσία
2582 1868 2638 1919 δὲ
2675 1869 2888 1922 πάντων
2919 1871 3039 1939 μία.
3090 1873 3296 1941 Διόπερ
3325 1875 3383 1923 ὲν
3415 1874 3516 1941 μὲν
3554 1877 3674 1937 τοῖς

2098 1960 2373 2022 πλείστοις
2403 1960 2452 2011 οἱ
2492 1960 2651 2012 αὐτοὶ
2681 1961 2933 2029 ἀλλήλοις
2961 1962 3148 2030 ἐσμὲν,
3183 1967 3298 2027 τοῖς
3316 1964 3371 2016 δὲ
3406 1965 3675 2034 ίδιώμασι

2100 2051 2261 2120 μόνον
2291 2054 2407 2112 τοῖς
2449 2052 2582 2121 περὶ
2636 2049 2866 2104 ἕκαστον
2896 2052 3294 2124 θεωρουμένοις
3337 2056 3528 2127 ἕτερος
3558 2058 3678 2111 ἑτέ.

2101 2160 2196 2212 ρου
2228 2144 2642 2213 διενηνόχαμεν.
2679 2144 2848 2199 Ὅθεν
2899 2146 2995 2199 καὶ
3039 2147 3096 2199 αί
3133 2152 3508 2219 προσηγορίαι
3549 2151 3675 2223 οὐχὶ

2098 2235 2206 2287 τῶν
2234 2235 2433 2287 οὐσιῶν
2494 2236 2605 2288 είσι
2657 2239 3015 2305 σημαντικαὶ,
3064 2239 3201 2293 ἀλλὰ
3227 2242 3334 2293 τῶν
3366 2243 3671 2313 ίδιοτήτων,

2099 2328 2154 2379 αἲ
2215 2332 2301 2379 τὸν
2370 2326 2493 2380 καθ’
2555 2328 2649 2380 ἕνα
2714 2329 3245 2400 χαρακτηρίζουσιν.
3304 2335 3477 2388 Ὅταν
3537 2338 3675 2404 γοῦν

2099 2418 2421 2483 ἀκούσωμεν
2454 2419 2680 2485 Πέτρον,
2706 2422 2764 2472 οὐ
2792 2422 2893 2487 τὴν
2912 2423 3101 2475 οὐσίαν
3134 2423 3301 2476 αὑτοῦ
3338 2426 3568 2495 νοοῦμεν
3609 2432 3675 2479 ἐκ

2098 2512 2193 2563 τοῦ
2219 2512 2503 2580 ὀνόματος,
2533 2513 2722 2566 οὐσίαν
2762 2514 2818 2565 δὲ
2869 2515 3015 2583 λέγω
3058 2517 3155 2569 νῦν
3190 2519 3251 2570 τὸ
3287 2519 3473 2587 ὑλικὸν
3534 2521 3673 2574 ὑπο-

2102 2606 2375 2675 κείμενον,
2432 2608 2569 2678 ὅπερ
2601 2608 2854 2679 οὐδαμῶς
2892 2611 3149 2679 σημαίνει
3208 2613 3469 2683 τοῦνομα,
3535 2615 3677 2668 ἀλλὰ

2100 2698 2207 2749 τῶν
2243 2698 2571 2767 ἰδιωμάτων,
2609 2698 2647 2753 ἃ
2706 2702 2837 2771 περὶ
2881 2702 3048 2754 αὑτὸν
3109 2703 3424 2774 θεωρεῖται,
3449 2707 3546 2777 τὴν
3585 2708 3676 2760 εν-

2100 2806 2245 2842 νοιαν
2266 2791 2669 2858 ὲντυπούμεθα.
2700 2792 2874 2855 Εὐθὺς
2906 2794 3014 2865 γὰρ
3032 2795 3095 2848 ὲκ
3119 2795 3218 2864 τῆς
3250 2797 3436 2866 φωνῆς
3464 2800 3674 2872 ταύτης

2104 2882 2334 2949 νοοῦμεν
2399 2882 2609 2952 Πέτρον
2635 2884 2727 2936 τὸν
2764 2885 2942 2951 Ἰωνᾶ,
2994 2887 3088 2940 τὸν
3126 2891 3190 2939 ὲκ
3219 2891 3317 2957 τῆς
3371 2890 3668 2961 Βηθσαῖδᾶ,

2101 2974 2192 3027 τὸν
2225 2974 2451 3039 ἀδελφὸν
2492 2977 2767 3045 Ἀνδρέου,
2805 2979 2897 3031 τὸν
2924 2981 3035 3033 ἀπὸ
3083 2981 3280 3035 ἁλιέων
3313 2984 3393 3046 είς
3424 2985 3520 3056 τὴν
3552 2987 3675 3039 δια-

424 3057 608 3128 Itaque
637 3074 834 3113 nomen
866 3062 968 3115 hoc
1001 3062 1143 3116 Petri
1172 3060 1395 3129 quidem
1419 3059 1641 3130 ﬁguram
1669 3061 1828 3115 nobis
1849 3059 1993 3113 elﬁn-

2105 3066 2290 3118 κονίαν
2358 3068 2456 3138 τῆς
2515 3069 2823 3139 ἀποστολῆς
2860 3072 3295 3144 προσκληθέντα,
3321 3080 3411 3133 τὸν
3443 3078 3533 3133 διὰ
3575 3081 3673 3133 πί·

423 3149 522 3215 git,
561 3151 852 3205 essentiam
908 3166 1040 3205 vero
1090 3150 1417 3218 neutiquam
1480 3153 1759 3219 proponit.
1839 3150 1996 3205 Pauli

425 3227 617 3295 rursus
652 3242 841 3297 audito
875 3243 1098 3298 nomine
1127 3258 1461 3298 concursum
1493 3243 1720 3297 aliarum
1753 3243 1997 3314 proprie-

426 3340 615 3385 tatum
668 3334 1211 3404 comprehendimus,
1256 3349 1455 3404 nempe
1483 3334 1807 3390 Tarsensem
1844 3335 1996 3390 illum

424 3424 735 3487 Hebraeum,
768 3425 884 3496 lege
910 3425 1266 3491 Pharisteum,
1305 3425 1618 3481 Gamalielis
1645 3426 1994 3496 discipulum,

420 3515 513 3582 qui
543 3515 658 3568 zelo
686 3516 946 3571 incensus
992 3516 1270 3571 Ecclesias
1297 3516 1388 3571 Dei
1418 3515 1871 3585 persequebatur,
1904 3516 1995 3584 qui

422 3605 653 3660 terribili
693 3617 1000 3663 commotus
1060 3608 1176 3663 viso
1226 3608 1479 3677 pervenit
1507 3608 1577 3662 ad
1629 3607 1875 3663 veritatis
1904 3623 1999 3662 co-

419 3698 743 3766 gnitionem,
793 3708 849 3754 et
878 3700 1124 3770 gentium
1175 3701 1469 3769 Apostolus
1502 3699 1682 3754 factus
1714 3709 1823 3755 est.
1882 3699 1997 3755 Hac

421 3803 527 3845 una
588 3788 737 3843 Pauli
770 3791 1136 3860 appellatione
1194 3790 1313 3846 hac
1359 3792 1549 3845 omnia
1583 3792 1992 3847 describuntur.

420 3879 576 3945 Quod
625 3882 670 3937 si
704 3898 894 3938 verum
946 3892 1116 3947 esset,
1174 3898 1406 3951 quorum
1455 3883 1677 3939 nomina
1708 3884 1993 3949 diﬂerunt,

415 3985 514 4027 eos
543 3976 808 4045 essentias
844 3974 1045 4029 habere
1068 3973 1406 4039 differentes,
1446 3973 1667 4036 Paulus,
1697 3985 1754 4031 et
1779 3975 1993 4042 Petrus,

418 4073 476 4115 et
504 4065 685 4136 caeteri
721 4063 973 4119 homines
1005 4064 1147 4118 inter
1176 4080 1236 4118 se
1267 4065 1505 4119 essentia
1533 4064 1841 4119 diﬂ‘errent.
1888 4067 1992 4120 Sed

419 4155 603 4219 nullus
653 4164 740 4210 est
795 4156 931 4209 adeo
977 4156 1288 4225 imperitus,
1340 4167 1395 4211 et
1430 4167 1640 4211 natura:
1693 4160 1999 4215 communis

420 4244 668 4319 ignarus,
700 4247 794 4315 qui
860 4248 1066 4301 adhoc
1124 4250 1485 4302 asserendum
1541 4251 1738 4305 adduci
1799 4253 1993 4318 possit.

419 4336 603 4400 Quare
647 4346 862 4391 constat
906 4338 1224 4391 mendacem
1279 4355 1420 4404 esse,
1470 4341 1561 4410 qui
1596 4358 1660 4394 ex
1712 4342 1994 4397 nominum

2106 3172 2275 3219 στεως
2307 3158 2583 3231 ὑπεροχὴν
2626 3160 2717 3228 ὑφ’
2743 3162 2924 3233 ἑαυτῷ
2954 3164 3053 3234 τὴν
3083 3166 3376 3241 οίκοδομὴν
3407 3171 3504 3241 τῆς
3546 3173 3675 3225 Ἐκ-

2100 3248 2329 3318 κλησίας
2353 3251 2670 3322 δεξάμενον,
2705 3246 2779 3308 ὧν
2832 3256 2986 3310 οὐδέν
3016 3259 3167 3311 ἐστιν
3190 3261 3373 3318 οὐσία.
3408 3264 3572 3319 Ὥστε
3612 3267 3674 3320 τὺ

2102 3336 2275 3406 ὄνομα
2314 3340 2405 3392 τὸν
2428 3345 2761 3414 χαρακτῆρα
2794 3345 2897 3415 μὲν
2946 3349 3083 3418 ἡμῖν
3142 3350 3397 3422 ἀφορίζει
3428 3354 3523 3408 τοῦ
3562 3356 3673 3409 Πέ-

2105 3433 2466 3503 τρου,αὺτὴν
2530 3434 2587 3487 δὲ
2647 3437 2889 3506 οὐδαμοῦ
2925 3442 3225 3512 παρίστησι
3288 3443 3388 3516 τὴν
3453 3446 3670 3504 οὐσίαν.

2102 3521 2313 3575 Παῦλον
2343 3524 2675 3587 ἀκούσαντες
2721 3528 2906 3593 πάλιν,
2950 3531 3154 3601 ἐτέρων
3195 3535 3509 3605 ἰδιωμάτων
3538 3557 3675 3590 συν.

2099 3613 2305 3684 δρομὴν
2343 3617 2676 3687 ὲνοήσαμεν,
2714 3618 2805 3671 τὸν
2858 3622 3101 3691 Ταρσέα,
3146 3626 3236 3679 τὸν
3274 3628 3545 3698 Ἐσραίον,
3576 3634 3673 3687 τὸν

2101 3708 2243 3761 κατὰ
2274 3708 2437 3777 νόμον
2477 3712 2794 3781 Φαρισαῖον,
2827 3713 2920 3768 τὸν
2963 3717 3209 3788 μαθητὴν
3239 3720 3332 3773 τοῦ
3363 3722 3671 3797 Γαμαλιήλ,

2099 3800 2190 3852 τὸν
2220 3802 2363 3855 κατὰ
2386 3802 2547 3871 ζῆλον
2587 3802 2826 3875 διώκτην
2856 3808 2964 3861 τῶν
3026 3812 3197 3882 ἑκκλη
3210 3814 3338 3867 σιῶν
3367 3816 3463 3869 τοῦ
3510 3818 3668 3885 Θεοῦ,

2098 3893 2187 3946 τὸν
2207 3896 2271 3947 ὲκ
2294 3895 2392 3963 τῆς
2421 3897 2660 3967 φοϐερᾶς
2689 3900 2959 3964 ὀπτασίας
2993 3905 3075 3966 είς
3096 3907 3531 3977 τὴνηὲπίγνωσιν
3580 3913 3673 3965 ιν.

2097 3984 2351 4051 αχθέντα,
2377 3986 2468 4039 τὸν
2483 3984 2806 4043 Ἀπέστολον
2827 3990 2934 4045 τῶν
2954 3992 3141 4053 ἐθνῶν.
3164 3995 3350 4050 Ταῦτα
3367 4000 3476 4071 γὰρ
3495 4000 3675 4056 πάντα

2100 4077 2161 4129 ἐκ
2189 4079 2317 4145 μιᾶς
2336 4080 2521 4150 φωνῆς
2549 4080 2647 4150 τῆς
2684 4082 2899 4146 Παῦλος
2930 4089 3329 4157 περιορίζεται.
3368 4093 3560 4149 Καίτοι
3602 4111 3671 4164 γε

2103 4168 2155 4218 εί
2185 4167 2383 4237 ἀληθὲς
2414 4164 2500 4241 ἦν,
2522 4172 2605 4223 ὃτι
2635 4165 2733 4243 ὧν,
2756 4176 2824 4227 τὰ
2868 4174 3113 4244 ὀνόματα
3152 4179 3481 4252 διενήνοχεν,
3514 4187 3673 4241 ἐναν-

2050 4280 2053 4283 ι
2096 4256 2225 4321 τίως
2258 4260 2473 4330 ἔχουσιν
2505 4263 2560 4315 aii
2589 4263 2788 4330 οὐσίαι,
2834 4267 3004 4337 ἐχρῆν
3069 4270 3244 4339 δήπου
3298 4273 3396 4330 καὶ
3426 4276 3670 4344 Παῦλον,

2100 4354 2192 4405 καὶ
2234 4355 2463 4425 Πέτρον,
2514 4359 2608 4411 καὶ
2647 4360 2989 4428 ἁπαξαπλῶς
3049 4364 3375 4435 ἀνθρώπους
3417 4369 3674 4435 ἅπαντας

418 4426 739 4491 discrimine
769 4430 1030 4497 consequi
1061 4430 1295 4483 allirmat
1322 4433 1576 4487 essentia:
1604 4434 1992 4490 dill‘erentiant.

2100 4442 2472 4519 ἐτεροουσίους
2512 4426 2962 4521 ἁλλήλοιςήεῐναι.
3006 4426 3163 4508 Ἐπεί
3191 4458 3250 4510 δὲ
3279 4426 3441 4513 τοῦτο
3492 4426 3674 4528 οὐδεὶς

418 4519 611 4588 Neque
648 4520 796 4574 enim
839 4522 1060 4575 nomina
1100 4524 1351 4592 sequitur
1406 4541 1587 4581 rerum
1635 4538 1853 4593 natura,
1900 4528 1995 4582 sed

421 4611 736 4681 rebusipsis
772 4615 996 4669 nomina
1034 4624 1165 4669 sunt
1196 4619 1501 4685 posteriora
1532 4655 1547 4677 .
1593 4619 1834 4687 al‘oquin
1863 4635 1994 4674 eve-

419 4705 587 4768 niret,
616 4714 674 4759 ut
705 4721 936 4775 quorum
968 4708 1162 4761 eadem
1201 4719 1389 4762 essent
1422 4712 1645 4764 nomina
1671 4749 1687 4773 ,
1742 4712 1994 4766 eamdem

420 4802 721 4857 essentiam
758 4800 1048 4857 haberent.
1076 4802 1144 4857 Et
1174 4807 1430 4873 quoniam
1494 4807 1743 4862 homines
1792 4809 1996 4863 virtute

420 4892 679 4962 perfecti,
730 4893 825 4947 Dei
874 4896 1099 4950 nomine
1142 4897 1290 4967 digni
1317 4905 1443 4950 sunt
1474 4898 1667 4963 habiti,
1700 4914 1823 4953 cum
1875 4916 1995 4954 om-

418 4986 569 5041 nium
611 4985 722 5040 Deo
747 4986 931 5040 forent
956 4988 1203 5056 ejusdem
1226 4989 1499 5043 essentne.
1567 4991 1763 5045 Verum
1798 5002 1858 5047 ut
1889 4992 1996 5048 hoc

417 5079 605 5135 dicere
639 5081 801 5149 plane
834 5081 1149 5149 insipientis
1179 5090 1285 5145 est,
1348 5083 1429 5137 sic
1461 5082 1594 5137 illud
1622 5098 1872 5139 asserere
1895 5101 1991 5154 pe-

416 5173 568 5235 nitus
603 5174 807 5228 insani.
860 5172 1227 5238 Quamobrem
1273 5189 1340 5227 ex
1386 5174 1455 5228 iis
1519 5190 1640 5243 quae
1665 5175 1809 5231 dicta
1840 5186 1990 5242 sunt,

416 5273 585 5334 patet,
628 5265 942 5320 nominibus
992 5281 1102 5319 non
1144 5266 1437 5332 essentias,
1481 5268 1579 5321 sed
1625 5271 1993 5337 proprietates

416 5356 666 5413 indicari.
694 5358 1035 5427 Quapropter
1062 5357 1297 5411 orationi
1321 5374 1387 5412 ex
1430 5360 1725 5415 nominum
1762 5363 1993 5419 diversi-

417 5456 525 5511 tate
555 5454 858 5503 contrarias
885 5448 1154 5503 essentias
1180 5447 1461 5517 colligenti
1492 5452 1677 5507 nullus
1709 5462 1793 5509 est
1812 5453 1989 5507 locus.

416 5538 509 5594 Sic
534 5540 683 5597 enim
706 5541 941 5609 seipsam
969 5540 1025 5594 in
1059 5539 1250 5609 primis
1280 5542 1501 5596 evertit.
1565 5542 1623 5596 Si
1656 5544 1801 5598 enim
1846 5544 1989 5600 facta

366 5676 389 5685 -
413 5640 468 5682 et
490 5632 671 5698 genita
704 5630 847 5685 inter
874 5648 934 5686 se
978 5632 1267 5697 din‘erunt,
1301 5644 1465 5688 erunt
1492 5638 1747 5691 essentia:
1779 5636 1988 5708 linige-

416 5720 516 5773 niti
558 5721 896 5786 diderentes,
927 5739 1048 5791 quae
1087 5739 1153 5779 ex
1196 5725 1483 5780 nominum
1509 5726 1825 5781 differentia
1859 5744 1989 5783 con-

2098 4532 2271 4597 οὕτως
2295 4537 2534 4607 ἀμαθὴς,
2553 4540 2763 4611 καὶτῆς
2785 4544 2974 4614 κοινῆς
3005 4548 3671 4620 φύσεωςεὰνεπίσκεπτος,

2098 4624 2324 4719 ὤστ’-ἂν
2352 4632 2524 4683 εἰπεῖν
2582 4633 2951 4704 προαχθῆναι,
3004 4636 3207 4709 ψευδὴς
3240 4643 3266 4693 ὁ
3310 4644 3375 4712 τῇ
3425 4643 3674 4719 διαφορᾷ

2097 4716 2206 4769 τῶν
2230 4717 2511 4785 ὀνομάτων
2551 4720 2611 4774 τὸ
2673 4722 2773 4792 τῆς
2803 4725 2991 4790 οὐσίας
3024 4728 3287 4801 διάφορον
3315 4732 3549 4789 ἕπεσθαι
3579 4716 3674 4790 σολ-

2099 4811 2405 4877 φιςόμενος.
2439 4812 2511 4866 Οὐ
2535 4813 2643 4884 γὰρ
2693 4817 2805 4877 τοῖς
2824 4816 3088 4886 ὀνόμασιν
3122 4823 3153 4890 ἡ
3185 4823 3293 4876 τῶν
3323 4828 3674 4896 πραγμάτων

2097 4897 2257 4966 φύσις
2284 4900 2585 4967 ἀκολουθεῖ,
2611 4903 2725 4956 ἀλλ’
2754 4902 2957 4976 ὕστερα
2980 4908 3090 4963 τῶν
3127 4915 3474 4983 πραγμάτων
3498 4917 3673 4989 εὓρη-

2096 5007 2188 5043 ται
2216 4993 2283 5043 τὰ
2314 4992 2575 5061 ὀνόματα.
2611 4995 2676 5049 Ei
2729 4997 2839 5068 γὰρ
2886 4998 3045 5052 τοῦτο
3070 4996 3140 5072 ἦν
3172 5003 3391 5073 ἀληθὲς,
3428 5008 3536 5062 ἔδει
3573 5012 3672 5064 καὶ

2096 5075 2169 5135 ὧν
2208 5085 2262 5135 ai
2295 5087 2665 5157 προσηγορίαι
2688 5090 2826 5141 είοὶν
2842 5089 2900 5141 αί
2935 5092 3118 5158 αὑταὶ,
3152 5096 3283 5163 μίαν
3315 5097 3410 5148 καὶ
3447 5100 3547 5169 τὴν
3572 5102 3673 5154 αὑ-

2096 5175 2197 5244 τὴν
2249 5176 2439 5230 οὐσίαν
2470 5173 2633 5232 εἶναι.
2674 5181 2895 5248 οὐκοῦν
2945 5184 3135 5255 ἐπειδὴ
3187 5187 3235 5237 oi
3284 5188 3407 5240 κατ’
3465 5192 3671 5263 ἀρετὴν

2095 5268 2291 5321 τέλειοι
2322 5271 2418 5339 τῆς
2443 5270 2533 5322 τοῦ
2576 5272 2712 5325 Θεοῦ
2742 5276 3115 5345 προσηγορίας
3148 5266 3437 5349 ἠξίωνται,
3473 5274 3675 5351 ὁμοιού-

2097 5379 2199 5415 σιοι
2235 5363 2300 5415 ἂν
2328 5359 2438 5415 εἷεν
2478 5366 2552 5437 τῷ
2598 5367 2717 5438 Θεῷ
2775 5368 2886 5422 τῶν
2918 5368 3057 5439 ὅλων
3094 5374 3143 5426 oi
3169 5372 3478 5447 ἄνθρωποι.
3523 5380 3669 5436 Ἀλλ’

2095 5453 2283 5523 ὥσπερ
2318 5454 2476 5508 τοῦτο
2500 5457 2678 5524 λέγειν
2707 5461 2873 5526 μανία
2901 5465 3105 5534 σαφὴς,
3146 5465 3291 5521 οὕτω
3340 5472 3603 5535 κάκεῖνος
3638 5474 3672 5529 ὁ

2095 5549 2250 5615 λόγος
2278 5553 2377 5623 τῆς
2409 5553 2531 5621 ἴσης
2563 5556 2746 5624 ἔχεται
2774 5560 3100 5629 παρανοίας.
3120 5563 3359 5635 Φανερὸν
3388 5566 3574 5621 τοίνυν
3604 5570 3669 5623 ἐκ

2093 5642 2201 5695 τῶν
2225 5645 2558 5715 είρημένων,
2589 5648 2671 5700 ὅτι
2706 5650 2798 5701 καὶ
2830 5651 2923 5703 ἐπὶ
2951 5652 3188 5725 Πατρὸς,
3239 5659 3335 5710 καὶ
3366 5658 3496 5713 Υίοῦ
3542 5658 3667 5730 οὐχὶ

2094 5736 2283 5788 οὐσίαν
2319 5737 2616 5808 παρίστησι
2640 5742 2705 5791 τὰ
2748 5740 3011 5810 ὀνόματα,
3047 5744 3181 5801 ἀλλὰ
3217 5748 3325 5802 τῶν
3354 5750 3666 5822 ἰδιωμάτων
