4094 6204
463 313 568 374 MS

466 540 555 585 tus
581 530 733 600 pejus
764 529 965 600 elegit?
996 528 1100 582 Sed
1130 525 1336 581 recidat
1366 526 1419 579 in
1451 541 1578 581 suos
1611 540 1860 582 auctores
1896 526 2038 581 blas-

467 622 704 689 phemia.
753 620 884 674 Nam
938 625 1074 674 Deus
1125 618 1506 674 universorum
1541 619 1701 674 Pater
1734 628 1913 672 estex
1955 619 2036 671 in-

469 713 652 774 liuito,
701 727 800 765 nec
830 725 1064 779 unquam
1110 708 1270 763 Pater
1301 724 1423 765 esse
1451 712 1637 780 ctepit.
1671 709 1854 779 Neque
1891 709 2033 762 enim

466 803 717 872 potentia:
747 801 978 866 defectu,
1010 817 1076 855 nc
1102 802 1342 870 expleret
1373 803 1730 865 voluntatem,
1756 801 2034 856 detineba-

467 908 552 948 tur
583 915 594 948 :
631 907 807 961 neque
833 892 1064 946 ullorutn
1104 895 1422 948 saeculorum
1456 894 1717 948 circuitus
1750 904 2032 963 exspecta-

460 987 557 1051 vit,
591 995 648 1038 ut
674 987 815 1040 sicut
839 987 890 1039 in
927 985 1230 1040 Itoniinibus
1262 1002 1324 1038 ac
1359 987 1579 1054 reliquis
1608 986 1952 1047 animalibus,
1985 984 2031 1036 ei

461 1078 756 1146 generandi
793 1075 1051 1132 facultate
1097 1088 1216 1147 post
1257 1079 1577 1148 completam
1625 1088 1836 1131 :etatem
1880 1091 2034 1128 acce-

463 1174 646 1238 dente,
707 1172 849 1240 quod
912 1171 1127 1224 volebat
1181 1181 1582 1241 assequeretur.
1643 1169 2030 1224 lnsanientium

459 1266 602 1318 enim
638 1274 721 1318 est
755 1265 864 1318 haec
900 1272 953 1316 et
999 1265 1256 1333 cogitare,
1291 1276 1344 1318 et
1383 1264 1549 1332 loqui.
1586 1261 1724 1327 Sed,
1764 1273 1820 1315 ut
1853 1264 1921 1314 ita
1953 1263 2034 1314 di-

459 1373 600 1419 cam,
635 1363 902 1408 extentam
935 1355 1097 1408 liabet
1136 1372 1256 1408 cum
1292 1371 1387 1409 sua
1439 1356 1745 1408 :etcrnitate
1788 1355 2031 1423 paterni-

460 1457 647 1500 tatem.
687 1446 1048 1512 Quamobrem
1081 1457 1135 1502 et
1170 1445 1338 1500 Filius
1369 1463 1491 1500 cum
1525 1455 1653 1501 ante
1694 1445 1891 1500 sarcula
1925 1446 1988 1496 sit
2013 1483 2027 1509 ,

456 1550 509 1592 et
541 1554 754 1606 semper
779 1539 871 1604 sit,
909 1555 1178 1609 nunquam
1217 1553 1337 1592 esse
1369 1538 1592 1608 incmpit
1623 1557 1635 1591 :
1675 1539 1769 1592 sed
1823 1552 1888 1590 ex
1925 1551 2030 1604 quo

457 1629 620 1684 Pater
647 1641 752 1692 εει,
791 1642 843 1683 et
881 1630 1049 1684 Filius
1077 1642 1180 1693 est,
1229 1639 1283 1683 et
1322 1631 1506 1684 statim
1556 1644 1659 1682 una
1691 1645 1810 1682 etim
1854 1627 2031 1680 Patris

459 1722 698 1785 notione,
750 1721 871 1774 Filii
912 1736 1126 1790 quoque
1164 1723 1313 1774 notio
1356 1721 1617 1789 subrepit.
1669 1718 1803 1772 Nam
1845 1719 2027 1783 Pater,

1740 308 2130 373 EUTliYMll
2177 305 2544 370 ZlGABENl

407 441 412 448 '
465 441 512 493 ei
553 441 750 493 bonum
791 437 1002 494 Patrem
1043 453 1185 504 esse,
1225 436 1377 506 citius
1412 436 1485 490 rei
1517 438 1691 507 gratia
1733 448 2028 492 comunita-

2139 436 2341 500 είλετος
2395 435 2552 486 Ἀλλὰ
2593 433 2842 504 τρέποιτο
2875 431 2972 501 μὲν
3014 433 3092 494 εἷς
3143 432 3265 492 τους

3610 301 3717 362 5l6

3448 432 3650 482 αἰτίους

2139 526 2487 598 βλασφημία’
2519 527 2546 577 ὁ
2597 523 2654 575 δὲ
2701 523 2832 587 Θεὸς
2869 523 2976 575 τῶν
3027 523 3162 574 ὅλων
3213 521 3272 584 ἐξ
3320 521 3550 591 ἀπείρου
3606 522 3725 572 ἐστὶ

2139 619 2360 690 Πατὴρ,
2388 619 2486 670 οὐκ
2519 613 2824 689 ἀρξάμενός
2868 632 2997 667 ποτε
3027 613 3120 666 τοῦ
3157 608 3294 666 εἶναι
3327 613 3540 682 Πατήρ.
3583 612 3725 663 Οὔτε

2138 712 2246 783 γὰρ
2281 714 2346 782 τῇ
2383 711 2484 780 τῆς
2515 710 2796 779 δυνάμεως
2841 707 3018 777 ἐνδείᾳ
3054 706 3188 777 πρὸς
3234 704 3331 774 τὴν
3375 702 3727 774 ἐκπλήρωσιν

2137 801 2229 855 τοῦ
2261 802 2561 872 θελήματος
2587 799 2874 860 ἐκωλύετο,
2904 798 3023 851 οὗτε
3050 797 3259 850 αἰώνων
3284 795 3446 847 τινῶν
3475 793 3728 864 περίοὼς

2136 893 2416 963 ἀνέμενεν,
2463 891 2570 954 ἵνα,
2623 883 2808 960 ῶσπερ
2855 891 2947 941 ἐπὶ
2992 889 3096 941 τῶν
3140 885 3442 957 ἀνθρώπων
3490 885 3727 937 καὶτῶν

2135 984 2338 1038 λοιπῶν
2371 983 2544 1048 ζώων,
2591 983 2726 1054 μετᾶ
2776 984 2874 1052 τὴν
2920 983 3015 1051 τῆς
3063 977 3277 1050 ἡλικίας
3329 978 3727 1046 συμπῖἦςωτιν

2135 1076 2236 1145 τῆς
2264 1078 2342 1136 εἰς
2370 1076 2428 1128 τὸ
2453 1077 2644 1146 γεννᾷν
2673 1073 2820 1143 αὐτῷ
2849 1074 3127 1143 δυνάμεως
3281 1068 3682 1137 apsum/.5511;
3709 1109 3724 1130 ,

2136 1167 2198 1219 τὸ
2255 1167 2687 1236 σπουδαζόμενον
2750 1165 3106 1235 περιγένηται
3167 1161 3546 1232 (μαινομένων
3611 1162 3726 1230 γὰρ

2136 1259 2307 1313 ταῦτα
2340 1259 2434 1310 καί
2459 1252 2708 1328 ἐννοῆσαι
2739 1257 2832 1311 καὶ
2860 1254 3236 1326 φθέγξασθαι),
3266 1253 3401 1306 ἀλλὰ
3431 1256 3496 1323 τῇ
3523 1252 3723 1304 ἑαυτοῦ

2139 1351 2399 1422 ἀῖδιότητι
2439 1351 3048 1424 συμπαρεκτεινομένην
3099 1347 3209 1417 ἔχει
3260 1346 3358 1417 τὴν
3420 1345 3508 1411 (ἵν’
3545 1344 3724 1408 οὕτως

2137 1443 2426 1514 ὀνομάσω)
2489 1443 2818 1513 πατρότητα.
2879 1439 3085 1492 Οὐκοῦν
3137 1433 3230 1491 καί
3301 1437 3329 1487 ὁ
3402 1437 3549 1498 Υἱὸς,
3611 1433 3725 1506 πρὸ

2139 1534 2332 1598 αἰῶνος
2521 1533 2617 1597 ὢν,
2666 1534 2759 1588 καὶ
2807 1533 2894 1586 ἀεὶ
2943 1530 3046 1595 ὢν,
3082 1531 3180 1582 οὐκ
3214 1529 3415 1599 ἤρξατο
3452 1528 3543 1581 τοῦ
3578 1525 3724 1581 εἷναί

2138 1645 2290 1690 ποτε,
2320 1627 2436 1681 ἀλλ’
2463 1628 2556 1696 ἀφ’
2585 1622 2645 1680 οὗ
2670 1625 2878 1696 Πατὴρ,
2913 1624 3006 1677 καὶ
3039 1624 3185 1687 Υἱὸς,
3216 1624 3309 1675 καὶ
3341 1621 3502 1685 εὐθὺς
3531 1625 3595 1690 τῇ
3623 1621 3722 1673 τοῦ

2138 1717 2352 1787 Πατρὸς
2385 1717 2563 1786 ἐννοίᾳ
2591 1717 2624 1786 ἡ
2654 1715 2746 1768 τοῦ
2778 1715 2908 1768 Υἰοῦ
2939 1715 3365 1782 συνεισέρχεται.
3405 1713 3462 1764 '0
3485 1713 3592 1782 γὰρ
3614 1715 3733 1765 Πα-

457 1811 574 1865 Filii
623 1812 809 1880 utique
842 1821 924 1866 est
974 1811 1154 1867 Pater.
1205 1812 1384 1866 Patris
1429 1814 1594 1881 igitur
1633 1813 1786 1882 origo
1820 1810 1962 1865 nulla
2010 1825 2027 1866 :

2139 1807 2242 1879 τὴρ
2289 1807 2420 1860 Υἰοῦ
2471 1807 2660 1878 Πατὴρ
2705 1807 2965 1877 δηλονότι.
3015 1805 3182 1876 Ἀρχὴ
3232 1805 3329 1874 μὲν
3367 1799 3460 1856 οὖν
3505 1804 3724 1874 Πατρὸς

455 1905 608 1972 origo
639 1919 766 1956 vero
797 1903 944 1969 Filii,
984 1902 1180 1967 Pater;
1223 1904 1364 1956 inter
1401 1903 1500 1956 lios
1547 1902 1681 1956 nihil
1719 1913 1798 1957 est
1839 1902 2024 1958 medii.

454 1993 735 2058 Quomodo
784 1993 945 2062 igitur
982 2009 1010 2046 a
1055 1993 1317 2061 principio
1368 2008 1474 2046 non
1515 2002 1633 2047 erat
1668 1991 1828 2064 (nam
1866 1993 2026 2059 illud,

454 2095 576 2138 ante
604 2101 754 2138 suam
784 2085 1246 2148 constitutionem,
1275 2086 1415 2152 quod
1449 2086 1516 2138 ab
1551 2083 1635 2138 bis
1679 2100 1775 2154 per
1804 2085 2028 2139 cavilla—

457 2174 654 2227 tionem
684 2174 974 2241 profertur,
1007 2174 1110 2228 hoc
1137 2174 1239 2229 sibi
1271 2175 1440 2243 vult,)
1470 2175 1534 2243 is,
1567 2176 1658 2244 qui
1703 2176 1834 2230 nihil
1865 2176 2028 2232 habet

453 2265 596 2334 quod
628 2275 755 2319 ante
783 2280 844 2319 se
877 2264 1232 2334 intelligatur,
1263 2265 1364 2319 nisi
1397 2265 1567 2332 illum,
1599 2281 1628 2320 a
1657 2281 1764 2337 quo
1791 2283 1900 2320 esse
1931 2267 2028 2320 lia-

455 2358 564 2420 bet,
604 2371 709 2408 non
739 2354 1026 2408 intervallo
1057 2355 1475 2422 praecedentem,
1507 2356 1601 2410 sed
1642 2371 1818 2410 causa:
1845 2356 2026 2424 digni-

456 2459 564 2501 tate
612 2447 1000 2516 praepositum?
1038 2447 1271 2501 Proinde
1309 2447 1354 2501 si
1410 2447 1526 2501 Filii
1585 2463 1707 2502 eum
1757 2448 1922 2501 Patre
1974 2458 2027 2502 et

454 2543 565 2596 Deo
600 2541 914 2610 eonjuncrio
941 2549 1158 2594 ostensa
1188 2548 1272 2593 est
1300 2549 1521 2604 aeterna,
1555 2555 1678 2593 cum
1721 2549 1899 2595 nostra
1931 2555 2026 2594 co-

454 2634 644 2701 gitatio
679 2650 706 2686 a
741 2633 881 2687 Filio
912 2635 977 2685 ad
1022 2633 1236 2687 Patrem
1282 2648 1377 2701 per
1413 2633 1614 2686 nullum
1659 2634 1893 2687 medium
1926 2633 2022 2687 tle-

452 2727 655 2785 veniat,
687 2724 795 2778 imo
834 2726 1040 2792 alisque
1071 2724 1357 2779 intervallo
1405 2724 1549 2778 Patri
1578 2725 1775 2780 Filium
1803 2726 2027 2792 conjun-

450 2825 572 2884 gat;
604 2817 650 2869 is
686 2817 774 2881 qui
808 2817 956 2869 nullo
999 2816 1177 2870 medio
1207 2817 1529 2885 seiungitur,
1570 2831 1731 2885 quem
1765 2817 1876 2887 jam
1911 2818 2026 2870 adi-

452 2917 564 2957 tum
614 2919 792 2971 prava:
831 2905 1179 2974 blasphemia:
1214 2907 1473 2976 relinquit
1508 2924 1695 2963 eorum
1719 2949 1734 2971 ,
1771 2909 1859 2977 qui
1895 2923 2016 2960 eum

449 2989 634 3040 dicunt
670 3003 734 3039 ex
772 3003 874 3041 non
909 2990 1208 3043 exsistentc
1238 2992 1302 3042 ad
1333 3007 1441 3044 esse
1469 2993 1788 3060 produt-tum
1814 2993 1972 3046 esse?

659 3079 739 3131 Ad
787 3079 900 3133 haec
937 3081 1176 3148 ipsorum
1208 3095 1420 3148 quoque
1464 3083 1788 3138 dementiam
1833 3083 2022 3137 mirari
2060 3095 2099 3148 (ς

447 3170 627 3226 opere
673 3159 902 3226 pretium
935 3171 1054 3226 est,
1087 3163 1228 3230 quod
1274 3164 1404 3218 dum
1440 3179 1508 3218 ex
1549 3181 1654 3220 non
1687 3171 2029 3222 exstantibus

447 3261 572 3302 esse
615 3246 799 3302 dicunt
844 3247 1078 3314 Filium,
1131 3264 1472 3321 nequaquam
1519 3253 1831 3324 intelligunt
1883 3259 2026 3324 quod

449 3352 572 3392 eum
621 3353 726 3392 non
763 3339 923 3394 Patre
967 3341 1166 3403 solum.
1216 3345 1311 3398 sed
1354 3360 1416 3398 ea
1446 3345 1610 3399 etiam
1650 3363 1708 3400 re
1740 3362 1838 3416 per
1868 3363 2028 3416 quam

454 3429 799 3498 Unigenitum
825 3447 853 3484 a
881 3431 1036 3486 Patre
1061 3443 1341 3502 separant,
1370 3436 1730 3502 posteriorem
1761 3445 2025 3492 statuant.

448 3520 580 3572 Nam
613 3537 834 3576 necesse
859 3535 968 3584 est,
991 3525 1035 3578 si
1065 3526 1192 3594 quid
1217 3525 1288 3580 sit
1313 3527 1452 3579 inter
1482 3526 1698 3580 Patrem
1727 3537 1780 3580 et
1804 3528 2028 3594 Filittm,

449 3612 500 3664 id
539 3611 659 3666 Filii
692 3614 1006 3669 exsistentia
1047 3617 1321 3686 antiquius
1362 3631 1500 3670 esse.
1547 3617 1684 3683 Quid
1723 3619 1884 3686 igitur
1921 3620 2023 3673 hoc

446 3717 566 3756 essu
594 3706 826 3772 poterit?
855 3706 1119 3770 Quidnam
1149 3708 1292 3762 aliud
1324 3709 1423 3762 nisi
1453 3722 1544 3762 aut
1571 3725 1744 3762 aevum
1769 3720 1862 3762 aut
1891 3721 2028 3764 tem-

446 3797 584 3866 pus?
610 3796 710 3863 Qui
743 3800 886 3853 enim
922 3799 1098 3855 Patris
1125 3803 1288 3855 vitam
1317 3803 1423 3855 vita
1462 3801 1735 3870 Unigeniti
1773 3802 2021 3870 intelligit

448 3891 807 3952 anteriorem.
843 3908 946 3960 qua
980 3907 1036 3945 re
1076 3893 1182 3946 alia
1215 3909 1374 3961 quam
1407 3894 1730 3948 saeculorum
1764 3903 1855 3947 aut
1893 3903 2028 3947 tetu-

447 3993 638 4047 porum
694 3983 1053 4048 quorumdam
1117 3984 1293 4052 spatio
1347 3984 1670 4048 admetiens,
1735 4000 2021 4039 excessmn

449 4071 722 4127 invenisse
748 4087 808 4125 se
845 4073 1082 4126 dixerit?
1116 4076 1261 4142 quod
1297 4075 1342 4127 si
1387 4075 1490 4127 lioc
1531 4089 1720 4127 verum
1751 4083 1858 4137 est,
1894 4074 2030 4129 falsa

450 4161 732 4227 Scriptura
774 4173 888 4227 est,
917 4180 1036 4230 qua:
1077 4165 1211 4218 dit-it
1255 4165 1395 4220 facta
1427 4179 1547 4218 esse
1583 4180 1678 4233 per
1719 4166 1896 4234 ipsum
1934 4182 2034 4222 εει·-

449 4248 565 4301 cula
617 4249 655 4309 ¹;
687 4265 914 4318 quaeque
943 4254 1100 4306 docet
1125 4254 1260 4305 facta
1288 4267 1410 4305 esse
1436 4267 1528 4318 per
1553 4250 1726 4318 ipsum
1753 4255 1933 4308 omnia
1986 4258 2029 4322 ⁸,

450 4356 575 4396 cum
607 4352 754 4396 certe
785 4344 838 4397 iu
863 4344 1102 4398 omnium
1158 4359 1382 4399 innuero
1425 4344 1625 4397 saacula
1679 4347 1844 4400 etiam
1884 4365 2032 4403 com-

449 4433 876 4502 prehendantur.
915 4435 970 4487 Si
1003 4450 1129 4490 vero
1169 4435 1363 4488 dicturi
1401 4447 1521 4486 sunt
1573 4450 1633 4489 se
1671 4454 1778 4491 non
1829 4454 2029 4508 negare

453 4523 650 4578 ΕιΙὶιιιιι
677 4535 800 4578 aute
830 4528 1020 4579 smeula
1245 4531 1480 4597 genitum
1507 4546 1647 4594 esse,
1668 4531 1860 4594 sciant,
1887 4533 2027 4599 quod

407 4661 410 4665 .
451 4616 631 4668 verbis
663 4619 982 4679 concedunt,
1005 4619 1054 4671 id
1077 4635 1259 4673 revera
1284 4623 1349 4671 ali
1367 4621 1497 4688 ipsis
1515 4623 1647 4676 tolli.
1667 4621 2029 4692 Interrogabi-

453 4719 572 4757 mtts
610 4707 752 4758 enim
786 4723 900 4772 eos,
936 4709 1027 4776 qui
1058 4724 1123 4762 ex
1161 4726 1264 4764 non
1298 4713 1638 4767 exstantibus
1670 4714 2028 4768 substantiam

451 4797 754 4864 pro'lncunt
796 4797 1064 4866 Uttigeniti
1123 4816 1134 4852 :
1180 4803 1402 4866 Quando
1439 4818 1540 4856 non
1573 4811 1707 4868 erat,
1746 4814 1804 4857 ιιι
1830 4805 2026 4867 «licitis,

451 4887 579 4956 quid
601 4897 720 4941 erat
761 4888 886 4941 illud
922 4891 1298 4945 intervallum?
1333 4908 1494 4961 quam
1529 4895 1576 4947 ei
1615 4895 2027 4963 appellationem

452 4979 868 5046 excogitabitis?
903 4979 1035 5033 Nam
1077 4984 1378 5037 communis
1411 4987 1750 5038 consuetudo
1788 4988 2022 5054 spatium

452 5083 612 5124 omne
669 5083 761 5124 aut
816 5073 1150 5142 temporibus
1197 5084 1290 5130 aut
1335 5077 1548 5132 saeculis
1599 5077 1838 5143 subjicit.
1892 5079 2025 5134 Nam

455 5163 598 5229 quod
631 5163 682 5216 in
721 5165 1070 5220 sensibilibus
1098 5179 1183 5222 est
1220 5179 1453 5236 tempus,
1487 5171 1590 5224 hoc
1614 5173 1794 5225 surculi
1822 5183 1900 5226 est
1936 5191 2030 5225 na-

454 5261 574 5306 tura
608 5253 658 5306 in
691 5255 849 5310 rebus
874 5258 1075 5312 mundo
1103 5261 1496 5329 superioribus.
1525 5263 1613 5316 Isti
1642 5280 1794 5328 vero,
1827 5267 1869 5317 si
1904 5266 2028 5333 quid

456 5347 670 5399 tertium
702 5363 800 5415 pro
827 5365 921 5404 sua
954 5352 1220 5419 sapientia
1258 5354 1772 5421 comminiscuntur,
1813 5359 2021 5412 dicant.

453 5434 559 5491 Sed
596 5441 720 5492 dum
754 5443 1028 5506 tacebunt,
1059 5444 1199 5498 haud
1235 5445 1481 5514 ignorent
1507 5462 1566 5500 se
1596 5446 1866 5518 lJnigcniti
1904 5452 2030 5503 sub-

457 5529 711 5583 stantiam
750 5534 964 5614 saeculis
1010 5538 1367 5602 posteriorem
1425 5541 1779 5594 constituere.
1820 5541 2028 5595 Etenim

535 5704 553 5738 ³
582 5703 750 5758 Hebr.
782 5719 824 5769 ι,
862 5706 921 5758 2.
993 5708 1016 5741 ³
1045 5705 1208 5775 Joan,
1243 5722 1287 5778 ι,
1323 5712 1376 5766 ὃ.

2137 1902 2383 1973 οὐδεμία,
2414 1903 2554 1972 ἀρχὴ
2577 1902 2631 1954 δὲ
2662 1901 2754 1954 τοῦ
2781 1900 2910 1952 Υἱοῦ
2934 1901 2961 1952 ὁ
2990 1900 3175 1971 Πατήρ
3195 1916 3209 1932 ο
3241 1899 3405 1970 μέσον
3433 1897 3488 1950 δὲ
3515 1896 3727 1949 τούτων

2137 1994 2311 2048 οὐδέν.
2352 1995 2470 2057 Πῶς
2497 1990 2588 2046 οὖν
2615 1994 2714 2046 οὐκ
2747 1987 2814 2063 ἦν
2846 1993 2906 2044 τὸ
2936 1991 2994 2055 ἐξ
3022 1993 3197 2063 ἀρχῆς
3228 1991 3425 2060 (τοῦτο
3462 1991 3571 2060 γάρ
3603 1993 3726 2043 ἐστι

2136 2086 2219 2148 τὸ,
2248 2085 2360 2154 πρὸ
2395 2084 2504 2152 τῆς
2538 2085 2692 2149 ἰδίας
2717 2082 3093 2148 συστάσεως,
3129 2086 3186 2136 ἐν
3221 2083 3516 2152 σοφίσμασι
3561 2081 3726 2150 λεγό-

2144 2193 2304 2246 μενον
2347 2176 2497 2244 παρὰ
2523 2175 2766 2242 τούτων)
2793 2177 2821 2228 ὀ
2863 2175 3028 2245 μηδὲν
3061 2174 3200 2244 ἔχων
3232 2172 3729 2244 προεπινοούμενον

2139 2266 2356 2329 ἑαυτοῦ,
2389 2269 2435 2319 εἰ
2471 2267 2544 2338 μὴ
2572 2266 2661 2319 τὸν
2695 2267 2752 2333 ἐξ
2783 2261 2842 2319 οὖ
2870 2265 2982 2336 ἔχει
3009 2265 3070 2318 τὸ
3101 2264 3260 2329 εἶναι,
3298 2266 3358 2318 οὐ
3391 2265 3729 2334 διαστήματι

2139 2357 2493 2428 ὑπερέχοντα,
2540 2357 2675 2410 ἀλλὰ
2709 2359 2776 2426 τῇ
2808 2355 2955 2426 αἰτίᾳ
2986 2356 3429 2428 προτεταγμένον
3471 2372 3486 2417 ς
3661 2356 3733 2406 Εἰ,

2138 2449 2316 2501 τοίνυν
2351 2449 2520 2511 ἀΐδιος
2547 2451 2580 2518 ἠ
2614 2448 2708 2501 τοῦ
2737 2447 2866 2501 Υἰοῦ
2903 2448 3156 2501 κοινωνία
3185 2447 3319 2516 πρὸς
3344 2447 3434 2498 τὸν
3461 2446 3593 2498 Θεὸν
3627 2447 3730 2500 καὶ

2140 2540 2357 2611 Πατέρα
2408 2539 2804 2609 ἀναπέφανται,
2851 2540 2948 2610 τῆς
2996 2539 3234 2602 διανοίας
3281 2537 3439 2609 ἡμῶν
3475 2537 3587 2590 ἀπὸ
3627 2538 3732 2591 τοῦ

2141 2631 2271 2683 Υἰοῦ
2309 2631 2375 2683 δι’
2405 2631 2616 2694 οὐδενὸς
2664 2631 2820 2685 κενοῦ
2865 2631 3001 2702 πρὸς
3033 2634 3123 2686 τὸν
3156 2631 3377 2701 Πατέρα
3411 2629 3728 2702 χωρούσης.

2139 2721 2254 2776 ἀλλ⁴
2287 2723 2624 2786 ἁδιαστάτως
2655 2724 2746 2776 τὸν
2785 2725 2911 2776 Υίδν
2951 2725 3028 2794 τῷ
3060 2725 3234 2795 Πατρὶ
3267 2721 3666 2794 συναπτούσης,
3694 2724 3733 2774 ὁ

2144 2815 2332 2885 μηδενὶ
2360 2815 2508 2885 μέσῳ
2531 2815 2898 2888 διοριζόμενος
2922 2818 3046 2870 τίνα
3071 2817 3153 2869 ἔτι
3183 2816 3535 2886 παρείσδυσιν
3561 2832 3737 2868 κατα-

2141 2905 2318 2957 λείπει
2354 2908 2418 2976 τῇ
2463 2909 2675 2978 πονηρᾷ
2711 2907 3030 2979 βλασφημίᾳ
3073 2907 3180 2960 τῶν
3209 2908 3499 2976 λεγόντων,
3533 2910 3598 2961 ὲκ
3627 2906 3730 2962 τοῦ

2146 2994 2221 3068 μὴ
2245 2996 2396 3060 ὄντος
2426 2997 2590 3050 αὑτὸν
2618 3001 2696 3062 εἰς
2724 2999 2782 3052 τὸ
2815 2995 2954 3052 εἰναι
2983 2999 3293 3071 παρῆχθαι;

2351 3087 2797 3158 Ἔπειταμέντοι
2826 3089 2920 3142 καὶ
2945 3088 3045 3159 τῆς
3070 3089 3255 3151 ἀνοίας
3287 3088 3486 3151 αὐτοὺς
3510 3087 3729 3158 θαυμά-

2131 3183 2224 3218 σαι
2253 3163 2425 3230 ἄξιον,
2465 3165 2525 3216 οὐ
2563 3165 2861 3227 συνιέντας,
2903 3164 3008 3228 ὅτι,
3042 3166 3105 3218 ὲκ
3148 3165 3222 3234 μὴ
3256 3163 3427 3218 ὄντων
3464 3164 3721 3234 λέγοντες

2130 3254 2222 3307 τὸν
2257 3253 2406 3314 Υἰὸν,
2437 3255 2498 3306 οὐ
2527 3251 2622 3306 τοῦ
2656 3252 2869 3324 Πατρὸς
2899 3253 3055 3323 μόνον
3084 3251 3345 3326 νεώτερον
3377 3254 3719 3324 ἀποφαίνου-

2134 3363 2239 3410 σιν,
2272 3345 2409 3399 dum:
2441 3346 2535 3399 καὶ
2561 3344 2676 3409 τοῦ,
2709 3338 2754 3413 ᾧ
2777 3345 2866 3398 τὸν
2889 3343 3171 3414 Μονογενῆ
3335 3346 3444 3398 ἀπὸ
3467 3345 3562 3399 τοῦ
3585 3347 3722 3424 Βα-

2131 3440 2260 3510 τρὸς
2295 3439 2638 3509 διορίζουσιν.
2694 3437 2931 3507 Ἀνάγκη
2976 3437 3104 3508 γὰρ,
3158 3437 3316 3507 εἴπερ
3369 3455 3422 3490 τι
3479 3438 3564 3508 εἴη
3616 3455 3724 3508 με-

2130 3527 2265 3594 ταξὺ
2297 3526 2407 3596 (76)
2433 3527 2645 3598 Πατρὸς
2677 3527 2769 3580 καὶ
2798 3526 2951 3588 Υἰοῦ,
2984 3525 3354 3597 πρεσϐύτερον
3385 3524 3526 3580 εἶναι
3557 3527 3720 3580 τοῦτο

2132 3620 2232 3689 τῆς
2276 3619 2561 3690 ὑπάρξεως
2608 3617 2700 3672 τοῦ
2745 3617 2896 3671 Υἰοῦ.
2945 3618 3010 3670 Τί
3056 3613 3150 3672 οὖν
3181 3618 3246 3672 ἂν
3286 3618 3370 3690 εἴη
3413 3619 3606 3683 toﬁ-ro;
3651 3620 3721 3671 Τί

2134 3712 2260 3766 ἄλλο
2293 3729 2356 3779 γε
2386 3711 2418 3782 ἢ
2445 3711 2577 3765 αἰὼν
2608 3711 2824 3773 πάντως
2852 3710 2884 3781 ἢ
2910 3711 3132 3779 χρόνοςς
3173 3711 3232 3763 '0
3266 3712 3372 3782 γάρ
3405 3728 3485 3763 τοι
3518 3729 3715 3781 περισο

2136 3804 2359 3874 σοτέραν
2388 3804 2486 3873 τὴν
2530 3802 2625 3856 τοῦ
2659 3801 2870 3873 Harpe;
2921 3800 3065 3871 ζωὴν
3110 3802 3207 3870 τῆς
3249 3802 3342 3855 τοῦ
3377 3803 3720 3870 Μονογενοῦς

2135 3895 2330 3948 ἐννοῶν
2394 3934 2409 3960 ,
2562 3893 2668 3946 τίνι
2703 3910 2767 3961 γε
2817 3892 2961 3962 ἄλλῳ
2996 3893 3386 3964 παραμετρῶν,
3419 3894 3718 3964 εὑρηκέναι

2134 3983 2199 4036 ἂν
2230 3985 2370 4036 εἴποι
2397 3983 2458 4035 τὸ
2492 3982 2769 4053 περισσὸν,
2800 3982 2833 4051 ἢ
2877 3982 2996 4052 ούχί
3189 3981 3396 4036 αἰώνων
3429 3984 3462 4051 ἢ
3506 3983 3719 4054 χρόνων

2134 4074 2295 4127 τινῶν
2322 4074 2686 4144 διαστήματι;
2721 4074 2783 4125 Εἰ
2822 4072 2878 4126 δὲ
2905 4072 3060 4126 τοῦτο
3087 4073 3302 4144 ἀληθὲς,
3333 4073 3533 4144 ψευδὴς
3566 4076 3598 4143 ἡ
3627 4073 3719 4125 λέ-

2135 4177 2306 4229 γουσα
2349 4160 2536 4230 Γραφὴ
2565 4162 2690 4223 τοὺς
2718 4160 2920 4224 αἰῶνας
2948 4161 3015 4214 δι’
3045 4161 3210 4214 αὐτοῦ
3237 4162 3588 4232 γεγενῆσθαι,
3619 4162 3718 4215 καὶ

2137 4253 2170 4323 ἡ
2215 4249 2568 4313 διδάσκουσα,
2625 4253 2706 4305 ὅτι
2766 4252 2942 4307 πάντα
2987 4252 3052 4304 δι’
3091 4253 3254 4306 αὐτοῦ
3308 4254 3554 4322 ἐγένετο·
3601 4258 3720 4317 10';

2138 4343 2292 4404 πᾶσι,
2328 4340 2590 4410 δηλονότι,
2634 4342 3179 4413 ὲμπεριειλημμένων
3215 4344 3444 4396 καὶτῶν
3478 4342 3716 4396 αἰώνων.

2136 4434 2199 4486 Εἰ
2226 4433 2282 4484 δὲ
2317 4435 2547 4503 φήσουσι
2589 4432 2662 4503 μὴ
2694 4435 3054 4504 ἀπαρνεῖσθαι
3087 4436 3192 4505 πρὸ
3226 4435 3331 4488 τῶν
3375 4434 3583 4488 αἰώνων
3624 4435 3720 4487 τὸν

2129 4525 2258 4578 Υἰὸν
2311 4525 2690 4594 γεγεννῆσθαι,
2747 4526 2820 4595 μὴ
2892 4526 3318 4591 λανθανέτωσαν,
3367 4527 3393 4579 ὃ
3442 4527 3519 4597 τῷ
3569 4527 3721 4598 λόγῳ

2127 4619 2491 4689 συγχωροῦσι.
2533 4619 2672 4672 κατὰ
2706 4618 2960 4689 ἀλήθειαν
3001 4621 3411 4689 ἀφαιρούμενοι.
3470 4621 3706 4690 Ἐρωτή-

2129 4727 2311 4779 σωμεν
2339 4711 2448 4780 γὰρ
2479 4711 2673 4773 αὐτοὺς
2706 4711 2830 4772 τοὺς
2867 4712 2930 4762 ἐκ
2978 4711 3050 4780 μὴ
3082 4711 3250 4763 ὄντων

2125 4819 2226 4864 τας
2261 4801 2356 4855 τοῦ
2390 4803 2730 4870 Μονογενοῦς
2772 4802 2872 4873 τὴν
2909 4806 3094 4857 οὐσίαν
3121 4823 3132 4834 '
3184 4805 3311 4856 Ὅτε
3353 4805 3452 4856 οὐκ
3497 4799 3588 4873 ἦν,
3641 4803 3719 4866 ῶς

2128 4911 2286 4962 φατε,
2313 4896 2366 4945 τί
2390 4890 2457 4964 ἧν
2481 4896 2659 4948 ἐκεῖνο
2689 4895 3079 4966 τὸ.διὰστημα;
3109 4896 3229 4948 τίνα
3260 4895 3408 4965 αὐτῷ
3444 4911 3718 4966 προσηγο·

2131 4983 2250 5052 ρίαν
2273 4985 2622 5054 ἐπινοήσετε;
2668 4985 2730 5036 Ἡ
2769 4985 2867 5055 μὲν
2899 4986 3008 5055 γὰρ
3047 4985 3199 5056 κοινὴ
3234 4983 3492 5054 συνήθεια
3517 4985 3551 5054 ἢ
3585 4986 3717 5055 χρό-

2129 5093 2238 5138 νοις
2287 5077 2318 5147 ἢ
2369 5076 2561 5130 αἰῶσιν
2607 5077 2751 5130 ἅπαν
2819 5077 3090 5149 διάστημα
3145 5077 3464 5131 ὑποϐάλλει’
3526 5079 3718 5149 ἐπειδὴ

2129 5170 2264 5238 ὅπερ
2297 5171 2354 5221 ὲν
2389 5171 2501 5232 τοῖς
2531 5169 2810 5239 αἰσθητοῖς
2842 5174 2869 5222 ὁ
2898 5171 3108 5239 χρόνος,
3137 5169 3294 5224 τοῦτο
3325 5170 3382 5221 ὲν
3410 5173 3520 5232 τοῖς
3548 5171 3714 5240 ὑπερ-

2130 5260 2379 5330 κοσμίοις
2417 5264 2449 5330 ή
2481 5260 2575 5312 τοῦ
2623 5261 2818 5324 αἰῶνος
2851 5261 3012 5330 φύσις
3051 5259 3218 5314 ἐστίν.
3257 5254 3415 5313 υῦτοι
3448 5260 3539 5324 δὲ,
3577 5260 3631 5310 εἰ
3662 5277 3716 5312 τι

2127 5354 2309 5424 τρίτον
2353 5355 2416 5405 ὲκ
2443 5351 2544 5423 τῆς
2581 5351 2788 5404 ἑαυτῶν
2829 5352 3018 5420 σοφίας
3052 5351 3344 5414 ἐπινοοῦσι,
3381 5351 3711 5419 λεγέτωσαν.

2133 5441 2278 5504 Ἕως
2331 5441 2374 5492 δ’
2431 5440 2498 5494 ἂν
2559 5439 2825 5504 σιωπῶσι,
2880 5441 2953 5510 μὴ
3003 5440 3412 5494 λανθανέτωσαν
3455 5441 3716 5511 δευτέραν

2131 5530 2341 5585 αἰώνων
2368 5531 2466 5600 τὴν
2493 5530 2586 5585 τοῦ
2615 5532 2952 5601 Μονογενοῦς
2973 5531 3162 5587 οὐσίαν
3190 5533 3483 5603 τιθέμενοι.
3513 5532 3578 5584 Εἰ
3606 5530 3716 5602 γὰρ

3441 4711 3717 4780 παρά-(ὴν-
