4094 6204
312 290 421 350 527

1290 301 1665 384 rnorem
1707 304 2164 372 DOGMATICA,
2206 333 2274 348 --
2311 309 2465 373 TlT.
2506 313 2615 374 x1.

3478 322 3578 386 ΗΒ

310 426 380 500 ἦν
472 444 527 482 τι
642 396 919 501 διάστημα
935 430 1307 503 πρεσϐύτερον
1344 432 1438 487 τοῦ
1462 434 1613 499 Υίοῦ,
1650 453 1893 509 συμπαρ-

2006 434 2052 489 si
2086 439 2227 506 quod
2255 441 2490 509 spatium
2525 442 2627 497 fuit
2654 441 2793 497 Filio
2819 444 3118 515 antiquius,
3151 447 3297 518 quod
3334 450 3585 508 videlicet

306 521 691 591 εκτεινόμενον
748 524 815 594 τῇ
850 521 962 596 ζωῇ
1003 522 1098 577 τοῦ
1134 527 1374 597 Πατρὸς,
1411 526 1470 580 ἐν
1502 546 1556 581 τι
1585 529 1791 583 τούτων
1830 524 1900 601 ἦν

304 608 580 679 δηλονότι.
642 611 780 664 Ἀλλ’
816 610 927 665 οὔτ’
961 612 1127 677 ἔστιν,
1179 613 1303 668 οὔτε
1359 615 1434 688 μὴ
1461 617 1683 688 γένηται
1723 618 1899 673 ἔννοια

305 699 669 772 πρεσϐυτέρα
708 701 810 771 τῆς
839 701 933 755 τοῦ
968 703 1310 771 Μονογενοῦς
1345 705 1718 771 ὑποστάσεως.
1752 709 1898 762 Παν-

302 789 405 853 τὸς
437 789 549 861 γὰρ
577 789 671 844 τοῦ
714 791 1009 863 δυναμένου
1053 794 1134 856 εἰς
1176 794 1536 868 ἀρχαιότητος
1581 797 1738 865 λόγον
1782 800 1891 853 ἐπι-

300 882 554 935 νοεῖσθαι
585 883 832 954 άνωτέρα
869 886 901 955 ή
949 883 1181 957 ῦπαρξις
1213 886 1307 939 τοῦ
1341 886 1476 941 Θεοῦ
1511 888 1684 957 Λόγου
1713 890 1806 944 τοῦ
1842 892 1898 946 ὲν

300 974 455 1045 ἀρχῇ
483 974 636 1039 ὄντος
662 976 794 1046 πρὸς
818 975 922 1043 τὸν,
935 975 1069 1029 Θεὸν
1098 978 1474 1049 εὑρεθήσεται.
1507 979 1646 1045 Κᾶν,
1679 983 1897 1053 μυρίαις

298 1065 639 1133 φαντασίαις
668 1065 858 1119 ἑαυτὸν
891 1065 1239 1139 ἐξαπατήσας
1272 1070 1300 1122 ὁ
1342 1069 1486 1136 νοῦς,
1521 1071 1613 1124 καὶ
1647 1077 1759 1136 τοῖς
1793 1072 1897 1126 τῶν

304 1156 686 1230 ἀνυπάρκτων
733 1159 1109 1229 ἁναπλασμοῖς
1161 1161 1490 1227 ἐπιϐάλλων,
1533 1163 1604 1216 τὰ
1647 1164 1722 1235 μὴ
1772 1165 1900 1220 ὄντα

304 1252 550 1320 περινοῇ
583 1287 600 1313 ,
744 1249 996 1320 οὐδεμίαν
1030 1250 1136 1304 τῶν
1167 1252 1358 1306 πασῶν
1392 1256 1637 1326 μηχανὴν
1677 1254 1900 1327 ἐξευρή-

303 1357 427 1405 σει,
456 1339 526 1393 δι’
549 1334 617 1412 ἧς
643 1340 928 1413 δυνήσεται
960 1341 1061 1413 τῆς
1090 1343 1264 1415 ἀρχῆς
1297 1343 1391 1398 τοῦ
1421 1346 1758 1415 Μονογενοῦς
1783 1349 1901 1402 ἐαυ-

298 1430 412 1483 τὸν
445 1429 759 1502 ύπερθεῖναι
780 1448 795 1463 ο
831 1432 924 1485 καὶ
961 1434 1276 1503 κατωτέραν
1307 1434 1400 1488 τοῦ
1440 1436 1567 1489 ίδίου
1603 1439 1899 1510 κινήματος

297 1522 418 1593 τὴν
465 1523 613 1592 ζωὴν
664 1521 983 1578 καταλιπεῖν
1018 1524 1118 1595 τῆς
1156 1524 1467 1598 αύτοζωῆς⁶
1516 1528 1610 1582 καὶ
1656 1528 1735 1600 τῷ
1786 1530 1898 1602 ἰδίῳ

293 1613 462 1684 λόγῳ
508 1613 602 1668 τοῦ
648 1612 783 1666 Θεοῦ
842 1613 1017 1683 Λόγου
1058 1615 1159 1686 τὴν
1204 1614 1381 1687 ἀρχὴν
1423 1616 1756 1688 ὑπερϐῆναι·
1805 1618 1899 1673 καὶ

297 1704 535 1766 αἰῶνας
566 1701 906 1756 ἐποπτεῦσαι
936 1703 1178 1772 ἐρήμους
1212 1702 1306 1755 τοῦ
1344 1703 1484 1757 Θεοῦ
1520 1703 1630 1760 τῶν
1662 1705 1901 1760 αἰώνων.

771 1794 867 1848 Ἐκ
896 1794 1003 1849 τοῦ
1036 1795 1225 1849 αὐτοῦ
1256 1795 1457 1865 λόγου.

386 1887 561 1944 ΕΥΝ.
590 1889 774 1950 Ὄντα,
802 1890 997 1959 φησὶν,
1033 1888 1328 1957 ἐγέννησεν
1356 1891 1382 1943 ὁ
1410 1889 1545 1954 Θεὸς
1574 1889 1667 1946 τδν
1690 1890 1904 1963 Υίὸν,ἢ

287 1982 416 2036 οὐκ
445 1983 616 2050 avra;
648 1981 793 2038 Ἀλλ’
829 1982 880 2035 εί
912 1980 1013 2054 μὲν
1040 1982 1142 2035 οὐκ
1173 1982 1323 2043 ὅντα,
1358 1982 1550 2053 μηδείς
1587 2001 1702 2053 μοι,
1747 1984 1898 2053 φησὶ,

289 2078 528 2145 τόλμαν
573 2073 950 2144 ἐπεγκαλείτω
971 2089 986 2105 ⁸
1018 2074 1069 2127 εἰ
1096 2073 1153 2128 δὲ
1174 2075 1327 2140 ὄντα,
1356 2075 1456 2129 οὐκ
1479 2076 1711 2141 ἀτοπίας
1741 2078 1904 2146 μόνον

289 2169 411 2223 καὶ
443 2166 829 2239 βλασφημίας,
866 2164 1003 2221 ἀλλὰ
1032 2166 1128 2221 καὶ
1158 2166 1341 2234 πάσης
1372 2167 1626 2239 εὐηθείας
1661 2169 1902 2240 ὑπερϐο-

282 2259 407 2331 λὴν
438 2261 470 2313 ὁ
507 2259 665 2329 λόγος
691 2258 824 2331 ἔχει.
852 2257 942 2329 Τῷ
959 2257 1068 2329 γὰρ
1096 2258 1211 2313 ϐντι
1241 2260 1302 2312 ού
1327 2259 1408 2311 δεῖ
1431 2263 1760 2330 γεννήσεως.

378 2442 535 2497 ΒΑΣ.
594 2441 671 2498 Τδ
717 2442 819 2513 μὲν
890 2441 984 2496 οὖν
1037 2441 1479 2513 πολυθρύλλητον
1531 2444 1772 2513 σόφισμα
1838 2441 1901 2494 τὸ

280 2536 479 2590 πάλαι
550 2534 654 2606 μέν
706 2533 991 2605 ἐξευρεθὲν
1054 2535 1185 2607 παρ’
1259 2535 1468 2605 ἐτέρων
1494 2575 1511 2602 ,
1568 2534 1789 2598 τελείως
1843 2535 1900 2588 δὲ

281 2630 403 2682 νῦν
457 2631 520 2683 ἐν
568 2630 692 2693 ταῖς
738 2627 1293 2699 ἀπηρυθριασμέναις
1343 2628 1441 2682 καὶ
1504 2626 1899 2698 ἀναισχύντοις

272 2720 587 2791 ⁸γλώσσαις
634 2718 845 2774 τούτων
901 2715 1233 2791 ἐξεργασθὲν
1287 2718 1447 2774 τοῦτό
1475 2720 1648 2775 ἐστιν.
1705 2718 1899 2796 Ἡμεῖς

276 2814 356 2866 δὲ
415 2812 645 2881 πρῶτον
704 2813 883 2873 ἐκεῖνο
941 2812 1069 2876 τοὺς
1143 2811 1423 2885 ἀκροατάς
1484 2812 1894 2886 ὑπομνήσομεν,

276 2908 387 2958 ὅτι
436 2898 597 2967 οὗτός
644 2906 794 2958 ἐστιν
855 2904 884 2959 ὁ
939 2904 1027 2961 διὰ
1080 2904 1180 2977 τὴν
1237 2904 1347 2959 τῶν
1401 2903 1614 2959 πολλῶν
1675 2904 1898 2973 ἄγνοιαν

275 2996 680 3069 ἀνθρωπικῶς
727 2996 1005 3065 ἐξακούων
1068 2999 1166 3069 τῆς
1217 2999 1527 3070 γεννήσεως
1576 2997 1671 3053 τοῦ
1718 2999 1852 3052 Υίοῦ
1879 3036 1895 3062 ,

281 3100 385 3158 εἰς
436 3093 693 3162 ἀνάγκην
734 3090 1007 3161 ἐληλυθὼς
1053 3091 1164 3146 τῶν
1206 3090 1382 3160 λόγων
1433 3089 1640 3144 τούτων
1667 3105 1680 3121 ·
1738 3083 1894 3155 οὗτος

2003 546 2065 588 se
2100 546 2257 601 atque
2285 548 2350 589 ac
2382 533 2562 590 Patris
2599 536 2704 589 vita
2737 537 3076 603 extenderit,
3122 538 3312 608 utique
3350 539 3580 596 alterum

2003 638 2071 679 ex
2101 623 2185 678 his
2220 634 2360 680 eral.
2413 624 2518 681 Sed
2565 644 2665 683 nec
2698 638 2818 697 est,
2862 645 2962 684 nec
3010 630 3116 684 erit
3158 632 3417 700 ceg-itatio
3458 633 3582 688 Filii

2004 717 2275 770 exstantia
2315 717 2612 787 antiquior.
2650 719 2782 774 Nam
2817 722 2964 775 onmi
3002 737 3079 785 re,
3115 737 3234 790 qua:
3269 725 3462 778 ordine
3492 735 3586 777 atr-

2007 806 2273 875 tiquitatis
2302 809 2597 879 excogitari
2627 820 2822 879 potest,
2863 811 3107 865 anterior
3142 815 3450 870 invenietur
3496 818 3586 870 illa

2009 897 2101 952 Dei
2143 896 2304 954 Verbi
2332 899 2647 971 quod‘apttd
2676 902 2846 956 Deum
2888 918 2917 956 ιι
2958 905 3228 972 principio
3268 917 3406 969 erat,
3443 908 3588 959 exsi-

2007 988 2220 1043 stentia.
2254 989 2366 1045 Etsi
2391 990 2534 1046 enim
2559 1002 2619 1045 se
2642 992 2757 1060 ipsa
2786 993 3063 1061 decipiens
3098 1011 3246 1049 utens
3283 995 3586 1050 innumeris

2010 1078 2527 1150 imaginationibus,
2580 1099 2747 1153 seque
2789 1099 2971 1139 rerum
3022 1102 3127 1139 non
3170 1086 3611 1143 ἐιιὴεὶειριιιὶιιιιιι

2009 1174 2330 1227 commentis
2368 1190 2659 1244 occupans,
2690 1192 2750 1228 ea
2787 1192 2906 1245 qua:
2941 1192 3047 1230 non
3088 1186 3214 1229 sunt
3243 1178 3584 1245 excogitare-

2011 1263 2110 1323 rit;
2158 1264 2357 1318 nullam
2402 1268 2623 1321 omnino
2667 1268 2908 1321 inveniet
2950 1278 3156 1321 artem.
3212 1282 3315 1335 qua
3353 1270 3586 1336 seipsatn

2013 1355 2184 1424 posvit
2226 1355 2364 1409 ultra
2410 1355 2682 1426 Uuige.:iti
2740 1358 3064 1427 principium
3116 1357 3439 1421 extendere,
3494 1366 3589 1410 aut

2013 1447 2175 1499 vitam
2209 1446 2325 1515 ejus
2358 1451 2447 1517 qui
2484 1466 2579 1518 per
2609 1465 2667 1506 se
2700 1450 2807 1503 vita
2839 1460 2943 1516 est,
2996 1465 3095 1504 suo
3122 1450 3291 1519 ipsius
3326 1461 3473 1503 motu
3507 1451 3588 1504 in-

2015 1533 2264 1588 feriorem
2312 1539 2637 1607 relinquere,
2676 1549 2769 1593 aut
2816 1555 2913 1593 sua
2948 1542 3278 1611 cogitatione
3323 1542 3586 1608 originem

2012 1621 2107 1680 Dei
2148 1627 2305 1683 Verbi
2340 1635 2743 1696 transcendere,
2771 1643 2863 1686 aut
2891 1633 3090 1688 sazcula
3129 1632 3240 1686 Deo
3268 1633 3587 1686 smculorum

1937 1757 1980 1813 Β
2012 1714 2268 1772 destituta
2293 1718 2394 1773 sibi
2426 1717 2645 1813 lingenre.

2544 1799 2628 1855 Ea:
2657 1802 2836 1855 eodem
2895 1802 3051 1856 libro.

2087 1888 2246 1945 EUN.
2308 1889 2771 1955 Exsistententne,
2815 1895 3010 1964 inquit,
3044 1894 3244 1951 Filium
3290 1898 3499 1965 genuit,
3525 1912 3595 1952 an

2008 1996 2121 2036 non
2154 1982 2551 2037 exsistentem?
2579 1986 2743 2053 Atqui
2777 1987 2821 2040 si
2858 2004 2962 2039 non
3000 1988 3379 2054 exsistentem,
3412 1989 3595 2043 nullus

2008 2089 2093 2127 me
2121 2083 2345 2130 accuset
2383 2074 2645 2130 audaciae.
2699 2074 2754 2130 Si
2799 2078 2908 2145 jam
2934 2079 3466 2148 exsistentem,quid
3494 2082 3595 2133 hac

2007 2165 2259 2221 oratione
2285 2182 2397 2222 non
2421 2167 2586 2222 modo
2611 2168 2929 2228 absurdius.
2966 2171 3061 2224 sed
3100 2171 3271 2239 magis
3305 2187 3597 2226 exsecran-

2005 2256 2157 2324 dum,
2191 2266 2286 2312 aut
2316 2258 2545 2313 stultum
2576 2259 2684 2315 dici
2714 2268 2900 2330 potest
2931 2260 2954 2315 ?
2986 2260 3144 2328 Quod
3177 2264 3323 2318 enim
3355 2272 3462 2328 est,
3492 2279 3594 2319 cur

2004 2349 2149 2422 gigni
2183 2358 2403 2420 oportet
2427 2352 2451 2404 ἲ

2076 2440 2226 2496 BAS.
2285 2440 2469 2498 Fallax
2523 2441 2630 2497 hoc
2699 2452 3082 2512 argumentum
3147 2443 3591 2513 vulgarissimum

2001 2534 2071 2589 ab
2125 2535 2248 2590 aliis
2319 2534 2543 2605 quidem
2616 2536 2902 2590 inventum
2976 2535 3117 2600 fuit,
3185 2537 3278 2592 sed
3351 2537 3596 2607 perfecte

2004 2642 2154 2683 nunc
2212 2627 2267 2681 in
2327 2627 2565 2683 istorum
2626 2627 3021 2683 inverecundis
3068 2638 3125 2684 et
3181 2628 3596 2703 impudentibus

2002 2719 2204 2791 linguis
2246 2730 2329 2775 est
2358 2722 2723 2776 elaboratum.
2773 2722 2886 2777 Nos
2932 2728 3114 2776 autem
3169 2721 3450 2777 auditores
3475 2723 3596 2793 pri-

2006 2827 2156 2864 mum
2229 2812 2669 2875 admonebimus,
2721 2811 2886 2867 istum
2941 2822 3166 2882 propter
3218 2813 3595 2871 multitudinis

2002 2900 2368 2971 ignorantiam
2427 2905 2673 2959 humano
2731 2920 2884 2959 more
2941 2903 3066 2960 Filii
3140 2913 3323 2959 ortum
3400 2906 3598 2962 existi-

2001 2995 2202 3049 mantis
2252 2996 2329 3049 ad
2369 2995 2636 3065 ejusmodi
2678 3004 3003 3065 argumenta
3072 2996 3385 3062 devenisse,
3444 3007 3502 3053 et
3557 3012 3591 3051 a

2003 3085 2284 3154 corporeis
2316 3088 2640 3142 nationibus
2683 3088 2748 3141 ad
2789 3087 3064 3156 spiritales
3095 3088 3593 3160 contemplationes

280 3184 320 3236 ὁ
363 3180 482 3235 άπὸ
511 3180 624 3236 τῶν
655 3180 986 3252 σωματικῶν
1012 3180 1233 3237 ἐννοιῶν
1266 3181 1361 3235 ἐπὶ
1388 3180 1487 3251 τὴν
1518 3180 1896 3252 πνευματικὴν

2006 3174 2381 3247 imperitorum
2409 3181 2620 3235 animos
2643 3180 2970 3244 traduxisse,
2992 3182 3082 3253 qui
3102 3183 3360 3253 quoniam
3384 3183 3597 3238 anima-

282 3272 549 3344 θεωρίαν
566 3272 667 3338 τὰς
689 3271 1049 3336 ἀπαιδεύτους
1077 3272 1258 3343 ψυχάς
1283 3272 1593 3340 ἐπανάγων,
1620 3271 1678 3336 ὃς
1707 3272 1898 3344 ἐπειδὴ

282 3368 368 3420 τά
395 3364 726 3435 γεννώμενα
757 3363 874 3429 ζῶα
891 3364 992 3418 οὐκ
1009 3364 1137 3419 ὅντα
1163 3364 1448 3436 πρότερον,
1470 3361 1590 3418 εἶτα
1618 3366 1895 3432 γεννᾶται.

285 3458 399 3510 καὶ
447 3456 481 3511 ὁ
520 3457 766 3528 σήμερον
801 3456 1083 3528 γεννηθεὶς
1119 3456 1246 3528 χθὲς
1276 3458 1374 3529 οὐχ
1406 3457 1618 3529 ὑπῆρχε
1640 3497 1655 3522 ,
1687 3459 1896 3529 ταύτην

285 3550 396 3604 καὶ
434 3546 535 3603 ἐπὶ
566 3547 665 3617 τῆς
697 3547 792 3601 τοῦ
823 3546 1160 3617 Μονογενοῦς
1190 3548 1540 3615 ὑποστάσεως
1564 3551 1663 3622 τὴν
1688 3550 1897 3607 ἔννοιαν

290 3640 636 3712 μεταφέρει.
663 3640 774 3695 Καὶ
791 3637 978 3710 ἐπειδὴ
993 3639 1335 3711 γεγέννηται,
1360 3642 1547 3714 φησιν,
1569 3643 1666 3715 οὐχ
1685 3643 1897 3715 ὑπῆρχε

287 3733 411 3804 πρὸ
445 3735 550 3803 τῆς
578 3732 908 3802 γεννήσεως.
943 3730 1101 3787 Οὕτω
1133 3733 1492 3804 μεγαλοφυῶς
1548 3733 1648 3806 τὴν
1699 3736 1895 3806 γέννη-

288 3842 388 3877 σιν
434 3824 573 3895 ἡμῖν
601 3822 698 3876 τοῦ
733 3821 1074 3892 Μονογενοῦς
1101 3822 1362 3891 θεολογεῖ,
1397 3825 1491 3878 καὶ
1520 3824 1610 3879 διὰ
1628 3825 1897 3895 ⁸τοιούτων

282 3919 489 3985 λόγων
518 3914 588 3970 τά
616 3907 1035 3987 άρῤωστήματα
1061 3914 1173 3969 τῶν
1198 3916 1447 3986 ἀδελφῶν
1474 3918 1896 3988 ἐπανορθοῦται,

283 4012 457 4076 ἄξιος
486 4008 564 4063 ῶν
600 4010 760 4077 εἴπερ
791 4025 876 4071 τις
902 4009 1134 4063 ἀκοῦσαι
1156 4009 1255 4079 τῆς
1289 4012 1589 4083 παροιμίας
1609 4052 1624 4076 ,
1659 4012 1741 4065 ὅτι
1781 4011 1892 4067 ἰα.

282 4103 426 4171 (pd,
460 4099 845 4170 θεράπευσον
862 4101 1146 4156 σεαυτόν.
1174 4101 1307 4157 Τίνα
1326 4102 1507 4173 μέντοι
1521 4104 1615 4159 καὶ
1630 4123 1703 4159 πα
1713 4122 1892 4177 ραμυο

282 4198 431 4251 θίαν
460 4196 561 4267 τῆς
588 4196 795 4250 ἀτόπου
828 4195 1035 4268 ταύτης
1062 4197 1170 4251 τῶν
1207 4197 1482 4270 λογισμῶν
1512 4199 1671 4253 νόσου
1724 4218 1893 4272 προσ-

281 4289 670 4358 ενέγκωμενς
733 4287 805 4341 Ἦ
870 4288 943 4343 τὰ
992 4287 1145 4358 παρὰ
1171 4288 1266 4342 τοῦ
1297 4289 1617 4361 Πνεύματος
1675 4290 1764 4344 διὰ
1789 4291 1883 4346 τοῦ

288 4381 592 4451 μακαρίου
636 4378 888 4433 Ἰωάννου
921 4376 1224 4449 λαληθέντα
1261 4380 1428 4450 ἡμῖν,
1457 4380 1540 4433 ὅτι
1582 4381 1686 4435 Ἐν
1727 4380 1886 4451 ἀρχῇ

287 4476 380 4548 ἦν
419 4479 457 4531 ό
490 4480 687 4546 Λόγος
712 4474 812 4532 καὶ
845 4477 879 4530 ό
908 4475 1095 4544 Λόγος
1130 4471 1211 4546 ἦν
1244 4476 1397 4544 πρὸς
1426 4477 1533 4532 τὸν
1569 4477 1757 4543 Θεὸν,
1796 4477 1893 4531 καί

298 4563 461 4629 Θεὸς
504 4559 583 4634 ἦν
612 4563 662 4633 ,ό
703 4562 915 4632 Λόγος.
961 4560 1097 4617 Οῦτε
1141 4563 1315 4635 ἀρχῆς
1357 4563 1474 4617 ἔστι
1512 4581 1565 4618 τι
1611 4566 1897 4634 ἐπινοῆσαι

297 4655 690 4726 πρεσϐύτερον
712 4670 726 4685 ³
754 4654 815 4708 οὐ
850 4653 959 4725 γὰρ
984 4654 1050 4707 ἂν
1083 4653 1164 4707 ἐτι
1191 4657 1276 4725 εἴη
1307 4654 1472 4726 ἀρχὴ,
1502 4656 1661 4727 εἰπερ
1693 4673 1747 4710 τι
1774 4657 1900 4713 ἐαυ-

294 4748 407 4817 τῆς
440 4744 554 4815 ἔχει
583 4744 835 4814 ἐξωτέρω
856 4761 871 4775 ο
902 4742 1024 4798 οὔτε
1049 4745 1110 4797 τὸ
1129 4739 1196 4815 ἦν
1224 4745 1515 4809 διαϐάντας
1546 4746 1623 4817 τῷ
1652 4745 1900 4817 λογισμῷ

294 4840 385 4899 εἰς
415 4834 478 4887 τὸ
506 4834 595 4887 ὅτε
627 4832 729 4886 οὐκ
755 4827 825 4902 ἦν
848 4830 1075 4886 δυνατὸν
1094 4831 1432 4904 ύπερκύψαι.
1474 4834 1761 4903 ’Ᾱθέτησις
1789 4838 1899 4904 γάρ

296 4937 433 4986 ἐστι
462 4929 561 4984 τοῦ
589 4924 663 5001 ἦν
690 4930 722 4999 ἢ
752 4928 846 4983 τοῦ
873 4930 963 4983 ὅτε
991 4929 1093 4983 οὐκ
1120 4924 1189 5002 ἦν
1219 4929 1453 4987 ἐπίνοια.
1483 4931 1546 4984 Ei
1589 4932 1689 5003 μὲν
1727 4931 1836 5004 γὰρ
1863 4932 1896 5003 ἡ

294 5019 458 5094 ἁρχὴ
495 5021 611 5076 τῶν
645 5021 786 5093 πρὸς
824 5020 1010 5093 ἕτερον
1048 5020 1357 5092 λεγομένων
1390 5018 1479 5096 ἦν,
1521 5022 1596 5086 ὡς
1638 5023 1700 5076 τὸ
1739 5023 1894 5093 ἀρχῇ

296 5119 563 5185 σοφίας,
603 5114 698 5167 καὶ
737 5111 897 5182 ἁρχὴ
944 5111 1089 5167 ὀδοῦ
1132 5111 1381 5182 ἀγαθῆς,
1431 5114 1526 5168 καὶ
1587 5112 1692 5170 Ἐν
1735 5114 1896 5184 ἀρχῇ

298 5188 608 5274 ἐςῶίησεγ
636 5207 671 5260 ό
705 5205 872 5272 Θεὸς,
901 5199 970 5276 ἦν
1001 5204 1068 5259 ἂν
1098 5206 1260 5277 τυχδν
1290 5204 1383 5259 τοῦ
1421 5208 1486 5261 ὲκ
1510 5206 1764 5279 τοιαύτης
1800 5212 1899 5278 ἀρ-

303 5299 415 5372 χῆς
436 5297 751 5367 ὑφεστῶτος
774 5295 841 5349 δι’
863 5298 1212 5368 ἐνθυμήσεως
1238 5298 1540 5369 ὑπερϐῆναι
1578 5298 1676 5369 τὴν
1709 5301 1898 5370 γέννη-

308 5407 399 5445 σιν
423 5405 439 5420 ’
473 5389 666 5459 ἐπειδὴ
688 5388 744 5441 δὲ
764 5387 824 5440 τὸ
849 5388 1246 5459 σημαινόμενον
1271 5390 1420 5442 τουτὶ
1442 5390 1536 5460 τῆς
1564 5389 1738 5461 ἀρχῆς
1767 5392 1900 5443 ἁπο-

305 5480 612 5551 λελυμὲνον
662 5482 759 5535 καὶ
807 5470 1035 5552 ἄσχετον
1071 5480 1169 5553 τὴν
1204 5481 1468 5536 ἀνωτάτω
1517 5482 1678 5552 φύσιν
1724 5483 1895 5553 δηλοῖ,

310 5572 454 5639 πῶς,
472 5571 538 5624 οὐ
562 5570 969 5641 καταγέλαστος
988 5577 1015 5627 ὁ
1043 5574 1112 5629 τὰ
1135 5572 1386 5645 ἐξωτέρω
1407 5576 1610 5647 ταύτης
1632 5576 1889 5639 ἐπινοῶν,

306 5667 348 5737 ἦ
404 5665 705 5737 ἐπιχειρῶν
760 5668 932 5739 αὐτὴν
987 5666 1099 5732 τοῖς
1152 5669 1435 5740 λογισμοῖς
1493 5669 1898 5741 ύπερϐάλλειν;

383 5762 400 5793 ⁸
426 5760 643 5831 Lucav,
677 5760 762 5820 25.

2003 3267 2074 3324 lia
2109 3286 2234 3324 cum
2287 3285 2446 3326 antea
2471 3289 2581 3328 non
2610 3275 2738 3335 sint.
2793 3283 2979 3344 postea
3008 3285 3358 3346 generantur,
3390 3284 3445 3330 et
3473 3290 3595 3344 quae

2005 3359 2169 3415 hodie
2190 3372 2339 3429 sunt,
2372 3363 2489 3418 beri
2524 3380 2634 3418 non
2666 3375 2842 3428 erant,
2878 3365 3019 3420 hanc
3044 3365 3292 3420 eamdem
3324 3365 3593 3419 rationem

2000 3454 2067 3505 ad
2099 3451 2377 3522 Unigeniti
2429 3466 2679 3510 naturam
2728 3455 2915 3510 refert.
2972 3457 3040 3511 Et
3073 3455 3352 3525 quoniam,
3395 3454 3594 3523 inquit,

2002 3546 2221 3614 genitus
2282 3556 2390 3613 est,
2425 3564 2533 3601 non
2567 3557 2687 3603 erat
2720 3563 3013 3618 antequam
3065 3550 3401 3618 gigneretur.
3456 3546 3595 3602 Tam

2002 3641 2289 3710 magniﬁce
2334 3641 2490 3696 nobis
2550 3652 2731 3697 ortum
2785 3639 3063 3712 Unigeniti
3120 3641 3415 3711 theologus
3492 3640 3597 3695 iste

2001 3733 2263 3799 declarat,
2293 3741 2347 3787 et
2374 3734 2677 3788 istiusmodi
2708 3733 2888 3787 verbis
2920 3734 3151 3787 fratrum
3178 3734 3398 3788 morbos
3415 3742 3594 3798 curat,

2001 3823 2224 3895 dignus,
2246 3825 2290 3880 si
2323 3825 2612 3895 quisquam
2639 3827 2801 3892 alius,
2828 3828 2884 3881 in
2908 3842 3068 3894 quem
3121 3827 3474 3895 proverbium
3525 3826 3594 3878 il-

2000 3914 2089 3970 iud
2115 3915 2394 3985 iactetur;
2441 3915 2662 3982 Mediae,
2705 3926 2919 3972 curate
2971 3902 3145 3987 ipsum
3195 3917 3236 3972 ¹.
3308 3916 3594 3983 Quodnam

2012 4008 2480 4063 medicamentum
2520 4009 2664 4080 turpi
2699 4011 2784 4064 isti
2820 4011 3023 4064 mentis
3055 4009 3247 4063 morbo
3302 4010 3591 4063 adhibebi-

2000 4116 2145 4169 mus,
2181 4103 2284 4158 nisi
2320 4103 2488 4168 alind,
2525 4104 2668 4174 quod
2703 4119 2731 4157 a
2768 4101 2974 4169 Spiritu
3038 4111 3232 4157 sancto
3279 4102 3436 4156 nobis
3501 4117 3597 4171 per

2003 4192 2268 4250 Joannem
2295 4198 2598 4251 exhibitttm
2635 4205 2717 4249 est
2750 4195 2901 4250 hisce
2932 4195 3153 4249 verbis:
3218 4191 3284 4247 In
3337 4194 3596 4264 principio

2004 4298 2119 4343 erat
2160 4285 2406 4354 Verbum,
2438 4298 2486 4342 et
2518 4287 2742 4342 Verbum
2775 4302 2891 4341 erat
2951 4292 3094 4356 apud
3142 4284 3313 4339 Deum
3359 4295 3407 4338 et
3446 4283 3594 4339 Deus

2002 4390 2122 4436 erat
2190 4380 2463 4437 Verbum?
2539 4380 2728 4452 Neque
2783 4378 3056 4451 principio
3112 4381 3411 4450 quidquam
3502 4388 3595 4445 est

2003 4475 2297 4545 antiquius.
2326 4473 2382 4528 Si
2409 4474 2541 4545 quid
2572 4475 2720 4528 enim
2752 4489 2918 4543 supra
2941 4488 3001 4527 se
3029 4473 3263 4527 haberet
3305 4487 3417 4526 non
3449 4481 3595 4526 esset

2006 4565 2357 4636 principium.
2379 4564 2566 4634 Neque
2588 4565 2713 4620 licet
2738 4564 2886 4629 illud,
2918 4575 3056 4628 erat,
3088 4564 3418 4637 cogitatione
3443 4571 3590 4617 tran-

2007 4660 2181 4719 silire.
2214 4669 2269 4714 et
2290 4659 2513 4729 quando
2540 4674 2649 4713 non
2679 4665 2817 4719 erat,
2850 4656 3075 4712 intueri.
3107 4656 3241 4709 Dum
3272 4655 3417 4709 enim
3445 4655 3594 4725 cogi-

2008 4757 2186 4804 tamus
2213 4764 2321 4803 non
2355 4758 2499 4811 erat,
2527 4742 2956 4810 tollimusiillud,
2999 4754 3135 4799 erat.
3176 4744 3313 4798 Nam
3344 4743 3387 4798 si
3436 4744 3593 4812 prin-

2004 4840 2209 4910 cipiunt
2239 4840 2342 4894 hoc
2396 4849 2545 4896 esset
2602 4855 2668 4893 ex
2721 4852 2912 4892 eorum
2980 4851 3210 4890 numero
3272 4852 3393 4905 quae
3469 4849 3593 4897 cum

2006 4936 2189 5006 aliquo
2219 4933 2602 5000 conferuntur,
2645 4942 2701 4988 ut
2736 4933 2903 4987 illud:
2938 4930 3592 5000 Principinmsapicnlia’,

2007 5036 2082 5093 et,
2128 5029 2445 5097 principium
2481 5029 2578 5081 via:
2608 5026 2773 5087 boum.
2804 5034 2877 5086 et,
2902 5023 2964 5078 In
2996 5024 3255 5092 principio
3289 5024 3408 5093 fecit
3432 5022 3592 5085 Deus,

2009 5118 2202 5175 liceret
2230 5122 2464 5174 fortasse
2498 5127 2679 5171 ortum
2738 5116 2905 5181 illius,
2932 5117 3024 5186 qui
3085 5130 3148 5170 ex
3175 5114 3266 5168 tali
3318 5114 3592 5183 principio

2010 5221 2311 5276 constaret,
2360 5209 2693 5278 cogitatione
2744 5208 3154 5264 transcendere.
3199 5206 3334 5260 Cum
3407 5216 3592 5261 autem

2013 5297 2269 5354 absoluta
2322 5296 2393 5352 sit
2429 5296 2518 5351 hic
2573 5296 2826 5367 principii
2879 5296 3035 5361 ratio,
3073 5310 3177 5349 nec
3230 5310 3355 5348 cum
3385 5296 3487 5349 alia
3537 5310 3594 5350 re

2010 5391 2346 5457 conferatur,
2377 5393 2471 5445 sed
2515 5406 2783 5446 summam
2818 5399 3066 5444 naturam
3121 5388 3347 5453 indicet,
3408 5403 3593 5444 nonne

2011 5486 2284 5542 ridiculus
2342 5493 2446 5550 cst,
2488 5484 2579 5555 qui
2643 5499 2804 5554 supra
2858 5482 3188 5554 principium
3218 5480 3323 5536 hoc
3391 5481 3594 5551 aliquid

2013 5578 2240 5649 cogitat.
2271 5587 2366 5632 aut
2399 5585 2627 5632 conatur
2654 5577 2833 5647 ipsum
2877 5576 3094 5631 ratione
3128 5575 3435 5646 superare?
3462 5575 3597 5630 Illud

2006 5681 2215 5736 autem,
2251 5670 2407 5737 Erat,
2440 5668 2754 5727 extenditur
2785 5684 2852 5726 ex
2893 5682 3050 5742 atque
3082 5682 3210 5726 cum
3244 5667 3412 5739 hujus
3441 5667 3595 5741 prin-
