4008 6208
293 253 395 320 εει

1266 249 1642 310 PANOPLIA
1682 252 2138 314 DOGMATICA.
2171 277 2240 290 --
2277 257 2426 316 ΤΙΤ.
2467 257 2573 320 XI.

3447 264 3551 328 522

289 396 378 454 οὖν
399 399 493 454 τοῦ
521 400 855 470 Εύαγγελίου
879 401 1133 472 λάϐωμεν
1155 399 1235 466 τὸ,
1275 403 1378 456 Ἐν
1401 401 1560 473 ἀρχῇ
1595 403 1676 472 ἦν
1704 408 1736 459 ό
1766 409 1866 459 Ad-

1975 419 2039 461 ει
2079 401 2365 472 Evangelio
2395 401 2611 472 quidem
2655 417 2935 460 sumamus
2968 405 3139 464 illud:
3173 407 3241 465 Ιιι
3290 414 3542 484 principio

291 510 393 561 νος
411 506 425 519 ·
461 492 527 544 ἐκ
550 491 608 544 δὲ
632 491 725 545 τοῦ
746 492 966 564 ψαλμοῦ
1002 494 1078 556 ὼς
1105 495 1170 546 ὲκ
1212 493 1504 564 προσώπου
1533 491 1628 547 τοῦ
1663 497 1873 568 Harpe;

288 581 580 654 εἰρημένον
613 582 694 647 τὺ,
729 584 824 637 Ἐκ
846 584 1112 653 γαστρὸς
1149 585 1264 654 πρὸ
1297 587 1608 657 suasa,de
1781 608 1872 661 τε-

285 672 556 741 τέννηκά
588 690 696 728 σε·
727 677 822 728 καὶ.
847 675 1130 740 συνθέντες
1158 678 1466 751 ἀμφότερα,
1500 681 1768 753 εἴπωμεν,
1789 684 1874 738 ὅτι

285 766 380 818 καὶ
415 761 486 836 ἧν
534 769 628 820 καὶ
656 766 1001 836 γεγέννηται.
1045 769 1206 824 Ἀλλὰ
1233 771 1294 823 τὸ
1340 773 1458 842 μὲν,
1494 773 1871 845 Γεγένικηκα,

283 858 383 927 τὴν
415 858 600 910 αἰτίαν
621 859 713 928 ἀφ’
741 853 810 932 ἦς
837 859 950 930 ἔχει
974 860 1072 931 τὴν
1096 861 1273 931 ἀρχὴν
1297 861 1392 915 τοῦ
1423 860 1563 918 εἶναι
1591 866 1866 936 σημαίνει*

283 949 346 1001 τὸ
365 948 448 1010 δὲ,
480 944 624 1012 Ἦν,
657 950 756 1020 τὴν
782 951 1010 1021 ἄχρονον
1036 952 1201 1006 αὑτοῦ
1222 955 1316 1007 καὶ
1339 954 1662 1023 προαιώνιον
1690 956 1871 1030 ὓπαρ-

285 1037 388 1102 ξιν.
433 1041 492 1092 '0
537 1040 616 1102 δὲ,
667 1042 1142 1114 ἐπαγωνιζόμενος
1179 1047 1243 1116 τῇ
1297 1047 1492 1102 ἑαυτοῦ
1529 1049 1746 1122 ἀπάτῃ,
1790 1053 1870 1114 είς

284 1132 489 1184 ἄτοπον
519 1131 612 1185 τὸν
649 1132 804 1202 λόγον
823 1134 1060 1204 ἀπάγειν
1085 1137 1277 1190 οἴεται.

357 1314 523 1368 ΕΥΝ.
583 1317 645 1368 Εἰ
677 1316 802 1388 γὰρ,
852 1318 1005 1390 φησι,
1059 1319 1164 1392 πρὸ
1194 1321 1294 1392 τῆς
1317 1312 1622 1397 γεννήσεως
1803 1321 1873 1398 ἦν

286 1405 384 1475 τῆς
421 1405 617 1458 ἑαυτοῦ
645 1407 674 1456 ὁ
703 1407 849 1472 Υἱὸς,
886 1408 1182 1482 ἁγέννητος
1214 1408 1301 1483 ἦν.

359 1497 511 1549 ΒΛΣ.
555 1497 713 1551 Ἀλλὰ
763 1500 825 1552 τὸ
868 1499 980 1568 πρὸ
1026 1500 1136 1570 τῆς
1195 1502 1532 1573 γεννήσεως
1596 1508 1785 1573 τοῦτο,
1827 1504 1873 1565 ὦ

291 1589 514 1658 μάταιε,
564 1590 684 1658 ἦτοι
726 1591 1078 1663 ἀνύπαρκτόν
1123 1595 1238 1648 ἐστι
1282 1597 1590 1662 παντελῶς,
1625 1601 1719 1654 καὶ
1759 1601 1874 1656 δια⁸

288 1681 440 1744 νοίας
471 1681 832 1753 ἀναπλασμὺς
859 1685 1037 1739 οὐδενὶ
1077 1687 1429 1761 ὲρειδομένης
1476 1691 1823 1767 ὑποκειμένῳ
1853 1713 1867 1728 ο

286 1776 385 1826 καὶ
444 1773 498 1826 τί
548 1772 629 1826 δεῖ
675 1774 977 1844 ἀντιλέγειν
1009 1781 1122 1842 τοϊς
1171 1780 1455 1851 ἀνοήτοις;
1488 1785 1871 1859 παραπλήσιον

285 1864 400 1934 γὰρ
428 1863 609 1928 τοῦτο,
634 1863 826 1936 ὥσπερ
849 1865 914 1919 ἂν
947 1868 995 1920 εί
1023 1869 1117 1922 καὶ
1147 1869 1224 1941 τῷ
1254 1869 1346 1924 τὸν
1366 1871 1622 1944 λογισμὸν
1647 1877 1712 1931 ἐκ
1736 1889 1870 1950 φρε-

285 1954 486 2018 νίτιδος
521 1955 906 2026 παρενεχθέντι
928 1957 1298 2031 διεμαχόμεθα
1329 1978 1342 1992 ·
1379 1963 1412 2033 ἢ
1438 1966 1485 2017 εί
1520 1967 1655 2035 πρός
1677 1983 1732 2020 τι
1762 1968 1870 2022 τῶν

282 2049 459 2100 ὄντων
508 2049 761 2118 φέρεται,
810 2049 902 2102 καὶ
960 2051 1093 2123 πρὸς
1117 2053 1215 2124 τὴν
1267 2054 1375 2108 τῶν
1404 2056 1614 2111 αἰώνων
1664 2059 1870 2115 ἔννοιαν

286 2139 668 2209 ἐνεχθήσεται.
727 2139 864 2192 Ἀλλ’
891 2143 1047 2217 εἴπερ
1080 2129 1276 2209 αἰῶνες
1324 2148 1525 2213 πάντες
1571 2151 1723 2205 κάτω
1767 2170 1869 2207 που

283 2232 386 2301 τῆς
412 2231 687 2298 γενέσεως
884 2233 980 2288 τοῦ
1021 2237 1359 2306 Μονογενοῦς
1403 2239 1671 2308 νοούνται,
1703 2245 1868 2300 αὐτοῦ

285 2319 700 2388 ἑκείνουίὸντες
734 2327 1036 2398 ποιήματα,
1093 2327 1324 2399 μάταιος
1372 2333 1402 2386 ὁ
1455 2332 1731 2405 ἐπιζητῶν
1773 2337 1870 2409 τῆς

283 2417 641 2480 ὑποστάσεως
691 2416 787 2470 τοῦ
846 2417 976 2472 Υίοῦ
1029 2419 1100 2472 τὰ
1148 2421 1513 2496 πρεσϐύτερα.
1547 2426 1714 2481 Οὐδὲν
1759 2428 1870 2500 γὰρ

283 2505 630 2576 ἀλλοιότερον
649 2508 849 2579 ἐρωτᾷ,
884 2509 916 2579 ἥ
949 2510 997 2562 εί
1017 2509 1112 2564 καὶ
1151 2512 1282 2584 περὶ
1311 2513 1406 2567 τοῦ
1457 2515 1672 2588 Πατρδς
1705 2519 1870 2572 ἐπυν-

286 2596 509 2662 θάνετο,
547 2600 777 2670 πότερον
826 2602 1037 2674 ὑπῆρχε
1083 2603 1188 2673 πρὸ
1223 2605 1324 2677 τῆς
1355 2606 1493 2671 ίδίας
1531 2610 1867 2677 συστάσεως,

283 2689 499 2760 ῆούχίε
529 2691 618 2753 Ὠς
647 2691 755 2762 γὰρ
789 2693 914 2746 ἐκεῖ
934 2693 1163 2766 ἀνόητον
1208 2696 1268 2749 τὸ
1303 2695 1565 2770 ἐρώτημα
1588 2741 1604 2767 ,
1645 2702 1739 2755 lari.
1773 2705 1870 2760 τοῦ

284 2781 528 2853 ἀνάρχου
583 2783 680 2835 καὶ
733 2784 1032 2856 ἀγεννήτου
1072 2785 1253 2857 ζητεῖν
1283 2787 1344 2841 τὸ
1386 2789 1660 2866 ἀνώτερον
1679 2809 1693 2825 ⁸
1727 2793 1870 2851 οὕτω

283 2873 382 2926 καὶ
408 2873 666 2939 ἐνταῦθα,
706 2875 800 2928 ἐπὶ
836 2879 932 2930 τοῦ
961 2877 1021 2944 ἐξ
1059 2877 1228 2934 ἀϊδίου
1257 2881 1335 2951 τῷ
1371 2881 1548 2955 Πατρϊ
1597 2886 1865 2955 συνόντος,

282 2968 382 3020 καὶ
405 2967 560 3025 οὐδὲν
583 2967 796 3039 ἔχοντος
833 2971 999 3042 μέσον
1031 2973 1225 3026 ἑαυτοῦ
1247 2991 1306 3027 τε
1331 2976 1428 3028 καὶ
1452 2976 1547 3029 τοῦ
1575 2981 1870 3052 γεννήσαν-

278 3063 394 3122 τος.
422 3060 681 3129 χρονικὰς
717 3063 983 3116 ποιεῖσθαι
1008 3063 1100 3116 τοῦ
1129 3065 1397 3137 προτέρου
1426 3067 1526 3131 τὰς
1548 3070 1572 3121 ὲ
1581 3072 1865 3142 ρωτήσεις,

275 3151 382 3221 τῆς
408 3153 531 3222 ἴσης
552 3152 722 3216 ὅντως
744 3154 946 3218 ἀνοίας.
971 3156 1361 3228 Παραπλήσιον
1375 3159 1485 3232 γὰρ
1619 3163 1826 3238 ἐρωτᾷν
1847 3205 1864 3230 ,

274 3242 333 3293 τί
371 3242 522 3304 ἔσται
555 3243 695 3311 μετὰ
726 3244 824 3316 τὴν
864 3245 1121 3318 τελευτὴν
1150 3247 1246 3300 τοῦ
1282 3248 1574 3315 ἀθανάτου,
1617 3254 1712 3307 καὶ
1743 3255 1866 3309 im-

1919 2636 1922 2639 .
1967 2595 2179 2650 Etenim
2210 2605 2269 2650 ιιι
2285 2595 2396 2652 illic
2423 2596 2511 2651 hic
2535 2597 2762 2668 quaestio
2781 2597 2944 2654 stulta
2974 2609 3079 2666 est,

1973 503 2084 548 erat
2127 491 2346 547 Verbum
2387 495 2402 524 ¹
2431 510 2446 557 ;
2480 495 2581 549 hoc
2638 507 2768 550 vero
2805 510 2872 551 ex
2907 496 3123 554 Psalmo
3168 501 3312 556 velut
3353 516 3385 556 e
3427 519 3547 573 per-
3599 538 3610 548 ο

1974 599 2106 640 sona
2137 583 2314 640 Patris
2350 584 2553 640 dictum
2584 602 2599 639 :
2631 584 2710 638 Ab
2733 596 2880 640 utero
2914 601 3037 643 ante
3078 590 3355 659 luciferum
3391 590 3605 662 geniti-—

1978 685 2026 728 te
2069 672 2131 740 ’;
2163 683 2326 744 atque
2361 675 2604 742 utrisque
2639 675 2780 730 inter
2812 690 2872 730 sc
2917 679 3230 747 compositis
3257 663 3544 736 dicamus:

1977 767 2042 822 Et
2069 779 2208 834 erat,
2237 775 2295 823 et
2330 767 2542 835 genitus
2562 779 2666 824 est.
2700 767 2896 824 Verum
2921 785 3024 824 vox
3059 768 3228 825 Genui
3261 787 3478 829 causam
3516 789 3546 828 a

1977 874 2081 928 qua
2132 857 2457 928 principium
2493 860 2656 916 habet
2695 862 2919 926 escendi,
2953 863 3263 932 signiﬁcat:
3305 880 3406 920 vox
3453 882 3546 920 au-

1977 961 2106 1016 tem,
2140 949 2293 1018 Erat,
2342 951 2543 1006 indicat
2587 951 2704 1018 eius
2742 953 3114 1007 exsistentiam
3169 963 3411 1024 tempore
3453 972 3548 1011 ca-

1978 1052 2184 1097 rentem
2228 1057 2293 1097 ac
2325 1043 2733 1113 sempiternam.
2776 1043 2882 1098 Sed
2924 1058 3052 1098 vero
3097 1058 3195 1113 pro
3226 1061 3322 1100 sua
3361 1046 3549 1102 fraude

1974 1134 2257 1188 decertans
2289 1134 2920 1199 Eunomius,oratiouem
2951 1135 3018 1188 ad
3046 1135 3341 1192 absurdum
3377 1138 3548 1194 adduc

1972 1239 2095 1281 cere
2124 1240 2184 1282 se
2213 1235 2387 1296 putat.

2041 1314 2178 1371 Eun.
2215 1314 2273 1370 Si
2316 1317 2462 1371 enim
2491 1356 2507 1381 ,
2539 1317 2733 1386 inquit,
2785 1327 2911 1374 ante
2958 1333 3111 1374 suam
3144 1321 3547 1391 generationem

1971 1405 2140 1462 Filius
2163 1415 2305 1470 erat,
2345 1409 2614 1478 ingenitus
2642 1419 2782 1464 erat.

2039 1499 2166 1553 Bas.
2191 1499 2261 1554 At
2292 1499 2441 1565 illud,
2478 1510 2599 1554 ante
2636 1503 3048 1578 generationem,
3070 1507 3124 1559 0‘
3141 1505 3227 1559 vir
3258 1520 3417 1570 vane,
3453 1516 3550 1561 aut

1969 1589 2114 1643 nullo
2141 1589 2299 1644 modo
2339 1589 2604 1654 subsistit,
2665 1594 2972 1662 mentisque
3013 1593 3142 1647 nulli
3187 1595 3433 1665 subjecto
3463 1598 3549 1650 in-

1969 1679 2224 1734 hrereutis
2262 1690 2626 1735 commentum
2677 1690 2779 1738 est.
2811 1682 2916 1738 Sed
2956 1683 3086 1753 quid
3121 1686 3318 1739 attinet
3367 1686 3547 1740 stultis

1966 1769 2348 1827 contradicere
2378 1770 2402 1824 ?
2428 1772 2532 1827 hoc
2563 1777 2708 1827 enim
2757 1773 2981 1842 perinde
3019 1785 3102 1830 est
3133 1785 3298 1846 atque
3330 1791 3450 1831 cum
3483 1792 3548 1832 eo

1970 1864 2303 1920 contendere
2324 1903 2341 1930 ,
2371 1864 2459 1919 cui
2487 1865 2712 1920 rationis
2751 1880 2905 1921 usum
2940 1865 3222 1937 phrenesis
3264 1868 3546 1924 ademerit.

1967 1957 2074 2009 Aut
2100 1957 2144 2010 si
2176 1955 2243 2010 ad
2269 1956 2544 2026 quidpiam
2584 1971 2770 2012 eorum
2805 1973 2925 2026 quae
2965 1967 3092 2014 sunt
3126 1961 3322 2024 tendit,
3353 1961 3418 2015 ad
3449 1975 3550 2016 sa:-

1967 2047 2210 2102 culorum
2247 2063 2464 2119 quoque
2493 2049 2769 2104 notionem
2796 2049 3111 2106 deducetur.
3148 2050 3346 2106 Verum
3379 2053 3423 2107 si
3453 2068 3551 2107 sa:-

1966 2137 2084 2192 cula
2123 2140 2304 2193 omnia
2341 2139 2480 2194 infra
2504 2140 2908 2210 generationem
2939 2139 3212 2212 Unigeniti
3238 2142 3548 2212 intelligun-

1969 2236 2074 2291 tur,
2105 2245 2229 2284 cum
2272 2230 2418 2286 illius
2461 2231 2633 2300 ipsius
2679 2232 2790 2286 sint
2819 2242 3102 2298 creaturae,
3128 2247 3300 2286 vanus
3336 2244 3419 2288 est
3451 2235 3542 2303 qui

1965 2319 2094 2390 quid
2150 2321 2456 2376 substantia
2490 2320 2611 2376 Filii
2667 2323 2944 2391 antiquius
2977 2325 3192 2392 quzerit.
3215 2323 3361 2378 Nihil
3399 2327 3545 2380 enim

1965 2412 2192 2468 alienius
2223 2413 2437 2483 quaerit,
2455 2428 2619 2482 quam
2651 2414 2696 2469 si
2725 2414 2792 2469 de
2819 2413 2977 2469 Patre
2999 2415 3161 2470 etiam
3199 2427 3546 2485 percontare-

1969 2514 2078 2567 tur,
2098 2515 2276 2559 utrum
2304 2515 2432 2560 ante
2458 2520 2613 2560 suam
2635 2505 3080 2562 constitutionem
3115 2507 3378 2573 fuerit,an
3415 2525 3542 2566 nou.

3302 2615 3545 2670 quaerere

1965 2688 2218 2744 videlicet
2246 2689 2299 2743 in
2321 2703 2386 2745 eo
2407 2690 2498 2759 qui
2523 2691 2788 2760 principio
2821 2699 3046 2748 caretac
3072 2690 3342 2762 ingenitus
3358 2699 3442 2745 est
3453 2706 3546 2746 su-

1964 2779 2147 2850 perius
2173 2780 2426 2850 quiddam
2450 2795 2464 2832 :
2499 2781 2571 2836 ita
2593 2782 2680 2839 hic
2706 2796 2923 2853 quoque
2946 2783 3011 2838 de
3032 2797 3098 2838 eo
3127 2783 3220 2852 qui
3245 2782 3314 2838 ab
3337 2792 3544 2840 aeterno

1964 2881 2048 2926 est
2075 2887 2198 2928 cum
2231 2871 2416 2936 Patre,
2444 2873 2687 2944 nihilque
2719 2873 2879 2930 habet
2911 2875 3072 2929 medii
3115 2875 3254 2929 inter
3286 2889 3346 2931 se
3367 2883 3424 2930 et
3453 2890 3546 2944 ge-

1965 2962 2234 3029 nitorem,
2271 2964 2596 3032 temporales
2629 2963 2811 3020 t‘acere
2853 2971 2917 3020 de
2947 2965 3126 3036 priore
3176 2967 3540 3035 quaestiones;

1964 3053 2188 3123 aequalis
2227 3054 2711 3123 planedementia:
2749 3065 2851 3111 est.
2881 3054 3015 3110 Nam
3058 3058 3279 3125 perinde
3319 3059 3446 3125 erit,
3477 3073 3543 3113 ac

1963 3144 2010 3201 ai
2050 3145 2170 3214 quis
2196 3145 2496 3214 interroget
2522 3144 2649 3214 quid
2677 3143 2916 3200 futurum
2948 3146 3018 3200 sit
3045 3158 3164 3217 post
3185 3148 3391 3202 obitum
3429 3145 3544 3216 ejus

1926 3279 1934 3290 .
1967 3238 2408 3310 qtti'immortalis
2441 3248 2546 3304 est,
2588 3247 2902 3308 quaeratque
2941 3241 3070 3308 quid
3116 3240 3388 3295 exstiterit
3420 3251 3546 3297 ante

274 3334 470 3403 ζητεῖν
514 3334 569 3386 τί
609 3335 821 3406 ὑπῆρχε
861 3338 968 3408 πρὸ
993 3342 1090 3410 τῆς
1115 3343 1418 3414 γεννήσεως
1455 3342 1550 3396 τοῦ
1576 3344 1771 3400 ἀϊδίου.
1803 3348 1865 3402 Οί

1971 3330 2366 3400 generationem
2400 3330 2734 3400 sempiterni.
2786 3329 2848 3385 lli
2885 3342 3084 3395 autem,
3121 3332 3246 3402 quia
3297 3331 3545 3402 principii

271 3427 361 3490 δὲ,
390 3427 579 3498 ἐπειδὴ
613 3427 674 3480 τὸ
692 3430 926 3500 ἄναρχον
955 3430 1046 3484 τοῦ
1087 3433 1300 3504 Πατρός
1321 3435 1491 3490 ἀΐδιον
1519 3437 1863 3508 ὀνομάζεται,
1907 3463 1915 3470 ν

271 3519 480 3570 ταυτὸν
512 3519 575 3571 τὸ
597 3520 816 3591 ἀνάρχῳ
844 3521 903 3574 τὸ
926 3522 1093 3577 ἀΐδιον
1120 3524 1506 3593 ἀποφαίνουσι,
1555 3530 1648 3582 καὶ⁹
1677 3531 1863 3603 ἐπειδὴ

275 3607 362 3678 μὴ
407 3609 704 3681 ἀγέννητος
751 3615 779 3665 ό
820 3614 964 3677 Υἱὸς,
992 3615 1111 3668 οὐδὲ
1140 3616 1309 3670 αἲδιον
1332 3613 1473 3672 εἶναι
1521 3621 1859 3691 ὁμολογοῦσι.

270 3697 543 3751 Πλεῖστον
589 3699 647 3752 δὲ
695 3701 940 3772 διαφέρει
970 3704 1116 3758 κατὰ
1141 3704 1240 3776 τὴν
1277 3706 1506 3763 ἔννοιαν.
1546 3711 1864 3784 Ἀγέννητον

273 3789 384 3858 μὲν
435 3791 546 3861 γὰρ
577 3791 793 3861 λέγεται
827 3794 886 3847 τὺ
914 3795 1187 3867 μηδεμίαν
1228 3799 1404 3871 ἀρχὴν
1454 3802 1673 3867 ἑαυτοῦ,
1728 3805 1862 3876 μηδὲ

270 3878 463 3932 αἰτίαν
495 3880 618 3951 ἕχον
647 3882 740 3936 τοῦ
771 3879 941 3939 εἶναι’
970 3887 1138 3942 ἀΐδιον
1165 3889 1222 3942 δὲ
1243 3889 1305 3942 τὺ
1326 3892 1514 3962 χρόνου
1546 3893 1747 3958 παντὸς
1767 3895 1860 3949 καὶ⁵

267 3969 476 4034 αἰῶνος
504 3973 724 4028 κατὰτὸ
749 3971 889 4030 εἶναι
913 3978 1304 4051 πρεσϐύτερον.
1334 3983 1496 4036 Ὅθεν
1532 3986 1626 4038 καὶ
1654 3986 1684 4038 ό
1703 3985 1856 4050 Υίὺς.

268 4057 376 4111 καὶ
427 4059 527 4112 ούκ
563 4062 873 4135 ἀγέννητος,
929 4068 1022 4120 καὶ
1073 4069 1261 4132 ἀΐδιος.
1309 4071 1448 4144 Ἤδη
1493 4072 1678 4128 δὲκαὶ
1734 4076 1859 4140 τοὺς

267 4147 488 4214 αἰῶνας
516 4149 730 4215 ἀξιοῦσί
768 4171 914 4220 τινες
967 4158 1064 4230 τῆς
1099 4159 1193 4212 τοῦ
1229 4159 1401 4215 ἀϊδίου
1589 4179 1860 4236 προσηγο-

269 4239 422 4312 ρίας,
460 4241 537 4305 ὡς
560 4244 626 4296 ὲκ
651 4244 745 4298 τοῦ
773 4247 860 4299 ἀεὶ
890 4243 1029 4302 εἶναι
1062 4250 1164 4320 τῆς
1189 4250 1433 4323 κλήσεως
1455 4253 1662 4326 ταύτης
1699 4273 1857 4310 τετυ-

267 4337 533 4407 χηκότας.
587 4339 776 4411 Ἡμεῖς
827 4343 886 4396 δὲ
923 4345 1022 4415 τῆς
1078 4345 1248 4416 αὐτῆς
1305 4345 1632 4418 λογιζόμεθα
1685 4367 1859 4422 παρα-

271 4429 428 4491 νοίας
452 4429 544 4482 καὶ
578 4433 645 4500 τῇ
673 4431 846 4486 κτίσει
883 4436 1326 4506 προσμαρτυρεῖν
1350 4436 1411 4488 τὸ
1437 4436 1626 4502 ἀΐδιον,
1653 4441 1747 4492 καὶ
1770 4440 1860 4494 τὸν

273 4519 559 4590 Δεσπότην
587 4521 687 4590 τῆς
711 4523 940 4588 κτίσεως
966 4525 1063 4592 τῆς
1094 4524 1383 4596 ὁμολογίας
1409 4526 1610 4598 ταύτης
1633 4529 1859 4584 ἀποστε-

276 4625 416 4673 ρειν.

711 4716 811 4771 Ἐκ
853 4716 960 4770 τοῦ
994 4717 1183 4771 αὑτοῦ
1215 4720 1423 4787 λόγου.

343 4805 450 4860 Τδν
481 4811 746 4879 μονογενῆ
776 4809 910 4863 Υίὸν
939 4809 1215 4880 ὑπουργὸν
1239 4813 1672 4885 προσηγόρευσε,
1699 4815 1856 4870 τοῦτο

273 4900 427 4971 αὐτῷ
458 4901 777 4971 προστιθεὶς
810 4902 980 4972 μέγα,
1013 4905 1095 4958 ὅτι
1126 4903 1346 4967 εὔθετος
1375 4905 1514 4978 πρὸς
1544 4907 1645 4980 τὴν
1669 4908 1858 4963 διακο-

279 4991 401 5046 νίαν
427 4993 550 5060 ετῶν
605 4994 1057 5064 ἐπιτασσομένων
1090 4996 1260 5052 ιστίν.
1291 4996 1355 5050 Ei
1400 4997 1510 5068 γὰρ
1545 4999 1645 5053 οὐκ
1676 5001 1736 5053 ὲν
1785 4999 1864 5066 τῷ

281 5084 404 5155 Θιῷ
444 5081 591 5140 εῖναι
623 5088 826 5152 τέλειος
863 5088 962 5158 τὴν
1009 5085 1170 5154 δόξαν
1211 5088 1506 5160 κέκτηται,
1546 5091 1663 5146 ἀλλ’
1701 5093 1758 5144 ἐν
1790 5093 1866 5162 τῷ

279 5175 548 5250 ύπουργδς
577 5177 834 5249 ἀκριϐὴς.
861 5181 914 5232 τί
937 5181 1129 5252 διοίσει
1155 5182 1265 5236 τῶν
1290 5181 1680 5255 λειτουργικῶν
1703 5202 1862 5238 πνευ-

283 5269 465 5336 μάτων
496 5272 805 5342 ἀμέμπτως
837 5272 899 5326 τὸ
922 5272 1085 5344 Ξργον
1121 5275 1220 5342 τῆς
1247 5275 1526 5339 διακονίας
1550 5275 1862 5330 ἐπιτελούν-

279 5376 423 5427 cui»;
461 5365 562 5418 Διὰ
593 5365 764 5420 ταῦτα
791 5364 871 5435 τῷ
899 5368 1183 5435 γεννηθεὶς
1221 5367 1278 5420 τὸ
1307 5367 1549 5431 κτισοεὶς
1584 5369 1821 5438 συνῆψεν
1844 5410 1858 5433 ,

279 5451 372 5509 ἶνα
414 5457 707 5513 κάντεῦθεν
757 5461 1027 5529 μηδεμίαν
1065 5457 1234 5514 οὖσαν
1274 5461 1405 5516 Υίοῦ
1443 5463 1536 5515 καὶ
1571 5463 1868 5533 κτίσματος

281 5546 542 5619 διαφορὰν
563 5552 830 5624 ἐπιδείξῃ.
861 5552 1051 5618 ’Ἄξιον
1075 5553 1133 5607 δὲ
1162 5553 1394 5608 ἀκοῦσαι
1420 5555 1634 5624 καὶτῆς
1663 5572 1860 5624 παραι-

359 5714 372 5742 ¹
401 5713 558 5771 Joan.
585 5732 623 5779 t,
657 5715 709 5770 ί.
787 5716 806 5746 ⁸
833 5714 974 5772 Psal.
1003 5730 1117 5778 ειι.
1147 5716 1204 5770 ‘5.

628 5808 897 5870 PATHOL.
939 5809 1054 5868 Gn.
1088 5807 1352 5870 CXXX.

1933 3419 2020 3482 giu
2049 3419 2208 3480 Patre
2243 3421 2476 3490 privatio
2503 3423 2778 3477 aternitas
2817 3423 3145 3488 nominatur,
3185 3425 3543 3492 privationem

1965 3512 2214 3584 principii
2250 3513 2550 3567 decernunt
2571 3514 2709 3568 idem
2745 3529 2866 3570 esse
2900 3523 3064 3582 atque
3092 3515 3546 3580 acternitatem,et

1965 3604 2218 3674 quoniam
2243 3602 2412 3658 Filius
2442 3619 2547 3660 non
2571 3614 2654 3660 est
2693 3605 2990 3676 ingenitus,
3021 3619 3088 3660 ne
3118 3615 3382 3660 aeternum
3417 3605 3543 3674 qui-

1962 3691 2084 3747 dem
2124 3707 2244 3748 esse
2276 3693 2739 3763 proﬁtentur.5ed
2780 3704 2958 3750 tamen
2995 3697 3108 3750 haec
3146 3695 3397 3751 dill‘erunt
3420 3697 3544 3766 plu-

1966 3783 2160 3837 rimum
2207 3782 2624 3852 signiﬁcatione.
2654 3782 2789 3839 Nam
2827 3786 3122 3855 ingenitum
3150 3787 3370 3852 dicitur,
3399 3789 3542 3857 quod

1965 3886 2142 3942 neque
2197 3874 2521 3942 principium
2554 3876 2636 3931 sui
2678 3875 2867 3947 ipsius,
2909 3890 3081 3944 neque
3122 3890 3340 3932 causam
3385 3886 3442 3931 ut
3472 3879 3542 3932 sit

1966 3964 2128 4019 habet
2157 3982 2173 4019 :
2207 3973 2470 4020 aeternum
2503 3981 2654 4033 vero,
2694 3968 2834 4036 quod
2875 3977 3116 4038 tempore
3157 3969 3302 4022 omni
3337 3977 3391 4022 et
3427 3983 3542 4024 aevo

1964 4054 2259 4109 secundum
2292 4071 2402 4110 esse
2429 4057 2705 4127 antiquius
2757 4068 2863 4113 est.
2906 4058 3054 4115 Unde
3091 4069 3144 4114 et
3173 4058 3339 4114 Filius
3371 4067 3430 4115 ut
3459 4069 3543 4116 est

1965 4161 2074 4202 non
2092 4146 2383 4217 ingenitus,
2404 4149 2478 4203 ita
2498 4158 2731 4206 aeternus
2749 4146 2850 4206 est:
2868 4150 2990 4206 iam
3015 4167 3142 4207 vero
3161 4151 3356 4207 saecula
3378 4152 3541 4208 etiam

1964 4241 2152 4295 aeterni
2184 4241 2543 4312 appellatione
2577 4243 2818 4299 nonnulli
2855 4245 3165 4314 dignantur,
3200 4244 3355 4314 quasi
3379 4259 3443 4299 ex
3475 4257 3543 4299 co

1967 4332 2110 4400 quod
2139 4346 2353 4402 semper
2375 4333 2506 4398 sint,
2548 4336 2649 4390 hoc
2672 4337 2904 4391 nominis
2923 4338 3118 4407 adepta
3147 4338 3276 4393 sint.
3303 4336 3412 4393 Nos
3445 4352 3544 4391 au-

1972 4431 2078 4478 tem
2112 4431 2165 4477 et
2197 4425 2463 4478 creaturis
2509 4426 2832 4481 aeternitatis
2867 4428 3230 4483 testimonium
3277 4429 3540 4499 praebere,

1968 4521 2023 4567 et
2056 4521 2424 4584 creaturarum
2469 4515 2751 4570 Dominum
2795 4517 2895 4572 hac
2935 4517 3276 4575 confessione
3305 4519 3539 4588 privare,

1970 4603 2210 4672 ejusdem
2242 4620 2362 4662 esse
2389 4609 2639 4664 amentia:
2663 4607 3013 4664 arbitramur.

2490 4727 2576 4782 Ea:
2608 4730 2788 4784 eodem
2827 4729 2988 4782 libro.

2036 4819 2389 4890 [inigenitum
2421 4820 2618 4876 Filium
2657 4821 2977 4876 ministrum
3023 4820 3334 4889 appellant,
3363 4830 3466 4873 noc
3491 4816 3543 4870 ei

1961 4925 2218 4980 magnum
2240 4911 2564 4994 attribuena,
2590 4913 2738 4983 quod
2755 4914 2823 4965 ad
2844 4926 3034 4966 eorum
3078 4925 3198 4980 quae
3217 4910 3548 4980 praecipiun-

1967 5010 2056 5055 tur
2101 5000 2466 5057 ministerium
2500 5000 2726 5056 idoneus
2774 5009 2882 5056 est.
2951 4999 3007 5057 Si
3044 5001 3191 5056 enim
3233 5013 3340 5053 nou
3382 4999 3437 5054 in
3474 5014 3544 5054 eo

1969 5095 2111 5163 quod
2170 5095 2309 5151 Deus
2337 5092 2612 5164 perfectus
2637 5094 2732 5158 sit,
2780 5089 3123 5162 maiestatem
3151 5092 3417 5162 possidet,
3447 5091 3544 5146 sed

1971 5187 2025 5240 ln
2057 5200 2122 5242 eo
2149 5185 2292 5256 quod
2323 5185 2542 5241 sedulus
2571 5189 2643 5242 sit
2679 5186 2950 5251 minister,
2984 5185 3100 5256 jam
3134 5199 3165 5239 ιι
3207 5183 3547 5240 ιιιϊιιϊειηιοο

1971 5275 2068 5329 riis
2096 5273 2396 5342 spiritibus,
2424 5274 2516 5343 qui
2570 5273 2840 5341 inculpate
2865 5272 3153 5328 ministerii
3195 5285 3336 5339 opus
3379 5270 3543 5341 perli-

1972 5365 2147 5427 ciunt,
2163 5378 2270 5433 qua
2317 5364 2370 5417 in
2402 5377 2462 5418 re
2495 5362 2750 5419 dileret?
2786 5363 2877 5418 llis
2906 5364 2975 5419 de
2989 5363 3170 5418 causis
3197 5363 3313 5418 voci
3341 5364 3550 5433 genitus

1977 5476 2158 5517 vocem
2184 5470 2388 5516 creatus
2411 5461 2711 5529 coniunxit,
2743 5461 2984 5514 utetiam
3017 5459 3144 5513 hinc
3174 5458 3372 5513 nullam
3400 5459 3552 5514 inter

1973 5554 2168 5608 Filium
2187 5563 2241 5609 et
2267 5563 2571 5610 creaturam
2590 5553 2960 5608 diversitatem
2990 5565 3114 5608 esse
3137 5551 3544 5608 ostendatJam

3152 5801 3224 5864 l7
