4008 6208
503 276 616 338 ’523

1740 263 2125 326 EU'I‘IlYMll
2169 264 2531 325 ZlGABENl

3671 261 3781 324 526

504 405 634 445 vero
662 400 841 458 opera:
878 384 1113 456 pretium
1142 382 1306 437 fuerit
1338 379 1481 435 illius
1504 392 1720 448 quoque
1753 376 2079 434 admooitioo

2193 378 2415 442 νέσεως.
2449 380 2523 432 Οὑ
2555 378 2683 449 χρὴ,
2722 379 2855 448 φησὶ
2877 421 2889 442 ,
2927 380 2992 449 τῇ
3032 376 3123 431 τοῦ
3156 376 3366 447 Πατρὶς
3400 375 3492 430 καὶ
3531 377 3625 430 τοῦ
3656 378 3790 432 Υξοῦ

508 498 629 538 nem
664 479 873 535 audire.
904 477 1023 532 Non
1053 483 1288 545 oportet,
1317 472 1513 541 inquit,
1544 486 1665 526 cum
1701 470 1879 525 Patris
1912 485 1974 523 ac
1999 468 2090 522 Fi-

508 575 563 628 lii
597 571 1008 642 appellationem
1040 564 1308 628 audimus,
1339 561 1459 630 ejus
1486 558 1887 631 generationem
1902 559 2089 614 butuao

510 680 633 719 nam
663 661 959 729 intelligere
995 673 1011 712 :
1046 670 1146 711 nec
1178 654 1453 710 hominum
1504 653 1855 721 generatione
1911 650 2088 704 addu-

506 765 644 818 ctos,
680 753 845 805 Deum
875 742 1273 802 communionis
1299 742 1612 799 nominibus
1634 738 2090 812 autpassionibus

505 841 793 908 subjicere.
825 834 1005 891 Monet
1029 832 1224 889 Filium
1244 832 1392 889 Patri
1409 832 1708 890 secundum
1728 832 2086 889 substantiam

438 946 441 949 '
504 934 733 989 similem
768 930 996 1000 intelligi
1023 945 1127 985 non
1170 938 1443 1000 oportere.
1501 926 1616 984 Hoc
1646 927 1792 983 enim
1828 925 1930 981 sibi
1972 924 2087 980 vult

506 1027 593 1081 illa
624 1024 1058 1094 participationis
1093 1024 1329 1092 negatio,
1365 1023 1523 1092 quasi
1566 1018 1870 1076 substantia
1910 1017 2089 1074 Patris

503 1134 627 1173 cum
658 1117 959 1173 substantia
988 1116 1113 1171 Filii
1141 1131 1246 1171 non
1271 1124 1433 1187 queat
1456 1113 1893 1169 communionem
1922 1110 2086 1165 ullam

504 1211 724 1264 habere.
783 1208 857 1262 Eo
886 1209 1173 1263 tendebant
1204 1221 1394 1276 graves
1429 1206 1552 1270 illae,
1582 1220 1815 1274 quarum
1842 1217 1943 1258 nos
1970 1213 2088 1256 tur-

503 1303 626 1357 bam
675 1300 1149 1370 praetermisimus,
1216 1298 1502 1353 nominum
1565 1296 1971 1359 distinctiones,
2026 1301 2087 1348 ut

504 1405 724 1463 propter
750 1407 844 1447 eos
872 1392 961 1461 qui
1002 1393 1053 1445 in
1093 1400 1237 1445 terra
1276 1400 1460 1461 patres
1507 1389 1882 1454 nominantur,
1929 1396 2087 1455 neget

505 1488 672 1542 Deum
700 1485 819 1540 Filii
851 1486 1067 1541 Patrem
1093 1499 1237 1560 esse.
1284 1484 1391 1552 Ego
1428 1497 1583 1543 vero,
1624 1496 1747 1535 cum
1775 1480 1944 1535 multa
1977 1478 2086 1533 sint

502 1596 622 1649 qua:
667 1577 1140 1634 Christianismum
1193 1591 1221 1628 a
1272 1576 1457 1639 gentili
1514 1589 1699 1628 errore
1747 1588 1811 1628 ac
1860 1571 2084 1627 Judaica

505 1671 805 1743 ignorantia
840 1671 1121 1733 dirimunt,
1158 1668 1365 1722 nullum
1397 1668 1635 1721 arbitror
1674 1666 1728 1721 in
1768 1675 1965 1720 nostra:
1991 1680 2082 1719 sa-

506 1765 630 1818 illliS
659 1762 950 1831 Evangelia
975 1762 1153 1815 inesse
1182 1761 1363 1829 potius
1394 1776 1457 1815 ac
1481 1760 1655 1829 majus
1676 1758 1891 1828 dogma,
1916 1772 2078 1825 quam

505 1855 556 1908 in
596 1853 815 1908 Patrem
848 1864 901 1908 et
930 1852 1125 1911 Filium
1157 1851 1338 1905 (idem.
1370 1850 1507 1905 Nam
1534 1850 1616 1905 vel
1642 1850 1679 1905 ii
1710 1850 1805 1921 qui
1838 1865 2085 1920 quocun-

503 1962 609 2013 que
687 1960 876 1999 errore
950 1944 1107 1999 scissi
1188 1952 1334 2008 sunt,
1419 1943 1584 1997 Deum
1643 1953 1949 1997 creatorem
2021 1953 2085 1993 ac

502 2040 750 2109 opiﬁcem
802 2050 927 2091 esse
950 2035 1302 2091 conﬁtentur.
1372 2035 1471 2101 Qui
1502 2049 1631 2089 vero
1671 2034 1810 2090 falso
1846 2033 2086 2102 appellat

502 2130 738 2192 Patrem,
774 2139 825 2182 et
856 2128 1053 2183 Filium
1096 2130 1236 2182 nuda
1280 2127 1645 2196 appellatione
1672 2125 1954 2195 praedicat,
2004 2126 2089 2179 ni-

504 2221 924 2291 hilquediﬂ‘erre
944 2219 1262 2281 arbitratur,
1286 2218 1367 2273 vel
1405 2215 1622 2272 Patrem
1662 2217 1744 2270 vel
1778 2227 2083 2271 creatorem

502 2316 764 2385 proﬁteri,
786 2322 840 2367 et
860 2320 953 2367 aut
975 2310 1171 2367 Filium
1199 2321 1285 2362 aut
1312 2310 1579 2363 facturam
1606 2308 1814 2371 dicere,
1838 2308 1928 2363 ubi
1946 2323 1975 2361 a
1992 2323 2088 2361 n0-

503 2410 583 2461 his
600 2405 983 2467 collocabitttr,
1036 2410 1133 2456 aut
1168 2416 1274 2472 qua
1304 2400 1355 2454 in
1378 2408 1523 2456 secta
1551 2399 1967 2455 numerabitur?
1992 2397 2089 2455 Ju-

503 2503 815 2555 tla3orutnrte
862 2513 931 2551 an
985 2494 1270 2565 gentium?
1329 2493 1439 2548 Nec
1481 2493 1626 2548 enim
1667 2492 1997 2548 Christianis
2026 2496 2087 2547 'se

502 2596 775 2664 atljttttgel,
825 2592 913 2659 qui
949 2591 1167 2658 pietatis
1201 2589 1367 2643 robur
1392 2599 1446 2645 et
1494 2587 1636 2641 velut
1680 2586 1959 2657 religionis
1991 2602 2087 2641 no-

502 2697 628 2741 stra:
659 2685 1034 2738 characterem
1074 2682 1371 2735 inliciatur.
1422 2677 1538 2733 Non
1574 2678 1719 2734 enim
1753 2678 1806 2733 ia
1834 2677 2084 2748 opiﬁcem

502 2777 855 2841 credidimus,
897 2786 950 2829 et
980 2776 1032 2829 in
1065 2774 1336 2829 facturam
1380 2790 1393 2826 :
1447 2772 1541 2827 sed
1575 2772 1625 2825 in
1657 2768 1874 2829 Patrem
1906 2780 1961 2825 et
1993 2768 2087 2823 Fi-

502 2872 631 2924 lium
658 2885 762 2940 per
789 2867 1039 2937 baptismi
1072 2865 1304 2937 gratiam
1332 2863 1601 2933 obsignati
1631 2877 1840 2917 sumus.
1886 2862 2088 2927 Quant-

502 2964 690 3017 obrem
721 2960 812 3030 qui
849 2960 949 3014 has
990 2959 1215 3027 rejieere
1247 2972 1408 3011 voces
1437 2956 1619 3021 audet,
1666 2970 1882 3010 omnem
1924 2952 2087 3008 simul

502 3055 920 3124 Evangeliorum
977 3052 1081 3105 vim
1127 3048 1254 3104 facit
1289 3049 1676 3113 irritamycum
1728 3062 1828 3102 nec
1867 3046 2084 3102 Patrem

504 3158 879 3219 generantem,
931 3161 1027 3200 nec
1084 3142 1283 3198 Filium
1331 3142 1573 3211 genitum
1621 3141 1905 3211 pradicet.
1980 3139 2087 3196 Sed
2132 3191 2145 3209 ,

504 3247 618 3298 haec
685 3241 829 3305 dico,
887 3236 1111 3307 inquit,
1168 3245 1228 3290 ut
1286 3233 1555 3303 passionis
1611 3231 2143 3301 intelligentiame.

502 3333 682 3389 Patris
709 3345 841 3386 voce
880 3336 1229 3383 enascentem
1265 3325 1487 3392 fugiam.
1544 3322 1745 3378 Verum
1805 3324 2091 3392 Oportebat

503 3440 625 3477 eum
678 3422 770 3493 qui
814 3422 899 3489 pie
924 3433 1085 3489 agere
1107 3417 1409 3482 statuisset,
1439 3417 1698 3471 absonum
1729 3416 1921 3471 borum
1970 3428 2090 3470 νει·-
2134 3472 2138 3479 ,

506 3519 693 3571 borum
726 3529 970 3573 sensum,
998 3512 1043 3566 si
1080 3511 1170 3580 qui
1208 3519 1391 3563 tamen
1429 3509 1628 3573 inerat,
1667 3521 1951 3576 respuere,
1978 3521 2086 3566 non

506 3619 671 3663 totam
722 3606 884 3661 simul
926 3619 1117 3660 vocem
1208 3602 1534 3672 repro'bare;

507 3794 780 3862 rejicere;
819 3791 939 3857 sed,
976 3787 1167 3844 humili
1228 3786 1413 3842 carnis
1452 3784 1810 3855 intelligentia
1858 3786 2085 3855 postha-

506 3890 638 3948 Iiita,
700 3899 891 3955 puram
924 3883 992 3938 de
1034 3882 1143 3935 Deo
1200 3878 1528 3935 sententiam
1580 3878 1758 3940 tueri,
1815 3887 1870 3933 et
1932 3891 2084 3947 gene-

506 3984 766 4035 rationem
840 3974 1112 4031 sanctitati
1177 3983 1353 4043 atque
1419 3971 1655 4041 apathiae
1739 3971 1829 4024 Dei
1886 3956 2086 4026 conive-

507 4074 740 4125 nicntem
798 4067 1096 4136 intelligere
1145 4083 1159 4137 ;
1199 4064 1335 4118 adeo
1368 4074 1427 4117 ut
1461 4065 1675 4117 modum
1717 4062 1949 4132 quidem
1980 4068 2087 4133 quo

511 4161 655 4215 Deus
685 4160 897 4226 genuit,
935 4169 1188 4226 tauquam
1230 4157 1321 4228 qui
1370 4153 1658 4209 inelfabilis
1692 4170 1754 4208 ac
1780 4154 2087 4224 incompre-

508 4248 792 4305 hensibilis
848 4250 938 4311 sit,
995 4247 1454 4315 praetermitteret,
1488 4249 1553 4299 ad
1604 4246 1920 4301 substantiae
1957 4261 2086 4300 vero

508 4338 918 4394 similitudinem
972 4351 1067 4405 per
1114 4337 1407 4406 generandi
1459 4338 1875 4409 appellationem
1916 4337 2084 4393 dedu-

1618 3616 1793 3670 neQue
1839 3601 2079 3655 indeceri
2140 3652 2145 3657 .

503 3704 748 3765 obtentu,
781 3696 1045 3767 quidquid
1072 3695 1140 3748 ab
1170 3710 1233 3751 ea
1278 3693 1489 3748 accedit
1519 3690 1793 3755 utilitatis,
1838 3693 1892 3747 id
1925 3691 2088 3746 simul
2132 3724 2135 3727 ›

2196 472 2563 542 προσέχοντας
2619 470 2998 543 προσηγορίᾳ,
3048 470 3405 539 ὰνθρωπικὴν
3460 467 3628 523 αὑτοῦ
3681 470 3783 541 τὴν

2194 564 2449 635 γέννησιν
2475 566 2695 630 ἐννοεῖν,
2726 565 2822 620 καὶ
2845 566 2907 618 ὲκ
2930 566 3036 618 τῶν
3060 565 3117 616 ἐν
3144 563 3452 631 ἀνθρώποις
3516 567 3784 631 γενέσεων

2195 657 2565 725 ἀναγομένους
2592 661 2701 721 τοῖς
2733 659 2833 729 τῆς
2870 656 3165 726 μετουσίας
3197 658 3427 726 ὀνόμασι
3494 659 3587 709 καὶ
3616 656 3788 711 πάθε-

2198 764 2283 801 σιν
2312 748 2541 817 ὑπάγειν
2568 750 2659 803 τὸν
2685 748 2839 804 Θεόν.
2876 749 2941 802 Ἦ
2971 748 3071 816 μὲν
3105 747 3433 816 παραίνεσις
3458 748 3531 816 μὴ
3548 747 3661 799 δεῖν
3686 746 3786 817 τὴν

2196 840 2317 893 κατ’
2349 828 2537 917 οὑσίαν
2568 840 2661 893 τοῦ
2697 839 2828 893 Υίοῦ
2852 840 2944 893 καὶ
2980 839 3192 907 Πατρδς
3218 839 3517 908 ὁμοιότητα
3549 840 3784 895 ἐννοεῖν.

2194 929 2362 983 Τοῦτο
2398 930 2512 1000 γὰρ
2547 930 2698 1001 αὑτῷ
2737 930 2990 1000 βούλεται
3029 932 3056 1001 ἡ
3094 929 3196 998 τῆς
3238 929 3532 998 μετουσίας
3575 931 3787 998 ἁπαγὸο

2197 1035 2401 1088 ρευσις,
2436 1020 2513 1081 ὡς
2546 1020 2913 1090 ἁκοινωνήτου
2946 1018 3044 1088 τῆς
3072 1018 3167 1071 τοῦ
3203 1018 3418 1088 Πατρός
3446 1019 3631 1083 οὐσίας
3660 1019 3790 1089 περὶ

2196 1110 2294 1179 τὴν
2350 1111 2443 1163 τοῦ
2506 1112 2845 1179 Μονογενοῦς
2903 1112 3279 1183 ὑπαρχούσης.
3342 1110 3442 1165 Διά
3504 1110 3664 1164 τοῦτο
3728 1112 3787 1165 αί

2198 1205 2394 1272 σεμναὶ
2422 1206 2625 1257 ἐκεῖναι
2654 1207 2762 1257 τῶν
2788 1205 3066 1275 ὀνομάτων
3087 1204 3387 1263 διαστολαὶ.
3417 1197 3493 1258 ὧν
3518 1204 3611 1256 τὸν
3632 1204 3791 1274 ὄχλον

2196 1296 2357 1364 ἡμεῖς
2383 1294 2754 1365 ὑπερέϐημεν,
2796 1296 2880 1348 ῖνα
2913 1296 2971 1348 τὸ
3000 1295 3220 1365 Πατέρα
3249 1291 3390 1349 εἶναι
3415 1295 3509 1347 τοῦ
3541 1294 3674 1347 Υίοῦ
3703 1295 3797 1347 τον

2190 1387 2325 1439 Θεὸν
2355 1387 2440 1439 διὰ
2473 1388 2599 1449 τοὺς
2630 1389 2722 1440 ἐπὶ
2754 1389 2856 1457 γῆς
2919 1389 3163 1457 πατέρας
3192 1388 3626 1457 ὀνομαζομένους
3658 1389 3798 1454 ἀτρέ-

2188 1479 2367 1549 ληται.
2412 1478 2553 1547 Ἐγὼ
2581 1480 2639 1533 δὲ
2674 1480 2887 1534 πολλῶν
2922 1480 3114 1544 ὄντων,
3151 1480 3187 1534 ἃ
3220 1480 3313 1533 τὸν
3346 1479 3797 1550 Χριστιανισμδν

2187 1574 2296 1627 ἀπὸ
2321 1575 2418 1642 τῆς
2456 1572 2774 1645 Ἑλληνικῆς
2803 1574 3010 1645 πλάνης
3039 1576 3131 1629 καὶ
3158 1576 3255 1644 τῆς
3280 1574 3574 1643 Ἰουδαϊκῆς
3604 1577 3795 1641 ἀγνω-

2199 1664 2321 1728 σίας
2344 1665 2632 1735 διίστησιν,
2665 1666 2816 1720 οὑδὲν
2846 1667 3088 1737 ἡγοῦμαι
3119 1667 3455 1736 κυριώτερον
3479 1666 3659 1737 δόγμα
3688 1668 3787 1736 τῆς

2195 1757 2275 1817 είς
2309 1756 2531 1826 Πατέρα
2558 1757 2654 1809 καὶ
2682 1756 2807 1810 Υἱὸν
2835 1756 3065 1819 πίστεως
3094 1756 3172 1827 τῷ
3196 1757 3516 1827 Εὑαγγελίῳ
3548 1757 3649 1826 τῆς
3674 1774 3783 1810 σω-

2186 1848 2380 1919 τηρίας
2403 1848 2561 1918 ἡμῶν
2584 1849 2913 1920 ἐνυπάρχον.
2950 1849 3103 1905 Ἐπεὶ
3125 1848 3201 1919 τῷ
3222 1865 3287 1916 γε
3317 1848 3546 1919 κτίστην
3577 1849 3672 1901 καὶ
3696 1848 3789 1917 6n-

2189 1940 2453 2009 μιουργδν
2496 1936 2633 1994 εἷναι
2685 1941 2777 1995 τὸν
2813 1940 2948 1994 Θεὸν
2988 1943 3083 1995 καὶ
3125 1942 3173 1994 οί
3222 1940 3346 1993 καθ’
3382 1941 3787 2011 ὀποιανδήποττ

2187 2031 2398 2104 πλάνην
2451 2033 2846 2103 ἀπεσχισμένοι
2902 2032 3265 2089 συντίθενται.
3329 2033 3389 2087 Ὀ
3438 2033 3497 2087 δὲ
3556 2034 3781 2104 Πατέρα

2186 2121 2574 2192 ψευδώνυμον,
2637 2124 2726 2179 καὶ
2788 2124 2917 2177 Υίὸν
2976 2124 3140 2194 μέχρι
3190 2122 3564 2194 προσηγορίας
3619 2124 3786 2194 ψιλῆς

2187 2214 2615 2282 καταγγέλλων,
2667 2216 2761 2269 καὶ
2822 2214 2976 2269 οὑδὶν
3037 2213 3339 2285 ἡγούμενος
3384 2214 3667 2285 διαφέρειν
3752 2215 3786 2285 ἢ

2191 2309 2413 2378 Πατέρα
2441 2308 2747 2379 ὁμολογεῖν.
2781 2308 2813 2376 ἦ
2849 2308 3095 2377 κτίστην,
3137 2308 3232 2361 καὶ
3264 2310 3385 2378 ἦτοι
3419 2306 3550 2361 Υίδν
3576 2307 3785 2375 ὶέγιιν,

2189 2402 2223 2472 ἢ
2259 2401 2473 2470 ποίημα
2496 2443 2511 2466 ,
2548 2400 2653 2453 ποῦ
2682 2399 2968 2466 τετάξεται
3015 2400 3148 2467 παρ’
3177 2400 3379 2471 ἡμῶνς
3420 2402 3453 2471 ἢ
3487 2402 3586 2472 τῆς
3622 2402 3785 2464 ποίας

2194 2492 2415 2563 μερίδος
2445 2493 2890 2563 ἁριθμηθήσεται
2918 2510 2935 2559 ;
2968 2495 3066 2563 τῆς
3114 2494 3410 2558 Ἰουδαίων,
3447 2494 3479 2563 ἦ
3513 2495 3618 2563 τῆς
3660 2494 3787 2547 Ἐλ-

2190 2584 2407 2653 λῂνων;
2451 2584 2529 2643 Οὑ
2578 2586 2687 2653 γὰρ
2720 2584 2783 2652 δὴ
2812 2583 3160 2654 Χριτσιανοῖς
3195 2585 3388 2638 ἑαυτὸν
3427 2585 3736 2653 είσποιήσει
3764 2588 3793 2639 6

2188 2678 2289 2748 τὴν
2307 2677 2538 2747 δύναμιν
2566 2680 2664 2747 τῆς
2692 2676 3000 2739 εὐσεϐείας,
3032 2678 3126 2730 κα)⁸
3149 2677 3240 2732 τὸν
3265 2678 3432 2731 οίονεὶ
3452 2678 3788 2749 χαρακτῆρα

2188 2770 2290 2839 τῆς
2320 2769 2577 2841 λατρείας
2597 2768 2754 2839 ἡμῶν
2783 2769 3138 2838 ἀρνούμενος.
3162 2769 3236 2823 Οὐ
3267 2769 3379 2840 γὰρ
3406 2769 3488 2831 είς
3517 2768 3793 2839 δημιουρ-

2191 2863 2289 2929 γὸν
2323 2862 2418 2915 καὶ
2456 2862 2668 2931 ποίημα
2700 2860 3132 2928 ἐπιστεύσαμεν,
3168 2859 3285 2913 ἀλλ’
3318 2860 3398 2922 είς
3434 2861 3654 2929 Πατέρα
3690 2862 3793 2912 καὶ

2138 3000 2143 3005 .
2192 2942 2422 3035 ἷὲίρνδιὰ
2438 2952 2537 3024 τῆς
2553 2955 2611 3006 ἐν
2628 2952 3061 3023 τῷεβαπτίσματι
3078 2952 3297 3023 χάριτος
3311 2952 3410 3020 ἐστ
3420 2953 3542 3022 ραγὶ
3549 2952 3653 3023 σθη
3662 2969 3787 3021 μεν.

2192 3046 2358 3127 Ὥστε
2387 3048 2415 3100 6
2443 3045 2645 3109 ταύτας
2676 3044 2886 3101 ἀθετῶν
2916 3044 3017 3108 τὰς
3077 3044 3260 3113 φωνὰς
3304 3046 3485 3100 πᾶσαν
3511 3044 3646 3115 ὁμοῦ
3678 3044 3793 3097 τῶν

2172 3138 2544 3206 ,Εὑαγγελὶων
2574 3138 3003 3206 παραγράφεται
3036 3136 3134 3207 τὴν
3164 3136 3413 3206 δύναμιν,
3452 3138 3670 3207 Πατέρα
3708 3137 3784 3207 μὴ

2192 3232 2556 3301 γεννήσαντα,
2616 3229 2710 3283 καὶ
2754 3228 2891 3289 Itin;
2941 3228 3018 3297 μὴ
3070 3228 3402 3298 γεννηθέντα
3456 3228 3778 3298 κηρύσσων.

2203 3320 2365 3374 Ἀλλὰ
2392 3319 2566 3373 ταῦτα
2596 3318 2798 3385 λέγων,
2832 3322 2991 3389 φησι,
3043 3320 3145 3389 τὴν
3178 3318 3273 3372 τοῦ
3332 3318 3537 3381 πάθους
3567 3318 3784 3372 ἔννοιαν

2191 3412 2293 3484 τὴν
2321 3415 2386 3465 ὲκ
2418 3413 2519 3482 τῆς
2552 3409 2646 3465 τοῦ
2676 3410 2892 3481 Πατρὺς
2917 3411 3099 3479 φωνῆς
3129 3412 3488 3481 ἐγγινομένην
3519 3412 3779 3466 ὲκκλίνω.

2213 3506 2412 3577 Ἐχρῆν
2472 3504 2531 3559 δὲ
2585 3503 2760 3573 δήπου
2816 3502 2909 3557 τόν
2962 3520 3027 3571 γε
3079 3503 3327 3556 εὐσεϐεῖν
3383 3504 3664 3573 ἐγνωκότα
3725 3504 3783 3555 τὸ

2190 3601 2538 3670 ἀπεμφαίνον
2572 3596 2671 3666 τῆς
2725 3600 2783 3651 ἐν
2834 3598 2949 3659 τοῖς
2998 3597 3208 3667 ῥήμασι
3247 3597 3461 3660 τούτοις
3516 3597 3783 3658 διανοίας,

2191 3694 2244 3746 εῖ
2270 3710 2324 3745 τι
2358 3693 2467 3762 ἄρα
2501 3692 2597 3745 καὶ
2630 3692 2910 3761 ὲνυπῆρχε
2939 3694 3450 3763 παραιτησάμενον,
3491 3692 3567 3763 μὴ
3598 3695 3785 3745 πᾶσαν

2191 3784 2405 3854 ἀθρόως
2459 3784 2557 3853 τὴν
2618 3783 2808 3852 φωνὴν
2862 3784 3102 3849 ἀθετεῖν,
3162 3784 3301 3854 μηδὲ
3360 3786 3632 3855 προφάσει
3682 3784 3783 3837 τοῦ

2189 3875 2477 3947 ἀπρεποῦς
2531 3876 2623 3929 καὶ
2655 3876 2717 3927 τὸ
2744 3878 2871 3928 ὅσον
2924 3876 3021 3929 ἀπ’
3051 3877 3223 3945 αὑτῆς
3253 3878 3530 3950 χρήσιμον
3580 3893 3785 3929 συνεκ-

2190 3966 2444 4033 ϐάλλειν,
2499 3967 2615 4022 ἀλλ’
2664 3968 2772 4021 ἀπὸ
2815 3968 2918 4037 μὲν
2952 3968 3062 4020 τῶν
3120 3970 3396 4023 ταπεινῶν
3442 3970 3536 4023 καὶ
3581 3986 3785 4038 σαρκι-

2194 4060 2303 4113 κῶν
2332 4060 2621 4128 νοημάτων
2661 4062 2717 4112 ἐν
2768 4062 2881 4124 τοῖς
2940 4062 3068 4130 περὶ
3119 4061 3257 4114 Θεοῦ
3301 4061 3540 4130 δόγμασι
3602 4060 3778 4113 καθαο

2191 4152 2390 4223 ρεύειν,
2427 4153 2681 4222 γέννησιν
2713 4153 2768 4205 δι
2800 4156 2866 4223 τῇ
2908 4155 3192 4227 ἁγιωσύνῃ
3240 4154 3336 4206 τοῦ
3381 4153 3541 4217 Θεοῦ,
3576 4157 3672 4207 καὶ
3704 4157 3774 4223 τῇ

2184 4244 2431 4316 ἀπαθείᾳ
2481 4244 2803 4313 πρέπουσαν
2835 4247 3063 4309 ἐννοεῖν,
3101 4246 3196 4298 τὸν
3249 4246 3348 4317 μὲν
3380 4248 3606 4316 τρόπον,
3643 4246 3779 4300 καθ’

2186 4338 2246 4389 ὃν
2279 4338 2572 4407 ἐγέννησεν
2601 4338 2631 4387 6
2666 4337 2820 4399 Θεὸς,
2859 4338 2933 4400 ὡς
2968 4339 3230 4410 ἄρρητον,
3266 4340 3359 4392 καὶ
3407 4339 3780 4411 ἀπερινόητον

508 4440 742 4486 ceretur.
781 4427 1099 4495 Quanquam
1138 4428 1481 4495 perspicuum
1514 4439 1598 4482 est
1631 4432 1923 4497 reputanti,
1968 4430 2082 4484 hsce

2189 4430 2441 4497 ἀφιέντα,
2478 4428 2617 4497 πρὸς
2641 4428 2697 4480 δὲ
2732 4428 2831 4497 τὴν
2856 4432 2979 4483 κατ’
3007 4431 3202 4489 οὑσίαν
3248 4430 3547 4500 ὁμοιότητα
3579 4431 3643 4482 ὲκ
3673 4432 3779 4500 τῆς

512 4521 754 4586 nomina,
814 4518 973 4573 Pater
1000 4528 1052 4571 et
1078 4517 1269 4583 Filius,
1321 4520 1684 4589 corporalium
1742 4518 2085 4576 aﬂ'ectionum

505 4614 888 4686 cogitationem
946 4611 1164 4680 proprie
1208 4626 1269 4664 ac
1303 4611 1564 4679 primario
1616 4626 1805 4679 parere
1856 4627 1959 4665 non
1995 4627 2083 4665 so-

506 4709 642 4771 lere.
692 4705 789 4761 sed
836 4719 959 4759 cum
1020 4718 1116 4771 per
1157 4717 1217 4757 se
1243 4703 1357 4759 sola
1388 4705 1664 4767 dicuntur,
1714 4702 1891 4757 solum
1937 4704 2085 4757 habi-

507 4812 623 4855 turn
658 4808 911 4869 mutuum
960 4794 1228 4852 indicare.
1275 4795 1435 4853 Pater
1476 4797 1621 4857 enim
1656 4805 1760 4861 est,
1805 4796 1897 4866 qui
1928 4795 2084 4851 alteri

502 4889 799 4957 assistendi
846 4887 1172 4959 principium
1233 4886 1841 4951 mundummlmibm-
1873 4887 2085 4955 sibiipsi

506 4994 755 5041 naturam
783 4980 1053 5038 contulit:
1098 4980 1241 5036 (ilius
1262 4982 1629 5051 mo,.‘qii&ex'
1650 4981 1768 5037 {alio
1794 4995 1890 5050 per
1917 4996 2085 5053 gone-

504 5079 775 5135 rationem
821 5073 1150 5143 principium
1194 5084 1266 5130 ait
1309 5074 1383 5128 sit
1426 5074 1649 5135 lubbit:
1680 5072 1905 5143 (Itaque,
1955 5090 2081 5130 cum

504 5172 777 5237 audimus,
859 5168 1135 5233 buninem
1194 5177 1402 5233 patrem
1482 5174 1631 5229 ease,
1700 5175 1839 5233 tunc
1890 5166 2081 5222 incidit

505 5263 662 5323 nobis
742 5257 978 5315 aﬂ'ectus
1047 5257 1308 5328 cogitatio
1372 5274 1388 5310 :
1447 5266 1504 5310 at
1550 5272 1689 5312 vero
1733 5271 1857 5313 cum
1910 5258 2080 5313 Deum

505 5353 746 5420 Patrem,
813 5359 926 5407 tum
1005 5350 1073 5405 ad
1166 5346 1554 5418 impassibilcm
1623 5363 1845 5415 causam
1902 5361 2085 5419 mente

504 5445 822 5523 attollimur.
856 5442 1158 5499 Eminentius
1210 5450 1392 5497 autem
1422 5442 1566 5496 hanc
1588 5440 1997 5510 appellationem
2016 5441 2085 5497 de

506 5535 755 5604 subjecta
800 5531 1188 5590 aﬁectionibus
1244 5539 1441 5586 natura
1506 5531 1759 5601 accipere
1803 5542 2080 5601 assuetus,

505 5625 648 5693 quod
684 5624 915 5679 rationis
938 5624 1056 5693 ejus
1082 5632 1299 5692 captum
1341 5630 1587 5691 superat,
1648 5622 1699 5676 id
1731 5629 1789 5675 ut
1828 5620 2083 5690 impossi-

506 5716 612 5771 bile
646 5725 923 5786 pernegat.
988 5716 1107 5771 Nou
1137 5716 1281 5770 enim
1316 5730 1413 5785 par
1453 5727 1575 5771 erat
1611 5728 1756 5783 eum,
1807 5716 2079 5786 corrupti-

2188 4520 2280 4574 τοῦ
2308 4523 2503 4591 γεννᾷν
2533 4520 2907 4591 προσηγορίας
2946 4520 3334 4592 ὀδηγούμενον.
3356 4523 3551 4575 Καίτοι
3576 4538 3639 4590 γε
3674 4541 3782 4590 φα-

2189 4611 2343 4681 νερὸν
2399 4610 2775 4681 σκοπουμένῳ,
2831 4611 3004 4664 ὂτιοὺ
3062 4613 3392 4682 σωματικῶν
3444 4613 3636 4667 παθῶν
3682 4631 3786 4666 stu-

2190 4704 2322 4772 ρίως
2352 4704 2448 4758 καὶ
2474 4706 2706 4774 πρώτως
2733 4705 2944 4760 ἔννοιαν
2974 4709 3229 4777 ἐμποιεῖν
3270 4709 3428 4761 ταυτὶ
3469 4710 3685 4778 πέφυκε
3709 4710 3782 4762 τὰ

2186 4796 2453 4866 ὀνόματα,
2506 4798 2535 4848 6
2587 4797 2802 4865 Πατὴρ,
2838 4798 3002 4867 λέγω,
3032 4800 3127 4853 καὶΙ
3181 4801 3210 4852 6
3259 4801 3407 4865 Υἱὸς,
3454 4801 3592 4853 ἀλλὰ
3650 4802 3781 4855 καθ’

2186 4890 2360 4944 ἑαυτὰ
2384 4889 2662 4959 λεγόμενα
2686 4892 2785 4958 τὴν
2821 4892 2957 4962 πρὸς
2990 4891 3198 4961 ἄλληλα
3250 4894 3440 4963 σχέσιν
3490 4894 3772 4947 ἐνδείκνυ-

2185 4996 2277 5032 ται
2311 4978 2504 5051 μόνην.
2536 4980 2729 5051 Πατὴρ
2767 4979 2867 5049 μὶν
2901 4982 3011 5051 γάρ
3037 4983 3191 5036 εστιν
3222 4981 3252 5034 6
3281 4982 3455 5053 ἑτέρῳ
3488 4983 3588 5036 τοῦ
3619 4980 3771 5035 εἶναι

2188 5072 2328 5125 κατὰ
2368 5069 2469 5141 τὴν
2507 5071 2699 5141 ὁμοίαν
2725 5071 2877 5141 αὑτῷ
2907 5072 3072 5140 φύσιν
3105 5080 3208 5143 την
3229 5072 3407 5144 ἀρχὴν
3437 5074 3772 5145 παρασχὼν,

2189 5164 2317 5227 Υίὸς
2360 5163 2419 5218 δὲ
2447 5163 2476 5216 6
2505 5160 2568 5228 ἐξ
2615 5162 2807 5234 ἑτέρου
2843 5163 2939 5218 τοῦ
2972 5166 3238 5236 γεννητὸς
3266 5162 3412 5219 εῖναι
3456 5168 3558 5237 τὴν
3592 5170 3774 5237 ἀρχὴν

2186 5255 2455 5326 ἐσχηκώς.
2491 5254 2663 5311 Ὅταν
2698 5256 2799 5326 μὲν
2823 5252 2919 5311 οὖν
2943 5256 3272 5327 ἀκούσωμεν
3294 5299 3312 5325 ,
3344 5258 3637 5331 ἄνθρωπος
3664 5277 3775 5314 πα-

2185 5348 2314 5420 τὴρ,
2344 5348 2467 5403 τότε
2503 5350 2599 5403 καὶ
2635 5348 2736 5420 τὴν
2764 5348 2861 5402 τοῦ
2909 5349 3117 5414 πάθους
3149 5351 3362 5405 ἔννοιαν
3405 5352 3773 5423 προσλαμω-

2188 5456 2353 5510 νομεν
2387 5454 2401 5470 ·
2435 5439 2565 5493 ὅταν
2607 5438 2688 5504 δὲ,
2719 5438 2801 5492 ὃτι
2829 5440 2859 5492 6
2884 5438 3015 5501 Θεὸς
3056 5439 3272 5511 Πατὴρ,
3303 5440 3398 5509 ἐπὶ
3425 5442 3528 5511 τὴν
3575 5442 3768 5512 ἁπαθῆ

2185 5533 2368 5588 αἰτίαν
2395 5534 2507 5595 τοῖς
2538 5532 2821 5603 λογισμοῖς
2870 5533 3271 5603 ἁνατρέχομεν.
3320 5534 3378 5586 ’0
3431 5533 3488 5588 δὲ
3535 5535 3632 5589 ἐπὶ
3668 5536 3770 5603 τῆς

2186 5622 2469 5694 ὲμπαθοῦς
2491 5623 2709 5692 φύσεως
2736 5625 2801 5694 τῇ
2828 5616 3175 5696 προσηγορίᾳ
3197 5624 3369 5696 ταύτῃ
3423 5625 3767 5688 συνετισθεὶς

2187 5717 2247 5770 τὸ
2301 5715 2441 5787 ὑπὲρ
2475 5716 2574 5787 τὴν
2624 5715 2932 5787 κατάληψιν
2976 5714 3089 5772 τῶν
3120 5716 3318 5770 ἑαυτοῦ
3372 5716 3655 5789 λογισμῶν
3686 5716 3767 5782 ὡς
