4094 6204
512 328 614 389 527
956 372 963 379 η
1750 328 2097 390 EUTHYMI

2204 328 2543 389 SlGABENl

3669 316 3779 378 528

584 445 710 502 Bas.
756 448 940 506 Videte
968 463 1019 507 et
1059 451 1345 522 intelligite
1374 450 1700 505 horrendam
1744 448 2095 517 impietatem.

2278 448 2429 503 ΒΑΣ.
2496 446 2689 516 Ὀρᾶτε
2732 442 2829 497 καὶ
2877 438 3089 493 συνίετε
3120 437 3181 491 τὸ
3234 435 3332 505 τῆς
3375 433 3632 498 ἀσεϐείας
3655 452 3782 506 φριο

512 540 810 610 Quantum,
864 546 1061 615 inquit,
1106 546 1405 616 ingenitum
1449 544 1702 615 a,genito
1734 542 1934 607 diﬂ‘ert,
1962 550 2085 595 tan-

520 651 636 693 tum
667 636 881 705 differet
918 631 1004 685 lux
1040 647 1068 684 a
1103 632 1239 691 luce,
1273 638 1324 683 et
1362 629 1469 681 vita
1515 646 1544 681 ιι
1594 628 1725 691 vita,
1760 634 1814 678 et
1851 625 2094 693 polentia

522 745 549 781 a
582 726 841 798 potentia.
882 722 1283 792 [interrogemus
1311 720 1475 790 igitur
1510 720 1720 789 ipsum,
1753 717 1969 785 Quanto
2018 718 2098 771 in-

522 816 1068 884 tervalloingenitum
1100 828 1128 867 a
1175 812 1359 884 genito
1398 811 1701 879 seiunctum
1746 812 1867 866 est?
1916 819 2095 864 tttrum

520 920 688 975 parvo
728 905 927 973 aliquo,
968 913 1021 957 et
1055 903 1186 967 tali,
1229 914 1286 956 ut
1331 912 1531 974 queant
1557 902 1771 957 tandem
1808 900 2098 971 aliquando

481 1025 494 1049 τ
522 999 573 1051 in
603 997 740 1051 idem
776 998 916 1050 inter
946 1011 1005 1051 se
1032 996 1365 1051 convenire?
1396 1012 1463 1050 an
1500 997 1604 1052 hoe
1629 995 1859 1050 omnino
1894 995 2098 1064 impos-

492 1070 697 1150 Isibile,
725 1095 779 1140 et
806 1087 995 1154 magis,
1018 1103 1182 1156 quam
1213 1088 1462 1141 eumdem
1492 1095 1765 1141 mortuum
1788 1100 1915 1141 esse
1937 1084 2097 1139 simul

520 1184 576 1231 et
605 1176 827 1241 vivere,
882 1193 1040 1245 quam
1089 1193 1279 1232 sanum
1321 1178 1479 1232 simul
1533 1192 1653 1233 esse
1698 1185 1755 1233 et
1798 1186 2095 1249 aegrotare,

521 1283 683 1337 quam
718 1270 941 1339 vigilare
968 1270 1129 1323 simul
1155 1278 1208 1323 et
1234 1271 1505 1325 dormire?
1536 1270 1689 1326 Talia
1712 1284 1948 1339 namque
1973 1278 2100 1324 sunt

522 1376 856 1430 quaecunque
902 1362 1002 1415 sibi
1036 1361 1263 1415 invicem
1296 1376 1509 1417 summa
1532 1362 1875 1430 oppositione
1903 1364 2097 1415 adver-

522 1462 733 1515 santur,
764 1454 899 1506 adeo
928 1460 985 1505 ut
1013 1464 1280 1522 praesente
1312 1453 1484 1508 altero
1510 1452 1740 1507 alterum
1774 1454 1967 1508 abesse
2002 1468 2096 1508 ne-

524 1558 682 1599 cesse
708 1544 816 1598 sit:
854 1559 974 1612 qua)
1011 1545 1086 1596 ita
1118 1553 1429 1611 comparata
1473 1553 1619 1608 sunt,
1658 1553 1716 1598 ut
1746 1544 1969 1598 omnino
1998 1559 2097 1599 nec

524 1634 681 1689 simul
710 1649 850 1702 esse,
878 1650 980 1691 nec
1006 1635 1147 1691 inter
1176 1650 1236 1691 se
1269 1637 1546 1691 conciliari
1580 1638 1811 1705 possint.

729 1811 914 1880 itaque
947 1828 1070 1868 cum
1120 1816 1184 1867 ad
1222 1815 1365 1870 hunc
1395 1818 1614 1889 modum
1650 1818 1835 1887 genito
1885 1818 2096 1887 ingeni-

2195 538 2346 593 κτόν.
2375 538 2563 600 Ὀσον,
2596 534 2755 604 φησι,
2779 532 2839 585 τὸ
2876 530 3174 598 ἀγέννητον
3192 528 3288 582 τοῦ
3312 524 3573 595 γεννητοῦ
3599 525 3785 597 διενή-

2198 639 2337 691 νοχε,
2385 621 2634 674 τοσοῦτον
2674 620 2861 672 διοίσει
2909 618 2970 671 τὸ
2997 618 3119 687 φῶς
3167 619 3304 689 πρὸς
3343 618 3404 671 τὸ
3443 619 3579 687 φῶς,
3612 619 3705 672 καὶ
3746 622 3782 690 ἡ

2198 713 2309 783 ζωὴ
2358 713 2492 784 πρὸς
2520 714 2617 783 τὴν
2647 712 2811 782 ζωὴν,
2852 712 2945 763 καὶ
2988 712 3021 781 ἡ
3063 711 3290 781 δύναμις
3327 711 3463 782 πρὸς
3492 711 3593 781 τὴν
3624 711 3787 765 δύνα-

2202 826 2309 878 μιν.
2376 807 2772 878 Ἐρωτήσωμεν
2809 804 2990 857 τοίνυν
3034 804 3229 857 αὐτόν·
3267 803 3341 856 Τὸ
3380 804 3435 856 δὲ
3487 805 3786 875 ἀγέννητον

2196 897 2288 953 τοῦ
2328 897 2574 969 γεννητοῦ
2602 897 2753 967 πόσῳ
2772 895 2955 966 μέτρῳ
2976 896 3256 966 διώρισται
3278 913 3291 962 ;
3318 892 3426 967 ἆρα
3453 897 3634 966 μικρῷ
3653 915 3783 961 τινι,

2197 992 2293 1046 καὶ
2321 991 2560 1062 τοσούτῳ
2602 1028 2618 1053 ,
2726 990 2864 1043 ὥστε
2898 988 3158 1044 δύνασθαί
3194 1006 3321 1042 ποτε
3357 988 3449 1042 καὶ
3482 990 3559 1051 είς
3588 988 3788 1041 ταυτὸν

2198 1083 2446 1153 ἀλλήλοις
2478 1082 2753 1153 ωμῦἧναι
2775 1101 2789 1145 ;
2815 1082 2847 1155 ἢ
2872 1080 3032 1135 τοῦτο
3058 1080 3337 1140 παντελῶς
3362 1080 3664 1150 ἀμήχανον,
3690 1079 3784 1132 καὶ

2198 1176 2361 1229 πλέον
2393 1174 2800 1245 ἀδυνατώτερον
2843 1172 2938 1227 τοῦ
2972 1172 3063 1225 τὸν
3101 1171 3261 1226 αὐτὸν
3305 1168 3404 1241 ζῇν
3434 1172 3492 1223 ὲν
3522 1169 3600 1240 τῷ
3633 1169 3789 1239 αὐτῷ

2198 1268 2293 1321 καὶ
2318 1265 2595 1331 τεθνάναι,
2634 1265 2729 1318 καὶ
2755 1264 3017 1333 ὑγιαίνειν
3058 1264 3198 1317 κατὰ
3231 1262 3426 1316 ταυτὸν
3460 1262 3555 1315 καὶ
3582 1264 3786 1325 νοσεῖν,

2199 1360 2293 1413 καὶ
2328 1358 2690 1431 ἐγρηγορέναι
2723 1356 2859 1428 ὁμοῦ
2908 1356 3003 1411 καὶ
3041 1354 3358 1419 καθεύδειν;
3406 1354 3641 1407 Τοιαῦτα
3675 1356 3790 1426 γὰρ

2197 1452 2296 1505 ὅσα
2321 1450 2463 1504 κατά
2486 1450 2585 1521 τὴν
2616 1449 2791 1520 άκραν
2819 1448 3090 1502 ἀντίθεσιν
3116 1448 3363 1518 ἀλλήλοις
3392 1448 3793 1517 ἀντικαθέστη-

2198 1560 2316 1607 κεν,
2356 1542 2495 1596 ὥστε
2531 1541 2798 1612 παρόντος
2823 1539 2918 1593 τοῦ
2974 1540 3158 1611 ἑτέρου
3211 1539 3524 1607 ἀναγκαίως
3566 1540 3789 1593 ἀπεῖναι

2198 1636 2446 1706 θάτερον,
2487 1634 2522 1689 ἃ
2564 1635 2659 1688 καὶ
2691 1634 3085 1705 ἀσυνύπαρκτα
3139 1632 3417 1697 παντελῶς
3469 1632 3563 1686 καὶ
3607 1635 3792 1705 saep.

2198 1726 2339 1781 σατα
2474 1722 2613 1779 εἶναι
2642 1724 2873 1793 πέφυκε.

2394 1815 2551 1870 Κατά
2580 1815 2645 1886 δὴ
2676 1812 2769 1869 οὖν
2806 1813 2996 1869 τοῦτον
3030 1815 3121 1869 τὸν
3160 1814 3369 1885 τρόπον.
3390 1812 3525 1885 πρὸς
3566 1814 3625 1867 τὸ
3665 1832 3792 1881 γεν-

526 1908 638 1954 :um
667 1912 988 1970 apponatur,
1035 1904 1124 1973 qui
1157 1906 1373 1958 Patrem
1408 1906 1579 1960 lucem
1612 1908 1894 1970 nominat,
1928 1907 2096 1961 lucem

2204 1907 2361 1977 νητδν
2385 1906 2465 1977 τῷ
2496 1907 2776 1978 ἀγεννήτῳ
2806 1905 2906 1975 τῆς
2935 1904 3258 1968 ἀντιθέσεως
3281 1904 3469 1972 οὔσης,
3497 1907 3526 1958 ὁ
3549 1904 3641 1958 τὸν
3676 1907 3788 1959 Πα-

527 1992 711 2045 itidem
746 1992 964 2059 Filium,
998 1994 1198 2062 quique
1230 1996 1370 2049 hanc
1406 1998 1582 2051 lucem
1620 1998 1687 2051 ab
1719 1997 1805 2051 illa
1833 1997 1951 2051 luce
1981 2008 2100 2050 tan-

529 2091 639 2135 tum
690 2084 895 2138 distare
934 2085 1089 2151 dicit,
1142 2097 1404 2155 quantum
1455 2088 1698 2157 genitum
1740 2089 1808 2142 ab
1860 2088 2102 2158 ingenito

526 2173 723 2239 distat,
759 2174 849 2230 ille
892 2192 1201 2247 quanquam
1234 2178 1611 2233 humaniorem
1644 2194 1705 2235 se
1736 2181 1901 2234 verbo
1931 2181 2101 2234 simu-

526 2263 621 2328 lat,
651 2264 823 2320 lucem
855 2268 1063 2323 scilicet
1092 2268 1286 2323 Filium
1320 2283 1535 2338 quoque
1570 2270 1886 2337 nominans,
1924 2284 2104 2326 nonne

524 2356 716 2411 saltem
744 2359 795 2413 vi
818 2360 1105 2414 verborum
1128 2360 1454 2415 sententiam
1481 2361 1532 2415 in
1558 2363 1893 2416 contrarium
1919 2374 2104 2431 aperte

524 2448 1152 2505 abducit?Considerale
1171 2452 1314 2506 enim
1338 2453 1466 2522 quid
1503 2462 1808 2522 opponatur
1844 2453 2100 2522 ingenito,

524 2541 741 2597 aliudue
772 2543 1094 2614 ingenitum,
1142 2560 1208 2599 an
1261 2546 1546 2616 genitum?
1589 2544 1844 2601 Genitum
1891 2548 2099 2617 utique.

524 2631 662 2698 Quid
704 2648 829 2688 vero
858 2634 1149 2705 opponitur
1179 2635 1328 2689 luci?
1356 2635 1521 2691 luxne
1562 2635 1690 2702 alia,
1726 2652 1794 2690 an
1826 2638 2104 2693 tenebrae?

526 2724 785 2779 Tenebras
812 2727 1073 2795 profecto.
1124 2728 1335 2797 Itaque,
1367 2729 1408 2784 si
1439 2738 1700 2798 quantum
1737 2729 1913 2785 diﬂ'ert
1948 2731 2101 2799 geni-

528 2824 637 2868 tum
669 2818 737 2870 ab
773 2817 1027 2886 ingenito,
1078 2826 1284 2871 tantum
1328 2833 1555 2874 necesse
1597 2828 1680 2873 est
1710 2818 1883 2872 lucem
1918 2834 1947 2873 a
1983 2818 2102 2875 luce

527 2906 762 2971 diﬂ'crre,
788 2908 872 2960 cui
901 2922 967 2961 ex
996 2908 1247 2963 omnibus
1278 2910 1525 2978 impietas
1548 2920 1824 2978 comperta
1853 2926 1958 2964 non
1994 2922 2097 2975 εει,

526 2995 667 3061 quod
723 2996 773 3048 in
818 2999 1174 3067 appellatione
1220 2999 1354 3054 lucis
1407 3000 1740 3055 interserens
1799 3004 1941 3070 quod
1996 3002 2098 3056 luci

527 3087 833 3155 opposittun
880 3097 983 3153 est,
1026 3088 1295 3159 Unigeniti
1334 3091 1692 3146 substantiam
1727 3102 1933 3146 naturae
1965 3093 2102 3147 lucis

526 3179 861 3232 contrariam
916 3195 1037 3236 esse
1094 3182 1424 3238 submonet?
1471 3185 1578 3238 Aut
1626 3186 1875 3239 ostendat
1942 3187 2097 3241 nobis

530 3271 699 3327 lucem
728 3289 847 3343 quae
889 3274 991 3329 luci
1024 3287 1348 3346 opponatur,
1390 3294 1617 3350 qumque
1643 3296 1765 3333 eum
1801 3282 2097 3351 oppositio-
2129 3248 2174 3309 Ο

531 3364 615 3417 nis
646 3366 863 3419 modum
896 3367 1125 3433 habeat,
1156 3370 1246 3439 qui
1287 3372 1469 3441 genito
1496 3388 1617 3426 cum
1654 3373 1894 3442 ingenito
1929 3373 2098 3428 inter-

528 3457 691 3511 cedit.
718 3456 869 3524 Quod
894 3459 938 3514 si
966 3459 1083 3517 hatc
1121 3477 1218 3516 nec
1248 3474 1351 3527 est,
1388 3480 1488 3518 nec
1524 3464 1639 3535 ipse
1669 3481 1905 3535 unquam
1939 3479 2099 3520 exco-

530 3548 700 3615 gitare
730 3550 954 3617 poterit;
986 3565 1051 3605 ne
1276 3554 1556 3624 ignoretur
1577 3570 1687 3623 ars,
1714 3571 1818 3624 qua
1852 3556 2103 3626 blasphe-

531 3638 689 3690 miam
718 3639 824 3694 alte
855 3641 1100 3697 adornat.
1127 3641 1262 3697 Nam
1295 3683 1310 3711 ,
1337 3647 1591 3714 quoniam
1631 3656 1781 3716 putat
1807 3648 2099 3717 ingenitum

528 3730 710 3794 genito
753 3746 818 3784 ex
853 3731 1079 3789 adverso
1111 3736 1345 3805 opponi,
1376 3736 1624 3791 eamdem
1662 3737 1766 3792 luci
1818 3754 1940 3794 cum
1986 3739 2102 3795 luce

527 3820 923 3887 oppositionem
948 3823 1171 3894 adaptat
1196 3844 1210 3881 ε
1240 3836 1295 3880 ιιι
1323 3824 1501 3881 Patris
1531 3829 1893 3884 subatantiam
1918 3840 2099 3885 osten-

528 3912 617 3965 dat
643 3914 957 3972 substantia:
992 3918 1261 3989 Unigeniti
1290 3934 1384 3989 per
1408 3922 1591 3977 omnia
1621 3926 1951 3979 contrariam
1983 3941 2104 3982 esse

531 4014 693 4075 atque
723 4010 1027 4066 adversam.
1058 4010 1347 4083 Propterea
1375 4029 1512 4069 nova
1539 4015 1655 4071 haac
1677 4026 1760 4072 est
1786 4017 2100 4088 dogmatum

529 4096 771 4158 sanatio,
795 4110 899 4165 qua
930 4097 1064 4151 dicit
1092 4114 1105 4151 :
1141 4099 1411 4164 Quantum
1438 4100 1714 4157 diversum
1746 4113 1832 4158 est
1861 4105 2101 4174 genitum

532 4188 599 4239 ab
640 4187 896 4257 ingenito,
927 4197 1135 4243 tantum
1165 4205 1385 4248 necesse
1411 4205 1493 4249 eet
1517 4194 1690 4249 lucem
1723 4209 1753 4248 a
1780 4194 1901 4251 luce
1926 4196 2106 4252 diver-

531 4292 644 4330 sam
666 4291 805 4333 esse.
835 4278 906 4332 At
937 4280 1230 4348 ingenitum
1258 4299 1378 4337 cum
1404 4284 1587 4352 genito
1602 4283 1770 4341 habet
1787 4287 2101 4356 quamdam,

531 4368 798 4435 positione
824 4372 1134 4439 verborum,
1169 4390 1274 4429 non
1317 4389 1506 4431 natura
1543 4374 1759 4446 rerum,
1806 4379 2104 4447 appositio-

532 4474 678 4528 nem,
701 4462 840 4529 quod
870 4472 1042 4518 tamen
1070 4466 1120 4519 hi
1150 4463 1413 4519 aﬂirmant
1442 4484 1455 4519 :
1489 4466 1625 4524 lucis
1646 4476 1825 4525 autem
1843 4483 1964 4524 cum
1990 4468 2108 4526 luce

2203 1998 2335 2068 τέρα
2382 1997 2499 2067 φῶς
2537 1998 2837 2069 ὀνομάζων,
2885 1995 2999 2065 φῶς
3023 1996 3079 2049 δὲ
3108 1997 3201 2050 καὶ
3229 1996 3320 2048 τὸν
3350 1997 3498 2061 Υἰὸν,
3533 1997 3780 2050 τοσοῦτον

2203 2088 2259 2141 δὲ
2285 2088 2443 2142 τοῦτο
2472 2090 2533 2141 τὸ
2562 2087 2678 2155 φῶς
2712 2088 2923 2141 ἐκείνου
2949 2087 3041 2140 τοῦ
3074 2087 3248 2155 φωτὸς
3275 2085 3557 2157 διωρίσθαι
3589 2086 3779 2154 λέγων,

2203 2183 2325 2234 ὅσον
2356 2181 2417 2234 τὸ
2456 2180 2712 2250 γεννητὸν
2739 2180 2847 2234 ἀπὸ
2875 2179 2968 2233 τοῦ
2996 2179 3287 2248 ἀγεννήτου
3320 2177 3624 2247 διώρισται,
3667 2177 3790 2245 οὐχὶ

2204 2270 2361 2341 δῆλός
2397 2271 2533 2332 ἐστι,
2574 2268 2675 2322 κᾶν
2704 2269 2782 2339 τῷ
2831 2270 3036 2339 ῥήματι
3077 2266 3439 2340 προσποιῆται
3477 2265 3791 2337 φιλανθρωι

2206 2340 2486 2427 πεῦεσθαι,
2519 2361 2636 2430 φῶς
2673 2359 2952 2431 ὀνομάζων
2995 2359 3155 2429 δῆθεν
3203 2359 3296 2412 καὶ
3328 2359 3419 2412 τὸν
3458 2358 3606 2421 Υίδν,
3652 2358 3792 2411 ἀλλά

2209 2455 2275 2524 τῇ
2316 2470 2379 2522 γε
2410 2454 2638 2523 δυνάμει
2775 2452 2883 2505 τῶν
2929 2451 3235 2522 λεγομένων
3272 2452 3406 2523 πρὸς
3438 2451 3499 2502 τὸ
3541 2450 3789 2503 ἐναντίον

2205 2544 2432 2612 ἀπάγων
2458 2544 2555 2615 τὴν
2586 2543 2823 2607 έννοιαν;
2859 2543 3116 2595 Σκοπεῖτε
3151 2541 3254 2614 γὰρ
3284 2542 3337 2594 τί
3373 2540 3675 2595 ἀντίκειται
3707 2540 3789 2610 τῷ

2204 2636 2506 2707 ἁγεννήτῳ,
2544 2634 2669 2687 ἀλλο
2708 2634 3022 2704 ἀγέννητον,
3060 2632 3091 2702 ἢ
3136 2632 3197 2684 τὸ
3239 2633 3526 2703 γεννητόν;
3558 2633 3631 2684 Τὸ
3664 2650 3794 2699 γεν-

2204 2726 2362 2798 νητὸν
2390 2725 2654 2797 δηλονότι.
2702 2726 2766 2778 Τί
2792 2726 2847 2780 δὲ
2881 2725 3178 2779 ἀντίκειται
3207 2723 3283 2793 τῷ
3318 2723 3486 2792 φωτίς
3520 2723 3632 2791 φώς
3669 2724 3793 2775 ἓτε-

2206 2835 2317 2890 ρον,
2359 2818 2392 2889 ἢ
2434 2817 2493 2871 τὸ
2526 2817 2742 2883 σκότος;
2779 2815 2852 2869 To
2882 2816 3069 2879 σκότος
3104 2815 3337 2877 πάντως.
3370 2814 3431 2866 Εἰ
3456 2813 3631 2865 τοίνυν
3660 2813 3793 2866 ὅσον

2204 2910 2582 2982 παρήλλακται
2608 2910 2667 2963 τὸ
2700 2908 2955 2979 γεννητὸν
3002 2908 3135 2979 πρὸς
3164 2906 3223 2959 τὸ
3251 2907 3565 2976 ἀγέννητον,
3596 2905 3793 2958 τοσοῦ-

2203 3019 2293 3055 τον
2340 3001 2551 3071 ἀνάγκη
2584 2999 2962 3069 παρηλλάχθαι
3002 2998 3062 3050 τὸ
3096 2998 3208 3065 φῶς
3239 2997 3374 3067 πρδς
3404 2996 3464 3048 τὸ
3506 2996 3644 3063 φῶς,
3684 2997 3791 3047 τίνι

2203 3094 2311 3147 τῶν
2344 3095 2595 3148 ἁπάντων
2632 3091 2886 3163 ἀδηλοςὴ
2922 3090 3165 3154 ἀσέϐεια,
3202 3091 3303 3151 ὅτι,
3354 3090 3411 3141 ὲν
3442 3088 3790 3161 προσηγορίᾳ

2206 3187 2382 3255 φωτὸς
2411 3187 2470 3239 τὸ
2511 3184 2884 3255 ἀντικείμενον
2929 3183 3006 3254 τῷ
3041 3182 3179 3251 φωτὶ
3217 3180 3588 3254 παρεισάγων,
3634 3183 3792 3234 ἐναν-

2203 3279 2324 3332 τίαν
2350 3274 2487 3330 εἴναι
2515 3280 2579 3347 τῇ
2608 3274 2701 3329 τοῦ
2734 3274 2909 3345 φωτὸς
2940 3273 3097 3343 φύσει
3131 3273 3228 3343 τὴν
3263 3272 3449 3326 οὐσίαν
3483 3272 3577 3325 τοῦ
3613 3273 3790 3325 Move-

2202 3369 2393 3439 γενοῦς
2427 3367 2751 3431 ὑποὸάλλει;
2785 3368 2854 3420 Ἢ
2886 3366 3147 3420 δεικνύτω
3170 3368 3301 3436 ἡμῖν
3328 3364 3443 3434 φῶς
3476 3363 3791 3433 ἀντικείμε-

2203 3480 2291 3516 νον
2338 3462 2415 3533 τῷ
2462 3462 2619 3530 φωτὶ,
2675 3460 2896 3513 κάκεῖνο
2948 3458 3008 3510 τὸ
3062 3458 3260 3529 μέτρον
3308 3457 3407 3525 τῆς
3460 3454 3789 3517 ἀντιθέσεως

2203 3555 2344 3625 ἔχον,
2371 3554 2398 3606 ὃ
2430 3553 2507 3623 τῷ
2548 3551 2791 3624 γεννητῷ
2826 3550 2961 3621 πρὸς
3001 3550 3062 3602 τὸ
3090 3549 3384 3619 ἀγέννητον
3426 3548 3593 3602 ἐστιν.
3632 3548 3693 3600 Εἰ
3731 3546 3787 3599 δὲ

2202 3644 2361 3699 τοῦτο
2404 3644 2525 3697 οὔτε
2566 3644 2709 3694 ἐστὶν
2748 3678 2763 3705 ,
2874 3639 2985 3693 οὔτ’
3021 3638 3084 3693 ἂν
3130 3639 3291 3701 αὐτὸς
3337 3638 3679 3707 ἐπινοήσειε,
3715 3634 3793 3705 μὴ

2203 3735 2503 3806 ἀγνοείσθω
2532 3737 2564 3805 η
2596 3733 2756 3804 τέχνη
2797 3734 2913 3803 μεθ’
2957 3728 3025 3804 ἦς
3054 3731 3262 3803 βαθέως
3297 3729 3693 3791 κατασκευάζει
3729 3728 3795 3780 τὸ

2207 3829 2543 3900 βλάσφημον.
2594 3826 2812 3898 Ἐπειδὴ
2848 3826 2954 3897 γὰρ
2984 3826 3152 3878 οίεται
3180 3823 3259 3894 τῷ
3286 3824 3562 3894 ἀγεννήτῳ
3582 3821 3642 3873 τὸ
3669 3837 3793 3888 γεν-

2205 3922 2363 3993 νητὸν
2420 3921 2538 3973 κατ’
2572 3919 2884 3973 ἐναντίωσιν
2938 3915 3290 3978 ἀντικεῖσθαι,
3343 3915 3441 3986 τὴν
3493 3913 3660 3983 αὐτὴν
3712 3910 3792 3982 τῷ

2207 4010 2345 4081 φωτὶ
2384 4010 2519 4080 πρὸς
2543 4010 2602 4062 τὸ
2635 4009 2748 4079 φῶς
2775 4007 3046 4061 ἀντίθεσιν
3073 4003 3392 4078 ἐφαρμόζει,
3429 4005 3513 4057 ἵνα
3538 4003 3627 4055 διὰ
3657 4002 3797 4055 πάν-

2204 4121 2312 4158 των
2351 4105 2449 4175 τὴν
2478 4103 2569 4156 τοῦ
2598 4102 2809 4173 Πατρὸς
2841 4102 3029 4155 οὐσίαν
3060 4098 3352 4154 ἀντίπαλον
3386 4098 3481 4149 καὶ
3521 4096 3797 4168 πολεμίαν

2204 4200 2271 4269 τῇ
2300 4195 2393 4250 τοῦ
2425 4194 2757 4264 Μονογενοῦς
2790 4193 3053 4263 ἐπιδείξῃ.
3085 4190 3182 4244 Διά
3216 4189 3388 4243 ταῦτα
3424 4190 3457 4259 ἡ
3634 4186 3799 4254 καινὴ

2207 4288 2345 4359 αὕτη
2381 4287 2487 4341 τῶν
2528 4286 2817 4357 δογμάτων
2852 4284 3143 4355 νομοθεσία
3164 4301 3175 4312 ·
3209 4283 3372 4335 Ὅσον
3409 4278 3797 4352 παρήλλακται

2208 4380 2268 4436 τὸ
2299 4379 2553 4451 γεννητὸν
2584 4377 2679 4432 τοῦ
2710 4378 3025 4449 ἀγεννήτου,
3059 4373 3311 4429 τοσοῦτον
3339 4372 3554 4441 ἀνάγκη
3583 4370 3799 4440 παρηλ-

2207 4473 2403 4545 λάχθαι
2444 4472 2505 4526 τὸ
2537 4456 2652 4542 φῶς
2692 4470 2827 4543 πρὸς
2871 4470 2932 4522 τὸ
2976 4469 3110 4539 φῶς.
3150 4467 3339 4520 Καίτοι
3374 4465 3450 4535 τῷ
3495 4464 3595 4536 μὲν
3636 4465 3799 4531 ἀγεν-

534 4568 632 4609 nec
651 4556 948 4609 secundum
977 4557 1332 4626 prolationem
1360 4567 1458 4613 net:
1481 4560 1780 4617 secundum
1807 4559 2103 4630 intelligen-

2209 4567 2353 4638 νήτῳ
2386 4564 2522 4635 πρὸς
2554 4563 2615 4617 τὸ
2645 4562 2901 4633 γεννητόν
2928 4562 3042 4614 ὲστί
3073 4577 3177 4623 τις,
3208 4557 3350 4611 κατά
3380 4558 3475 4627 τὴν
3505 4555 3657 4608 θέσιν
3686 4554 3799 4607 τῶν
3858 4568 3865 4573 ‘

534 4647 662 4700 tiam
684 4648 1043 4703 contrarietas
1070 4649 1181 4703 ulla’
1205 4651 1501 4721 excogitari
1531 4661 1730 4721 potest.
1759 4652 1866 4708 Sed
1890 4653 2105 4708 videtur

531 4737 725 4794 fucatis
742 4739 1175 4796 cavillationibus
1192 4758 1250 4797 se
1273 4744 1446 4813 ipsum
1471 4742 1739 4812 decipere.
1757 4743 1915 4799 Putat
1934 4746 2099 4809 enim,

533 4846 653 4900 qua:
682 4846 745 4886 ex
776 4833 1068 4888 contrariis
1095 4844 1420 4903 sequuntur,
1449 4836 1692 4891 eamdem
1735 4836 1879 4892 inter
1912 4851 1971 4893 se
2005 4853 2105 4908 pu-

500 4956 504 4961 -
533 4937 690 4991 gnam
725 4925 949 4989 habere,
972 4940 1135 4994 quam
1162 4925 1361 4981 habent
1382 4936 1435 4982 et
1460 4927 1777 4997 principalia
1804 4931 2102 4996 contraria,

520 5027 588 5069 'et
625 5031 747 5071 cum
781 5019 1115 5072 contrarium
1159 5017 1301 5073 inest
1332 5021 1507 5075 «alteri
1552 5022 1975 5087 cont-rariorum,
2038 5037 2107 5076 ex

490 5109 707 5162 "altera
748 5111 912 5165 etiam
939 5111 1269 5164 contrarium
1300 5114 1611 5167 necessario
1641 5125 1975 5169 secuturum.
2018 5113 2110 5177 Ut,

537 5200 583 5252 si
613 5214 675 5253 ex
707 5199 834 5251 visu
862 5198 951 5251 lux
982 5198 1251 5262 sequitur,
1280 5210 1344 5248 ex
1374 5195 1615 5248 caecitate
1650 5194 1887 5248 tenebrae
1914 5212 1927 5249 :
1964 5196 2009 5250 si
2047 5212 2114 5252 ex

532 5293 642 5344 vita
695 5298 1017 5352 sensus,“
1048 5299 1225 5347 morte
1268 5287 1498 5354 privatio
1543 5302 1823 5343 sensuum.
1868 5288 1993 5343 Haec
2020 5305 2114 5345 au-

534 5394 639 5436 tem
670 5382 980 5438 observatio
1011 5394 1174 5450 quam
1205 5377 1398 5432 debilis
1428 5377 1521 5441 sit,
1551 5391 1825 5446 quamque
1857 5377 2108 5443 evanida,

530 5474 751 5527 cuilibet
782 5473 862 5526 vel
905 5471 1181 5542 paululum
1238 5468 1540 5522 attendenti
1602 5470 1945 5537 perspicuum
2004 5478 2111 5524 est.

531 5564 641 5618 Nec
689 5565 832 5617 enim
877 5563 1131 5633 quoniam
1184 5577 1245 5616 ex
1296 5560 1494 5629 vigiliis
1539 5560 1645 5614 vita
1690 5562 1965 5628 sequitur,
2020 5576 2111 5615 ne-

531 5658 769 5711 cessario
812 5674 871 5710 ex
938 5671 1129 5711 somno
1164 5672 1311 5710 mors
1362 5654 1626 5721 sequitur.
1673 5653 1778 5707 Sed
1835 5667 1932 5707 nec
1986 5668 2113 5707 con-

535 5748 702 5800 trario
749 5748 905 5801 modo
954 5762 1023 5817 se
1067 5748 1224 5801 habet
1276 5746 1515 5817 genitum
1562 5761 1682 5800 cum
1714 5745 1975 5813 ingenito.
2021 5743 2114 5799 Ει-

2212 4656 2491 4729 ῥημάτων,
2519 4656 2567 4710 εἰ
2594 4655 2688 4709 καὶ
2718 4655 2793 4726 μὴ
2824 4652 2965 4708 κατὰ
2990 4653 3087 4724 τὴν
3117 4650 3276 4719 φύσιν
3303 4646 3409 4702 τῶν
3432 4648 3798 4719 πραγμάτων,

2211 4747 2499 4811 ἀντίθεσις.
2528 4747 2665 4815 ὅπερ
2702 4740 2845 4798 οὗτοι
2880 4745 3344 4811 κατασκευάζουσι
3364 4763 3377 4776 ⁸
3411 4748 3549 4815 φωτὶ
3574 4745 3631 4799 δὲ
3661 4745 3801 4815 πρὸς

2208 4839 2270 4893 τδ
2303 4839 2418 4909 φῶς
2448 4838 2571 4893 οὔτε
2616 4838 2757 4892 κατά
2782 4838 2880 4909 τὴν
2920 4838 3202 4909 προφορὰν
3235 4837 3358 4891 οὒτε
3399 4837 3540 4892 κατά
3576 4838 3677 4906 τὴν
3712 4837 3800 4888 έν-

2213 4947 2361 4986 νοιαν
2391 4929 2674 5001 ἐπινοῆσαι
2699 4948 2821 4984 τινα
2844 4930 3069 4983 δυνατὸν
3101 4931 3433 4984 ἐναντίωσιν.
3482 4927 3645 4982 Ἀλλά
3688 4928 3800 4999 γάρ

2185 5022 2361 5075 ’ἔοικε
2430 5020 2758 5091 σοφίσμασιν
2834 5021 3135 5090 ἀπατηλοῖς
3210 5021 3402 5074 ἑαυτὸν
3478 5018 3800 5091 παρακρού-

2221 5112 2396 5165 εσθαι.
2556 5112 2741 5166 Οίεται
2771 5112 2899 5184 γὰρ,
2925 5114 3006 5165 ὅτι
3036 5111 3103 5164 τά
3130 5114 3243 5174 τοῖς
3267 5111 3530 5174 ὲναντίοιζ
3558 5112 3799 5180 ἑπόμενα

2210 5201 2306 5271 τὴν
2333 5198 2502 5269 αὐτὴν
2545 5196 2665 5266 ἔχει
2688 5194 2824 5265 πρὸς
2868 5192 3072 5263 ἄλληλα
3121 5190 3323 5261 μάχην.
3369 5191 3549 5259 ἥνπερ
3591 5187 3657 5241 ἀν
3687 5186 3800 5256 ἔχει

2209 5291 2306 5345 καὶ
2334 5288 2403 5342 τά
2432 5286 2712 5357 ἡγούμενα
2732 5302 2744 5314 ’
2783 5284 2878 5337 καὶ
2913 5284 3039 5336 ὅταν
3079 5281 3154 5352 τῷ
3187 5281 3360 5351 ἑτέρῳ
3398 5280 3507 5334 τῶν
3540 5278 3799 5331 ἐναντίων

2210 5379 2272 5435 τὸ
2296 5379 2533 5433 ἐναντίον
2566 5376 2807 5446 ὑπάρχῃ,
2850 5375 2943 5427 καὶ
2982 5374 3061 5444 τῷ
3091 5374 3261 5444 ἑτέρῳ
3292 5372 3509 5433 πάντως
3551 5370 3609 5422 τὸ
3643 5370 3799 5423 ἐναν-

2211 5471 2326 5526 τίον
2351 5467 2728 5538 ἀκολουθήσει.
2764 5461 2909 5529 Οἷον,
2941 5466 2988 5517 εί
3017 5468 3081 5534 τῇ
3112 5465 3303 5535 ὁράσει
3330 5463 3390 5515 τὸ
3420 5462 3537 5531 φώς
3578 5462 3795 5526 ἕπεται,

2213 5566 2278 5634 τῇ
2319 5561 2610 5631 τυφλότητι
2647 5558 2707 5611 τὸ
2749 5558 2969 5619 σκότος’
3000 5559 3048 5609 εἰ
3079 5556 3155 5627 τῷ
3188 5557 3285 5625 ζῇν
3321 5556 3381 5608 τὸ
3417 5552 3798 5617 αἰσθάνεσθαι,

2214 5658 2292 5728 τῷ
2315 5654 2629 5725 τεθνηκέναι
2653 5653 2714 5704 τὸ
2739 5650 3101 5720 ἀναισθητεῖν.
3262 5646 3432 5699 Τοῦτο
3457 5647 3511 5699 δὲ
3538 5646 3613 5709 ώς
3634 5645 3801 5699 ἀσθε-

2216 5748 2302 5813 νὲς
2344 5748 2435 5798 καὶ
2464 5746 2751 5797 διαπῖπτον
2791 5740 2850 5795 τὸ
2891 5743 3286 5813 παρατήρημα,
3326 5739 3486 5790 παντὶ
3520 5736 3800 5807 γνώριμον
