  <div class='ocr_page' id='page_1' title='image "/cluster/home/n/w/nwhite01/storage/ocr_20150623/130/hvd.32044073502387/270.png"; bbox 0 0 4094 6204; ppageno 0'>
   <div class='ocr_carea' id='block_1_1' title="bbox 364 313 476 377">
    <p class='ocr_par' dir='ltr' id='par_1_1' title="bbox 364 313 476 377">
     <span class='ocr_line' id='line_1_1' title="bbox 364 313 476 377; baseline 0 0"><span class='ocrx_word' id='word_1_1' title='bbox 364 313 476 377; x_wconf 73' lang='lat'><strong>529</strong></span> 
     </span>
    </p>
   </div>
   <div class='ocr_carea' id='block_1_2' title="bbox 1346 318 2700 383">
    <p class='ocr_par' dir='ltr' id='par_1_2' title="bbox 1346 318 2700 383">
     <span class='ocr_line' id='line_1_2' title="bbox 1346 318 2700 383; baseline -0.004 -1"><span class='ocrx_word' id='word_1_2' title='bbox 1346 320 1728 382; x_wconf 82' lang='lat' dir='ltr'><strong>PANOPLIA</strong></span> <span class='ocrx_word' id='word_1_3' title='bbox 1767 320 2230 383; x_wconf 75' lang='lat' dir='ltr'><strong>DOGMATICA.</strong></span> <span class='ocrx_word' id='word_1_4' title='bbox 2274 345 2345 356; x_wconf 85' lang='grc'><strong><em>-</em></strong></span> <span class='ocrx_word' id='word_1_5' title='bbox 2378 319 2528 380; x_wconf 84' lang='grc' dir='ltr'><strong>ΤΙΤ.</strong></span> <span class='ocrx_word' id='word_1_6' title='bbox 2601 318 2700 378; x_wconf 82' lang='lat' dir='ltr'><strong>XI.</strong></span> 
     </span>
    </p>
   </div>
   <div class='ocr_carea' id='block_1_3' title="bbox 3541 315 3646 380">
    <p class='ocr_par' dir='ltr' id='par_1_3' title="bbox 3541 315 3646 380">
     <span class='ocr_line' id='line_1_3' title="bbox 3541 315 3646 380; baseline 0.038 -4"><span class='ocrx_word' id='word_1_7' title='bbox 3541 315 3646 380; x_wconf 77' lang='lat'><strong>530</strong></span> 
     </span>
    </p>
   </div>
   <div class='ocr_carea' id='block_1_4' title="bbox 370 443 1965 524">
    <p class='ocr_par' dir='ltr' id='par_1_4' title="bbox 370 449 1960 524">
     <span class='ocr_line' id='line_1_4' title="bbox 370 449 1960 524; baseline -0.002 -17"><span class='ocrx_word' id='word_1_8' title='bbox 370 453 452 524; x_wconf 83' lang='grc' dir='ltr'><strong>τῷ</strong></span> <span class='ocrx_word' id='word_1_9' title='bbox 481 453 577 508; x_wconf 76' lang='grc' dir='ltr'>καὶ</span> <span class='ocrx_word' id='word_1_10' title='bbox 609 451 804 524; x_wconf 81' lang='grc' dir='ltr'>μικρὸν</span> <span class='ocrx_word' id='word_1_11' title='bbox 835 451 1208 521; x_wconf 80' lang='grc' dir='ltr'>ὲπιστήσαντι.</span> <span class='ocrx_word' id='word_1_12' title='bbox 1241 451 1316 504; x_wconf 82' lang='grc' dir='ltr'><strong>Οὐ</strong></span> <span class='ocrx_word' id='word_1_13' title='bbox 1346 449 1456 521; x_wconf 85' lang='grc' dir='ltr'><strong>γὰρ</strong></span> <span class='ocrx_word' id='word_1_14' title='bbox 1480 451 1665 522; x_wconf 77' lang='grc' dir='ltr'>ἐπειδὴ</span> <span class='ocrx_word' id='word_1_15' title='bbox 1691 449 1768 522; x_wconf 80' lang='grc' dir='ltr'><strong>τῷ</strong></span> <span class='ocrx_word' id='word_1_16' title='bbox 1796 453 1960 522; x_wconf 78' lang='grc' dir='ltr'>ἐγρη-</span> 
     </span>
    </p>
   </div>
   <div class='ocr_carea' id='block_1_5' title="bbox 2070 443 3644 524">
    <p class='ocr_par' dir='ltr' id='par_1_5' title="bbox 2070 443 3644 512">
     <span class='ocr_line' id='line_1_5' title="bbox 2070 443 3644 512; baseline -0.004 -8"><span class='ocrx_word' id='word_1_17' title='bbox 2070 452 2205 505; x_wconf 77' lang='lat' dir='ltr'><strong>euim</strong></span> <span class='ocrx_word' id='word_1_18' title='bbox 2253 451 2295 504; x_wconf 92' lang='lat' dir='ltr'><strong>si</strong></span> <span class='ocrx_word' id='word_1_19' title='bbox 2352 447 2624 503; x_wconf 83' lang='lat' dir='ltr'><strong>contraria</strong></span> <span class='ocrx_word' id='word_1_20' title='bbox 2676 452 2821 507; x_wconf 86' lang='lat' dir='ltr'><strong>sunt,</strong></span> <span class='ocrx_word' id='word_1_21' title='bbox 2862 443 2974 512; x_wconf 89' lang='lat' dir='ltr'><strong>jam</strong></span> <span class='ocrx_word' id='word_1_22' title='bbox 3025 454 3209 500; x_wconf 90' lang='lat' dir='ltr'><strong>mutuo</strong></span> <span class='ocrx_word' id='word_1_23' title='bbox 3257 457 3315 498; x_wconf 88' lang='lat' dir='ltr'><strong>se</strong></span> <span class='ocrx_word' id='word_1_24' title='bbox 3364 445 3644 499; x_wconf 86' lang='lat' dir='ltr'><strong>destruent</strong></span> 
     </span>
    </p>
   </div>
   <div class='ocr_carea' id='block_1_6' title="bbox 370 540 1961 615">
    <p class='ocr_par' dir='ltr' id='par_1_6' title="bbox 370 540 1961 615">
     <span class='ocr_line' id='line_1_6' title="bbox 370 540 1961 615; baseline -0.001 -18"><span class='ocrx_word' id='word_1_25' title='bbox 370 543 599 615; x_wconf 86' lang='grc' dir='ltr'>γορέναι</span> <span class='ocrx_word' id='word_1_26' title='bbox 632 543 694 596; x_wconf 83' lang='grc' dir='ltr'>τὸ</span> <span class='ocrx_word' id='word_1_27' title='bbox 721 542 821 614; x_wconf 77' lang='grc' dir='ltr'>ζῇν</span> <span class='ocrx_word' id='word_1_28' title='bbox 850 542 1063 603; x_wconf 74' lang='grc' dir='ltr'>ἕπεται,</span> <span class='ocrx_word' id='word_1_29' title='bbox 1095 540 1174 611; x_wconf 82' lang='grc' dir='ltr'><strong>τῷ</strong></span> <span class='ocrx_word' id='word_1_30' title='bbox 1207 541 1486 594; x_wconf 80' lang='grc' dir='ltr'><strong>καθεύδειν</strong></span> <span class='ocrx_word' id='word_1_31' title='bbox 1517 541 1800 594; x_wconf 85' lang='grc' dir='ltr'>ἀκολουθεῖ</span> <span class='ocrx_word' id='word_1_32' title='bbox 1828 543 1961 596; x_wconf 84' lang='grc' dir='ltr'>πάν-</span> 
     </span>
    </p>
   </div>
   <div class='ocr_carea' id='block_1_7' title="bbox 367 633 1961 708">
    <p class='ocr_par' dir='ltr' id='par_1_7' title="bbox 367 633 1961 708">
     <span class='ocr_line' id='line_1_7' title="bbox 367 633 1961 708; baseline 0 -18"><span class='ocrx_word' id='word_1_33' title='bbox 367 653 486 700; x_wconf 76' lang='grc' dir='ltr'><strong>τως</strong></span> <span class='ocrx_word' id='word_1_34' title='bbox 516 636 579 689; x_wconf 73' lang='grc' dir='ltr'>τὸ</span> <span class='ocrx_word' id='word_1_35' title='bbox 599 635 876 689; x_wconf 82' lang='grc' dir='ltr'>τεθνάναι.</span> <span class='ocrx_word' id='word_1_36' title='bbox 928 634 1064 687; x_wconf 81' lang='grc' dir='ltr'>Ἀλλ’</span> <span class='ocrx_word' id='word_1_37' title='bbox 1101 634 1225 687; x_wconf 74' lang='grc' dir='ltr'>οὔτε</span> <span class='ocrx_word' id='word_1_38' title='bbox 1260 633 1518 698; x_wconf 80' lang='grc' dir='ltr'><strong>ἐναντίως</strong></span> <span class='ocrx_word' id='word_1_39' title='bbox 1545 635 1658 705; x_wconf 77' lang='grc' dir='ltr'>ἔχει</span> <span class='ocrx_word' id='word_1_40' title='bbox 1685 637 1747 690; x_wconf 86' lang='grc' dir='ltr'>τὸ</span> <span class='ocrx_word' id='word_1_41' title='bbox 1770 653 1961 708; x_wconf 90' lang='grc' dir='ltr'>γεννη-</span> 
     </span>
    </p>
   </div>
   <div class='ocr_carea' id='block_1_8' title="bbox 368 724 1957 800">
    <p class='ocr_par' dir='ltr' id='par_1_8' title="bbox 368 724 1957 800">
     <span class='ocr_line' id='line_1_8' title="bbox 368 724 1957 800; baseline 0 -20"><span class='ocrx_word' id='word_1_42' title='bbox 368 727 468 780; x_wconf 77' lang='grc' dir='ltr'>τὸν</span> <span class='ocrx_word' id='word_1_43' title='bbox 490 726 634 797; x_wconf 74' lang='grc' dir='ltr'>πρὸς</span> <span class='ocrx_word' id='word_1_44' title='bbox 655 726 718 778; x_wconf 80' lang='grc' dir='ltr'>τὸ</span> <span class='ocrx_word' id='word_1_45' title='bbox 744 725 1060 796; x_wconf 85' lang='grc' dir='ltr'>ἀγέννητον.</span> <span class='ocrx_word' id='word_1_46' title='bbox 1095 726 1156 778; x_wconf 78' lang='grc' dir='ltr'><strong>Εἰ</strong></span> <span class='ocrx_word' id='word_1_47' title='bbox 1185 724 1295 797; x_wconf 83' lang='grc' dir='ltr'>γὰρ</span> <span class='ocrx_word' id='word_1_48' title='bbox 1318 727 1537 781; x_wconf 73' lang='grc' dir='ltr'>ἐναντία</span> <span class='ocrx_word' id='word_1_49' title='bbox 1563 728 1658 780; x_wconf 78' lang='grc' dir='ltr'>καὶ</span> <span class='ocrx_word' id='word_1_50' title='bbox 1684 727 1957 800; x_wconf 77' lang='grc' dir='ltr'><strong>φθαρτικὰ</strong></span> 
     </span>
    </p>
   </div>
   <div class='ocr_carea' id='block_1_9' title="bbox 371 813 1958 887">
    <p class='ocr_par' dir='ltr' id='par_1_9' title="bbox 371 813 1958 887">
     <span class='ocr_line' id='line_1_9' title="bbox 371 813 1958 887; baseline -0.001 -18"><span class='ocrx_word' id='word_1_51' title='bbox 371 816 646 887; x_wconf 70' lang='grc' dir='ltr'>ἀλλήλων,</span> <span class='ocrx_word' id='word_1_52' title='bbox 683 817 820 886; x_wconf 75' lang='grc' dir='ltr'>ὅπερ</span> <span class='ocrx_word' id='word_1_53' title='bbox 859 816 940 878; x_wconf 81' lang='grc' dir='ltr'>εἰς</span> <span class='ocrx_word' id='word_1_54' title='bbox 996 813 1236 885; x_wconf 83' lang='grc' dir='ltr'>κεφαλὴν</span> <span class='ocrx_word' id='word_1_55' title='bbox 1269 816 1384 878; x_wconf 76' lang='grc' dir='ltr'>τοῖς</span> <span class='ocrx_word' id='word_1_56' title='bbox 1421 813 1804 887; x_wconf 80' lang='grc' dir='ltr'><strong>βλασφημοῦσι</strong></span> <span class='ocrx_word' id='word_1_57' title='bbox 1833 815 1958 886; x_wconf 85' lang='grc' dir='ltr'>τρέ-</span> 
     </span>
    </p>
   </div>
   <div class='ocr_carea' id='block_1_10' title="bbox 2061 536 3644 610">
    <p class='ocr_par' dir='ltr' id='par_1_10' title="bbox 2061 536 3644 610">
     <span class='ocr_line' id='line_1_10' title="bbox 2061 536 3644 610; baseline -0.001 -18"><span class='ocrx_word' id='word_1_58' title='bbox 2061 540 2244 610; x_wconf 88' lang='lat' dir='ltr'><strong>(quod</strong></span> <span class='ocrx_word' id='word_1_59' title='bbox 2301 541 2351 592; x_wconf 87' lang='lat' dir='ltr'><strong>in</strong></span> <span class='ocrx_word' id='word_1_60' title='bbox 2410 547 2574 606; x_wconf 84' lang='lat' dir='ltr'><strong>caput</strong></span> <span class='ocrx_word' id='word_1_61' title='bbox 2630 536 3121 608; x_wconf 88' lang='lat' dir='ltr'><strong>blasphemantium</strong></span> <span class='ocrx_word' id='word_1_62' title='bbox 3190 540 3494 600; x_wconf 85' lang='lat' dir='ltr'><strong>vertatur),</strong></span> <span class='ocrx_word' id='word_1_63' title='bbox 3535 539 3644 591; x_wconf 89' lang='lat' dir='ltr'><strong>imo</strong></span> 
     </span>
    </p>
   </div>
   <div class='ocr_carea' id='block_1_11' title="bbox 2063 631 3642 700">
    <p class='ocr_par' dir='ltr' id='par_1_11' title="bbox 2063 631 3642 700">
     <span class='ocr_line' id='line_1_11' title="bbox 2063 631 3642 700; baseline -0.004 -13"><span class='ocrx_word' id='word_1_64' title='bbox 2063 646 2235 700; x_wconf 86' lang='lat' dir='ltr'><strong>neque</strong></span> <span class='ocrx_word' id='word_1_65' title='bbox 2276 642 2467 684; x_wconf 85' lang='lat' dir='ltr'><strong>natura</strong></span> <span class='ocrx_word' id='word_1_66' title='bbox 2499 631 2721 685; x_wconf 82' lang='lat' dir='ltr'><strong>adversa</strong></span> <span class='ocrx_word' id='word_1_67' title='bbox 2757 637 2914 697; x_wconf 82' lang='lat' dir='ltr'><strong>sunt,</strong></span> <span class='ocrx_word' id='word_1_68' title='bbox 2944 644 3118 699; x_wconf 87' lang='lat' dir='ltr'><strong>neque</strong></span> <span class='ocrx_word' id='word_1_69' title='bbox 3151 644 3270 697; x_wconf 83' lang='lat' dir='ltr'><strong>quae</strong></span> <span class='ocrx_word' id='word_1_70' title='bbox 3296 645 3642 699; x_wconf 87' lang='lat' dir='ltr'><strong>consequun-</strong></span> 
     </span>
    </p>
   </div>
   <div class='ocr_carea' id='block_1_12' title="bbox 2067 721 3642 790">
    <p class='ocr_par' dir='ltr' id='par_1_12' title="bbox 2067 721 3642 790">
     <span class='ocr_line' id='line_1_12' title="bbox 2067 721 3642 790; baseline -0.001 -14"><span class='ocrx_word' id='word_1_71' title='bbox 2067 733 2175 790; x_wconf 89' lang='lat' dir='ltr'><strong>tur,</strong></span> <span class='ocrx_word' id='word_1_72' title='bbox 2197 722 2440 778; x_wconf 78' lang='lat' dir='ltr'><strong>eamdem</strong></span> <span class='ocrx_word' id='word_1_73' title='bbox 2466 723 2772 778; x_wconf 88' lang='lat' dir='ltr'><strong>necessario</strong></span> <span class='ocrx_word' id='word_1_74' title='bbox 2805 721 3080 778; x_wconf 84' lang='lat' dir='ltr'><strong>habebunt</strong></span> <span class='ocrx_word' id='word_1_75' title='bbox 3108 721 3444 784; x_wconf 78' lang='lat' dir='ltr'><strong>distantiam,</strong></span> <span class='ocrx_word' id='word_1_76' title='bbox 3479 735 3642 789; x_wconf 88' lang='lat' dir='ltr'><strong>quam</strong></span> 
     </span>
    </p>
   </div>
   <div class='ocr_carea' id='block_1_13' title="bbox 2063 811 3251 882">
    <p class='ocr_par' dir='ltr' id='par_1_13' title="bbox 2063 811 3251 882">
     <span class='ocr_line' id='line_1_13' title="bbox 2063 811 3251 882; baseline -0.006 -13"><span class='ocrx_word' id='word_1_77' title='bbox 2063 823 2116 869; x_wconf 88' lang='lat' dir='ltr'><strong>et</strong></span> <span class='ocrx_word' id='word_1_78' title='bbox 2145 811 2456 882; x_wconf 83' lang='lat' dir='ltr'><strong>principalia</strong></span> <span class='ocrx_word' id='word_1_79' title='bbox 2483 812 3001 868; x_wconf 88' lang='lat' dir='ltr'><strong>demonstrabantur</strong></span> <span class='ocrx_word' id='word_1_80' title='bbox 3031 811 3251 866; x_wconf 85' lang='lat' dir='ltr'><strong>habere.</strong></span> 
     </span>
    </p>
   </div>
   <div class='ocr_carea' id='block_1_14' title="bbox 373 905 3646 981">
    <p class='ocr_par' dir='ltr' id='par_1_14' title="bbox 373 905 3646 981">
     <span class='ocr_line' id='line_1_14' title="bbox 373 905 3646 981; baseline -0.002 -18"><span class='ocrx_word' id='word_1_81' title='bbox 373 925 554 974; x_wconf 73' lang='grc' dir='ltr'>ποιτο,</span> <span class='ocrx_word' id='word_1_82' title='bbox 581 910 694 964; x_wconf 77' lang='grc' dir='ltr'>ἀλλ’</span> <span class='ocrx_word' id='word_1_83' title='bbox 719 909 840 962; x_wconf 74' lang='grc' dir='ltr'>οὔτε</span> <span class='ocrx_word' id='word_1_84' title='bbox 868 911 934 980; x_wconf 78' lang='grc' dir='ltr'><strong>τῇ</strong></span> <span class='ocrx_word' id='word_1_85' title='bbox 965 911 1125 979; x_wconf 82' lang='grc' dir='ltr'>φύσει</span> <span class='ocrx_word' id='word_1_86' title='bbox 1159 908 1414 978; x_wconf 82' lang='grc' dir='ltr'>πολέμια,</span> <span class='ocrx_word' id='word_1_87' title='bbox 1443 907 1568 962; x_wconf 72' lang='grc' dir='ltr'>οὔτε</span> <span class='ocrx_word' id='word_1_88' title='bbox 1600 909 1708 981; x_wconf 84' lang='grc' dir='ltr'>μὴν</span> <span class='ocrx_word' id='word_1_89' title='bbox 1735 909 1802 963; x_wconf 79' lang='grc' dir='ltr'><strong>τά</strong></span> <span class='ocrx_word' id='word_1_90' title='bbox 1833 910 2076 980; x_wconf 78' lang='grc' dir='ltr'>ἑπόμενα</span> <span class='ocrx_word' id='word_1_91' title='bbox 2117 908 2332 972; x_wconf 81' lang='grc' dir='ltr'><strong>τούτοις</strong></span> <span class='ocrx_word' id='word_1_92' title='bbox 2371 907 2470 979; x_wconf 82' lang='grc' dir='ltr'>τὴν</span> <span class='ocrx_word' id='word_1_93' title='bbox 2504 906 2676 978; x_wconf 82' lang='grc' dir='ltr'>αὐτὴν</span> <span class='ocrx_word' id='word_1_94' title='bbox 2713 907 3030 976; x_wconf 72' lang='grc' dir='ltr'>ἀναγκαίως</span> <span class='ocrx_word' id='word_1_95' title='bbox 3075 905 3187 971; x_wconf 74' lang='grc' dir='ltr'>ἕξει</span> <span class='ocrx_word' id='word_1_96' title='bbox 3236 906 3539 970; x_wconf 84' lang='grc' dir='ltr'>διάστασιν,</span> <span class='ocrx_word' id='word_1_97' title='bbox 3577 905 3646 976; x_wconf 82' lang='grc' dir='ltr'>ἢν</span> 
     </span>
    </p>
   </div>
   <div class='ocr_carea' id='block_1_15' title="bbox 375 1004 1401 1076">
    <p class='ocr_par' dir='ltr' id='par_1_15' title="bbox 375 1004 1401 1076">
     <span class='ocr_line' id='line_1_15' title="bbox 375 1004 1401 1076; baseline 0 -16"><span class='ocrx_word' id='word_1_98' title='bbox 375 1007 656 1060; x_wconf 60' lang='grc' dir='ltr'>ἐδείκνυτο</span> <span class='ocrx_word' id='word_1_99' title='bbox 686 1005 831 1076; x_wconf 75' lang='grc' dir='ltr'>ἔχειν</span> <span class='ocrx_word' id='word_1_100' title='bbox 861 1007 956 1059; x_wconf 75' lang='grc' dir='ltr'><strong>καὶ</strong></span> <span class='ocrx_word' id='word_1_101' title='bbox 992 1004 1062 1059; x_wconf 82' lang='grc' dir='ltr'><strong>τά</strong></span> <span class='ocrx_word' id='word_1_102' title='bbox 1099 1004 1401 1076; x_wconf 71' lang='grc' dir='ltr'>ἡγούμενα.</span> 
     </span>
    </p>
   </div>
   <div class='ocr_carea' id='block_1_16' title="bbox 583 1097 1959 1170">
    <p class='ocr_par' dir='ltr' id='par_1_16' title="bbox 583 1097 1959 1170">
     <span class='ocr_line' id='line_1_16' title="bbox 583 1097 1959 1170; baseline 0.001 -20"><span class='ocrx_word' id='word_1_103' title='bbox 583 1101 652 1150; x_wconf 82' lang='grc' dir='ltr'><em>Ἢ</em></span> <span class='ocrx_word' id='word_1_104' title='bbox 701 1098 876 1150; x_wconf 85' lang='grc' dir='ltr'>τοίνυν</span> <span class='ocrx_word' id='word_1_105' title='bbox 918 1097 1215 1167; x_wconf 69' lang='grc' dir='ltr'>ἀπάλειψόν</span> <span class='ocrx_word' id='word_1_106' title='bbox 1250 1115 1342 1151; x_wconf 86' lang='grc' dir='ltr'><strong>σου</strong></span> <span class='ocrx_word' id='word_1_107' title='bbox 1393 1097 1453 1151; x_wconf 64' lang='grc' dir='ltr'><strong>τὰ</strong></span> <span class='ocrx_word' id='word_1_108' title='bbox 1510 1099 1752 1170; x_wconf 80' lang='grc' dir='ltr'>ῥήματα,</span> <span class='ocrx_word' id='word_1_109' title='bbox 1803 1099 1836 1170; x_wconf 77' lang='grc' dir='ltr'>ἢ</span> <span class='ocrx_word' id='word_1_110' title='bbox 1885 1099 1959 1170; x_wconf 81' lang='grc' dir='ltr'>μὴ</span> 
     </span>
    </p>
   </div>
   <div class='ocr_carea' id='block_1_17' title="bbox 375 1188 1960 1264">
    <p class='ocr_par' dir='ltr' id='par_1_17' title="bbox 375 1188 1960 1264">
     <span class='ocr_line' id='line_1_17' title="bbox 375 1188 1960 1264; baseline -0.002 -18"><span class='ocrx_word' id='word_1_111' title='bbox 375 1192 546 1264; x_wconf 85' lang='grc' dir='ltr'>ἀρνοῦ</span> <span class='ocrx_word' id='word_1_112' title='bbox 583 1194 684 1264; x_wconf 80' lang='grc' dir='ltr'>τὴν</span> <span class='ocrx_word' id='word_1_113' title='bbox 721 1189 994 1244; x_wconf 75' lang='grc' dir='ltr'>ἀσέϐειαν.</span> <span class='ocrx_word' id='word_1_114' title='bbox 1032 1190 1107 1261; x_wconf 79' lang='grc' dir='ltr'><strong>Σὴ</strong></span> <span class='ocrx_word' id='word_1_115' title='bbox 1141 1191 1248 1262; x_wconf 85' lang='grc' dir='ltr'><strong>γάρ</strong></span> <span class='ocrx_word' id='word_1_116' title='bbox 1273 1191 1420 1244; x_wconf 69' lang='grc' dir='ltr'>ἐστιν</span> <span class='ocrx_word' id='word_1_117' title='bbox 1452 1193 1486 1262; x_wconf 76' lang='grc' dir='ltr'>ἡ</span> <span class='ocrx_word' id='word_1_118' title='bbox 1518 1190 1834 1262; x_wconf 86' lang='grc' dir='ltr'>βλασφημία</span> <span class='ocrx_word' id='word_1_119' title='bbox 1864 1188 1960 1244; x_wconf 89' lang='grc' dir='ltr'><strong>τοῦ</strong></span> 
     </span>
    </p>
   </div>
   <div class='ocr_carea' id='block_1_18' title="bbox 376 1282 1961 1354">
    <p class='ocr_par' dir='ltr' id='par_1_18' title="bbox 376 1282 1961 1354">
     <span class='ocr_line' id='line_1_18' title="bbox 376 1282 1961 1354; baseline -0.003 -15"><span class='ocrx_word' id='word_1_120' title='bbox 376 1286 626 1354; x_wconf 68' lang='grc' dir='ltr'>είπὸντος</span> <span class='ocrx_word' id='word_1_121' title='bbox 646 1302 658 1313; x_wconf 75' lang='grc' dir='ltr'><strong>ο</strong></span> <span class='ocrx_word' id='word_1_122' title='bbox 692 1282 854 1336; x_wconf 81' lang='grc' dir='ltr'>Ὅσον</span> <span class='ocrx_word' id='word_1_123' title='bbox 893 1283 1274 1354; x_wconf 77' lang='grc' dir='ltr'>παρήλλακται</span> <span class='ocrx_word' id='word_1_124' title='bbox 1299 1282 1394 1336; x_wconf 88' lang='grc' dir='ltr'><strong>τοῦ</strong></span> <span class='ocrx_word' id='word_1_125' title='bbox 1425 1282 1684 1353; x_wconf 88' lang='grc' dir='ltr'>γεννητοῦ</span> <span class='ocrx_word' id='word_1_126' title='bbox 1713 1283 1776 1336; x_wconf 82' lang='grc' dir='ltr'><strong>τὺ</strong></span> <span class='ocrx_word' id='word_1_127' title='bbox 1799 1282 1961 1351; x_wconf 87' lang='grc' dir='ltr'>ἀγέν-</span> 
     </span>
    </p>
   </div>
   <div class='ocr_carea' id='block_1_19' title="bbox 390 1373 1963 1449">
    <p class='ocr_par' dir='ltr' id='par_1_19' title="bbox 390 1373 1963 1449">
     <span class='ocr_line' id='line_1_19' title="bbox 390 1373 1963 1449; baseline 0 -23"><span class='ocrx_word' id='word_1_128' title='bbox 390 1393 571 1449; x_wconf 73' lang='grc' dir='ltr'>ιητον,</span> <span class='ocrx_word' id='word_1_129' title='bbox 601 1374 851 1430; x_wconf 84' lang='grc' dir='ltr'>τοσοῦτον</span> <span class='ocrx_word' id='word_1_130' title='bbox 892 1375 1108 1445; x_wconf 78' lang='grc' dir='ltr'><strong>ἀνάγκη</strong></span> <span class='ocrx_word' id='word_1_131' title='bbox 1154 1373 1536 1446; x_wconf 82' lang='grc' dir='ltr'>παρηλλάχθαι</span> <span class='ocrx_word' id='word_1_132' title='bbox 1579 1375 1640 1428; x_wconf 87' lang='grc' dir='ltr'>τὸ</span> <span class='ocrx_word' id='word_1_133' title='bbox 1675 1373 1790 1443; x_wconf 84' lang='grc' dir='ltr'>φῶς</span> <span class='ocrx_word' id='word_1_134' title='bbox 1823 1373 1963 1445; x_wconf 83' lang='grc' dir='ltr'>πρὸς</span> 
     </span>
    </p>
   </div>
   <div class='ocr_carea' id='block_1_20' title="bbox 375 1464 1964 1554">
    <p class='ocr_par' dir='ltr' id='par_1_20' title="bbox 375 1464 1964 1554">
     <span class='ocr_line' id='line_1_20' title="bbox 375 1464 1964 1554; baseline -0.002 -34"><span class='ocrx_word' id='word_1_135' title='bbox 375 1464 439 1554; x_wconf 61' lang='grc' dir='ltr'>ξεὺ</span> <span class='ocrx_word' id='word_1_136' title='bbox 493 1467 627 1536; x_wconf 80' lang='grc' dir='ltr'>φῶς.</span> <span class='ocrx_word' id='word_1_137' title='bbox 670 1465 878 1520; x_wconf 79' lang='grc' dir='ltr'>οὐκοῦν</span> <span class='ocrx_word' id='word_1_138' title='bbox 917 1465 992 1529; x_wconf 86' lang='grc' dir='ltr'><strong>ὡς</strong></span> <span class='ocrx_word' id='word_1_139' title='bbox 1039 1465 1293 1520; x_wconf 70' lang='grc' dir='ltr'>οὐδέποτε</span> <span class='ocrx_word' id='word_1_140' title='bbox 1338 1464 1550 1536; x_wconf 79' lang='grc' dir='ltr'>μεθέξει</span> <span class='ocrx_word' id='word_1_141' title='bbox 1601 1466 1700 1536; x_wconf 79' lang='grc' dir='ltr'>τῆς</span> <span class='ocrx_word' id='word_1_142' title='bbox 1733 1466 1964 1535; x_wconf 76' lang='grc' dir='ltr'>ἀγέννη-</span> 
     </span>
    </p>
   </div>
   <div class='ocr_carea' id='block_1_21' title="bbox 383 1561 504 1624">
    <p class='ocr_par' dir='ltr' id='par_1_21' title="bbox 383 1561 504 1624">
     <span class='ocr_line' id='line_1_21' title="bbox 383 1561 504 1624; baseline 0.025 -14"><span class='ocrx_word' id='word_1_143' title='bbox 383 1561 504 1624; x_wconf 68' lang='grc' dir='ltr'>πίας</span> 
     </span>
    </p>
   </div>
   <div class='ocr_carea' id='block_1_22' title="bbox 380 1645 1961 1721">
    <p class='ocr_par' dir='ltr' id='par_1_22' title="bbox 380 1645 1961 1721">
     <span class='ocr_line' id='line_1_22' title="bbox 380 1645 1961 1721; baseline -0.002 -18"><span class='ocrx_word' id='word_1_144' title='bbox 380 1650 738 1721; x_wconf 76' lang='grc' dir='ltr'>μεταδώσεις.</span> <span class='ocrx_word' id='word_1_145' title='bbox 932 1650 1042 1705; x_wconf 73' lang='grc' dir='ltr'><strong>Καὶ</strong></span> <span class='ocrx_word' id='word_1_146' title='bbox 1075 1649 1249 1717; x_wconf 74' lang='grc' dir='ltr'>ἔσται,</span> <span class='ocrx_word' id='word_1_147' title='bbox 1288 1651 1429 1704; x_wconf 85' lang='grc' dir='ltr'><strong>κατά</strong></span> <span class='ocrx_word' id='word_1_148' title='bbox 1472 1648 1553 1713; x_wconf 82' lang='grc' dir='ltr'>σὲ,</span> <span class='ocrx_word' id='word_1_149' title='bbox 1601 1648 1819 1719; x_wconf 80' lang='grc' dir='ltr'>ήούσία</span> <span class='ocrx_word' id='word_1_150' title='bbox 1865 1645 1961 1700; x_wconf 81' lang='grc' dir='ltr'><strong>τοῦ</strong></span> 
     </span>
    </p>
   </div>
   <div class='ocr_carea' id='block_1_23' title="bbox 376 1737 1960 1812">
    <p class='ocr_par' dir='ltr' id='par_1_23' title="bbox 376 1737 1960 1812">
     <span class='ocr_line' id='line_1_23' title="bbox 376 1737 1960 1812; baseline -0.003 -16"><span class='ocrx_word' id='word_1_151' title='bbox 376 1742 719 1810; x_wconf 81' lang='grc' dir='ltr'>Μονογενοῦς</span> <span class='ocrx_word' id='word_1_152' title='bbox 771 1743 878 1794; x_wconf 76' lang='grc' dir='ltr'>ἴσον</span> <span class='ocrx_word' id='word_1_153' title='bbox 917 1742 1196 1812; x_wconf 82' lang='grc' dir='ltr'><strong>ἀπέχουσα</strong></span> <span class='ocrx_word' id='word_1_154' title='bbox 1231 1739 1327 1795; x_wconf 88' lang='grc' dir='ltr'><strong>τοῦ</strong></span> <span class='ocrx_word' id='word_1_155' title='bbox 1360 1759 1424 1811; x_wconf 89' lang='grc' dir='ltr'><strong>γε</strong></span> <span class='ocrx_word' id='word_1_156' title='bbox 1471 1741 1762 1811; x_wconf 85' lang='grc' dir='ltr'>ἀγέννητος</span> <span class='ocrx_word' id='word_1_157' title='bbox 1799 1737 1960 1803; x_wconf 85' lang='grc' dir='ltr'>εἶναι,</span> 
     </span>
    </p>
   </div>
   <div class='ocr_carea' id='block_1_24' title="bbox 661 1551 1996 1630">
    <p class='ocr_par' dir='ltr' id='par_1_24' title="bbox 661 1551 1996 1630">
     <span class='ocr_line' id='line_1_24' title="bbox 661 1551 1996 1630; baseline -0.001 -18"><span class='ocrx_word' id='word_1_158' title='bbox 661 1560 688 1612; x_wconf 83' lang='grc' dir='ltr'>ὁ</span> <span class='ocrx_word' id='word_1_159' title='bbox 709 1557 983 1630; x_wconf 74' lang='grc' dir='ltr'>γεννητὸς,</span> <span class='ocrx_word' id='word_1_160' title='bbox 1008 1557 1182 1622; x_wconf 77' lang='grc' dir='ltr'>οὕτως</span> <span class='ocrx_word' id='word_1_161' title='bbox 1209 1559 1462 1612; x_wconf 79' lang='grc' dir='ltr'>οὐδέποτε</span> <span class='ocrx_word' id='word_1_162' title='bbox 1487 1556 1636 1628; x_wconf 83' lang='grc' dir='ltr'>αὐτῷ</span> <span class='ocrx_word' id='word_1_163' title='bbox 1665 1556 1760 1610; x_wconf 87' lang='grc' dir='ltr'><strong>τοῦ</strong></span> <span class='ocrx_word' id='word_1_164' title='bbox 1785 1556 1962 1626; x_wconf 82' lang='grc' dir='ltr'>φωτὸς</span> <span class='ocrx_word' id='word_1_165' title='bbox 1988 1551 1996 1556; x_wconf 72' lang='grc'><strong>’</strong></span> 
     </span>
    </p>
   </div>
   <div class='ocr_carea' id='block_1_25' title="bbox 2267 1095 3646 1166">
    <p class='ocr_par' dir='ltr' id='par_1_25' title="bbox 2267 1095 3646 1166">
     <span class='ocr_line' id='line_1_25' title="bbox 2267 1095 3646 1166; baseline -0.002 -15"><span class='ocrx_word' id='word_1_166' title='bbox 2267 1099 2375 1151; x_wconf 84' lang='lat' dir='ltr'><strong>Aut</strong></span> <span class='ocrx_word' id='word_1_167' title='bbox 2443 1096 2606 1166; x_wconf 76' lang='lat' dir='ltr'><strong>igitur</strong></span> <span class='ocrx_word' id='word_1_168' title='bbox 2645 1106 2734 1151; x_wconf 87' lang='lat' dir='ltr'><strong>tua</strong></span> <span class='ocrx_word' id='word_1_169' title='bbox 2787 1095 2960 1165; x_wconf 86' lang='lat' dir='ltr'><strong>ipsius</strong></span> <span class='ocrx_word' id='word_1_170' title='bbox 3013 1108 3176 1148; x_wconf 81' lang='lat' dir='ltr'><strong>verba</strong></span> <span class='ocrx_word' id='word_1_171' title='bbox 3233 1108 3504 1163; x_wconf 81' lang='lat' dir='ltr'><strong>expunge,</strong></span> <span class='ocrx_word' id='word_1_172' title='bbox 3549 1104 3646 1148; x_wconf 91' lang='lat' dir='ltr'><strong>aut</strong></span> 
     </span>
    </p>
   </div>
   <div class='ocr_carea' id='block_1_26' title="bbox 2065 1183 3635 1258">
    <p class='ocr_par' dir='ltr' id='par_1_26' title="bbox 2065 1183 3635 1258">
     <span class='ocr_line' id='line_1_26' title="bbox 2065 1183 3635 1258; baseline -0.006 -14"><span class='ocrx_word' id='word_1_173' title='bbox 2065 1188 2176 1244; x_wconf 89' lang='lat' dir='ltr'><strong>noli</strong></span> <span class='ocrx_word' id='word_1_174' title='bbox 2217 1186 2552 1258; x_wconf 83' lang='lat' dir='ltr'><strong>impietatem</strong></span> <span class='ocrx_word' id='word_1_175' title='bbox 2584 1199 2804 1256; x_wconf 74' lang='lat' dir='ltr'><strong>negare.</strong></span> <span class='ocrx_word' id='word_1_176' title='bbox 2838 1185 2933 1239; x_wconf 82' lang='lat' dir='ltr'><strong>Est</strong></span> <span class='ocrx_word' id='word_1_177' title='bbox 2965 1184 3114 1238; x_wconf 89' lang='lat' dir='ltr'><strong>enim</strong></span> <span class='ocrx_word' id='word_1_178' title='bbox 3147 1183 3483 1253; x_wconf 84' lang='lat' dir='ltr'><strong>blasphemia</strong></span> <span class='ocrx_word' id='word_1_179' title='bbox 3515 1194 3635 1248; x_wconf 88' lang='lat' dir='ltr'><strong>tua,</strong></span> 
     </span>
    </p>
   </div>
   <div class='ocr_carea' id='block_1_27' title="bbox 2063 1274 3635 1352">
    <p class='ocr_par' dir='ltr' id='par_1_27' title="bbox 2063 1274 3635 1352">
     <span class='ocr_line' id='line_1_27' title="bbox 2063 1274 3635 1352; baseline -0.004 -16"><span class='ocrx_word' id='word_1_180' title='bbox 2063 1281 2153 1352; x_wconf 88' lang='lat' dir='ltr'><strong>qui</strong></span> <span class='ocrx_word' id='word_1_181' title='bbox 2187 1279 2370 1335; x_wconf 79' lang='lat' dir='ltr'><strong>dixisti</strong></span> <span class='ocrx_word' id='word_1_182' title='bbox 2399 1296 2415 1334; x_wconf 91' lang='lat'><strong>:</strong></span> <span class='ocrx_word' id='word_1_183' title='bbox 2466 1277 2738 1344; x_wconf 86' lang='lat' dir='ltr'><strong>Quantum</strong></span> <span class='ocrx_word' id='word_1_184' title='bbox 2781 1274 2960 1332; x_wconf 78' lang='lat' dir='ltr'><strong>dilIert</strong></span> <span class='ocrx_word' id='word_1_185' title='bbox 2989 1277 3229 1345; x_wconf 77' lang='lat' dir='ltr'><strong>genitum</strong></span> <span class='ocrx_word' id='word_1_186' title='bbox 3261 1276 3328 1331; x_wconf 89' lang='lat' dir='ltr'><strong>ab</strong></span> <span class='ocrx_word' id='word_1_187' title='bbox 3360 1277 3598 1346; x_wconf 81' lang='lat' dir='ltr'><strong>ingenito</strong></span> <span class='ocrx_word' id='word_1_188' title='bbox 3619 1316 3635 1340; x_wconf 93' lang='lat'><strong>,</strong></span> 
     </span>
    </p>
   </div>
   <div class='ocr_carea' id='block_1_28' title="bbox 2064 1369 3642 1435">
    <p class='ocr_par' dir='ltr' id='par_1_28' title="bbox 2064 1369 3642 1435">
     <span class='ocr_line' id='line_1_28' title="bbox 2064 1369 3642 1435; baseline -0.004 -5"><span class='ocrx_word' id='word_1_189' title='bbox 2064 1383 2274 1430; x_wconf 89' lang='lat' dir='ltr'><strong>tantum</strong></span> <span class='ocrx_word' id='word_1_190' title='bbox 2320 1385 2548 1428; x_wconf 85' lang='lat' dir='ltr'><strong>necesse</strong></span> <span class='ocrx_word' id='word_1_191' title='bbox 2590 1378 2674 1425; x_wconf 89' lang='lat' dir='ltr'><strong>est</strong></span> <span class='ocrx_word' id='word_1_192' title='bbox 2707 1370 2882 1425; x_wconf 88' lang='lat' dir='ltr'><strong>lucem</strong></span> <span class='ocrx_word' id='word_1_193' title='bbox 2925 1385 2955 1424; x_wconf 88' lang='lat' dir='ltr'><strong>a</strong></span> <span class='ocrx_word' id='word_1_194' title='bbox 2991 1369 3110 1425; x_wconf 91' lang='lat' dir='ltr'><strong>luce</strong></span> <span class='ocrx_word' id='word_1_195' title='bbox 3159 1369 3401 1425; x_wconf 80' lang='lat' dir='ltr'><strong>diﬂ&#39;erre.</strong></span> <span class='ocrx_word' id='word_1_196' title='bbox 3462 1369 3642 1435; x_wconf 82' lang='lat' dir='ltr'><strong>Quare</strong></span> 
     </span>
    </p>
   </div>
   <div class='ocr_carea' id='block_1_29' title="bbox 2062 1463 3642 1537">
    <p class='ocr_par' dir='ltr' id='par_1_29' title="bbox 2062 1463 3642 1537">
     <span class='ocr_line' id='line_1_29' title="bbox 2062 1463 3642 1537; baseline -0.003 -16"><span class='ocrx_word' id='word_1_197' title='bbox 2062 1465 2522 1537; x_wconf 86' lang='lat' dir='ltr'><strong>quemadmodum</strong></span> <span class='ocrx_word' id='word_1_198' title='bbox 2555 1464 2648 1534; x_wconf 91' lang='lat' dir='ltr'><strong>qui</strong></span> <span class='ocrx_word' id='word_1_199' title='bbox 2679 1464 2893 1534; x_wconf 78' lang='lat' dir='ltr'><strong>genitus</strong></span> <span class='ocrx_word' id='word_1_200' title='bbox 2923 1473 3005 1518; x_wconf 84' lang='lat' dir='ltr'><strong>est</strong></span> <span class='ocrx_word' id='word_1_201' title='bbox 3027 1505 3042 1530; x_wconf 92' lang='lat'><strong>,</strong></span> <span class='ocrx_word' id='word_1_202' title='bbox 3081 1478 3358 1532; x_wconf 83' lang='lat' dir='ltr'><strong>nunquam</strong></span> <span class='ocrx_word' id='word_1_203' title='bbox 3414 1463 3642 1533; x_wconf 80' lang='lat' dir='ltr'><strong>ingene-</strong></span> 
     </span>
    </p>
   </div>
   <div class='ocr_carea' id='block_1_30' title="bbox 2064 1555 3637 1628">
    <p class='ocr_par' dir='ltr' id='par_1_30' title="bbox 2064 1555 3637 1628">
     <span class='ocr_line' id='line_1_30' title="bbox 2064 1555 3637 1628; baseline -0.004 -14"><span class='ocrx_word' id='word_1_204' title='bbox 2064 1557 2290 1614; x_wconf 88' lang='lat' dir='ltr'><strong>rationis</strong></span> <span class='ocrx_word' id='word_1_205' title='bbox 2329 1559 2436 1613; x_wconf 86' lang='lat' dir='ltr'><strong>erit</strong></span> <span class='ocrx_word' id='word_1_206' title='bbox 2469 1556 2738 1628; x_wconf 87' lang='lat' dir='ltr'><strong>particeps</strong></span> <span class='ocrx_word' id='word_1_207' title='bbox 2779 1573 2792 1611; x_wconf 89' lang='lat'><strong>:</strong></span> <span class='ocrx_word' id='word_1_208' title='bbox 2834 1556 2912 1612; x_wconf 89' lang='lat' dir='ltr'><strong>sic</strong></span> <span class='ocrx_word' id='word_1_209' title='bbox 2963 1571 3086 1610; x_wconf 91' lang='lat' dir='ltr'><strong>eum</strong></span> <span class='ocrx_word' id='word_1_210' title='bbox 3127 1555 3265 1610; x_wconf 93' lang='lat' dir='ltr'><strong>lucis</strong></span> <span class='ocrx_word' id='word_1_211' title='bbox 3317 1557 3637 1625; x_wconf 85' lang='lat' dir='ltr'><strong>participem</strong></span> 
     </span>
    </p>
   </div>
   <div class='ocr_carea' id='block_1_31' title="bbox 2065 1645 3638 1719">
    <p class='ocr_par' dir='ltr' id='par_1_31' title="bbox 2065 1645 3638 1719">
     <span class='ocr_line' id='line_1_31' title="bbox 2065 1645 3638 1719; baseline -0.003 -14"><span class='ocrx_word' id='word_1_212' title='bbox 2065 1664 2343 1719; x_wconf 81' lang='lat' dir='ltr'><strong>nunquam</strong></span> <span class='ocrx_word' id='word_1_213' title='bbox 2382 1647 2575 1705; x_wconf 80' lang='lat' dir='ltr'><strong>facies.</strong></span> <span class='ocrx_word' id='word_1_214' title='bbox 2605 1648 2785 1716; x_wconf 83' lang='lat' dir='ltr'><strong>Atque</strong></span> <span class='ocrx_word' id='word_1_215' title='bbox 2814 1645 3087 1716; x_wconf 77' lang='lat' dir='ltr'><strong>Unigeniti</strong></span> <span class='ocrx_word' id='word_1_216' title='bbox 3112 1648 3416 1703; x_wconf 78' lang='lat' dir='ltr'><strong>substantia</strong></span> <span class='ocrx_word' id='word_1_217' title='bbox 3451 1661 3516 1700; x_wconf 83' lang='lat' dir='ltr'><strong>ex</strong></span> <span class='ocrx_word' id='word_1_218' title='bbox 3550 1656 3638 1701; x_wconf 89' lang='lat' dir='ltr'><strong>tua</strong></span> 
     </span>
    </p>
   </div>
   <div class='ocr_carea' id='block_1_32' title="bbox 2063 1735 3641 1808">
    <p class='ocr_par' dir='ltr' id='par_1_32' title="bbox 2063 1735 3641 1808">
     <span class='ocr_line' id='line_1_32' title="bbox 2063 1735 3641 1808; baseline -0.004 -13"><span class='ocrx_word' id='word_1_219' title='bbox 2063 1740 2336 1796; x_wconf 85' lang='lat' dir='ltr'><strong>sententia</strong></span> <span class='ocrx_word' id='word_1_220' title='bbox 2373 1752 2528 1808; x_wconf 67' lang='lat' dir='ltr'><strong>aque</strong></span> <span class='ocrx_word' id='word_1_221' title='bbox 2560 1736 2738 1792; x_wconf 87' lang='lat' dir='ltr'><strong>aberit</strong></span> <span class='ocrx_word' id='word_1_222' title='bbox 2763 1736 2831 1792; x_wconf 90' lang='lat' dir='ltr'><strong>ab</strong></span> <span class='ocrx_word' id='word_1_223' title='bbox 2863 1750 2927 1790; x_wconf 88' lang='lat' dir='ltr'><strong>eo</strong></span> <span class='ocrx_word' id='word_1_224' title='bbox 2970 1744 3026 1790; x_wconf 90' lang='lat' dir='ltr'><strong>ut</strong></span> <span class='ocrx_word' id='word_1_225' title='bbox 3062 1735 3300 1804; x_wconf 79' lang='lat' dir='ltr'><strong>ingenita</strong></span> <span class='ocrx_word' id='word_1_226' title='bbox 3329 1736 3428 1802; x_wconf 89' lang='lat' dir='ltr'><strong>sit,</strong></span> <span class='ocrx_word' id='word_1_227' title='bbox 3469 1744 3641 1803; x_wconf 83' lang='lat' dir='ltr'><strong>atque</strong></span> 
     </span>
    </p>
   </div>
   <div class='ocr_carea' id='block_1_33' title="bbox 376 1825 1965 1910">
    <p class='ocr_par' dir='ltr' id='par_1_33' title="bbox 376 1831 1964 1903">
     <span class='ocr_line' id='line_1_33' title="bbox 376 1831 1964 1903; baseline -0.001 -18"><span class='ocrx_word' id='word_1_228' title='bbox 376 1833 479 1885; x_wconf 72' lang='grc' dir='ltr'>καὶ</span> <span class='ocrx_word' id='word_1_229' title='bbox 507 1831 602 1886; x_wconf 83' lang='grc' dir='ltr'><strong>τοῦ</strong></span> <span class='ocrx_word' id='word_1_230' title='bbox 637 1831 752 1902; x_wconf 86' lang='grc' dir='ltr'>φῶς</span> <span class='ocrx_word' id='word_1_231' title='bbox 780 1831 1018 1886; x_wconf 80' lang='grc' dir='ltr'>νοεῖσθαι</span> <span class='ocrx_word' id='word_1_232' title='bbox 1045 1834 1140 1886; x_wconf 87' lang='grc' dir='ltr'>καί</span> <span class='ocrx_word' id='word_1_233' title='bbox 1163 1831 1543 1903; x_wconf 74' lang='grc' dir='ltr'>ὀνομάζεσθαι.</span> <span class='ocrx_word' id='word_1_234' title='bbox 1587 1831 1746 1884; x_wconf 84' lang='grc' dir='ltr'>Ἀλλά</span> <span class='ocrx_word' id='word_1_235' title='bbox 1785 1831 1964 1885; x_wconf 83' lang='grc' dir='ltr'>Ἰωάν-</span> 
     </span>
    </p>
   </div>
   <div class='ocr_carea' id='block_1_34' title="bbox 2070 1825 3638 1910">
    <p class='ocr_par' dir='ltr' id='par_1_34' title="bbox 2070 1825 3638 1896">
     <span class='ocr_line' id='line_1_34' title="bbox 2070 1825 3638 1896; baseline -0.004 -12"><span class='ocrx_word' id='word_1_236' title='bbox 2070 1829 2218 1885; x_wconf 82' lang='lat' dir='ltr'><strong>abest</strong></span> <span class='ocrx_word' id='word_1_237' title='bbox 2251 1829 2319 1884; x_wconf 90' lang='lat' dir='ltr'><strong>ab</strong></span> <span class='ocrx_word' id='word_1_238' title='bbox 2347 1843 2414 1884; x_wconf 91' lang='lat' dir='ltr'><strong>eo</strong></span> <span class='ocrx_word' id='word_1_239' title='bbox 2451 1838 2510 1883; x_wconf 91' lang='lat' dir='ltr'><strong>ut</strong></span> <span class='ocrx_word' id='word_1_240' title='bbox 2549 1828 2639 1883; x_wconf 88' lang='lat' dir='ltr'><strong>lux</strong></span> <span class='ocrx_word' id='word_1_241' title='bbox 2687 1841 2808 1882; x_wconf 88' lang='lat' dir='ltr'><strong>esse</strong></span> <span class='ocrx_word' id='word_1_242' title='bbox 2839 1826 3188 1896; x_wconf 83' lang='lat' dir='ltr'><strong>intelligatur,</strong></span> <span class='ocrx_word' id='word_1_243' title='bbox 3223 1836 3278 1881; x_wconf 91' lang='lat' dir='ltr'><strong>et</strong></span> <span class='ocrx_word' id='word_1_244' title='bbox 3307 1825 3638 1880; x_wconf 86' lang='lat' dir='ltr'><strong>nominetur.</strong></span> 
     </span>
    </p>
   </div>
   <div class='ocr_carea' id='block_1_35' title="bbox 375 1921 1962 1996">
    <p class='ocr_par' dir='ltr' id='par_1_35' title="bbox 375 1921 1962 1996">
     <span class='ocr_line' id='line_1_35' title="bbox 375 1921 1962 1996; baseline -0.003 -17"><span class='ocrx_word' id='word_1_245' title='bbox 375 1944 480 1995; x_wconf 77' lang='grc' dir='ltr'><strong>νης</strong></span> <span class='ocrx_word' id='word_1_246' title='bbox 526 1925 624 1996; x_wconf 81' lang='grc' dir='ltr'>μὲν</span> <span class='ocrx_word' id='word_1_247' title='bbox 656 1927 722 1995; x_wconf 80' lang='grc' dir='ltr'>τῇ</span> <span class='ocrx_word' id='word_1_248' title='bbox 761 1923 1142 1996; x_wconf 79' lang='grc' dir='ltr'>μεγαλοφωνίᾳ</span> <span class='ocrx_word' id='word_1_249' title='bbox 1188 1923 1281 1977; x_wconf 85' lang='grc' dir='ltr'><strong>τοῦ</strong></span> <span class='ocrx_word' id='word_1_250' title='bbox 1331 1921 1647 1993; x_wconf 81' lang='grc' dir='ltr'>Πνεύματος</span> <span class='ocrx_word' id='word_1_251' title='bbox 1675 1922 1846 1994; x_wconf 72' lang='grc' dir='ltr'>ἐμϐοᾷ</span> <span class='ocrx_word' id='word_1_252' title='bbox 1880 1939 1962 1976; x_wconf 92' lang='grc' dir='ltr'><strong>σοι</strong></span> 
     </span>
    </p>
   </div>
   <div class='ocr_carea' id='block_1_36' title="bbox 376 2013 1962 2086">
    <p class='ocr_par' dir='ltr' id='par_1_36' title="bbox 376 2013 1962 2086">
     <span class='ocr_line' id='line_1_36' title="bbox 376 2013 1962 2086; baseline -0.003 -16"><span class='ocrx_word' id='word_1_253' title='bbox 376 2018 555 2086; x_wconf 84' lang='grc' dir='ltr'>λέγων</span> <span class='ocrx_word' id='word_1_254' title='bbox 581 2033 595 2047; x_wconf 86' lang='grc'><strong>·</strong></span> <span class='ocrx_word' id='word_1_255' title='bbox 626 2013 738 2072; x_wconf 82' lang='grc' dir='ltr'><strong>Ἦν</strong></span> <span class='ocrx_word' id='word_1_256' title='bbox 770 2017 836 2070; x_wconf 83' lang='grc' dir='ltr'>τὸ</span> <span class='ocrx_word' id='word_1_257' title='bbox 870 2015 994 2086; x_wconf 65' lang='grc' dir='ltr'><strong>φῶς</strong></span> <span class='ocrx_word' id='word_1_258' title='bbox 1033 2015 1100 2068; x_wconf 83' lang='grc' dir='ltr'>τὸ</span> <span class='ocrx_word' id='word_1_259' title='bbox 1129 2015 1447 2082; x_wconf 67' lang='grc' dir='ltr'>ἀληθινόν-⁸</span> <span class='ocrx_word' id='word_1_260' title='bbox 1480 2014 1562 2067; x_wconf 78' lang='grc' dir='ltr'><strong>σοι</strong></span> <span class='ocrx_word' id='word_1_261' title='bbox 1593 2014 1651 2068; x_wconf 87' lang='grc' dir='ltr'>δὲ</span> <span class='ocrx_word' id='word_1_262' title='bbox 1691 2015 1791 2067; x_wconf 80' lang='grc' dir='ltr'>οὐκ</span> <span class='ocrx_word' id='word_1_263' title='bbox 1815 2013 1962 2066; x_wconf 74' lang='grc' dir='ltr'>ἔστιν</span> 
     </span>
    </p>
   </div>
   <div class='ocr_carea' id='block_1_37' title="bbox 377 2103 1964 2178">
    <p class='ocr_par' dir='ltr' id='par_1_37' title="bbox 377 2103 1964 2178">
     <span class='ocr_line' id='line_1_37' title="bbox 377 2103 1964 2178; baseline -0.001 -17"><span class='ocrx_word' id='word_1_264' title='bbox 377 2103 498 2161; x_wconf 76' lang='grc' dir='ltr'>ὦτα</span> <span class='ocrx_word' id='word_1_265' title='bbox 534 2108 627 2160; x_wconf 87' lang='grc' dir='ltr'><strong>τοῦ</strong></span> <span class='ocrx_word' id='word_1_266' title='bbox 677 2106 917 2171; x_wconf 82' lang='grc' dir='ltr'>ἀκούειν,</span> <span class='ocrx_word' id='word_1_267' title='bbox 955 2107 1075 2160; x_wconf 77' lang='grc' dir='ltr'>οὐδὲ</span> <span class='ocrx_word' id='word_1_268' title='bbox 1123 2106 1318 2178; x_wconf 87' lang='grc' dir='ltr'>καρδία</span> <span class='ocrx_word' id='word_1_269' title='bbox 1360 2105 1454 2159; x_wconf 89' lang='grc' dir='ltr'><strong>τοῦ</strong></span> <span class='ocrx_word' id='word_1_270' title='bbox 1501 2105 1770 2160; x_wconf 77' lang='grc' dir='ltr'>συνιέναι·</span> <span class='ocrx_word' id='word_1_271' title='bbox 1829 2105 1964 2159; x_wconf 86' lang='grc' dir='ltr'>ἀλλὰ</span> 
     </span>
    </p>
   </div>
   <div class='ocr_carea' id='block_1_38' title="bbox 381 2195 1964 2272">
    <p class='ocr_par' dir='ltr' id='par_1_38' title="bbox 381 2195 1964 2272">
     <span class='ocr_line' id='line_1_38' title="bbox 381 2195 1964 2272; baseline -0.002 -20"><span class='ocrx_word' id='word_1_272' title='bbox 381 2200 523 2272; x_wconf 77' lang='grc' dir='ltr'>πρὸς</span> <span class='ocrx_word' id='word_1_273' title='bbox 559 2200 657 2270; x_wconf 79' lang='grc' dir='ltr'>τὴν</span> <span class='ocrx_word' id='word_1_274' title='bbox 696 2198 986 2252; x_wconf 86' lang='grc' dir='ltr'>ἀντίπαλον</span> <span class='ocrx_word' id='word_1_275' title='bbox 1039 2198 1222 2268; x_wconf 87' lang='grc' dir='ltr'>φύσιν,</span> <span class='ocrx_word' id='word_1_276' title='bbox 1281 2197 1374 2251; x_wconf 76' lang='grc' dir='ltr'>καὶ</span> <span class='ocrx_word' id='word_1_277' title='bbox 1427 2197 1844 2268; x_wconf 79' lang='grc' dir='ltr'>ἀσυνύπαρκτον</span> <span class='ocrx_word' id='word_1_278' title='bbox 1886 2195 1964 2266; x_wconf 85' lang='grc' dir='ltr'>τῷ</span> 
     </span>
    </p>
   </div>
   <div class='ocr_carea' id='block_1_39' title="bbox 380 2289 1964 2362">
    <p class='ocr_par' dir='ltr' id='par_1_39' title="bbox 380 2289 1964 2362">
     <span class='ocr_line' id='line_1_39' title="bbox 380 2289 1964 2362; baseline -0.001 -18"><span class='ocrx_word' id='word_1_279' title='bbox 380 2293 524 2360; x_wconf 78' lang='grc' dir='ltr'>φωτὶ</span> <span class='ocrx_word' id='word_1_280' title='bbox 566 2293 665 2362; x_wconf 76' lang='grc' dir='ltr'>τὴν</span> <span class='ocrx_word' id='word_1_281' title='bbox 715 2291 902 2344; x_wconf 85' lang='grc' dir='ltr'>ούσίαν</span> <span class='ocrx_word' id='word_1_282' title='bbox 953 2290 1047 2344; x_wconf 89' lang='grc' dir='ltr'><strong>τοῦ</strong></span> <span class='ocrx_word' id='word_1_283' title='bbox 1079 2289 1439 2359; x_wconf 83' lang='grc' dir='ltr'>Μονογενοῦς,</span> <span class='ocrx_word' id='word_1_284' title='bbox 1483 2293 1596 2354; x_wconf 90' lang='grc' dir='ltr'>τοῖς</span> <span class='ocrx_word' id='word_1_285' title='bbox 1636 2289 1964 2360; x_wconf 80' lang='grc' dir='ltr'>σοφίσμασιν</span> 
     </span>
    </p>
   </div>
   <div class='ocr_carea' id='block_1_40' title="bbox 382 2382 1960 2454">
    <p class='ocr_par' dir='ltr' id='par_1_40' title="bbox 382 2382 1960 2454">
     <span class='ocr_line' id='line_1_40' title="bbox 382 2382 1960 2454; baseline -0.003 -15"><span class='ocrx_word' id='word_1_286' title='bbox 382 2384 732 2446; x_wconf 76' lang='grc' dir='ltr'>ἀπελαύνεις.</span> <span class='ocrx_word' id='word_1_287' title='bbox 767 2384 846 2438; x_wconf 62' lang='grc' dir='ltr'><strong>Οὑη</strong></span> <span class='ocrx_word' id='word_1_288' title='bbox 885 2382 995 2453; x_wconf 84' lang='grc' dir='ltr'><strong>γὰρ</strong></span> <span class='ocrx_word' id='word_1_289' title='bbox 1038 2382 1102 2454; x_wconf 81' lang='grc' dir='ltr'>δὴ</span> <span class='ocrx_word' id='word_1_290' title='bbox 1148 2385 1324 2436; x_wconf 75' lang='grc' dir='ltr'>ἐκεῖνο</span> <span class='ocrx_word' id='word_1_291' title='bbox 1370 2382 1592 2453; x_wconf 82' lang='grc' dir='ltr'>ἰσχυρὸν</span> <span class='ocrx_word' id='word_1_292' title='bbox 1797 2383 1960 2453; x_wconf 75' lang='grc' dir='ltr'>ἐρεῖς,</span> 
     </span>
    </p>
   </div>
   <div class='ocr_carea' id='block_1_41' title="bbox 380 2472 1960 2546">
    <p class='ocr_par' dir='ltr' id='par_1_41' title="bbox 380 2472 1960 2546">
     <span class='ocr_line' id='line_1_41' title="bbox 380 2472 1960 2546; baseline -0.003 -17"><span class='ocrx_word' id='word_1_293' title='bbox 380 2479 466 2529; x_wconf 78' lang='grc' dir='ltr'>ὅτι</span> <span class='ocrx_word' id='word_1_294' title='bbox 511 2476 617 2530; x_wconf 46' lang='grc' dir='ltr'>’καὶ</span> <span class='ocrx_word' id='word_1_295' title='bbox 661 2475 752 2528; x_wconf 75' lang='grc' dir='ltr'><strong>ἐπὶ</strong></span> <span class='ocrx_word' id='word_1_296' title='bbox 783 2474 878 2528; x_wconf 84' lang='grc' dir='ltr'><strong>τοῦ</strong></span> <span class='ocrx_word' id='word_1_297' title='bbox 927 2473 1263 2542; x_wconf 87' lang='grc' dir='ltr'>Μονογενοῦς</span> <span class='ocrx_word' id='word_1_298' title='bbox 1303 2473 1401 2546; x_wconf 89' lang='grc' dir='ltr'>τὴν</span> <span class='ocrx_word' id='word_1_299' title='bbox 1453 2474 1823 2544; x_wconf 83' lang='grc' dir='ltr'>προσηγορίαν</span> <span class='ocrx_word' id='word_1_300' title='bbox 1867 2472 1960 2526; x_wconf 89' lang='grc' dir='ltr'><strong>τοῦ</strong></span> 
     </span>
    </p>
   </div>
   <div class='ocr_carea' id='block_1_42' title="bbox 380 2564 1963 2637">
    <p class='ocr_par' dir='ltr' id='par_1_42' title="bbox 380 2564 1963 2637">
     <span class='ocr_line' id='line_1_42' title="bbox 380 2564 1963 2637; baseline -0.002 -17"><span class='ocrx_word' id='word_1_301' title='bbox 380 2569 562 2636; x_wconf 76' lang='grc' dir='ltr'>φωτὸς</span> <span class='ocrx_word' id='word_1_302' title='bbox 599 2569 698 2621; x_wconf 82' lang='grc' dir='ltr'><strong>ούκ</strong></span> <span class='ocrx_word' id='word_1_303' title='bbox 733 2566 971 2635; x_wconf 77' lang='grc' dir='ltr'>ἀφείλου.</span> <span class='ocrx_word' id='word_1_304' title='bbox 1011 2567 1084 2620; x_wconf 84' lang='grc' dir='ltr'><strong>Οὐ</strong></span> <span class='ocrx_word' id='word_1_305' title='bbox 1123 2565 1230 2636; x_wconf 88' lang='grc' dir='ltr'>γὰρ</span> <span class='ocrx_word' id='word_1_306' title='bbox 1261 2567 1318 2619; x_wconf 82' lang='grc' dir='ltr'>ὲν</span> <span class='ocrx_word' id='word_1_307' title='bbox 1346 2565 1504 2637; x_wconf 76' lang='grc' dir='ltr'>ψόφῳ</span> <span class='ocrx_word' id='word_1_308' title='bbox 1530 2565 1713 2634; x_wconf 82' lang='grc' dir='ltr'>ἀέρος,</span> <span class='ocrx_word' id='word_1_309' title='bbox 1755 2564 1870 2618; x_wconf 78' lang='grc' dir='ltr'>ἀλλ’</span> <span class='ocrx_word' id='word_1_310' title='bbox 1904 2565 1963 2618; x_wconf 78' lang='grc' dir='ltr'>ἐν</span> 
     </span>
    </p>
   </div>
   <div class='ocr_carea' id='block_1_43' title="bbox 378 2655 1965 2730">
    <p class='ocr_par' dir='ltr' id='par_1_43' title="bbox 378 2655 1965 2730">
     <span class='ocr_line' id='line_1_43' title="bbox 378 2655 1965 2730; baseline -0.003 -18"><span class='ocrx_word' id='word_1_311' title='bbox 378 2663 450 2730; x_wconf 74' lang='grc' dir='ltr'><strong>τῇ</strong></span> <span class='ocrx_word' id='word_1_312' title='bbox 473 2659 703 2728; x_wconf 75' lang='grc' dir='ltr'>δυνάμει</span> <span class='ocrx_word' id='word_1_313' title='bbox 730 2657 836 2712; x_wconf 82' lang='grc' dir='ltr'><strong>τῶν</strong></span> <span class='ocrx_word' id='word_1_314' title='bbox 875 2656 1286 2729; x_wconf 81' lang='grc' dir='ltr'>σημαινομένων</span> <span class='ocrx_word' id='word_1_315' title='bbox 1317 2657 1380 2711; x_wconf 85' lang='grc' dir='ltr'>τὸ</span> <span class='ocrx_word' id='word_1_316' title='bbox 1404 2657 1647 2720; x_wconf 78' lang='grc' dir='ltr'>εὐσεϐές.</span> <span class='ocrx_word' id='word_1_317' title='bbox 1694 2655 1750 2709; x_wconf 87' lang='lat'><strong>&#39;0</strong></span> <span class='ocrx_word' id='word_1_318' title='bbox 1781 2656 1838 2709; x_wconf 81' lang='grc' dir='ltr'>δὲ</span> <span class='ocrx_word' id='word_1_319' title='bbox 1865 2657 1965 2709; x_wconf 83' lang='grc' dir='ltr'>οὐκ</span> 
     </span>
    </p>
   </div>
   <div class='ocr_carea' id='block_1_44' title="bbox 379 2747 1964 2821">
    <p class='ocr_par' dir='ltr' id='par_1_44' title="bbox 379 2747 1964 2821">
     <span class='ocr_line' id='line_1_44' title="bbox 379 2747 1964 2821; baseline -0.003 -16"><span class='ocrx_word' id='word_1_320' title='bbox 379 2751 480 2806; x_wconf 75' lang='grc' dir='ltr'><strong>ἐπὶ</strong></span> <span class='ocrx_word' id='word_1_321' title='bbox 520 2748 730 2804; x_wconf 85' lang='grc' dir='ltr'>τούτων</span> <span class='ocrx_word' id='word_1_322' title='bbox 765 2749 894 2819; x_wconf 81' lang='grc' dir='ltr'>ἔστη</span> <span class='ocrx_word' id='word_1_323' title='bbox 927 2792 944 2819; x_wconf 85' lang='grc'><strong>,</strong></span> <span class='ocrx_word' id='word_1_324' title='bbox 1113 2747 1248 2804; x_wconf 86' lang='grc' dir='ltr'><strong>ἀλλά</strong></span> <span class='ocrx_word' id='word_1_325' title='bbox 1277 2750 1372 2804; x_wconf 67' lang='grc' dir='ltr'><strong>καλ⁸</strong></span> <span class='ocrx_word' id='word_1_326' title='bbox 1410 2749 1512 2821; x_wconf 82' lang='grc' dir='ltr'>τὴν</span> <span class='ocrx_word' id='word_1_327' title='bbox 1542 2749 1687 2821; x_wconf 80' lang='grc' dir='ltr'>ζωὴν</span> <span class='ocrx_word' id='word_1_328' title='bbox 1738 2749 1832 2802; x_wconf 76' lang='grc' dir='ltr'>καὶ</span> <span class='ocrx_word' id='word_1_329' title='bbox 1864 2748 1964 2820; x_wconf 84' lang='grc' dir='ltr'>τὴν</span> 
     </span>
    </p>
   </div>
   <div class='ocr_carea' id='block_1_45' title="bbox 379 2840 1964 2912">
    <p class='ocr_par' dir='ltr' id='par_1_45' title="bbox 379 2840 1964 2912">
     <span class='ocr_line' id='line_1_45' title="bbox 379 2840 1964 2912; baseline 0 -17"><span class='ocrx_word' id='word_1_330' title='bbox 379 2842 614 2911; x_wconf 75' lang='grc' dir='ltr'>δύναμιν</span> <span class='ocrx_word' id='word_1_331' title='bbox 652 2840 730 2910; x_wconf 85' lang='grc' dir='ltr'>τῷ</span> <span class='ocrx_word' id='word_1_332' title='bbox 764 2840 914 2912; x_wconf 83' lang='grc' dir='ltr'><strong>αύτῷ</strong></span> <span class='ocrx_word' id='word_1_333' title='bbox 957 2840 1139 2911; x_wconf 84' lang='grc' dir='ltr'>μέτρῳ</span> <span class='ocrx_word' id='word_1_334' title='bbox 1165 2841 1262 2910; x_wconf 85' lang='grc' dir='ltr'><strong>τῆς</strong></span> <span class='ocrx_word' id='word_1_335' title='bbox 1291 2843 1370 2905; x_wconf 89' lang='grc' dir='ltr'><strong>είς</strong></span> <span class='ocrx_word' id='word_1_336' title='bbox 1403 2843 1646 2896; x_wconf 74' lang='grc' dir='ltr'>ἐναντίον</span> <span class='ocrx_word' id='word_1_337' title='bbox 1826 2841 1964 2895; x_wconf 88' lang='grc' dir='ltr'>ἀπο-</span> 
     </span>
    </p>
   </div>
   <div class='ocr_carea' id='block_1_46' title="bbox 383 2930 1966 3004">
    <p class='ocr_par' dir='ltr' id='par_1_46' title="bbox 383 2930 1966 3004">
     <span class='ocr_line' id='line_1_46' title="bbox 383 2930 1966 3004; baseline -0.002 -17"><span class='ocrx_word' id='word_1_338' title='bbox 383 2932 629 2995; x_wconf 79' lang='grc' dir='ltr'>στάσεως</span> <span class='ocrx_word' id='word_1_339' title='bbox 679 2932 996 3001; x_wconf 79' lang='grc' dir='ltr'>συνεπάγει,</span> <span class='ocrx_word' id='word_1_340' title='bbox 1045 2930 1246 2985; x_wconf 74' lang='grc' dir='ltr'>εἰπών’</span> <span class='ocrx_word' id='word_1_341' title='bbox 1280 2933 1444 2986; x_wconf 87' lang='grc' dir='ltr'>Ὅσον</span> <span class='ocrx_word' id='word_1_342' title='bbox 1490 2932 1871 3004; x_wconf 84' lang='grc' dir='ltr'>παρήλλακται</span> <span class='ocrx_word' id='word_1_343' title='bbox 1904 2931 1966 2984; x_wconf 88' lang='grc' dir='ltr'>τὸ</span> 
     </span>
    </p>
   </div>
   <div class='ocr_carea' id='block_1_47' title="bbox 382 3021 1964 3093">
    <p class='ocr_par' dir='ltr' id='par_1_47' title="bbox 382 3021 1964 3093">
     <span class='ocr_line' id='line_1_47' title="bbox 382 3021 1964 3093; baseline 0 -17"><span class='ocrx_word' id='word_1_344' title='bbox 382 3023 642 3093; x_wconf 77' lang='grc' dir='ltr'>γεννητὸν</span> <span class='ocrx_word' id='word_1_345' title='bbox 680 3023 819 3092; x_wconf 87' lang='grc' dir='ltr'>πρὸς</span> <span class='ocrx_word' id='word_1_346' title='bbox 855 3022 917 3076; x_wconf 84' lang='grc' dir='ltr'>τὸ</span> <span class='ocrx_word' id='word_1_347' title='bbox 953 3021 1269 3092; x_wconf 75' lang='grc' dir='ltr'>ἀγέννητον,</span> <span class='ocrx_word' id='word_1_348' title='bbox 1299 3021 1550 3077; x_wconf 87' lang='grc' dir='ltr'>τοσοῦτον</span> <span class='ocrx_word' id='word_1_349' title='bbox 1579 3022 1793 3092; x_wconf 84' lang='grc' dir='ltr'>ἀνάγκη</span> <span class='ocrx_word' id='word_1_350' title='bbox 1819 3039 1964 3093; x_wconf 86' lang='grc' dir='ltr'>παρ-</span> 
     </span>
    </p>
   </div>
   <div class='ocr_carea' id='block_1_48' title="bbox 381 3113 1967 3188">
    <p class='ocr_par' dir='ltr' id='par_1_48' title="bbox 381 3113 1967 3188">
     <span class='ocr_line' id='line_1_48' title="bbox 381 3113 1967 3188; baseline 0.001 -19"><span class='ocrx_word' id='word_1_351' title='bbox 381 3113 652 3186; x_wconf 81' lang='grc' dir='ltr'>ηλλάχθαι</span> <span class='ocrx_word' id='word_1_352' title='bbox 701 3115 763 3167; x_wconf 80' lang='grc' dir='ltr'>τὸ</span> <span class='ocrx_word' id='word_1_353' title='bbox 814 3115 928 3185; x_wconf 86' lang='grc' dir='ltr'><strong>φῶς</strong></span> <span class='ocrx_word' id='word_1_354' title='bbox 960 3115 1097 3186; x_wconf 80' lang='grc' dir='ltr'>πρὸς</span> <span class='ocrx_word' id='word_1_355' title='bbox 1133 3115 1195 3169; x_wconf 84' lang='grc' dir='ltr'>τὸ</span> <span class='ocrx_word' id='word_1_356' title='bbox 1226 3115 1362 3184; x_wconf 83' lang='grc' dir='ltr'>φῶς,</span> <span class='ocrx_word' id='word_1_357' title='bbox 1406 3117 1499 3169; x_wconf 76' lang='grc' dir='ltr'>καὶ</span> <span class='ocrx_word' id='word_1_358' title='bbox 1528 3115 1625 3187; x_wconf 79' lang='grc' dir='ltr'>τὴν</span> <span class='ocrx_word' id='word_1_359' title='bbox 1655 3117 1799 3188; x_wconf 78' lang='grc' dir='ltr'>ζωὴν</span> <span class='ocrx_word' id='word_1_360' title='bbox 1831 3116 1967 3186; x_wconf 81' lang='grc' dir='ltr'>πρὸς</span> 
     </span>
    </p>
   </div>
   <div class='ocr_carea' id='block_1_49' title="bbox 2063 1917 3642 1990">
    <p class='ocr_par' dir='ltr' id='par_1_49' title="bbox 2063 1917 3642 1990">
     <span class='ocr_line' id='line_1_49' title="bbox 2063 1917 3642 1990; baseline -0.004 -13"><span class='ocrx_word' id='word_1_361' title='bbox 2063 1923 2135 1977; x_wconf 82' lang='lat' dir='ltr'><strong>At</strong></span> <span class='ocrx_word' id='word_1_362' title='bbox 2173 1921 2413 1978; x_wconf 78' lang='lat' dir='ltr'><strong>Joannes</strong></span> <span class='ocrx_word' id='word_1_363' title='bbox 2447 1935 2640 1990; x_wconf 78' lang='lat' dir='ltr'><strong>magna</strong></span> <span class='ocrx_word' id='word_1_364' title='bbox 2673 1919 2907 1990; x_wconf 86' lang='lat' dir='ltr'><strong>Spiritus</strong></span> <span class='ocrx_word' id='word_1_365' title='bbox 2948 1932 3080 1973; x_wconf 82' lang='lat' dir='ltr'><strong>voce</strong></span> <span class='ocrx_word' id='word_1_366' title='bbox 3115 1917 3373 1972; x_wconf 89' lang='lat' dir='ltr'><strong>inclamat</strong></span> <span class='ocrx_word' id='word_1_367' title='bbox 3405 1917 3524 1983; x_wconf 86' lang='lat' dir='ltr'><strong>tibi,</strong></span> <span class='ocrx_word' id='word_1_368' title='bbox 3559 1918 3642 1971; x_wconf 91' lang='lat' dir='ltr'><strong>di-</strong></span> 
     </span>
    </p>
   </div>
   <div class='ocr_carea' id='block_1_50' title="bbox 2065 2009 3642 2072">
    <p class='ocr_par' dir='ltr' id='par_1_50' title="bbox 2065 2009 3642 2072">
     <span class='ocr_line' id='line_1_50' title="bbox 2065 2009 3642 2072; baseline -0.004 -1"><span class='ocrx_word' id='word_1_369' title='bbox 2065 2031 2196 2072; x_wconf 89' lang='lat' dir='ltr'><strong>cens</strong></span> <span class='ocrx_word' id='word_1_370' title='bbox 2230 2032 2244 2070; x_wconf 90' lang='lat'><strong>:</strong></span> <span class='ocrx_word' id='word_1_371' title='bbox 2282 2013 2413 2068; x_wconf 82' lang='lat' dir='ltr'><strong>Erat</strong></span> <span class='ocrx_word' id='word_1_372' title='bbox 2446 2018 2540 2068; x_wconf 76' lang='lat' dir='ltr'><strong>tua:</strong></span> <span class='ocrx_word' id='word_1_373' title='bbox 2573 2029 2694 2066; x_wconf 83' lang='lat' dir='ltr'><strong>vera</strong></span> <span class='ocrx_word' id='word_1_374' title='bbox 2745 2013 2782 2066; x_wconf 69' lang='grc'>⁸.</span> <span class='ocrx_word' id='word_1_375' title='bbox 2823 2009 2942 2065; x_wconf 85' lang='lat' dir='ltr'><strong>Tibi</strong></span> <span class='ocrx_word' id='word_1_376' title='bbox 2973 2021 3152 2066; x_wconf 84' lang='lat' dir='ltr'><strong>tamen</strong></span> <span class='ocrx_word' id='word_1_377' title='bbox 3181 2025 3338 2065; x_wconf 89' lang='lat' dir='ltr'><strong>aures</strong></span> <span class='ocrx_word' id='word_1_378' title='bbox 3375 2025 3479 2064; x_wconf 91' lang='lat' dir='ltr'><strong>non</strong></span> <span class='ocrx_word' id='word_1_379' title='bbox 3511 2018 3642 2066; x_wconf 89' lang='lat' dir='ltr'><strong>sunt</strong></span> 
     </span>
    </p>
   </div>
   <div class='ocr_carea' id='block_1_51' title="bbox 2067 2099 3643 2172">
    <p class='ocr_par' dir='ltr' id='par_1_51' title="bbox 2067 2099 3643 2172">
     <span class='ocr_line' id='line_1_51' title="bbox 2067 2099 3643 2172; baseline -0.006 -9"><span class='ocrx_word' id='word_1_380' title='bbox 2067 2108 2130 2163; x_wconf 88' lang='lat' dir='ltr'><strong>ad</strong></span> <span class='ocrx_word' id='word_1_381' title='bbox 2155 2106 2504 2170; x_wconf 88' lang='lat' dir='ltr'><strong>audiendum,</strong></span> <span class='ocrx_word' id='word_1_382' title='bbox 2529 2117 2702 2172; x_wconf 89' lang='lat' dir='ltr'><strong>neque</strong></span> <span class='ocrx_word' id='word_1_383' title='bbox 2727 2117 2822 2157; x_wconf 88' lang='lat' dir='ltr'><strong>cor</strong></span> <span class='ocrx_word' id='word_1_384' title='bbox 2844 2101 2914 2155; x_wconf 88' lang='lat' dir='ltr'><strong>ad</strong></span> <span class='ocrx_word' id='word_1_385' title='bbox 2942 2100 3370 2171; x_wconf 80' lang='lat' dir='ltr'><strong>intelligendum.</strong></span> <span class='ocrx_word' id='word_1_386' title='bbox 3401 2099 3510 2155; x_wconf 90' lang='lat' dir='ltr'><strong>lmo</strong></span> <span class='ocrx_word' id='word_1_387' title='bbox 3537 2101 3643 2153; x_wconf 82' lang='lat' dir='ltr'><strong>tuis</strong></span> 
     </span>
    </p>
   </div>
   <div class='ocr_carea' id='block_1_52' title="bbox 2066 2192 3636 2264">
    <p class='ocr_par' dir='ltr' id='par_1_52' title="bbox 2066 2192 3636 2264">
     <span class='ocr_line' id='line_1_52' title="bbox 2066 2192 3636 2264; baseline -0.006 -11"><span class='ocrx_word' id='word_1_388' title='bbox 2066 2197 2502 2253; x_wconf 82' lang='lat' dir='ltr'><strong>cavillationibus</strong></span> <span class='ocrx_word' id='word_1_389' title='bbox 2572 2195 2841 2264; x_wconf 77' lang='lat' dir='ltr'><strong>Uuigeniti</strong></span> <span class='ocrx_word' id='word_1_390' title='bbox 2893 2193 3254 2248; x_wconf 87' lang='lat' dir='ltr'><strong>substantiam</strong></span> <span class='ocrx_word' id='word_1_391' title='bbox 3302 2192 3368 2247; x_wconf 88' lang='lat' dir='ltr'><strong>ad</strong></span> <span class='ocrx_word' id='word_1_392' title='bbox 3417 2200 3636 2246; x_wconf 79' lang='lat' dir='ltr'><strong>contra-</strong></span> 
     </span>
    </p>
   </div>
   <div class='ocr_carea' id='block_1_53' title="bbox 2070 2284 3632 2356">
    <p class='ocr_par' dir='ltr' id='par_1_53' title="bbox 2070 2284 3632 2356">
     <span class='ocr_line' id='line_1_53' title="bbox 2070 2284 3632 2356; baseline -0.005 -10"><span class='ocrx_word' id='word_1_393' title='bbox 2070 2293 2204 2346; x_wconf 87' lang='lat' dir='ltr'><strong>riam</strong></span> <span class='ocrx_word' id='word_1_394' title='bbox 2243 2299 2524 2354; x_wconf 90' lang='lat' dir='ltr'><strong>naturam,</strong></span> <span class='ocrx_word' id='word_1_395' title='bbox 2555 2299 2608 2343; x_wconf 89' lang='lat' dir='ltr'><strong>et</strong></span> <span class='ocrx_word' id='word_1_396' title='bbox 2637 2302 2756 2356; x_wconf 77' lang='lat' dir='ltr'><strong>qua:</strong></span> <span class='ocrx_word' id='word_1_397' title='bbox 2803 2300 2922 2340; x_wconf 92' lang='lat' dir='ltr'><strong>cum</strong></span> <span class='ocrx_word' id='word_1_398' title='bbox 2967 2285 3088 2341; x_wconf 89' lang='lat' dir='ltr'><strong>luce</strong></span> <span class='ocrx_word' id='word_1_399' title='bbox 3117 2299 3239 2341; x_wconf 88' lang='lat' dir='ltr'><strong>esse</strong></span> <span class='ocrx_word' id='word_1_400' title='bbox 3271 2300 3377 2340; x_wconf 90' lang='lat' dir='ltr'><strong>non</strong></span> <span class='ocrx_word' id='word_1_401' title='bbox 3424 2284 3632 2355; x_wconf 77' lang='lat' dir='ltr'><strong>possit,</strong></span> 
     </span>
    </p>
   </div>
   <div class='ocr_carea' id='block_1_54' title="bbox 2069 2377 3635 2450">
    <p class='ocr_par' dir='ltr' id='par_1_54' title="bbox 2069 2377 3635 2450">
     <span class='ocr_line' id='line_1_54' title="bbox 2069 2377 3635 2450; baseline -0.004 -12"><span class='ocrx_word' id='word_1_402' title='bbox 2069 2382 2337 2438; x_wconf 90' lang='lat' dir='ltr'><strong>detrudis.</strong></span> <span class='ocrx_word' id='word_1_403' title='bbox 2385 2380 2493 2436; x_wconf 83' lang='lat' dir='ltr'><strong>Nec</strong></span> <span class='ocrx_word' id='word_1_404' title='bbox 2537 2381 2681 2436; x_wconf 91' lang='lat' dir='ltr'><strong>enim</strong></span> <span class='ocrx_word' id='word_1_405' title='bbox 2728 2377 2970 2450; x_wconf 76' lang='lat' dir='ltr'><strong>profecto</strong></span> <span class='ocrx_word' id='word_1_406' title='bbox 3012 2379 3248 2434; x_wconf 87' lang='lat' dir='ltr'><strong>validum</strong></span> <span class='ocrx_word' id='word_1_407' title='bbox 3290 2379 3421 2434; x_wconf 91' lang='lat' dir='ltr'><strong>illud</strong></span> <span class='ocrx_word' id='word_1_408' title='bbox 3450 2379 3635 2442; x_wconf 89' lang='lat' dir='ltr'><strong>dices,</strong></span> 
     </span>
    </p>
   </div>
   <div class='ocr_carea' id='block_1_55' title="bbox 2076 2469 3643 2544">
    <p class='ocr_par' dir='ltr' id='par_1_55' title="bbox 2076 2469 3643 2544">
     <span class='ocr_line' id='line_1_55' title="bbox 2076 2469 3643 2544; baseline -0.006 -14"><span class='ocrx_word' id='word_1_409' title='bbox 2076 2477 2218 2544; x_wconf 80' lang='grc' dir='ltr'>(ιυοά</span> <span class='ocrx_word' id='word_1_410' title='bbox 2249 2475 2316 2527; x_wconf 87' lang='lat' dir='ltr'><strong>ab</strong></span> <span class='ocrx_word' id='word_1_411' title='bbox 2342 2471 2634 2542; x_wconf 79' lang='lat' dir='ltr'><strong>Uuigenito</strong></span> <span class='ocrx_word' id='word_1_412' title='bbox 2668 2471 3084 2541; x_wconf 80' lang='lat' dir='ltr'><strong>appellationem</strong></span> <span class='ocrx_word' id='word_1_413' title='bbox 3114 2471 3248 2526; x_wconf 91' lang='lat' dir='ltr'><strong>lucis</strong></span> <span class='ocrx_word' id='word_1_414' title='bbox 3271 2486 3374 2525; x_wconf 91' lang='lat' dir='ltr'><strong>non</strong></span> <span class='ocrx_word' id='word_1_415' title='bbox 3405 2469 3643 2524; x_wconf 85' lang='lat' dir='ltr'><strong>abstqu-</strong></span> 
     </span>
    </p>
   </div>
   <div class='ocr_carea' id='block_1_56' title="bbox 2068 2561 3638 2630">
    <p class='ocr_par' dir='ltr' id='par_1_56' title="bbox 2068 2561 3638 2630">
     <span class='ocr_line' id='line_1_56' title="bbox 2068 2561 3638 2630; baseline -0.004 -10"><span class='ocrx_word' id='word_1_416' title='bbox 2068 2565 2163 2620; x_wconf 90' lang='lat' dir='ltr'><strong>ris.</strong></span> <span class='ocrx_word' id='word_1_417' title='bbox 2197 2563 2312 2618; x_wconf 83' lang='lat' dir='ltr'><strong>Non</strong></span> <span class='ocrx_word' id='word_1_418' title='bbox 2343 2563 2488 2618; x_wconf 90' lang='lat' dir='ltr'><strong>enim</strong></span> <span class='ocrx_word' id='word_1_419' title='bbox 2520 2563 2572 2616; x_wconf 93' lang='lat' dir='ltr'><strong>iu</strong></span> <span class='ocrx_word' id='word_1_420' title='bbox 2605 2577 2737 2616; x_wconf 84' lang='lat' dir='ltr'><strong>sono</strong></span> <span class='ocrx_word' id='word_1_421' title='bbox 2767 2563 2932 2626; x_wconf 89' lang='lat' dir='ltr'><strong>aeris,</strong></span> <span class='ocrx_word' id='word_1_422' title='bbox 2957 2563 3050 2617; x_wconf 89' lang='lat' dir='ltr'><strong>sed</strong></span> <span class='ocrx_word' id='word_1_423' title='bbox 3081 2561 3136 2616; x_wconf 94' lang='lat' dir='ltr'><strong>in</strong></span> <span class='ocrx_word' id='word_1_424' title='bbox 3169 2562 3220 2616; x_wconf 76' lang='lat' dir='ltr'><strong>vi</strong></span> <span class='ocrx_word' id='word_1_425' title='bbox 3254 2577 3433 2616; x_wconf 90' lang='lat' dir='ltr'><strong>rerum</strong></span> <span class='ocrx_word' id='word_1_426' title='bbox 3469 2562 3638 2630; x_wconf 76' lang='lat' dir='ltr'><strong>signi-</strong></span> 
     </span>
    </p>
   </div>
   <div class='ocr_carea' id='block_1_57' title="bbox 2067 2653 3638 2727">
    <p class='ocr_par' dir='ltr' id='par_1_57' title="bbox 2067 2653 3638 2727">
     <span class='ocr_line' id='line_1_57' title="bbox 2067 2653 3638 2727; baseline -0.003 -15"><span class='ocrx_word' id='word_1_427' title='bbox 2067 2658 2346 2712; x_wconf 81' lang='lat' dir='ltr'><strong>ﬁcatarum</strong></span> <span class='ocrx_word' id='word_1_428' title='bbox 2377 2658 2547 2727; x_wconf 91' lang='lat' dir='ltr'><strong>pietas</strong></span> <span class='ocrx_word' id='word_1_429' title='bbox 2593 2663 2695 2710; x_wconf 89' lang='lat' dir='ltr'><strong>est.</strong></span> <span class='ocrx_word' id='word_1_430' title='bbox 2730 2653 2830 2710; x_wconf 80' lang='lat' dir='ltr'><strong>llic</strong></span> <span class='ocrx_word' id='word_1_431' title='bbox 2862 2670 2986 2710; x_wconf 75' lang='lat' dir='ltr'><strong>vero</strong></span> <span class='ocrx_word' id='word_1_432' title='bbox 3027 2669 3133 2710; x_wconf 90' lang='lat' dir='ltr'><strong>non</strong></span> <span class='ocrx_word' id='word_1_433' title='bbox 3177 2655 3229 2710; x_wconf 92' lang='lat' dir='ltr'><strong>iu</strong></span> <span class='ocrx_word' id='word_1_434' title='bbox 3276 2656 3360 2710; x_wconf 88' lang='lat' dir='ltr'><strong>his</strong></span> <span class='ocrx_word' id='word_1_435' title='bbox 3387 2655 3597 2725; x_wconf 83' lang='lat' dir='ltr'><strong>quievit</strong></span> <span class='ocrx_word' id='word_1_436' title='bbox 3626 2693 3638 2718; x_wconf 86' lang='lat'><strong>,</strong></span> 
     </span>
    </p>
   </div>
   <div class='ocr_carea' id='block_1_58' title="bbox 2067 2750 3643 2820">
    <p class='ocr_par' dir='ltr' id='par_1_58' title="bbox 2067 2750 3643 2820">
     <span class='ocr_line' id='line_1_58' title="bbox 2067 2750 3643 2820; baseline -0.004 -12"><span class='ocrx_word' id='word_1_437' title='bbox 2067 2755 2163 2808; x_wconf 87' lang='lat' dir='ltr'><strong>sed</strong></span> <span class='ocrx_word' id='word_1_438' title='bbox 2199 2752 2360 2807; x_wconf 89' lang='lat' dir='ltr'><strong>simul</strong></span> <span class='ocrx_word' id='word_1_439' title='bbox 2406 2761 2461 2806; x_wconf 93' lang='lat' dir='ltr'><strong>et</strong></span> <span class='ocrx_word' id='word_1_440' title='bbox 2501 2751 2667 2806; x_wconf 80' lang='lat' dir='ltr'><strong>vitam</strong></span> <span class='ocrx_word' id='word_1_441' title='bbox 2720 2759 2774 2805; x_wconf 86' lang='lat' dir='ltr'><strong>et</strong></span> <span class='ocrx_word' id='word_1_442' title='bbox 2819 2751 3114 2820; x_wconf 89' lang='lat' dir='ltr'><strong>potentiam</strong></span> <span class='ocrx_word' id='word_1_443' title='bbox 3169 2750 3310 2804; x_wconf 87' lang='lat' dir='ltr'><strong>inter</strong></span> <span class='ocrx_word' id='word_1_444' title='bbox 3360 2765 3417 2804; x_wconf 88' lang='lat' dir='ltr'><strong>se</strong></span> <span class='ocrx_word' id='word_1_445' title='bbox 3454 2750 3643 2804; x_wconf 83' lang='lat' dir='ltr'><strong>eadem</strong></span> 
     </span>
    </p>
   </div>
   <div class='ocr_carea' id='block_1_59' title="bbox 2067 2842 3642 2906">
    <p class='ocr_par' dir='ltr' id='par_1_59' title="bbox 2067 2842 3642 2906">
     <span class='ocr_line' id='line_1_59' title="bbox 2067 2842 3642 2906; baseline -0.004 -6"><span class='ocrx_word' id='word_1_446' title='bbox 2067 2847 2340 2902; x_wconf 70' lang='lat' dir='ltr'><strong>distantias</strong></span> <span class='ocrx_word' id='word_1_447' title='bbox 2390 2860 2642 2900; x_wconf 85' lang='lat' dir='ltr'><strong>mensura</strong></span> <span class='ocrx_word' id='word_1_448' title='bbox 2694 2844 3001 2899; x_wconf 89' lang='lat' dir='ltr'><strong>contrarias</strong></span> <span class='ocrx_word' id='word_1_449' title='bbox 3051 2843 3289 2906; x_wconf 86' lang='lat' dir='ltr'><strong>inducit,</strong></span> <span class='ocrx_word' id='word_1_450' title='bbox 3341 2857 3466 2897; x_wconf 91' lang='lat' dir='ltr'><strong>cum</strong></span> <span class='ocrx_word' id='word_1_451' title='bbox 3509 2842 3585 2894; x_wconf 86' lang='lat' dir='ltr'><strong>ait</strong></span> <span class='ocrx_word' id='word_1_452' title='bbox 3628 2857 3642 2894; x_wconf 87' lang='lat'><strong>:</strong></span> 
     </span>
    </p>
   </div>
   <div class='ocr_carea' id='block_1_60' title="bbox 2067 2935 3646 3006">
    <p class='ocr_par' dir='ltr' id='par_1_60' title="bbox 2067 2935 3646 3006">
     <span class='ocr_line' id='line_1_60' title="bbox 2067 2935 3646 3006; baseline -0.003 -14"><span class='ocrx_word' id='word_1_453' title='bbox 2067 2938 2340 3006; x_wconf 86' lang='lat' dir='ltr'><strong>Quantum</strong></span> <span class='ocrx_word' id='word_1_454' title='bbox 2379 2937 2557 2992; x_wconf 70' lang='lat' dir='ltr'><strong>differt</strong></span> <span class='ocrx_word' id='word_1_455' title='bbox 2597 2937 2836 3005; x_wconf 73' lang='lat' dir='ltr'><strong>genitum</strong></span> <span class='ocrx_word' id='word_1_456' title='bbox 2882 2937 2951 2990; x_wconf 88' lang='lat' dir='ltr'><strong>ab</strong></span> <span class='ocrx_word' id='word_1_457' title='bbox 2981 2935 3243 3006; x_wconf 78' lang='lat' dir='ltr'><strong>ingenito,</strong></span> <span class='ocrx_word' id='word_1_458' title='bbox 3289 2943 3498 2988; x_wconf 90' lang='lat' dir='ltr'><strong>tantum</strong></span> <span class='ocrx_word' id='word_1_459' title='bbox 3547 2948 3646 2988; x_wconf 33' lang='lat' dir='ltr'><strong>nes</strong></span> 
     </span>
    </p>
   </div>
   <div class='ocr_carea' id='block_1_61' title="bbox 2068 3025 3647 3092">
    <p class='ocr_par' dir='ltr' id='par_1_61' title="bbox 2068 3025 3647 3092">
     <span class='ocr_line' id='line_1_61' title="bbox 2068 3025 3647 3092; baseline -0.004 -8"><span class='ocrx_word' id='word_1_460' title='bbox 2068 3045 2220 3085; x_wconf 88' lang='lat' dir='ltr'><strong>cesse</strong></span> <span class='ocrx_word' id='word_1_461' title='bbox 2245 3040 2327 3084; x_wconf 90' lang='lat' dir='ltr'><strong>est</strong></span> <span class='ocrx_word' id='word_1_462' title='bbox 2360 3030 2532 3084; x_wconf 87' lang='lat' dir='ltr'><strong>lucem</strong></span> <span class='ocrx_word' id='word_1_463' title='bbox 2579 3042 2610 3082; x_wconf 90' lang='lat' dir='ltr'><strong>a</strong></span> <span class='ocrx_word' id='word_1_464' title='bbox 2647 3026 2766 3082; x_wconf 89' lang='lat' dir='ltr'><strong>luce</strong></span> <span class='ocrx_word' id='word_1_465' title='bbox 2804 3025 3042 3092; x_wconf 78' lang='lat' dir='ltr'><strong>dill‘errc,</strong></span> <span class='ocrx_word' id='word_1_466' title='bbox 3075 3037 3130 3082; x_wconf 88' lang='lat' dir='ltr'><strong>et</strong></span> <span class='ocrx_word' id='word_1_467' title='bbox 3157 3028 3322 3080; x_wconf 85' lang='lat' dir='ltr'><strong>vitam</strong></span> <span class='ocrx_word' id='word_1_468' title='bbox 3358 3042 3386 3080; x_wconf 93' lang='lat' dir='ltr'><strong>a</strong></span> <span class='ocrx_word' id='word_1_469' title='bbox 3423 3027 3555 3091; x_wconf 83' lang='lat' dir='ltr'><strong>vita,</strong></span> <span class='ocrx_word' id='word_1_470' title='bbox 3593 3036 3647 3079; x_wconf 91' lang='lat' dir='ltr'><strong>et</strong></span> 
     </span>
    </p>
   </div>
   <div class='ocr_carea' id='block_1_62' title="bbox 2071 3118 3646 3196">
    <p class='ocr_par' dir='ltr' id='par_1_62' title="bbox 2071 3118 3646 3196">
     <span class='ocr_line' id='line_1_62' title="bbox 2071 3118 3646 3196; baseline -0.004 -16"><span class='ocrx_word' id='word_1_471' title='bbox 2071 3125 2371 3196; x_wconf 87' lang='lat' dir='ltr'><strong>p0tentiam</strong></span> <span class='ocrx_word' id='word_1_472' title='bbox 2398 3139 2426 3177; x_wconf 90' lang='lat' dir='ltr'><strong>a</strong></span> <span class='ocrx_word' id='word_1_473' title='bbox 2455 3123 2718 3192; x_wconf 89' lang='lat' dir='ltr'><strong>potentia.</strong></span> <span class='ocrx_word' id='word_1_474' title='bbox 2939 3120 3080 3188; x_wconf 73' lang='lat' dir='ltr'><strong>Ergo</strong></span> <span class='ocrx_word' id='word_1_475' title='bbox 3103 3118 3422 3190; x_wconf 78' lang='lat' dir='ltr'><strong>Uuigenitus</strong></span> <span class='ocrx_word' id='word_1_476' title='bbox 3450 3135 3646 3175; x_wconf 86' lang='lat' dir='ltr'><strong>secun-</strong></span> 
     </span>
    </p>
   </div>
   <div class='ocr_carea' id='block_1_63' title="bbox 381 3207 1965 3284">
    <p class='ocr_par' dir='ltr' id='par_1_63' title="bbox 381 3207 1965 3279">
     <span class='ocr_line' id='line_1_63' title="bbox 381 3207 1965 3279; baseline -0.001 -17"><span class='ocrx_word' id='word_1_477' title='bbox 381 3209 485 3278; x_wconf 81' lang='grc' dir='ltr'>τὴν</span> <span class='ocrx_word' id='word_1_478' title='bbox 511 3207 678 3279; x_wconf 78' lang='grc' dir='ltr'>ζωὴν,</span> <span class='ocrx_word' id='word_1_479' title='bbox 704 3209 799 3262; x_wconf 79' lang='grc' dir='ltr'>καὶ</span> <span class='ocrx_word' id='word_1_480' title='bbox 817 3207 914 3278; x_wconf 81' lang='grc' dir='ltr'>τὴν</span> <span class='ocrx_word' id='word_1_481' title='bbox 943 3208 1172 3279; x_wconf 83' lang='grc' dir='ltr'>δύναμιν</span> <span class='ocrx_word' id='word_1_482' title='bbox 1196 3207 1332 3279; x_wconf 78' lang='grc' dir='ltr'>πρὸς</span> <span class='ocrx_word' id='word_1_483' title='bbox 1352 3208 1450 3278; x_wconf 77' lang='grc' dir='ltr'><strong>τὴν</strong></span> <span class='ocrx_word' id='word_1_484' title='bbox 1475 3207 1726 3277; x_wconf 88' lang='grc' dir='ltr'>δύναμιν.</span> <span class='ocrx_word' id='word_1_485' title='bbox 1758 3207 1965 3262; x_wconf 82' lang='grc' dir='ltr'>Οὐκοῦν</span> 
     </span>
    </p>
   </div>
   <div class='ocr_carea' id='block_1_64' title="bbox 2070 3207 3647 3284">
    <p class='ocr_par' dir='ltr' id='par_1_64' title="bbox 2071 3212 3647 3284">
     <span class='ocr_line' id='line_1_64' title="bbox 2071 3212 3647 3284; baseline -0.003 -14"><span class='ocrx_word' id='word_1_486' title='bbox 2071 3217 2196 3271; x_wconf 90' lang='lat' dir='ltr'><strong>dum</strong></span> <span class='ocrx_word' id='word_1_487' title='bbox 2229 3226 2278 3270; x_wconf 92' lang='lat' dir='ltr'><strong>te</strong></span> <span class='ocrx_word' id='word_1_488' title='bbox 2309 3229 2408 3270; x_wconf 89' lang='lat' dir='ltr'><strong>nec</strong></span> <span class='ocrx_word' id='word_1_489' title='bbox 2434 3215 2541 3269; x_wconf 84' lang='lat' dir='ltr'><strong>vita</strong></span> <span class='ocrx_word' id='word_1_490' title='bbox 2573 3223 2678 3280; x_wconf 91' lang='lat' dir='ltr'><strong>est,</strong></span> <span class='ocrx_word' id='word_1_491' title='bbox 2710 3228 2809 3268; x_wconf 90' lang='lat' dir='ltr'><strong>nec</strong></span> <span class='ocrx_word' id='word_1_492' title='bbox 2833 3213 3097 3284; x_wconf 90' lang='lat' dir='ltr'><strong>potentia.</strong></span> <span class='ocrx_word' id='word_1_493' title='bbox 3130 3216 3200 3267; x_wconf 86' lang='lat' dir='ltr'><strong>At</strong></span> <span class='ocrx_word' id='word_1_494' title='bbox 3222 3213 3436 3283; x_wconf 86' lang='lat' dir='ltr'><strong>spernis</strong></span> <span class='ocrx_word' id='word_1_495' title='bbox 3464 3212 3647 3267; x_wconf 83' lang='lat' dir='ltr'><strong>Domi-</strong></span> 
     </span>
    </p>
   </div>
   <div class='ocr_carea' id='block_1_65' title="bbox 381 3299 1968 3372">
    <p class='ocr_par' dir='ltr' id='par_1_65' title="bbox 381 3299 1968 3372">
     <span class='ocr_line' id='line_1_65' title="bbox 381 3299 1968 3372; baseline -0.001 -17"><span class='ocrx_word' id='word_1_496' title='bbox 381 3299 509 3355; x_wconf 71' lang='grc' dir='ltr'>οὔτε</span> <span class='ocrx_word' id='word_1_497' title='bbox 537 3300 669 3372; x_wconf 81' lang='grc' dir='ltr'>ζωὴ,</span> <span class='ocrx_word' id='word_1_498' title='bbox 694 3300 834 3354; x_wconf 88' lang='grc' dir='ltr'><strong>κατά</strong></span> <span class='ocrx_word' id='word_1_499' title='bbox 864 3300 944 3364; x_wconf 86' lang='grc' dir='ltr'>σὲ,</span> <span class='ocrx_word' id='word_1_500' title='bbox 973 3299 1094 3352; x_wconf 78' lang='grc' dir='ltr'>οὔτε</span> <span class='ocrx_word' id='word_1_501' title='bbox 1122 3300 1349 3370; x_wconf 85' lang='grc' dir='ltr'>δύναμις</span> <span class='ocrx_word' id='word_1_502' title='bbox 1378 3301 1407 3351; x_wconf 81' lang='grc' dir='ltr'>ὁ</span> <span class='ocrx_word' id='word_1_503' title='bbox 1435 3301 1766 3370; x_wconf 84' lang='grc' dir='ltr'>Μονογενής.</span> <span class='ocrx_word' id='word_1_504' title='bbox 1809 3299 1968 3354; x_wconf 82' lang='grc' dir='ltr'>Ἀλλά</span> 
     </span>
    </p>
   </div>
   <div class='ocr_carea' id='block_1_66' title="bbox 384 3390 1970 3465">
    <p class='ocr_par' dir='ltr' id='par_1_66' title="bbox 384 3390 1970 3465">
     <span class='ocr_line' id='line_1_66' title="bbox 384 3390 1970 3465; baseline -0.003 -18"><span class='ocrx_word' id='word_1_505' title='bbox 384 3394 725 3465; x_wconf 77' lang='grc' dir='ltr'>παραγράφῃ</span> <span class='ocrx_word' id='word_1_506' title='bbox 777 3393 872 3462; x_wconf 85' lang='grc' dir='ltr'>μὲν</span> <span class='ocrx_word' id='word_1_507' title='bbox 914 3393 1076 3446; x_wconf 83' lang='grc' dir='ltr'>αὑτὸν</span> <span class='ocrx_word' id='word_1_508' title='bbox 1107 3391 1198 3445; x_wconf 84' lang='grc' dir='ltr'>τὸν</span> <span class='ocrx_word' id='word_1_509' title='bbox 1252 3391 1454 3462; x_wconf 79' lang='grc' dir='ltr'>Κύριον</span> <span class='ocrx_word' id='word_1_510' title='bbox 1504 3390 1763 3459; x_wconf 86' lang='grc' dir='ltr'>λέγοντα·</span> <span class='ocrx_word' id='word_1_511' title='bbox 1831 3391 1970 3462; x_wconf 78' lang='grc' dir='ltr'><strong>Ἐγώ</strong></span> 
     </span>
    </p>
   </div>
   <div class='ocr_carea' id='block_1_67' title="bbox 378 3482 1965 3558">
    <p class='ocr_par' dir='ltr' id='par_1_67' title="bbox 378 3482 1965 3558">
     <span class='ocr_line' id='line_1_67' title="bbox 378 3482 1965 3558; baseline -0.001 -19"><span class='ocrx_word' id='word_1_512' title='bbox 378 3489 502 3556; x_wconf 74' lang='grc' dir='ltr'>ειμι</span> <span class='ocrx_word' id='word_1_513' title='bbox 556 3486 596 3552; x_wconf 74' lang='grc' dir='ltr'><strong><em>ἠ</em></strong></span> <span class='ocrx_word' id='word_1_514' title='bbox 634 3482 781 3551; x_wconf 75' lang='grc' dir='ltr'><strong>ζωήο</strong></span> <span class='ocrx_word' id='word_1_515' title='bbox 819 3484 1158 3558; x_wconf 80' lang='grc' dir='ltr'>παραγράφῃ</span> <span class='ocrx_word' id='word_1_516' title='bbox 1204 3483 1262 3536; x_wconf 81' lang='grc' dir='ltr'>δὲ</span> <span class='ocrx_word' id='word_1_517' title='bbox 1303 3482 1514 3536; x_wconf 82' lang='grc' dir='ltr'>Παῦλον</span> <span class='ocrx_word' id='word_1_518' title='bbox 1578 3483 1670 3536; x_wconf 84' lang='grc' dir='ltr'>τὸν</span> <span class='ocrx_word' id='word_1_519' title='bbox 1710 3483 1965 3538; x_wconf 63' lang='lat' dir='ltr'><strong>sinovu-</strong></span> 
     </span>
    </p>
   </div>
   <div class='ocr_carea' id='block_1_68' title="bbox 383 3575 1970 3646">
    <p class='ocr_par' dir='ltr' id='par_1_68' title="bbox 383 3575 1970 3646">
     <span class='ocr_line' id='line_1_68' title="bbox 383 3575 1970 3646; baseline -0.004 -12"><span class='ocrx_word' id='word_1_520' title='bbox 383 3578 636 3646; x_wconf 76' lang='grc' dir='ltr'>Χριστὸς</span> <span class='ocrx_word' id='word_1_521' title='bbox 664 3576 814 3632; x_wconf 83' lang='grc' dir='ltr'>Θεοῦ</span> <span class='ocrx_word' id='word_1_522' title='bbox 831 3577 1104 3646; x_wconf 80' lang='grc' dir='ltr'>δύναμις.</span> <span class='ocrx_word' id='word_1_523' title='bbox 1142 3576 1208 3628; x_wconf 80' lang='lat' dir='ltr'><strong>&quot;A</strong></span> <span class='ocrx_word' id='word_1_524' title='bbox 1232 3575 1340 3646; x_wconf 80' lang='grc' dir='ltr'>γὰρ</span> <span class='ocrx_word' id='word_1_525' title='bbox 1371 3577 1428 3629; x_wconf 82' lang='grc' dir='ltr'>ὲν</span> <span class='ocrx_word' id='word_1_526' title='bbox 1450 3578 1563 3639; x_wconf 88' lang='grc' dir='ltr'>τοῖς</span> <span class='ocrx_word' id='word_1_527' title='bbox 1587 3576 1810 3630; x_wconf 83' lang='grc' dir='ltr'>κατόπιν</span> <span class='ocrx_word' id='word_1_528' title='bbox 1835 3577 1970 3629; x_wconf 75' lang='grc' dir='ltr'>ἐδεί-</span> 
     </span>
    </p>
   </div>
   <div class='ocr_carea' id='block_1_69' title="bbox 384 3668 1967 3742">
    <p class='ocr_par' dir='ltr' id='par_1_69' title="bbox 384 3668 1967 3742">
     <span class='ocr_line' id='line_1_69' title="bbox 384 3668 1967 3742; baseline -0.003 -16"><span class='ocrx_word' id='word_1_529' title='bbox 384 3689 570 3737; x_wconf 82' lang='grc' dir='ltr'>κνυτο,</span> <span class='ocrx_word' id='word_1_530' title='bbox 598 3671 770 3726; x_wconf 84' lang='grc' dir='ltr'>ταῦτα</span> <span class='ocrx_word' id='word_1_531' title='bbox 798 3673 892 3726; x_wconf 76' lang='grc' dir='ltr'>καὶ</span> <span class='ocrx_word' id='word_1_532' title='bbox 917 3673 1027 3733; x_wconf 83' lang='grc' dir='ltr'>τοῖς</span> <span class='ocrx_word' id='word_1_533' title='bbox 1052 3669 1147 3723; x_wconf 83' lang='grc' dir='ltr'><strong>νῦν</strong></span> <span class='ocrx_word' id='word_1_534' title='bbox 1173 3671 1494 3742; x_wconf 81' lang='grc' dir='ltr'>ἐφαρμόσει.</span> <span class='ocrx_word' id='word_1_535' title='bbox 1524 3668 1662 3724; x_wconf 64' lang='grc' dir='ltr'>Οὔτε</span> <span class='ocrx_word' id='word_1_536' title='bbox 1689 3669 1798 3741; x_wconf 81' lang='grc' dir='ltr'><strong>γὰρ</strong></span> <span class='ocrx_word' id='word_1_537' title='bbox 1821 3670 1967 3741; x_wconf 80' lang='grc' dir='ltr'>ζωὴν</span> 
     </span>
    </p>
   </div>
   <div class='ocr_carea' id='block_1_70' title="bbox 380 3761 1962 3834">
    <p class='ocr_par' dir='ltr' id='par_1_70' title="bbox 380 3761 1962 3834">
     <span class='ocr_line' id='line_1_70' title="bbox 380 3761 1962 3834; baseline -0.003 -18"><span class='ocrx_word' id='word_1_538' title='bbox 380 3763 509 3817; x_wconf 71' lang='grc' dir='ltr'>οὔτε</span> <span class='ocrx_word' id='word_1_539' title='bbox 534 3763 764 3834; x_wconf 83' lang='grc' dir='ltr'>δύναμιν</span> <span class='ocrx_word' id='word_1_540' title='bbox 791 3766 859 3834; x_wconf 79' lang='grc' dir='ltr'><strong>τῇ</strong></span> <span class='ocrx_word' id='word_1_541' title='bbox 878 3764 991 3833; x_wconf 75' lang='grc' dir='ltr'>ζωῇ</span> <span class='ocrx_word' id='word_1_542' title='bbox 1018 3763 1110 3816; x_wconf 71' lang='grc' dir='ltr'>καὶ</span> <span class='ocrx_word' id='word_1_543' title='bbox 1131 3764 1194 3832; x_wconf 75' lang='grc' dir='ltr'>τῇ</span> <span class='ocrx_word' id='word_1_544' title='bbox 1219 3761 1447 3831; x_wconf 80' lang='grc' dir='ltr'>δυνάμει</span> <span class='ocrx_word' id='word_1_545' title='bbox 1473 3761 1810 3814; x_wconf 79' lang='grc' dir='ltr'>ἀντικεῖσθαι</span> <span class='ocrx_word' id='word_1_546' title='bbox 1832 3761 1962 3830; x_wconf 82' lang='grc' dir='ltr'>φαίη</span> 
     </span>
    </p>
   </div>
   <div class='ocr_carea' id='block_1_71' title="bbox 384 3852 1950 3925">
    <p class='ocr_par' dir='ltr' id='par_1_71' title="bbox 384 3852 1950 3925">
     <span class='ocr_line' id='line_1_71' title="bbox 384 3852 1950 3925; baseline -0.002 -17"><span class='ocrx_word' id='word_1_547' title='bbox 384 3875 468 3920; x_wconf 77' lang='grc' dir='ltr'><strong>τις</strong></span> <span class='ocrx_word' id='word_1_548' title='bbox 499 3857 596 3911; x_wconf 75' lang='grc' dir='ltr'><strong>ἄν’</strong></span> <span class='ocrx_word' id='word_1_549' title='bbox 631 3857 770 3910; x_wconf 86' lang='grc' dir='ltr'><strong>ἀλλά</strong></span> <span class='ocrx_word' id='word_1_550' title='bbox 803 3857 1029 3910; x_wconf 80' lang='grc' dir='ltr'>θάνατον</span> <span class='ocrx_word' id='word_1_551' title='bbox 1072 3856 1165 3909; x_wconf 77' lang='grc' dir='ltr'>καὶ</span> <span class='ocrx_word' id='word_1_552' title='bbox 1202 3854 1506 3924; x_wconf 83' lang='grc' dir='ltr'>ἀδυναμίαν</span> <span class='ocrx_word' id='word_1_553' title='bbox 1551 3854 1646 3925; x_wconf 82' lang='grc' dir='ltr'><strong>τὴν</strong></span> <span class='ocrx_word' id='word_1_554' title='bbox 1693 3852 1950 3908; x_wconf 84' lang='grc' dir='ltr'>τελεωτά-</span> 
     </span>
    </p>
   </div>
   <div class='ocr_carea' id='block_1_72' title="bbox 383 3944 1968 4022">
    <p class='ocr_par' dir='ltr' id='par_1_72' title="bbox 383 3944 1968 4022">
     <span class='ocr_line' id='line_1_72' title="bbox 383 3944 1968 4022; baseline -0.002 -21"><span class='ocrx_word' id='word_1_555' title='bbox 383 3966 485 4021; x_wconf 76' lang='grc' dir='ltr'><strong>την</strong></span> <span class='ocrx_word' id='word_1_556' title='bbox 677 3949 950 4004; x_wconf 80' lang='grc' dir='ltr'>ἀντίθεσιν</span> <span class='ocrx_word' id='word_1_557' title='bbox 985 3948 1312 4022; x_wconf 76' lang='grc' dir='ltr'>ἐκπληροῦν.</span> <span class='ocrx_word' id='word_1_558' title='bbox 1340 3949 1518 4018; x_wconf 82' lang='grc' dir='ltr'>’Ἀπερ</span> <span class='ocrx_word' id='word_1_559' title='bbox 1542 3944 1714 4011; x_wconf 76' lang='grc' dir='ltr'>οὗτος,</span> <span class='ocrx_word' id='word_1_560' title='bbox 1745 3951 1803 4004; x_wconf 78' lang='grc' dir='ltr'>ὲν</span> <span class='ocrx_word' id='word_1_561' title='bbox 1834 3963 1968 3999; x_wconf 88' lang='grc' dir='ltr'>παν--</span> 
     </span>
    </p>
   </div>
   <div class='ocr_carea' id='block_1_73' title="bbox 387 4033 1970 4110">
    <p class='ocr_par' dir='ltr' id='par_1_73' title="bbox 387 4033 1970 4110">
     <span class='ocr_line' id='line_1_73' title="bbox 387 4033 1970 4110; baseline -0.003 -18"><span class='ocrx_word' id='word_1_562' title='bbox 387 4039 578 4110; x_wconf 56' lang='grc' dir='ltr'>ιλδργίᾳ</span> <span class='ocrx_word' id='word_1_563' title='bbox 622 4035 774 4090; x_wconf 79' lang='grc' dir='ltr'>δόλον</span> <span class='ocrx_word' id='word_1_564' title='bbox 835 4035 928 4089; x_wconf 83' lang='grc' dir='ltr'>τὸν</span> <span class='ocrx_word' id='word_1_565' title='bbox 972 4035 1147 4103; x_wconf 84' lang='grc' dir='ltr'>λόγων</span> <span class='ocrx_word' id='word_1_566' title='bbox 1175 4034 1654 4106; x_wconf 76' lang='grc' dir='ltr'>,ἀποκρυψάμενος</span> <span class='ocrx_word' id='word_1_567' title='bbox 1687 4073 1704 4100; x_wconf 85' lang='grc'><strong>,</strong></span> <span class='ocrx_word' id='word_1_568' title='bbox 1875 4033 1970 4104; x_wconf 82' lang='grc' dir='ltr'><strong>βα-</strong></span> 
     </span>
    </p>
   </div>
   <div class='ocr_carea' id='block_1_74' title="bbox 397 4124 1969 4199">
    <p class='ocr_par' dir='ltr' id='par_1_74' title="bbox 397 4124 1969 4199">
     <span class='ocr_line' id='line_1_74' title="bbox 397 4124 1969 4199; baseline -0.001 -19"><span class='ocrx_word' id='word_1_569' title='bbox 397 4129 526 4192; x_wconf 59' lang='grc' dir='ltr'>θέως</span> <span class='ocrx_word' id='word_1_570' title='bbox 561 4129 655 4182; x_wconf 70' lang='grc' dir='ltr'>καὶ</span> <span class='ocrx_word' id='word_1_571' title='bbox 684 4126 1241 4199; x_wconf 86' lang='grc' dir='ltr'>περικεκαλυμμένως</span> <span class='ocrx_word' id='word_1_572' title='bbox 1270 4126 1328 4178; x_wconf 72' lang='grc' dir='ltr'><strong>τὸ</strong></span> <span class='ocrx_word' id='word_1_573' title='bbox 1351 4125 1576 4197; x_wconf 75' lang='grc' dir='ltr'>φρικτὸν</span> <span class='ocrx_word' id='word_1_574' title='bbox 1598 4125 1695 4195; x_wconf 83' lang='grc' dir='ltr'>τῆς</span> <span class='ocrx_word' id='word_1_575' title='bbox 1717 4124 1969 4188; x_wconf 77' lang='grc' dir='ltr'>ἀσεϐείας</span> 
     </span>
    </p>
   </div>
   <div class='ocr_carea' id='block_1_75' title="bbox 409 4216 1969 4287">
    <p class='ocr_par' dir='ltr' id='par_1_75' title="bbox 409 4216 1969 4287">
     <span class='ocr_line' id='line_1_75' title="bbox 409 4216 1969 4287; baseline -0.002 -14"><span class='ocrx_word' id='word_1_576' title='bbox 409 4217 813 4283; x_wconf 73' lang='grc' dir='ltr'>ιατασκευὰζει,</span> <span class='ocrx_word' id='word_1_577' title='bbox 845 4218 942 4272; x_wconf 76' lang='grc' dir='ltr'>καὶ</span> <span class='ocrx_word' id='word_1_578' title='bbox 972 4220 1082 4280; x_wconf 85' lang='grc' dir='ltr'>τοῖς</span> <span class='ocrx_word' id='word_1_579' title='bbox 1113 4216 1224 4270; x_wconf 84' lang='grc' dir='ltr'><strong>τῶν</strong></span> <span class='ocrx_word' id='word_1_580' title='bbox 1256 4217 1427 4286; x_wconf 64' lang='grc' dir='ltr'>λόγων</span> <span class='ocrx_word' id='word_1_581' title='bbox 1465 4216 1799 4287; x_wconf 83' lang='grc' dir='ltr'>τεχνάσμασι</span> <span class='ocrx_word' id='word_1_582' title='bbox 1833 4216 1969 4287; x_wconf 79' lang='grc' dir='ltr'>πρὸς</span> 
     </span>
    </p>
   </div>
   <div class='ocr_carea' id='block_1_76' title="bbox 384 4307 1969 4418">
    <p class='ocr_par' dir='ltr' id='par_1_76' title="bbox 384 4307 1969 4418">
     <span class='ocr_line' id='line_1_76' title="bbox 384 4307 1969 4418; baseline -0.004 -51"><span class='ocrx_word' id='word_1_583' title='bbox 384 4307 449 4418; x_wconf 52' lang='lat' dir='ltr'><strong>ib</strong></span> <span class='ocrx_word' id='word_1_584' title='bbox 495 4313 737 4368; x_wconf 80' lang='grc' dir='ltr'>ἐναντίον</span> <span class='ocrx_word' id='word_1_585' title='bbox 787 4311 866 4382; x_wconf 81' lang='grc' dir='ltr'>τῷ</span> <span class='ocrx_word' id='word_1_586' title='bbox 915 4311 1093 4377; x_wconf 76' lang='grc' dir='ltr'>Πατρὶ</span> <span class='ocrx_word' id='word_1_587' title='bbox 1133 4309 1231 4380; x_wconf 82' lang='grc' dir='ltr'>τὴν</span> <span class='ocrx_word' id='word_1_588' title='bbox 1284 4309 1444 4377; x_wconf 83' lang='grc' dir='ltr'>φύσιν</span> <span class='ocrx_word' id='word_1_589' title='bbox 1489 4307 1584 4362; x_wconf 86' lang='grc' dir='ltr'><strong>τοῦ</strong></span> <span class='ocrx_word' id='word_1_590' title='bbox 1630 4307 1969 4378; x_wconf 89' lang='grc' dir='ltr'>Μονογενοῦς</span> 
     </span>
    </p>
   </div>
   <div class='ocr_carea' id='block_1_77' title="bbox 391 4400 1968 4478">
    <p class='ocr_par' dir='ltr' id='par_1_77' title="bbox 391 4400 1968 4478">
     <span class='ocr_line' id='line_1_77' title="bbox 391 4400 1968 4478; baseline -0.004 -20"><span class='ocrx_word' id='word_1_591' title='bbox 391 4407 721 4478; x_wconf 69' lang='grc' dir='ltr'>αποστήσας,</span> <span class='ocrx_word' id='word_1_592' title='bbox 754 4403 921 4474; x_wconf 81' lang='grc' dir='ltr'>μόνην</span> <span class='ocrx_word' id='word_1_593' title='bbox 947 4401 1263 4456; x_wconf 82' lang='grc' dir='ltr'>καταλείπει</span> <span class='ocrx_word' id='word_1_594' title='bbox 1292 4401 1390 4472; x_wconf 82' lang='grc' dir='ltr'>τὴν</span> <span class='ocrx_word' id='word_1_595' title='bbox 1421 4401 1691 4471; x_wconf 78' lang='grc' dir='ltr'>εὐφημίαν</span> <span class='ocrx_word' id='word_1_596' title='bbox 1716 4400 1825 4453; x_wconf 78' lang='grc' dir='ltr'><strong>τῶν</strong></span> <span class='ocrx_word' id='word_1_597' title='bbox 1853 4401 1968 4452; x_wconf 87' lang='grc' dir='ltr'><strong>ὀνο-</strong></span> 
     </span>
    </p>
   </div>
   <div class='ocr_carea' id='block_1_78' title="bbox 393 4489 1964 4566">
    <p class='ocr_par' dir='ltr' id='par_1_78' title="bbox 393 4489 1964 4566">
     <span class='ocr_line' id='line_1_78' title="bbox 393 4489 1964 4566; baseline -0.004 -17"><span class='ocrx_word' id='word_1_598' title='bbox 393 4496 598 4566; x_wconf 83' lang='grc' dir='ltr'>μάτων.</span> <span class='ocrx_word' id='word_1_599' title='bbox 635 4496 700 4548; x_wconf 90' lang='grc' dir='ltr'>Τί</span> <span class='ocrx_word' id='word_1_600' title='bbox 728 4489 818 4548; x_wconf 80' lang='grc' dir='ltr'>οὖν</span> <span class='ocrx_word' id='word_1_601' title='bbox 851 4496 1048 4566; x_wconf 84' lang='grc' dir='ltr'>ἡμείς;</span> <span class='ocrx_word' id='word_1_602' title='bbox 1093 4492 1230 4554; x_wconf 83' lang='grc' dir='ltr'>πῶς,</span> <span class='ocrx_word' id='word_1_603' title='bbox 1268 4493 1362 4545; x_wconf 71' lang='grc' dir='ltr'>καὶ</span> <span class='ocrx_word' id='word_1_604' title='bbox 1393 4491 1684 4560; x_wconf 83' lang='grc' dir='ltr'>ἀγέννητον</span> <span class='ocrx_word' id='word_1_605' title='bbox 1719 4491 1811 4544; x_wconf 58' lang='grc' dir='ltr'>τὶν</span> <span class='ocrx_word' id='word_1_606' title='bbox 1850 4492 1964 4544; x_wconf 86' lang='grc' dir='ltr'><strong>Πα-</strong></span> 
     </span>
    </p>
   </div>
   <div class='ocr_carea' id='block_1_79' title="bbox 388 4577 2036 4659">
    <p class='ocr_par' dir='ltr' id='par_1_79' title="bbox 388 4577 2036 4659">
     <span class='ocr_line' id='line_1_79' title="bbox 388 4577 2036 4659; baseline -0.003 -18"><span class='ocrx_word' id='word_1_607' title='bbox 388 4589 520 4659; x_wconf 82' lang='grc' dir='ltr'>τέρα</span> <span class='ocrx_word' id='word_1_608' title='bbox 542 4577 654 4642; x_wconf 54' lang='grc' dir='ltr'>’καὶ</span> <span class='ocrx_word' id='word_1_609' title='bbox 687 4587 943 4658; x_wconf 84' lang='grc' dir='ltr'>γεννητὸν</span> <span class='ocrx_word' id='word_1_610' title='bbox 975 4587 1066 4639; x_wconf 82' lang='grc' dir='ltr'>τὸν</span> <span class='ocrx_word' id='word_1_611' title='bbox 1114 4585 1242 4638; x_wconf 80' lang='grc' dir='ltr'>Υίὸν</span> <span class='ocrx_word' id='word_1_612' title='bbox 1274 4583 1681 4654; x_wconf 85' lang='grc' dir='ltr'>ὁμολογοῦντες,</span> <span class='ocrx_word' id='word_1_613' title='bbox 1711 4584 1809 4655; x_wconf 83' lang='grc' dir='ltr'>τὴν</span> <span class='ocrx_word' id='word_1_614' title='bbox 1843 4585 1962 4638; x_wconf 82' lang='grc' dir='ltr'>κατ’</span> <span class='ocrx_word' id='word_1_615' title='bbox 1995 4577 2036 4630; x_wconf 82' lang='grc' dir='ltr'><strong>Ι)</strong></span> 
     </span>
    </p>
   </div>
   <div class='ocr_carea' id='block_1_80' title="bbox 387 4672 1964 4748">
    <p class='ocr_par' dir='ltr' id='par_1_80' title="bbox 387 4672 1964 4748">
     <span class='ocr_line' id='line_1_80' title="bbox 387 4672 1964 4748; baseline -0.001 -16"><span class='ocrx_word' id='word_1_616' title='bbox 387 4680 519 4733; x_wconf 75' lang='grc' dir='ltr'>αὐτὸ</span> <span class='ocrx_word' id='word_1_617' title='bbox 539 4679 600 4731; x_wconf 76' lang='grc' dir='ltr'>τδ</span> <span class='ocrx_word' id='word_1_618' title='bbox 628 4674 765 4733; x_wconf 82' lang='grc' dir='ltr'>εἶναι</span> <span class='ocrx_word' id='word_1_619' title='bbox 792 4677 1151 4748; x_wconf 78' lang='grc' dir='ltr'>διαφύγοιμεν</span> <span class='ocrx_word' id='word_1_620' title='bbox 1320 4674 1632 4728; x_wconf 71' lang='grc' dir='ltr'>ἐναντίωσιν</span> <span class='ocrx_word' id='word_1_621' title='bbox 1655 4691 1669 4740; x_wconf 89' lang='grc'>;</span> <span class='ocrx_word' id='word_1_622' title='bbox 1699 4672 1752 4726; x_wconf 91' lang='grc' dir='ltr'><strong>τί</strong></span> <span class='ocrx_word' id='word_1_623' title='bbox 1777 4675 1964 4743; x_wconf 73' lang='grc' dir='ltr'>λέγον-</span> 
     </span>
    </p>
   </div>
   <div class='ocr_carea' id='block_1_81' title="bbox 385 4766 1967 4839">
    <p class='ocr_par' dir='ltr' id='par_1_81' title="bbox 385 4766 1967 4839">
     <span class='ocr_line' id='line_1_81' title="bbox 385 4766 1967 4839; baseline -0.001 -17"><span class='ocrx_word' id='word_1_624' title='bbox 385 4787 507 4834; x_wconf 85' lang='grc' dir='ltr'>τες;</span> <span class='ocrx_word' id='word_1_625' title='bbox 537 4771 661 4822; x_wconf 87' lang='grc' dir='ltr'>Ὅτι</span> <span class='ocrx_word' id='word_1_626' title='bbox 694 4769 898 4838; x_wconf 85' lang='grc' dir='ltr'>ἀγαθοῦ</span> <span class='ocrx_word' id='word_1_627' title='bbox 941 4769 1038 4839; x_wconf 88' lang='grc' dir='ltr'>μὲν</span> <span class='ocrx_word' id='word_1_628' title='bbox 1064 4767 1272 4836; x_wconf 79' lang='grc' dir='ltr'>Πατρὸς</span> <span class='ocrx_word' id='word_1_629' title='bbox 1304 4766 1506 4835; x_wconf 80' lang='grc' dir='ltr'>ἀγαθὸς</span> <span class='ocrx_word' id='word_1_630' title='bbox 1536 4769 1564 4820; x_wconf 86' lang='grc' dir='ltr'>ὁ</span> <span class='ocrx_word' id='word_1_631' title='bbox 1593 4766 1718 4831; x_wconf 82' lang='grc' dir='ltr'>Υἱός</span> <span class='ocrx_word' id='word_1_632' title='bbox 1738 4783 1750 4797; x_wconf 87' lang='grc'><strong>·</strong></span> <span class='ocrx_word' id='word_1_633' title='bbox 1789 4767 1967 4834; x_wconf 84' lang='grc' dir='ltr'>φωτὸς</span> 
     </span>
    </p>
   </div>
   <div class='ocr_carea' id='block_1_82' title="bbox 386 4859 1966 4932">
    <p class='ocr_par' dir='ltr' id='par_1_82' title="bbox 386 4859 1966 4932">
     <span class='ocr_line' id='line_1_82' title="bbox 386 4859 1966 4932; baseline -0.001 -18"><span class='ocrx_word' id='word_1_634' title='bbox 386 4862 442 4914; x_wconf 73' lang='grc' dir='ltr'>δὲ</span> <span class='ocrx_word' id='word_1_635' title='bbox 491 4861 583 4915; x_wconf 89' lang='grc' dir='ltr'><strong>τοῦ</strong></span> <span class='ocrx_word' id='word_1_636' title='bbox 638 4863 932 4932; x_wconf 82' lang='grc' dir='ltr'>ἀγεννήτου</span> <span class='ocrx_word' id='word_1_637' title='bbox 975 4861 1089 4930; x_wconf 85' lang='grc' dir='ltr'><strong>φῶς</strong></span> <span class='ocrx_word' id='word_1_638' title='bbox 1131 4859 1398 4930; x_wconf 77' lang='grc' dir='ltr'>ἐξέλαμψε</span> <span class='ocrx_word' id='word_1_639' title='bbox 1444 4859 1505 4912; x_wconf 85' lang='grc' dir='ltr'>τὸ</span> <span class='ocrx_word' id='word_1_640' title='bbox 1538 4859 1740 4923; x_wconf 71' lang='grc' dir='ltr'>ἀΐδιον,</span> <span class='ocrx_word' id='word_1_641' title='bbox 1776 4861 1868 4913; x_wconf 84' lang='grc' dir='ltr'><strong>καί</strong></span> <span class='ocrx_word' id='word_1_642' title='bbox 1900 4861 1966 4913; x_wconf 84' lang='grc' dir='ltr'>ὲκ</span> 
     </span>
    </p>
   </div>
   <div class='ocr_carea' id='block_1_83' title="bbox 387 4952 1965 5025">
    <p class='ocr_par' dir='ltr' id='par_1_83' title="bbox 387 4952 1965 5025">
     <span class='ocr_line' id='line_1_83' title="bbox 387 4952 1965 5025; baseline 0 -20"><span class='ocrx_word' id='word_1_643' title='bbox 387 4955 486 5023; x_wconf 78' lang='grc' dir='ltr'>τῆς</span> <span class='ocrx_word' id='word_1_644' title='bbox 509 4953 674 5018; x_wconf 72' lang='grc' dir='ltr'>ὅντως</span> <span class='ocrx_word' id='word_1_645' title='bbox 692 4953 838 5024; x_wconf 79' lang='grc' dir='ltr'>ζωῆς</span> <span class='ocrx_word' id='word_1_646' title='bbox 863 4956 895 5025; x_wconf 83' lang='grc' dir='ltr'>ὴ</span> <span class='ocrx_word' id='word_1_647' title='bbox 925 4952 1191 5016; x_wconf 76' lang='grc' dir='ltr'>ζωοποιὸς</span> <span class='ocrx_word' id='word_1_648' title='bbox 1208 4952 1446 5024; x_wconf 79' lang='grc' dir='ltr'>προῆλθε</span> <span class='ocrx_word' id='word_1_649' title='bbox 1463 4952 1636 5024; x_wconf 78' lang='grc' dir='ltr'>πηγὴ,</span> <span class='ocrx_word' id='word_1_650' title='bbox 1658 4952 1750 5006; x_wconf 76' lang='grc' dir='ltr'>καὶ</span> <span class='ocrx_word' id='word_1_651' title='bbox 1779 4955 1842 5005; x_wconf 78' lang='grc' dir='ltr'>ὲκ</span> <span class='ocrx_word' id='word_1_652' title='bbox 1866 4953 1965 5022; x_wconf 79' lang='grc' dir='ltr'>τῆς</span> 
     </span>
    </p>
   </div>
   <div class='ocr_carea' id='block_1_84' title="bbox 386 5043 1961 5118">
    <p class='ocr_par' dir='ltr' id='par_1_84' title="bbox 386 5043 1961 5118">
     <span class='ocr_line' id='line_1_84' title="bbox 386 5043 1961 5118; baseline 0.002 -21"><span class='ocrx_word' id='word_1_653' title='bbox 386 5047 799 5118; x_wconf 83' lang='grc' dir='ltr'>αύτοδυνάμεως</span> <span class='ocrx_word' id='word_1_654' title='bbox 843 5049 875 5116; x_wconf 87' lang='grc' dir='ltr'>ή</span> <span class='ocrx_word' id='word_1_655' title='bbox 933 5045 1027 5099; x_wconf 88' lang='grc' dir='ltr'><strong>τοῦ</strong></span> <span class='ocrx_word' id='word_1_656' title='bbox 1073 5043 1207 5098; x_wconf 86' lang='grc' dir='ltr'>Θεοῦ</span> <span class='ocrx_word' id='word_1_657' title='bbox 1250 5044 1477 5115; x_wconf 88' lang='grc' dir='ltr'>δύναμις</span> <span class='ocrx_word' id='word_1_658' title='bbox 1695 5044 1961 5117; x_wconf 74' lang='grc' dir='ltr'>ἐξεφάνη·</span> 
     </span>
    </p>
   </div>
   <div class='ocr_carea' id='block_1_85' title="bbox 390 5137 1963 5210">
    <p class='ocr_par' dir='ltr' id='par_1_85' title="bbox 390 5137 1963 5210">
     <span class='ocr_line' id='line_1_85' title="bbox 390 5137 1963 5210; baseline 0.002 -21"><span class='ocrx_word' id='word_1_659' title='bbox 390 5138 578 5201; x_wconf 81' lang='grc' dir='ltr'>σκότος</span> <span class='ocrx_word' id='word_1_660' title='bbox 604 5138 680 5203; x_wconf 81' lang='grc' dir='ltr'>δὲ,</span> <span class='ocrx_word' id='word_1_661' title='bbox 707 5138 799 5191; x_wconf 77' lang='grc' dir='ltr'>καὶ</span> <span class='ocrx_word' id='word_1_662' title='bbox 827 5137 1076 5200; x_wconf 82' lang='grc' dir='ltr'>θάνατος,</span> <span class='ocrx_word' id='word_1_663' title='bbox 1108 5139 1200 5192; x_wconf 73' lang='grc' dir='ltr'>καὶ</span> <span class='ocrx_word' id='word_1_664' title='bbox 1231 5137 1482 5192; x_wconf 83' lang='grc' dir='ltr'>ἀσθένεια</span> <span class='ocrx_word' id='word_1_665' title='bbox 1510 5137 1590 5207; x_wconf 81' lang='grc' dir='ltr'><strong>τῷ</strong></span> <span class='ocrx_word' id='word_1_666' title='bbox 1618 5138 1838 5210; x_wconf 73' lang='grc' dir='ltr'>ἄρχοντι</span> <span class='ocrx_word' id='word_1_667' title='bbox 1869 5138 1963 5192; x_wconf 75' lang='grc' dir='ltr'><strong>τοῦ</strong></span> 
     </span>
    </p>
   </div>
   <div class='ocr_carea' id='block_1_86' title="bbox 387 5229 1960 5302">
    <p class='ocr_par' dir='ltr' id='par_1_86' title="bbox 387 5229 1960 5302">
     <span class='ocr_line' id='line_1_86' title="bbox 387 5229 1960 5302; baseline 0 -20"><span class='ocrx_word' id='word_1_668' title='bbox 387 5231 590 5300; x_wconf 75' lang='grc' dir='ltr'>κόσμου</span> <span class='ocrx_word' id='word_1_669' title='bbox 618 5229 830 5294; x_wconf 84' lang='grc' dir='ltr'>τούτου,</span> <span class='ocrx_word' id='word_1_670' title='bbox 865 5231 958 5282; x_wconf 70' lang='grc' dir='ltr'><strong>καὶ</strong></span> <span class='ocrx_word' id='word_1_671' title='bbox 989 5232 1099 5293; x_wconf 79' lang='grc' dir='ltr'>τοῖς</span> <span class='ocrx_word' id='word_1_672' title='bbox 1125 5229 1562 5302; x_wconf 83' lang='grc' dir='ltr'>κοσμοκράτορσι</span> <span class='ocrx_word' id='word_1_673' title='bbox 1593 5229 1686 5282; x_wconf 88' lang='grc' dir='ltr'><strong>τοῦ</strong></span> <span class='ocrx_word' id='word_1_674' title='bbox 1718 5230 1960 5293; x_wconf 76' lang='grc' dir='ltr'>σκότους,</span> 
     </span>
    </p>
   </div>
   <div class='ocr_carea' id='block_1_87' title="bbox 389 5319 1961 5394">
    <p class='ocr_par' dir='ltr' id='par_1_87' title="bbox 389 5319 1961 5394">
     <span class='ocr_line' id='line_1_87' title="bbox 389 5319 1961 5394; baseline 0.001 -22"><span class='ocrx_word' id='word_1_675' title='bbox 389 5319 483 5372; x_wconf 76' lang='grc' dir='ltr'>καὶ</span> <span class='ocrx_word' id='word_1_676' title='bbox 529 5322 639 5384; x_wconf 85' lang='grc' dir='ltr'>τοῖς</span> <span class='ocrx_word' id='word_1_677' title='bbox 683 5321 1074 5390; x_wconf 82' lang='grc' dir='ltr'>πνευματικοῖς</span> <span class='ocrx_word' id='word_1_678' title='bbox 1111 5319 1210 5390; x_wconf 81' lang='grc' dir='ltr'>τῆς</span> <span class='ocrx_word' id='word_1_679' title='bbox 1251 5321 1536 5391; x_wconf 86' lang='grc' dir='ltr'>πονηρίας,</span> <span class='ocrx_word' id='word_1_680' title='bbox 1566 5322 1658 5374; x_wconf 69' lang='grc' dir='ltr'>καὶ</span> <span class='ocrx_word' id='word_1_681' title='bbox 1709 5321 1858 5394; x_wconf 84' lang='grc' dir='ltr'>πάσῃ</span> <span class='ocrx_word' id='word_1_682' title='bbox 1897 5322 1961 5390; x_wconf 68' lang='grc' dir='ltr'>τῇ</span> 
     </span>
    </p>
   </div>
   <div class='ocr_carea' id='block_1_88' title="bbox 380 5408 1962 5481">
    <p class='ocr_par' dir='ltr' id='par_1_88' title="bbox 380 5408 1962 5481">
     <span class='ocr_line' id='line_1_88' title="bbox 380 5408 1962 5481; baseline 0.001 -20"><span class='ocrx_word' id='word_1_683' title='bbox 380 5409 550 5480; x_wconf 74' lang='grc' dir='ltr'>ἐχθρᾷ</span> <span class='ocrx_word' id='word_1_684' title='bbox 598 5412 694 5481; x_wconf 81' lang='grc' dir='ltr'>τῆς</span> <span class='ocrx_word' id='word_1_685' title='bbox 728 5410 879 5474; x_wconf 86' lang='grc' dir='ltr'>θείας</span> <span class='ocrx_word' id='word_1_686' title='bbox 913 5409 1126 5480; x_wconf 85' lang='grc' dir='ltr'>φύσεως</span> <span class='ocrx_word' id='word_1_687' title='bbox 1158 5408 1386 5480; x_wconf 82' lang='grc' dir='ltr'>δυνάμει</span> <span class='ocrx_word' id='word_1_688' title='bbox 1423 5410 1802 5472; x_wconf 78' lang='grc' dir='ltr'>συντέτακται,</span> <span class='ocrx_word' id='word_1_689' title='bbox 1840 5411 1962 5463; x_wconf 64' lang='grc' dir='ltr'><strong>οὐδὲ</strong></span> 
     </span>
    </p>
   </div>
   <div class='ocr_carea' id='block_1_89' title="bbox 377 5501 1962 5575">
    <p class='ocr_par' dir='ltr' id='par_1_89' title="bbox 377 5501 1962 5575">
     <span class='ocr_line' id='line_1_89' title="bbox 377 5501 1962 5575; baseline 0.001 -20"><span class='ocrx_word' id='word_1_690' title='bbox 377 5501 587 5564; x_wconf 80' lang='grc' dir='ltr'>τούτοις</span> <span class='ocrx_word' id='word_1_691' title='bbox 625 5502 745 5555; x_wconf 79' lang='grc' dir='ltr'>κατ’</span> <span class='ocrx_word' id='word_1_692' title='bbox 793 5502 964 5575; x_wconf 79' lang='grc' dir='ltr'>αὐτὴν</span> <span class='ocrx_word' id='word_1_693' title='bbox 997 5502 1093 5574; x_wconf 79' lang='grc' dir='ltr'>τὴν</span> <span class='ocrx_word' id='word_1_694' title='bbox 1127 5502 1313 5556; x_wconf 71' lang='grc' dir='ltr'>οὐσίαν</span> <span class='ocrx_word' id='word_1_695' title='bbox 1364 5504 1499 5573; x_wconf 79' lang='grc' dir='ltr'>πρὸς</span> <span class='ocrx_word' id='word_1_696' title='bbox 1537 5503 1597 5555; x_wconf 79' lang='grc' dir='ltr'>τὸ</span> <span class='ocrx_word' id='word_1_697' title='bbox 1633 5502 1834 5570; x_wconf 74' lang='grc' dir='ltr'>ἀγαθὸν</span> <span class='ocrx_word' id='word_1_698' title='bbox 1869 5503 1962 5557; x_wconf 85' lang='grc' dir='ltr'>λα-</span> 
     </span>
    </p>
   </div>
   <div class='ocr_carea' id='block_1_90' title="bbox 378 5591 1977 5666">
    <p class='ocr_par' dir='ltr' id='par_1_90' title="bbox 378 5591 1977 5666">
     <span class='ocr_line' id='line_1_90' title="bbox 378 5591 1977 5666; baseline -0.001 -20"><span class='ocrx_word' id='word_1_699' title='bbox 378 5591 536 5666; x_wconf 85' lang='grc' dir='ltr'>χοῦσι</span> <span class='ocrx_word' id='word_1_700' title='bbox 563 5592 662 5664; x_wconf 82' lang='grc' dir='ltr'>τὴν</span> <span class='ocrx_word' id='word_1_701' title='bbox 683 5596 1005 5650; x_wconf 70' lang='grc' dir='ltr'>ἐναντίωσιν</span> <span class='ocrx_word' id='word_1_702' title='bbox 1017 5593 1186 5665; x_wconf 80' lang='grc' dir='ltr'>(οὕτω</span> <span class='ocrx_word' id='word_1_703' title='bbox 1214 5595 1322 5664; x_wconf 87' lang='grc' dir='ltr'><strong>γάρ</strong></span> <span class='ocrx_word' id='word_1_704' title='bbox 1350 5591 1470 5664; x_wconf 57' lang='lat' dir='ltr'><strong>am</strong></span> <span class='ocrx_word' id='word_1_705' title='bbox 1510 5593 1717 5664; x_wconf 74' lang='grc' dir='ltr'>μέμψις</span> <span class='ocrx_word' id='word_1_706' title='bbox 1757 5594 1846 5645; x_wconf 74' lang='grc' dir='ltr'><strong>ἐπὶ</strong></span> <span class='ocrx_word' id='word_1_707' title='bbox 1887 5596 1977 5645; x_wconf 71' lang='grc' dir='ltr'>τὶν</span> 
     </span>
    </p>
   </div>
   <div class='ocr_carea' id='block_1_91' title="bbox 457 5772 1854 5840">
    <p class='ocr_par' dir='ltr' id='par_1_91' title="bbox 457 5772 1854 5840">
     <span class='ocr_line' id='line_1_91' title="bbox 457 5772 1854 5840; baseline -0.005 -9"><span class='ocrx_word' id='word_1_708' title='bbox 457 5773 658 5831; x_wconf 75' lang='lat' dir='ltr'><strong>‘Joan.</strong></span> <span class='ocrx_word' id='word_1_709' title='bbox 690 5790 727 5840; x_wconf 87' lang='grc' dir='ltr'><strong>ι,</strong></span> <span class='ocrx_word' id='word_1_710' title='bbox 760 5775 812 5829; x_wconf 81' lang='lat'><strong>9.</strong></span> <span class='ocrx_word' id='word_1_711' title='bbox 892 5776 911 5806; x_wconf 81' lang='grc'><em>³</em></span> <span class='ocrx_word' id='word_1_712' title='bbox 945 5772 1101 5828; x_wconf 82' lang='lat' dir='ltr'><strong>Joan.</strong></span> <span class='ocrx_word' id='word_1_713' title='bbox 1144 5789 1251 5838; x_wconf 76' lang='grc' dir='ltr'>λιν,</span> <span class='ocrx_word' id='word_1_714' title='bbox 1291 5773 1342 5826; x_wconf 81' lang='lat'><strong>6.</strong></span> <span class='ocrx_word' id='word_1_715' title='bbox 1420 5773 1437 5803; x_wconf 89' lang='grc'>³</span> <span class='ocrx_word' id='word_1_716' title='bbox 1476 5773 1492 5826; x_wconf 94' lang='lat'><strong>1</strong></span> <span class='ocrx_word' id='word_1_717' title='bbox 1533 5772 1658 5826; x_wconf 66' lang='lat' dir='ltr'><strong>(lor.</strong></span> <span class='ocrx_word' id='word_1_718' title='bbox 1696 5787 1729 5835; x_wconf 91' lang='lat' dir='ltr'><strong>t,</strong></span> <span class='ocrx_word' id='word_1_719' title='bbox 1768 5773 1854 5824; x_wconf 66' lang='lat' dir='ltr'><strong>2i.</strong></span> 
     </span>
    </p>
   </div>
   <div class='ocr_carea' id='block_1_92' title="bbox 2069 3304 3648 3377">
    <p class='ocr_par' dir='ltr' id='par_1_92' title="bbox 2069 3304 3648 3377">
     <span class='ocr_line' id='line_1_92' title="bbox 2069 3304 3648 3377; baseline -0.004 -13"><span class='ocrx_word' id='word_1_720' title='bbox 2069 3325 2194 3364; x_wconf 90' lang='lat' dir='ltr'><strong>num</strong></span> <span class='ocrx_word' id='word_1_721' title='bbox 2229 3309 2423 3377; x_wconf 87' lang='lat' dir='ltr'><strong>ipsmn,</strong></span> <span class='ocrx_word' id='word_1_722' title='bbox 2453 3308 2543 3376; x_wconf 89' lang='lat' dir='ltr'><strong>qui</strong></span> <span class='ocrx_word' id='word_1_723' title='bbox 2582 3307 2752 3362; x_wconf 84' lang='lat' dir='ltr'><strong>dicit:</strong></span> <span class='ocrx_word' id='word_1_724' title='bbox 2789 3304 2901 3376; x_wconf 83' lang='lat' dir='ltr'><strong>Ego</strong></span> <span class='ocrx_word' id='word_1_725' title='bbox 2923 3322 3038 3361; x_wconf 79' lang='lat' dir='ltr'><strong>sum</strong></span> <span class='ocrx_word' id='word_1_726' title='bbox 3061 3307 3164 3360; x_wconf 79' lang='lat' dir='ltr'><strong>vita</strong></span> <span class='ocrx_word' id='word_1_727' title='bbox 3219 3307 3275 3373; x_wconf 83' lang='grc'><strong>²;</strong></span> <span class='ocrx_word' id='word_1_728' title='bbox 3310 3305 3523 3376; x_wconf 85' lang='lat' dir='ltr'><strong>spernis</strong></span> <span class='ocrx_word' id='word_1_729' title='bbox 3556 3305 3648 3359; x_wconf 86' lang='lat' dir='ltr'><strong>iti-</strong></span> 
     </span>
    </p>
   </div>
   <div class='ocr_carea' id='block_1_93' title="bbox 2069 3394 3644 3465">
    <p class='ocr_par' dir='ltr' id='par_1_93' title="bbox 2069 3394 3644 3465">
     <span class='ocr_line' id='line_1_93' title="bbox 2069 3394 3644 3465; baseline -0.001 -14"><span class='ocrx_word' id='word_1_730' title='bbox 2069 3397 2190 3452; x_wconf 90' lang='lat' dir='ltr'><strong>dem</strong></span> <span class='ocrx_word' id='word_1_731' title='bbox 2237 3396 2491 3458; x_wconf 88' lang='lat' dir='ltr'><strong>Paulum,</strong></span> <span class='ocrx_word' id='word_1_732' title='bbox 2525 3396 2615 3465; x_wconf 86' lang='lat' dir='ltr'><strong>qui</strong></span> <span class='ocrx_word' id='word_1_733' title='bbox 2656 3396 2796 3450; x_wconf 81' lang='lat' dir='ltr'><strong>dixit</strong></span> <span class='ocrx_word' id='word_1_734' title='bbox 2841 3413 2854 3449; x_wconf 91' lang='lat'><strong>:</strong></span> <span class='ocrx_word' id='word_1_735' title='bbox 2895 3394 3140 3451; x_wconf 72' lang='lat' dir='ltr'><strong>Christus</strong></span> <span class='ocrx_word' id='word_1_736' title='bbox 3180 3396 3276 3450; x_wconf 84' lang='lat' dir='ltr'><strong>Dei</strong></span> <span class='ocrx_word' id='word_1_737' title='bbox 3315 3397 3546 3465; x_wconf 78' lang='lat' dir='ltr'><strong>polentia</strong></span> <span class='ocrx_word' id='word_1_738' title='bbox 3603 3395 3644 3449; x_wconf 88' lang='grc'>³.</span> 
     </span>
    </p>
   </div>
   <div class='ocr_carea' id='block_1_94' title="bbox 2069 3485 3648 3555">
    <p class='ocr_par' dir='ltr' id='par_1_94' title="bbox 2069 3485 3648 3555">
     <span class='ocr_line' id='line_1_94' title="bbox 2069 3485 3648 3555; baseline 0.003 -16"><span class='ocrx_word' id='word_1_739' title='bbox 2069 3485 2203 3540; x_wconf 85' lang='lat' dir='ltr'><strong>Nam</strong></span> <span class='ocrx_word' id='word_1_740' title='bbox 2233 3501 2572 3555; x_wconf 75' lang='lat' dir='ltr'><strong>qutecuuque</strong></span> <span class='ocrx_word' id='word_1_741' title='bbox 2609 3485 2661 3540; x_wconf 93' lang='lat' dir='ltr'><strong>in</strong></span> <span class='ocrx_word' id='word_1_742' title='bbox 2689 3486 3063 3555; x_wconf 88' lang='lat' dir='ltr'><strong>superioribus</strong></span> <span class='ocrx_word' id='word_1_743' title='bbox 3093 3489 3464 3543; x_wconf 86' lang='lat' dir='ltr'><strong>demonstrata</strong></span> <span class='ocrx_word' id='word_1_744' title='bbox 3498 3497 3648 3553; x_wconf 89' lang='lat' dir='ltr'><strong>sunt,</strong></span> 
     </span>
    </p>
   </div>
   <div class='ocr_carea' id='block_1_95' title="bbox 2067 3579 3638 3652">
    <p class='ocr_par' dir='ltr' id='par_1_95' title="bbox 2067 3579 3638 3652">
     <span class='ocr_line' id='line_1_95' title="bbox 2067 3579 3638 3652; baseline 0.002 -19"><span class='ocrx_word' id='word_1_745' title='bbox 2067 3595 2130 3633; x_wconf 87' lang='lat' dir='ltr'><strong>ea</strong></span> <span class='ocrx_word' id='word_1_746' title='bbox 2164 3579 2248 3632; x_wconf 85' lang='lat' dir='ltr'><strong>his</strong></span> <span class='ocrx_word' id='word_1_747' title='bbox 2279 3593 2496 3648; x_wconf 88' lang='lat' dir='ltr'><strong>quoque</strong></span> <span class='ocrx_word' id='word_1_748' title='bbox 2522 3594 2667 3634; x_wconf 91' lang='lat' dir='ltr'><strong>nunc</strong></span> <span class='ocrx_word' id='word_1_749' title='bbox 2691 3580 3265 3636; x_wconf 86' lang='lat' dir='ltr'><strong>accommodabuntur.</strong></span> <span class='ocrx_word' id='word_1_750' title='bbox 3293 3580 3430 3635; x_wconf 85' lang='lat' dir='ltr'><strong>Nam</strong></span> <span class='ocrx_word' id='word_1_751' title='bbox 3462 3596 3638 3652; x_wconf 88' lang='lat' dir='ltr'><strong>neque</strong></span> 
     </span>
    </p>
   </div>
   <div class='ocr_carea' id='block_1_96' title="bbox 2071 3669 3640 3741">
    <p class='ocr_par' dir='ltr' id='par_1_96' title="bbox 2071 3669 3640 3741">
     <span class='ocr_line' id='line_1_96' title="bbox 2071 3669 3640 3741; baseline 0.003 -20"><span class='ocrx_word' id='word_1_752' title='bbox 2071 3671 2259 3733; x_wconf 84' lang='lat' dir='ltr'><strong>vitam,</strong></span> <span class='ocrx_word' id='word_1_753' title='bbox 2299 3683 2474 3738; x_wconf 90' lang='lat' dir='ltr'><strong>neque</strong></span> <span class='ocrx_word' id='word_1_754' title='bbox 2507 3669 2805 3738; x_wconf 86' lang='lat' dir='ltr'><strong>potentiam</strong></span> <span class='ocrx_word' id='word_1_755' title='bbox 2856 3670 2981 3724; x_wconf 69' lang='lat' dir='ltr'><strong>vitat</strong></span> <span class='ocrx_word' id='word_1_756' title='bbox 3029 3685 3094 3726; x_wconf 90' lang='lat' dir='ltr'><strong>ac</strong></span> <span class='ocrx_word' id='word_1_757' title='bbox 3144 3673 3398 3739; x_wconf 70' lang='lat' dir='ltr'><strong>potentiae</strong></span> <span class='ocrx_word' id='word_1_758' title='bbox 3437 3675 3640 3741; x_wconf 85' lang='lat' dir='ltr'><strong>opponi</strong></span> 
     </span>
    </p>
   </div>
   <div class='ocr_carea' id='block_1_97' title="bbox 2070 3760 3642 3832">
    <p class='ocr_par' dir='ltr' id='par_1_97' title="bbox 2070 3760 3642 3832">
     <span class='ocr_line' id='line_1_97' title="bbox 2070 3760 3642 3832; baseline 0.003 -20"><span class='ocrx_word' id='word_1_759' title='bbox 2070 3761 2355 3829; x_wconf 82' lang='lat' dir='ltr'><strong>quisquam</strong></span> <span class='ocrx_word' id='word_1_760' title='bbox 2401 3760 2600 3814; x_wconf 82' lang='lat' dir='ltr'><strong>dixerit</strong></span> <span class='ocrx_word' id='word_1_761' title='bbox 2644 3775 2659 3812; x_wconf 90' lang='lat'><strong>:</strong></span> <span class='ocrx_word' id='word_1_762' title='bbox 2716 3760 2809 3815; x_wconf 86' lang='lat' dir='ltr'><strong>sed</strong></span> <span class='ocrx_word' id='word_1_763' title='bbox 2869 3773 3122 3816; x_wconf 48' lang='lat' dir='ltr'><strong>mortem.</strong></span> <span class='ocrx_word' id='word_1_764' title='bbox 3154 3773 3205 3817; x_wconf 89' lang='lat' dir='ltr'><strong>et</strong></span> <span class='ocrx_word' id='word_1_765' title='bbox 3263 3764 3642 3832; x_wconf 84' lang='lat' dir='ltr'><strong>impotentiam</strong></span> 
     </span>
    </p>
   </div>
   <div class='ocr_carea' id='block_1_98' title="bbox 2073 3853 3646 3924">
    <p class='ocr_par' dir='ltr' id='par_1_98' title="bbox 2073 3853 3646 3924">
     <span class='ocr_line' id='line_1_98' title="bbox 2073 3853 3646 3924; baseline 0.005 -21"><span class='ocrx_word' id='word_1_766' title='bbox 2073 3854 2464 3921; x_wconf 76' lang='lat' dir='ltr'><strong>oppositionem</strong></span> <span class='ocrx_word' id='word_1_767' title='bbox 2523 3853 2943 3923; x_wconf 76' lang='lat' dir='ltr'><strong>integerrimam&#39;</strong></span> <span class='ocrx_word' id='word_1_768' title='bbox 2986 3855 3220 3924; x_wconf 81' lang='lat' dir='ltr'><strong>explere.</strong></span> <span class='ocrx_word' id='word_1_769' title='bbox 3281 3857 3490 3923; x_wconf 84' lang='lat' dir='ltr'><strong>Quibus</strong></span> <span class='ocrx_word' id='word_1_770' title='bbox 3559 3857 3646 3911; x_wconf 87' lang='lat' dir='ltr'><strong>hic</strong></span> 
     </span>
    </p>
   </div>
   <div class='ocr_carea' id='block_1_99' title="bbox 2076 3945 3650 4016">
    <p class='ocr_par' dir='ltr' id='par_1_99' title="bbox 2076 3945 3650 4016">
     <span class='ocr_line' id='line_1_99' title="bbox 2076 3945 3650 4016; baseline 0.004 -20"><span class='ocrx_word' id='word_1_771' title='bbox 2076 3949 2198 4008; x_wconf 66' lang='lat' dir='ltr'><strong>iste,</strong></span> <span class='ocrx_word' id='word_1_772' title='bbox 2229 3961 2324 4016; x_wconf 83' lang='lat' dir='ltr'><strong>per</strong></span> <span class='ocrx_word' id='word_1_773' title='bbox 2353 3945 2638 4000; x_wconf 78' lang='lat' dir='ltr'><strong>verborum</strong></span> <span class='ocrx_word' id='word_1_774' title='bbox 2669 3948 2964 4000; x_wconf 82' lang='lat' dir='ltr'><strong>versutiam</strong></span> <span class='ocrx_word' id='word_1_775' title='bbox 2996 3947 3173 4000; x_wconf 86' lang='lat' dir='ltr'><strong>dolum</strong></span> <span class='ocrx_word' id='word_1_776' title='bbox 3197 3948 3503 4007; x_wconf 85' lang='lat' dir='ltr'><strong>occultans.</strong></span> <span class='ocrx_word' id='word_1_777' title='bbox 3542 3947 3650 4002; x_wconf 82' lang='lat' dir='ltr'><strong>alte</strong></span> 
     </span>
    </p>
   </div>
   <div class='ocr_carea' id='block_1_100' title="bbox 2081 4027 3646 4098">
    <p class='ocr_par' dir='ltr' id='par_1_100' title="bbox 2081 4027 3646 4098">
     <span class='ocr_line' id='line_1_100' title="bbox 2081 4027 3646 4098; baseline -0.004 -12"><span class='ocrx_word' id='word_1_778' title='bbox 2081 4048 2146 4086; x_wconf 85' lang='lat' dir='ltr'><strong>ac</strong></span> <span class='ocrx_word' id='word_1_779' title='bbox 2186 4038 2329 4086; x_wconf 81' lang='lat' dir='ltr'><strong>tecte</strong></span> <span class='ocrx_word' id='word_1_780' title='bbox 2379 4029 2705 4086; x_wconf 83' lang='lat' dir='ltr'><strong>horrendam</strong></span> <span class='ocrx_word' id='word_1_781' title='bbox 2745 4028 3076 4098; x_wconf 85' lang='lat' dir='ltr'><strong>impietatem</strong></span> <span class='ocrx_word' id='word_1_782' title='bbox 3121 4027 3449 4087; x_wconf 86' lang='lat' dir='ltr'><strong>concinnat,</strong></span> <span class='ocrx_word' id='word_1_783' title='bbox 3482 4036 3646 4093; x_wconf 85' lang='lat' dir='ltr'><strong>atque</strong></span> 
     </span>
    </p>
   </div>
   <div class='ocr_carea' id='block_1_101' title="bbox 2077 4119 3644 4192">
    <p class='ocr_par' dir='ltr' id='par_1_101' title="bbox 2077 4119 3644 4192">
     <span class='ocr_line' id='line_1_101' title="bbox 2077 4119 3644 4192; baseline -0.003 -16"><span class='ocrx_word' id='word_1_784' title='bbox 2077 4122 2403 4192; x_wconf 69' lang='lat' dir='ltr'><strong>eloquentiae</strong></span> <span class='ocrx_word' id='word_1_785' title='bbox 2447 4121 2658 4176; x_wconf 84' lang='lat' dir='ltr'><strong>artibus</strong></span> <span class='ocrx_word' id='word_1_786' title='bbox 2703 4119 2974 4190; x_wconf 78' lang='lat' dir='ltr'><strong>Uuigeniti</strong></span> <span class='ocrx_word' id='word_1_787' title='bbox 3021 4127 3269 4173; x_wconf 85' lang='lat' dir='ltr'><strong>naturam</strong></span> <span class='ocrx_word' id='word_1_788' title='bbox 3311 4119 3378 4172; x_wconf 88' lang='lat' dir='ltr'><strong>ad</strong></span> <span class='ocrx_word' id='word_1_789' title='bbox 3425 4127 3644 4173; x_wconf 86' lang='lat' dir='ltr'><strong>contra-</strong></span> 
     </span>
    </p>
   </div>
   <div class='ocr_carea' id='block_1_102' title="bbox 2079 4205 3650 4281">
    <p class='ocr_par' dir='ltr' id='par_1_102' title="bbox 2079 4205 3650 4281">
     <span class='ocr_line' id='line_1_102' title="bbox 2079 4205 3650 4281; baseline -0.003 -17"><span class='ocrx_word' id='word_1_790' title='bbox 2079 4213 2218 4264; x_wconf 89' lang='lat' dir='ltr'><strong>rium</strong></span> <span class='ocrx_word' id='word_1_791' title='bbox 2272 4221 2513 4281; x_wconf 64' lang='lat' dir='ltr'><strong>paternae</strong></span> <span class='ocrx_word' id='word_1_792' title='bbox 2571 4218 2780 4264; x_wconf 77' lang='lat' dir='ltr'><strong>natura:</strong></span> <span class='ocrx_word' id='word_1_793' title='bbox 2835 4223 3092 4271; x_wconf 80' lang='lat' dir='ltr'><strong>avocans,</strong></span> <span class='ocrx_word' id='word_1_794' title='bbox 3145 4205 3314 4262; x_wconf 84' lang='lat' dir='ltr'><strong>solam</strong></span> <span class='ocrx_word' id='word_1_795' title='bbox 3371 4206 3650 4260; x_wconf 78' lang='lat' dir='ltr'><strong>nominum</strong></span> 
     </span>
    </p>
   </div>
   <div class='ocr_carea' id='block_1_103' title="bbox 2078 4297 3648 4369">
    <p class='ocr_par' dir='ltr' id='par_1_103' title="bbox 2078 4297 3648 4369">
     <span class='ocr_line' id='line_1_103' title="bbox 2078 4297 3648 4369; baseline -0.003 -12"><span class='ocrx_word' id='word_1_796' title='bbox 2078 4301 2604 4357; x_wconf 81' lang='lat' dir='ltr'><strong>counnendatiouem</strong></span> <span class='ocrx_word' id='word_1_797' title='bbox 2642 4300 2917 4369; x_wconf 86' lang='lat' dir='ltr'><strong>relinquit.</strong></span> <span class='ocrx_word' id='word_1_798' title='bbox 2962 4298 3103 4366; x_wconf 84' lang='lat' dir='ltr'><strong>Quid</strong></span> <span class='ocrx_word' id='word_1_799' title='bbox 3147 4298 3311 4366; x_wconf 70' lang='lat' dir='ltr'><strong>igitur</strong></span> <span class='ocrx_word' id='word_1_800' title='bbox 3349 4297 3487 4352; x_wconf 84' lang='lat' dir='ltr'><strong>nos?</strong></span> <span class='ocrx_word' id='word_1_801' title='bbox 3512 4313 3648 4367; x_wconf 71' lang='lat' dir='ltr'><strong>quo~</strong></span> 
     </span>
    </p>
   </div>
   <div class='ocr_carea' id='block_1_104' title="bbox 2079 4389 3647 4463">
    <p class='ocr_par' dir='ltr' id='par_1_104' title="bbox 2079 4389 3647 4463">
     <span class='ocr_line' id='line_1_104' title="bbox 2079 4389 3647 4463; baseline -0.001 -17"><span class='ocrx_word' id='word_1_802' title='bbox 2079 4395 2238 4447; x_wconf 90' lang='lat' dir='ltr'><strong>modo</strong></span> <span class='ocrx_word' id='word_1_803' title='bbox 2265 4405 2320 4448; x_wconf 85' lang='lat' dir='ltr'><strong>et</strong></span> <span class='ocrx_word' id='word_1_804' title='bbox 2359 4393 2657 4463; x_wconf 70' lang='lat' dir='ltr'><strong>ingenitum</strong></span> <span class='ocrx_word' id='word_1_805' title='bbox 2685 4391 2898 4447; x_wconf 86' lang='lat' dir='ltr'><strong>Patrem</strong></span> <span class='ocrx_word' id='word_1_806' title='bbox 2925 4400 2980 4447; x_wconf 90' lang='lat' dir='ltr'><strong>et</strong></span> <span class='ocrx_word' id='word_1_807' title='bbox 3005 4392 3244 4462; x_wconf 73' lang='lat' dir='ltr'><strong>genitura</strong></span> <span class='ocrx_word' id='word_1_808' title='bbox 3275 4389 3469 4444; x_wconf 75' lang='lat' dir='ltr'><strong>Filium</strong></span> <span class='ocrx_word' id='word_1_809' title='bbox 3513 4407 3647 4444; x_wconf 83' lang='lat' dir='ltr'><strong>cou-</strong></span> 
     </span>
    </p>
   </div>
   <div class='ocr_carea' id='block_1_105' title="bbox 2080 4479 3645 4551">
    <p class='ocr_par' dir='ltr' id='par_1_105' title="bbox 2080 4479 3645 4551">
     <span class='ocr_line' id='line_1_105' title="bbox 2080 4479 3645 4551; baseline -0.001 -16"><span class='ocrx_word' id='word_1_810' title='bbox 2080 4482 2292 4538; x_wconf 82' lang='lat' dir='ltr'><strong>litentes</strong></span> <span class='ocrx_word' id='word_1_811' title='bbox 2314 4521 2330 4547; x_wconf 91' lang='lat'><strong>,</strong></span> <span class='ocrx_word' id='word_1_812' title='bbox 2356 4482 2656 4538; x_wconf 79' lang='lat' dir='ltr'><strong>secundum</strong></span> <span class='ocrx_word' id='word_1_813' title='bbox 2691 4481 2866 4551; x_wconf 85' lang='lat' dir='ltr'><strong>ipsum</strong></span> <span class='ocrx_word' id='word_1_814' title='bbox 2899 4497 3008 4536; x_wconf 74' lang='lat' dir='ltr'><strong>esse</strong></span> <span class='ocrx_word' id='word_1_815' title='bbox 3043 4480 3485 4536; x_wconf 86' lang='lat' dir='ltr'><strong>contrarietatem</strong></span> <span class='ocrx_word' id='word_1_816' title='bbox 3512 4479 3645 4536; x_wconf 78' lang='lat' dir='ltr'><strong>effu-</strong></span> 
     </span>
    </p>
   </div>
   <div class='ocr_carea' id='block_1_106' title="bbox 2075 4571 3653 4643">
    <p class='ocr_par' dir='ltr' id='par_1_106' title="bbox 2075 4571 3653 4643">
     <span class='ocr_line' id='line_1_106' title="bbox 2075 4571 3653 4643; baseline -0.002 -16"><span class='ocrx_word' id='word_1_817' title='bbox 2075 4572 2356 4643; x_wconf 68' lang='grc' dir='ltr'>εει-ειηυεῖ</span> <span class='ocrx_word' id='word_1_818' title='bbox 2384 4572 2514 4642; x_wconf 88' lang='lat' dir='ltr'><strong>quid</strong></span> <span class='ocrx_word' id='word_1_819' title='bbox 2549 4572 2746 4628; x_wconf 87' lang='lat' dir='ltr'><strong>dicturi</strong></span> <span class='ocrx_word' id='word_1_820' title='bbox 2769 4571 2998 4627; x_wconf 82' lang='lat' dir='ltr'><strong>sumus?</strong></span> <span class='ocrx_word' id='word_1_821' title='bbox 3026 4571 3182 4637; x_wconf 82' lang='lat' dir='ltr'><strong>Quod</strong></span> <span class='ocrx_word' id='word_1_822' title='bbox 3223 4581 3282 4625; x_wconf 90' lang='lat' dir='ltr'><strong>ut</strong></span> <span class='ocrx_word' id='word_1_823' title='bbox 3313 4571 3438 4624; x_wconf 90' lang='lat' dir='ltr'><strong>boui</strong></span> <span class='ocrx_word' id='word_1_824' title='bbox 3473 4571 3653 4624; x_wconf 79' lang='lat' dir='ltr'><strong>Patris</strong></span> 
     </span>
    </p>
   </div>
   <div class='ocr_carea' id='block_1_107' title="bbox 2076 4652 3649 4735">
    <p class='ocr_par' dir='ltr' id='par_1_107' title="bbox 2076 4652 3649 4735">
     <span class='ocr_line' id='line_1_107' title="bbox 2076 4652 3649 4735; baseline -0.004 -17"><span class='ocrx_word' id='word_1_825' title='bbox 2076 4664 2248 4720; x_wconf 87' lang='lat' dir='ltr'><strong>bonus</strong></span> <span class='ocrx_word' id='word_1_826' title='bbox 2271 4663 2465 4730; x_wconf 84' lang='lat' dir='ltr'><strong>Filius,</strong></span> <span class='ocrx_word' id='word_1_827' title='bbox 2489 4665 2565 4720; x_wconf 85' lang='lat' dir='ltr'><strong>ita</strong></span> <span class='ocrx_word' id='word_1_828' title='bbox 2587 4678 2655 4720; x_wconf 78' lang='lat' dir='ltr'><strong>ex</strong></span> <span class='ocrx_word' id='word_1_829' title='bbox 2675 4652 3056 4735; x_wconf 37' lang='lat' dir='ltr'><strong>ingenita‘luce</strong></span> <span class='ocrx_word' id='word_1_830' title='bbox 3082 4663 3170 4716; x_wconf 80' lang='lat' dir='ltr'><strong>lux</strong></span> <span class='ocrx_word' id='word_1_831' title='bbox 3198 4672 3399 4716; x_wconf 83' lang='lat' dir='ltr'><strong>aeterna</strong></span> <span class='ocrx_word' id='word_1_832' title='bbox 3430 4660 3649 4723; x_wconf 74' lang='lat' dir='ltr'><strong>etl‘ulsit,</strong></span> 
     </span>
    </p>
   </div>
   <div class='ocr_carea' id='block_1_108' title="bbox 2075 4751 3648 4825">
    <p class='ocr_par' dir='ltr' id='par_1_108' title="bbox 2075 4751 3648 4825">
     <span class='ocr_line' id='line_1_108' title="bbox 2075 4751 3648 4825; baseline -0.005 -16"><span class='ocrx_word' id='word_1_833' title='bbox 2075 4769 2254 4825; x_wconf 79' lang='lat' dir='ltr'><strong>exque</strong></span> <span class='ocrx_word' id='word_1_834' title='bbox 2283 4770 2412 4811; x_wconf 74' lang='lat' dir='ltr'><strong>vera</strong></span> <span class='ocrx_word' id='word_1_835' title='bbox 2443 4754 2552 4810; x_wconf 82' lang='lat' dir='ltr'><strong>vita</strong></span> <span class='ocrx_word' id='word_1_836' title='bbox 2587 4754 2873 4809; x_wconf 76' lang='lat' dir='ltr'><strong>viviﬁcans</strong></span> <span class='ocrx_word' id='word_1_837' title='bbox 2902 4752 3021 4808; x_wconf 81' lang='lat' dir='ltr'><strong>fons</strong></span> <span class='ocrx_word' id='word_1_838' title='bbox 3061 4754 3280 4822; x_wconf 83' lang='lat' dir='ltr'><strong>prodiit,</strong></span> <span class='ocrx_word' id='word_1_839' title='bbox 3334 4761 3388 4804; x_wconf 89' lang='lat' dir='ltr'><strong>et</strong></span> <span class='ocrx_word' id='word_1_840' title='bbox 3418 4765 3484 4804; x_wconf 76' lang='lat' dir='ltr'><strong>ex</strong></span> <span class='ocrx_word' id='word_1_841' title='bbox 3534 4751 3648 4818; x_wconf 76' lang='lat' dir='ltr'><strong>ipsa</strong></span> 
     </span>
    </p>
   </div>
   <div class='ocr_carea' id='block_1_109' title="bbox 2075 4844 3647 4919">
    <p class='ocr_par' dir='ltr' id='par_1_109' title="bbox 2075 4844 3647 4919">
     <span class='ocr_line' id='line_1_109' title="bbox 2075 4844 3647 4919; baseline -0.008 -16"><span class='ocrx_word' id='word_1_842' title='bbox 2075 4862 2172 4919; x_wconf 87' lang='lat' dir='ltr'><strong>per</strong></span> <span class='ocrx_word' id='word_1_843' title='bbox 2191 4862 2251 4904; x_wconf 80' lang='lat' dir='ltr'><strong>se</strong></span> <span class='ocrx_word' id='word_1_844' title='bbox 2269 4848 2507 4918; x_wconf 87' lang='lat' dir='ltr'><strong>potentia</strong></span> <span class='ocrx_word' id='word_1_845' title='bbox 2543 4847 2640 4901; x_wconf 90' lang='lat' dir='ltr'><strong>Dei</strong></span> <span class='ocrx_word' id='word_1_846' title='bbox 2691 4846 2931 4917; x_wconf 85' lang='lat' dir='ltr'><strong>potentia</strong></span> <span class='ocrx_word' id='word_1_847' title='bbox 2953 4845 3211 4900; x_wconf 88' lang='lat' dir='ltr'><strong>emersit:</strong></span> <span class='ocrx_word' id='word_1_848' title='bbox 3242 4844 3476 4897; x_wconf 67' lang='lat' dir='ltr'><strong>tenebrae</strong></span> <span class='ocrx_word' id='word_1_849' title='bbox 3501 4856 3647 4904; x_wconf 77' lang='lat' dir='ltr'><strong>vero,</strong></span> 
     </span>
    </p>
   </div>
   <div class='ocr_carea' id='block_1_110' title="bbox 2081 4932 3652 5004">
    <p class='ocr_par' dir='ltr' id='par_1_110' title="bbox 2081 4932 3652 5004">
     <span class='ocr_line' id='line_1_110' title="bbox 2081 4932 3652 5004; baseline -0.006 -9"><span class='ocrx_word' id='word_1_850' title='bbox 2081 4953 2229 4995; x_wconf 86' lang='lat' dir='ltr'><strong>mors</strong></span> <span class='ocrx_word' id='word_1_851' title='bbox 2257 4949 2314 4995; x_wconf 87' lang='lat' dir='ltr'><strong>et</strong></span> <span class='ocrx_word' id='word_1_852' title='bbox 2339 4939 2686 4995; x_wconf 81' lang='lat' dir='ltr'><strong>imbecillitas</strong></span> <span class='ocrx_word' id='word_1_853' title='bbox 2713 4953 2817 4993; x_wconf 87' lang='lat' dir='ltr'><strong>una</strong></span> <span class='ocrx_word' id='word_1_854' title='bbox 2841 4953 2966 4994; x_wconf 89' lang='lat' dir='ltr'><strong>cum</strong></span> <span class='ocrx_word' id='word_1_855' title='bbox 3001 4934 3161 5004; x_wconf 84' lang='lat' dir='ltr'><strong>hujus</strong></span> <span class='ocrx_word' id='word_1_856' title='bbox 3193 4935 3374 4988; x_wconf 86' lang='lat' dir='ltr'><strong>mundi</strong></span> <span class='ocrx_word' id='word_1_857' title='bbox 3409 4932 3652 5003; x_wconf 83' lang='lat' dir='ltr'><strong>principe</strong></span> 
     </span>
    </p>
   </div>
   <div class='ocr_carea' id='block_1_111' title="bbox 2075 5023 3653 5102">
    <p class='ocr_par' dir='ltr' id='par_1_111' title="bbox 2075 5023 3653 5102">
     <span class='ocr_line' id='line_1_111' title="bbox 2075 5023 3653 5102; baseline -0.007 -14"><span class='ocrx_word' id='word_1_858' title='bbox 2075 5034 2534 5102; x_wconf 87' lang='lat' dir='ltr'><strong>tenebrarumque</strong></span> <span class='ocrx_word' id='word_1_859' title='bbox 2567 5029 2924 5102; x_wconf 89' lang='lat' dir='ltr'><strong>principibus,</strong></span> <span class='ocrx_word' id='word_1_860' title='bbox 2976 5039 3031 5083; x_wconf 91' lang='lat' dir='ltr'><strong>et</strong></span> <span class='ocrx_word' id='word_1_861' title='bbox 3077 5026 3449 5095; x_wconf 79' lang='lat' dir='ltr'><strong>Spiritualibus</strong></span> <span class='ocrx_word' id='word_1_862' title='bbox 3478 5023 3653 5094; x_wconf 85' lang='lat' dir='ltr'><strong>pravi-</strong></span> 
     </span>
    </p>
   </div>
   <div class='ocr_carea' id='block_1_112' title="bbox 2075 5117 3650 5192">
    <p class='ocr_par' dir='ltr' id='par_1_112' title="bbox 2075 5117 3650 5192">
     <span class='ocr_line' id='line_1_112' title="bbox 2075 5117 3650 5192; baseline -0.011 -12"><span class='ocrx_word' id='word_1_863' title='bbox 2075 5128 2204 5181; x_wconf 83' lang='lat' dir='ltr'><strong>tatis</strong></span> <span class='ocrx_word' id='word_1_864' title='bbox 2234 5125 2490 5180; x_wconf 88' lang='lat' dir='ltr'><strong>ministris</strong></span> <span class='ocrx_word' id='word_1_865' title='bbox 2520 5133 2575 5179; x_wconf 86' lang='lat' dir='ltr'><strong>et</strong></span> <span class='ocrx_word' id='word_1_866' title='bbox 2602 5123 2750 5179; x_wconf 89' lang='lat' dir='ltr'><strong>omni</strong></span> <span class='ocrx_word' id='word_1_867' title='bbox 2783 5130 3047 5192; x_wconf 88' lang='lat' dir='ltr'><strong>potestate</strong></span> <span class='ocrx_word' id='word_1_868' title='bbox 3077 5119 3272 5174; x_wconf 82' lang='lat' dir='ltr'><strong>divinae</strong></span> <span class='ocrx_word' id='word_1_869' title='bbox 3308 5125 3512 5170; x_wconf 62' lang='lat' dir='ltr'><strong>natura:</strong></span> <span class='ocrx_word' id='word_1_870' title='bbox 3547 5117 3650 5167; x_wconf 87' lang='lat' dir='ltr'><strong>iui-</strong></span> 
     </span>
    </p>
   </div>
   <div class='ocr_carea' id='block_1_113' title="bbox 2075 5206 3648 5282">
    <p class='ocr_par' dir='ltr' id='par_1_113' title="bbox 2075 5206 3648 5282">
     <span class='ocr_line' id='line_1_113' title="bbox 2075 5206 3648 5282; baseline -0.008 -12"><span class='ocrx_word' id='word_1_871' title='bbox 2075 5217 2214 5270; x_wconf 89' lang='lat' dir='ltr'><strong>mica</strong></span> <span class='ocrx_word' id='word_1_872' title='bbox 2239 5214 2680 5270; x_wconf 66' lang='lat' dir='ltr'><strong>collocatmsunt:</strong></span> <span class='ocrx_word' id='word_1_873' title='bbox 2703 5227 3012 5282; x_wconf 82' lang='lat' dir='ltr'><strong>quanquam</strong></span> <span class='ocrx_word' id='word_1_874' title='bbox 3030 5227 3096 5265; x_wconf 88' lang='lat' dir='ltr'><strong>ne</strong></span> <span class='ocrx_word' id='word_1_875' title='bbox 3111 5209 3325 5278; x_wconf 89' lang='lat' dir='ltr'><strong>quidem</strong></span> <span class='ocrx_word' id='word_1_876' title='bbox 3352 5206 3648 5262; x_wconf 88' lang='lat' dir='ltr'><strong>secundum</strong></span> 
     </span>
    </p>
   </div>
   <div class='ocr_carea' id='block_1_114' title="bbox 2076 5299 3648 5375">
    <p class='ocr_par' dir='ltr' id='par_1_114' title="bbox 2076 5299 3648 5375">
     <span class='ocr_line' id='line_1_114' title="bbox 2076 5299 3648 5375; baseline -0.005 -17"><span class='ocrx_word' id='word_1_877' title='bbox 2076 5307 2243 5375; x_wconf 86' lang='lat' dir='ltr'><strong>ipsam</strong></span> <span class='ocrx_word' id='word_1_878' title='bbox 2293 5306 2650 5360; x_wconf 86' lang='lat' dir='ltr'><strong>substantiam</strong></span> <span class='ocrx_word' id='word_1_879' title='bbox 2703 5305 2882 5358; x_wconf 88' lang='lat' dir='ltr'><strong>sortiti</strong></span> <span class='ocrx_word' id='word_1_880' title='bbox 2929 5313 3058 5357; x_wconf 91' lang='lat' dir='ltr'><strong>sunt</strong></span> <span class='ocrx_word' id='word_1_881' title='bbox 3095 5299 3542 5355; x_wconf 82' lang='lat' dir='ltr'><strong>contrarietatem</strong></span> <span class='ocrx_word' id='word_1_882' title='bbox 3581 5299 3648 5350; x_wconf 86' lang='lat' dir='ltr'><strong>ad</strong></span> 
     </span>
    </p>
   </div>
   <div class='ocr_carea' id='block_1_115' title="bbox 2074 5391 3637 5468">
    <p class='ocr_par' dir='ltr' id='par_1_115' title="bbox 2074 5391 3637 5468">
     <span class='ocr_line' id='line_1_115' title="bbox 2074 5391 3637 5468; baseline -0.007 -16"><span class='ocrx_word' id='word_1_883' title='bbox 2074 5399 2269 5452; x_wconf 89' lang='lat' dir='ltr'><strong>bonum</strong></span> <span class='ocrx_word' id='word_1_884' title='bbox 2305 5396 2462 5449; x_wconf 89' lang='lat' dir='ltr'><strong>ullam</strong></span> <span class='ocrx_word' id='word_1_885' title='bbox 2509 5397 2624 5468; x_wconf 86' lang='lat' dir='ltr'><strong>(sic</strong></span> <span class='ocrx_word' id='word_1_886' title='bbox 2653 5397 2796 5451; x_wconf 85' lang='lat' dir='ltr'><strong>enim</strong></span> <span class='ocrx_word' id='word_1_887' title='bbox 2831 5393 3184 5464; x_wconf 85' lang='lat' dir='ltr'><strong>reprehensio</strong></span> <span class='ocrx_word' id='word_1_888' title='bbox 3215 5393 3281 5446; x_wconf 88' lang='lat' dir='ltr'><strong>ad</strong></span> <span class='ocrx_word' id='word_1_889' title='bbox 3321 5391 3637 5446; x_wconf 86' lang='lat' dir='ltr'><strong>Creatorem</strong></span> 
     </span>
    </p>
   </div>
   <div class='ocr_carea' id='block_1_116' title="bbox 2075 5482 3639 5557">
    <p class='ocr_par' dir='ltr' id='par_1_116' title="bbox 2075 5482 3639 5557">
     <span class='ocr_line' id='line_1_116' title="bbox 2075 5482 3639 5557; baseline -0.006 -15"><span class='ocrx_word' id='word_1_890' title='bbox 2075 5489 2306 5556; x_wconf 75' lang='lat' dir='ltr'><strong>l‘Cdll’Cl)</strong></span> <span class='ocrx_word' id='word_1_891' title='bbox 2331 5527 2343 5551; x_wconf 92' lang='lat'><strong>,</strong></span> <span class='ocrx_word' id='word_1_892' title='bbox 2385 5489 2477 5541; x_wconf 89' lang='lat' dir='ltr'><strong>sed</strong></span> <span class='ocrx_word' id='word_1_893' title='bbox 2520 5505 2616 5542; x_wconf 87' lang='lat' dir='ltr'><strong>sua</strong></span> <span class='ocrx_word' id='word_1_894' title='bbox 2654 5490 2890 5557; x_wconf 85' lang='lat' dir='ltr'><strong>ipsorum</strong></span> <span class='ocrx_word' id='word_1_895' title='bbox 2925 5486 3200 5538; x_wconf 88' lang='lat' dir='ltr'><strong>voluntate</strong></span> <span class='ocrx_word' id='word_1_896' title='bbox 3237 5499 3331 5552; x_wconf 89' lang='lat' dir='ltr'><strong>per</strong></span> <span class='ocrx_word' id='word_1_897' title='bbox 3363 5482 3490 5538; x_wconf 88' lang='lat' dir='ltr'><strong>boni</strong></span> <span class='ocrx_word' id='word_1_898' title='bbox 3538 5482 3639 5549; x_wconf 84' lang='lat' dir='ltr'><strong>pri-</strong></span> 
     </span>
    </p>
   </div>
   <div class='ocr_carea' id='block_1_117' title="bbox 2089 5580 3643 5652">
    <p class='ocr_par' dir='ltr' id='par_1_117' title="bbox 2089 5580 3643 5652">
     <span class='ocr_line' id='line_1_117' title="bbox 2089 5580 3643 5652; baseline -0.01 -7"><span class='ocrx_word' id='word_1_899' title='bbox 2089 5591 2364 5647; x_wconf 80' lang='lat' dir='ltr'><strong>vationem</strong></span> <span class='ocrx_word' id='word_1_900' title='bbox 2427 5589 2482 5645; x_wconf 91' lang='lat' dir='ltr'><strong>in</strong></span> <span class='ocrx_word' id='word_1_901' title='bbox 2539 5591 2734 5645; x_wconf 85' lang='lat' dir='ltr'><strong>vitium</strong></span> <span class='ocrx_word' id='word_1_902' title='bbox 2788 5587 3120 5641; x_wconf 86' lang='lat' dir='ltr'><strong>incidcrunt.</strong></span> <span class='ocrx_word' id='word_1_903' title='bbox 3173 5581 3359 5652; x_wconf 84' lang='lat' dir='ltr'><strong>Neque</strong></span> <span class='ocrx_word' id='word_1_904' title='bbox 3390 5581 3534 5635; x_wconf 85' lang='lat' dir='ltr'><strong>cuitu</strong></span> <span class='ocrx_word' id='word_1_905' title='bbox 3591 5580 3643 5632; x_wconf 86' lang='lat' dir='ltr'><strong>in</strong></span> 
     </span>
    </p>
   </div>
  </div>
