4094 6204
335 367 452 430 533

1323 362 1706 425 PANOPLIA
1744 363 2208 425 DOGMATICA.
2245 389 2311 400 -
2353 363 2502 426 TlT.
2547 366 2650 428 XI.

3504 375 3608 436 534

341 497 676 562 potestatem
713 485 982 576 designat,
1019 486 1071 541 id
1096 484 1336 556 profecto
1383 486 1740 550 substantiam
1766 485 1928 542 etiam

2038 491 2324 563 ὦδηγήθης
2365 494 2414 547 εί
2457 494 2511 548 δὲ
2552 495 2744 549 ταυτὸν
2789 496 2944 549 ουσία
2980 498 3039 550 τέ
3084 497 3199 551 ἐστι
3236 498 3330 553 καὶ
3357 499 3606 571 δύναμις,

339 584 677 653 designabit.
711 579 946 637 Proinde
983 579 1200 650 opilicia
1229 593 1336 634 non
1365 581 1432 634 ad
1465 579 1784 634 substantiae
1819 580 1931 634 dis-

339 675 790 741 similitudinem,
824 682 880 728 ut
933 680 990 726 tu
1019 671 1178 738 dicis,
1213 671 1307 726 sed
1352 670 1419 726 ad
1453 671 1748 741 perfectam
1782 671 1934 726 simi-

343 768 638 822 litudinem
681 767 910 822 ducunt.
953 765 1162 819 Rursus
1189 769 1338 819 certe
1363 776 1416 817 et
1457 763 1546 820 hic
1577 772 1808 820 conatus
1837 780 1933 819 no-

341 869 524 916 stram
562 857 736 927 magis
779 865 941 926 quam
997 855 1166 926 ipsius
1209 855 1536 910 sententiain
1561 854 1792 910 stabillt.
1825 855 1934 910 Aut

342 953 500 1009 enim
531 967 636 1006 non
667 951 835 1005 habet
854 948 996 1003 unde
1022 963 1083 1001 ea
1114 961 1234 1017 qum
1261 947 1396 1002 dixit
1423 947 1790 1004 demonstret:
1818 957 1930 1012 aut,

346 1046 394 1101 si
419 1061 451 1100 c
477 1045 638 1099 rebus
655 1041 908 1096 humanis
931 1038 1176 1108 exempla
1202 1047 1501 1105 mutuatur,
1548 1039 1791 1096 inveniet
1820 1053 1926 1096 non

345 1154 417 1193 ex
459 1135 690 1191 artificis
745 1133 1001 1204 operibus
1035 1131 1260 1203 intelligi
1322 1147 1354 1184 a
1393 1131 1552 1188 nobis
1579 1133 1702 1200 ejus
1748 1137 1931 1188 essen-

348 1232 507 1294 tiam,
535 1228 628 1283 sed
652 1242 718 1281 ex
741 1225 925 1296 genito
946 1224 1207 1296 genitoris
1238 1225 1487 1278 naturam
1515 1223 1793 1293 cognosci.
1822 1223 1932 1280 Nec

347 1324 500 1377 enim
537 1320 653 1376 ﬁeri
681 1326 880 1388 potest,
914 1315 1109 1386 utejus
1132 1317 1224 1385 qui
1254 1318 1471 1370 domum
1513 1317 1820 1370 construxit
1846 1329 1931 1371 es-

355 1414 537 1468 sentia
591 1410 1082 1480 comprehendatur
1118 1423 1182 1463 ex
1215 1408 1414 1464 domo:
1456 1418 1512 1461 at
1543 1407 1763 1462 diﬁicile
1823 1413 1930 1462 non

329 1515 439 1610 ‘est
466 1519 528 1558 cx
549 1504 795 1574 genitura
825 1500 1086 1571 genitoris
1111 1508 1362 1554 naturam
1387 1497 1716 1568 intelligere.
1750 1498 1933 1564 Quare

352 1597 398 1651 si
439 1595 757 1665 Unigenitus
790 1601 1040 1648 creatura
1075 1601 1192 1656 est,
1223 1589 1407 1645 Patris
1437 1592 1596 1646 nobls
1631 1593 1929 1648 essentiam

335 1668 464 1743 'non
491 1688 714 1742 exhibet
740 1703 754 1739 :
795 1687 843 1742 si
887 1699 1018 1740 vero
1045 1683 1262 1740 Patrem
1303 1683 1462 1741 nobis
1491 1693 1679 1739 notum
1714 1700 1812 1754 per
1839 1699 1929 1741 se-

347 1781 559 1849 ipsum-
599 1778 750 1845 facit,
804 1791 910 1832 non
961 1785 1213 1831 creatura
1250 1784 1356 1840 est,
1398 1775 1491 1830 sed
1527 1775 1699 1830 Filius
1745 1791 1928 1844 verus,

2029 583 2090 636 τὸ
2122 583 2219 656 τὴν
2261 585 2488 656 δύναμιν
2517 589 2916 659 χαρακτηρίζον
2959 591 3352 662 χαρακτηρίσει
3392 592 3611 656 πάντως

2032 676 2126 729 καὶ
2181 675 2281 746 τὴν
2326 677 2533 732 οὐσίαν.
2592 679 2751 731 Ὥστε
2809 680 2877 733 τὰ
2930 681 3411 753 δημιουργήματα,
3439 682 3513 746 ὠς
3547 684 3610 736 σὺ

2032 767 2157 838 φῂς,
2184 767 2245 820 οὑ
2268 768 2404 840 πρὸς
2439 768 2500 821 τὸ
2527 769 2777 840 ἀνόμοιον
2806 771 2904 841 τῆς
2935 772 3147 836 οὐσίας,
3181 773 3318 827 ἀλλὰ
3353 775 3489 845 πρὸς
3514 775 3612 845 τὴν

2031 857 2320 928 ἀκρίϐειαν
2342 859 2441 930 τῆς
2471 860 2791 932 ὁμοιότητος
2832 863 3007 934 φέρει.
3064 863 3232 917 Πάλιν
3291 864 3471 934 μέντοι
3517 864 3613 918 καὶ

2030 948 2188 1002 τοῦτο
2211 948 2273 1003 τὸ
2295 950 2601 1022 ἐγχείρημα
2618 951 2709 1005 τὸν
2731 953 2996 1025 ἡμέτερον
3039 953 3236 1024 μᾶλλον
3265 955 3298 1026 ἢ
3323 954 3412 1007 τὸν
3445 952 3610 1008 αὑτοῦ

2032 1040 2188 1109 λόγον
2215 1041 2550 1115 συνίστησιν.
2590 1043 2662 1097 Ἢ
2690 1043 2800 1115 γὰρ
2841 1045 3138 1116 οὐδαμόθεν
3172 1046 3284 1116 ἔχει
3333 1046 3612 1117 παρασχέ-

2034 1134 2158 1187 σθαι
2189 1135 2296 1188 τῶν
2327 1137 2631 1207 εἰρημένων
2658 1136 2758 1200 τὰς
2801 1137 3135 1202 ἀποδείξεις,
3165 1137 3198 1207 ἢ
3229 1136 3388 1206 εἴπερ
3419 1137 3611 1189 ἐκτῶν

2033 1225 2387 1297 ἀνθρωπίνων
2435 1227 2534 1292 τὰς
2574 1229 2786 1293 εἰκόνας
2832 1228 3119 1300 λαμϐάνοι,
3172 1229 3393 1299 εὑρήσει
3418 1228 3516 1279 οὐκ
3547 1227 3610 1279 ἐκ

2031 1319 2139 1372 τῶν
2164 1319 2345 1390 ἔργων
2385 1320 2479 1375 τοῦ
2511 1321 2756 1392 τεχνίτου
2787 1322 2846 1374 ὲν
2881 1321 3128 1392 περινοίᾳ
3158 1319 3258 1390 τῆς
3292 1320 3478 1381 οὐσίας
3511 1319 3610 1371 αὑ-

2030 1413 2124 1465 τοῦ
2176 1412 2494 1484 γινομένους
2530 1415 2697 1484 ἡμᾶς,
2745 1412 2858 1465 ἀλλ’
2902 1414 2966 1465 ἐκ
3002 1411 3095 1465 τοῦ
3135 1409 3484 1480 γεννηθέντος
3513 1407 3611 1478 τὴν

2030 1503 2124 1556 τοῦ
2157 1505 2548 1574 γεγεννηκότος
2592 1505 2754 1574 φύσιν
2790 1503 3269 1573 ὲπιγινώσκοντας.
3301 1499 3519 1570 Ούγὰρ
3547 1499 3611 1552 ὲκ

2031 1597 2134 1665 τῆς
2183 1596 2360 1660 οἰκίας
2411 1597 2509 1668 τὴν
2553 1598 2741 1651 οὐσίαν
2791 1595 2886 1650 τοῦ
2947 1595 3228 1666 οἰκοδόμου
3287 1593 3610 1646 καταλαϐεῖν

2037 1689 2257 1742 δυνατόν
2279 1705 2292 1719 ⁸
2323 1690 2388 1743 ἐκ
2443 1691 2624 1761 μέντοι
2671 1689 2766 1743 τοῦ
2814 1690 3151 1760 γεννήματος
3184 1687 3370 1758 νοῆσαι
3431 1685 3610 1756 ῥᾴδιον

2036 1779 2128 1833 τοῦ
2177 1784 2563 1852 γεγεννηκότος
2597 1782 2694 1853 τὴν
2726 1783 2908 1852 φύσιν.
2955 1783 3114 1834 ’Ὥστε
3141 1782 3189 1833 εί
3219 1780 3316 1849 μὲν
3349 1775 3610 1848 δημιούρ-

350 1870 562 1939 Deique
588 1870 790 1938 imago,
814 1878 870 1923 et
897 1868 1215 1923 substantia:
1255 1868 1564 1922 character.
1600 1865 1785 1936 Atque
1813 1868 1928 1923 haec

2038 1889 2187 1942 γημα
2219 1877 2250 1928 6
2287 1874 2614 1945 Μονογενὴς,
2650 1875 2711 1928 οὐ
2747 1874 3076 1945 παρίστησιν
3109 1873 3240 1942 ἡμῖν
3275 1869 3368 1924 τοῦ
3401 1869 3611 1939 [ἰατρὸς

348 1963 570 2032 quidem
595 1971 719 2017 sunt
740 1959 1069 2031 hujusmodi.

344 2055 507 2125 τέρα,
567 2053 689 2123 οὐχὶ
736 2049 1144 2122 δημιούργημα,
1185 2048 1320 2102 ἀλλὰ
1371 2047 1498 2110 Υἱὸς
1551 2046 1780 2118 ἀληθὴς,
1833 2047 1927 2101 καὶ
1987 2051 2150 2106 εἰκὼν
2193 2055 2285 2108 τοῦ
2353 2054 2513 2121 Θεοῦ,
2573 2056 2667 2108 καὶ

346 2147 464 2199 Καὶ
487 2145 661 2199 ταῦτα
697 2143 796 2212 μὲν
821 2141 1064 2195 τοιαῦτα.

647 2227 902 2296 Eiusdem
935 2245 1000 2282 ex
1029 2231 1208 2283 eodem
1245 2237 1436 2300 quarto
1469 2227 1624 2282 libro.

412 2318 471 2373 Si
498 2319 838 2387 unigenitum
862 2320 1145 2374 constituis
1176 2335 1281 2374 non
1314 2333 1382 2374 ex
1435 2333 1502 2376 eo
1528 2315 1675 2388 quod
1729 2316 1943 2385 genitus

336 2425 444 2475 est,
475 2411 572 2468 sed
603 2427 668 2466 ex
697 2427 763 2467 eo
793 2411 936 2481 quod
959 2411 1088 2466 nihil
1114 2412 1162 2465 ei
1191 2418 1564 2480 comparatur,
1628 2418 1685 2465 et
1746 2404 1933 2472 Pater,

336 2505 431 2560 cui
463 2504 596 2560 nihil
624 2505 926 2574 comparari
969 2511 1166 2573 potest,
1197 2503 1300 2557 erit
1335 2500 1667 2571 unigenitus.

916 2597 1002 2648 Ex
1032 2594 1212 2648 eodem
1262 2593 1420 2646 libro.

412 2689 473 2746 Si
506 2689 675 2746 Filius
704 2702 812 2744 non
845 2686 1166 2756 simpliciter
1197 2694 1281 2742 est
1311 2684 1658 2755 Unigeoitus,
1692 2685 1785 2740 sed
1845 2682 1929 2738 Fi-

339 2783 450 2838 lius
471 2783 808 2853 unigenitus,
839 2791 894 2834 et
925 2795 954 2833 a
983 2779 1145 2833 Patre
1167 2778 1507 2849 unigenitus.
1539 2788 1623 2832 est
1691 2777 1931 2846 unigeni-

344 2889 438 2930 tns
466 2873 660 2939 Filius,
701 2887 816 2930 non
853 2881 1032 2927 autem
1068 2886 1156 2926 res
1209 2880 1393 2927 creata
1447 2869 1750 2942 unigenita.

878 2962 964 3020 Ea:
993 2965 1175 3020 eodem
1218 2964 1290 3017 lib
1297 2981 1377 3017 ro.

421 3059 478 3115 Si
513 3059 896 3115 communione
927 3071 1305 3126 concessuque
1343 3056 1544 3122 Patris,
1595 3071 1702 3112 uo
1747 3066 1932 3113 autem

346 3161 544 3206 natura
587 3149 760 3205 Filius
785 3161 868 3206 est
899 3158 1232 3220 procreator,
1259 3148 1393 3202 nihil
1428 3157 1514 3203 est
1560 3149 1630 3203 ab
1678 3149 1797 3218 ipso
1832 3164 1936 3204 na-

345 3255 471 3299 tura
503 3251 869 3310 procreatum.
901 3241 1142 3309 Quorum
1193 3242 1342 3296 enim
1395 3247 1586 3296 natura
1621 3250 1939 3309 procreator

346 3337 440 3389 iile
467 3349 572 3389 nou
605 3343 712 3398 est,
744 3333 1016 3402 quomodo
1041 3347 1104 3386 ea
1135 3331 1245 3386 sint
1282 3339 1476 3384 natura
1507 3329 1833 3400 procreata?

888 3509 969 3565 Ea:
1012 3513 1189 3566 eodem
1219 3511 1377 3566 libro.

433 3605 488 3658 Si
531 3605 675 3659 Deus
713 3603 826 3670 agit
850 3604 1064 3660 ratione
1089 3603 1376 3673 singulari,
1433 3604 1644 3658 ratione
1702 3603 1828 3656 item
1864 3603 1943 3671 gi-

348 3699 466 3770 gnit
493 3698 776 3768 singulari;
806 3696 948 3753 Deus
975 3697 1120 3753 enim
1157 3696 1301 3751 nulla
1334 3699 1384 3751 in
1417 3709 1475 3753 re
1503 3711 1626 3751 cum
1658 3695 1766 3748 ullo
1793 3710 1942 3749 com-

344 3791 534 3862 patari
583 3801 753 3859 putati!
765 3828 783 3847 .

891 3881 975 3936 Ea.
1005 3882 1184 3935 eodem
1215 3880 1369 3934 libro.

423 3976 578 4044 Quod
627 3978 708 4039 lit,
749 3990 854 4030 non
887 3989 956 4028 ex
998 3985 1194 4028 natura
1226 3970 1473 4027 facientis
1511 3979 1614 4025 est.
1667 3968 1821 4035 Quod
1850 3986 1940 4023 au-

353 4080 466 4123 tent
496 4067 754 4140 gignitur,
795 4077 881 4124 est
911 4081 977 4122 ex
1008 4065 1284 4136 gignentis
1308 4063 1563 4118 essentia.
1624 4060 1739 4117 Non
1781 4062 1944 4134 igitur

351 4162 499 4217 hiem
539 4169 624 4216 est
655 4158 856 4223 facere,
907 4167 964 4213 et
989 4160 1232 4228 gignere.

879 4249 963 4304 Ea:
1015 4253 1191 4305 eodem
1216 4249 1373 4302 libro.

429 4345 586 4411 Quod
620 4344 672 4398 in
707 4347 879 4399 lorma
915 4342 1008 4396 Dei
1039 4351 1145 4409 est,
1163 4351 1248 4395 est
1281 4341 1334 4395 in
1361 4343 1601 4398 essentia
1649 4341 1765 4398 Dei.
1823 4337 1942 4398 Non

358 4438 504 4491 enim
535 4436 680 4490 aliud
707 4444 791 4490 est
821 4435 912 4488 Dei
955 4432 1153 4496 forma,
1181 4434 1326 4488 aliud
1357 4433 1475 4502 ejus
1503 4435 1763 4491 essentia.
1792 4427 1941 4490 Alio—

362 4531 496 4597 quin
552 4537 699 4583 esset
744 4526 1101 4596 compositus.
1166 4525 1532 4591 Quamobrem
1595 4527 1686 4598 qui
1766 4525 1942 4582 forma

360 4621 588 4691 aequalis
623 4629 732 4687 est,
775 4629 830 4675 et
867 4619 1104 4676 essentia
1130 4629 1216 4674 est
1243 4620 1486 4688 aequalis.

889 4713 975 4768 Ea:
1027 4714 1206 4767 eadem
1269 4714 1426 4767 libro.

2031 1963 2132 2032 τὴν
2156 1965 2342 2020 οὐσίαν
2362 1983 2374 1995 ·
2407 1967 2456 2036 εί
2489 1966 2546 2019 δὲ
2575 1965 2830 2036 γνωρίζει
2873 1967 3005 2036 ἡμῖν
3051 1964 3116 2018 δι’
3151 1963 3342 2019 ἑαυτοῦ
3379 1963 3469 2016 τὸν
3503 1963 3614 2015 Πα-

2909 2055 3258 2119 ύποστάσεως
3303 2053 3606 2124 χαρακτήρ.

2391 2223 2502 2279 Τοῦ
2531 2223 2720 2278 αὐτοῦ
2746 2223 2816 2279 ἐκ
2843 2223 2950 2278 τοῦ
2976 2223 3018 2277 δ
3049 2224 3257 2294 λόγου.

2111 2317 2169 2369 Ei
2229 2317 2304 2388 μὴ
2366 2318 2673 2388 γεννήσεως
2727 2315 2788 2370 τὸ
2844 2316 3171 2388 μονογενὲς,
3228 2316 3364 2372 ἀλλὰ
3414 2319 3504 2372 διὰ
3558 2319 3620 2373 τὸ

2049 2407 2410 2477 ἀσύγκριτον.
2469 2407 2788 2479 μονογενὴς’
2822 2409 2914 2462 καὶ
2970 2409 2999 2461 6
3057 2409 3263 2480 Πατήρ.
3331 2409 3622 2481 Ἀσύγκρι-

2043 2516 2134 2564 τος
2171 2501 2304 2569 γάρ.

2499 2593 2596 2646 Ἐκ
2617 2590 2724 2647 τοῦ
2747 2591 2937 2647 αὑτοῦ
2953 2595 3162 2664 λόγου.

2110 2684 2173 2740 Εἰ
2207 2687 2234 2739 6
2266 2685 2392 2748 Υἱὸς
2424 2685 2521 2757 οὐχ
2558 2686 2742 2750 ἁπλῶς
2780 2687 3092 2757 Μονογενής
3125 2688 3276 2740 ἐστιν
3299 2727 3313 2752 ,
3350 2684 3464 2740 ἀλλ’
3496 2686 3622 2749 Υίὸς

2039 2777 2359 2850 μονογενὴς,
2393 2778 2486 2831 καὶ
2510 2778 2660 2848 παρὰ
2693 2778 2906 2849 [ἰατρὸς
2943 2778 3263 2848 μονογενὴς,
3298 2777 3423 2840 Υίὸς
3459 2795 3622 2848 μονοο

2037 2872 2200 2942 γενής
2232 2872 2368 2935 ἐστι,
2401 2871 2494 2924 καὶ
2525 2871 2586 2924 οὺ
2619 2869 2825 2941 κτίσμα
2845 2873 3155 2940 μονογενὲς.

2473 2967 2573 3019 Ἐκ
2613 2965 2720 3020 τοῦ
2753 2963 2941 3020 αὑτοῦ
2979 2967 3190 3035 λόγου.

2108 3057 2170 3110 Ei
2191 3055 2332 3111 κατὰ
2355 3057 2644 3128 μετάδοσιν
2665 3057 2759 3110 καὶ
2784 3058 3256 3128 συγχώρησιν.τοῡ
3276 3059 3510 3130 ηατρὸς,
3533 3059 3620 3112 καὶ

2037 3148 2101 3203 οὐ
2131 3148 2272 3201 κατὰ
2310 3148 2472 3217 φύσιν
2505 3147 2837 3219 δημιουργὸς
2863 3150 2892 3203 6
2927 3149 3054 3211 Υἱὸς
3079 3190 3094 3216 ,
3128 3147 3279 3204 οὐδὲν
3311 3149 3381 3204 ἂν
3412 3151 3498 3219 εἴη
3531 3151 3622 3202 ὑπ’

2037 3240 2206 3296 αὑτοῦ
2263 3240 2671 3312 δημιουργηθὲν
2727 3240 2868 3295 κατὰ
2925 3241 3088 3310 φύσιν
3128 3259 3140 3272 ·
3172 3235 3250 3298 ὧν
3285 3241 3395 3314 γὰρ
3453 3242 3480 3294 6
3531 3242 3623 3311 δη-

2046 3334 2306 3402 μιουργὸς
2351 3333 2410 3386 οὐ
2462 3334 2603 3387 κατὰ
2647 3333 2832 3404 φύσιν,
2877 3333 2995 3398 πῶς
3038 3334 3107 3389 τὰ
3155 3333 3625 3410 δημιουργηθέντα

1971 3420 2014 3480 C
2048 3426 2191 3480 κατὰ
2221 3424 2386 3494 φύσιν
2410 3442 2423 3491 ;

2475 3516 2569 3571 Ἐκ
2611 3519 2716 3572 τοῦ
2756 3517 2946 3572 αὐτοῦ
2982 3519 3193 3588 λόγου.

2118 3609 2180 3662 Ei
2218 3609 2434 3680 ἐνεργεί
2464 3611 2492 3662 6
2521 3610 2677 3675 Θεὸς,
2710 3611 2784 3672 ὡς
2814 3609 2990 3674 οὐδεὶς
3025 3610 3233 3680 ἕτερος,
3267 3608 3362 3663 καὶ
3399 3611 3624 3677 γεννῶν,

2044 3701 2117 3762 ὡς
2147 3700 2243 3770 οὐχ
2266 3701 2451 3770 ἔτερος
2481 3707 2752 3772 γεννήσει.
2775 3701 3129 3774 ’Δσύγκριτος
3152 3702 3259 3774 γὰρ
3283 3702 3419 3774 πρὸς
3448 3703 3625 3757 πάντα

2047 3790 2191 3843 κατὰ
2221 3792 2397 3858 πάντα
2427 3795 2453 3844 6
2488 3793 2638 3855 Θεός.

2480 3885 2578 3938 Ἐκ
2620 3885 2725 3939 τοῦ
2762 3885 2949 3940 αὑτοῦ
2989 3886 3202 3956 λόγου.

2117 3963 2189 4026 T6
2226 3974 2550 4043 ποιούμενον
2585 3976 2683 4029 οὐκ
2722 3979 2785 4028 ὲκ
2821 3974 2920 4044 τῆς
2953 3976 3143 4041 οὐσίας
3175 3976 3269 4030 τοῦ
3307 3977 3585 4032 ποιοῦντος
3611 4018 3626 4042 ,

2045 4065 2106 4116 τὸ
2129 4064 2185 4116 δὲ
2213 4063 2552 4133 γεννώμενον
2573 4066 2637 4118 ὲκ
2662 4065 2760 4134 τῆς
2779 4065 2948 4134 αὐτῆς
2974 4063 3158 4130 οὐσίας
3190 4065 3284 4120 τοῦ
3308 4067 3624 4138 γεννῶντος.

2045 4158 2120 4209 Οὐ
2148 4155 2341 4210 ταυτὸν
2369 4156 2480 4226 ἄρα
2507 4159 2568 4210 τὸ
2598 4158 2773 4210 ποιεῖν
2802 4159 2895 4210 καὶ
2924 4157 2985 4210 1:6
3015 4159 3234 4230 γεννᾷν.

2482 4249 2584 4304 Ἐκ
2623 4249 2729 4303 τοῦ
2767 4249 2954 4306 αὑτοῦ
2992 4251 3200 4321 λόγου.

2116 4347 2189 4399 T6
2230 4348 2286 4398 ὲν
2332 4345 2513 4415 μορφῇ
2556 4342 2689 4396 Θεοῦ
2733 4345 2788 4399 ὲν
2831 4345 2991 4418 οὐσίᾳ
3027 4345 3163 4399 Θεοῦ
3201 4347 3366 4400 ἐστιν.
3410 4347 3486 4400 Οὐ
3523 4347 3628 4415 γᾶρ

2045 4438 2172 4492 ἄλλο
2205 4438 2408 4508 μορφὴ.
2458 4435 2550 4488 καὶ
2581 4433 2708 4490 ἄλλο
2742 4435 2902 4492 οὐσία
2931 4437 3089 4503 Θεοῦ,
3111 4437 3198 4491 ἵνα
3244 4438 3318 4509 μὴ
3354 4437 3624 4494 σύνθετο..

2060 4531 2118 4584 Ὀ
2162 4527 2302 4584 κατᾶ
2352 4530 2566 4602 μορφὴν
2615 4525 2706 4584 οὖν
2769 4529 2879 4594 ἴσος
2930 4529 3024 4583 καὶ
3076 4529 3198 4583 κατ’
3246 4530 3435 4585 οὐσίαν
3484 4531 3630 4584 ἐστὶν

2051 4623 2186 4686 ἴσος.

2481 4715 2582 4770 Ἐκ
2620 4715 2725 4769 τοῦ
2767 4714 2954 4768 αὐτοῦ
2991 4715 3201 4784 λόγου.

355 4789 360 4794 ’
439 4808 496 4862 Si
549 4807 710 4863 Pater
742 4817 868 4862 ante
898 4807 1093 4862 Filium
1127 4816 1267 4874 erat,
1296 4805 1522 4860 alterius
1554 4805 1776 4861 omnino
1826 4815 1936 4859 erat

2122 4801 2183 4862 Εί
2213 4812 2240 4862 6
2272 4810 2458 4881 Πατὴρ
2488 4810 2593 4882 προ
2617 4808 2711 4862 τοῦ
2746 4807 2874 4861 Υίοῦ
2906 4802 2995 4879 ἦν,
3026 4773 3216 4878 ἐτέρου
3242 4806 3385 4869 τινδς
3413 4805 3627 4870 πάντως

368 4901 489 4957 Filii
514 4901 697 4958 Pater.
725 4901 862 4958 Nam
878 4901 998 4955 sine
1027 4900 1166 4958 Filio
1191 4902 1348 4954 Pater
1379 4913 1486 4952 non
1516 4897 1783 4970 potuisset
1817 4896 1946 4952 dici.

913 4992 1001 5046 Ea:
1032 4991 1211 5046 eodem
1242 4991 1399 5045 libro.

439 5088 494 5140 Si
525 5089 570 5142 is
592 5088 684 5156 qui
715 5085 911 5142 Filium
936 5101 1032 5157 per
1054 5085 1348 5141 essentiam
1384 5082 1558 5145 novit,
1598 5079 1815 5136 Patrem
1843 5094 1944 5134 no-

367 5189 442 5236 vit
483 5200 500 5240 :
534 5182 595 5238 Si
630 5199 711 5236 me
735 5184 901 5248 enim,
928 5180 1123 5250 inquit,
1181 5179 1573 5250 coquoviuetis,
1627 5184 1674 5228 et
1731 5174 1950 5229 Patrem

367 5289 537 5329 meum
569 5276 746 5346 utique
791 5274 1162 5344 cognovissetis
1199 5274 1239 5339 ¹,
1300 5270 1540 5342 ejusdem
1586 5283 1808 5338 prorsus
1862 5283 1954 5324 es-

369 5369 558 5424 sentia
581 5385 701 5423 cum
732 5368 889 5423 Patre
913 5367 1083 5422 Filius
1130 5375 1232 5420 est.
1269 5365 1402 5418 Nam
1439 5380 1502 5419 ex
1559 5361 1803 5417 dissimili
1867 5376 1952 5415 cs-

367 5459 540 5516 sentia
563 5476 670 5515 non
726 5468 908 5530 posset
961 5459 1204 5530 agnosci.
1924 5462 1934 5472 '

897 5552 980 5606 Ea:
1011 5552 1190 5607 eodem
1220 5549 1379 5604 libro.

441 5643 501 5698 Si
527 5643 596 5711 is,
628 5645 720 5717 qui
744 5645 918 5703 credit
962 5643 1246 5702 Christum
1277 5657 1398 5699 esse
1425 5641 1620 5698 Filium
1647 5641 1760 5706 Dei,
1785 5640 1946 5696 Yil‘dll

448 5807 465 5836 ¹
512 5803 666 5860 «Ιυιιιι.
695 5820 805 5874 XIV,
827 5808 877 5861 7.

2050 4904 2238 4974 Πατὴρ
2277 4900 2346 4976 ἧν
2375 4920 2388 4934 ο
2425 4901 2593 4973 χωρὶς
2628 4903 2737 4973 γὰρ
2768 4899 2898 4954 Υἱοῦ
2936 4899 3122 4969 Πατὴρ
3152 4899 3252 4952 οὐκ
3286 4899 3353 4952 ἂν
3388 4896 3626 4969 λεχθείη.

2487 5000 2589 5051 Ἐκ
2631 4994 2734 5048 τοῦ
2771 4993 2960 5048 αὐτοῦ
2989 4994 3198 5062 λόγου.

2120 5089 2184 5143 Εἰ
2229 5088 2258 5142 6
2302 5089 2392 5142 τὸν
2430 5088 2560 5141 Υιδν
2589 5087 2750 5156 γνοὺς
2800 5087 2920 5140 κατ’
2957 5085 3166 5151 οὐσίαν,
3219 5084 3358 5152 ἔγνω
3401 5102 3494 5140 και
3540 5099 3632 5138 τον

2049 5182 2291 5250 Πατέρα·
2319 5182 2389 5233 Ei
2409 5178 2513 5248 ἐμὲ
2535 5179 2666 5250 γὰρ,
2697 5179 2885 5248 φησιν,
2905 5175 3124 5247 ᾔδειτε,
3149 5178 3246 5230 καὶ
3268 5178 3374 5231 τὸν
3400 5177 3633 5245 Πατέρα

2049 5291 2168 5344 μου
2230 5271 2426 5342 ᾔδειτε
2486 5270 2609 5324 ἄν·
2663 5271 2951 5340 ὁμοούσιος
3035 5269 3253 5332 πάντως
3316 5268 3393 5337 τῷ
3457 5267 3631 5337 lla-cpi.

2051 5369 2080 5418 6
2132 5365 2278 5428 Υἱός.
2315 5363 2481 5416 Οὐδὲν
2513 5363 2620 5435 γὰρ
2651 5364 2710 5429 ἐξ
2754 5364 3013 5435 ἀνομοίου
3045 5363 3234 5426 οὐσίας
3271 5361 3629 5434 γνυιρίςεσθπι

2053 5456 2299 5513 δύναται.

2511 5551 2613 5603 Ἐκ
2641 5548 2742 5603 τοῦ
2765 5550 2952 5604 αὑτοῦ
2979 5550 3184 5617 λόγου.

2125 5644 2187 5696 Εἰ
2215 5641 2273 5698 τὸ
2302 5640 2576 5696 πιστεύειν
2601 5642 2690 5696 τὸν
2713 5641 2946 5712 Χριστὸν
2975 5641 3100 5695 Υξδν
3132 5638 3268 5696 εἶναι
3295 5641 3452 5707 Θεοῦ,
3485 5644 3630 5713 ζωὴν

3635 5001 3642 5041 ἓ
