4094 6204
497 320 607 383 535

1745 320 2132 381 EUTHYMII
2175 324 2535 387 ZIGABENI

3677 332 3782 392 536

494 444 756 489 aeternam
777 431 962 500 habet,
992 446 1216 489 necesse
1245 440 1327 487 est
1360 439 1415 486 ut
1438 430 1669 502 qui'non
1695 433 1895 501 credit,
1937 449 2076 489 mor-

2191 436 2413 494 αἰώνιον
2476 438 2615 509 ἔχει,
2676 438 2736 492 τὸ
2802 438 3058 493 ἀπιστεῖν
3121 437 3182 503 ἐξ
3249 437 3501 510 ἀνάγκης
3526 436 3777 495 θάνατον.

498 538 605 583 tem
628 527 828 583 ltabeat
866 538 1152 583 mternatu.

1090 620 1176 674 Ex
1205 622 1383 675 eodem
1426 621 1583 675 libro.

571 713 813 779 Quorum
844 712 1090 767 actiones
1116 714 1317 768 eaedem
1355 723 1506 780 sunt,
1532 731 1720 770 eorum
1745 730 1851 769 una
1886 729 2079 769 essen-

500 806 599 857 tia.
649 804 809 858 Actio
835 812 1015 856 autem
1052 802 1231 858 Patris
1259 814 1313 859 et
1336 803 1461 860 Filii
1495 821 1596 861 una
1627 817 1731 872 est,
1766 816 1824 861 ut
1858 820 1925 861 ex
1976 805 2086 861 illis

2629 626 2731 681 Ἐκ
2769 625 2876 679 τοῦ
2915 622 3105 679 αὑτοῦ
3142 623 3353 693 λόγου.

2260 711 2363 768 Ὧν
2395 716 2454 769 αί
2480 714 2644 769 αὐταὶ
2674 713 2955 785 ἐνέργειαι
2976 754 2991 779 ,
3028 711 3236 767 τούτων
3266 712 3362 765 καὶ
3398 712 3431 782 ἠ
3470 710 3630 766 οὐσία
3660 710 3780 781 μία.

2195 807 2478 879 Ἐνέργεια
2509 808 2568 861 δὲ
2595 808 2809 880 Πατρὸς
2841 806 2938 863 καὶ
2972 805 3103 859 Υίοῦ
3134 805 3253 876 μία,
3287 804 3364 867 ὡς
3396 803 3479 869 τὸ,
3512 803 3785 869 Ποιήσω-

493 894 676 949 verbis
698 893 1067 963 intelligitur:
1123 894 1409 952 Faciamus
1455 898 1716 953 hominem
1781 900 1844 962 ις
1908 906 1964 952 et
2016 911 2076 951 ex

2185 916 2294 970 μεν
2336 900 2673 969 ἄνθρωπον,
2716 900 2813 954 καὶ
2862 898 3064 954 πάλινο
3123 900 3185 952 ’Δ
3231 895 3343 967 γὰρ
3388 896 3467 951 ἂν
3504 900 3537 950 ὀ
3576 897 3784 966 Πατὴρ

494 986 632 1042 illis:
660 986 791 1052 Qua:
806 986 969 1042 Pater
986 989 1141 1058 facit,
1158 991 1341 1043 cadent
1363 1000 1411 1045 et
1433 988 1604 1044 Filius
1625 990 1870 1045 similiter
1887 989 2017 1059 facit
2037 990 2081 1044 '.

497 1079 611 1134 Una
636 1080 802 1151 igitur
835 1092 919 1137 est
951 1084 1189 1139 essentia
1225 1083 1406 1141 Patris
1437 1094 1488 1137 et
1511 1084 1656 1139 Filii.

1036 1224 1119 1280 E1:
1148 1227 1335 1281 cadent
1368 1228 1526 1282 libro.

564 1355 620 1410 Si
654 1355 834 1410 Patris
886 1356 1119 1427 Filiique
1159 1359 1399 1430 cognitio
1422 1362 1529 1415 vita
1582 1372 1784 1418 aeterna
1822 1376 1928 1431 est,
1987 1384 2084 1423 ne~

493 1465 649 1505 resse
679 1462 761 1504 est
790 1461 845 1503 ttt
881 1451 993 1507 sint
1018 1451 1261 1522 ejusdem
1318 1454 1589 1510 essentia.
1642 1455 1773 1523 Qua:
1807 1458 1951 1513 enim
1993 1474 2085 1514 es-

491 1542 667 1597 sentia
687 1543 899 1598 diversa
930 1554 1079 1610 sunt,
1119 1561 1223 1600 nec-
1243 1546 1434 1600 eadem
1473 1546 1782 1617 cognitione
1831 1563 2076 1618 compre-

498 1634 840 1704 henduntur,
877 1650 979 1692 nec
1007 1638 1174 1691 vitam
1207 1649 1433 1708 possunt
1482 1640 1723 1712 elargiri.

966 1729 1052 1783 Ea:
1121 1732 1304 1786 eodem
1355 1732 1511 1787 libro.

562 1818 619 1874 Si
649 1819 761 1885 isti,
790 1819 879 1889 qui
903 1819 1100 1877 Filium
1150 1835 1394 1879 creatum
1445 1827 1651 1890 dicunt,
1706 1829 1944 1899 aliquam
2016 1844 2081 1884 ex

487 1915 673 1982 rebus,
697 1930 817 1984 qua:
848 1925 1043 1970 creatae
1067 1927 1210 1983 sunt.
1241 1932 1363 1974 esse
1386 1929 1605 1988 negant,
1639 1936 1733 1976 cur
1784 1922 1940 1978 nobis
1961 1936 2083 1978 eum

486 2008 727 2077 genitum
763 2022 885 2066 esse
915 2009 1241 2077 dicentibus,
1276 2011 1510 2069 similem
1532 2014 1785 2081 aliorum,
1839 2015 1932 2086 qui
1991 2029 2083 2085 ge-

489 2104 590 2158 niti
628 2115 781 2171 sinit,
840 2120 960 2160 esse
1018 2106 1305 2176 cegitant?

1021 2197 1105 2253 Ex
1128 2199 1307 2253 eodem
1348 2200 1506 2255 libro.

558 2290 615 2344 Si
649 2291 790 2346 Deus
826 2308 930 2346 non
971 2305 1217 2361 generat,
1264 2310 1333 2349 ne
1370 2298 1571 2348 ﬂuxum
1634 2296 1923 2360 suStiueat,
1988 2313 2081 2352 ne-

482 2398 591 2455 que
611 2396 781 2451 creat,
812 2400 878 2441 ne
911 2388 1101 2440 subeat
1128 2386 1390 2443 laborem.
1420 2390 1487 2442 At
1516 2391 1560 2443 si
1626 2388 1767 2443 nulla
1796 2391 2080 2461 perturba-

489 2479 638 2533 tione
664 2488 834 2544 creat,
877 2478 1047 2533 multo
1086 2480 1256 2550 magis
1293 2479 1465 2549 gignit
1490 2481 1606 2535 sine
1639 2483 2076 2548 perturbatione.

1062 2571 1144 2625 Ex
1187 2573 1366 2626 eodem
1390 2574 1546 2628 libro.

560 2662 619 2718 Si
646 2665 825 2720 omnis
852 2665 989 2721 lucis
1039 2666 1302 2733 splendor
1349 2666 1417 2721 ab
1463 2668 1577 2737 ipsa
1633 2667 1875 2738 gignitur
1936 2668 2077 2733 luce,

481 2754 630 2811 nullo
661 2766 839 2811 tamen
895 2768 1046 2813 certo
1095 2758 1297 2828 spatio,
1356 2760 1451 2814 sed
1506 2760 1625 2815 sine
1692 2768 1959 2830 tempore,
2024 2772 2081 2817 et

482 2857 744 2919 perpetuo
788 2850 951 2905 simul
974 2867 1094 2906 cum
1130 2852 1239 2923 ipsa
1269 2861 1352 2908 est
1384 2871 1399 2907 :
1436 2869 1544 2908 non
1574 2853 1719 2909 enim
1751 2855 1870 2910 sine
1898 2856 2081 2923 splen-

483 2943 615 2995 ilore
643 2940 734 2997 lux
759 2952 844 2997 est
877 2958 891 2995 :
933 2953 986 2998 et
1014 2943 1200 3009 Filius,
1231 2944 1321 3013 qui
1346 2945 1603 3013 splendor
1630 2957 1734 3009 est,
1761 2947 1906 3001 nullo
1932 2960 2080 3002 certo

436 3033 717 3105 gignitur
743 3034 940 3103 spatio,
997 3035 1095 3090 sed
1127 3036 1197 3090 ab
1266 3036 1413 3091 omni
1466 3036 1774 3092 aeternitate
1824 3038 2081 3106 splendor

2183 992 2353 1061 ποιῇ,
2377 992 2565 1047 ταῦτα
2586 991 2686 1046 καί
2706 992 2740 1045 ὁ
2764 990 2897 1056 Υἱὸς
2927 989 3147 1059 ὁμοίως
3167 986 3347 1043 ποιεῖν
3376 988 3486 1058 ἄρα
3508 986 3602 1039 καὶ
3624 987 3782 1042 οὐσία

2187 1088 2286 1156 μία
2318 1086 2534 1156 Πατρδς
2564 1087 2661 1141 καὶ
2690 1084 2845 1139 Υίοῦ.

2623 1224 2722 1279 Ἐκ
2761 1221 2872 1276 τοῦ
2909 1220 3099 1275 αὑτοῦ
3133 1219 3347 1291 λόγου.

2257 1366 2320 1420 Ei
2343 1365 2375 1436 ἠ
2401 1364 2604 1433 γνῶσις
2632 1362 2847 1432 Πατρδς
2872 1361 2968 1415 καὶ
2991 1359 3123 1413 Υἱοῦ
3149 1357 3263 1429 ζωὴ
3293 1356 3539 1420 αἰώνιος,
3563 1355 3784 1425 ἀνάγκη

2186 1458 2282 1513 καὶ
2313 1457 2460 1527 huic
2505 1454 2694 1518 οὐσίας
2733 1450 2898 1509 εἶναι.
2933 1453 3017 1508 Τὰ
3056 1451 3168 1523 γὰρ
3206 1451 3526 1520 ἑτεροούσια
3574 1449 3636 1501 οὐ
3684 1448 3785 1519 μιᾷ

2186 1550 2394 1619 γνώσει
2450 1548 2973 1620 καταλαμϐάνεται,
3037 1543 3165 1600 οὔτε
3226 1543 3430 1615 ὁμοίως
3494 1543 3786 1608 ζωοποιεῖν

2187 1645 2435 1701 δύναται.

2627 1740 2728 1791 Ἐκ
2769 1736 2877 1792 τοῦ
2909 1736 3100 1791 αὑτοῦ
3135 1735 3345 1804 λόγου.

2267 1834 2330 1887 Ei
2384 1832 2594 1901 κτίσμα
2640 1829 2890 1898 λέγοντες
2937 1828 3029 1882 τὸν
3074 1827 3226 1889 Υίὸν,
3280 1824 3380 1894 οὐχ
3428 1822 3505 1885 ὡς
3556 1821 3616 1873 ἓν
3672 1820 3783 1872 τῶν

2193 1925 2513 1998 κτισμάτων
2539 1923 2779 1992 λέγουσι,
2810 1921 2974 1985 διατί,
3014 1917 3263 1987 γέννημα
3295 1914 3567 1983 λεγόντων
3597 1910 3775 1983 ἡμῶν,

2192 2024 2267 2085 ὼς
2297 2020 2357 2073 ἓν
2379 2018 2490 2073 τῶν
2519 2016 2880 2087 γεννημάτων
2914 2010 3129 2068 νοοῦσιν
3162 2028 3177 2074 ;

2632 2201 2731 2253 Ἐκ
2768 2195 2875 2250 τοῦ
2914 2194 3106 2248 αὐτοῦ
3140 2192 3352 2259 λόγου.

2264 2297 2327 2349 Ei
2363 2295 2423 2347 οὑ
2463 2290 2628 2360 γεννᾷ
2656 2289 2787 2350 Θεὸς
2810 2325 2825 2350 ,
2863 2287 2951 2339 ἵνα
2989 2284 3064 2353 μὴ
3100 2281 3287 2353 ρεὖσιν
3317 2278 3590 2348 ὑπομείνῃ
3613 2318 3629 2340 ,
3659 2275 3784 2329 οὐδὲ

2192 2385 2388 2449 κτίζει,
2436 2382 2525 2435 ἵνα
2566 2380 2640 2450 μὴ
2688 2380 2864 2448 κάμῃ.
2913 2375 2977 2427 Εἰ
3013 2372 3070 2426 δὲ
3110 2371 3285 2436 κτίζει
3320 2368 3568 2432 ἀπαθῶς,
3602 2366 3785 2437 πο).λῷ

2195 2478 2393 2548 μᾶλλον
2433 2474 2603 2545 γεννᾷ
2632 2470 2888 2533 ἀπαθῶς.

2629 2566 2733 2619 Ἐκ
2767 2564 2876 2617 τοῦ
2913 2559 3104 2617 αὑτοῦ
3140 2558 3352 2626 λόγου.

2262 2664 2326 2718 El
2358 2660 2700 2727 ἀπαύγασμα
2735 2656 2937 2719 παντὸς
2966 2654 3144 2724 φωτὸς
3173 2655 3431 2723 γεννᾶται
3458 2651 3561 2717 μὲν
3587 2650 3652 2703 ἐκ
3681 2646 3787 2702 τοῦ

2191 2754 2394 2825 φωτὸς,
2450 2754 2511 2806 οὐ
2563 2751 2695 2805 ποτὲ
2741 2750 2820 2814 δὲ,
2874 2747 2990 2801 ἀλλ’
3042 2748 3289 2817 ἁχρόνως
3345 2745 3439 2801 καὶ
3488 2742 3787 2805 συναῖδεως

2190 2847 2385 2918 ἐκείνῳ
2408 2863 2421 2879 ·
2448 2847 2508 2899 οὐ
2540 2844 2647 2915 γάρ
2675 2843 2793 2897 ἐστι
2820 2840 2938 2910 φῶς
2957 2841 3131 2911 χωρὶς
3164 2840 3603 2906 ἀπαυγὰσματος
3633 2853 3646 2864 ·
3681 2833 3788 2887 καὶ

2188 2946 2215 2996 ὁ
2261 2942 2385 3003 Υἱὸς
2422 2937 2766 3004 ἀπαύγασμα
2808 2934 3093 3003 τυγχάνων
3133 2933 3195 2986 οὗ
3243 2930 3371 2984 ποτὲ
3418 2928 3593 2990 ἔσται,
3642 2924 3787 2978 ἀλλὰ

2191 3031 2499 3092 συναῖδίως,
2551 3026 2731 3095 φωτὸς
2772 3023 2926 3084 ὄντος
2963 3021 3061 3075 τοῦ
3105 3021 3243 3075 Θεοῦ
3296 3021 3392 3074 καὶ
3426 3016 3662 3087 ηατρὸς,
3705 3013 3786 3077 ὡς

482 3137 565 3184 est
596 3126 691 3180 Dci
740 3136 792 3182 ct
818 3124 1133 3199 Patris,qui
1168 3138 1251 3184 est
1279 3127 1395 3185 lux.
1434 3128 1601 3182 David
1634 3127 1777 3181 enim
1814 3125 1881 3181 In
1942 3127 2076 3193 luce,

2190 3122 2358 3175 Δασεδ
2385 3136 2577 3190 φησιν,
2623 3120 2726 3172 Ἐν
2752 3115 2833 3181 τῷ
2862 3117 3011 3185 φωτί
3032 3129 3151 3168 σου
3186 3114 3458 3182 ὀψόμεθα
3482 3107 3609 3179 φῶς
3628 3123 3643 3137 ·
3684 3106 3785 3160 καὶ

482 3220 678 3289 inquit,
711 3229 801 3273 tua
826 3218 1114 3274 videbimus
1156 3220 1324 3275 lucent
1349 3220 1369 3252 ³
1397 3237 1417 3287 ;
1447 3231 1502 3275 et
1535 3219 1723 3273 Daniel
1764 3239 1777 3273 :
1836 3219 1905 3272 Et
1958 3219 2072 3280 (um,

485 3313 815 3381 iuquit,cum
850 3314 964 3382 ipso
997 3324 1094 3368 est.

1054 3405 1138 3463 Ex
1177 3409 1357 3461 eodem
1386 3410 1543 3463 libro.

553 3500 608 3556 Si
635 3500 777 3557 Deus
800 3517 905 3555 non
933 3500 1123 3571 gignit,
1164 3500 1217 3554 id
1269 3502 1324 3553 lit
1362 3500 1441 3557 vel
1471 3505 1596 3573 quia
1625 3506 1813 3576 nequit
1841 3507 1922 3563 vel
1951 3511 2074 3579 quia

485 3610 591 3648 non
626 3595 758 3649 vult.
798 3593 855 3649 Si
907 3594 1121 3667 nequit,
1193 3605 1557 3664 praeterquam
1603 3599 1746 3665 quod
1777 3601 2078 3658 imbecillus

478 3697 584 3749 ed,
613 3698 823 3743 natura:
863 3687 1105 3759 gignenti
1142 3687 1507 3758 perfectaeque
1540 3689 1703 3742 cedit.
1736 3690 1832 3744 Sin
1873 3704 2072 3761 potest,

477 3784 573 3833 sed
599 3794 706 3833 non
735 3779 869 3845 vult,
900 3778 1043 3851 quod
1076 3788 1270 3832 natura
1305 3780 1489 3843 habet,
1510 3778 1731 3834 cohibet
1770 3782 2069 3839 voluntate.

479 3871 663 3938 Quare
690 3872 818 3928 licet
841 3884 1123 3938 nunquam
1165 3872 1433 3937 genuerit,
1491 3871 1674 3942 gignet
1736 3882 1921 3931 tamen
1970 3876 2071 3931 ali-

478 3965 718 4034 quando,
750 3980 872 4020 cutu
898 3963 1061 4019 Volet.

1048 4056 1131 4112 Ex
1165 4060 1344 4112 colem
1401 4059 1556 4113 libro.

550 4153 685 4219 Quia
711 4167 810 4207 nos
834 4152 1134 4208 exsistente
1157 4155 1313 4209 Patre
1334 4155 1471 4210 Filiu
1500 4179 1526 4211 ιι
1550 4158 1779 4214 dicimus
1807 4159 2074 4215 essistcre

481 4247 811 4310 necessario,
845 4246 967 4310 isti,
1002 4246 1268 4312 Quoniam
1303 4248 1488 4318 igitur,
1522 4248 1796 4319 inquiunt,
1824 4260 1880 4306 et
1902 4250 2073 4307 Filius

479 4353 698 4409 semper
727 4347 811 4395 est
836 4351 1170 4410 procreatur,
1202 4357 1418 4412 semper
1482 4344 1586 4400 erit
1630 4354 1684 4400 et
1743 4346 2068 4416 procreatio.

432 4430 730 4505 _atqueita
757 4430 935 4499 isimul
969 4448 1091 4485 cum
1155 4432 1317 4488 Patre
1345 4445 1400 4489 et
1464 4435 1601 4491 Filio
1675 4435 1783 4493 erit
1838 4447 2066 4495 aeterna.

2188 3214 2408 3285 Δανιὴλ,
2439 3212 2546 3268 Καὶ
2580 3213 2643 3266 τὸ
2678 3207 2801 3280 φῶς
2831 3209 2960 3280 μετ’
2994 3206 3183 3262 αὐτοῦ
3212 3207 3405 3260 ἐστιν.

2627 3418 2729 3470 Ἐκ
2766 3414 2875 3467 τοῦ
2910 3411 3098 3466 αὐτοῦ
3136 3410 3347 3479 λόγου.

2259 3512 2321 3566 Εἰ
2353 3510 2484 3571 Θεὸς
2522 3510 2583 3561 οὐ
2614 3506 2799 3576 γεννᾷ,
2830 3504 2863 3577 ἢ
2895 3502 2983 3556 διὰ
3008 3503 3071 3556 τὸ
3105 3501 3179 3572 μὴ
3208 3497 3500 3561 δύνασθαι,
3532 3497 3565 3568 ἦ
3597 3496 3686 3549 διὰ
3716 3494 3776 3547 τὸ

2187 3602 2264 3673 μὴ
2297 3600 2606 3673 βούλεσθαι.
2660 3595 2801 3649 Ἀλλ’
2840 3596 2889 3648 εί
2929 3596 3027 3663 μὲν
3067 3595 3128 3647 οὐ
3162 3592 3411 3654 δύναται,
3446 3590 3631 3660 ἥττων
3659 3586 3780 3640 ἐστὶ

2184 3694 2510 3767 γεννητικῆς
2545 3693 2639 3746 καὶ
2677 3691 2895 3755 τελείας
2926 3688 3144 3760 φύσεως
3167 3687 3314 3757 ’πρὸς
3351 3684 3433 3757 τῷ
3457 3684 3551 3737 καὶ
3577 3682 3782 3734 ἀδυνα-

2182 3792 2295 3842 τεῖν
2318 3803 2335 3821 ⁶
2367 3791 2414 3840 εί
2447 3787 2503 3840 δὲ
2537 3785 2835 3855 δυνάμενος
2863 3783 2965 3836 οὐκ
2993 3780 3274 3851 ἠϐουλήθη
3296 3821 3311 3845 ,
3350 3778 3381 3831 ὃ
3411 3777 3569 3845 φύσει
3606 3775 3737 3843 ἔσχε
3761 3812 3780 3838 ,

2186 3881 2443 3952 βουλήσει
2489 3879 2776 3948 κατέσχεν,
2818 3875 2983 3943 ὥστε,
3027 3876 3077 3929 εί
3125 3874 3220 3928 καὶ
3271 3873 3438 3944 μήπω
3488 3868 3779 3937 ἐγέννησε,

2185 3974 2467 4048 βουληηε“σς
2500 3973 2608 4044 ἄρα
2643 3973 2901 4042 γεννήσει
2943 3968 3095 4023 mre.

2622 4066 2723 4119 Ἐκ
2764 4061 2872 4117 τοῦ
2901 4062 3094 4117 αὐτοῦ
3125 4061 3334 4130 λόγου.

2264 4160 2453 4232 ἰΙμῶν
2486 4158 2754 4227 λεγόντων
2775 4197 2790 4219 ,
2825 4154 2933 4209 Τοῦ
2968 4154 3179 4227 Πατρδς
3215 4155 3368 4214 ὄντος
3400 4151 3487 4203 ἀεὶ
3508 4189 3523 4213 ,
3557 4148 3781 4215 ἀνάγκη

2180 4258 2280 4313 καὶ
2307 4258 2398 4309 τὸν
2424 4254 2551 4307 Υίὸν
2580 4252 2667 4305 ἀεὶ
2699 4245 2859 4315 εἶναι,
2895 4248 3093 4302 ἐκεῖνοί
3127 4263 3311 4316 φασιν.
3340 4243 3553 4300 Οὐκοῦν
3583 4239 3781 4309 ἐπειδὴ

2182 4350 2278 4405 καὶ
2317 4350 2346 4402 ὁ
2392 4346 2519 4410 Tib;
2562 4344 2649 4398 ἀεὶ
2691 4342 3048 4413 δημιουργὸς,
3098 4341 3191 4394 καὶ
3228 4340 3262 4410 ή
3305 4335 3639 4408 δημιουργία
3689 4332 3783 4387 ἀεὶ

2182 4442 2360 4505 ἔσται,
2407 4440 2500 4492 καὶ
2539 4436 2714 4501 οὔτως
2750 4436 2903 4488 ἔσται
2933 4434 3085 4503 καὶὴ
3122 4430 3456 4503 δημιουργία
3501 4425 3782 4488 συναῖδιος

480 4521 702 4579 Minime
730 4536 909 4578 vero:
961 4537 1085 4578 nam
1152 4525 1242 4595 qui
1272 4538 1678 4596 procreatorem
1741 4528 1891 4591 dicit,
1960 4543 2071 4584 non

2185 4534 2362 4605 Πατρὶ
2393 4531 2488 4586 καὶ
2520 4530 2653 4600 Υἱῷ.
2707 4528 2848 4581 Ἀλλ’
2878 4529 2905 4580 ὀ
2949 4525 3121 4580 εἰπὼν
3149 4524 3485 4596 δημιουργὸν
3528 4521 3627 4587 οὐχ
3657 4520 3782 4587 ἅμα

477 4616 737 4672 continuo
775 4616 905 4673 dicit
933 4616 1095 4673 etiam
1120 4622 1578 4688 procreationem.
1609 4619 1791 4690 Neque
1814 4622 1958 4677 enim
1989 4620 2071 4676 si-

479 4708 588 4763 mul
623 4724 746 4765 cum
790 4710 1089 4765 architecto
1113 4711 1404 4767 aedilicium
1441 4711 1676 4781 exsistit,
1712 4730 1886 4784 neque
1914 4715 2071 4770 navis

476 4802 636 4857 simul
669 4818 791 4857 cum
820 4803 910 4857 illo
939 4806 1032 4875 qui
1064 4804 1281 4859 navium
1312 4814 1396 4860 est
1421 4804 1735 4861 aediﬁcator.

2183 4627 2277 4682 καὶ
2324 4625 2423 4696 τὴν
2470 4620 2835 4694 δημιουργίαν
2873 4618 3046 4688 λέγει.
3096 4618 3169 4671 Οὐ
3216 4616 3326 4686 γὰρ
3373 4613 3452 4683 τῷ
3501 4611 3781 4679 οἰκοδόμῳ

2183 4720 2527 4788 συνυπάρχει
2550 4716 2645 4768 καὶ
2672 4713 2731 4766 τὸ
2759 4712 3121 4783 οἰκοδόμημα,
3151 4708 3271 4763 οὐδὲ
3306 4707 3382 4777 τῷ
3415 4702 3686 4773 ναυπηγῷ
3717 4701 3780 4754 τὸ

2184 4808 2412 4875 σκάφος.
2456 4804 2520 4857 Ἦ
2556 4804 2653 4872 μὲν
2699 4803 2805 4871 γὰρ
2835 4800 3169 4872 δημιουργία
3212 4802 3269 4853 ἐν
3305 4797 3384 4869 τῷ
3412 4792 3780 4884 δημιουργῴ⁹

475 4898 536 4951 τὸ
564 4897 620 4949 δὲ
648 4896 1158 4969 δημιουργούμενον
1219 4900 1361 4969 μετὰ
1417 4899 1509 4953 τὸν
1534 4901 1889 4971 δημιουργόν.
1926 4901 2143 4973 Πατέρα
2181 4901 2239 4954 δὲ
2291 4902 2468 4953 εἰπεῖν
2525 4896 2820 4959 ἀδύνατον,
2871 4895 2946 4965 μὴ
3004 4895 3154 4959 ὄντος
3202 4894 3346 4949 υίοῦ.
3395 4894 3504 4947 Καὶ
3544 4894 3573 4944 ὁ
3604 4892 3783 4947 εἰπὼν

482 4992 698 5062 πατέρα
762 4994 862 5062 οὐχ
931 4992 1121 5055 ἁπλῶς
1187 4992 1437 5063 πατέρα,
1508 4994 1646 5049 ἀλλὰ
1705 4998 1852 5060 τινὸς
1919 4996 2068 5066 λέγει
2109 4995 2342 5066 πατέρα.

1019 5086 1100 5139 Ex
1148 5084 1326 5140 eodem
1406 5087 1560 5141 libro.

551 5182 783 5236 liursuin
812 5190 1081 5248 qumrunt,
1117 5189 1299 5234 utrum
1330 5178 1501 5237 Filius
1533 5181 1822 5245 cxsisteus,
1859 5198 1925 5237 an
1960 5201 2067 5239 non

473 5271 746 5328 exsistens
769 5270 983 5341 genitus
1043 5269 1136 5325 sit.
1183 5268 1313 5337 Quae
1367 5286 1499 5326 sane
1558 5275 1786 5340 quaestio
1839 5274 2066 5327 obscura

470 5371 525 5416 et
550 5361 742 5417 callida
766 5370 869 5416 est.
905 5359 1043 5416 Cum
1070 5359 1214 5414 enim
1241 5359 1381 5431 pude
1401 5372 1549 5416 iteos
1574 5358 1843 5429 qumrere.
1892 5373 2071 5416 utrum

471 5454 763 5522 aliquando
798 5463 850 5509 et
885 5455 939 5511 in
972 5465 1217 5525 tempore
1242 5455 1458 5525 genitus
1510 5456 1601 5520 sit,
1628 5456 1815 5511 dicunt
1884 5466 2066 5511 utrunt

471 5547 743 5601 exsistens
772 5563 839 5601 an
874 5566 979 5603 non
1023 5550 1295 5603 exsistens
1318 5550 1384 5604 sit
1419 5551 1658 5618 genitus.
1692 5547 1771 5604 Tu
1808 5548 1970 5620 igitur
2001 5557 2070 5605 ab

475 5636 582 5689 illis
622 5638 860 5694 vicissim
890 5656 1071 5709 ηοω-ο
1105 5650 1287 5697 utrum
1313 5642 1453 5699 Deus
1477 5641 1639 5697 Pater
1671 5643 1959 5709 exsistens,
1998 5659 2066 5698 an

573 5784 587 5806 ‘
626 5762 768 5831 Gen.
805 5792 847 5830 t.
880 5777 974 5833 26.
1054 5779 1075 5808 ¹
1103 5778 1257 5835 Joau.
1316 5797 1367 5848 ν,
1424 5782 1509 5835 19.
1591 5780 1610 5812 ³
1651 5779 1796 5837 l‘sal.
1825 5797 1985 5846 xxxv,
2031 5783 2113 5838 10.

2621 5085 2723 5138 Ἐκ
2766 5082 2871 5137 τοῦ
2909 5083 3097 5137 αὑτοῦ
3126 5083 3344 5152 λόγου.

2255 5180 2426 5232 Πάλιν
2463 5177 2759 5248 ἐρωτῶσιν,
2797 5177 2892 5229 Ὧν
2924 5174 3187 5246 ἐγεννήθη
3225 5178 3251 5226 ὁ
3284 5174 3431 5237 Υἱὸς,
3470 5174 3503 5245 ἢ
3542 5173 3618 5243 μὴ
3653 5172 3771 5239 div;

2183 5271 2430 5340 ἁσαξοῦς
2467 5271 2558 5324 καὶ
2593 5271 2927 5339 κακοτέχνου
2965 5270 3059 5339 τῆς
3097 5270 3422 5340 ἐρωτήσεως
3456 5267 3638 5321 αὐτῶν
3669 5265 3777 5318 οὖ-

2187 5379 2307 5431 σης.
2340 5365 2730 5433 Αἰσχυνόμενοι
2761 5364 2871 5431 γὰρ
2896 5363 2954 5414 τὸ
2985 5361 3117 5415 ποτὲ
3152 5361 3241 5414 καὶ
3276 5362 3333 5412 ἐν
3359 5365 3539 5431 χρόνῳ
3565 5357 3779 5430 ἐρωτῆ-

2183 5473 2294 5521 σαι,
2333 5457 2389 5510 τὸ
2428 5456 2505 5511 ὢν
2548 5456 2816 5524 λέγουσιν.
2865 5457 3268 5527 Ἀντερώτησον
3297 5455 3393 5510 οὖν
3434 5455 3775 5518 αὐτοὺς,“Ων

2180 5551 2373 5620 Πατὴρ
2402 5552 2427 5602 ὁ
2461 5549 2594 5612 θεὸς
2624 5549 2716 5602 τὸν
2751 5548 2879 5601 Υίὸν
2907 5549 3217 5618 ἐγέννησεν,
3252 5549 3284 5618 ἦ
3317 5548 3391 5619 μὴ
3430 5547 3507 5602 ὢν
3540 5550 3770 5620 Πατήρς

2180 5644 2242 5697 Et
2271 5644 2370 5712 μὲν
2401 5643 2509 5713 γὰρ
2534 5641 2608 5696 ὣν
2638 5643 2845 5714 Πατὴρ,
2877 5642 2951 5696 ὣν
2978 5642 3106 5696 ὄντα
3142 5643 3437 5713 ἐγέννησεν
3462 5657 3476 5672 ·
3511 5644 3557 5697 εί
3584 5641 3643 5696 δὲ
3670 5643 3771 5697 οὐκ
