  <div class='ocr_page' id='page_1' title='image "/cluster/home/n/w/nwhite01/storage/ocr_20150623/130/hvd.32044073502387/275.png"; bbox 0 0 4094 6204; ppageno 0'>
   <div class='ocr_carea' id='block_1_1' title="bbox 443 259 559 326">
    <p class='ocr_par' dir='ltr' id='par_1_1' title="bbox 443 259 559 326">
     <span class='ocr_line' id='line_1_1' title="bbox 443 259 559 326; baseline 0.017 -2"><span class='ocrx_word' id='word_1_1' title='bbox 443 259 559 326; x_wconf 80' lang='lat'><strong>539</strong></span> 
     </span>
    </p>
   </div>
   <div class='ocr_carea' id='block_1_2' title="bbox 968 384 1455 445">
    <p class='ocr_par' dir='ltr' id='par_1_2' title="bbox 968 384 1455 445">
     <span class='ocr_line' id='line_1_2' title="bbox 968 384 1455 445; baseline 0.01 -5"><span class='ocrx_word' id='word_1_2' title='bbox 968 384 1050 441; x_wconf 77' lang='lat' dir='ltr'><strong>Ea:</strong></span> <span class='ocrx_word' id='word_1_3' title='bbox 1095 388 1272 443; x_wconf 80' lang='lat' dir='ltr'><strong>eodem</strong></span> <span class='ocrx_word' id='word_1_4' title='bbox 1303 388 1455 445; x_wconf 80' lang='lat' dir='ltr'><strong>libro.</strong></span> 
     </span>
    </p>
   </div>
   <div class='ocr_carea' id='block_1_3' title="bbox 511 473 2024 559">
    <p class='ocr_par' dir='ltr' id='par_1_3' title="bbox 511 473 2024 559">
     <span class='ocr_line' id='line_1_3' title="bbox 511 473 2024 559; baseline 0.011 -30"><span class='ocrx_word' id='word_1_5' title='bbox 511 474 572 531; x_wconf 80' lang='lat' dir='ltr'><strong>Si</strong></span> <span class='ocrx_word' id='word_1_6' title='bbox 602 473 675 541; x_wconf 92' lang='lat' dir='ltr'><strong>id,</strong></span> <span class='ocrx_word' id='word_1_7' title='bbox 703 478 847 546; x_wconf 89' lang='lat' dir='ltr'><strong>quod</strong></span> <span class='ocrx_word' id='word_1_8' title='bbox 877 478 995 533; x_wconf 79' lang='lat' dir='ltr'><strong>ﬁeri</strong></span> <span class='ocrx_word' id='word_1_9' title='bbox 1026 481 1231 548; x_wconf 87' lang='lat' dir='ltr'><strong>nequit,</strong></span> <span class='ocrx_word' id='word_1_10' title='bbox 1254 483 1322 547; x_wconf 88' lang='lat' dir='ltr'><strong>ei,</strong></span> <span class='ocrx_word' id='word_1_11' title='bbox 1343 486 1482 552; x_wconf 88' lang='lat' dir='ltr'><strong>quod</strong></span> <span class='ocrx_word' id='word_1_12' title='bbox 1516 485 1630 541; x_wconf 81' lang='lat' dir='ltr'><strong>ﬁeri</strong></span> <span class='ocrx_word' id='word_1_13' title='bbox 1661 497 1861 559; x_wconf 89' lang='lat' dir='ltr'><strong>potest,</strong></span> <span class='ocrx_word' id='word_1_14' title='bbox 1886 504 2024 546; x_wconf 82' lang='lat' dir='ltr'><strong>eon-</strong></span> 
     </span>
    </p>
   </div>
   <div class='ocr_carea' id='block_1_4' title="bbox 440 564 2023 653">
    <p class='ocr_par' dir='ltr' id='par_1_4' title="bbox 440 564 2023 653">
     <span class='ocr_line' id='line_1_4' title="bbox 440 564 2023 653; baseline 0.014 -37"><span class='ocrx_word' id='word_1_15' title='bbox 440 564 669 619; x_wconf 83' lang='lat' dir='ltr'><strong>trarinm</strong></span> <span class='ocrx_word' id='word_1_16' title='bbox 702 576 806 632; x_wconf 88' lang='lat' dir='ltr'><strong>est,</strong></span> <span class='ocrx_word' id='word_1_17' title='bbox 836 577 889 621; x_wconf 91' lang='lat' dir='ltr'><strong>et</strong></span> <span class='ocrx_word' id='word_1_18' title='bbox 934 569 1193 636; x_wconf 79' lang='lat' dir='ltr'><strong>insipiens</strong></span> <span class='ocrx_word' id='word_1_19' title='bbox 1259 573 1561 645; x_wconf 76' lang='lat' dir='ltr'><strong>insipienti,</strong></span> <span class='ocrx_word' id='word_1_20' title='bbox 1592 588 1646 633; x_wconf 87' lang='lat' dir='ltr'><strong>et</strong></span> <span class='ocrx_word' id='word_1_21' title='bbox 1687 593 2023 653; x_wconf 64' lang='lat' dir='ltr'><strong>quotcunque</strong></span> 
     </span>
    </p>
   </div>
   <div class='ocr_carea' id='block_1_5' title="bbox 439 657 2021 743">
    <p class='ocr_par' dir='ltr' id='par_1_5' title="bbox 439 657 2021 743">
     <span class='ocr_line' id='line_1_5' title="bbox 439 657 2021 743; baseline 0.011 -33"><span class='ocrx_word' id='word_1_22' title='bbox 439 657 627 712; x_wconf 73' lang='lat' dir='ltr'><strong>eodem</strong></span> <span class='ocrx_word' id='word_1_23' title='bbox 656 668 814 728; x_wconf 87' lang='lat' dir='ltr'><strong>pacto</strong></span> <span class='ocrx_word' id='word_1_24' title='bbox 843 662 1266 731; x_wconf 86' lang='lat' dir='ltr'><strong>distinguuntur,</strong></span> <span class='ocrx_word' id='word_1_25' title='bbox 1308 665 1451 722; x_wconf 91' lang='lat' dir='ltr'><strong>inter</strong></span> <span class='ocrx_word' id='word_1_26' title='bbox 1482 685 1541 724; x_wconf 89' lang='lat' dir='ltr'><strong>se</strong></span> <span class='ocrx_word' id='word_1_27' title='bbox 1575 673 1847 728; x_wconf 87' lang='lat' dir='ltr'><strong>contraria</strong></span> <span class='ocrx_word' id='word_1_28' title='bbox 1874 683 2021 743; x_wconf 88' lang='lat' dir='ltr'><strong>sunt,</strong></span> 
     </span>
    </p>
   </div>
   <div class='ocr_carea' id='block_1_6' title="bbox 438 749 2027 828">
    <p class='ocr_par' dir='ltr' id='par_1_6' title="bbox 438 749 2027 828">
     <span class='ocr_line' id='line_1_6' title="bbox 438 749 2027 828; baseline 0.011 -28"><span class='ocrx_word' id='word_1_29' title='bbox 438 749 733 818; x_wconf 69' lang='lat' dir='ltr'><strong>ingenitum</strong></span> <span class='ocrx_word' id='word_1_30' title='bbox 762 750 924 805; x_wconf 61' lang='lat' dir='ltr'><strong>etiam</strong></span> <span class='ocrx_word' id='word_1_31' title='bbox 976 754 1157 821; x_wconf 86' lang='lat' dir='ltr'><strong>genito</strong></span> <span class='ocrx_word' id='word_1_32' title='bbox 1199 759 1531 813; x_wconf 88' lang='lat' dir='ltr'><strong>contrarium</strong></span> <span class='ocrx_word' id='word_1_33' title='bbox 1578 762 1705 828; x_wconf 89' lang='lat' dir='ltr'><strong>erit,</strong></span> <span class='ocrx_word' id='word_1_34' title='bbox 1749 774 1806 819; x_wconf 89' lang='lat' dir='ltr'><strong>et</strong></span> <span class='ocrx_word' id='word_1_35' title='bbox 1864 761 2027 818; x_wconf 84' lang='lat' dir='ltr'><strong>Pater</strong></span> 
     </span>
    </p>
   </div>
   <div class='ocr_carea' id='block_1_7' title="bbox 440 840 2023 924">
    <p class='ocr_par' dir='ltr' id='par_1_7' title="bbox 440 840 2023 924">
     <span class='ocr_line' id='line_1_7' title="bbox 440 840 2023 924; baseline 0.011 -30"><span class='ocrx_word' id='word_1_36' title='bbox 440 840 599 894; x_wconf 87' lang='lat' dir='ltr'><strong>Filio.</strong></span> <span class='ocrx_word' id='word_1_37' title='bbox 640 840 794 907; x_wconf 88' lang='lat' dir='ltr'><strong>Quod</strong></span> <span class='ocrx_word' id='word_1_38' title='bbox 838 844 1054 911; x_wconf 83' lang='lat' dir='ltr'><strong>quidem</strong></span> <span class='ocrx_word' id='word_1_39' title='bbox 1104 860 1443 918; x_wconf 72' lang='lat' dir='ltr'><strong>sequeretur,</strong></span> <span class='ocrx_word' id='word_1_40' title='bbox 1474 853 1519 907; x_wconf 93' lang='lat' dir='ltr'><strong>si</strong></span> <span class='ocrx_word' id='word_1_41' title='bbox 1564 853 1865 924; x_wconf 87' lang='lat' dir='ltr'><strong>ingenitum</strong></span> <span class='ocrx_word' id='word_1_42' title='bbox 1917 869 2023 911; x_wconf 91' lang='lat' dir='ltr'><strong>non</strong></span> 
     </span>
    </p>
   </div>
   <div class='ocr_carea' id='block_1_8' title="bbox 437 932 1839 1017">
    <p class='ocr_par' dir='ltr' id='par_1_8' title="bbox 437 932 1839 1017">
     <span class='ocr_line' id='line_1_8' title="bbox 437 932 1839 1017; baseline 0.014 -34"><span class='ocrx_word' id='word_1_43' title='bbox 437 932 732 986; x_wconf 80' lang='lat' dir='ltr'><strong>exsistendi</strong></span> <span class='ocrx_word' id='word_1_44' title='bbox 767 935 1007 1001; x_wconf 88' lang='lat' dir='ltr'><strong>modum,</strong></span> <span class='ocrx_word' id='word_1_45' title='bbox 1035 940 1129 993; x_wconf 89' lang='lat' dir='ltr'><strong>sed</strong></span> <span class='ocrx_word' id='word_1_46' title='bbox 1159 942 1454 998; x_wconf 84' lang='lat' dir='ltr'><strong>essentiam</strong></span> <span class='ocrx_word' id='word_1_47' title='bbox 1483 944 1839 1017; x_wconf 79' lang='lat' dir='ltr'><strong>signiﬁcaret.</strong></span> 
     </span>
    </p>
   </div>
   <div class='ocr_carea' id='block_1_9' title="bbox 923 1028 1413 1091">
    <p class='ocr_par' dir='ltr' id='par_1_9' title="bbox 923 1028 1413 1091">
     <span class='ocr_line' id='line_1_9' title="bbox 923 1028 1413 1091; baseline 0.02 -10"><span class='ocrx_word' id='word_1_48' title='bbox 923 1028 1011 1082; x_wconf 75' lang='lat' dir='ltr'><strong>Ea:</strong></span> <span class='ocrx_word' id='word_1_49' title='bbox 1045 1031 1224 1086; x_wconf 86' lang='lat' dir='ltr'><strong>eodem</strong></span> <span class='ocrx_word' id='word_1_50' title='bbox 1257 1033 1413 1091; x_wconf 84' lang='lat' dir='ltr'><strong>libro.</strong></span> 
     </span>
    </p>
   </div>
   <div class='ocr_carea' id='block_1_10' title="bbox 513 1116 2025 1201">
    <p class='ocr_par' dir='ltr' id='par_1_10' title="bbox 513 1116 2025 1201">
     <span class='ocr_line' id='line_1_10' title="bbox 513 1116 2025 1201; baseline 0.015 -32"><span class='ocrx_word' id='word_1_51' title='bbox 513 1116 569 1171; x_wconf 94' lang='lat' dir='ltr'><strong>Si</strong></span> <span class='ocrx_word' id='word_1_52' title='bbox 598 1117 769 1172; x_wconf 85' lang='lat' dir='ltr'><strong>Filius</strong></span> <span class='ocrx_word' id='word_1_53' title='bbox 795 1130 1014 1177; x_wconf 82' lang='lat' dir='ltr'><strong>creatus</strong></span> <span class='ocrx_word' id='word_1_54' title='bbox 1046 1135 1152 1191; x_wconf 89' lang='lat' dir='ltr'><strong>est,</strong></span> <span class='ocrx_word' id='word_1_55' title='bbox 1179 1141 1285 1181; x_wconf 92' lang='lat' dir='ltr'><strong>nou</strong></span> <span class='ocrx_word' id='word_1_56' title='bbox 1318 1140 1497 1185; x_wconf 88' lang='lat' dir='ltr'><strong>autem</strong></span> <span class='ocrx_word' id='word_1_57' title='bbox 1548 1134 1784 1201; x_wconf 87' lang='lat' dir='ltr'><strong>genitus,</strong></span> <span class='ocrx_word' id='word_1_58' title='bbox 1836 1143 1888 1189; x_wconf 90' lang='lat' dir='ltr'><strong>et</strong></span> <span class='ocrx_word' id='word_1_59' title='bbox 1938 1146 2025 1192; x_wconf 90' lang='lat' dir='ltr'><strong>res</strong></span> 
     </span>
    </p>
   </div>
   <div class='ocr_carea' id='block_1_11' title="bbox 440 1212 2026 1298">
    <p class='ocr_par' dir='ltr' id='par_1_11' title="bbox 440 1212 2026 1298">
     <span class='ocr_line' id='line_1_11' title="bbox 440 1212 2026 1298; baseline 0.013 -36"><span class='ocrx_word' id='word_1_60' title='bbox 440 1212 566 1265; x_wconf 87' lang='lat' dir='ltr'><strong>item</strong></span> <span class='ocrx_word' id='word_1_61' title='bbox 600 1226 793 1267; x_wconf 91' lang='lat' dir='ltr'><strong>omnes</strong></span> <span class='ocrx_word' id='word_1_62' title='bbox 820 1226 1014 1269; x_wconf 58' lang='lat' dir='ltr'><strong>creatis</strong></span> <span class='ocrx_word' id='word_1_63' title='bbox 1032 1231 1181 1284; x_wconf 86' lang='lat' dir='ltr'><strong>sunt,</strong></span> <span class='ocrx_word' id='word_1_64' title='bbox 1212 1218 1415 1275; x_wconf 82' lang='lat' dir='ltr'><strong>frustra</strong></span> <span class='ocrx_word' id='word_1_65' title='bbox 1447 1220 1609 1278; x_wconf 84' lang='lat' dir='ltr'><strong>Pater</strong></span> <span class='ocrx_word' id='word_1_66' title='bbox 1634 1235 1857 1279; x_wconf 75' lang='lat' dir='ltr'><strong>vocatur</strong></span> <span class='ocrx_word' id='word_1_67' title='bbox 1881 1228 2026 1298; x_wconf 82' lang='lat' dir='ltr'><strong>inge-</strong></span> 
     </span>
    </p>
   </div>
   <div class='ocr_carea' id='block_1_12' title="bbox 436 1306 2022 1389">
    <p class='ocr_par' dir='ltr' id='par_1_12' title="bbox 436 1306 2022 1389">
     <span class='ocr_line' id='line_1_12' title="bbox 436 1306 2022 1389; baseline 0.013 -31"><span class='ocrx_word' id='word_1_68' title='bbox 436 1306 607 1371; x_wconf 89' lang='lat' dir='ltr'><strong>nitus,</strong></span> <span class='ocrx_word' id='word_1_69' title='bbox 642 1324 761 1362; x_wconf 91' lang='lat' dir='ltr'><strong>cum</strong></span> <span class='ocrx_word' id='word_1_70' title='bbox 794 1312 1009 1380; x_wconf 86' lang='lat' dir='ltr'><strong>genitus</strong></span> <span class='ocrx_word' id='word_1_71' title='bbox 1041 1327 1149 1367; x_wconf 89' lang='lat' dir='ltr'><strong>non</strong></span> <span class='ocrx_word' id='word_1_72' title='bbox 1192 1315 1354 1383; x_wconf 85' lang='lat' dir='ltr'><strong>adsit,</strong></span> <span class='ocrx_word' id='word_1_73' title='bbox 1393 1319 1612 1387; x_wconf 82' lang='lat' dir='ltr'><strong>quicum</strong></span> <span class='ocrx_word' id='word_1_74' title='bbox 1674 1331 2022 1389; x_wconf 86' lang='lat' dir='ltr'><strong>comparatus</strong></span> 
     </span>
    </p>
   </div>
   <div class='ocr_carea' id='block_1_13' title="bbox 438 1402 2023 1479">
    <p class='ocr_par' dir='ltr' id='par_1_13' title="bbox 438 1402 2023 1479">
     <span class='ocr_line' id='line_1_13' title="bbox 438 1402 2023 1479; baseline 0.013 -26"><span class='ocrx_word' id='word_1_75' title='bbox 438 1402 716 1467; x_wconf 71' lang='lat' dir='ltr'><strong>ingenitus</strong></span> <span class='ocrx_word' id='word_1_76' title='bbox 741 1406 1063 1474; x_wconf 77' lang='lat' dir='ltr'><strong>appelletur.</strong></span> <span class='ocrx_word' id='word_1_77' title='bbox 1085 1407 1269 1479; x_wconf 80' lang='lat' dir='ltr'><strong>Itaque</strong></span> <span class='ocrx_word' id='word_1_78' title='bbox 1292 1417 1496 1467; x_wconf 86' lang='lat' dir='ltr'><strong>rectius</strong></span> <span class='ocrx_word' id='word_1_79' title='bbox 1513 1414 1784 1469; x_wconf 81' lang='lat' dir='ltr'><strong>increatus</strong></span> <span class='ocrx_word' id='word_1_80' title='bbox 1808 1416 2023 1473; x_wconf 84' lang='lat' dir='ltr'><strong>dicere-</strong></span> 
     </span>
    </p>
   </div>
   <div class='ocr_carea' id='block_1_14' title="bbox 436 1496 2021 1574">
    <p class='ocr_par' dir='ltr' id='par_1_14' title="bbox 436 1496 2021 1574">
     <span class='ocr_line' id='line_1_14' title="bbox 436 1496 2021 1574; baseline 0.009 -29"><span class='ocrx_word' id='word_1_81' title='bbox 436 1502 523 1545; x_wconf 88' lang='lat' dir='ltr'><strong>tur</strong></span> <span class='ocrx_word' id='word_1_82' title='bbox 578 1512 739 1563; x_wconf 83' lang='lat' dir='ltr'><strong>quam</strong></span> <span class='ocrx_word' id='word_1_83' title='bbox 777 1499 1071 1566; x_wconf 70' lang='lat' dir='ltr'><strong>ingenitus.</strong></span> <span class='ocrx_word' id='word_1_84' title='bbox 1108 1496 1163 1554; x_wconf 89' lang='lat' dir='ltr'><strong>Si</strong></span> <span class='ocrx_word' id='word_1_85' title='bbox 1193 1502 1341 1555; x_wconf 87' lang='lat' dir='ltr'><strong>enim</strong></span> <span class='ocrx_word' id='word_1_86' title='bbox 1378 1504 1654 1574; x_wconf 81' lang='lat' dir='ltr'><strong>ingenitus</strong></span> <span class='ocrx_word' id='word_1_87' title='bbox 1692 1522 1887 1563; x_wconf 88' lang='lat' dir='ltr'><strong>nomen</strong></span> <span class='ocrx_word' id='word_1_88' title='bbox 1918 1519 2021 1572; x_wconf 88' lang='lat' dir='ltr'><strong>est,</strong></span> 
     </span>
    </p>
   </div>
   <div class='ocr_carea' id='block_1_15' title="bbox 436 1589 2019 1667">
    <p class='ocr_par' dir='ltr' id='par_1_15' title="bbox 436 1589 2019 1667">
     <span class='ocr_line' id='line_1_15' title="bbox 436 1589 2019 1667; baseline 0.008 -32"><span class='ocrx_word' id='word_1_89' title='bbox 436 1600 541 1637; x_wconf 91' lang='lat' dir='ltr'><strong>non</strong></span> <span class='ocrx_word' id='word_1_90' title='bbox 579 1590 838 1642; x_wconf 85' lang='lat' dir='ltr'><strong>essentia.</strong></span> <span class='ocrx_word' id='word_1_91' title='bbox 898 1589 1126 1645; x_wconf 81' lang='lat' dir='ltr'><strong>Nomina</strong></span> <span class='ocrx_word' id='word_1_92' title='bbox 1178 1594 1321 1645; x_wconf 88' lang='lat' dir='ltr'><strong>enim</strong></span> <span class='ocrx_word' id='word_1_93' title='bbox 1377 1598 1642 1650; x_wconf 84' lang='lat' dir='ltr'><strong>essentias</strong></span> <span class='ocrx_word' id='word_1_94' title='bbox 1691 1598 2019 1667; x_wconf 71' lang='lat' dir='ltr'><strong>signiﬁcant,</strong></span> 
     </span>
    </p>
   </div>
   <div class='ocr_carea' id='block_1_16' title="bbox 436 1680 2018 1757">
    <p class='ocr_par' dir='ltr' id='par_1_16' title="bbox 436 1680 2018 1757">
     <span class='ocr_line' id='line_1_16' title="bbox 436 1680 2018 1757; baseline 0.009 -28"><span class='ocrx_word' id='word_1_95' title='bbox 436 1691 540 1730; x_wconf 89' lang='lat' dir='ltr'><strong>non</strong></span> <span class='ocrx_word' id='word_1_96' title='bbox 574 1680 752 1732; x_wconf 80' lang='lat' dir='ltr'><strong>autem</strong></span> <span class='ocrx_word' id='word_1_97' title='bbox 793 1681 908 1744; x_wconf 86' lang='lat' dir='ltr'><strong>ipsa</strong></span> <span class='ocrx_word' id='word_1_98' title='bbox 939 1680 1063 1734; x_wconf 85' lang='lat' dir='ltr'><strong>sunt</strong></span> <span class='ocrx_word' id='word_1_99' title='bbox 1113 1685 1382 1739; x_wconf 63' lang='lat' dir='ltr'><strong>essentia}.</strong></span> <span class='ocrx_word' id='word_1_100' title='bbox 1433 1686 1585 1752; x_wconf 85' lang='lat' dir='ltr'><strong>Quod</strong></span> <span class='ocrx_word' id='word_1_101' title='bbox 1633 1690 1675 1742; x_wconf 88' lang='lat' dir='ltr'><strong>si</strong></span> <span class='ocrx_word' id='word_1_102' title='bbox 1721 1691 2018 1757; x_wconf 80' lang='lat' dir='ltr'><strong>ingenitum</strong></span> 
     </span>
    </p>
   </div>
   <div class='ocr_carea' id='block_1_17' title="bbox 1684 273 2468 344">
    <p class='ocr_par' dir='ltr' id='par_1_17' title="bbox 1684 273 2468 344">
     <span class='ocr_line' id='line_1_17' title="bbox 1684 273 2468 344; baseline 0.01 -10"><span class='ocrx_word' id='word_1_103' title='bbox 1684 273 2071 338; x_wconf 82' lang='lat' dir='ltr'><strong>EUTHYMII</strong></span> <span class='ocrx_word' id='word_1_104' title='bbox 2109 279 2468 344; x_wconf 79' lang='lat' dir='ltr'><strong>ZIGABENI</strong></span> 
     </span>
    </p>
   </div>
   <div class='ocr_carea' id='block_1_18' title="bbox 2059 402 2108 460">
    <p class='ocr_par' dir='ltr' id='par_1_18' title="bbox 2059 402 2108 460">
     <span class='ocr_line' id='line_1_18' title="bbox 2059 402 2108 460; baseline 0 -2"><span class='ocrx_word' id='word_1_105' title='bbox 2059 402 2108 460; x_wconf 74' lang='grc' dir='ltr'><strong>Α</strong></span> 
     </span>
    </p>
   </div>
   <div class='ocr_carea' id='block_1_19' title="bbox 3612 287 3719 356">
    <p class='ocr_par' dir='ltr' id='par_1_19' title="bbox 3612 287 3719 356">
     <span class='ocr_line' id='line_1_19' title="bbox 3612 287 3719 356; baseline 0 -2"><span class='ocrx_word' id='word_1_106' title='bbox 3612 287 3719 356; x_wconf 70' lang='grc' dir='ltr'>διο</span> 
     </span>
    </p>
   </div>
   <div class='ocr_carea' id='block_1_20' title="bbox 2571 405 3285 478">
    <p class='ocr_par' dir='ltr' id='par_1_20' title="bbox 2571 405 3285 478">
     <span class='ocr_line' id='line_1_20' title="bbox 2571 405 3285 478; baseline 0.007 -19"><span class='ocrx_word' id='word_1_107' title='bbox 2571 405 2671 460; x_wconf 80' lang='grc' dir='ltr'><strong><em>Ἐκ</em></strong></span> <span class='ocrx_word' id='word_1_108' title='bbox 2710 405 2818 461; x_wconf 84' lang='grc' dir='ltr'>τοῦ</span> <span class='ocrx_word' id='word_1_109' title='bbox 2850 406 3040 462; x_wconf 83' lang='grc' dir='ltr'>αὐτοῦ</span> <span class='ocrx_word' id='word_1_110' title='bbox 3074 407 3285 478; x_wconf 58' lang='grc' dir='ltr'><strong>λόφου.</strong></span> 
     </span>
    </p>
   </div>
   <div class='ocr_carea' id='block_1_21' title="bbox 2205 496 3719 575">
    <p class='ocr_par' dir='ltr' id='par_1_21' title="bbox 2205 496 3719 575">
     <span class='ocr_line' id='line_1_21' title="bbox 2205 496 3719 575; baseline 0.008 -25"><span class='ocrx_word' id='word_1_111' title='bbox 2205 496 2268 551; x_wconf 75' lang='lat' dir='ltr'><strong>Et</strong></span> <span class='ocrx_word' id='word_1_112' title='bbox 2292 498 2351 551; x_wconf 88' lang='grc' dir='ltr'>τὸ</span> <span class='ocrx_word' id='word_1_113' title='bbox 2371 496 2631 555; x_wconf 77' lang='grc' dir='ltr'>ἀδύνατον</span> <span class='ocrx_word' id='word_1_114' title='bbox 2660 501 2905 556; x_wconf 68' lang='grc' dir='ltr'>ἐναντίον</span> <span class='ocrx_word' id='word_1_115' title='bbox 2932 499 3011 572; x_wconf 81' lang='grc' dir='ltr'><strong>τῷ</strong></span> <span class='ocrx_word' id='word_1_116' title='bbox 3030 500 3269 573; x_wconf 80' lang='grc' dir='ltr'>δυνατῷ,</span> <span class='ocrx_word' id='word_1_117' title='bbox 3304 501 3482 558; x_wconf 80' lang='grc' dir='ltr'>καὶτὸ</span> <span class='ocrx_word' id='word_1_118' title='bbox 3510 503 3719 575; x_wconf 75' lang='grc' dir='ltr'>ἄσοφον</span> 
     </span>
    </p>
   </div>
   <div class='ocr_carea' id='block_1_22' title="bbox 2131 587 3718 667">
    <p class='ocr_par' dir='ltr' id='par_1_22' title="bbox 2131 587 3718 667">
     <span class='ocr_line' id='line_1_22' title="bbox 2131 587 3718 667; baseline 0.007 -25"><span class='ocrx_word' id='word_1_119' title='bbox 2131 587 2210 660; x_wconf 81' lang='grc' dir='ltr'><strong>τῷ</strong></span> <span class='ocrx_word' id='word_1_120' title='bbox 2252 590 2433 664; x_wconf 84' lang='grc' dir='ltr'>σοφῷ,</span> <span class='ocrx_word' id='word_1_121' title='bbox 2472 594 2567 647; x_wconf 84' lang='grc' dir='ltr'><strong>καὶ</strong></span> <span class='ocrx_word' id='word_1_122' title='bbox 2599 593 2777 649; x_wconf 82' lang='grc' dir='ltr'>πάντα</span> <span class='ocrx_word' id='word_1_123' title='bbox 2808 596 2878 647; x_wconf 78' lang='grc' dir='ltr'>τὰ</span> <span class='ocrx_word' id='word_1_124' title='bbox 2909 593 3463 667; x_wconf 79' lang='grc' dir='ltr'>ἀντιδιαστελλόμενα</span> <span class='ocrx_word' id='word_1_125' title='bbox 3492 595 3718 654; x_wconf 69' lang='grc' dir='ltr'>ιναντία</span> 
     </span>
    </p>
   </div>
   <div class='ocr_carea' id='block_1_23' title="bbox 2133 681 3717 760">
    <p class='ocr_par' dir='ltr' id='par_1_23' title="bbox 2133 681 3717 760">
     <span class='ocr_line' id='line_1_23' title="bbox 2133 681 3717 760; baseline 0.006 -25"><span class='ocrx_word' id='word_1_126' title='bbox 2133 681 2410 754; x_wconf 77' lang='grc' dir='ltr'>ἀλλήλοις,</span> <span class='ocrx_word' id='word_1_127' title='bbox 2459 683 2703 741; x_wconf 72' lang='grc' dir='ltr'>ἐναντίον</span> <span class='ocrx_word' id='word_1_128' title='bbox 2748 686 2846 740; x_wconf 68' lang='grc' dir='ltr'>καὶ</span> <span class='ocrx_word' id='word_1_129' title='bbox 2876 685 2937 740; x_wconf 88' lang='grc' dir='ltr'>τὸ</span> <span class='ocrx_word' id='word_1_130' title='bbox 2972 685 3273 756; x_wconf 75' lang='grc' dir='ltr'><strong>ἀγέννητον</strong></span> <span class='ocrx_word' id='word_1_131' title='bbox 3321 687 3401 759; x_wconf 81' lang='grc' dir='ltr'>τῷ</span> <span class='ocrx_word' id='word_1_132' title='bbox 3444 689 3717 760; x_wconf 75' lang='grc' dir='ltr'><strong>γεννητῷ.</strong></span> 
     </span>
    </p>
   </div>
   <div class='ocr_carea' id='block_1_24' title="bbox 2147 770 3720 852">
    <p class='ocr_par' dir='ltr' id='par_1_24' title="bbox 2147 770 3720 852">
     <span class='ocr_line' id='line_1_24' title="bbox 2147 770 3720 852; baseline 0.006 -27"><span class='ocrx_word' id='word_1_133' title='bbox 2147 770 2423 837; x_wconf 85' lang='grc' dir='ltr'>Ἐναντίος</span> <span class='ocrx_word' id='word_1_134' title='bbox 2449 770 2541 828; x_wconf 76' lang='grc' dir='ltr'>οὖν</span> <span class='ocrx_word' id='word_1_135' title='bbox 2562 778 2588 829; x_wconf 99' lang='lat'><strong>6</strong></span> <span class='ocrx_word' id='word_1_136' title='bbox 2617 772 2807 846; x_wconf 78' lang='grc' dir='ltr'>Πατὴρ</span> <span class='ocrx_word' id='word_1_137' title='bbox 2830 774 2909 846; x_wconf 82' lang='grc' dir='ltr'>τῷ</span> <span class='ocrx_word' id='word_1_138' title='bbox 2934 775 3049 845; x_wconf 82' lang='grc' dir='ltr'><strong>Υιῷ</strong></span> <span class='ocrx_word' id='word_1_139' title='bbox 3079 779 3203 832; x_wconf 81' lang='grc' dir='ltr'>κατ’</span> <span class='ocrx_word' id='word_1_140' title='bbox 3227 778 3441 844; x_wconf 85' lang='grc' dir='ltr'>οὐσίαν,</span> <span class='ocrx_word' id='word_1_141' title='bbox 3470 781 3527 835; x_wconf 77' lang='grc' dir='ltr'><strong>εί</strong></span> <span class='ocrx_word' id='word_1_142' title='bbox 3547 796 3611 850; x_wconf 83' lang='grc' dir='ltr'><strong>γε</strong></span> <span class='ocrx_word' id='word_1_143' title='bbox 3639 779 3720 852; x_wconf 73' lang='grc' dir='ltr'>μὴ</span> 
     </span>
    </p>
   </div>
   <div class='ocr_carea' id='block_1_25' title="bbox 2131 864 3433 941">
    <p class='ocr_par' dir='ltr' id='par_1_25' title="bbox 2131 864 3433 941">
     <span class='ocr_line' id='line_1_25' title="bbox 2131 864 3433 941; baseline 0.007 -23"><span class='ocrx_word' id='word_1_144' title='bbox 2131 864 2330 935; x_wconf 77' lang='grc' dir='ltr'>τρόπος</span> <span class='ocrx_word' id='word_1_145' title='bbox 2359 865 2647 937; x_wconf 80' lang='grc' dir='ltr'><strong>ὑπάρξεως</strong></span> <span class='ocrx_word' id='word_1_146' title='bbox 2678 868 2739 922; x_wconf 84' lang='grc' dir='ltr'>τὸ</span> <span class='ocrx_word' id='word_1_147' title='bbox 2759 868 3079 941; x_wconf 80' lang='grc' dir='ltr'><strong>ἀγέννητον,</strong></span> <span class='ocrx_word' id='word_1_148' title='bbox 3111 869 3229 925; x_wconf 79' lang='grc' dir='ltr'><strong>ἀλλ’</strong></span> <span class='ocrx_word' id='word_1_149' title='bbox 3253 872 3433 929; x_wconf 82' lang='grc' dir='ltr'>οὐσία.</span> 
     </span>
    </p>
   </div>
   <div class='ocr_carea' id='block_1_26' title="bbox 2569 1055 3292 1126">
    <p class='ocr_par' dir='ltr' id='par_1_26' title="bbox 2569 1055 3292 1126">
     <span class='ocr_line' id='line_1_26' title="bbox 2569 1055 3292 1126; baseline 0.001 -16"><span class='ocrx_word' id='word_1_150' title='bbox 2569 1055 2672 1110; x_wconf 82' lang='grc' dir='ltr'><strong>Ἕκ</strong></span> <span class='ocrx_word' id='word_1_151' title='bbox 2710 1055 2816 1111; x_wconf 81' lang='grc' dir='ltr'>τοῦ</span> <span class='ocrx_word' id='word_1_152' title='bbox 2854 1057 3044 1113; x_wconf 82' lang='grc' dir='ltr'>αὐτοῦ</span> <span class='ocrx_word' id='word_1_153' title='bbox 3081 1058 3292 1126; x_wconf 78' lang='grc' dir='ltr'><strong>λόγου.</strong></span> 
     </span>
    </p>
   </div>
   <div class='ocr_carea' id='block_1_27' title="bbox 2207 1145 3725 1222">
    <p class='ocr_par' dir='ltr' id='par_1_27' title="bbox 2207 1145 3725 1222">
     <span class='ocr_line' id='line_1_27' title="bbox 2207 1145 3725 1222; baseline 0.002 -22"><span class='ocrx_word' id='word_1_154' title='bbox 2207 1145 2270 1201; x_wconf 78' lang='lat' dir='ltr'><strong>Ei</strong></span> <span class='ocrx_word' id='word_1_155' title='bbox 2305 1149 2536 1219; x_wconf 78' lang='grc' dir='ltr'><strong>κτίσμα,</strong></span> <span class='ocrx_word' id='word_1_156' title='bbox 2572 1150 2668 1203; x_wconf 73' lang='grc' dir='ltr'>καὶ</span> <span class='ocrx_word' id='word_1_157' title='bbox 2699 1151 2759 1203; x_wconf 87' lang='grc' dir='ltr'><strong>οὐ</strong></span> <span class='ocrx_word' id='word_1_158' title='bbox 2790 1152 3038 1222; x_wconf 82' lang='grc' dir='ltr'>γέννημα</span> <span class='ocrx_word' id='word_1_159' title='bbox 3068 1151 3097 1204; x_wconf 91' lang='lat'><strong>6</strong></span> <span class='ocrx_word' id='word_1_160' title='bbox 3135 1149 3289 1214; x_wconf 73' lang='grc' dir='ltr'>Υἱὸς,</span> <span class='ocrx_word' id='word_1_161' title='bbox 3324 1150 3418 1203; x_wconf 58' lang='grc' dir='ltr'><strong>καὶ⁵</strong></span> <span class='ocrx_word' id='word_1_162' title='bbox 3452 1148 3633 1204; x_wconf 78' lang='grc' dir='ltr'>πάντα</span> <span class='ocrx_word' id='word_1_163' title='bbox 3660 1148 3725 1203; x_wconf 63' lang='grc' dir='ltr'><strong>δὲ</strong></span> 
     </span>
    </p>
   </div>
   <div class='ocr_carea' id='block_1_28' title="bbox 2132 1240 3725 1315">
    <p class='ocr_par' dir='ltr' id='par_1_28' title="bbox 2132 1240 3725 1315">
     <span class='ocr_line' id='line_1_28' title="bbox 2132 1240 3725 1315; baseline 0.003 -22"><span class='ocrx_word' id='word_1_164' title='bbox 2132 1240 2202 1293; x_wconf 79' lang='grc' dir='ltr'><strong>τὰ</strong></span> <span class='ocrx_word' id='word_1_165' title='bbox 2218 1240 2346 1294; x_wconf 78' lang='grc' dir='ltr'>ὅντα</span> <span class='ocrx_word' id='word_1_166' title='bbox 2375 1242 2675 1313; x_wconf 78' lang='grc' dir='ltr'>κτίσματα,</span> <span class='ocrx_word' id='word_1_167' title='bbox 2705 1243 2881 1314; x_wconf 74' lang='grc' dir='ltr'>μάτην</span> <span class='ocrx_word' id='word_1_168' title='bbox 2901 1246 3196 1315; x_wconf 79' lang='grc' dir='ltr'>ἀγέννητος</span> <span class='ocrx_word' id='word_1_169' title='bbox 3213 1247 3241 1299; x_wconf 88' lang='lat'><strong>6</strong></span> <span class='ocrx_word' id='word_1_170' title='bbox 3269 1243 3456 1313; x_wconf 77' lang='grc' dir='ltr'>Πατὴρ</span> <span class='ocrx_word' id='word_1_171' title='bbox 3477 1242 3725 1311; x_wconf 81' lang='grc' dir='ltr'>λέγεται,</span> 
     </span>
    </p>
   </div>
   <div class='ocr_carea' id='block_1_29' title="bbox 2131 1333 3724 1409">
    <p class='ocr_par' dir='ltr' id='par_1_29' title="bbox 2131 1333 3724 1409">
     <span class='ocr_line' id='line_1_29' title="bbox 2131 1333 3724 1409; baseline 0.002 -22"><span class='ocrx_word' id='word_1_172' title='bbox 2131 1336 2233 1388; x_wconf 88' lang='grc' dir='ltr'>οὐκ</span> <span class='ocrx_word' id='word_1_173' title='bbox 2255 1333 2408 1397; x_wconf 76' lang='grc' dir='ltr'>ὄντος</span> <span class='ocrx_word' id='word_1_174' title='bbox 2437 1334 2572 1397; x_wconf 82' lang='grc' dir='ltr'>ὅλως</span> <span class='ocrx_word' id='word_1_175' title='bbox 2600 1337 2965 1406; x_wconf 78' lang='grc' dir='ltr'>γεννήματος,</span> <span class='ocrx_word' id='word_1_176' title='bbox 2999 1338 3137 1408; x_wconf 83' lang='grc' dir='ltr'>πρὸς</span> <span class='ocrx_word' id='word_1_177' title='bbox 3156 1339 3184 1391; x_wconf 85' lang='grc' dir='ltr'><strong>ὃ</strong></span> <span class='ocrx_word' id='word_1_178' title='bbox 3204 1338 3457 1391; x_wconf 84' lang='grc' dir='ltr'>καλεῖται</span> <span class='ocrx_word' id='word_1_179' title='bbox 3484 1338 3724 1409; x_wconf 72' lang='grc' dir='ltr'>ἀγέννη-</span> 
     </span>
    </p>
   </div>
   <div class='ocr_carea' id='block_1_30' title="bbox 2130 1423 3723 1500">
    <p class='ocr_par' dir='ltr' id='par_1_30' title="bbox 2130 1423 3723 1500">
     <span class='ocr_line' id='line_1_30' title="bbox 2130 1423 3723 1500; baseline 0.003 -21"><span class='ocrx_word' id='word_1_180' title='bbox 2130 1443 2241 1490; x_wconf 88' lang='grc' dir='ltr'>τος.</span> <span class='ocrx_word' id='word_1_181' title='bbox 2274 1427 2623 1497; x_wconf 81' lang='grc' dir='ltr'>Δικαιότερον</span> <span class='ocrx_word' id='word_1_182' title='bbox 2657 1423 2750 1482; x_wconf 76' lang='grc' dir='ltr'>οὖν</span> <span class='ocrx_word' id='word_1_183' title='bbox 2784 1428 3062 1493; x_wconf 77' lang='grc' dir='ltr'>ἄκτιστος,</span> <span class='ocrx_word' id='word_1_184' title='bbox 3095 1430 3128 1500; x_wconf 80' lang='grc' dir='ltr'>ἢ</span> <span class='ocrx_word' id='word_1_185' title='bbox 3165 1430 3469 1499; x_wconf 82' lang='grc' dir='ltr'>ἀγέννητος</span> <span class='ocrx_word' id='word_1_186' title='bbox 3499 1429 3723 1499; x_wconf 83' lang='grc' dir='ltr'>λέγοιτο</span> 
     </span>
    </p>
   </div>
   <div class='ocr_carea' id='block_1_31' title="bbox 2131 1518 3724 1591">
    <p class='ocr_par' dir='ltr' id='par_1_31' title="bbox 2131 1518 3724 1591">
     <span class='ocr_line' id='line_1_31' title="bbox 2131 1518 3724 1591; baseline 0.003 -20"><span class='ocrx_word' id='word_1_187' title='bbox 2131 1518 2216 1572; x_wconf 79' lang='grc' dir='ltr'><strong>ἄν.</strong></span> <span class='ocrx_word' id='word_1_188' title='bbox 2249 1518 2320 1572; x_wconf 89' lang='grc' dir='ltr'><strong>Τὸ</strong></span> <span class='ocrx_word' id='word_1_189' title='bbox 2351 1520 2460 1588; x_wconf 83' lang='grc' dir='ltr'>γὰρ</span> <span class='ocrx_word' id='word_1_190' title='bbox 2489 1520 2781 1588; x_wconf 80' lang='grc' dir='ltr'>ἁγέννητος</span> <span class='ocrx_word' id='word_1_191' title='bbox 2811 1521 2859 1573; x_wconf 81' lang='grc' dir='ltr'><strong>εί</strong></span> <span class='ocrx_word' id='word_1_192' title='bbox 2889 1520 3079 1589; x_wconf 73' lang='grc' dir='ltr'>ὄνομα,</span> <span class='ocrx_word' id='word_1_193' title='bbox 3115 1521 3213 1574; x_wconf 85' lang='grc' dir='ltr'>οὐκ</span> <span class='ocrx_word' id='word_1_194' title='bbox 3244 1521 3424 1575; x_wconf 87' lang='grc' dir='ltr'>οὐσία.</span> <span class='ocrx_word' id='word_1_195' title='bbox 3453 1519 3574 1576; x_wconf 84' lang='grc' dir='ltr'>Τῶν</span> <span class='ocrx_word' id='word_1_196' title='bbox 3609 1522 3724 1591; x_wconf 76' lang='grc' dir='ltr'><strong>γὰρ</strong></span> 
     </span>
    </p>
   </div>
   <div class='ocr_carea' id='block_1_32' title="bbox 2130 1610 3726 1681">
    <p class='ocr_par' dir='ltr' id='par_1_32' title="bbox 2130 1610 3726 1681">
     <span class='ocr_line' id='line_1_32' title="bbox 2130 1610 3726 1681; baseline 0.001 -16"><span class='ocrx_word' id='word_1_197' title='bbox 2130 1612 2326 1665; x_wconf 86' lang='grc' dir='ltr'>οὐσιῶν</span> <span class='ocrx_word' id='word_1_198' title='bbox 2354 1610 2660 1681; x_wconf 82' lang='grc' dir='ltr'>σημαντικὰ</span> <span class='ocrx_word' id='word_1_199' title='bbox 2689 1612 2755 1665; x_wconf 83' lang='grc' dir='ltr'>τὰ</span> <span class='ocrx_word' id='word_1_200' title='bbox 2783 1611 3044 1681; x_wconf 83' lang='grc' dir='ltr'>ὀνόματα,</span> <span class='ocrx_word' id='word_1_201' title='bbox 3072 1614 3170 1666; x_wconf 83' lang='grc' dir='ltr'>οὐκ</span> <span class='ocrx_word' id='word_1_202' title='bbox 3199 1614 3337 1667; x_wconf 80' lang='grc' dir='ltr'>αὐτὰ</span> <span class='ocrx_word' id='word_1_203' title='bbox 3367 1613 3545 1667; x_wconf 76' lang='grc' dir='ltr'>οὐσία.</span> <span class='ocrx_word' id='word_1_204' title='bbox 3574 1615 3635 1666; x_wconf 71' lang='lat' dir='ltr'><strong>Et</strong></span> <span class='ocrx_word' id='word_1_205' title='bbox 3667 1614 3726 1667; x_wconf 71' lang='grc' dir='ltr'><strong>δὲ</strong></span> 
     </span>
    </p>
   </div>
   <div class='ocr_carea' id='block_1_33' title="bbox 2130 1700 3719 1774">
    <p class='ocr_par' dir='ltr' id='par_1_33' title="bbox 2130 1700 3719 1774">
     <span class='ocr_line' id='line_1_33' title="bbox 2130 1700 3719 1774; baseline 0.001 -20"><span class='ocrx_word' id='word_1_206' title='bbox 2130 1703 2263 1755; x_wconf 84' lang='grc' dir='ltr'>αὐτὸ</span> <span class='ocrx_word' id='word_1_207' title='bbox 2288 1702 2445 1755; x_wconf 88' lang='grc' dir='ltr'>οὐσία</span> <span class='ocrx_word' id='word_1_208' title='bbox 2474 1702 2535 1754; x_wconf 87' lang='grc' dir='ltr'>τὸ</span> <span class='ocrx_word' id='word_1_209' title='bbox 2558 1700 2872 1770; x_wconf 79' lang='grc' dir='ltr'>ἀγέννητὸς,</span> <span class='ocrx_word' id='word_1_210' title='bbox 2899 1703 3212 1771; x_wconf 80' lang='grc' dir='ltr'>λεγέτωσαν</span> <span class='ocrx_word' id='word_1_211' title='bbox 3236 1704 3293 1757; x_wconf 82' lang='grc' dir='ltr'>τὸ</span> <span class='ocrx_word' id='word_1_212' title='bbox 3322 1704 3494 1774; x_wconf 79' lang='grc' dir='ltr'>ὄνομα</span> <span class='ocrx_word' id='word_1_213' title='bbox 3522 1705 3719 1773; x_wconf 77' lang='grc' dir='ltr'>αὐτῆς.</span> 
     </span>
    </p>
   </div>
   <div class='ocr_carea' id='block_1_34' title="bbox 435 1766 2025 1865">
    <p class='ocr_par' dir='ltr' id='par_1_34' title="bbox 435 1770 2025 1845">
     <span class='ocr_line' id='line_1_34' title="bbox 435 1770 2025 1845; baseline 0.01 -22"><span class='ocrx_word' id='word_1_214' title='bbox 435 1770 620 1823; x_wconf 86' lang='lat' dir='ltr'><strong>dicunt</strong></span> <span class='ocrx_word' id='word_1_215' title='bbox 647 1774 934 1826; x_wconf 79' lang='lat' dir='ltr'><strong>essentiam</strong></span> <span class='ocrx_word' id='word_1_216' title='bbox 965 1789 1107 1842; x_wconf 76' lang='lat' dir='ltr'><strong>esse,</strong></span> <span class='ocrx_word' id='word_1_217' title='bbox 1140 1776 1309 1845; x_wconf 90' lang='lat' dir='ltr'><strong>ipsius</strong></span> <span class='ocrx_word' id='word_1_218' title='bbox 1347 1778 1581 1833; x_wconf 78' lang='lat' dir='ltr'><strong>aﬂ&#39;eraut</strong></span> <span class='ocrx_word' id='word_1_219' title='bbox 1631 1795 1855 1837; x_wconf 89' lang='lat' dir='ltr'><strong>nomen.</strong></span> <span class='ocrx_word' id='word_1_220' title='bbox 1909 1784 2025 1839; x_wconf 76' lang='lat' dir='ltr'><strong>Non</strong></span> 
     </span>
    </p>
   </div>
   <div class='ocr_carea' id='block_1_35' title="bbox 2128 1766 3723 1865">
    <p class='ocr_par' dir='ltr' id='par_1_35' title="bbox 2132 1796 3723 1865">
     <span class='ocr_line' id='line_1_35' title="bbox 2132 1796 3723 1865; baseline 0 -18"><span class='ocrx_word' id='word_1_221' title='bbox 2132 1796 2207 1847; x_wconf 88' lang='grc' dir='ltr'>Οὐ</span> <span class='ocrx_word' id='word_1_222' title='bbox 2273 1796 2381 1864; x_wconf 81' lang='grc' dir='ltr'>γὰρ</span> <span class='ocrx_word' id='word_1_223' title='bbox 2432 1797 2495 1847; x_wconf 82' lang='grc' dir='ltr'><strong>ὲκ</strong></span> <span class='ocrx_word' id='word_1_224' title='bbox 2552 1796 2658 1848; x_wconf 86' lang='grc' dir='ltr'><strong>τῶν</strong></span> <span class='ocrx_word' id='word_1_225' title='bbox 2716 1798 2939 1865; x_wconf 76' lang='grc' dir='ltr'>οὐσιῶν,</span> <span class='ocrx_word' id='word_1_226' title='bbox 2989 1799 3107 1851; x_wconf 80' lang='grc' dir='ltr'><strong>ἀλλ’</strong></span> <span class='ocrx_word' id='word_1_227' title='bbox 3160 1800 3223 1851; x_wconf 80' lang='grc' dir='ltr'><strong>ὲκ</strong></span> <span class='ocrx_word' id='word_1_228' title='bbox 3273 1798 3381 1849; x_wconf 87' lang='grc' dir='ltr'><strong>τῶν</strong></span> <span class='ocrx_word' id='word_1_229' title='bbox 3436 1798 3723 1865; x_wconf 81' lang='grc' dir='ltr'>ὀνομάτων</span> 
     </span>
    </p>
   </div>
   <div class='ocr_carea' id='block_1_36' title="bbox 436 1864 2028 1945">
    <p class='ocr_par' dir='ltr' id='par_1_36' title="bbox 436 1864 2028 1945">
     <span class='ocr_line' id='line_1_36' title="bbox 436 1864 2028 1945; baseline 0.013 -31"><span class='ocrx_word' id='word_1_230' title='bbox 436 1864 579 1916; x_wconf 91' lang='lat' dir='ltr'><strong>enim</strong></span> <span class='ocrx_word' id='word_1_231' title='bbox 643 1880 707 1918; x_wconf 80' lang='lat' dir='ltr'><strong>ex</strong></span> <span class='ocrx_word' id='word_1_232' title='bbox 768 1868 1030 1931; x_wconf 75' lang='lat' dir='ltr'><strong>essentia,</strong></span> <span class='ocrx_word' id='word_1_233' title='bbox 1093 1871 1184 1923; x_wconf 85' lang='lat' dir='ltr'><strong>sed</strong></span> <span class='ocrx_word' id='word_1_234' title='bbox 1213 1886 1275 1923; x_wconf 80' lang='lat' dir='ltr'><strong>ex</strong></span> <span class='ocrx_word' id='word_1_235' title='bbox 1318 1874 1537 1925; x_wconf 86' lang='lat' dir='ltr'><strong>nomine</strong></span> <span class='ocrx_word' id='word_1_236' title='bbox 1588 1873 1903 1945; x_wconf 88' lang='lat' dir='ltr'><strong>actioneque</strong></span> <span class='ocrx_word' id='word_1_237' title='bbox 1941 1895 2028 1935; x_wconf 90' lang='lat' dir='ltr'><strong>res</strong></span> 
     </span>
    </p>
   </div>
   <div class='ocr_carea' id='block_1_37' title="bbox 436 1959 2027 2035">
    <p class='ocr_par' dir='ltr' id='par_1_37' title="bbox 436 1959 2027 2035">
     <span class='ocr_line' id='line_1_37' title="bbox 436 1959 2027 2035; baseline 0.011 -26"><span class='ocrx_word' id='word_1_238' title='bbox 436 1959 836 2024; x_wconf 80' lang='lat' dir='ltr'><strong>cognoscimus,</strong></span> <span class='ocrx_word' id='word_1_239' title='bbox 893 1974 985 2016; x_wconf 88' lang='lat' dir='ltr'><strong>eas</strong></span> <span class='ocrx_word' id='word_1_240' title='bbox 1050 1966 1351 2032; x_wconf 82' lang='lat' dir='ltr'><strong>praesertim</strong></span> <span class='ocrx_word' id='word_1_241' title='bbox 1412 1978 1533 2034; x_wconf 72' lang='lat' dir='ltr'><strong>qua:</strong></span> <span class='ocrx_word' id='word_1_242' title='bbox 1592 1969 1837 2035; x_wconf 80' lang='lat' dir='ltr'><strong>corpOris</strong></span> <span class='ocrx_word' id='word_1_243' title='bbox 1899 1982 2027 2027; x_wconf 90' lang='lat' dir='ltr'><strong>sunt</strong></span> 
     </span>
    </p>
   </div>
   <div class='ocr_carea' id='block_1_38' title="bbox 434 2061 709 2118">
    <p class='ocr_par' dir='ltr' id='par_1_38' title="bbox 434 2061 709 2118">
     <span class='ocr_line' id='line_1_38' title="bbox 434 2061 709 2118; baseline 0.007 -15"><span class='ocrx_word' id='word_1_244' title='bbox 434 2061 709 2118; x_wconf 80' lang='lat' dir='ltr'><strong>expertes.</strong></span> 
     </span>
    </p>
   </div>
   <div class='ocr_carea' id='block_1_39' title="bbox 1080 2146 1403 2202">
    <p class='ocr_par' dir='ltr' id='par_1_39' title="bbox 1080 2146 1403 2202">
     <span class='ocr_line' id='line_1_39' title="bbox 1080 2146 1403 2202; baseline 0.012 -4"><span class='ocrx_word' id='word_1_245' title='bbox 1080 2146 1163 2200; x_wconf 80' lang='lat' dir='ltr'><strong>Ea:</strong></span> <span class='ocrx_word' id='word_1_246' title='bbox 1199 2149 1403 2202; x_wconf 85' lang='lat' dir='ltr'><strong>eadem.-</strong></span> 
     </span>
    </p>
   </div>
   <div class='ocr_carea' id='block_1_40' title="bbox 507 2236 2026 2306">
    <p class='ocr_par' dir='ltr' id='par_1_40' title="bbox 507 2236 2026 2306">
     <span class='ocr_line' id='line_1_40' title="bbox 507 2236 2026 2306; baseline 0.003 -16"><span class='ocrx_word' id='word_1_247' title='bbox 507 2236 563 2290; x_wconf 88' lang='lat' dir='ltr'><strong>Si</strong></span> <span class='ocrx_word' id='word_1_248' title='bbox 580 2236 850 2306; x_wconf 84' lang='lat' dir='ltr'><strong>ingenitus</strong></span> <span class='ocrx_word' id='word_1_249' title='bbox 872 2246 957 2293; x_wconf 90' lang='lat' dir='ltr'><strong>est</strong></span> <span class='ocrx_word' id='word_1_250' title='bbox 982 2253 1175 2293; x_wconf 89' lang='lat' dir='ltr'><strong>nomen</strong></span> <span class='ocrx_word' id='word_1_251' title='bbox 1196 2242 1447 2295; x_wconf 85' lang='lat' dir='ltr'><strong>essentiae</strong></span> <span class='ocrx_word' id='word_1_252' title='bbox 1481 2242 1590 2304; x_wconf 85' lang='lat' dir='ltr'><strong>Dei,</strong></span> <span class='ocrx_word' id='word_1_253' title='bbox 1617 2252 1706 2295; x_wconf 90' lang='lat' dir='ltr'><strong>aut</strong></span> <span class='ocrx_word' id='word_1_254' title='bbox 1731 2242 2026 2297; x_wconf 87' lang='lat' dir='ltr'><strong>essentiam</strong></span> 
     </span>
    </p>
   </div>
   <div class='ocr_carea' id='block_1_41' title="bbox 432 2329 2025 2403">
    <p class='ocr_par' dir='ltr' id='par_1_41' title="bbox 432 2329 2025 2403">
     <span class='ocr_line' id='line_1_41' title="bbox 432 2329 2025 2403; baseline 0.003 -22"><span class='ocrx_word' id='word_1_255' title='bbox 432 2341 767 2393; x_wconf 79' lang='lat' dir='ltr'><strong>cognoscens</strong></span> <span class='ocrx_word' id='word_1_256' title='bbox 810 2344 965 2382; x_wconf 89' lang='lat' dir='ltr'><strong>suam</strong></span> <span class='ocrx_word' id='word_1_257' title='bbox 1026 2329 1167 2385; x_wconf 88' lang='lat' dir='ltr'><strong>Deus</strong></span> <span class='ocrx_word' id='word_1_258' title='bbox 1216 2335 1469 2385; x_wconf 58' lang='lat' dir='ltr'><strong>essentia:</strong></span> <span class='ocrx_word' id='word_1_259' title='bbox 1515 2349 1706 2386; x_wconf 83' lang='lat' dir='ltr'><strong>nomen</strong></span> <span class='ocrx_word' id='word_1_260' title='bbox 1737 2334 2025 2403; x_wconf 76' lang='lat' dir='ltr'><strong>ignoravit,</strong></span> 
     </span>
    </p>
   </div>
   <div class='ocr_carea' id='block_1_42' title="bbox 432 2419 2027 2498">
    <p class='ocr_par' dir='ltr' id='par_1_42' title="bbox 432 2419 2027 2498">
     <span class='ocr_line' id='line_1_42' title="bbox 432 2419 2027 2498; baseline 0.003 -28"><span class='ocrx_word' id='word_1_261' title='bbox 432 2429 527 2471; x_wconf 91' lang='lat' dir='ltr'><strong>aut</strong></span> <span class='ocrx_word' id='word_1_262' title='bbox 573 2430 773 2473; x_wconf 86' lang='lat' dir='ltr'><strong>nomen</strong></span> <span class='ocrx_word' id='word_1_263' title='bbox 802 2419 962 2474; x_wconf 90' lang='lat' dir='ltr'><strong>etiam</strong></span> <span class='ocrx_word' id='word_1_264' title='bbox 997 2420 1175 2498; x_wconf 87' lang='lat' dir='ltr'><strong>sciens</strong></span> <span class='ocrx_word' id='word_1_265' title='bbox 1206 2424 1503 2498; x_wconf 78' lang='lat' dir='ltr'><strong>audientes</strong></span> <span class='ocrx_word' id='word_1_266' title='bbox 1523 2423 1777 2491; x_wconf 89' lang='lat' dir='ltr'><strong>decepit:</strong></span> <span class='ocrx_word' id='word_1_267' title='bbox 1837 2423 2027 2476; x_wconf 86' lang='lat' dir='ltr'><strong>Domi-</strong></span> 
     </span>
    </p>
   </div>
   <div class='ocr_carea' id='block_1_43' title="bbox 432 2492 2023 2585">
    <p class='ocr_par' dir='ltr' id='par_1_43' title="bbox 432 2514 2023 2585">
     <span class='ocr_line' id='line_1_43' title="bbox 432 2514 2023 2585; baseline 0.004 -22"><span class='ocrx_word' id='word_1_268' title='bbox 432 2522 528 2565; x_wconf 83' lang='lat' dir='ltr'><strong>nus</strong></span> <span class='ocrx_word' id='word_1_269' title='bbox 574 2515 711 2566; x_wconf 83' lang='lat' dir='ltr'><strong>enim</strong></span> <span class='ocrx_word' id='word_1_270' title='bbox 763 2514 1111 2581; x_wconf 81' lang='lat' dir='ltr'><strong>omnipotens,</strong></span> <span class='ocrx_word' id='word_1_271' title='bbox 1160 2515 1353 2585; x_wconf 84' lang='lat' dir='ltr'><strong>inquit,</strong></span> <span class='ocrx_word' id='word_1_272' title='bbox 1411 2526 1487 2569; x_wconf 84' lang='lat' dir='ltr'><strong>est</strong></span> <span class='ocrx_word' id='word_1_273' title='bbox 1535 2534 1725 2570; x_wconf 84' lang='lat' dir='ltr'><strong>nomen</strong></span> <span class='ocrx_word' id='word_1_274' title='bbox 1770 2533 1941 2570; x_wconf 82' lang='lat' dir='ltr'><strong>meum</strong></span> <span class='ocrx_word' id='word_1_275' title='bbox 1983 2517 2023 2569; x_wconf 79' lang='grc' dir='ltr'>ί.</span> 
     </span>
    </p>
   </div>
   <div class='ocr_carea' id='block_1_44' title="bbox 432 2602 2019 2675">
    <p class='ocr_par' dir='ltr' id='par_1_44' title="bbox 432 2602 2019 2675">
     <span class='ocr_line' id='line_1_44' title="bbox 432 2602 2019 2675; baseline 0.001 -17"><span class='ocrx_word' id='word_1_276' title='bbox 432 2604 499 2658; x_wconf 86' lang='lat' dir='ltr'><strong>Et</strong></span> <span class='ocrx_word' id='word_1_277' title='bbox 530 2602 661 2669; x_wconf 78' lang='lat' dir='ltr'><strong>Mosi</strong></span> <span class='ocrx_word' id='word_1_278' title='bbox 688 2605 952 2672; x_wconf 76' lang='lat' dir='ltr'><strong>quaerenti</strong></span> <span class='ocrx_word' id='word_1_279' title='bbox 978 2620 1174 2659; x_wconf 87' lang='lat' dir='ltr'><strong>nomen</strong></span> <span class='ocrx_word' id='word_1_280' title='bbox 1207 2606 1375 2675; x_wconf 88' lang='lat' dir='ltr'><strong>ipsius</strong></span> <span class='ocrx_word' id='word_1_281' title='bbox 1414 2623 1427 2659; x_wconf 89' lang='lat'><strong>:</strong></span> <span class='ocrx_word' id='word_1_282' title='bbox 1470 2607 1600 2675; x_wconf 78' lang='lat' dir='ltr'><strong>Ego,</strong></span> <span class='ocrx_word' id='word_1_283' title='bbox 1645 2606 1842 2674; x_wconf 89' lang='lat' dir='ltr'><strong>inquit,</strong></span> <span class='ocrx_word' id='word_1_284' title='bbox 1880 2622 2019 2671; x_wconf 86' lang='lat' dir='ltr'><strong>sum,</strong></span> 
     </span>
    </p>
   </div>
   <div class='ocr_carea' id='block_1_45' title="bbox 429 2697 2028 2768">
    <p class='ocr_par' dir='ltr' id='par_1_45' title="bbox 429 2697 2028 2768">
     <span class='ocr_line' id='line_1_45' title="bbox 429 2697 2028 2768; baseline 0.003 -20"><span class='ocrx_word' id='word_1_285' title='bbox 429 2697 518 2765; x_wconf 83' lang='lat' dir='ltr'><strong>qui</strong></span> <span class='ocrx_word' id='word_1_286' title='bbox 547 2712 663 2750; x_wconf 85' lang='lat' dir='ltr'><strong>sum</strong></span> <span class='ocrx_word' id='word_1_287' title='bbox 693 2698 733 2749; x_wconf 83' lang='grc'><strong>¹.</strong></span> <span class='ocrx_word' id='word_1_288' title='bbox 775 2697 840 2750; x_wconf 85' lang='grc' dir='ltr'>Ει</span> <span class='ocrx_word' id='word_1_289' title='bbox 874 2712 1091 2751; x_wconf 87' lang='lat' dir='ltr'><strong>rursum</strong></span> <span class='ocrx_word' id='word_1_290' title='bbox 1135 2716 1147 2751; x_wconf 91' lang='lat'><strong>:</strong></span> <span class='ocrx_word' id='word_1_291' title='bbox 1195 2698 1357 2763; x_wconf 83' lang='lat' dir='ltr'><strong>Deus,</strong></span> <span class='ocrx_word' id='word_1_292' title='bbox 1406 2699 1602 2768; x_wconf 80' lang='lat' dir='ltr'><strong>inquit,</strong></span> <span class='ocrx_word' id='word_1_293' title='bbox 1654 2698 1948 2761; x_wconf 83' lang='lat' dir='ltr'><strong>Abraham,</strong></span> <span class='ocrx_word' id='word_1_294' title='bbox 1979 2708 2028 2752; x_wconf 78' lang='lat' dir='ltr'><strong>et</strong></span> 
     </span>
    </p>
   </div>
   <div class='ocr_carea' id='block_1_46' title="bbox 429 2789 2029 2856">
    <p class='ocr_par' dir='ltr' id='par_1_46' title="bbox 429 2789 2029 2856">
     <span class='ocr_line' id='line_1_46' title="bbox 429 2789 2029 2856; baseline 0.001 -12"><span class='ocrx_word' id='word_1_295' title='bbox 429 2791 571 2845; x_wconf 76' lang='lat' dir='ltr'><strong>Deus</strong></span> <span class='ocrx_word' id='word_1_296' title='bbox 608 2789 786 2853; x_wconf 84' lang='lat' dir='ltr'><strong>Isaac,</strong></span> <span class='ocrx_word' id='word_1_297' title='bbox 832 2800 881 2844; x_wconf 85' lang='lat' dir='ltr'><strong>et</strong></span> <span class='ocrx_word' id='word_1_298' title='bbox 917 2789 1053 2845; x_wconf 72' lang='lat' dir='ltr'><strong>Deus</strong></span> <span class='ocrx_word' id='word_1_299' title='bbox 1082 2790 1276 2856; x_wconf 83' lang='lat' dir='ltr'><strong>Jacob,</strong></span> <span class='ocrx_word' id='word_1_300' title='bbox 1327 2792 1422 2847; x_wconf 81' lang='lat' dir='ltr'><strong>hoc</strong></span> <span class='ocrx_word' id='word_1_301' title='bbox 1454 2794 1579 2846; x_wconf 83' lang='lat' dir='ltr'><strong>mihi</strong></span> <span class='ocrx_word' id='word_1_302' title='bbox 1631 2810 1817 2848; x_wconf 86' lang='lat' dir='ltr'><strong>nomen</strong></span> <span class='ocrx_word' id='word_1_303' title='bbox 1872 2805 2029 2848; x_wconf 71' lang='lat' dir='ltr'><strong>ceter-</strong></span> 
     </span>
    </p>
   </div>
   <div class='ocr_carea' id='block_1_47' title="bbox 427 2880 2025 2955">
    <p class='ocr_par' dir='ltr' id='par_1_47' title="bbox 427 2880 2025 2955">
     <span class='ocr_line' id='line_1_47' title="bbox 427 2880 2025 2955; baseline 0.001 -16"><span class='ocrx_word' id='word_1_304' title='bbox 427 2900 552 2939; x_wconf 85' lang='lat' dir='ltr'><strong>num</strong></span> <span class='ocrx_word' id='word_1_305' title='bbox 578 2884 622 2937; x_wconf 84' lang='grc'><strong>³.</strong></span> <span class='ocrx_word' id='word_1_306' title='bbox 648 2883 709 2937; x_wconf 86' lang='lat' dir='ltr'><strong>Et</strong></span> <span class='ocrx_word' id='word_1_307' title='bbox 732 2882 932 2939; x_wconf 86' lang='lat' dir='ltr'><strong>David:</strong></span> <span class='ocrx_word' id='word_1_308' title='bbox 956 2880 1232 2948; x_wconf 75' lang='lat' dir='ltr'><strong>Dominus,</strong></span> <span class='ocrx_word' id='word_1_309' title='bbox 1259 2884 1431 2953; x_wconf 85' lang='lat' dir='ltr'><strong>inquit</strong></span> <span class='ocrx_word' id='word_1_310' title='bbox 1459 2924 1474 2952; x_wconf 88' lang='lat'><strong>,</strong></span> <span class='ocrx_word' id='word_1_311' title='bbox 1506 2895 1582 2939; x_wconf 84' lang='lat' dir='ltr'><strong>est</strong></span> <span class='ocrx_word' id='word_1_312' title='bbox 1628 2901 1814 2939; x_wconf 80' lang='lat' dir='ltr'><strong>nomen</strong></span> <span class='ocrx_word' id='word_1_313' title='bbox 1838 2885 1951 2955; x_wconf 86' lang='lat' dir='ltr'><strong>ejus</strong></span> <span class='ocrx_word' id='word_1_314' title='bbox 1982 2886 2025 2940; x_wconf 77' lang='grc'><strong>⁸.</strong></span> 
     </span>
    </p>
   </div>
   <div class='ocr_carea' id='block_1_48' title="bbox 426 2976 2022 3047">
    <p class='ocr_par' dir='ltr' id='par_1_48' title="bbox 426 2976 2022 3047">
     <span class='ocr_line' id='line_1_48' title="bbox 426 2976 2022 3047; baseline -0.001 -15"><span class='ocrx_word' id='word_1_315' title='bbox 426 2976 735 3047; x_wconf 79' lang='lat' dir='ltr'><strong>lngenitum</strong></span> <span class='ocrx_word' id='word_1_316' title='bbox 764 2986 944 3033; x_wconf 84' lang='lat' dir='ltr'><strong>autem</strong></span> <span class='ocrx_word' id='word_1_317' title='bbox 981 2990 1100 3031; x_wconf 87' lang='lat' dir='ltr'><strong>esse</strong></span> <span class='ocrx_word' id='word_1_318' title='bbox 1130 2992 1323 3030; x_wconf 87' lang='lat' dir='ltr'><strong>nomen</strong></span> <span class='ocrx_word' id='word_1_319' title='bbox 1359 2978 1502 3033; x_wconf 83' lang='lat' dir='ltr'><strong>illius</strong></span> <span class='ocrx_word' id='word_1_320' title='bbox 1555 2993 1653 3033; x_wconf 90' lang='lat' dir='ltr'><strong>nec</strong></span> <span class='ocrx_word' id='word_1_321' title='bbox 1707 2980 1824 3047; x_wconf 70' lang='lat' dir='ltr'><strong>ipse</strong></span> <span class='ocrx_word' id='word_1_322' title='bbox 1865 2978 2022 3042; x_wconf 78' lang='lat' dir='ltr'><strong>dixit,</strong></span> 
     </span>
    </p>
   </div>
   <div class='ocr_carea' id='block_1_49' title="bbox 426 3068 2097 3163">
    <p class='ocr_par' dir='ltr' id='par_1_49' title="bbox 426 3068 2097 3163">
     <span class='ocr_line' id='line_1_49' title="bbox 426 3068 2097 3163; baseline 0.001 -41"><span class='ocrx_word' id='word_1_323' title='bbox 426 3083 529 3123; x_wconf 85' lang='lat' dir='ltr'><strong>nec</strong></span> <span class='ocrx_word' id='word_1_324' title='bbox 563 3068 702 3123; x_wconf 87' lang='lat' dir='ltr'><strong>ullus</strong></span> <span class='ocrx_word' id='word_1_325' title='bbox 725 3076 1036 3123; x_wconf 84' lang='lat' dir='ltr'><strong>sanctorum</strong></span> <span class='ocrx_word' id='word_1_326' title='bbox 1060 3068 1359 3122; x_wconf 84' lang='lat' dir='ltr'><strong>hominum.</strong></span> <span class='ocrx_word' id='word_1_327' title='bbox 1390 3069 1545 3135; x_wconf 85' lang='lat' dir='ltr'><strong>Quod</strong></span> <span class='ocrx_word' id='word_1_328' title='bbox 1578 3070 1622 3121; x_wconf 87' lang='lat' dir='ltr'><strong>si</strong></span> <span class='ocrx_word' id='word_1_329' title='bbox 1653 3085 1830 3136; x_wconf 85' lang='lat' dir='ltr'><strong>neque</strong></span> <span class='ocrx_word' id='word_1_330' title='bbox 1871 3071 2026 3125; x_wconf 88' lang='lat' dir='ltr'><strong>dece—</strong></span> <span class='ocrx_word' id='word_1_331' title='bbox 2052 3103 2097 3163; x_wconf 64' lang='grc' dir='ltr'><strong>ο</strong></span> 
     </span>
    </p>
   </div>
   <div class='ocr_carea' id='block_1_50' title="bbox 425 3159 2028 3231">
    <p class='ocr_par' dir='ltr' id='par_1_50' title="bbox 425 3159 2028 3231">
     <span class='ocr_line' id='line_1_50' title="bbox 425 3159 2028 3231; baseline 0.002 -19"><span class='ocrx_word' id='word_1_332' title='bbox 425 3161 524 3229; x_wconf 87' lang='lat' dir='ltr'><strong>pit,</strong></span> <span class='ocrx_word' id='word_1_333' title='bbox 566 3174 743 3228; x_wconf 91' lang='lat' dir='ltr'><strong>neque</strong></span> <span class='ocrx_word' id='word_1_334' title='bbox 776 3159 1045 3227; x_wconf 78' lang='lat' dir='ltr'><strong>ignoravit</strong></span> <span class='ocrx_word' id='word_1_335' title='bbox 1093 3159 1168 3231; x_wconf 87' lang='lat' dir='ltr'><strong>(id</strong></span> <span class='ocrx_word' id='word_1_336' title='bbox 1203 3160 1347 3212; x_wconf 90' lang='lat' dir='ltr'><strong>enim</strong></span> <span class='ocrx_word' id='word_1_337' title='bbox 1377 3160 1528 3213; x_wconf 83' lang='lat' dir='ltr'><strong>nefas</strong></span> <span class='ocrx_word' id='word_1_338' title='bbox 1558 3170 1642 3215; x_wconf 55' lang='lat' dir='ltr'><strong>est</strong></span> <span class='ocrx_word' id='word_1_339' title='bbox 1683 3159 1911 3229; x_wconf 78' lang='lat' dir='ltr'><strong>dicere),</strong></span> <span class='ocrx_word' id='word_1_340' title='bbox 1944 3160 2028 3215; x_wconf 84' lang='lat' dir='ltr'><strong>in-</strong></span> 
     </span>
    </p>
   </div>
   <div class='ocr_carea' id='block_1_51' title="bbox 426 3251 1309 3324">
    <p class='ocr_par' dir='ltr' id='par_1_51' title="bbox 426 3251 1309 3324">
     <span class='ocr_line' id='line_1_51' title="bbox 426 3251 1309 3324; baseline 0 -17"><span class='ocrx_word' id='word_1_341' title='bbox 426 3252 643 3324; x_wconf 77' lang='lat' dir='ltr'><strong>genitus</strong></span> <span class='ocrx_word' id='word_1_342' title='bbox 694 3266 800 3307; x_wconf 92' lang='lat' dir='ltr'><strong>non</strong></span> <span class='ocrx_word' id='word_1_343' title='bbox 828 3259 912 3307; x_wconf 92' lang='lat' dir='ltr'><strong>est</strong></span> <span class='ocrx_word' id='word_1_344' title='bbox 944 3266 1142 3307; x_wconf 89' lang='lat' dir='ltr'><strong>nomen</strong></span> <span class='ocrx_word' id='word_1_345' title='bbox 1172 3251 1309 3320; x_wconf 86' lang='lat' dir='ltr'><strong>ejus.</strong></span> 
     </span>
    </p>
   </div>
   <div class='ocr_carea' id='block_1_52' title="bbox 1003 3342 1319 3398">
    <p class='ocr_par' dir='ltr' id='par_1_52' title="bbox 1003 3342 1319 3398">
     <span class='ocr_line' id='line_1_52' title="bbox 1003 3342 1319 3398; baseline -0.006 0"><span class='ocrx_word' id='word_1_346' title='bbox 1003 3342 1090 3398; x_wconf 80' lang='lat' dir='ltr'><strong>Ea:</strong></span> <span class='ocrx_word' id='word_1_347' title='bbox 1118 3344 1319 3398; x_wconf 85' lang='lat' dir='ltr'><strong>eodem.</strong></span> 
     </span>
    </p>
   </div>
   <div class='ocr_carea' id='block_1_53' title="bbox 497 3436 2019 3508">
    <p class='ocr_par' dir='ltr' id='par_1_53' title="bbox 497 3436 2019 3508">
     <span class='ocr_line' id='line_1_53' title="bbox 497 3436 2019 3508; baseline -0.001 -13"><span class='ocrx_word' id='word_1_348' title='bbox 497 3439 775 3508; x_wconf 85' lang='lat' dir='ltr'><strong>Iugeuitus</strong></span> <span class='ocrx_word' id='word_1_349' title='bbox 792 3448 884 3491; x_wconf 87' lang='lat' dir='ltr'><strong>aut</strong></span> <span class='ocrx_word' id='word_1_350' title='bbox 907 3436 1164 3504; x_wconf 88' lang='lat' dir='ltr'><strong>essentia,</strong></span> <span class='ocrx_word' id='word_1_351' title='bbox 1196 3447 1287 3489; x_wconf 89' lang='lat' dir='ltr'><strong>aut</strong></span> <span class='ocrx_word' id='word_1_352' title='bbox 1308 3436 1558 3493; x_wconf 85' lang='lat' dir='ltr'><strong>accidens</strong></span> <span class='ocrx_word' id='word_1_353' title='bbox 1584 3447 1687 3502; x_wconf 85' lang='lat' dir='ltr'><strong>est,</strong></span> <span class='ocrx_word' id='word_1_354' title='bbox 1713 3437 1846 3493; x_wconf 82' lang='lat' dir='ltr'><strong>nihil</strong></span> <span class='ocrx_word' id='word_1_355' title='bbox 1875 3440 2019 3494; x_wconf 87' lang='lat' dir='ltr'><strong>enim</strong></span> 
     </span>
    </p>
   </div>
   <div class='ocr_carea' id='block_1_54' title="bbox 426 3525 2023 3598">
    <p class='ocr_par' dir='ltr' id='par_1_54' title="bbox 426 3525 2023 3598">
     <span class='ocr_line' id='line_1_54' title="bbox 426 3525 2023 3598; baseline 0.001 -15"><span class='ocrx_word' id='word_1_356' title='bbox 426 3528 572 3585; x_wconf 82' lang='lat' dir='ltr'><strong>aliud</strong></span> <span class='ocrx_word' id='word_1_357' title='bbox 611 3542 732 3584; x_wconf 88' lang='lat' dir='ltr'><strong>esse</strong></span> <span class='ocrx_word' id='word_1_358' title='bbox 769 3535 966 3598; x_wconf 86' lang='lat' dir='ltr'><strong>potest.</strong></span> <span class='ocrx_word' id='word_1_359' title='bbox 1018 3525 1263 3582; x_wconf 84' lang='lat' dir='ltr'><strong>Essentia</strong></span> <span class='ocrx_word' id='word_1_360' title='bbox 1314 3540 1420 3581; x_wconf 90' lang='lat' dir='ltr'><strong>non</strong></span> <span class='ocrx_word' id='word_1_361' title='bbox 1462 3536 1543 3582; x_wconf 87' lang='lat' dir='ltr'><strong>est</strong></span> <span class='ocrx_word' id='word_1_362' title='bbox 1575 3567 1591 3594; x_wconf 95' lang='lat'><strong>,</strong></span> <span class='ocrx_word' id='word_1_363' title='bbox 1626 3529 1844 3597; x_wconf 88' lang='lat' dir='ltr'><strong>quando</strong></span> <span class='ocrx_word' id='word_1_364' title='bbox 1876 3546 1941 3584; x_wconf 90' lang='lat' dir='ltr'><strong>ne</strong></span> <span class='ocrx_word' id='word_1_365' title='bbox 1968 3530 2023 3585; x_wconf 91' lang='lat' dir='ltr'><strong>id</strong></span> 
     </span>
    </p>
   </div>
   <div class='ocr_carea' id='block_1_55' title="bbox 426 3615 2032 3693">
    <p class='ocr_par' dir='ltr' id='par_1_55' title="bbox 426 3615 2032 3693">
     <span class='ocr_line' id='line_1_55' title="bbox 426 3615 2032 3693; baseline 0.001 -18"><span class='ocrx_word' id='word_1_366' title='bbox 426 3617 670 3693; x_wconf 81' lang='lat' dir='ltr'><strong>quidem.</strong></span> <span class='ocrx_word' id='word_1_367' title='bbox 724 3617 866 3687; x_wconf 88' lang='lat' dir='ltr'><strong>quod</strong></span> <span class='ocrx_word' id='word_1_368' title='bbox 896 3619 964 3673; x_wconf 85' lang='lat' dir='ltr'><strong>ab</strong></span> <span class='ocrx_word' id='word_1_369' title='bbox 1008 3630 1074 3673; x_wconf 90' lang='lat' dir='ltr'><strong>eo</strong></span> <span class='ocrx_word' id='word_1_370' title='bbox 1108 3615 1426 3672; x_wconf 89' lang='lat' dir='ltr'><strong>distinctum</strong></span> <span class='ocrx_word' id='word_1_371' title='bbox 1474 3618 1523 3672; x_wconf 91' lang='lat' dir='ltr'><strong>ei</strong></span> <span class='ocrx_word' id='word_1_372' title='bbox 1561 3631 1626 3673; x_wconf 79' lang='lat' dir='ltr'><strong>ex</strong></span> <span class='ocrx_word' id='word_1_373' title='bbox 1682 3617 1852 3675; x_wconf 83' lang='lat' dir='ltr'><strong>altera</strong></span> <span class='ocrx_word' id='word_1_374' title='bbox 1881 3630 2032 3689; x_wconf 82' lang='lat' dir='ltr'><strong>parte</strong></span> 
     </span>
    </p>
   </div>
   <div class='ocr_carea' id='block_1_56' title="bbox 426 3708 2028 3783">
    <p class='ocr_par' dir='ltr' id='par_1_56' title="bbox 426 3708 2028 3783">
     <span class='ocr_line' id='line_1_56' title="bbox 426 3708 2028 3783; baseline 0 -14"><span class='ocrx_word' id='word_1_375' title='bbox 426 3713 737 3782; x_wconf 71' lang='lat' dir='ltr'><strong>respondet,</strong></span> <span class='ocrx_word' id='word_1_376' title='bbox 771 3725 961 3779; x_wconf 89' lang='lat' dir='ltr'><strong>nempe</strong></span> <span class='ocrx_word' id='word_1_377' title='bbox 989 3708 1229 3783; x_wconf 84' lang='lat' dir='ltr'><strong>genitus,</strong></span> <span class='ocrx_word' id='word_1_378' title='bbox 1252 3725 1359 3765; x_wconf 87' lang='lat' dir='ltr'><strong>non</strong></span> <span class='ocrx_word' id='word_1_379' title='bbox 1392 3718 1475 3766; x_wconf 88' lang='lat' dir='ltr'><strong>est</strong></span> <span class='ocrx_word' id='word_1_380' title='bbox 1500 3712 1763 3767; x_wconf 84' lang='lat' dir='ltr'><strong>essentia.</strong></span> <span class='ocrx_word' id='word_1_381' title='bbox 1796 3710 2028 3769; x_wconf 63' lang='lat' dir='ltr'><strong>Genitus</strong></span> 
     </span>
    </p>
   </div>
   <div class='ocr_carea' id='block_1_57' title="bbox 425 3800 2025 3872">
    <p class='ocr_par' dir='ltr' id='par_1_57' title="bbox 425 3800 2025 3872">
     <span class='ocr_line' id='line_1_57' title="bbox 425 3800 2025 3872; baseline -0.001 -11"><span class='ocrx_word' id='word_1_382' title='bbox 425 3804 568 3861; x_wconf 90' lang='lat' dir='ltr'><strong>enim</strong></span> <span class='ocrx_word' id='word_1_383' title='bbox 598 3804 802 3858; x_wconf 85' lang='lat' dir='ltr'><strong>dicitur</strong></span> <span class='ocrx_word' id='word_1_384' title='bbox 839 3800 1040 3869; x_wconf 82' lang='lat' dir='ltr'><strong>Filius,</strong></span> <span class='ocrx_word' id='word_1_385' title='bbox 1084 3818 1191 3857; x_wconf 90' lang='lat' dir='ltr'><strong>non</strong></span> <span class='ocrx_word' id='word_1_386' title='bbox 1223 3812 1498 3872; x_wconf 84' lang='lat' dir='ltr'><strong>quatenus</strong></span> <span class='ocrx_word' id='word_1_387' title='bbox 1528 3803 1770 3859; x_wconf 73' lang='lat' dir='ltr'><strong>essentia</strong></span> <span class='ocrx_word' id='word_1_388' title='bbox 1799 3814 1907 3871; x_wconf 89' lang='lat' dir='ltr'><strong>est,</strong></span> <span class='ocrx_word' id='word_1_389' title='bbox 1926 3806 2025 3860; x_wconf 85' lang='lat' dir='ltr'><strong>sed</strong></span> 
     </span>
    </p>
   </div>
   <div class='ocr_carea' id='block_1_58' title="bbox 425 3892 2049 3967">
    <p class='ocr_par' dir='ltr' id='par_1_58' title="bbox 425 3892 2049 3967">
     <span class='ocr_line' id='line_1_58' title="bbox 425 3892 2049 3967; baseline 0.002 -20"><span class='ocrx_word' id='word_1_390' title='bbox 425 3894 697 3965; x_wconf 70' lang='lat' dir='ltr'><strong>Quatenus</strong></span> <span class='ocrx_word' id='word_1_391' title='bbox 746 3893 1005 3967; x_wconf 73' lang='lat' dir='ltr'><strong>gignitur.</strong></span> <span class='ocrx_word' id='word_1_392' title='bbox 1056 3892 1150 3949; x_wconf 88' lang='lat' dir='ltr'><strong>Sin</strong></span> <span class='ocrx_word' id='word_1_393' title='bbox 1207 3904 1294 3949; x_wconf 86' lang='lat' dir='ltr'><strong>est</strong></span> <span class='ocrx_word' id='word_1_394' title='bbox 1346 3894 1625 3960; x_wconf 82' lang='lat' dir='ltr'><strong>accidens,</strong></span> <span class='ocrx_word' id='word_1_395' title='bbox 1686 3902 1779 3949; x_wconf 83' lang='lat' dir='ltr'><strong>aut</strong></span> <span class='ocrx_word' id='word_1_396' title='bbox 1825 3905 2049 3950; x_wconf 68' lang='lat' dir='ltr'><strong>natura</strong></span> 
     </span>
    </p>
   </div>
   <div class='ocr_carea' id='block_1_59' title="bbox 425 3987 2025 4057">
    <p class='ocr_par' dir='ltr' id='par_1_59' title="bbox 425 3987 2025 4057">
     <span class='ocr_line' id='line_1_59' title="bbox 425 3987 2025 4057; baseline -0.001 -13"><span class='ocrx_word' id='word_1_397' title='bbox 425 3988 795 4056; x_wconf 72' lang='lat' dir='ltr'><strong>coniunctum,</strong></span> <span class='ocrx_word' id='word_1_398' title='bbox 828 3998 921 4042; x_wconf 87' lang='lat' dir='ltr'><strong>aut</strong></span> <span class='ocrx_word' id='word_1_399' title='bbox 949 3988 1237 4056; x_wconf 83' lang='lat' dir='ltr'><strong>ejusmodi,</strong></span> <span class='ocrx_word' id='word_1_400' title='bbox 1264 3994 1323 4042; x_wconf 90' lang='lat' dir='ltr'><strong>ut</strong></span> <span class='ocrx_word' id='word_1_401' title='bbox 1355 3987 1549 4042; x_wconf 83' lang='lat' dir='ltr'><strong>adesse</strong></span> <span class='ocrx_word' id='word_1_402' title='bbox 1571 3990 1741 4057; x_wconf 79' lang='lat' dir='ltr'><strong>possit</strong></span> <span class='ocrx_word' id='word_1_403' title='bbox 1785 3995 1841 4042; x_wconf 86' lang='lat' dir='ltr'><strong>et</strong></span> <span class='ocrx_word' id='word_1_404' title='bbox 1865 3987 2025 4043; x_wconf 85' lang='lat' dir='ltr'><strong>abes-</strong></span> 
     </span>
    </p>
   </div>
   <div class='ocr_carea' id='block_1_60' title="bbox 426 4077 2022 4146">
    <p class='ocr_par' dir='ltr' id='par_1_60' title="bbox 426 4077 2022 4146">
     <span class='ocr_line' id='line_1_60' title="bbox 426 4077 2022 4146; baseline 0 -12"><span class='ocrx_word' id='word_1_405' title='bbox 426 4094 507 4136; x_wconf 87' lang='lat' dir='ltr'><strong>se.</strong></span> <span class='ocrx_word' id='word_1_406' title='bbox 562 4078 619 4135; x_wconf 87' lang='lat' dir='ltr'><strong>Si</strong></span> <span class='ocrx_word' id='word_1_407' title='bbox 669 4091 860 4133; x_wconf 85' lang='lat' dir='ltr'><strong>natura</strong></span> <span class='ocrx_word' id='word_1_408' title='bbox 929 4078 1303 4146; x_wconf 82' lang='lat' dir='ltr'><strong>coniunctum,</strong></span> <span class='ocrx_word' id='word_1_409' title='bbox 1368 4093 1594 4134; x_wconf 88' lang='lat' dir='ltr'><strong>necesse</strong></span> <span class='ocrx_word' id='word_1_410' title='bbox 1627 4088 1710 4132; x_wconf 87' lang='lat' dir='ltr'><strong>est</strong></span> <span class='ocrx_word' id='word_1_411' title='bbox 1770 4077 1903 4145; x_wconf 88' lang='lat' dir='ltr'><strong>Deo,</strong></span> <span class='ocrx_word' id='word_1_412' title='bbox 1963 4088 2022 4134; x_wconf 87' lang='lat' dir='ltr'><strong>ut</strong></span> 
     </span>
    </p>
   </div>
   <div class='ocr_carea' id='block_1_61' title="bbox 427 4171 2022 4235">
    <p class='ocr_par' dir='ltr' id='par_1_61' title="bbox 427 4171 2022 4235">
     <span class='ocr_line' id='line_1_61' title="bbox 427 4171 2022 4235; baseline 0 -7"><span class='ocrx_word' id='word_1_413' title='bbox 427 4176 694 4235; x_wconf 83' lang='lat' dir='ltr'><strong>essentia,</strong></span> <span class='ocrx_word' id='word_1_414' title='bbox 748 4182 802 4225; x_wconf 90' lang='lat' dir='ltr'><strong>et</strong></span> <span class='ocrx_word' id='word_1_415' title='bbox 858 4172 1114 4226; x_wconf 73' lang='lat' dir='ltr'><strong>accidens</strong></span> <span class='ocrx_word' id='word_1_416' title='bbox 1164 4171 1235 4224; x_wconf 87' lang='lat' dir='ltr'><strong>sit</strong></span> <span class='ocrx_word' id='word_1_417' title='bbox 1291 4187 1307 4224; x_wconf 84' lang='lat'><strong>:</strong></span> <span class='ocrx_word' id='word_1_418' title='bbox 1358 4171 1666 4225; x_wconf 85' lang='lat' dir='ltr'><strong>necessario</strong></span> <span class='ocrx_word' id='word_1_419' title='bbox 1708 4171 1853 4227; x_wconf 90' lang='lat' dir='ltr'><strong>enim</strong></span> <span class='ocrx_word' id='word_1_420' title='bbox 1908 4174 2022 4228; x_wconf 67' lang='lat' dir='ltr'><strong>haec</strong></span> 
     </span>
    </p>
   </div>
   <div class='ocr_carea' id='block_1_62' title="bbox 426 4262 2022 4333">
    <p class='ocr_par' dir='ltr' id='par_1_62' title="bbox 426 4262 2022 4333">
     <span class='ocr_line' id='line_1_62' title="bbox 426 4262 2022 4333; baseline 0.002 -15"><span class='ocrx_word' id='word_1_421' title='bbox 426 4265 681 4318; x_wconf 69' lang='lat' dir='ltr'><strong>accidunt</strong></span> <span class='ocrx_word' id='word_1_422' title='bbox 723 4262 834 4318; x_wconf 88' lang='lat' dir='ltr'><strong>illis</strong></span> <span class='ocrx_word' id='word_1_423' title='bbox 884 4263 1080 4331; x_wconf 81' lang='lat' dir='ltr'><strong>quibus</strong></span> <span class='ocrx_word' id='word_1_424' title='bbox 1132 4263 1409 4318; x_wconf 83' lang='lat' dir='ltr'><strong>accidunt.</strong></span> <span class='ocrx_word' id='word_1_425' title='bbox 1458 4264 1552 4316; x_wconf 82' lang='lat' dir='ltr'><strong>Siti</strong></span> <span class='ocrx_word' id='word_1_426' title='bbox 1614 4264 1901 4333; x_wconf 83' lang='lat' dir='ltr'><strong>ejusmodi,</strong></span> <span class='ocrx_word' id='word_1_427' title='bbox 1962 4277 2022 4322; x_wconf 88' lang='lat' dir='ltr'><strong>ut</strong></span> 
     </span>
    </p>
   </div>
   <div class='ocr_carea' id='block_1_63' title="bbox 402 4356 2020 4431">
    <p class='ocr_par' dir='ltr' id='par_1_63' title="bbox 402 4356 2020 4431">
     <span class='ocr_line' id='line_1_63' title="bbox 402 4356 2020 4431; baseline 0.003 -21"><span class='ocrx_word' id='word_1_428' title='bbox 402 4358 619 4431; x_wconf 82' lang='lat' dir='ltr'><strong>adesse</strong></span> <span class='ocrx_word' id='word_1_429' title='bbox 649 4356 821 4425; x_wconf 90' lang='lat' dir='ltr'><strong>possit</strong></span> <span class='ocrx_word' id='word_1_430' title='bbox 844 4368 895 4410; x_wconf 91' lang='lat' dir='ltr'><strong>et</strong></span> <span class='ocrx_word' id='word_1_431' title='bbox 923 4357 1143 4424; x_wconf 83' lang='lat' dir='ltr'><strong>abesse,</strong></span> <span class='ocrx_word' id='word_1_432' title='bbox 1176 4357 1283 4411; x_wconf 91' lang='lat' dir='ltr'><strong>erit</strong></span> <span class='ocrx_word' id='word_1_433' title='bbox 1319 4367 1373 4411; x_wconf 90' lang='lat' dir='ltr'><strong>et</strong></span> <span class='ocrx_word' id='word_1_434' title='bbox 1401 4357 1669 4427; x_wconf 85' lang='lat' dir='ltr'><strong>ingenitus</strong></span> <span class='ocrx_word' id='word_1_435' title='bbox 1700 4360 2020 4429; x_wconf 87' lang='lat' dir='ltr'><strong>aliquando,</strong></span> 
     </span>
    </p>
   </div>
   <div class='ocr_carea' id='block_1_64' title="bbox 426 4449 745 4518">
    <p class='ocr_par' dir='ltr' id='par_1_64' title="bbox 426 4449 745 4518">
     <span class='ocr_line' id='line_1_64' title="bbox 426 4449 745 4518; baseline 0 -17"><span class='ocrx_word' id='word_1_436' title='bbox 426 4458 480 4501; x_wconf 87' lang='lat' dir='ltr'><strong>et</strong></span> <span class='ocrx_word' id='word_1_437' title='bbox 510 4449 745 4518; x_wconf 88' lang='lat' dir='ltr'><strong>genitus.</strong></span> 
     </span>
    </p>
   </div>
   <div class='ocr_carea' id='block_1_65' title="bbox 996 4539 1317 4597">
    <p class='ocr_par' dir='ltr' id='par_1_65' title="bbox 996 4539 1317 4597">
     <span class='ocr_line' id='line_1_65' title="bbox 996 4539 1317 4597; baseline 0.012 -4"><span class='ocrx_word' id='word_1_438' title='bbox 996 4539 1083 4594; x_wconf 72' lang='lat' dir='ltr'><strong>Ea:</strong></span> <span class='ocrx_word' id='word_1_439' title='bbox 1114 4541 1317 4597; x_wconf 86' lang='lat' dir='ltr'><strong>eodem.</strong></span> 
     </span>
    </p>
   </div>
   <div class='ocr_carea' id='block_1_66' title="bbox 498 4631 2019 4703">
    <p class='ocr_par' dir='ltr' id='par_1_66' title="bbox 498 4631 2019 4703">
     <span class='ocr_line' id='line_1_66' title="bbox 498 4631 2019 4703; baseline -0.001 -17"><span class='ocrx_word' id='word_1_440' title='bbox 498 4631 839 4703; x_wconf 87' lang='lat' dir='ltr'><strong>Siingenitns</strong></span> <span class='ocrx_word' id='word_1_441' title='bbox 867 4647 972 4686; x_wconf 90' lang='lat' dir='ltr'><strong>non</strong></span> <span class='ocrx_word' id='word_1_442' title='bbox 1005 4642 1084 4687; x_wconf 89' lang='lat' dir='ltr'><strong>est</strong></span> <span class='ocrx_word' id='word_1_443' title='bbox 1113 4646 1306 4686; x_wconf 87' lang='lat' dir='ltr'><strong>nomen</strong></span> <span class='ocrx_word' id='word_1_444' title='bbox 1336 4631 1606 4695; x_wconf 57' lang='lat' dir='ltr'><strong>essentia,</strong></span> <span class='ocrx_word' id='word_1_445' title='bbox 1634 4632 1726 4685; x_wconf 89' lang='lat' dir='ltr'><strong>sed</strong></span> <span class='ocrx_word' id='word_1_446' title='bbox 1750 4631 2019 4698; x_wconf 86' lang='lat' dir='ltr'><strong>essentia,</strong></span> 
     </span>
    </p>
   </div>
   <div class='ocr_carea' id='block_1_67' title="bbox 425 4724 2021 4795">
    <p class='ocr_par' dir='ltr' id='par_1_67' title="bbox 425 4724 2021 4795">
     <span class='ocr_line' id='line_1_67' title="bbox 425 4724 2021 4795; baseline 0 -15"><span class='ocrx_word' id='word_1_447' title='bbox 425 4736 478 4780; x_wconf 88' lang='lat' dir='ltr'><strong>et</strong></span> <span class='ocrx_word' id='word_1_448' title='bbox 509 4724 677 4781; x_wconf 87' lang='lat' dir='ltr'><strong>Filius</strong></span> <span class='ocrx_word' id='word_1_449' title='bbox 739 4734 823 4780; x_wconf 87' lang='lat' dir='ltr'><strong>est</strong></span> <span class='ocrx_word' id='word_1_450' title='bbox 852 4724 1114 4791; x_wconf 84' lang='lat' dir='ltr'><strong>essentia,</strong></span> <span class='ocrx_word' id='word_1_451' title='bbox 1186 4724 1467 4795; x_wconf 89' lang='lat' dir='ltr'><strong>ingenitus</strong></span> <span class='ocrx_word' id='word_1_452' title='bbox 1497 4733 1550 4778; x_wconf 90' lang='lat' dir='ltr'><strong>et</strong></span> <span class='ocrx_word' id='word_1_453' title='bbox 1581 4724 1754 4777; x_wconf 87' lang='lat' dir='ltr'><strong>Filius</strong></span> <span class='ocrx_word' id='word_1_454' title='bbox 1811 4730 1916 4788; x_wconf 86' lang='lat' dir='ltr'><strong>est,</strong></span> <span class='ocrx_word' id='word_1_455' title='bbox 1967 4735 2021 4780; x_wconf 90' lang='lat' dir='ltr'><strong>et</strong></span> 
     </span>
    </p>
   </div>
   <div class='ocr_carea' id='block_1_68' title="bbox 423 4814 1275 4886">
    <p class='ocr_par' dir='ltr' id='par_1_68' title="bbox 423 4814 1275 4886">
     <span class='ocr_line' id='line_1_68' title="bbox 423 4814 1275 4886; baseline -0.006 -14"><span class='ocrx_word' id='word_1_456' title='bbox 423 4814 601 4872; x_wconf 86' lang='lat' dir='ltr'><strong>omnis</strong></span> <span class='ocrx_word' id='word_1_457' title='bbox 637 4818 869 4871; x_wconf 86' lang='lat' dir='ltr'><strong>essentia</strong></span> <span class='ocrx_word' id='word_1_458' title='bbox 904 4826 983 4871; x_wconf 85' lang='lat' dir='ltr'><strong>est</strong></span> <span class='ocrx_word' id='word_1_459' title='bbox 1015 4817 1275 4886; x_wconf 81' lang='lat' dir='ltr'><strong>ingenita.</strong></span> 
     </span>
    </p>
   </div>
   <div class='ocr_carea' id='block_1_69' title="bbox 1000 4909 1327 4965">
    <p class='ocr_par' dir='ltr' id='par_1_69' title="bbox 1000 4909 1327 4965">
     <span class='ocr_line' id='line_1_69' title="bbox 1000 4909 1327 4965; baseline 0.006 -2"><span class='ocrx_word' id='word_1_460' title='bbox 1000 4909 1085 4963; x_wconf 82' lang='lat' dir='ltr'><strong>Ex</strong></span> <span class='ocrx_word' id='word_1_461' title='bbox 1123 4911 1327 4965; x_wconf 83' lang='lat' dir='ltr'><strong>eodem.</strong></span> 
     </span>
    </p>
   </div>
   <div class='ocr_carea' id='block_1_70' title="bbox 500 5000 2016 5071">
    <p class='ocr_par' dir='ltr' id='par_1_70' title="bbox 500 5000 2016 5071">
     <span class='ocr_line' id='line_1_70' title="bbox 500 5000 2016 5071; baseline -0.001 -14"><span class='ocrx_word' id='word_1_462' title='bbox 500 5002 557 5057; x_wconf 92' lang='lat' dir='ltr'><strong>Si</strong></span> <span class='ocrx_word' id='word_1_463' title='bbox 602 5002 904 5070; x_wconf 82' lang='lat' dir='ltr'><strong>ingenitum</strong></span> <span class='ocrx_word' id='word_1_464' title='bbox 941 5017 1064 5057; x_wconf 87' lang='lat' dir='ltr'><strong>esse</strong></span> <span class='ocrx_word' id='word_1_465' title='bbox 1112 5011 1193 5055; x_wconf 89' lang='lat' dir='ltr'><strong>est</strong></span> <span class='ocrx_word' id='word_1_466' title='bbox 1225 5001 1462 5056; x_wconf 87' lang='lat' dir='ltr'><strong>essentia</strong></span> <span class='ocrx_word' id='word_1_467' title='bbox 1493 5000 1608 5066; x_wconf 88' lang='lat' dir='ltr'><strong>Dei,</strong></span> <span class='ocrx_word' id='word_1_468' title='bbox 1663 5010 1717 5056; x_wconf 89' lang='lat' dir='ltr'><strong>et</strong></span> <span class='ocrx_word' id='word_1_469' title='bbox 1778 5002 2016 5071; x_wconf 87' lang='lat' dir='ltr'><strong>genitum</strong></span> 
     </span>
    </p>
   </div>
   <div class='ocr_carea' id='block_1_71' title="bbox 428 5094 2019 5163">
    <p class='ocr_par' dir='ltr' id='par_1_71' title="bbox 428 5094 2019 5163">
     <span class='ocr_line' id='line_1_71' title="bbox 428 5094 2019 5163; baseline -0.001 -14"><span class='ocrx_word' id='word_1_470' title='bbox 428 5110 548 5149; x_wconf 88' lang='lat' dir='ltr'><strong>esse</strong></span> <span class='ocrx_word' id='word_1_471' title='bbox 575 5105 657 5150; x_wconf 85' lang='lat' dir='ltr'><strong>est</strong></span> <span class='ocrx_word' id='word_1_472' title='bbox 695 5095 927 5151; x_wconf 83' lang='lat' dir='ltr'><strong>essentia</strong></span> <span class='ocrx_word' id='word_1_473' title='bbox 966 5094 1371 5158; x_wconf 84' lang='lat' dir='ltr'><strong>Filii,esseutia</strong></span> <span class='ocrx_word' id='word_1_474' title='bbox 1424 5094 1543 5163; x_wconf 85' lang='lat' dir='ltr'><strong>ejus</strong></span> <span class='ocrx_word' id='word_1_475' title='bbox 1593 5109 1698 5148; x_wconf 89' lang='lat' dir='ltr'><strong>non</strong></span> <span class='ocrx_word' id='word_1_476' title='bbox 1754 5104 1837 5148; x_wconf 86' lang='lat' dir='ltr'><strong>est</strong></span> <span class='ocrx_word' id='word_1_477' title='bbox 1898 5107 2019 5148; x_wconf 88' lang='lat' dir='ltr'><strong>esse</strong></span> 
     </span>
    </p>
   </div>
   <div class='ocr_carea' id='block_1_72' title="bbox 428 5187 2020 5253">
    <p class='ocr_par' dir='ltr' id='par_1_72' title="bbox 428 5187 2020 5253">
     <span class='ocr_line' id='line_1_72' title="bbox 428 5187 2020 5253; baseline -0.001 -11"><span class='ocrx_word' id='word_1_478' title='bbox 428 5198 692 5249; x_wconf 75' lang='lat' dir='ltr'><strong>erratum.</strong></span> <span class='ocrx_word' id='word_1_479' title='bbox 729 5204 826 5243; x_wconf 80' lang='lat' dir='ltr'><strong>nec</strong></span> <span class='ocrx_word' id='word_1_480' title='bbox 861 5187 1086 5243; x_wconf 79' lang='lat' dir='ltr'><strong>factum.</strong></span> <span class='ocrx_word' id='word_1_481' title='bbox 1119 5188 1291 5241; x_wconf 79' lang='lat' dir='ltr'><strong>Filius</strong></span> <span class='ocrx_word' id='word_1_482' title='bbox 1317 5188 1461 5243; x_wconf 88' lang='lat' dir='ltr'><strong>enim</strong></span> <span class='ocrx_word' id='word_1_483' title='bbox 1510 5197 1595 5243; x_wconf 89' lang='lat' dir='ltr'><strong>est</strong></span> <span class='ocrx_word' id='word_1_484' title='bbox 1619 5188 1850 5242; x_wconf 82' lang='lat' dir='ltr'><strong>essentia</strong></span> <span class='ocrx_word' id='word_1_485' title='bbox 1890 5204 2020 5253; x_wconf 88' lang='lat' dir='ltr'><strong>una,</strong></span> 
     </span>
    </p>
   </div>
   <div class='ocr_carea' id='block_1_73' title="bbox 430 5282 776 5349">
    <p class='ocr_par' dir='ltr' id='par_1_73' title="bbox 430 5282 776 5349">
     <span class='ocr_line' id='line_1_73' title="bbox 430 5282 776 5349; baseline 0.006 -16"><span class='ocrx_word' id='word_1_486' title='bbox 430 5295 535 5333; x_wconf 92' lang='lat' dir='ltr'><strong>non</strong></span> <span class='ocrx_word' id='word_1_487' title='bbox 568 5282 776 5349; x_wconf 86' lang='lat' dir='ltr'><strong>plures.</strong></span> 
     </span>
    </p>
   </div>
   <div class='ocr_carea' id='block_1_74' title="bbox 1033 5370 1345 5427">
    <p class='ocr_par' dir='ltr' id='par_1_74' title="bbox 1033 5370 1345 5427">
     <span class='ocr_line' id='line_1_74' title="bbox 1033 5370 1345 5427; baseline 0.013 -4"><span class='ocrx_word' id='word_1_488' title='bbox 1033 5370 1114 5423; x_wconf 73' lang='lat' dir='ltr'><strong>Ea:</strong></span> <span class='ocrx_word' id='word_1_489' title='bbox 1145 5371 1345 5427; x_wconf 86' lang='lat' dir='ltr'><strong>eodem.</strong></span> 
     </span>
    </p>
   </div>
   <div class='ocr_carea' id='block_1_75' title="bbox 492 5463 2018 5534">
    <p class='ocr_par' dir='ltr' id='par_1_75' title="bbox 492 5463 2018 5534">
     <span class='ocr_line' id='line_1_75' title="bbox 492 5463 2018 5534; baseline -0.003 -18"><span class='ocrx_word' id='word_1_490' title='bbox 492 5464 593 5531; x_wconf 80' lang='lat' dir='ltr'><strong>Qui</strong></span> <span class='ocrx_word' id='word_1_491' title='bbox 618 5465 914 5525; x_wconf 86' lang='lat' dir='ltr'><strong>hominem.</strong></span> <span class='ocrx_word' id='word_1_492' title='bbox 938 5476 1027 5519; x_wconf 87' lang='lat' dir='ltr'><strong>aut</strong></span> <span class='ocrx_word' id='word_1_493' title='bbox 1051 5464 1303 5534; x_wconf 85' lang='lat' dir='ltr'><strong>lapidem,</strong></span> <span class='ocrx_word' id='word_1_494' title='bbox 1321 5471 1410 5515; x_wconf 88' lang='lat' dir='ltr'><strong>aut</strong></span> <span class='ocrx_word' id='word_1_495' title='bbox 1437 5463 1635 5531; x_wconf 85' lang='lat' dir='ltr'><strong>lignum</strong></span> <span class='ocrx_word' id='word_1_496' title='bbox 1654 5463 1808 5525; x_wconf 81' lang='lat' dir='ltr'><strong>dixit,</strong></span> <span class='ocrx_word' id='word_1_497' title='bbox 1830 5474 2018 5516; x_wconf 89' lang='lat' dir='ltr'><strong>essen-</strong></span> 
     </span>
    </p>
   </div>
   <div class='ocr_carea' id='block_1_76' title="bbox 430 5551 2016 5626">
    <p class='ocr_par' dir='ltr' id='par_1_76' title="bbox 430 5551 2016 5626">
     <span class='ocr_line' id='line_1_76' title="bbox 430 5551 2016 5626; baseline -0.004 -18"><span class='ocrx_word' id='word_1_498' title='bbox 430 5558 567 5609; x_wconf 85' lang='lat' dir='ltr'><strong>tiam</strong></span> <span class='ocrx_word' id='word_1_499' title='bbox 606 5558 843 5620; x_wconf 80' lang='lat' dir='ltr'><strong>aliquam</strong></span> <span class='ocrx_word' id='word_1_500' title='bbox 872 5556 1165 5626; x_wconf 83' lang='lat' dir='ltr'><strong>signiiicat.</strong></span> <span class='ocrx_word' id='word_1_501' title='bbox 1196 5556 1296 5621; x_wconf 83' lang='lat' dir='ltr'><strong>Qui</strong></span> <span class='ocrx_word' id='word_1_502' title='bbox 1337 5562 1526 5608; x_wconf 86' lang='lat' dir='ltr'><strong>autem</strong></span> <span class='ocrx_word' id='word_1_503' title='bbox 1576 5554 1816 5623; x_wconf 79' lang='lat' dir='ltr'><strong>genitum</strong></span> <span class='ocrx_word' id='word_1_504' title='bbox 1863 5551 2016 5612; x_wconf 85' lang='lat' dir='ltr'><strong>dicit,</strong></span> 
     </span>
    </p>
   </div>
   <div class='ocr_carea' id='block_1_77' title="bbox 426 5643 2009 5717">
    <p class='ocr_par' dir='ltr' id='par_1_77' title="bbox 426 5643 2009 5717">
     <span class='ocr_line' id='line_1_77' title="bbox 426 5643 2009 5717; baseline -0.001 -20"><span class='ocrx_word' id='word_1_505' title='bbox 426 5659 532 5698; x_wconf 81' lang='lat' dir='ltr'><strong>non</strong></span> <span class='ocrx_word' id='word_1_506' title='bbox 603 5644 875 5711; x_wconf 78' lang='lat' dir='ltr'><strong>signiﬁcat</strong></span> <span class='ocrx_word' id='word_1_507' title='bbox 947 5648 1237 5702; x_wconf 86' lang='lat' dir='ltr'><strong>essentiam</strong></span> <span class='ocrx_word' id='word_1_508' title='bbox 1319 5646 1679 5717; x_wconf 86' lang='lat' dir='ltr'><strong>simpliciter,</strong></span> <span class='ocrx_word' id='word_1_509' title='bbox 1754 5643 2009 5712; x_wconf 68' lang='lat' dir='ltr'><strong>quoniam</strong></span> 
     </span>
    </p>
   </div>
   <div class='ocr_carea' id='block_1_78' title="bbox 2130 1886 3722 1959">
    <p class='ocr_par' dir='ltr' id='par_1_78' title="bbox 2130 1886 3722 1959">
     <span class='ocr_line' id='line_1_78' title="bbox 2130 1886 3722 1959; baseline 0.002 -21"><span class='ocrx_word' id='word_1_510' title='bbox 2130 1888 2225 1939; x_wconf 75' lang='grc' dir='ltr'><strong>καὶ</strong></span> <span class='ocrx_word' id='word_1_511' title='bbox 2282 1886 2387 1940; x_wconf 86' lang='grc' dir='ltr'><strong>τῶν</strong></span> <span class='ocrx_word' id='word_1_512' title='bbox 2445 1888 2735 1956; x_wconf 77' lang='grc' dir='ltr'><strong>ἐνεργειῶν</strong></span> <span class='ocrx_word' id='word_1_513' title='bbox 2788 1891 3156 1959; x_wconf 76' lang='grc' dir='ltr'>γνωρίζομεν,</span> <span class='ocrx_word' id='word_1_514' title='bbox 3208 1890 3303 1945; x_wconf 76' lang='grc' dir='ltr'><strong>καὶ</strong></span> <span class='ocrx_word' id='word_1_515' title='bbox 3364 1889 3603 1946; x_wconf 78' lang='grc' dir='ltr'>μάλιστα</span> <span class='ocrx_word' id='word_1_516' title='bbox 3654 1889 3722 1942; x_wconf 68' lang='grc' dir='ltr'>τὰ</span> 
     </span>
    </p>
   </div>
   <div class='ocr_carea' id='block_1_79' title="bbox 2129 1978 2418 2049">
    <p class='ocr_par' dir='ltr' id='par_1_79' title="bbox 2129 1978 2418 2049">
     <span class='ocr_line' id='line_1_79' title="bbox 2129 1978 2418 2049; baseline 0 -17"><span class='ocrx_word' id='word_1_517' title='bbox 2129 1978 2418 2049; x_wconf 80' lang='grc' dir='ltr'><strong>ἀσώματα.</strong></span> 
     </span>
    </p>
   </div>
   <div class='ocr_carea' id='block_1_80' title="bbox 2670 2138 3183 2195">
    <p class='ocr_par' dir='ltr' id='par_1_80' title="bbox 2670 2138 3183 2195">
     <span class='ocr_line' id='line_1_80' title="bbox 2670 2138 3183 2195; baseline -0.006 0"><span class='ocrx_word' id='word_1_518' title='bbox 2670 2142 2771 2195; x_wconf 79' lang='grc' dir='ltr'><em>Ἐκ</em></span> <span class='ocrx_word' id='word_1_519' title='bbox 2825 2140 2932 2194; x_wconf 85' lang='grc' dir='ltr'>τοῦ</span> <span class='ocrx_word' id='word_1_520' title='bbox 2971 2138 3183 2193; x_wconf 81' lang='grc' dir='ltr'>αὑτοῦ.</span> 
     </span>
    </p>
   </div>
   <div class='ocr_carea' id='block_1_81' title="bbox 2199 2231 3719 2304">
    <p class='ocr_par' dir='ltr' id='par_1_81' title="bbox 2199 2231 3719 2304">
     <span class='ocr_line' id='line_1_81' title="bbox 2199 2231 3719 2304; baseline -0.001 -17"><span class='ocrx_word' id='word_1_521' title='bbox 2199 2236 2261 2287; x_wconf 80' lang='grc' dir='ltr'><strong>Εἰ</strong></span> <span class='ocrx_word' id='word_1_522' title='bbox 2318 2235 2381 2288; x_wconf 84' lang='grc' dir='ltr'>τὸ</span> <span class='ocrx_word' id='word_1_523' title='bbox 2439 2234 2734 2304; x_wconf 82' lang='grc' dir='ltr'>ἀγέννητος</span> <span class='ocrx_word' id='word_1_524' title='bbox 2789 2234 2964 2303; x_wconf 77' lang='grc' dir='ltr'>δνομα</span> <span class='ocrx_word' id='word_1_525' title='bbox 3010 2233 3111 2303; x_wconf 81' lang='grc' dir='ltr'>τῆς</span> <span class='ocrx_word' id='word_1_526' title='bbox 3159 2232 3351 2297; x_wconf 85' lang='grc' dir='ltr'>οὐσίας</span> <span class='ocrx_word' id='word_1_527' title='bbox 3404 2231 3501 2288; x_wconf 82' lang='grc' dir='ltr'>τοῦ</span> <span class='ocrx_word' id='word_1_528' title='bbox 3554 2232 3719 2299; x_wconf 82' lang='grc' dir='ltr'>Θεοῦ,</span> 
     </span>
    </p>
   </div>
   <div class='ocr_carea' id='block_1_82' title="bbox 2130 2326 3720 2397">
    <p class='ocr_par' dir='ltr' id='par_1_82' title="bbox 2130 2326 3720 2397">
     <span class='ocr_line' id='line_1_82' title="bbox 2130 2326 3720 2397; baseline 0.001 -20"><span class='ocrx_word' id='word_1_529' title='bbox 2130 2328 2162 2393; x_wconf 83' lang='grc' dir='ltr'>ἢ</span> <span class='ocrx_word' id='word_1_530' title='bbox 2202 2326 2301 2396; x_wconf 82' lang='grc' dir='ltr'>τὴν</span> <span class='ocrx_word' id='word_1_531' title='bbox 2337 2327 2527 2379; x_wconf 80' lang='grc' dir='ltr'>οὐσίαν</span> <span class='ocrx_word' id='word_1_532' title='bbox 2558 2326 2714 2390; x_wconf 79' lang='grc' dir='ltr'>εἰδὼς</span> <span class='ocrx_word' id='word_1_533' title='bbox 2745 2326 2845 2397; x_wconf 82' lang='grc' dir='ltr'>τὴν</span> <span class='ocrx_word' id='word_1_534' title='bbox 2878 2327 3016 2380; x_wconf 85' lang='grc' dir='ltr'>ίδίαν</span> <span class='ocrx_word' id='word_1_535' title='bbox 3069 2330 3096 2380; x_wconf 86' lang='lat'><strong>6</strong></span> <span class='ocrx_word' id='word_1_536' title='bbox 3129 2326 3263 2389; x_wconf 83' lang='grc' dir='ltr'>Θεὸς</span> <span class='ocrx_word' id='word_1_537' title='bbox 3295 2326 3356 2379; x_wconf 88' lang='grc' dir='ltr'>τὸ</span> <span class='ocrx_word' id='word_1_538' title='bbox 3390 2326 3563 2396; x_wconf 77' lang='grc' dir='ltr'>ὄνομα</span> <span class='ocrx_word' id='word_1_539' title='bbox 3615 2326 3720 2396; x_wconf 82' lang='grc' dir='ltr'>τῆς</span> 
     </span>
    </p>
   </div>
   <div class='ocr_carea' id='block_1_83' title="bbox 2128 2417 3722 2490">
    <p class='ocr_par' dir='ltr' id='par_1_83' title="bbox 2128 2417 3722 2490">
     <span class='ocr_line' id='line_1_83' title="bbox 2128 2417 3722 2490; baseline -0.003 -17"><span class='ocrx_word' id='word_1_540' title='bbox 2128 2419 2313 2481; x_wconf 75' lang='grc' dir='ltr'>οὐσίας</span> <span class='ocrx_word' id='word_1_541' title='bbox 2338 2422 2629 2490; x_wconf 71' lang='grc' dir='ltr'>ἠγνόησεν,</span> <span class='ocrx_word' id='word_1_542' title='bbox 2664 2419 2694 2486; x_wconf 85' lang='grc' dir='ltr'>ἢ</span> <span class='ocrx_word' id='word_1_543' title='bbox 2732 2422 2827 2472; x_wconf 71' lang='grc' dir='ltr'><strong>καὶ</strong></span> <span class='ocrx_word' id='word_1_544' title='bbox 2853 2420 2913 2471; x_wconf 85' lang='grc' dir='ltr'>τὸ</span> <span class='ocrx_word' id='word_1_545' title='bbox 2948 2419 3117 2487; x_wconf 67' lang='grc' dir='ltr'>ὄνομα</span> <span class='ocrx_word' id='word_1_546' title='bbox 3145 2417 3303 2481; x_wconf 73' lang='grc' dir='ltr'>εἰδὼς</span> <span class='ocrx_word' id='word_1_547' title='bbox 3335 2419 3459 2479; x_wconf 83' lang='grc' dir='ltr'><strong>τούς</strong></span> <span class='ocrx_word' id='word_1_548' title='bbox 3488 2419 3722 2471; x_wconf 66' lang='grc' dir='ltr'>ἀκοῦον-</span> 
     </span>
    </p>
   </div>
   <div class='ocr_carea' id='block_1_84' title="bbox 2127 2508 3723 2580">
    <p class='ocr_par' dir='ltr' id='par_1_84' title="bbox 2127 2508 3723 2580">
     <span class='ocr_line' id='line_1_84' title="bbox 2127 2508 3723 2580; baseline -0.001 -16"><span class='ocrx_word' id='word_1_549' title='bbox 2127 2528 2226 2573; x_wconf 81' lang='grc' dir='ltr'><strong>τας</strong></span> <span class='ocrx_word' id='word_1_550' title='bbox 2280 2508 2552 2580; x_wconf 73' lang='grc' dir='ltr'>ἠπάτησε.</span> <span class='ocrx_word' id='word_1_551' title='bbox 2610 2511 2829 2578; x_wconf 80' lang='grc' dir='ltr'><strong>Κύριος</strong></span> <span class='ocrx_word' id='word_1_552' title='bbox 2880 2510 3011 2578; x_wconf 72' lang='grc' dir='ltr'><strong>τὰρ,</strong></span> <span class='ocrx_word' id='word_1_553' title='bbox 3086 2511 3258 2579; x_wconf 74' lang='grc' dir='ltr'>φησὶ,</span> <span class='ocrx_word' id='word_1_554' title='bbox 3290 2509 3723 2578; x_wconf 82' lang='grc' dir='ltr'>παντοκράτωρ</span> 
     </span>
    </p>
   </div>
   <div class='ocr_carea' id='block_1_85' title="bbox 2129 2601 3717 2673">
    <p class='ocr_par' dir='ltr' id='par_1_85' title="bbox 2129 2601 3717 2673">
     <span class='ocr_line' id='line_1_85' title="bbox 2129 2601 3717 2673; baseline -0.001 -17"><span class='ocrx_word' id='word_1_555' title='bbox 2129 2601 2318 2670; x_wconf 79' lang='grc' dir='ltr'>ὄνομά</span> <span class='ocrx_word' id='word_1_556' title='bbox 2340 2619 2481 2672; x_wconf 85' lang='grc' dir='ltr'>μου.</span> <span class='ocrx_word' id='word_1_557' title='bbox 2510 2602 2620 2656; x_wconf 70' lang='grc' dir='ltr'><strong>Καὶ</strong></span> <span class='ocrx_word' id='word_1_558' title='bbox 2648 2604 2801 2673; x_wconf 80' lang='grc' dir='ltr'><strong>παρὰ</strong></span> <span class='ocrx_word' id='word_1_559' title='bbox 2826 2602 3072 2663; x_wconf 84' lang='grc' dir='ltr'>Μωσέως</span> <span class='ocrx_word' id='word_1_560' title='bbox 3102 2602 3421 2672; x_wconf 63' lang='grc' dir='ltr'>ἐρωτηθεὶς,</span> <span class='ocrx_word' id='word_1_561' title='bbox 3455 2603 3510 2655; x_wconf 88' lang='grc' dir='ltr'><strong>τί</strong></span> <span class='ocrx_word' id='word_1_562' title='bbox 3540 2601 3717 2671; x_wconf 73' lang='grc' dir='ltr'>ὄνομα</span> 
     </span>
    </p>
   </div>
   <div class='ocr_carea' id='block_1_86' title="bbox 2128 2682 3715 2765">
    <p class='ocr_par' dir='ltr' id='par_1_86' title="bbox 2128 2682 3715 2765">
     <span class='ocr_line' id='line_1_86' title="bbox 2128 2682 3715 2765; baseline 0.001 -17"><span class='ocrx_word' id='word_1_563' title='bbox 2128 2695 2274 2764; x_wconf 83' lang='grc' dir='ltr'>αὐτῷ</span> <span class='ocrx_word' id='word_1_564' title='bbox 2295 2736 2310 2758; x_wconf 92' lang='grc'><strong>,</strong></span> <span class='ocrx_word' id='word_1_565' title='bbox 2347 2682 2532 2765; x_wconf 57' lang='grc' dir='ltr'>φησὶν,</span> <span class='ocrx_word' id='word_1_566' title='bbox 2587 2692 2737 2765; x_wconf 82' lang='grc' dir='ltr'>Ἐγώ</span> <span class='ocrx_word' id='word_1_567' title='bbox 2773 2696 2890 2764; x_wconf 73' lang='grc' dir='ltr'>εἰμι</span> <span class='ocrx_word' id='word_1_568' title='bbox 2918 2698 2951 2749; x_wconf 82' lang='grc' dir='ltr'><strong><em>ό</em></strong></span> <span class='ocrx_word' id='word_1_569' title='bbox 2978 2694 3083 2751; x_wconf 71' lang='grc' dir='ltr'><strong>ὢν.</strong></span> <span class='ocrx_word' id='word_1_570' title='bbox 3113 2696 3225 2748; x_wconf 77' lang='grc' dir='ltr'><strong>Καὶ</strong></span> <span class='ocrx_word' id='word_1_571' title='bbox 3254 2694 3435 2759; x_wconf 79' lang='grc' dir='ltr'>πάλιν,</span> <span class='ocrx_word' id='word_1_572' title='bbox 3474 2694 3527 2748; x_wconf 90' lang='grc' dir='ltr'><em>Ὁ</em></span> <span class='ocrx_word' id='word_1_573' title='bbox 3567 2696 3715 2763; x_wconf 80' lang='grc' dir='ltr'>Θεὸς</span> 
     </span>
    </p>
   </div>
   <div class='ocr_carea' id='block_1_87' title="bbox 2141 2785 3722 2856">
    <p class='ocr_par' dir='ltr' id='par_1_87' title="bbox 2141 2785 3722 2856">
     <span class='ocr_line' id='line_1_87' title="bbox 2141 2785 3722 2856; baseline -0.002 -12"><span class='ocrx_word' id='word_1_574' title='bbox 2141 2788 2371 2849; x_wconf 82' lang='grc' dir='ltr'>Ἰσαὰκ,</span> <span class='ocrx_word' id='word_1_575' title='bbox 2421 2785 2522 2840; x_wconf 76' lang='grc' dir='ltr'><strong>καὶ</strong></span> <span class='ocrx_word' id='word_1_576' title='bbox 2575 2788 2609 2841; x_wconf 84' lang='grc' dir='ltr'><em>δ</em></span> <span class='ocrx_word' id='word_1_577' title='bbox 2653 2787 2797 2854; x_wconf 80' lang='grc' dir='ltr'>Θεὸς</span> <span class='ocrx_word' id='word_1_578' title='bbox 2856 2785 3087 2851; x_wconf 79' lang='grc' dir='ltr'>Ἰακὼϐ,</span> <span class='ocrx_word' id='word_1_579' title='bbox 3140 2785 3322 2841; x_wconf 83' lang='grc' dir='ltr'>τοῦτό</span> <span class='ocrx_word' id='word_1_580' title='bbox 3372 2804 3472 2851; x_wconf 82' lang='grc' dir='ltr'>μοι</span> <span class='ocrx_word' id='word_1_581' title='bbox 3526 2785 3722 2856; x_wconf 65' lang='grc' dir='ltr'>ὄνομα</span> 
     </span>
    </p>
   </div>
   <div class='ocr_carea' id='block_1_88' title="bbox 2127 2880 3719 2951">
    <p class='ocr_par' dir='ltr' id='par_1_88' title="bbox 2127 2880 3719 2951">
     <span class='ocr_line' id='line_1_88' title="bbox 2127 2880 3719 2951; baseline 0.002 -18"><span class='ocrx_word' id='word_1_582' title='bbox 2127 2880 2389 2936; x_wconf 74' lang='grc' dir='ltr'><strong>αἰώνιον.</strong></span> <span class='ocrx_word' id='word_1_583' title='bbox 2426 2880 2537 2934; x_wconf 74' lang='grc' dir='ltr'><strong>Καὶ</strong></span> <span class='ocrx_word' id='word_1_584' title='bbox 2565 2881 2594 2935; x_wconf 87' lang='lat'><strong>6</strong></span> <span class='ocrx_word' id='word_1_585' title='bbox 2621 2881 2808 2947; x_wconf 81' lang='grc' dir='ltr'>Δαϐὶδ,</span> <span class='ocrx_word' id='word_1_586' title='bbox 2848 2882 3059 2948; x_wconf 81' lang='grc' dir='ltr'><strong>Κύριος</strong></span> <span class='ocrx_word' id='word_1_587' title='bbox 3088 2882 3278 2950; x_wconf 81' lang='grc' dir='ltr'>ὄνομα</span> <span class='ocrx_word' id='word_1_588' title='bbox 3304 2881 3486 2949; x_wconf 83' lang='grc' dir='ltr'>αὐτῷ.</span> <span class='ocrx_word' id='word_1_589' title='bbox 3524 2883 3719 2951; x_wconf 78' lang='grc' dir='ltr'><strong>’Δγέν-</strong></span> 
     </span>
    </p>
   </div>
   <div class='ocr_carea' id='block_1_89' title="bbox 2128 2972 3720 3045">
    <p class='ocr_par' dir='ltr' id='par_1_89' title="bbox 2128 2972 3720 3045">
     <span class='ocr_line' id='line_1_89' title="bbox 2128 2972 3720 3045; baseline 0.004 -21"><span class='ocrx_word' id='word_1_590' title='bbox 2128 2989 2288 3041; x_wconf 86' lang='grc' dir='ltr'>νητον</span> <span class='ocrx_word' id='word_1_591' title='bbox 2310 2972 2365 3027; x_wconf 77' lang='grc' dir='ltr'><strong>δὲ</strong></span> <span class='ocrx_word' id='word_1_592' title='bbox 2388 2973 2561 3043; x_wconf 76' lang='grc' dir='ltr'>ὄνομα</span> <span class='ocrx_word' id='word_1_593' title='bbox 2584 2972 2710 3028; x_wconf 76' lang='grc' dir='ltr'>οὔτε</span> <span class='ocrx_word' id='word_1_594' title='bbox 2751 2973 2915 3037; x_wconf 82' lang='grc' dir='ltr'>αὐτὸς</span> <span class='ocrx_word' id='word_1_595' title='bbox 2940 2972 3141 3045; x_wconf 76' lang='grc' dir='ltr'>ἐαυτῷ,</span> <span class='ocrx_word' id='word_1_596' title='bbox 3162 2974 3285 3029; x_wconf 78' lang='grc' dir='ltr'>οὔτε</span> <span class='ocrx_word' id='word_1_597' title='bbox 3312 2993 3395 3041; x_wconf 85' lang='grc' dir='ltr'>τις</span> <span class='ocrx_word' id='word_1_598' title='bbox 3412 2976 3520 3030; x_wconf 86' lang='grc' dir='ltr'><strong>τῶν</strong></span> <span class='ocrx_word' id='word_1_599' title='bbox 3542 2976 3720 3045; x_wconf 83' lang='grc' dir='ltr'>ἁγίων</span> 
     </span>
    </p>
   </div>
   <div class='ocr_carea' id='block_1_90' title="bbox 2129 3064 3718 3140">
    <p class='ocr_par' dir='ltr' id='par_1_90' title="bbox 2129 3064 3718 3140">
     <span class='ocr_line' id='line_1_90' title="bbox 2129 3064 3718 3140; baseline 0.003 -22"><span class='ocrx_word' id='word_1_600' title='bbox 2129 3064 2376 3137; x_wconf 82' lang='grc' dir='ltr'>είρηκεν.</span> <span class='ocrx_word' id='word_1_601' title='bbox 2417 3065 2478 3120; x_wconf 86' lang='grc' dir='ltr'>Εἰ</span> <span class='ocrx_word' id='word_1_602' title='bbox 2506 3065 2564 3120; x_wconf 77' lang='grc' dir='ltr'><strong>δὲ</strong></span> <span class='ocrx_word' id='word_1_603' title='bbox 2593 3065 2719 3120; x_wconf 82' lang='grc' dir='ltr'>οὐτε</span> <span class='ocrx_word' id='word_1_604' title='bbox 2748 3066 3033 3137; x_wconf 73' lang='grc' dir='ltr'>ἠπάτησεν</span> <span class='ocrx_word' id='word_1_605' title='bbox 3054 3106 3070 3131; x_wconf 93' lang='grc'><strong>,</strong></span> <span class='ocrx_word' id='word_1_606' title='bbox 3101 3066 3227 3121; x_wconf 78' lang='grc' dir='ltr'>οὔτε</span> <span class='ocrx_word' id='word_1_607' title='bbox 3253 3069 3550 3140; x_wconf 69' lang='grc' dir='ltr'>ἠγνόησεν,</span> <span class='ocrx_word' id='word_1_608' title='bbox 3582 3070 3718 3123; x_wconf 82' lang='grc' dir='ltr'>ἀσε-</span> 
     </span>
    </p>
   </div>
   <div class='ocr_carea' id='block_1_91' title="bbox 2130 3158 3715 3233">
    <p class='ocr_par' dir='ltr' id='par_1_91' title="bbox 2130 3158 3715 3233">
     <span class='ocr_line' id='line_1_91' title="bbox 2130 3158 3715 3233; baseline 0.003 -21"><span class='ocrx_word' id='word_1_609' title='bbox 2130 3158 2226 3225; x_wconf 80' lang='grc' dir='ltr'>ϐὲς</span> <span class='ocrx_word' id='word_1_610' title='bbox 2257 3158 2365 3228; x_wconf 83' lang='grc' dir='ltr'>γάρ</span> <span class='ocrx_word' id='word_1_611' title='bbox 2393 3176 2448 3215; x_wconf 86' lang='grc' dir='ltr'>τι</span> <span class='ocrx_word' id='word_1_612' title='bbox 2492 3158 2700 3215; x_wconf 86' lang='grc' dir='ltr'>τούτων</span> <span class='ocrx_word' id='word_1_613' title='bbox 2732 3161 2910 3213; x_wconf 83' lang='grc' dir='ltr'>εἰπεῖν</span> <span class='ocrx_word' id='word_1_614' title='bbox 2934 3202 2948 3225; x_wconf 89' lang='grc'><strong>,</strong></span> <span class='ocrx_word' id='word_1_615' title='bbox 2982 3161 3044 3214; x_wconf 88' lang='grc' dir='ltr'>τὸ</span> <span class='ocrx_word' id='word_1_616' title='bbox 3081 3160 3374 3232; x_wconf 79' lang='grc' dir='ltr'>ἀγέννητὸς</span> <span class='ocrx_word' id='word_1_617' title='bbox 3409 3161 3513 3217; x_wconf 76' lang='grc' dir='ltr'>οὐκ</span> <span class='ocrx_word' id='word_1_618' title='bbox 3538 3160 3715 3233; x_wconf 76' lang='grc' dir='ltr'>ὄνομα</span> 
     </span>
    </p>
   </div>
   <div class='ocr_carea' id='block_1_92' title="bbox 2131 3253 2320 3308">
    <p class='ocr_par' dir='ltr' id='par_1_92' title="bbox 2131 3253 2320 3308">
     <span class='ocr_line' id='line_1_92' title="bbox 2131 3253 2320 3308; baseline 0.011 -2"><span class='ocrx_word' id='word_1_619' title='bbox 2131 3253 2320 3308; x_wconf 78' lang='grc' dir='ltr'>αὐτοῦ.</span> 
     </span>
    </p>
   </div>
   <div class='ocr_carea' id='block_1_93' title="bbox 2669 3345 3169 3419">
    <p class='ocr_par' dir='ltr' id='par_1_93' title="bbox 2669 3345 3169 3419">
     <span class='ocr_line' id='line_1_93' title="bbox 2669 3345 3169 3419; baseline -0.002 -18"><span class='ocrx_word' id='word_1_620' title='bbox 2669 3348 2772 3401; x_wconf 83' lang='grc' dir='ltr'><strong>Ἕκ</strong></span> <span class='ocrx_word' id='word_1_621' title='bbox 2814 3347 2919 3419; x_wconf 79' lang='grc' dir='ltr'>τοῦ</span> <span class='ocrx_word' id='word_1_622' title='bbox 2959 3345 3169 3401; x_wconf 82' lang='grc' dir='ltr'>αὐτοῦ.</span> 
     </span>
    </p>
   </div>
   <div class='ocr_carea' id='block_1_94' title="bbox 2200 3439 3719 3515">
    <p class='ocr_par' dir='ltr' id='par_1_94' title="bbox 2200 3439 3719 3515">
     <span class='ocr_line' id='line_1_94' title="bbox 2200 3439 3719 3515; baseline 0.002 -21"><span class='ocrx_word' id='word_1_623' title='bbox 2200 3441 2274 3494; x_wconf 89' lang='grc' dir='ltr'>Τὸ</span> <span class='ocrx_word' id='word_1_624' title='bbox 2300 3439 2599 3513; x_wconf 77' lang='grc' dir='ltr'>ἂγέννητος</span> <span class='ocrx_word' id='word_1_625' title='bbox 2628 3441 2844 3513; x_wconf 74' lang='grc' dir='ltr'>ἡούσία</span> <span class='ocrx_word' id='word_1_626' title='bbox 2875 3441 3049 3505; x_wconf 79' lang='grc' dir='ltr'>ἐστὶν,</span> <span class='ocrx_word' id='word_1_627' title='bbox 3078 3440 3110 3514; x_wconf 76' lang='grc' dir='ltr'>ἦ</span> <span class='ocrx_word' id='word_1_628' title='bbox 3144 3440 3535 3513; x_wconf 51' lang='grc' dir='ltr'>συμϐεϐηκός(</span> <span class='ocrx_word' id='word_1_629' title='bbox 3555 3443 3719 3515; x_wconf 65' lang='grc' dir='ltr'><strong>Παρὰ</strong></span> 
     </span>
    </p>
   </div>
   <div class='ocr_carea' id='block_1_95' title="bbox 2125 3531 3713 3605">
    <p class='ocr_par' dir='ltr' id='par_1_95' title="bbox 2125 3531 3713 3605">
     <span class='ocr_line' id='line_1_95' title="bbox 2125 3531 3713 3605; baseline 0 -19"><span class='ocrx_word' id='word_1_630' title='bbox 2125 3532 2301 3587; x_wconf 84' lang='grc' dir='ltr'>ταῦτα</span> <span class='ocrx_word' id='word_1_631' title='bbox 2332 3533 2440 3604; x_wconf 82' lang='grc' dir='ltr'>γὰρ</span> <span class='ocrx_word' id='word_1_632' title='bbox 2479 3533 2581 3586; x_wconf 77' lang='grc' dir='ltr'>οὐκ</span> <span class='ocrx_word' id='word_1_633' title='bbox 2613 3532 2679 3586; x_wconf 83' lang='grc' dir='ltr'>ἂν</span> <span class='ocrx_word' id='word_1_634' title='bbox 2710 3533 2819 3605; x_wconf 77' lang='grc' dir='ltr'>εἴη.</span> <span class='ocrx_word' id='word_1_635' title='bbox 2857 3532 2983 3586; x_wconf 83' lang='grc' dir='ltr'><strong>’Δλλ</strong></span> <span class='ocrx_word' id='word_1_636' title='bbox 3022 3531 3181 3586; x_wconf 89' lang='grc' dir='ltr'>οὐσία</span> <span class='ocrx_word' id='word_1_637' title='bbox 3225 3533 3323 3603; x_wconf 71' lang='grc' dir='ltr'>μὲν</span> <span class='ocrx_word' id='word_1_638' title='bbox 3366 3532 3471 3587; x_wconf 80' lang='grc' dir='ltr'>οὐκ</span> <span class='ocrx_word' id='word_1_639' title='bbox 3516 3532 3664 3588; x_wconf 78' lang='grc' dir='ltr'>ἔστιν</span> <span class='ocrx_word' id='word_1_640' title='bbox 3697 3554 3713 3569; x_wconf 79' lang='grc' dir='ltr'><strong><em>ο</em></strong></span> 
     </span>
    </p>
   </div>
   <div class='ocr_carea' id='block_1_96' title="bbox 2128 3620 3717 3696">
    <p class='ocr_par' dir='ltr' id='par_1_96' title="bbox 2128 3620 3717 3696">
     <span class='ocr_line' id='line_1_96' title="bbox 2128 3620 3717 3696; baseline 0.001 -19"><span class='ocrx_word' id='word_1_641' title='bbox 2128 3622 2253 3677; x_wconf 77' lang='grc' dir='ltr'>οὔτε</span> <span class='ocrx_word' id='word_1_642' title='bbox 2292 3623 2400 3694; x_wconf 80' lang='grc' dir='ltr'>γὰρ</span> <span class='ocrx_word' id='word_1_643' title='bbox 2442 3624 2500 3679; x_wconf 82' lang='grc' dir='ltr'>τὸ</span> <span class='ocrx_word' id='word_1_644' title='bbox 2524 3620 3100 3694; x_wconf 80' lang='grc' dir='ltr'>ἀντιδιαστελλόμενον</span> <span class='ocrx_word' id='word_1_645' title='bbox 3118 3624 3290 3695; x_wconf 83' lang='grc' dir='ltr'>αὐτῷ·</span> <span class='ocrx_word' id='word_1_646' title='bbox 3321 3625 3580 3695; x_wconf 82' lang='grc' dir='ltr'>γεννητὸς</span> <span class='ocrx_word' id='word_1_647' title='bbox 3599 3625 3717 3696; x_wconf 84' lang='grc' dir='ltr'><strong>γὰρ</strong></span> 
     </span>
    </p>
   </div>
   <div class='ocr_carea' id='block_1_97' title="bbox 2128 3716 3717 3791">
    <p class='ocr_par' dir='ltr' id='par_1_97' title="bbox 2128 3716 3717 3791">
     <span class='ocr_line' id='line_1_97' title="bbox 2128 3716 3717 3791; baseline 0.001 -20"><span class='ocrx_word' id='word_1_648' title='bbox 2128 3720 2156 3771; x_wconf 90' lang='lat'><strong>6</strong></span> <span class='ocrx_word' id='word_1_649' title='bbox 2204 3717 2355 3781; x_wconf 80' lang='grc' dir='ltr'>Υίδς,</span> <span class='ocrx_word' id='word_1_650' title='bbox 2389 3716 2449 3772; x_wconf 86' lang='grc' dir='ltr'><strong>οὐ</strong></span> <span class='ocrx_word' id='word_1_651' title='bbox 2480 3716 2617 3771; x_wconf 77' lang='grc' dir='ltr'>καθὸ</span> <span class='ocrx_word' id='word_1_652' title='bbox 2642 3717 2822 3784; x_wconf 86' lang='grc' dir='ltr'>οὐσία,</span> <span class='ocrx_word' id='word_1_653' title='bbox 2860 3716 3000 3772; x_wconf 81' lang='grc' dir='ltr'><strong>ἀλλὰ</strong></span> <span class='ocrx_word' id='word_1_654' title='bbox 3042 3717 3179 3773; x_wconf 80' lang='grc' dir='ltr'>καθὸ</span> <span class='ocrx_word' id='word_1_655' title='bbox 3216 3719 3521 3791; x_wconf 69' lang='grc' dir='ltr'>ἐγεννήθη*</span> <span class='ocrx_word' id='word_1_656' title='bbox 3568 3719 3619 3772; x_wconf 77' lang='grc' dir='ltr'><strong>εί</strong></span> <span class='ocrx_word' id='word_1_657' title='bbox 3655 3718 3717 3772; x_wconf 65' lang='grc' dir='ltr'><strong>δὲ</strong></span> 
     </span>
    </p>
   </div>
   <div class='ocr_carea' id='block_1_98' title="bbox 2131 3810 3717 3884">
    <p class='ocr_par' dir='ltr' id='par_1_98' title="bbox 2131 3810 3717 3884">
     <span class='ocr_line' id='line_1_98' title="bbox 2131 3810 3717 3884; baseline 0.002 -21"><span class='ocrx_word' id='word_1_658' title='bbox 2131 3810 2507 3883; x_wconf 82' lang='grc' dir='ltr'>συμϐεϐηκὸς,</span> <span class='ocrx_word' id='word_1_659' title='bbox 2542 3810 3049 3884; x_wconf 70' lang='grc' dir='ltr'>ἢσυμπέφυκεν,ἢ</span> <span class='ocrx_word' id='word_1_660' title='bbox 3101 3810 3379 3884; x_wconf 72' lang='grc' dir='ltr'>ἐνδέχεται</span> <span class='ocrx_word' id='word_1_661' title='bbox 3444 3812 3717 3884; x_wconf 69' lang='grc' dir='ltr'><strong>ὑπάρχειν</strong></span> 
     </span>
    </p>
   </div>
   <div class='ocr_carea' id='block_1_99' title="bbox 2131 3903 3719 3977">
    <p class='ocr_par' dir='ltr' id='par_1_99' title="bbox 2131 3903 3719 3977">
     <span class='ocr_line' id='line_1_99' title="bbox 2131 3903 3719 3977; baseline 0.002 -19"><span class='ocrx_word' id='word_1_662' title='bbox 2131 3906 2227 3959; x_wconf 75' lang='grc' dir='ltr'><strong>καὶ</strong></span> <span class='ocrx_word' id='word_1_663' title='bbox 2260 3903 2336 3975; x_wconf 83' lang='grc' dir='ltr'>μὴ</span> <span class='ocrx_word' id='word_1_664' title='bbox 2368 3904 2656 3976; x_wconf 80' lang='grc' dir='ltr'><strong>ὑπάρχειν.</strong></span> <span class='ocrx_word' id='word_1_665' title='bbox 2700 3903 2843 3959; x_wconf 82' lang='grc' dir='ltr'><strong>Ἀλλ’</strong></span> <span class='ocrx_word' id='word_1_666' title='bbox 2877 3904 2927 3958; x_wconf 80' lang='grc' dir='ltr'>ει</span> <span class='ocrx_word' id='word_1_667' title='bbox 2963 3903 3062 3975; x_wconf 78' lang='grc' dir='ltr'>μὲν</span> <span class='ocrx_word' id='word_1_668' title='bbox 3092 3906 3471 3977; x_wconf 78' lang='grc' dir='ltr'>συμπέφυκεν,</span> <span class='ocrx_word' id='word_1_669' title='bbox 3498 3906 3719 3976; x_wconf 78' lang='grc' dir='ltr'>ἀνάγκη</span> 
     </span>
    </p>
   </div>
   <div class='ocr_carea' id='block_1_100' title="bbox 2128 3992 3719 4079">
    <p class='ocr_par' dir='ltr' id='par_1_100' title="bbox 2128 3992 3719 4079">
     <span class='ocr_line' id='line_1_100' title="bbox 2128 3992 3719 4079; baseline 0.001 -29"><span class='ocrx_word' id='word_1_670' title='bbox 2128 3995 2206 4067; x_wconf 83' lang='grc' dir='ltr'>τῷ</span> <span class='ocrx_word' id='word_1_671' title='bbox 2241 3995 2362 4079; x_wconf 73' lang='grc' dir='ltr'><strong>Θεῴ</strong></span> <span class='ocrx_word' id='word_1_672' title='bbox 2391 3996 2487 4049; x_wconf 77' lang='grc' dir='ltr'><strong>καὶ</strong></span> <span class='ocrx_word' id='word_1_673' title='bbox 2514 3994 2694 4063; x_wconf 83' lang='grc' dir='ltr'>οὐσία,</span> <span class='ocrx_word' id='word_1_674' title='bbox 2730 3996 2825 4050; x_wconf 76' lang='grc' dir='ltr'><strong>καὶ</strong></span> <span class='ocrx_word' id='word_1_675' title='bbox 2860 3996 3212 4067; x_wconf 77' lang='grc' dir='ltr'>συμϐεϐηκὸς</span> <span class='ocrx_word' id='word_1_676' title='bbox 3243 3992 3386 4051; x_wconf 75' lang='grc' dir='ltr'>εἶναι</span> <span class='ocrx_word' id='word_1_677' title='bbox 3407 4014 3420 4029; x_wconf 76' lang='grc'><strong><em>⁸</em></strong></span> <span class='ocrx_word' id='word_1_678' title='bbox 3458 3997 3516 4065; x_wconf 75' lang='grc' dir='ltr'>ἐξ</span> <span class='ocrx_word' id='word_1_679' title='bbox 3545 3996 3719 4067; x_wconf 74' lang='grc' dir='ltr'>ἀνάγ-</span> 
     </span>
    </p>
   </div>
   <div class='ocr_carea' id='block_1_101' title="bbox 2125 4083 3714 4163">
    <p class='ocr_par' dir='ltr' id='par_1_101' title="bbox 2125 4083 3714 4163">
     <span class='ocr_line' id='line_1_101' title="bbox 2125 4083 3714 4163; baseline 0.003 -21"><span class='ocrx_word' id='word_1_680' title='bbox 2125 4105 2227 4161; x_wconf 82' lang='grc' dir='ltr'><strong>κης</strong></span> <span class='ocrx_word' id='word_1_681' title='bbox 2250 4088 2358 4159; x_wconf 76' lang='grc' dir='ltr'>γὰρ</span> <span class='ocrx_word' id='word_1_682' title='bbox 2384 4089 2455 4143; x_wconf 78' lang='grc' dir='ltr'><strong>τὰ</strong></span> <span class='ocrx_word' id='word_1_683' title='bbox 2485 4088 2710 4142; x_wconf 83' lang='grc' dir='ltr'>τοιαῦτα</span> <span class='ocrx_word' id='word_1_684' title='bbox 2741 4090 3029 4159; x_wconf 84' lang='grc' dir='ltr'>συμϐαίνει</span> <span class='ocrx_word' id='word_1_685' title='bbox 3060 4083 3141 4154; x_wconf 76' lang='grc' dir='ltr'><strong>οἷς</strong></span> <span class='ocrx_word' id='word_1_686' title='bbox 3171 4091 3518 4163; x_wconf 83' lang='grc' dir='ltr'>συμϐέϐηκεν</span> <span class='ocrx_word' id='word_1_687' title='bbox 3538 4108 3553 4123; x_wconf 83' lang='grc'><strong>·</strong></span> <span class='ocrx_word' id='word_1_688' title='bbox 3586 4094 3634 4145; x_wconf 83' lang='grc' dir='ltr'>εἰ</span> <span class='ocrx_word' id='word_1_689' title='bbox 3654 4091 3714 4146; x_wconf 70' lang='grc' dir='ltr'><strong>δὲ</strong></span> 
     </span>
    </p>
   </div>
   <div class='ocr_carea' id='block_1_102' title="bbox 2125 4181 3716 4256">
    <p class='ocr_par' dir='ltr' id='par_1_102' title="bbox 2125 4181 3716 4256">
     <span class='ocr_line' id='line_1_102' title="bbox 2125 4181 3716 4256; baseline 0.004 -21"><span class='ocrx_word' id='word_1_690' title='bbox 2125 4181 2513 4252; x_wconf 74' lang='grc' dir='ltr'>ἐνδεχομένως,</span> <span class='ocrx_word' id='word_1_691' title='bbox 2564 4182 2717 4236; x_wconf 72' lang='grc' dir='ltr'>ἔσται</span> <span class='ocrx_word' id='word_1_692' title='bbox 2774 4184 2870 4238; x_wconf 81' lang='grc' dir='ltr'><strong>καὶ</strong></span> <span class='ocrx_word' id='word_1_693' title='bbox 2920 4184 3215 4255; x_wconf 74' lang='grc' dir='ltr'>ἀγέννητός</span> <span class='ocrx_word' id='word_1_694' title='bbox 3269 4202 3409 4239; x_wconf 74' lang='grc' dir='ltr'>ποτε</span> <span class='ocrx_word' id='word_1_695' title='bbox 3454 4186 3550 4241; x_wconf 71' lang='grc' dir='ltr'><strong>καὶ</strong></span> <span class='ocrx_word' id='word_1_696' title='bbox 3587 4203 3716 4256; x_wconf 87' lang='grc' dir='ltr'>γεν-</span> 
     </span>
    </p>
   </div>
   <div class='ocr_carea' id='block_1_103' title="bbox 2126 4275 2308 4343">
    <p class='ocr_par' dir='ltr' id='par_1_103' title="bbox 2126 4275 2308 4343">
     <span class='ocr_line' id='line_1_103' title="bbox 2126 4275 2308 4343; baseline 0.011 -17"><span class='ocrx_word' id='word_1_697' title='bbox 2126 4275 2308 4343; x_wconf 87' lang='grc' dir='ltr'>νητός.</span> 
     </span>
    </p>
   </div>
   <div class='ocr_carea' id='block_1_104' title="bbox 2672 4527 3171 4581">
    <p class='ocr_par' dir='ltr' id='par_1_104' title="bbox 2672 4527 3171 4581">
     <span class='ocr_line' id='line_1_104' title="bbox 2672 4527 3171 4581; baseline 0.002 -1"><span class='ocrx_word' id='word_1_698' title='bbox 2672 4529 2773 4580; x_wconf 75' lang='grc' dir='ltr'>Ἐιι</span> <span class='ocrx_word' id='word_1_699' title='bbox 2816 4528 2921 4581; x_wconf 85' lang='grc' dir='ltr'>τοῦ</span> <span class='ocrx_word' id='word_1_700' title='bbox 2960 4527 3171 4581; x_wconf 78' lang='grc' dir='ltr'>αὑτοῦ.</span> 
     </span>
    </p>
   </div>
   <div class='ocr_carea' id='block_1_105' title="bbox 2196 4618 3709 4688">
    <p class='ocr_par' dir='ltr' id='par_1_105' title="bbox 2196 4618 3709 4688">
     <span class='ocr_line' id='line_1_105' title="bbox 2196 4618 3709 4688; baseline -0.001 -15"><span class='ocrx_word' id='word_1_701' title='bbox 2196 4622 2257 4673; x_wconf 81' lang='grc' dir='ltr'><strong>Εἰ</strong></span> <span class='ocrx_word' id='word_1_702' title='bbox 2286 4621 2345 4673; x_wconf 88' lang='grc' dir='ltr'>τὸ</span> <span class='ocrx_word' id='word_1_703' title='bbox 2368 4619 2660 4688; x_wconf 82' lang='grc' dir='ltr'>ἀγέννητος</span> <span class='ocrx_word' id='word_1_704' title='bbox 2685 4619 2787 4672; x_wconf 84' lang='grc' dir='ltr'>οὐκ</span> <span class='ocrx_word' id='word_1_705' title='bbox 2808 4619 2977 4686; x_wconf 78' lang='grc' dir='ltr'>ὄνομα</span> <span class='ocrx_word' id='word_1_706' title='bbox 2996 4620 3204 4680; x_wconf 82' lang='grc' dir='ltr'>οὐσίας,</span> <span class='ocrx_word' id='word_1_707' title='bbox 3235 4618 3351 4674; x_wconf 77' lang='grc' dir='ltr'><strong>ἀλλ’</strong></span> <span class='ocrx_word' id='word_1_708' title='bbox 3372 4620 3505 4674; x_wconf 82' lang='grc' dir='ltr'>αὐτὸ</span> <span class='ocrx_word' id='word_1_709' title='bbox 3526 4620 3709 4686; x_wconf 88' lang='grc' dir='ltr'>οὐσία,</span> 
     </span>
    </p>
   </div>
   <div class='ocr_carea' id='block_1_106' title="bbox 2121 4711 3707 4781">
    <p class='ocr_par' dir='ltr' id='par_1_106' title="bbox 2121 4711 3707 4781">
     <span class='ocr_line' id='line_1_106' title="bbox 2121 4711 3707 4781; baseline -0.001 -14"><span class='ocrx_word' id='word_1_710' title='bbox 2121 4714 2276 4767; x_wconf 84' lang='grc' dir='ltr'>οὐσία</span> <span class='ocrx_word' id='word_1_711' title='bbox 2299 4713 2355 4766; x_wconf 84' lang='grc' dir='ltr'><strong>δὲ</strong></span> <span class='ocrx_word' id='word_1_712' title='bbox 2386 4713 2480 4766; x_wconf 74' lang='grc' dir='ltr'><strong>καὶ</strong></span> <span class='ocrx_word' id='word_1_713' title='bbox 2504 4714 2532 4764; x_wconf 84' lang='lat'><strong>6</strong></span> <span class='ocrx_word' id='word_1_714' title='bbox 2556 4713 2703 4776; x_wconf 76' lang='grc' dir='ltr'>Υἱὸς,</span> <span class='ocrx_word' id='word_1_715' title='bbox 2751 4711 3045 4781; x_wconf 80' lang='grc' dir='ltr'>ἀγέννητος</span> <span class='ocrx_word' id='word_1_716' title='bbox 3072 4713 3165 4766; x_wconf 68' lang='grc' dir='ltr'><strong>καὶ</strong></span> <span class='ocrx_word' id='word_1_717' title='bbox 3196 4713 3400 4780; x_wconf 74' lang='grc' dir='ltr'>ὁὙίὸς,</span> <span class='ocrx_word' id='word_1_718' title='bbox 3430 4712 3527 4767; x_wconf 69' lang='grc' dir='ltr'><strong>καὶ</strong></span> <span class='ocrx_word' id='word_1_719' title='bbox 3554 4715 3707 4766; x_wconf 75' lang='grc' dir='ltr'>πᾶσα</span> 
     </span>
    </p>
   </div>
   <div class='ocr_carea' id='block_1_107' title="bbox 2124 4803 2716 4871">
    <p class='ocr_par' dir='ltr' id='par_1_107' title="bbox 2124 4803 2716 4871">
     <span class='ocr_line' id='line_1_107' title="bbox 2124 4803 2716 4871; baseline -0.002 -15"><span class='ocrx_word' id='word_1_720' title='bbox 2124 4804 2180 4856; x_wconf 84' lang='grc' dir='ltr'><strong>δὲ</strong></span> <span class='ocrx_word' id='word_1_721' title='bbox 2211 4805 2369 4856; x_wconf 88' lang='grc' dir='ltr'>οὐσία</span> <span class='ocrx_word' id='word_1_722' title='bbox 2398 4803 2716 4871; x_wconf 79' lang='grc' dir='ltr'>ἀγέννητὸς.</span> 
     </span>
    </p>
   </div>
   <div class='ocr_carea' id='block_1_108' title="bbox 2686 4893 3151 4948">
    <p class='ocr_par' dir='ltr' id='par_1_108' title="bbox 2686 4893 3151 4948">
     <span class='ocr_line' id='line_1_108' title="bbox 2686 4893 3151 4948; baseline 0 0"><span class='ocrx_word' id='word_1_723' title='bbox 2686 4893 2786 4948; x_wconf 75' lang='grc' dir='ltr'><strong>Ἐκ</strong></span> <span class='ocrx_word' id='word_1_724' title='bbox 2812 4894 2918 4947; x_wconf 84' lang='grc' dir='ltr'>τοῦ</span> <span class='ocrx_word' id='word_1_725' title='bbox 2946 4896 3151 4948; x_wconf 77' lang='grc' dir='ltr'>αὑτοῦ.</span> 
     </span>
    </p>
   </div>
   <div class='ocr_carea' id='block_1_109' title="bbox 2196 4986 3715 5057">
    <p class='ocr_par' dir='ltr' id='par_1_109' title="bbox 2196 4986 3715 5057">
     <span class='ocr_line' id='line_1_109' title="bbox 2196 4986 3715 5057; baseline 0 -15"><span class='ocrx_word' id='word_1_726' title='bbox 2196 4991 2257 5043; x_wconf 75' lang='lat' dir='ltr'><strong>Ei</strong></span> <span class='ocrx_word' id='word_1_727' title='bbox 2293 4990 2354 5041; x_wconf 87' lang='grc' dir='ltr'>τὸ</span> <span class='ocrx_word' id='word_1_728' title='bbox 2387 4988 2683 5056; x_wconf 81' lang='grc' dir='ltr'>ἀγέννητον</span> <span class='ocrx_word' id='word_1_729' title='bbox 2722 4986 2882 5041; x_wconf 88' lang='grc' dir='ltr'>οὐσία</span> <span class='ocrx_word' id='word_1_730' title='bbox 2914 4988 3006 5039; x_wconf 81' lang='grc' dir='ltr'>τοῦ</span> <span class='ocrx_word' id='word_1_731' title='bbox 3036 4986 3194 5048; x_wconf 80' lang='grc' dir='ltr'>Θεοῦ,</span> <span class='ocrx_word' id='word_1_732' title='bbox 3236 4989 3326 5039; x_wconf 75' lang='grc' dir='ltr'>καὶ</span> <span class='ocrx_word' id='word_1_733' title='bbox 3374 4986 3429 5040; x_wconf 84' lang='grc' dir='ltr'>τὸ</span> <span class='ocrx_word' id='word_1_734' title='bbox 3460 4986 3715 5057; x_wconf 77' lang='grc' dir='ltr'>γέννημα</span> 
     </span>
    </p>
   </div>
   <div class='ocr_carea' id='block_1_110' title="bbox 2122 5079 3712 5150">
    <p class='ocr_par' dir='ltr' id='par_1_110' title="bbox 2122 5079 3712 5150">
     <span class='ocr_line' id='line_1_110' title="bbox 2122 5079 3712 5150; baseline -0.002 -11"><span class='ocrx_word' id='word_1_735' title='bbox 2122 5086 2282 5140; x_wconf 85' lang='grc' dir='ltr'>οὐσία</span> <span class='ocrx_word' id='word_1_736' title='bbox 2304 5082 2399 5136; x_wconf 82' lang='grc' dir='ltr'>τοῦ</span> <span class='ocrx_word' id='word_1_737' title='bbox 2432 5083 2585 5146; x_wconf 81' lang='grc' dir='ltr'><strong>Υίού,</strong></span> <span class='ocrx_word' id='word_1_738' title='bbox 2609 5082 2669 5134; x_wconf 85' lang='grc' dir='ltr'>τὸ</span> <span class='ocrx_word' id='word_1_739' title='bbox 2695 5082 2899 5150; x_wconf 80' lang='grc' dir='ltr'>κτίσμα</span> <span class='ocrx_word' id='word_1_740' title='bbox 2923 5081 2954 5150; x_wconf 80' lang='grc' dir='ltr'>ἢ</span> <span class='ocrx_word' id='word_1_741' title='bbox 2980 5082 3189 5150; x_wconf 78' lang='grc' dir='ltr'>ποίημα</span> <span class='ocrx_word' id='word_1_742' title='bbox 3216 5081 3316 5134; x_wconf 80' lang='grc' dir='ltr'>οὐκ</span> <span class='ocrx_word' id='word_1_743' title='bbox 3338 5081 3493 5134; x_wconf 79' lang='grc' dir='ltr'>οὐσία</span> <span class='ocrx_word' id='word_1_744' title='bbox 3516 5079 3712 5137; x_wconf 78' lang='grc' dir='ltr'>αὐτοῦ.</span> 
     </span>
    </p>
   </div>
   <div class='ocr_carea' id='block_1_111' title="bbox 2126 5175 3281 5249">
    <p class='ocr_par' dir='ltr' id='par_1_111' title="bbox 2126 5175 3281 5249">
     <span class='ocr_line' id='line_1_111' title="bbox 2126 5175 3281 5249; baseline -0.004 -15"><span class='ocrx_word' id='word_1_745' title='bbox 2126 5179 2239 5234; x_wconf 89' lang='grc' dir='ltr'>Μία</span> <span class='ocrx_word' id='word_1_746' title='bbox 2263 5178 2394 5249; x_wconf 72' lang='grc' dir='ltr'>γὰρ,</span> <span class='ocrx_word' id='word_1_747' title='bbox 2430 5180 2521 5231; x_wconf 72' lang='grc' dir='ltr'>καὶ</span> <span class='ocrx_word' id='word_1_748' title='bbox 2547 5179 2608 5230; x_wconf 87' lang='grc' dir='ltr'><strong>οὐ</strong></span> <span class='ocrx_word' id='word_1_749' title='bbox 2648 5176 2838 5230; x_wconf 77' lang='grc' dir='ltr'>πολλαὶ</span> <span class='ocrx_word' id='word_1_750' title='bbox 2867 5175 3049 5228; x_wconf 85' lang='grc' dir='ltr'>οὐσίαι</span> <span class='ocrx_word' id='word_1_751' title='bbox 3081 5177 3108 5228; x_wconf 90' lang='lat'><strong>6</strong></span> <span class='ocrx_word' id='word_1_752' title='bbox 3134 5175 3281 5237; x_wconf 84' lang='grc' dir='ltr'><strong>Υίός.</strong></span> 
     </span>
    </p>
   </div>
   <div class='ocr_carea' id='block_1_112' title="bbox 2564 5359 3279 5423">
    <p class='ocr_par' dir='ltr' id='par_1_112' title="bbox 2564 5359 3279 5423">
     <span class='ocr_line' id='line_1_112' title="bbox 2564 5359 3279 5423; baseline 0.001 -13"><span class='ocrx_word' id='word_1_753' title='bbox 2564 5360 2660 5411; x_wconf 82' lang='grc' dir='ltr'><strong>Ἐκ</strong></span> <span class='ocrx_word' id='word_1_754' title='bbox 2702 5359 2810 5412; x_wconf 86' lang='grc' dir='ltr'>τοῦ</span> <span class='ocrx_word' id='word_1_755' title='bbox 2848 5359 3036 5413; x_wconf 83' lang='grc' dir='ltr'>αὐτοῦ</span> <span class='ocrx_word' id='word_1_756' title='bbox 3074 5361 3279 5423; x_wconf 72' lang='grc' dir='ltr'><strong>λόγου.</strong></span> 
     </span>
    </p>
   </div>
   <div class='ocr_carea' id='block_1_113' title="bbox 2200 5449 3708 5522">
    <p class='ocr_par' dir='ltr' id='par_1_113' title="bbox 2200 5449 3708 5522">
     <span class='ocr_line' id='line_1_113' title="bbox 2200 5449 3708 5522; baseline -0.001 -16"><span class='ocrx_word' id='word_1_757' title='bbox 2200 5452 2523 5522; x_wconf 81' lang='grc' dir='ltr'>’Λνθρωπόν</span> <span class='ocrx_word' id='word_1_758' title='bbox 2544 5470 2626 5515; x_wconf 85' lang='grc' dir='ltr'>τις</span> <span class='ocrx_word' id='word_1_759' title='bbox 2643 5450 2833 5513; x_wconf 83' lang='grc' dir='ltr'>εἰπὼν,</span> <span class='ocrx_word' id='word_1_760' title='bbox 2858 5450 2890 5520; x_wconf 83' lang='grc' dir='ltr'>ἢ</span> <span class='ocrx_word' id='word_1_761' title='bbox 2919 5450 3091 5515; x_wconf 87' lang='grc' dir='ltr'>λίθον,</span> <span class='ocrx_word' id='word_1_762' title='bbox 3117 5450 3149 5519; x_wconf 80' lang='grc' dir='ltr'><strong>ἢ</strong></span> <span class='ocrx_word' id='word_1_763' title='bbox 3173 5450 3350 5516; x_wconf 67' lang='grc' dir='ltr'>ξύλον,</span> <span class='ocrx_word' id='word_1_764' title='bbox 3375 5449 3565 5503; x_wconf 74' lang='grc' dir='ltr'>οὐσίαν</span> <span class='ocrx_word' id='word_1_765' title='bbox 3586 5452 3708 5505; x_wconf 67' lang='grc' dir='ltr'>τινὰ</span> 
     </span>
    </p>
   </div>
   <div class='ocr_carea' id='block_1_114' title="bbox 2118 5542 3705 5615">
    <p class='ocr_par' dir='ltr' id='par_1_114' title="bbox 2118 5542 3705 5615">
     <span class='ocr_line' id='line_1_114' title="bbox 2118 5542 3705 5615; baseline -0.003 -16"><span class='ocrx_word' id='word_1_766' title='bbox 2118 5547 2287 5609; x_wconf 84' lang='grc' dir='ltr'>δηλοῖ.</span> <span class='ocrx_word' id='word_1_767' title='bbox 2326 5546 2579 5615; x_wconf 82' lang='grc' dir='ltr'>Γὲννημσ.</span> <span class='ocrx_word' id='word_1_768' title='bbox 2625 5545 2682 5598; x_wconf 81' lang='grc' dir='ltr'><strong>δὲ</strong></span> <span class='ocrx_word' id='word_1_769' title='bbox 2724 5543 2895 5597; x_wconf 75' lang='grc' dir='ltr'>εἰπὼν</span> <span class='ocrx_word' id='word_1_770' title='bbox 2934 5544 3036 5597; x_wconf 83' lang='grc' dir='ltr'>οὐκ</span> <span class='ocrx_word' id='word_1_771' title='bbox 3063 5543 3257 5596; x_wconf 78' lang='grc' dir='ltr'>οὐσίαν</span> <span class='ocrx_word' id='word_1_772' title='bbox 3300 5542 3489 5606; x_wconf 79' lang='grc' dir='ltr'>ἁπλῶς</span> <span class='ocrx_word' id='word_1_773' title='bbox 3534 5543 3705 5613; x_wconf 74' lang='grc' dir='ltr'>δηλοῖ,</span> 
     </span>
    </p>
   </div>
   <div class='ocr_carea' id='block_1_115' title="bbox 2121 5633 3707 5710">
    <p class='ocr_par' dir='ltr' id='par_1_115' title="bbox 2121 5633 3707 5710">
     <span class='ocr_line' id='line_1_115' title="bbox 2121 5633 3707 5710; baseline -0.003 -19"><span class='ocrx_word' id='word_1_774' title='bbox 2121 5640 2244 5692; x_wconf 69' lang='grc' dir='ltr'><strong>ἐπεὶ</strong></span> <span class='ocrx_word' id='word_1_775' title='bbox 2292 5640 2398 5691; x_wconf 74' lang='grc' dir='ltr'><strong>πᾶν</strong></span> <span class='ocrx_word' id='word_1_776' title='bbox 2447 5638 2693 5710; x_wconf 79' lang='grc' dir='ltr'>γέννημα</span> <span class='ocrx_word' id='word_1_777' title='bbox 2738 5636 2895 5691; x_wconf 82' lang='grc' dir='ltr'>οὐσία</span> <span class='ocrx_word' id='word_1_778' title='bbox 2938 5636 3049 5707; x_wconf 77' lang='grc' dir='ltr'>μία.</span> <span class='ocrx_word' id='word_1_779' title='bbox 3131 5635 3192 5690; x_wconf 76' lang='lat' dir='ltr'><strong>Ei</strong></span> <span class='ocrx_word' id='word_1_780' title='bbox 3243 5636 3299 5691; x_wconf 80' lang='grc' dir='ltr'><strong>δὲ</strong></span> <span class='ocrx_word' id='word_1_781' title='bbox 3341 5635 3441 5689; x_wconf 76' lang='grc' dir='ltr'>οὐκ</span> <span class='ocrx_word' id='word_1_782' title='bbox 3517 5633 3707 5700; x_wconf 78' lang='grc' dir='ltr'>οὐσίας</span> 
     </span>
    </p>
   </div>
   <div class='ocr_carea' id='block_1_116' title="bbox 499 5782 2025 5878">
    <p class='ocr_par' dir='ltr' id='par_1_116' title="bbox 499 5783 2025 5878">
     <span class='ocr_line' id='line_1_116' title="bbox 499 5783 2025 5878; baseline -0.002 -38"><span class='ocrx_word' id='word_1_783' title='bbox 499 5784 714 5838; x_wconf 73' lang='lat' dir='ltr'><strong>’Exod.</strong></span> <span class='ocrx_word' id='word_1_784' title='bbox 762 5800 848 5853; x_wconf 66' lang='grc' dir='ltr'>κν,</span> <span class='ocrx_word' id='word_1_785' title='bbox 880 5786 934 5840; x_wconf 82' lang='lat'><strong>&#39;5.</strong></span> <span class='ocrx_word' id='word_1_786' title='bbox 999 5788 1030 5874; x_wconf 52' lang='grc' dir='ltr'><em>ξ</em></span> <span class='ocrx_word' id='word_1_787' title='bbox 1077 5785 1249 5843; x_wconf 77' lang='lat' dir='ltr'><strong>Exod.</strong></span> <span class='ocrx_word' id='word_1_788' title='bbox 1293 5803 1370 5852; x_wconf 86' lang='lat' dir='ltr'><strong>ut,</strong></span> <span class='ocrx_word' id='word_1_789' title='bbox 1402 5786 1484 5842; x_wconf 73' lang='lat' dir='ltr'><strong>li.</strong></span> <span class='ocrx_word' id='word_1_790' title='bbox 1658 5784 1789 5840; x_wconf 83' lang='lat' dir='ltr'><strong>ibid.</strong></span> <span class='ocrx_word' id='word_1_791' title='bbox 1852 5783 1935 5839; x_wconf 75' lang='grc'><strong>15.</strong></span> <span class='ocrx_word' id='word_1_792' title='bbox 2002 5868 2025 5873; x_wconf 30' lang='grc' dir='ltr'>Ε</span> 
     </span>
    </p>
   </div>
   <div class='ocr_carea' id='block_1_117' title="bbox 2128 5782 2499 5878">
    <p class='ocr_par' dir='ltr' id='par_1_117' title="bbox 2128 5782 2499 5849">
     <span class='ocr_line' id='line_1_117' title="bbox 2128 5782 2499 5849; baseline -0.013 -9"><span class='ocrx_word' id='word_1_793' title='bbox 2128 5783 2228 5840; x_wconf 82' lang='lat' dir='ltr'><strong>sal.</strong></span> <span class='ocrx_word' id='word_1_794' title='bbox 2253 5797 2422 5849; x_wconf 64' lang='lat' dir='ltr'><strong>tam,</strong></span> 
     </span>
    </p>
   </div>
   <div class='ocr_carea' id='block_1_118' title="bbox 2809 5882 2853 5895">
    <p class='ocr_par' dir='ltr' id='par_1_118' title="bbox 2809 5882 2853 5895">
     <span class='ocr_line' id='line_1_118' title="bbox 2809 5882 2853 5895; baseline 0 0"><span class='ocrx_word' id='word_1_795' title='bbox 2809 5882 2853 5895; x_wconf 63' lang='grc' dir='ltr'><strong>-Αὸ</strong></span> 
     </span>
    </p>
   </div>
  </div>
