4094 6204
287 319 403 381 ἔδίῆ

1280 325 1653 385 PANOPLIA
1699 322 2171 388 DOGMATJCA.
2204 352 2267 361 -
2312 328 2465 393 ΤΙΤ.
2507 328 2612 393 XI.

3471 324 3573 387 5L6

291 433 669 495 ὑποτέτακτο,
703 432 819 485 ἀλλ’
853 434 1078 505 ὕστερον
1131 436 1562 507 ὑποταγήσεται,
1608 436 1889 508 ἀνθρωπί-

2000 437 2038 491 si
2093 441 2373 510 subjectus
2427 458 2535 498 non
2592 445 2713 506 fuit,
2764 441 2856 497 sed
2918 440 3255 511 subjicietur,
3300 450 3356 493 ut
3412 439 3576 493 homo

288 541 404 588 νιος
434 523 581 594 ὑπὲρ
614 523 794 594 ἡμῶν,
832 527 928 578 καὶ
957 527 1018 579 οὐ
1054 526 1254 591 θεῖκῶς
1286 528 1428 597 ὑπὲρ
1462 530 1680 585 ἑαυτοῦ.

850 620 951 674 Ἕκ
983 621 1092 675 τοῦ
1132 622 1342 676 αὐτοῦ.

368 712 435 765 ΕΞ
467 713 607 782 μετὰ
639 714 739 784 τὴν
799 715 1217 784 ἐνανθρώπησιν
1265 714 1353 768 διὰ
1412 714 1513 787 τὴν
1552 714 1799 782 ὑπακοὴν
1823 714 1885 768 τὺ

296 804 447 873 ὑπὲρ
485 806 596 857 πᾶν
643 806 813 875 ὄνομα
852 806 930 876 τῷ
964 806 1075 875 Υῐῷ
1107 806 1227 875 Θεῷ
1269 806 1383 859 ὄντι
1414 807 1443 859 6
1476 808 1665 875 Πατὴρ
1695 806 1885 876 ἐχαρί-

292 913 453 960 σατο,
485 898 579 949 καὶ
609 898 760 951 πᾶσα
781 897 1001 966 γλῶσσα
1029 897 1482 968 ἐξωμολογήσατο
1505 896 1730 966 Κύριον,
1778 896 1885 964 πρὸ

292 990 404 1057 τῆς
464 988 938 1059 ὲνανθρωπήσεως
983 990 1109 1042 οὔτε
1152 991 1211 1041 τὸ
1248 991 1420 1059 ὄνομα
1471 989 1532 1041 τὸ
1575 990 1718 1058 ὑπὲρ
1776 990 1887 1041 πᾶν

292 1081 473 1150 ὄνομα
498 1078 669 1150 εἶχεν,
704 1080 829 1133 οὔτε
862 1082 1015 1153 παρά
1063 1082 1283 1135 πάντων
1331 1082 1431 1151 τὴν
1459 1080 1752 1151 ὁμολογίαν
1791 1078 1886 1132 τοῦ

296 1165 445 1223 εἶναι
472 1170 696 1241 Κύριος.
722 1171 939 1235 Μείζων
956 1171 1049 1225 οὖν
1067 1173 1283 1239 ἐγένετο
1303 1172 1442 1240 μετὰ
1487 1171 1583 1240 τὴν
1608 1168 1885 1237 ὲνανθρὼ-

299 1266 557 1334 πησιν.ἣ
595 1266 702 1337 πρὸ
732 1267 829 1333 τῆς
907 1265 1401 1335 ἐνανθρωπὴσεωξι,
1450 1264 1589 1333 ὅπερ
1659 1263 1883 1317 ἄτοπον.

300 1356 561 1409 Τοιοῦτον
586 1356 641 1408 δέ
671 1359 784 1409 ἐστι
819 1357 913 1408 καὶ
944 1357 1026 1419 τὸ,
1069 1355 1278 1423 Ἐδόθη
1302 1372 1406 1425 μοι
1437 1352 1608 1410 πᾶσα
1634 1353 1891 1419 ἐξουσία

298 1450 375 1502 ἐν
434 1448 671 1515 οὐρανῷ
724 1450 823 1503 καὶ
889 1448 1143 1518 ἐπὶγῆς.
1174 1450 1268 1512 Εἷς
1324 1449 1424 1519 τὴν
1470 1447 1891 1519 ἐνανθρὼπησιν

299 1538 421 1601 οὖν,
454 1543 551 1594 καὶ
572 1542 672 1594 οὐκ
704 1544 784 1604 si;
819 1543 919 1611 τὴν
950 1542 1180 1612 Θεότητα
1209 1541 1382 1595 ταῦτα
1417 1542 1563 1595 νοεῖν
1587 1540 1688 1595 δεῖ.

854 1722 958 1778 Ἐκ
997 1724 1104 1778 τοῦ
1134 1721 1345 1778 αὐτοῦ.

1987 534 2311 604 subjiciatur
2340 551 2436 604 pro
2458 536 2635 601 nobis,
2665 550 2769 589 non
2805 544 2988 588 autem
3023 544 3080 586 ut
3110 531 3251 585 Deus
3283 544 3381 600 pro
3405 542 3484 583 se.

2635 626 2719 681 Ex
2751 627 2955 682 eodem.

2062 718 2121 773 Si
2152 717 2313 774 Pater
2341 720 2478 774 Filio
2513 719 2642 784 Deo,
2679 729 3031 786 posteaquam
3070 714 3242 767 factus
3277 721 3358 766 est
3389 711 3576 775 homo,

1989 822 2209 881 pr0pter
2252 812 2396 880 quod
2432 811 2692 866 obedieus
2726 810 2849 872 fuit,
2887 810 3109 862 donavit
3161 820 3357 859 nomen
3413 818 3578 873 super

1988 918 2149 959 omne
2189 918 2407 966 nomen,
2441 913 2496 956 ut
2539 904 2717 956 omnis
2749 902 2925 970 lingua
2962 898 3250 952 Dominum
3282 896 3580 950 confitere-

1990 1006 2101 1059 tur,
2164 1006 2454 1065 antequam
2517 997 2678 1048 homo
2729 995 2901 1057 ﬁeret,
2930 1008 3037 1046 non
3095 991 3326 1044 habebat
3379 1003 3577 1042 nomen

1988 1104 2153 1159 super
2181 1103 2344 1142 omne
2375 1103 2571 1142 nomen
2610 1088 2650 1150 ‘,
2678 1101 2854 1153 neque
2885 1085 3036 1139 illum
3068 1097 3260 1137 omnes
3291 1080 3578 1133 Dominum

1990 1180 2411 1235 confitebantur.
2450 1178 2619 1249 Major
2672 1178 2834 1245 igitur
2882 1176 3055 1230 evasit
3089 1182 3369 1242 postquam
3416 1171 3578 1223 homo

1990 1271 2167 1328 factus
2230 1282 2335 1338 est,
2410 1288 2571 1341 quam
2644 1282 2763 1324 erat
2812 1270 3124 1339 priusquam
3196 1266 3355 1319 homo
3404 1262 3576 1315 ﬁeret.

1991 1364 2142 1433 Quod
2176 1364 2471 1420 absurdum
2508 1361 2806 1419 est..|dem
2857 1367 3238 1431 argumentum
3295 1355 3433 1409 sumi
3490 1368 3581 1422 po—

1994 1468 2098 1514 test
2132 1474 2195 1513 ex
2236 1460 2344 1513 illis
2388 1458 2566 1512 verbis
2615 1476 2628 1512 :
2673 1456 2809 1509 Data
2844 1462 2921 1509 est
2964 1452 3091 1507 mihi
3128 1455 3295 1504 omnis
3343 1436 3582 1516 potestas

1991 1552 2196 1606 increta
2218 1561 2263 1604 et
2298 1551 2353 1603 in
2418 1559 2559 1604 terra
2589 1549 2634 1602 ’.
2680 1547 3043 1613 Quamobrem
3085 1543 3199 1598 haec
3220 1542 3284 1595 ad
3338 1538 3585 1593 humaui—

1994 1653 2161 1699 tatem
2185 1644 2324 1715 ejus,
2350 1658 2453 1697 non
2472 1652 2651 1695 autem
2678 1641 2744 1693 ad
2767 1638 3103 1691 divinitatem
3126 1633 3406 1688 referenda
3433 1640 3582 1684 sum,

2632 1729 2716 1783 Ea:
2752 1731 2954 1784 eodem.

380 1818 445 1869 Ei
498 1816 834 1887 δημιουργὸς
872 1816 983 1870 τῶν
1014 1817 1152 1870 ὅλων
1208 1819 1236 1870 6
1268 1816 1416 1883 Υἱὸς,
1479 1814 1572 1867 τὸν
1604 1812 1662 1867 δὲ
1695 1811 1887 1885 χρόνον

2004 1886 2005 1889 η
2050 1828 2106 1883 Si
2130 1827 2315 1885 mundi
2376 1824 2621 1882 conditor
2675 1833 2759 1878 est
2806 1819 2997 1882 Filius,
3046 1829 3100 1874 et
3136 1826 3347 1886 tempus
3394 1812 3584 1883 iudicii

306 1911 409 1975 τῆς
437 1911 674 1978 κρίσεως
713 1910 813 1963 οὐκ
848 1904 1015 1974 οῐδεν,
1069 1909 1098 1962 6
1121 1908 1563 1981 ἐδημιούργησεν
1592 1905 1693 1958 οὐκ
1722 1899 1887 1959 οἶδεν.

305 2000 383 2051 06
415 1998 527 2069 γὰρ
559 1999 658 2070 τὴν
691 2000 874 2069 κρίσιν
902 1995 1056 2052 εἶπεν
1103 2000 1338 2067 ἀγνοεῖν,
1366 1996 1504 2050 ἀλλὰ
1528 1996 1621 2049 τὸν
1649 1994 1844 2065 χρόνον
1872 2008 1892 2070 ς

314 2092 411 2145 καὶ
443 2091 562 2153 πῶς
597 2092 696 2144 οὐκ
726 2092 927 2145 ἄτοπον
952 2134 967 2159 ,

860 2185 961 2236 Ἐκ
990 2182 1098 2236 τοῦ
1123 2182 1337 2237 αὐτοῦ.

384 2278 447 2329 Ei
485 2277 584 2348 τὴν
610 2277 813 2346 γνῶσιν
846 2276 1063 2329 πάντων
1096 2272 1170 2328 ὧν
1222 2276 1248 2327 6
1280 2275 1466 2344 Πατὴρ
1494 2274 1631 2344 ἔχει,
1679 2273 1706 2325 6
1766 2270 1894 2333 Υἱὸς

308 2370 413 2422 οὐκ
463 2368 598 2435 ἔχει,
626 2368 896 2435 ἐψεύσατο
922 2365 1114 2431 εἰπὼν,
1146 2365 1350 2417 Πάντα
1404 2364 1523 2418 ὅσα
1550 2364 1676 2432 ἔχει
1707 2366 1739 2417 ό
1780 2365 1896 2416 Πα-

308 2467 447 2532 τὴρ,
484 2463 600 2532 ἐμά
631 2463 761 2515 ἐστι
781 2478 795 2492 ο
821 2460 938 2520 καὶ.
962 2460 1165 2523 Καθὼς
1189 2460 1221 2512 ὀ
1242 2460 1447 2524 Πατὴρ
1490 2454 1769 2524 γινώσκει
1794 2470 1894 2523 με,

310 2556 476 2626 κάγὼ
504 2555 777 2626 γινώσκω
799 2554 908 2607 τὸν
948 2553 1197 2620 Πατέρα.
1249 2552 1309 2603 Εἰ
1377 2551 1422 2604 6'
1462 2551 1651 2619 ἕτερον
1712 2548 1775 2600 τὸ
1807 2548 1897 2601 τὸν

312 2652 539 2719 Πατέρα
578 2649 795 2712 εἰδέναι,
833 2648 926 2699 καὶ
947 2646 1135 2716 ἕτερον
1176 2646 1233 2699 τὸ
1281 2645 1350 2698 τὰ
1383 2644 1477 2697 τοῦ
1509 2641 1749 2712 Πατρὸς,
1778 2641 1898 2709 μείο

314 2744 409 2810 ζον
432 2744 491 2796 δὲ
538 2744 600 2795 τὸ
631 2742 841 2795 εἰδέναι
868 2741 958 2793 τὸν
993 2739 1211 2807 Πατέρα
1244 2738 1337 2792 τοῦ
1368 2739 1435 2791 τὰ
1456 2738 1625 2792 αὑτοῦ
1675 2737 1895 2800 εἰδέναι,

312 2839 439 2892 καθ’
492 2839 619 2891 ὅσον
676 2836 909 2898 ἕκαστος
952 2833 1117 2897 αὐτὸς
1158 2832 1270 2886 τῶν
1320 2831 1517 2886 ἑαυτοῦ
1566 2832 1795 2902 μείζων,
1830 2831 1899 2884 τὸ

316 2931 507 3000 μεῖζον
532 2931 562 2982 6
592 2927 718 2993 Υἱὸς
747 2927 923 2991 εἰδὼς,
986 2926 1205 2992 Οὐδεὶς
1242 2926 1379 2997 γὰρ,
1415 2927 1603 2997 φησὶν,
1633 2920 1757 2979 εἶδε
1792 2924 1902 2979 τὸν

312 3021 551 3090 Πατέρα
606 3023 661 3074 ει
689 3019 775 3089 μὴ
809 3022 843 3073 ὁ
870 3019 1021 3086 Υἱὸς,
1054 3020 1114 3073 τὸ
1142 3019 1366 3073 ἔλαττον
1426 3020 1529 3072 οὐκ
1572 3017 1713 3089 ᾔδει,
1762 3017 1901 3087 ὅπερ

1994 1923 2230 1987 ignorat,
2282 1917 2427 1988 quod
2480 1931 2593 1971 ase
2639 1915 2916 1971 conditum
2969 1923 3073 1973 est,
3123 1912 3357 1981 ignorat.
3404 1907 3587 1974 Neque

1992 2015 2137 2067 enim
2186 2012 2401 2081 negavit
2434 2026 2493 2066 se
2532 2008 2795 2078 judicium
2845 2008 3008 2071 scire,
3036 2005 3130 2060 sed
3176 2013 3410 2071 tempus.
3475 1997 3587 2051 lloc

1994 2105 2293 2162 absurdum
2323 2113 2429 2159 est.

2634 2192 2717 2248 E1:
2742 2196 2939 2248 eodem.

2068 2290 2123 2344 Si
2163 2288 2523 2359 cognitionem
2571 2288 2815 2341 omnium
2868 2299 2987 2355 qme
3030 2284 3189 2337 Pater
3236 2282 3422 2341 habet,
3479 2292 3584 2332 non

1996 2380 2160 2434 habet
2196 2377 2385 2439 Filius,
2431 2378 2688 2431 mentitus
2721 2387 2828 2440 est,
2872 2376 3121 2444 inquiens
3154 2390 3167 2426 :
3208 2371 3421 2435 Omnia,
3466 2385 3583 2439 qua:

1999 2471 2162 2525 Pater
2214 2471 2388 2534 Imber,
2472 2485 2585 2522 mea
2660 2482 2784 2523 sunt
2822 2468 2863 2521 ³.
2949 2467 3061 2521 Ει;
3130 2464 3584 2529 Quemadmodum

1997 2566 2258 2636 cognoscit
2287 2579 2364 2617 mc
2414 2559 2591 2624 Pater,
2623 2564 2699 2616 sic
2740 2578 2833 2631 ego
2861 2576 3114 2629 cognosco
3162 2557 3375 2611 Patrem
3410 2556 3453 2606 δ.
3489 2555 3583 2607 Sin

1998 2661 2144 2716 aliud
2165 2670 2263 2724 cst,
2284 2659 2496 2713 Patrem
2546 2671 2721 2719 nosse,
2749 2656 2891 2709 aliud
2916 2667 3075 2707 nosse
3097 2668 3212 2721 qua:
3237 2649 3415 2705 Patris
3438 2657 3587 2711 sunt,

1998 2766 2051 2811 et
2079 2754 2251 2821 majus
2280 2763 2360 2808 est
2382 2767 2541 2807 nosse
2564 2750 2981 2819 Patrem,quam
3004 2763 3065 2802 ea
3098 2762 3219 2817 qua:
3242 2754 3369 2800 sunt
3394 2742 3587 2811 ipsius,

2000 2862 2123 2902 cum
2150 2846 2521 2913 unusquisque
2548 2842 2720 2905 major
2750 2844 2863 2908 ipse
2909 2842 3000 2897 sit.
3027 2854 3189 2909 quam
3235 2852 3296 2891 ea
3324 2850 3441 2904 qua:
3467 2841 3593 2887 sunt

1998 2939 2202 3009 ipsius:
2231 2940 2372 3008 quod
2401 2937 2573 3007 majus
2599 2946 2685 2991 est
2711 2950 2938 2989 noscens
2974 2932 3165 2995 Filius,
3199 2930 3393 2984 Nullus
3420 2927 3591 2988 enim,

2002 3030 2198 3100 inquit,
2252 3028 2390 3083 uouit
2453 3029 2670 3083 Patrem
2726 3030 2825 3082 nisi
2884 3024 3053 3079 Filius
3100 3026 3146 3088 ⁸,
3200 3026 3249 3078 id
3298 3023 3439 3092 quod
3486 3024 3593 3074 mi-

312 3114 599 3167 ἁδὺνατον.
656 3112 756 3165 Διὰ
781 3111 840 3164 τὸ
872 3110 969 3181 μὴ-
990 3111 1273 3181 συμφέρον
1301 3108 1397 3164 οὖν
1440 3112 1555 3172 τοῖς
1583 3108 1897 3181 ἀνθρώποις

2009 3138 2112 3179 nus
2126 3135 2208 3179 est
2226 3122 2517 3193 ignoravit.
2540 3121 2651 3176 Hoc
2668 3132 2844 3175 autem
2869 3120 2985 3174 ﬁeri
3010 3135 3112 3173 uuu
3138 3126 3332 3185 potest.
3358 3113 3594 3169 Reticiiit

311 3206 551 3259 ἀκοῦσαι
600 3206 691 3257 τὸν
737 3204 929 3273 καιρὸν
958 3203 1059 3271 τῆς
1100 3202 1341 3273 κρίσεως
1365 3200 1789 3270 ἀπεσιώπησεν.
1836 3199 1897 3254 Ἠ

2010 3217 2196 3286 igitur,
2223 3216 2481 3284 quoniam
2508 3216 2819 3271 hominibus
2858 3213 3046 3282 judicii
3074 3222 3292 3280 tempus
3318 3209 3459 3261 scire
3484 3222 3591 3259 non

317 3298 419 3367 μὲν
444 3298 554 3367 γὰρ
585 3296 673 3351 ἀεὶ
714 3293 1016 3363 προσδοκία
1049 3292 1420 3362 θερμοτέρους
1463 3292 1593 3360 περὶ
1624 3288 1724 3360 τὴν
1747 3288 1905 3343 εὐσέ-

312 3393 475 3445 ϐειαν
523 3387 939 3458 ἀπεργάζεται·
997 3388 1031 3457 ὴ
1078 3385 1135 3436 δὲ
1164 3384 1261 3437 τοῦ
1318 3384 1488 3436 πολὺν
1544 3382 1637 3436 τὸν
1693 3381 1900 3452 μεταξὺ

313 3486 512 3557 χρόνον
562 3484 787 3536 ἔσεσθαι
818 3481 1017 3549 γνῶσις
1046 3478 1481 3549 ὀλιγωροτὲρους
1532 3476 1599 3531 ἂν
1646 3477 1904 3545 ἐποίησιν

314 3575 612 3632 ἑλπίδιτοῦ
648 3577 741 3630 καὶ
780 3575 1009 3645 ὕστερον
1042 3570 1557 3644 μεταϐαλλομένους
1609 3566 1903 3636 δυνηθῆναι

315 3670 709 3742 εὐαρεστῆσαι.
754 3667 907 3719 Ἐπεὶ
962 3665 1080 3728 πῶς
1129 3664 1158 3716 6
1187 3664 1365 3717 πάντα
1398 3661 1565 3731 μέχρι
1620 3659 1721 3728 τῆς
1752 3658 1905 3727 ὥρας

317 3764 536 3833 ἐκείνης
595 3760 752 3822 εἰδὼς
788 3760 913 3828 οὐχὶ
942 3757 1203 3826 κάκείνην
1235 3756 1333 3826 τὴν
1358 3754 1510 3825 ὥραν
1556 3752 1710 3823 ﬁliai;
1779 3753 1903 3805 Μά-

316 3874 418 3925 την
447 3854 503 3907 δὲ
529 3855 557 3906 6
591 3853 913 3913 Ἀπόστολος
947 3849 1163 3916 ἔλεγεν,
1198 3849 1295 3900 Ἐν
1338 3839 1385 3912 ᾧ
1415 3849 1535 3900 εισι
1582 3844 1816 3911 πάντες
1848 3847 1905 3900 οι

318 3946 615 4016 θησαυροὶ
640 3945 750 4014 τῆς
782 3945 1028 4013 σοφίας,
1068 3942 1167 3996 καὶ
1202 3938 1308 4008 τῆς
1343 3938 1626 4009 γνώσεως
1662 3940 1718 3994 οι
1747 3940 1906 3995 ἀπό-

321 4058 563 4110 κρυφοη

853 4133 954 4187 Ἐκ
998 4131 1104 4185 τοῦ
1136 4133 1283 4183 αὐτο
1295 4129 1348 4184 ῦ.

394 4230 455 4284 εἰ
482 4229 572 4283 διὰ
601 4229 692 4281 τὸν
721 4227 945 4297 Πατέρα
980 4227 1008 4277 6
1047 4226 1173 4289 Υἱὸς
1203 4227 1268 4296 ζῇ
1295 4264 1310 4289 ,
1358 4224 1426 4277 δι’
1457 4224 1666 4296 ἕτερον,
1693 4222 1790 4277 καὶ
1842 4221 1903 4274 οὐ

319 4324 387 4376 δι’
417 4322 612 4375 ἑαυτὸν
646 4322 737 4392 ζῇ.
772 4322 832 4373 '0
869 4321 925 4372 δὲ
957 4318 1024 4371 δι’
1064 4320 1253 4389 ἕτερον
1284 4318 1395 4383 ζῶν
1445 4316 1697 4387 αὑτοζωὴ
1758 4310 1905 4369 εἶναι

321 4418 382 4471 οὐ
434 4415 683 4469 δύναται.
734 4414 868 4466 Οὐδὲ
901 4413 1009 4483 γὰρ
1044 4414 1071 4464 6
1109 4414 1249 4465 κατὰ
1305 4410 1464 4481 χάριν
1521 4404 1678 4477 ἅγιος
1743 4408 1905 4463 αὑτο-

2004 3309 2343 3377 cxpediebat.
2379 3308 2514 3363 Nam
2563 3307 2777 3363 assidua
2836 3304 3175 3373 exspectatio
3223 3303 3343 3356 illos
3368 3303 3435 3354 ad
3480 3301 3596 3368 pie-

2017 3411 2185 3456 tatem
2260 3402 2613 3457 excoleudam
2681 3399 3043 3469 promptiores
3113 3395 3312 3449 reddit.
3374 3391 3596 3459 Quodsi

2011 3493 2229 3563 longum
2266 3492 2527 3562 temporis
2550 3492 2783 3562 spatium
2837 3489 3278 3543 intercessurum
3320 3483 3601 3552 cognovis-

2004 3584 2597 3655 sent,uegligentiores
2642 3580 2819 3637 cﬁ‘ccti
2867 3588 3072 3644 essent,
3122 3586 3407 3645 sperantes
3458 3573 3595 3635 fore,

2006 3688 2067 3731 ut
2100 3685 2223 3746 post
2249 3676 2437 3738 etiam,
2481 3674 2526 3727 si
2559 3672 2966 3741 resipiscerent,
3005 3668 3302 3736 placerent.
3336 3662 3472 3717 Nam
3500 3662 3593 3728 qui

2008 3768 2124 3823 ﬁeri
2161 3776 2359 3837 potem,
2386 3773 2443 3819 ut
2472 3762 2709 3818 eumilla
2761 3762 2889 3815 liora
2925 3760 3107 3821 lateat,
3152 3756 3243 3824 qui
3296 3769 3469 3824 usque
3524 3746 3593 3805 a'd

2005 3862 2177 3932 ipsam
2202 3862 2389 3915 horam
2424 3860 2573 3912 uovlt
2600 3854 2820 3911 omnia?
2864 3853 3084 3908 Frustra
3112 3858 3374 3921 praeterea
3426 3848 3598 3901 dixis-

2007 3966 2093 4012 set
2128 3954 2470 4025 Apostolus:
2504 3951 2571 4007 In
2602 3968 2704 4021 quo
2750 3958 2872 4004 sunt
2910 3963 3086 4002 omnes
3130 3942 3600 4011 tltesuurisapicn-

2009 4052 2097 4107 tia:
2128 4060 2177 4104 et
2204 4046 2515 4117 cognitionis
2550 4044 2806 4099 reconditi
2840 4044 2885 4097 ‘.

2648 4132 2730 4187 Ea:
2752 4134 2957 4187 eodem.

2081 4231 2137 4287 Si
2172 4238 2389 4300 propter
2416 4228 2631 4283 Patrem
2685 4226 2853 4281 Filius
2901 4225 3054 4289 vivit,
3105 4240 3201 4295 per
3248 4224 3435 4289 alium,
3494 4238 3599 4277 non

2009 4338 2104 4395 per
2134 4338 2194 4378 se
2227 4323 2377 4377 vivit.
2434 4320 2536 4387 Qui
2568 4330 2743 4375 autem
2801 4332 2897 4389 per
2946 4316 3108 4370 alium
3157 4316 3310 4381 vivit,
3356 4331 3460 4371 non
3518 4323 3603 4368 est

2010 4416 2123 4485 ipsa
2151 4416 2259 4471 vita
2294 4430 2464 4472 :nam
2493 4424 2549 4469 et
2576 4414 2666 4484 qui
2713 4427 2808 4480 per
2855 4411 3020 4465 alium
3068 4418 3288 4464 sanctus
3338 4419 3441 4470 est,
3495 4425 3603 4461 nun

322 4513 497 4578 ἅγιος.
545 4506 845 4576 Ἐψεύσατο
885 4505 978 4558 οὖν
1019 4506 1047 4559 6
1089 4504 1217 4566 Υἱὸς
1256 4504 1449 4567 εἰπὼν,
1488 4501 1639 4571 Ἐγώ
1699 4505 1819 4571 ειμι
1858 4502 1897 4570 ἠ

2006 4521 2089 4567 est
2112 4511 2229 4580 ipsa
2275 4509 2564 4563 sanctitas.
2586 4506 2840 4561 Mentitus
2872 4513 2960 4558 cst
3010 4502 3173 4569 igitur
3217 4498 3388 4555 Filius
3418 4538 3433 4562 .
3469 4499 3601 4569 Ego,

325 4601 433 4672 ζωή
454 4620 469 4634 ο
509 4603 601 4655 καὶ
632 4601 811 4665 πάλιν,
850 4601 1015 4655 Οὕτω
1051 4600 1151 4654 καὶ
1208 4602 1241 4653 ό
1282 4599 1415 4665 Υἱὸς
1438 4598 1545 4666 οὓς
1575 4598 1735 4653 θέλει
1768 4598 1903 4659 ζωο-

323 4697 500 4752 ποιεῖ.
535 4696 631 4758 Εἰς
666 4695 767 4765 τὴν
802 4695 1222 4765 ὲνανῦρὼπησιν
1250 4692 1367 4759 οὖν,
1414 4694 1513 4746 καὶ
1544 4694 1645 4747 οὐκ
1681 4695 1762 4757 si;
1800 4694 1903 4763 τὴν

325 4789 555 4859 omnm
579 4789 638 4841 τὸ
660 4786 951 4857 εἰρημένον
980 4787 1061 4839 δεῖ
1094 4788 1259 4839 νοεῖν.

865 4879 970 4933 Ἐκ
996 4877 1105 4933 τοῦ
1136 4879 1349 4933 αὑτοῦ.

394 4976 457 5029 Εἰ
518 4973 804 5045 ἄμπελος,
855 4977 1067 5042 φασιν,
1130 4975 1159 5026 6
1225 4974 1466 5044 Σωτὴρ,
1529 4972 1788 5045 κλήματα
1849 4973 1908 5029 δὲ

324 5070 506 5139 ἡμεῖς,
552 5065 798 5137 γεωργὸς
831 5065 890 5118 δὲ
920 5067 949 5119 6
975 5066 1181 5136 Πατὴρ,
1207 5066 1277 5119 τὰ
1305 5066 1358 5118 δὲ
1394 5066 1654 5137 κλήματα
1679 5066 1901 5136 ὁμοφοῆ

328 5163 428 5231 μὲν
482 5166 548 5231 τῇ
596 5160 865 5231 ἀμπέλῳ,
907 5161 940 5229 ἡ
969 5160 1027 5212 δὲ
1075 5160 1321 5228 ἄμπελος
1378 5160 1477 5229 οὐχ
1520 5160 1771 5231 ὁμοφμὴς
1829 5159 1907 5229 τῷ

325 5255 581 5327 γεωργῷ,
610 5257 855 5324 ὁμοφυὴς
881 5254 980 5325 μὲν
1008 5255 1136 5324 ἡμῖν
1165 5256 1193 5306 6
1226 5254 1376 5318 Υἱὸς,
1405 5256 1499 5307 καὶ
1534 5257 1708 5325 μέρος
1737 5256 1903 5324 ἡμεῖς

324 5346 514 5407 αὑτοῦ,
550 5347 648 5417 οὐχ
675 5346 925 5415 ὁμοφυὴς
955 5345 1012 5399 δὲ
1036 5345 1114 5414 τῷ
1144 5345 1339 5414 Πατρὶ,
1371 5346 1507 5398 ἀλλὰ
1555 5348 1697 5399 κατὰ
1724 5349 1902 5401 πάντα

326 5442 632 5511 ἀλλότριος.
674 5440 817 5510 Πρὸς
847 5438 940 5501 οὓς
969 5440 1226 5508 ἐροῦμεν·
1267 5440 1345 5493 Οὺ
1370 5439 1469 5507 τῆς
1520 5440 1778 5510 θεότητος
1808 5444 1907 5494 αὑο

327 5537 442 5610 τρῦ,
474 5535 609 5588 ἀλλὰ
646 5536 742 5605 τῆς
779 5536 979 5609 σαρκὸς
1016 5536 1242 5604 εἴρηκεν
1273 5536 1418 5603 ἡμᾶς
1446 5534 1720 5604 κλήματα.
1750 5537 1907 5589 Κατὰ

445 5748 459 5773 ’
487 5744 718 5810 ιδιιίιῑμρ.
749 5756 811 5804 ιι,
839 5742 892 5795 9.

332 5817 536 5873 'Joau.
572 5809 683 5879 xiv,
710 5814 762 5870 6.
838 5814 858 5846 ⁸
890 5814 1023 5869 Joau
1075 5828 1124 5879 ι’,
1156 5812 1247 5865 2t.
1311 5810 1330 5841 ³
1357 5809 1511 5864 Joau.
1547 5824 1639 5876 xv,
1676 5812 1726 5876 l,
1752 5814 1807 5869 5.

1008 5743 1025 5772 ¹
1057 5740 1241 5795 Milli).
1296 5755 1422 5800 xxv,
1457 5737 1539 5792 l8.
1619 5738 1637 5770 ³
1674 5740 1833 5796 Joan.
1873 5756 1984 5809 xvr,
2022 5742 2109 5798 15.

2006 4605 2276 4673 inquiens,
2305 4620 2419 4657 sum
2451 4602 2627 4667 vila';
2657 4609 2712 4655 et
2738 4615 2756 4655 :
2784 4599 2875 4654 Sic
2901 4610 2946 4653 et
2977 4595 3145 4654 Filius
3176 4612 3302 4667 quos
3324 4595 3449 4657 υιιιι,
3485 4593 3607 4646 viri-

2003 4697 2195 4767 βίον.
2244 4698 2429 4763 Quare
2504 4694 2710 4749 dictum
2799 4691 2931 4746 illud
2993 4706 3099 4745 nou
3155 4690 3221 4742 ad
3268 4689 3602 4741 divinitatem

2005 4793 2269 4867 pertinet,
2305 4790 2399 4847 sed
2430 4789 2498 4842 ad
2535 4787 2960 4842 humanitatem.

2648 4878 2735 4933 Ε»
2767 4877 2972 4933 eodem.

1998 5007 2015 5016 ι
2080 4976 2136 5033 Si
2172 4978 2298 5033 vitis
2338 4986 2440 5038 est.
2473 4972 2746 5044 inquiunt,
2782 4970 3065 5033 Servatur,
3107 4983 3207 5025 nos
3256 4976 3436 5022 autem
3489 4961 3605 5032 pal-

2006 5076 2187 5136 mites,
2223 5072 2384 5126 Pater
2411 5076 2593 5121 autem
2629 5065 2867 5134 agricola
2893 5066 2943 5128 °,.
2995 5062 3247 5133 palmites
3294 5069 3474 5112 autem
3508 5055 3603 5109 viti

2006 5176 2204 5220 natura
2236 5160 2518 5230 cuujuncti
2544 5167 2690 5223 sunt,
2720 5158 2847 5212 vitis
2877 5166 3058 5210 autem
3099 5154 3347 5226 agricola:
3376 5141 3599 5204 na‘tura-

2008 5260 2133 5317 liter
2176 5270 2282 5308 uon
2336 5263 2417 5307 est
2477 5250 2794 5312 conjuncta,
2854 5247 3025 5303 Filius
3052 5258 3247 5301 natura
3296 5242 3607 5301 nobiseum

2013 5350 2339 5418 conjunctus
2366 5356 2469 5409 est,
2500 5358 2606 5399 non
2639 5352 2819 5400 autem
2860 5343 3102 5413 ejusdem
3132 5352 3215 5395 est
3245 5347 3452 5392 natura
3480 5350 3602 5391 cum

2016 5447 2197 5511 Patre,
2227 5443 2337 5512 {sed
2393 5440 2461 5495 ab
2491 5454 2556 5494 eo
2608 5442 2824 5507 penitus
2888 5438 3115 5491 alienus.
3166 5432 3600 5503 Respondemus,

2020 5538 2305 5595 Dominum
2332 5549 2440 5588 non
2472 5533 2791 5598 divinitatis,
2816 5532 2910 5587 sed
2938 5530 3122 5588 carnis
3153 5543 3265 5583 sua:
3292 5540 3391 5581 uos
3412 5524 3604 5596 palmi-

2223 5742 2244 5775 ⁸
2275 5742 2415 5797 ibid.
2526 5741 2547 5773 '
2598 5736 2791 5792 Matth.
2827 5751 2880 5801 ι,
2919 5734 3011 5790 27.
3125 5732 3147 5762 ⁸
3182 5729 3395 5786 Coloss.
3439 5742 3503 5797 ιι,
3540 5727 3599 5783 ὅ.
