4094 6204
481 294 579 356 bii!

1717 241 2098 350 EUTliYMll
2145 281 2505 343 ZIGABENI

3656 273 3772 336 ξω

480 421 586 467 est.
611 411 723 464 haec
757 407 917 462 verba
954 406 1019 459 de
1079 403 1168 457 illo
1204 399 1456 469 intelligi,
1482 410 1749 467 quatenus
1788 413 1853 451 ex
1910 396 2076 449 Maria

2187 392 2408 461 Μαρίας
2442 391 2503 442 τὸ
2541 390 2683 443 κατὰ
2720 391 2904 456 σάρκα
2936 388 3207 459 εἰρῆσθαι.
3239 388 3449 456 Ὥσπερ
3483 380 3579 439 οὖν
3616 388 3714 439 καὶ
3749 382 3780 430 ὁ

482 511 644 557 natus
691 512 795 565 est,
858 511 913 554 et
974 499 1040 552 ad
1117 494 1515 551 humanitatem
1576 490 1725 544 illius
1780 489 2072 557 i’iertinore.

481 594 943 660 Quemadmodum
980 599 1032 643 et
1068 586 1292 655 angelus
1325 584 1643 653 pastoribus
1678 582 1880 637 bonum
1935 582 2068 636 illud

482 687 729 741 nuntium
773 684 1003 737 terens:
1063 676 1240 731 Notus
1310 687 1406 738 est,
1468 675 1667 744 inquit,
1723 674 1864 728 nobis
1921 675 2076 728 hodie

484 779 736 833 Senator
787 776 830 831 ί,
895 772 985 834 qui
1028 780 1105 823 est
1148 769 1390 825 Christus
1414 768 1695 822 Dominus.
1735 766 1806 820 Ea
1839 779 2076 834 namque

2180 486 2418 553 ἄγγελος
2462 484 2955 554 εὐαγγελιζόμενος
2992 484 3118 545 τοὺς
3162 483 3432 551 ποιμένας
3472 480 3647 548 λέγει,
3692 480 3779 534 ὅτι

2190 581 2437 647 Ἐτέχθη
2482 578 2626 647 ὑμῖν
2659 576 2931 646 σήμερον
2965 576 3203 642 Σωτὴρ,
3241 576 3309 641 ὅς
3348 576 3477 629 ἐστι
3520 576 3781 640 Χριστός

2176 675 2413 740 Κύριος.
2449 672 2522 723 Τὸ
2555 669 2667 740 γὰρ
2685 669 2962 738 σήμερον
2989 670 3089 723 οὐκ
3123 669 3189 723 ἂν
3222 669 3349 738 περὶ
3376 667 3470 720 τοῦ
3505 666 3612 733 πρὸ
3642 666 3780 717 αἰώ-

2178 783 2285 818 νων
2319 764 2631 833 νομισθεὶη.
2675 763 3021 831 Σαφέστερον
3053 761 3110 813 δὲ
3146 761 3206 812 τὸ
3240 760 3367 828 ἑξῆς
3402 759 3650 812 δείκνυσι
3685 757 3779 809 λέ-

486 885 605 926 vox.
641 868 813 927 hodie.
841 866 905 917 ad
927 879 1076 926 eum,
1111 871 1169 915 nt
1207 872 1289 916 est
1329 871 1453 916 ante
1487 860 1709 924 sarcula,
1746 860 1934 912 referri
1968 873 2071 911 non

2187 874 2310 924 των,
2342 857 2563 912 Τοῦτον
2591 856 2700 910 τὸν
2729 854 3001 923 Ἰησοῦν,
3027 854 3099 909 ὃν
3126 852 3295 923 ὑμεῖς
3325 852 3777 922 ἐσταυρώσατε.

482 969 681 1030 potest.
719 959 830 1013 lloc
852 966 1030 1010 autem
1068 954 1274 1009 clarius
1331 961 1478 1022 patet
1510 968 1575 1007 ex
1614 952 1792 1006 verbis
1818 950 1947 1016 illis,
1978 965 2095 1020 quae
2135 950 2389 1018 deinceps
2443 956 2789 1019 sequuntur:
2818 946 2976 1001 Hunc
3016 950 3209 1015 ipsum,
3238 962 3391 1016 quem
3424 962 3513 1001 vos
3561 946 3781 1015 cruci/i-

479 1056 635 1109 xistis
666 1053 707 1105 ’.

2735 1140 2837 1193 Ἐκ
2870 1137 2977 1192 τοῦ
3012 1136 3221 1192 αὑτοῦ.

2247 1234 2310 1285 Εἰ
2340 1232 2430 1285 ὅτε
2463 1230 2732 1301 ἐγεννήθη
2765 1232 2794 1283 ὁ
2827 1229 2979 1293 Υἱὸς,
3011 1230 3132 1283 τότε
3166 1229 3329 1297 σοφία
3360 1228 3600 1297 ἐγένετο,
3630 1228 3774 1300 ψευ-

481 1348 585 1400 est,
612 1334 803 1388 falsum
841 1342 924 1388 est
950 1332 1077 1385 illud
1118 1346 1131 1383 :
1158 1330 1400 1382 Christus
1434 1327 1525 1382 Dei
1555 1328 1721 1380 virtus
1740 1334 1788 1379 et
1815 1325 1911 1380 Dei
1978 1341 2068 1379 suo

2187 1327 2261 1389 ss,-
2285 1328 2368 1392 τὸ,
2406 1328 2662 1393 Χριστὸς
2702 1327 2851 1381 Θεοῦ
2892 1327 3167 1394 δύναμις,
3204 1325 3305 1379 καὶ
3351 1323 3501 1379 Θεοῦ
3562 1325 3776 1393 σοφία.

482 1431 699 1497 pientia.
738 1427 870 1479 Nam
908 1426 996 1478 llei
1018 1423 1282 1491 sapientia
1313 1436 1419 1475 non
1450 1428 1536 1475 est
1564 1419 1729 1488 facta,
1792 1420 1886 1474 sed
1916 1432 2069 1472 sem-

2187 1420 2251 1473 Ἠ
2286 1421 2392 1490 γὰρ
2422 1420 2518 1473 τοῦ
2549 1419 2684 1474 Θεοῦ
2717 1419 2881 1488 σοφία
2909 1419 3011 1471 οὐκ
3042 1418 3280 1486 ἐγένετο,
3312 1414 3430 1470 ἀλλ’
3456 1413 3522 1486 ἦν
3552 1417 3661 1470 ἀεί.
3695 1418 3773 1470 Τὸ

482 1515 715 1589 perluit.
738 1522 1061 1585 Quanquam
1094 1514 1210 1569 ﬁeri
1234 1515 1300 1569 de
1326 1512 1489 1567 Patre
1511 1513 1677 1566 etiam
1703 1509 1930 1565 dicitur.
1956 1508 2067 1562 Da-

2187 1511 2426 1580 γίνεσθαι
2473 1511 2566 1565 οὖν
2614 1511 2711 1565 καὶ
2760 1510 2855 1564 ἐπὶ
2899 1511 2992 1564 τοῦ
3038 1510 3255 1579 Πατρὸς
3305 1508 3604 1577 λεγόμενόν
3653 1511 3777 1561 Em

483 1614 571 1665 vid
594 1615 740 1667 enim
778 1628 791 1664 :
819 1605 1183 1676 Fias.inqnit,
1210 1606 1337 1659 mihi
1367 1605 1422 1657 in
1454 1602 1619 1656 Deum
1642 1609 1991 1665 protectorem
2026 1598 2070 1653 ³.

2187 1605 2326 1675 παρὰ
2367 1604 2550 1669 Δαόὶδ,
2588 1603 2783 1659 Γενοῦ
2815 1622 2916 1672 μοι
2958 1605 3045 1666 εὶς
3086 1602 3237 1656 Θεὸν
3271 1601 3777 1669 ὑπερασπιστήν.

486 1694 552 1755 Et
609 1704 851 1756 Paulus:
910 1698 1061 1760 Fiat,
1109 1696 1311 1765 inquit,
1346 1694 1481 1748 Deus
1511 1706 1696 1753 verax,
1759 1689 1929 1743 omnis
1976 1704 2076 1740 au-

2187 1697 2289 1749 Καὶ
2320 1698 2349 1749 ὁ
2384 1695 2598 1759 Παῦλος
2619 1736 2634 1759 ,
2669 1696 2952 1751 Γεγέσθω
2987 1694 3056 1746 δὲ
3091 1698 3123 1747 ὀ
3160 1694 3308 1756 Θεὸς
3343 1693 3614 1760 ἀληθήςο
3652 1693 3780 1758 πᾶς

1117 1142 1198 1196 Ea:
1229 1145 1427 1197 eodem.

554 1244 609 1297 Si
642 1258 763 1295 cum
798 1251 960 1295 natus
985 1248 1067 1294 est
1122 1237 1314 1303 Filius,
1376 1248 1502 1290 tunc
1564 1235 1830 1306 sapientia
1890 1232 2070 1287 iactus

486 1806 589 1849 tem
622 1796 774 1848 homo
805 1796 1033 1845 mendax
1060 1789 1104 1841 δ.
1145 1786 1236 1843 Sic
1285 1787 1446 1842 etiam
1478 1785 1737 1838 Dominus
1792 1781 1965 1835 factus
1996 1789 2082 1834 est

2187 1786 2251 1839 se
2276 1785 2594 1854 ἄνθρωπος
2622 1787 2918 1855 ψεύστης.
2946 1785 3104 1839 Οὕτω
3132 1786 3224 1837 καὶ
3248 1786 3278 1837 ό
3308 1782 3511 1853 Κύριος
3538 1786 3780 1856 ἐγενήθη

484 1891 642 1944 nobis
661 1904 687 1941 a
731 1886 838 1941 Deo
866 1884 1154 1951 sapientia,
1179 1889 1231 1936 et
1272 1879 1554 1942 sanctitas,
1576 1886 1628 1931 et
1658 1875 1975 1944 redemptio.
2021 1871 2080 1927 Si

2187 1879 2319 1947 ἡμῖν
2347 1877 2455 1930 ἀπὸ
2484 1876 2622 1930 Θεοῦ
2653 1878 2839 1947 σοφία,
2870 1878 2965 1931 καὶ
2994 1877 3293 1944 ἁγιασμὸς,
3323 1876 3418 1927 καὶ
3444 1873 3778 1944 ἀπολύτρω-

484 1978 644 2035 Pater
678 1979 841 2047 igitur
876 1978 1050 2030 lactus
1076 1981 1351 2043 protector
1397 1978 1453 2025 et
1493 1966 1680 2030 verax.
1717 1984 1823 2022 non
1857 1975 1941 2021 est
1988 1978 2079 2019 res

2187 1986 2291 2034 σις.
2323 1972 2385 2024 Εἰ
2428 1970 2522 2024 οὖν
2564 1972 2591 2023 ὁ
2642 1974 2833 2041 Πατὴρ
2878 1971 3175 2038 γενόμενος
3207 1967 3624 2038 ὑπερασπιστὴς
3673 1971 3766 2020 καὶ

483 2082 667 2128 creata
717 2078 808 2123 unt
843 2066 1011 2131 facta,
1067 2080 1167 2120 nec
1222 2063 1420 2126 Filius,
1482 2061 1662 2116 factus
1715 2058 1985 2129 sapientia
2030 2066 2083 2113 et

2187 2048 2415 2133 ἀληθὴς,
2482 2061 2543 2115 οὐ
2592 2063 2826 2133 ποίημα,
2870 2062 2965 2114 καὶ
3007 2062 3036 2113 ὁ
3082 2061 3230 2123 Υἱὸς,
3279 2060 3571 2129 γενόμενος
3614 2061 3771 2128 σοφία

484 2164 775 2227 sanctitas,
815 2174 901 2214 res
932 2168 1113 2213 creata
1140 2155 1352 2209 factave
1382 2150 1721 2222 intelligitur.

1125 2292 1209 2347 Ex
1220 2292 1421 2346 eodem.
1651 2342 1658 2347 .

558 2393 618 2447 Sl
648 2406 831 2447 verum
857 2400 941 2444 est
966 2386 1138 2441 illud:
1183 2384 1330 2438 Unus
1370 2383 1508 2437 Dens
1574 2381 1737 2436 Pater
1789 2382 1833 2444 ⁵,
1893 2394 2080 2435 verum

485 2500 568 2545 est
594 2496 647 2544 et
672 2488 803 2542 illud
840 2502 855 2541 ;
894 2484 1041 2538 Unus
1074 2482 1324 2535 Dominus
1352 2479 1510 2533 Jesus
1576 2476 1817 2530 Christus
1882 2473 2078 2529 Serva-

484 2593 576 2637 tor
606 2583 648 2638 ‘.
708 2579 892 2649 Neque
924 2578 1114 2647 igizur,
1142 2584 1197 2627 ut
1249 2574 1337 2627 isti
1385 2571 1648 2635 sentiunt,
1709 2568 1968 2625 Servatur
1996 2577 2079 2622 est

488 2675 653 2738 Deus,
686 2686 861 2740 neque
891 2669 1054 2723 Pater
1080 2674 1162 2722 cst
1192 2665 1476 2729 Dominus,
1506 2672 1566 2716 ut
1620 2661 1818 2714 frustra
1877 2660 2077 2712 dictum

489 2769 605 2820 sit:
647 2765 794 2818 Dixit
841 2761 1096 2815 Dominus
1132 2756 1352 2810 Domino
1417 2770 1531 2808 meo
1566 2755 1619 2819 ',
1651 2761 1706 2807 et
1754 2751 1806 2805 id
1864 2751 1936 2805 sit
1980 2749 2079 2805 lal—

487 2872 652 2910 snm:
688 2853 976 2920 Propterea
1036 2851 1184 2904 unxit
1249 2859 1295 2903 te
1352 2848 1491 2903 Deus
1541 2847 1680 2902 Deus
1739 2856 1859 2899 tuus
1922 2846 1965 2910 ',
2024 2854 2078 2899 et

490 2948 618 3003 illud
653 2966 666 3001 :
696 2944 835 2999 Pluit
866 2944 1119 2998 Dominus
1172 2961 1204 2996 a
1268 2942 1491 2996 Domino
1524 2942 1545 2973 ’
1571 2982 1586 3007 ,
1632 2948 1686 2994 et
1732 2939 1900 2994 illud:
1931 2938 2077 2991 Fecit

495 3041 632 3094 Deus
665 3037 920 3090 hominem
956 3034 1026 3086 ad
1062 3034 1344 3102 imaginem
1380 3032 1476 3086 Dei
1500 3033 1563 3087 ‘°.
1595 3030 1806 3085 Etillud
1836 3045 1851 3083 :
1884 3027 2075 3097 Ecquis

496 3132 632 3184 Deus
662 3139 852 3198 prater
882 3125 1165 3180 Dominum
1198 3125 1222 3177 ?
1252 3122 1444 3193 Ecquis

491 3233 734 3276 nostrum
760 3219 843 3273 l‘?
871 3228 926 3274 et
957 3218 1085 3272 illud
1121 3216 1347 3272 Joannis
1382 3233 1395 3267 :
1434 3214 1498 3268 Et
1532 3213 1758 3267 Verbum
1786 3225 1895 3265 erat
1931 3214 2070 3281 apud

495 3316 683 3374 Deum,
710 3323 760 3364 et
790 3311 926 3364 Deus
952 3320 1065 3363 erat
1100 3306 1327 3361 Verbum
1355 3306 1418 3358 “.
1450 3305 1513 3358 Et
1553 3304 1682 3358 illud
1732 3302 1952 3357 Thomas
2007 3302 2074 3355 tle

492 3404 633 3461 Filio
666 3424 678 3458 :
715 3403 968 3456 Dominus
1002 3417 1169 3461 meus,
1192 3409 1241 3452 et
1271 3397 1409 3451 Deus
1445 3413 1591 3450 meus
1627 3395 1689 3449 ¹³.
1711 3394 2073 3460 Quamobrem

493 3499 637 3553 inter
661 3511 745 3549 res
774 3501 1103 3563 procreatas,
1135 3491 1409 3561 falsosque
1455 3488 1609 3550 deos,
1638 3500 1691 3542 et
1719 3486 1809 3555 qui
1862 3486 2078 3553 impru-

494 3590 610 3658 prie
644 3586 987 3641 dicunturdii
1026 3583 1343 3637 diﬂerentiaz
1377 3590 1503 3634 sunt
1542 3577 1929 3646 excogitanda,
1975 3590 2080 3629 non

494 3676 635 3729 inter
660 3672 873 3727 Putrem
952 3671 1251 3735 ctFilinm,
1302 3668 1391 3738 qui
1448 3682 1609 3722 verus
1661 3667 1882 3731 dicitur,
1934 3674 1993 3719 ut
2052 3678 2082 3717 a

496 3768 647 3822 falsis
680 3766 1016 3836 sejungatur.
1050 3764 1186 3817 Cum
1224 3760 1316 3815 illo
1351 3768 1532 3813 autem
1565 3757 1694 3813 nihil
1719 3764 2083 3827 comparatur,

494 3861 621 3929 quia
656 3871 782 3912 ante
802 3856 979 3909 omnia
1010 3861 1115 3918 est,
1147 3862 1201 3907 et
1230 3852 1483 3906 omnibus
1506 3849 1797 3904 antecellit.

536 3968 786 4038 Ejusdem
815 3982 879 4019 ea:
913 3964 1157 4031 Epistula
1192 3963 1261 4015 ad
1322 3960 1622 4014 Maximum
1660 3959 2049 4028 philosophum.

570 4083 702 4152 Ego,
735 4083 777 4134 si
806 4079 1094 4134 dicendum
1137 4089 1221 4132 est
1248 4079 1393 4146 quod
1452 4074 1652 4140 sentio,
1693 4087 1878 4128 vocem
1941 4071 2087 4127 illam

498 4179 706 4246 ὅμοιον,
738 4175 839 4228 hoc
869 4182 975 4237 est,
1005 4169 1196 4234 simile,
1229 4171 1274 4224 si
1324 4171 1395 4223 ita
1428 4167 1747 4235 accipiatur,
1784 4174 1843 4218 ut
1889 4161 2089 4217 nullam

498 4268 753 4335 admittat
809 4261 1207 4326 diversitatem,
1266 4257 1603 4329 probandam
1664 4253 2093 4323 suscipiendam-

498 4373 606 4428 que
637 4371 857 4412 censeo.
888 4354 949 4408 In
970 4353 1111 4408 idem
1167 4351 1314 4407 enim
1369 4365 1496 4405 cum
1562 4347 1732 4405 altera
1782 4345 1874 4400 illa
1938 4360 2091 4411 voce,

502 4449 814 4520 optandam,
838 4448 884 4503 si
914 4461 1047 4502 sana
1073 4445 1219 4499 illius
1244 4442 1513 4498 sententia
1544 4439 1818 4510 capiatur,
1855 4446 1915 4492 ut
1951 4437 2097 4507 ejus-

505 4545 628 4595 dem
656 4538 906 4594 essentia:
934 4552 1029 4593 seu
1065 4533 1530 4591 consubstantiale
1546 4529 1834 4602 significet,
1856 4542 2090 4584 concur-

486 4633 597 4697 rit,
625 4629 1079 4699 qnetnadmodum
1113 4625 1303 4680 Patres
1323 4620 1516 4678 Nicaea:
1570 4620 1884 4691 congregati
1910 4618 2091 4673 lumen

504 4724 573 4778 de
600 4723 801 4778 lumine
830 4729 884 4775 et
909 4718 1077 4774 Deum
1120 4732 1304 4772 verum
1334 4715 1398 4770 de
1425 4714 1537 4769 Deo
1566 4726 1696 4768 vero
1735 4711 2095 4781 iutelligentes

505 4813 791 4885 ὁμοούσιον
859 4811 1207 4865 induxerunt.
1285 4804 1473 4875 Neque
1518 4803 1679 4875 igitur
1721 4801 1866 4857 inter
1913 4803 2095 4857 lumen

490 4914 563 4963 .ct
603 4904 787 4958 lumen
830 4915 1007 4971 neque
1039 4901 1177 4953 inter
1211 4897 1497 4953 veritatem
1521 4903 1578 4951 et
1638 4894 1945 4959 veritatem,
1997 4907 2096 4949 ne-

486 5012 613 5071 .que
644 4997 784 5049 inter
817 4990 1093 5062 Uuigeniti
1124 5000 1179 5043 et
1204 4989 1378 5043 Patris
1427 4986 1746 5052 essentiam,
1794 4984 2090 5041 discrimen

511 5090 675 5141 ullum
707 5084 932 5154 cogitari
965 5091 1161 5153 potest.
1195 5081 1252 5134 Si
1277 5081 1417 5150 quis,
1483 5080 1725 5148 inquam,
1779 5077 1883 5133 hoc
1929 5089 2091 5132 sensu

512 5193 695 5234 vocem
732 5177 875 5231 illam
909 5176 1118 5243 ὅμοιον,
1152 5174 1255 5228 hoc
1281 5183 1365 5228 est
1405 5170 1657 5235 similem,
1690 5171 1942 5239 accipiat,
1968 5184 2090 5225 eam

514 5268 780 5340 approbo.
810 5266 864 5323 Si
889 5267 1013 5336 quis
1051 5276 1230 5339 autem
1263 5280 1365 5318 non
1391 5278 1609 5319 omnem
1634 5264 1701 5318 ab
1736 5263 1826 5318 illa
1854 5262 2090 5318 diversi-

515 5375 679 5417 tatem
712 5361 978 5435 altjungit,
1030 5370 1085 5411 ιιι
1128 5358 1199 5412 illi
1252 5358 1345 5426 qui
1392 5355 1860 5425 Constantinopoli
1911 5354 2090 5431 coacti

512 5465 658 5521 sunt,
697 5468 883 5509 vocent
917 5461 1223 5522 suspectam
1253 5450 1532 5515 existimo,
1579 5459 1765 5520 utpote
1797 5464 1903 5521 qua
1954 5447 2090 5504 Uni-

586 5651 605 5682 ³
642 5649 773 5702 an.
802 5665 859 5712 ιι,
899 5648 983 5702 Η.
1060 5649 1081 5681 ³
1117 5649 1321 5714 Act.tt,
1353 5647 1443 5702 56.
1520 5647 1541 5678 ³
1572 5647 1592 5698 |
1629 5645 1758 5702 Cor.
1802 5662 1842 5705 ι,
1877 5644 1970 5698 ει.
2030 5643 2083 5696 ⁵)

2192 5643 2229 5699 l.
2252 5658 2381 5714 xxx,
2412 5643 2467 5714 5.
2542 5640 2564 5672 '
2602 5641 2765 5714 Rom.
2790 5642 2960 5714 ttt.4._
3026 5642 3047 5673 ⁸
3077 5640 3095 5694 Ι
3130 5640 3259 5714 cur.
3291 5659 3410 5704 vnt.
3434 5643 3467 5698 6

2179 2155 2277 2207 καὶ
2310 2155 2609 2225 ἁγιασμὸς,
2639 2155 2701 2208 οὐ
2735 2154 2975 2226 ποίημα.

2744 2246 2848 2301 Ἐκ
2877 2246 2983 2301 τοῦ
3014 2246 3221 2301 αὐτοῦ.

2253 2338 2312 2391 Ei
2345 2337 2544 2406 ἀληθὲς
2576 2337 2661 2404 τδ,
2693 2333 2800 2403 Εἷς
2834 2339 2982 2403 Θεὸς
3016 2338 3051 2390 ό
3090 2335 3315 2405 Πατὴρ,
3350 2336 3553 2406 ἀληθὲς
3584 2334 3781 2404 δηλονο

2177 2431 2259 2483 ότι
2290 2431 2389 2483 καὶ
2431 2432 2494 2484 τὸ
2545 2425 2646 2496 Εἷς
2676 2431 2894 2498 Κύριος
2928 2430 3164 2497 Ἰηοόῦ‹⁵
3200 2430 3454 2498 Χριστὸς
3486 2432 3519 2482 ό
3548 2427 3779 2497 Σωτήρ.

2180 2522 2316 2577 Οὔτε
2353 2517 2447 2576 οὖν
2481 2524 2613 2586 Θεὸς
2650 2525 2678 2575 ὁ
2710 2522 2903 2593 Σωτὴρ
2938 2523 3061 2574 κατ’
3088 2522 3289 2584 αὐτοὺς
3310 2563 3325 2587 ,
3358 2521 3483 2575 οὔτε
3516 2524 3547 2575 6
3581 2524 3778 2593 Πατὴρ

2182 2614 2385 2684 Κύριος
2406 2654 2421 2677 ,
2453 2615 2548 2667 καὶ
2582 2614 2763 2683 μάτην
2796 2614 2857 2666 τὸ
2878 2652 2893 2676 ,
2926 2609 3119 2666 Εἶπεν
3149 2616 3182 2667 d
3218 2615 3431 2681 Κύριος
3465 2612 3546 2678 τῷ
3576 2616 3781 2681 Κυρίῳ

2172 2724 2317 2778 μου.
2342 2707 2557 2771 Ψευδὲς
2580 2707 2639 2760 δὲ
2664 2707 2761 2759 καὶ
2788 2708 2869 2769 τὸ,
2898 2706 3001 2758 Διὰ
3028 2706 3207 2761 τοῦτο
3234 2706 3437 2776 ἐχρισέ
3462 2720 3536 2758 σε
3563 2709 3596 2759 ό
3627 2706 3781 2771 Θεὸς

2178 2803 2211 2853 ό
2242 2801 2387 2865 Θεός
2412 2815 2554 2863 σου,
2584 2800 2680 2853 καὶ
2707 2801 2790 2866 τὸ,
2815 2798 3064 2865 Ἐὅρεξε
3094 2801 3311 2869 Κύριος
3338 2798 3498 2865 παρὰ
3526 2798 3775 2863 Κυρίου,

2176 2890 2272 2943 καὶ
2317 2891 2379 2942 τὸ
2416 2889 2743 2955 Ἐποίησεν
2783 2892 2815 2943 ό
2867 2891 3011 2955 Θεὸς
3061 2891 3189 2941 κατ’
3216 2889 3423 2942 εἰκόνα
3473 2887 3623 2940 Θεοῦ
3670 2887 3781 2939 τὸν

2175 2982 2512 3050 ἄνθρωπον,
2551 2984 2665 3043 καὶ,
2708 2982 2803 3046 Τίς
2825 2981 2969 3047 Θεὸς
3006 2979 3198 3049 παρὲξ
3230 2979 3339 3034 τοῦ
3360 2981 3621 3044 Κυρίου;
3658 2982 3779 3046 xa‘,

2183 3076 2280 3140 Τις
2312 3075 2458 3139 Θεὸς
2488 3077 2658 3142 πλὴν
2687 3075 2795 3129 τοῦ
2832 3075 2982 3128 Θεοῦ
3018 3073 3222 3143 mitur;
3278 3073 3391 3126 Καὶ
3414 3074 3443 3125 ὁ
3500 3073 3777 3140 Ἰωάννης,

1475 3122 1611 3176 Deus
1669 3131 1861 3190 prwter
1909 3118 2074 3173 Deunt

1475 3215 1498 3237 ἰ
1532 3213 1683 3237 17-..Ι.-
1708 3230 1755 3237 Α..
1794 3225 1895 3237 ---ι
1937 3214 2070 3237 -..ε-..Ι

2187 3118 2290 3219 Keil
2317 3170 2351 3220 ό
2380 3118 2572 3236 Λογος
2595 3118 2676 3237 ἣν
2693 3166 2843 3235 πρὸς
2869 3168 2976 3220 τὸν
3004 3118 3175 3230 ἆξον,
3203 3118 3301 3220 παὶ
3334 3166 3478 3231 Θεὸς
3503 3161 3584 3235 ἦν
3609 3168 3643 3217 ό
3670 3118 3782 3217 Ali:

2174 3276 2299 3327 γοςο
2330 3262 2423 3313 καὶ
2453 3263 2480 3314 ὁ
2510 3260 2713 3329 Θωμᾶς
2747 3259 2840 3311 ἐπὶ
2869 3261 2962 3312 τοῦ
2976 3259 3132 3324 Υίοῠ,
3169 3256 3233 3311 '0
3264 3256 3484 3325 Κύριός
3506 3274 3650 3324 μου,
3680 3251 3779 3310 καὶ

2177 3351 2209 3402 d
2243 3349 2389 3415 Θεός
2417 3367 2557 3418 μου.
2595 3350 2735 3420 Πρὸς
2768 3351 2834 3402 τὰ
2868 3350 3148 3418 κτίσματα
3183 3343 3310 3410 οὖν,
3347 3348 3443 3399 καὶ
3474 3351 3602 3409 τοὺς
3637 3349 3776 3415 ψευ-

2178 3440 2285 3504 δῶς
2349 3442 2507 3506 θεοὺς
2552 3446 2646 3495 καὶ
2676 3444 2738 3495 οὐ
2772 3444 2981 3512 κυρίως
3014 3442 3343 3513 εἰρημένους
3374 3443 3518 3494 νοεῖν
3548 3441 3646 3503 τὰς
3679 3443 3779 3494 ἀν-

2182 3534 2523 3598 τιδιαστολὰς
2564 3535 2683 3598 δεῖ,
2718 3535 2818 3587 οὐκ
2856 3536 2937 3598 είς
2973 3535 3061 3586 τὸν
3100 3533 3325 3605 Πατέρα
3366 3535 3462 3586 ιιαλ⁵
3493 3533 3586 3586 τὸν
3623 3534 3773 3587 Υίόν.

2196 3624 2255 3676 Ὀ
2295 3624 2552 3694 ἀληθινὸς
2596 3625 2730 3696 πρὸς
2768 3627 2900 3689 τοὺς
2941 3625 3160 3695 ψευδεῖς
3196 3625 3777 3693 ἀντιδιαστελλόμενος

2186 3715 2407 3783 λέγεται
2429 3730 2443 3745 ·
2481 3717 2509 3767 ὁ
2548 3714 2604 3767 δὲ
2649 3716 2989 3785 ἀσύγκριτος
3025 3715 3165 3787 πρὸς
3200 3716 3381 3770 πάντα
3414 3714 3559 3769 κατά
3589 3716 3778 3769 πάντα

2187 3806 2493 3877 ὑπερέχων.

2195 3923 2306 3978 Τοῦ
2339 3921 2528 3978 αὐτοῦ
2562 3921 2631 3976 ἐκ
2657 3921 2770 3992 τῆς
2804 3923 2954 3990 πρὸς
2988 3920 3265 3993 Μάξιμον
3292 3923 3405 3978 τὸν
3435 3922 3782 3993 φιλόσοφον

2798 3992 3161 4061 ἐπιστολῆς,

2272 4084 2417 4153 Ἐγὼ
2458 4084 2536 4149 δὲ,
2578 4085 2627 4136 εί
2672 4083 2780 4156 χρὴ
2819 4085 3023 4155 τούμὸν
3062 4084 3198 4139 ῐδιον
3234 4087 3446 4153 εἰπεῖν,
3484 4086 3545 4139 τὸ
3591 4085 3782 4157 ὅμοιον

2192 4177 2312 4231 κατ’
2338 4176 2551 4242 οὐσίαν,
2580 4178 2630 4229 εἰ
2662 4177 2765 4242 μὲν
2795 4177 3197 4247 προσκείμενον
3226 4178 3339 4248 ἔχει
3366 4178 3428 4230 τὸ
3455 4179 3779 4249 ἀπαραλλά-

2193 4285 2358 4329 κτως,
2390 4267 2619 4337 δέχομαι
2648 4267 2752 4338 τὴν
2782 4267 2993 4337 φωνὴν,
3024 4266 3102 4331 ὡς
3131 4270 3211 4331 είς
3243 4269 3440 4322 ταυτὸν
3468 4268 3547 4339 τῷ
3577 4271 3783 4340 ὁμοθυ-

2196 4360 2296 4427 σίῳ
2323 4359 2618 4429 φέρουσαν,
2644 4358 2788 4412 κατὰ
2808 4358 2910 4429 τὴν
2936 4360 3067 4428 ὑγιᾶ
3094 4359 3342 4429 δηλονότι
3366 4359 3461 4413 τοῦ
3486 4362 3785 4431 ὀμοουσίου

2194 4451 2467 4512 διάνοιαν,
2501 4452 2641 4520 ὅπερ
2672 4450 2767 4503 καὶ
2794 4452 2844 4503 οἱ
2879 4452 2937 4503 ὲν
2964 4451 3174 4523 Νικαίᾳ.
3204 4453 3532 4522 νοήσαντες,
3564 4452 3686 4522 φῶς
3719 4455 3785 4507 ὲκ

2196 4543 2397 4612 φωτὸς,
2423 4544 2521 4596 καὶ
2549 4542 2684 4596 Θεὸν
2712 4542 2965 4612 ἀληθινὸν
3019 4547 3085 4597 ὲκ
3115 4544 3250 4597 Θεοῦ
3280 4544 3562 4615 ἀληθινοῦ,
3591 4547 3691 4600 καὶ
3718 4547 3787 4600 τὰ

2192 4634 2419 4687 τοιαῦτα
2446 4635 2537 4687 τὸν
2568 4635 2853 4704 Μονογενῆ
2886 4636 3306 4705 προσειπόντες,
3336 4636 3625 4705 ἐπήγαγον
3653 4638 3789 4690 ἀκο-

2194 4727 2399 4792 λούθως
2437 4728 2499 4780 τὸ
2546 4726 2851 4795 ὁμοούσιον.
2896 4725 3036 4779 Οὔτε
3083 4723 3176 4780 οὖν
3222 4728 3400 4799 φωτὸς
3447 4727 3588 4799 πρὸς
3640 4728 3782 4798 φῶς,

2193 4820 2320 4875 οὔτε
2367 4820 2627 4893 ἀληθείας
2678 4820 2814 4891 πρὸς
2862 4820 3126 4890 ἀλήθειάν
3171 4837 3329 4885 ποτε,
3375 4819 3500 4875 οὔτε
3545 4822 3647 4891 τῆς
3689 4822 3788 4875 τοῦ

2194 4912 2536 4981 Μονογενοῦς
2572 4912 2764 4975 οὐσίας
2803 4913 2941 4982 πρὸς
2974 4912 3073 4977 τὴν
3106 4911 3200 4965 τοῦ
3240 4911 3454 4983 [ἰατρὸς
3492 4913 3788 4983 ἐπινοῆσαι

2200 5024 2321 5061 τινα
2353 5004 2716 5077 παραλλαγὴν
2744 5004 2993 5058 δυνατόν.
3026 5005 3094 5058 Εἴ
3121 5020 3205 5068 τις
3234 5000 3332 5058 οὖν
3364 5003 3561 5071 οὕτως,
3591 5006 3666 5070 ὼς
3701 5003 3790 5059 εἷ-

2203 5117 2325 5164 πον,
2354 5098 2646 5168 ὲκδέχοιτο,
2681 5094 2980 5169 προσίεμαι
3010 5097 3108 5166 τὴν
3141 5098 3348 5167 φωνήν.
3384 5098 3447 5150 El
3474 5098 3530 5150 δέ
3564 5114 3651 5161 τις
3679 5098 3778 5152 τοῦ

2199 5193 2385 5263 ὁμοίου
2432 5192 2493 5245 τὸ
2538 5191 2962 5260 ἀπαράλλακτον
3004 5191 3325 5262 ἀποτέμνει,
3369 5193 3507 5262 ὅπερ
3547 5195 3597 5247 οἱ
3643 5193 3790 5247 κατὰ

2198 5283 2300 5355 τὴν
2332 5283 2914 5337 Κωνσταντινούπολιν
2950 5285 3323 5355 πεποιήκασιν
3345 5326 3358 5350 ,
3397 5285 3693 5339 ὑποπτεύω
3726 5286 3791 5341 τὺ

2203 5376 2380 5446 ῥῆμα,
2407 5374 2483 5439 ὡς
2509 5375 2601 5428 τοῦ
2631 5376 2971 5443 Μονογενοῦς
2999 5378 3097 5447 τὴν
3122 5376 3283 5442 δόξαν
3312 5378 3788 5450 κατασμικρῦνον.

2201 5464 2312 5519 Καὶ
2340 5464 2451 5538 γὰρ
2480 5466 2576 5519 καὶ
2600 5465 2874 5539 ἀμυδραῖς
2901 5468 3247 5538 ὲμφερείαις,
3279 5472 3372 5522 καὶ
3397 5468 3649 5522 πλεῖστον
3674 5470 3789 5522 τῶν

3590 5645 3609 5675 ’
3634 5639 3789 5709 Ρειι,

490 5733 608 5781 ιω,
630 5720 681 5771 t.
747 5718 769 5749 '
804 5708 950 5773 Psal.
978 5732 1126 5784 sur,
1151 5721 1206 5774 8.
1282 5708 1469 5774 "Gen.
1499 5716 1731 5788 “3,24.
1780 5716 1857 5807 ff
1888 5714 2026 5807 Gen.
2058 5729 2116 5783 γ,
2140 5715 2191 5770 1.
2271 5713 2312 5745 ⁸⁸
2341 5713 2488 5771 Psal.
2522 5727 2656 5777 xvn,
2688 5711 2779 5766 52.
2860 5714 2903 5743 "
2936 5708 3154 5780 Joan.t,
3177 5711 3230 5768 ι.
3306 5714 3534 5770 "toan.
3565 5729 3659 5783 xx,
3686 5708 3806 5793 ἰδέ,
