4094 6204
377 379 488 446 53

1354 382 1732 443 PAXOPLIA
1776 382 2237 449 DOGMATICA.
2272 416 2334 426 σ-
2373 391 2522 454 TlT.
2565 395 2670 453 XI.

3542 395 3645 457 533i

376 490 710 564 ἀεπχετῦπων
748 491 1107 555 ἀποδεούσαις
1146 491 1205 544 τὸ
1228 491 1439 561 ὅμοιον
1476 495 1739 558 πολλάκις
1766 496 1949 549 ἐπιλέ-

2060 503 2227 571 geniti
2279 502 2450 573 gloria
2506 507 2884 561 inttniuualur.
2948 506 3164 564 Scimus
3215 508 3359 563 enim
3417 511 3640 564 verb-um

369 601 489 652 γειν
516 580 808 654 εἰώθαμεν.
846 584 1004 638 Ἐπεὶ
1033 579 1127 638 οῦν
1153 579 1318 655 ἧττον
1346 579 1503 654 οἶμαι
1531 587 1965 657 κακουργεῖσθαι

366 678 430 727 τὸ
459 676 767 745 ὀμοοὺσιον,
797 676 941 730 οὕτω
970 678 1067 731 καὶ
1097 679 1260 742 αὐτὸς
1289 678 1536 748 τίθεμαι.

2074 593 2198 657 hoc,
2219 595 2469 657 similem.
2507 599 2682 654 solere
2711 600 2762 654 iu
2793 615 2885 654 eas
2916 602 3075 656 etiam
3118 618 3203 657 res
3236 600 3491 666 conferri,
3522 618 3641 670 ψιεο

2063 692 2281 740 tenuent
2310 699 2362 741 et
2412 691 2702 746 obscuram
2727 694 2964 763 aliquam
3008 711 3117 765 pm
3153 710 3212 750 se
3247 695 3430 749 ierunt
3487 696 3643 748 simi-

371 768 681 834 litudinem,
716 768 841 824 licet
870 769 938 824 ab
969 769 1373 838 exemplaribus
1397 772 1691 842 plurimum
1724 774 1944 829 distent.
1989 774 2359 843 Quamobrem
2425 785 2680 852 quoniam
2717 788 2770 840 in
2834 787 2935 841 hac
2987 802 3142 851 voce,
3182 788 3500 856 ὁμοούσιον,
3546 790 3647 842 ιιιὶ-

368 877 473 915 nus
510 861 748 916 timenda
786 864 935 919 l'raus
956 863 1285 928 est,itlcirco
1319 865 1463 921 illam
1502 882 1607 936 ego
1648 883 1864 936 quoque
1917 872 2086 938 magis
2130 875 2429 944 amplector
2475 887 2523 933 et
2551 881 2740 949 probo.

371 955 486 1010 Τοῦ
524 955 716 1010 αὐτοῦ
749 956 818 1010 ἐκ
852 956 965 1026 τῆς
1006 960 1158 1027 πρὸς
1199 960 1566 1028 κανονικοὺς
1606 960 1954 1029 ἐπιστολῆς.

450 1046 542 1098 Ἐν
583 1047 923 1117 ἀμφοτέροις
967 1049 1099 1118 ἡμῖν
1138 1050 1199 1103 τὸ
1241 1050 1342 1120 τῆς
1388 1052 1629 1113 πίστεως
1672 1053 1954 1126 φρόνημα,

366 1136 560 1206 ἐπειδὴ
600 1136 697 1188 καὶ
732 1136 845 1189 τῶν
885 1139 1070 1192 αὐτῶν
1107 1140 1371 1212 Πατέρων
1406 1142 1581 1209 ἐσμὲν
1624 1144 1958 1214 κληρονόμοι

365 1225 480 1278 τῶν
530 1226 673 1279 κατὰ
721 1228 823 1297 τὴν
872 1228 1112 1282 Νίκαιάν
1164 1248 1295 1284 ποτε
1347 1231 1409 1285 τὸ
1463 1233 1606 1302 μέγα
1652 1237 1751 1303 τῆς
1801 1235 1954 1288 εὐσε-

366 1319 522 1382 ϐείας
577 1321 1021 1389 ἐξαγγειλάντων
1077 1325 1375 1394 κήρυγμα,
1428 1321 1489 1381 οὗ
1536 1328 1604 1381 τὰ
1664 1328 1765 1398 μὲν
1817 1329 1953 1384 ἄλλα

365 1411 722 1465 παντάπασίν
752 1414 900 1466 ἐστιν
930 1415 1387 1485 ἀσυκοφάντητα,
1421 1419 1521 1490 τὴν
1549 1420 1606 1473 δὲ
1632 1416 1731 1475 τοῦ
1765 1425 1959 1492 opson-

366 1503 491 1556 σίου
538 1503 728 1574 φωνὴν
776 1505 966 1569 κακῶς
1017 1509 1170 1577 παρὰ
1218 1526 1385 1563 τινων
1435 1511 1806 1581 ἐκληφθεῖσάν
1851 1516 1957 1568 εἰσί

365 1610 516 1657 τινες
562 1596 609 1648 οί
665 1597 832 1668 μήπω
880 1599 1348 1670 παραδεξάμενοι,
1396 1600 1491 1666 οὓς
1537 1603 1633 1656 καὶ
1688 1606 1957 1675 μέμψαιτ’

370 1685 438 1739 ἄν
471 1703 557 1749 τις
588 1687 815 1753 δικαίως
838 1729 853 1755 ,
888 1692 984 1743 καὶ
1020 1691 1185 1746 πάλιν
1223 1694 1321 1763 μέν
1356 1711 1441 1757 τις
1478 1695 1815 1770 συγγνώμης
1849 1700 1954 1753 αὒ-

367 1782 499 1843 τοὺς
539 1780 846 1846 ἀξιώσειεν.
890 1784 965 1836 To
1014 1786 1112 1854 μὲν
1151 1785 1260 1857 γὰρ
1304 1787 1557 1857 Πατράσι
1606 1790 1682 1860 μὴ
1727 1792 1953 1845 ἀκολου-

2309 970 2562 1039 Ejnsdem
2606 989 2671 1026 ea:
2703 974 2922 1041 epistola
2978 976 3047 1027 ad
3080 975 3382 1029 canonicos.

2136 1060 2194 1114 ln
2267 1072 2498 1130 utt'ouue
2560 1064 2718 1120 nobis
2780 1067 2844 1119 de
2896 1066 2999 1118 title
3067 1068 3335 1119 sententia
3395 1081 3408 1118 :
3475 1063 3646 1134 siqni-

2059 1154 2179 1206 detu
2245 1166 2295 1206 et
2381 1159 2690 1210 corumdem
2783 1158 2999 1210 Patrum
3098 1161 3335 1212 haredes
3417 1171 3641 1223 sumus,

2063 1247 2152 1314 qui
2213 1249 2482 1315 quondam
2562 1246 2755 1302 Nicaea:
2821 1264 3068 1319 magnum
3147 1250 3366 1318 pietatis
3436 1266 3643 1319 praeco-

2058 1337 2206 1389 nimn
2232 1340 2647 1409 promulgarunt
2681 1356 2694 1393 :
2728 1339 2881 1407 cujus
2905 1340 3123 1405 t-clitue
3187 1344 3404 1409 quidem
3463 1354 3641 1409 partes

2054 1428 2341 1481 calumnias
2390 1430 2519 1483 nulli
2582 1432 2833 1485 obnoxiae
2891 1440 3054 1497 sunt;
3118 1432 3214 1485 Sed
3267 1446 3450 1487 vocem
3515 1446 3644 1487 con-

2053 1515 2429 1573 substantialis
2455 1520 2644 1573 malea
2677 1520 2950 1574 nonnullis
3007 1532 3309 1590 acceptant,
3366 1529 3494 1575 sunt
3545 1522 3638 1591 qni

2056 1608 2297 1661 nondum
2339 1611 2645 1679 recvperinl
2676 1626 2853 1680 :quos
2894 1612 3014 1679 quis
3070 1621 3123 1665 et
3164 1613 3288 1679 jure
3339 1613 3639 1680 reprehen-

2061 1698 2227 1764 derit,
2262 1716 2326 1754 ac
2360 1717 2551 1755 rursus
2579 1702 2948 1770 veniadignos
3005 1702 3289 1769 iudicarit.
3340 1701 3476 1754 Nam
3535 1701 3639 1754 Pa-

2063 1797 2204 1843 trum
2260 1793 2501 1861 vestigiis
2553 1809 2658 1847 non
2714 1794 3006 1858 insistere,
3059 1810 3161 1849 nec
3215 1809 3313 1848 sua
3374 1794 3637 1871 sententia

373 1870 527 1939 θεῖν,
581 1873 679 1926 καὶ
729 1873 830 1945 τὴν
882 1875 1109 1929 ἐκείνων
1164 1876 1350 1947 φωνὴν
1404 1881 1744 1950 κυριωτέραν
1797 1883 1947 1936 τίθε-

2057 1900 2240 1940 vocem
2278 1885 2494 1939 illorum
2527 1887 2792 1954 potiorem
2818 1886 3037 1951 ducere,
3073 1902 3161 1940 res
3216 1896 3299 1940 est
3346 1885 3639 1952 reprehen-

374 1962 500 2016 σθαι
549 1964 648 2032 τῆς
692 1965 904 2018 ἑαυτῶν
950 1966 1199 2039 γνώμης,
1246 1968 1596 2040 ἐγκλήματος
1645 1970 1831 2037 ἄξιον,
1878 1974 1955 2036 ὡς

376 2052 668 2117 αὐθαδείας
723 2056 937 2126 γέμονο
999 2058 1058 2113 τὸ
1114 2060 1171 2115 δὲ
1220 2062 1386 2115 πάλιν
1435 2061 1528 2131 ὑφ’
1581 2062 1783 2132 ἑτέρων
1838 2064 1954 2118 δια-

383 2154 673 2222 εὲληθεῖσαν
708 2153 876 2224 αὐτὴν
911 2153 1151 2207 ὕποπτον
1201 2153 1345 2224 ἔχειν
1373 2192 1389 2214 ,
1435 2151 1593 2206 τοῦτό
1642 2167 1760 2213 πως
1811 2150 1959 2202 δοκεῖ

383 2242 480 2297 τοῦ
510 2243 849 2316 ἐγκλήματος
871 2246 1064 2307 αὐτοὺς
1094 2245 1326 2315 μετρίως
1355 2242 1689 2315 ἐλευθεροῦν.
1715 2242 1825 2295 Καὶ
1849 2240 1957 2312 γὰρ

383 2336 463 2408 τῷ
498 2336 610 2390 ὃντι
647 2375 662 2398 ,
839 2337 889 2388 οἱ
931 2337 1024 2389 ἐπὶ
1062 2336 1260 2407 Παύλῳ
1312 2335 1390 2406 τῷ
1431 2336 1737 2405 Σαμοσατεῖ
1782 2333 1958 2386 συνελ-

386 2428 600 2493 θόντες,
645 2426 888 2480 διέϐαλον
917 2428 1015 2498 τὴν
1039 2426 1183 2492 λέξιν
1214 2428 1289 2491 ὡς
1325 2426 1424 2479 οὐκ
1456 2425 1671 2497 εὑηχον.
1709 2426 1956 2494 Ἐφασαν

386 2518 493 2588 γὰρ
535 2520 732 2573 ἐκεῖνοι
770 2519 867 2590 τὴν
908 2520 1000 2572 τοῦ
1039 2518 1325 2591 ὁμοουσίου
1360 2518 1540 2590 φωνὴν
1574 2519 1842 2590 παριστᾷν
1872 2516 1951 2569 ἓν·

384 2621 533 2658 νοιαν
562 2607 752 2669 οὐσίας
793 2624 853 2659 τε
892 2607 985 2659 καὶ
1020 2607 1130 2660 τῶν
1165 2609 1260 2660 ἀπ’
1284 2608 1454 2679 αὐτῆς
1475 2625 1488 2637 ·
1534 2607 1673 2660 ὥστε
1716 2623 1958 2678 καταμε-

389 2693 660 2761 ρισθείσαν
703 2696 1033 2767 τὴν-οὐσίαν
1083 2698 1345 2769 παρέχειν
1390 2696 1485 2749 τοῦ
1535 2697 1822 2767 ὁμοουσίου
1856 2696 1956 2767 τὴν

383 2785 754 2856 προσηγορίαν
787 2789 899 2850 τοῖς
926 2789 1005 2850 είς
1031 2786 1067 2840 ἆ
1086 2786 1330 2860 διῃρέθη.
1364 2787 1534 2842 Τοῦτο
1557 2786 1613 2841 δὲ
1635 2787 1728 2841 ἐπὶ
1751 2787 1954 2858 χαλκοῦ

385 2876 485 2943 μὲν
522 2875 615 2928 καὶ
639 2875 748 2928 τῶν
779 2877 874 2930 ἀπ’
902 2876 1066 2931 αὑτοῦ
1110 2879 1460 2949 νομισμάτων
1494 2879 1606 2950 ἔχει
1643 2879 1762 2932 τινὰ
1800 2878 1955 2946 λόγον

382 2963 443 3016 τὸ
465 2964 731 3036 διανόημα
758 2983 772 2996 ·
821 2966 913 3019 ἐπὶ
966 2967 1024 3020 δὲ
1070 2966 1206 3021 Θεοῦ
1236 2968 1450 3039 Πατρδς
1499 2970 1593 3021 καὶ
1637 2968 1773 3021 Θεοῦ
1822 2968 1954 3022 Υίοῦ

380 3055 480 3107 οὔκ
524 3055 683 3109 οὐσία
732 3056 1078 3128 πρεσϐυτέρα
1106 3096 1121 3121 ,
1172 3057 1280 3111 οὐδ’
1332 3058 1701 3129 ὑπερκειμένη
1751 3059 1955 3127 ἀμφοῖν

385 3144 667 3216 θεωρεῖται
694 3163 709 3176 ε
742 3146 994 3210 ἀσεϐείας
1019 3146 1129 3217 γὰρ
1157 3146 1414 3201 ἐπέκεινα
1452 3148 1609 3201 τοῦτο
1636 3148 1729 3201 καὶ
1764 3151 1954 3219 νοῆσαι
1986 3160 2030 3218 c

382 3236 476 3288 καὶ
515 3236 868 3305 φθέγξασθαι.
911 3239 977 3292 Τί
1017 3239 1125 3310 γὰρ
1162 3238 1228 3292 ἂν
1274 3240 1481 3307 γένοιτο
1526 3238 1620 3292 τοῦ
1657 3240 1954 3310 ἀγεννήτου

383 3328 791 3402 πρεσϐύτερονς
858 3332 1183 3403 Ἀναιρεῖται
1232 3331 1288 3385 δὲ
1348 3332 1413 3384 ὲκ
1459 3334 1558 3402 τῆς
1609 3332 1954 3402 βλασφημίας

380 3416 584 3489 ταύτης
604 3420 697 3473 καὶ
718 3421 752 3491 ἡ
776 3421 855 3483 είς
881 3421 971 3473 τὸν
993 3422 1213 3490 Πατέρα
1235 3422 1328 3474 καὶ
1355 3421 1484 3474 Υἰδν
1509 3423 1688 3486 πίστις
1706 3440 1718 3454 ·
1749 3422 1954 3501 ἀδελφὰ

382 3508 489 3579 γὰρ
520 3508 772 3577 ἀλλήλοις
802 3511 870 3565 τὰ
897 3511 956 3577 ἐξ
994 3511 1113 3575 ἑνὸς
1135 3511 1440 3581 ὑφεστῶτα.

517 3595 628 3665 Καὶ,
639 3596 824 3668 ἐπειδὴ
844 3596 904 3662 ἐξ
924 3598 1023 3651 οὑκ
1041 3597 1210 3651 ὄντων
1231 3600 1310 3661 είς
1328 3598 1389 3650 τὸ
1408 3592 1544 3650 εἶναι
1564 3597 1844 3669 παρῆχθαι
1863 3596 1955 3650 τὸν

376 3682 504 3737 Υίὸν
532 3683 615 3738 ἔτι
645 3686 767 3739 τότε
794 3682 934 3758 ἦσαν
960 3689 1009 3740 οί
1033 3686 1302 3756 λέγοντες,
1339 3689 1425 3741 ἵνα
1456 3686 1551 3740 καὶ
1578 3685 1779 3757 ταύτην
1804 3687 1957 3740 ἐκτέ-

379 3790 520 3843 μωσι
568 3774 670 3845 τὴν
723 3775 1010 3839 ἀσέὸειαν,
1062 3776 1122 3829 τὸ
1170 3775 1456 3845 ὀμοούσιον
1507 3776 1951 3847 προσειρήκασιν.

380 3867 640 3937 ’Λχρονος
667 3867 776 3938 γὰρ
811 3868 907 3922 καί
937 3868 1255 3930 ἁδιάστατος
1294 3870 1331 3937 ἡ
1370 3866 1465 3919 τοῦ
1515 3865 1646 3919 Υίοῦ
1692 3867 1827 3938 πρὸς
1864 3867 1955 3921 τὸν

376 3956 598 4027 Πατέρα
635 3959 916 4026 συνάφεια.
955 3958 1115 4029 Δηλοῖ
1147 3958 1206 4012 δὲ
1253 3960 1344 4012 καὶ
1380 3959 1448 4012 τὰ
1488 3957 1825 4030 προλαϐόντα
1862 3959 1958 4029 ῥή-

379 4064 526 4117 ματα
552 4048 758 4119 ταύτην
783 4045 919 4103 εἶναι
950 4050 1059 4104 τῶν
1096 4049 1304 4121 ἀνδρῶν
1340 4050 1439 4121 τὴν
1465 4049 1726 4103 διάνοιαν.
1762 4049 1958 4102 Εἰπόν-

374 4156 463 4203 τες
493 4138 603 4212 γὰρ
627 4124 748 4208 Δφῶς
772 4142 836 4194 ὲκ
860 4141 1059 4210 φωτὸς,
1086 4142 1182 4194 καὶ
1204 4142 1270 4194 ὲκ
1290 4141 1391 4211 τῆς
1411 4141 1600 4205 οὐσίας
1617 4140 1713 4194 τοῦ
1743 4141 1956 4212 Πατρδς

374 4232 464 4284 τὸν
502 4231 630 4285 Υίδν
661 4226 1039 4304 γεγεννῆσθαι,
1072 4233 1194 4303 οὐχὶ
1216 4232 1272 4285 δὲ
1305 4230 1655 4302 πεποιῆσθαι,
1677 4232 1956 4302 ἐπήγαγον

373 4322 582 4386 τούτοις
610 4323 671 4377 τὸ
694 4324 978 4394 ὁμοοῦσιον
997 4343 1010 4356 ·
1044 4322 1499 4391 παραδεικνύντες
1520 4361 1533 4386 ,
1575 4324 1656 4375 ὅτι
1689 4323 1858 4395 ὅνπερ
1890 4322 1957 4376 ἄν

372 4431 456 4477 τις
490 4413 677 4484 ἀποδῷ
715 4414 894 4484 φωτὸς
929 4414 1085 4483 λόγον
1123 4414 1217 4467 ἐπὶ
1259 4414 1494 4485 Πατρὸς,
1536 4409 1690 4477 οὗτος
1722 4414 1956 4485 ἁρμόσει

374 4505 469 4559 καὶ
498 4504 593 4559 ἐπὶ
621 4505 771 4558 Υίοῦ.
808 4504 926 4569 Φῶς
947 4505 1055 4577 γὰρ
1085 4506 1338 4577 ἀληθινὸν
1372 4506 1508 4578 πρὸς
1540 4506 1654 4575 φῶς
1680 4507 1954 4577 ἀληθινὸν,

2059 1977 2213 2031 sicne
2245 1976 2427 2045 digna,
2465 1987 2520 2028 ut
2579 1977 2736 2046 plena
2786 1978 3130 2045 arrogantiae.
3190 1975 3398 2030 Rursus
3455 1985 3635 2029 autem

2062 2067 2418 2135 rituperatam
2482 2067 2552 2121 ah
2613 2067 2735 2124 aliis
2800 2084 2985 2123 vocem
3042 2078 3343 2137 suspectam
3400 2068 3636 2132 habere,

2067 2142 2282 2196 videtur
2316 2145 2366 2197 id
2412 2146 2648 2214 quodam
2682 2146 2843 2200 modo
2879 2148 3208 2205 mediocrem
3252 2152 3360 2207 illis
3403 2170 3622 2210 excusa-

2063 2230 2227 2285 tionis
2251 2233 2463 2287 veniam
2495 2235 2813 2290 conciliare.
2841 2236 2974 2290 Nam
3029 2255 3216 2296 revera
3246 2243 3341 2311 qui
3370 2244 3426 2298 in
3479 2244 3631 2302 Pauli

2062 2317 2465 2377 Samosatcnsis
2489 2339 2657 2379 causa
2683 2338 3069 2395 convenerant,
3094 2347 3280 2387 vocem
3313 2336 3450 2390 hanc
3474 2353 3632 2408 quasr

2058 2411 2199 2465 male
2230 2422 2516 2467 sonantem
2567 2417 2882 2485 culparunt.
2915 2417 3180 2475 Dixerunt
3213 2425 3358 2478 enim
3394 2429 3633 2484 consub-

2058 2504 2332 2559 stantialis
2384 2521 2516 2561 voce
2574 2509 2818 2564 exhiberi
2870 2513 3145 2567 notionem
3197 2516 3514 2574 substantiae
3575 2528 3631 2575 et

2056 2608 2245 2649 eorum
2275 2613 2397 2667 qua:
2422 2614 2487 2653 ex
2518 2600 2857 2669 substantia;
2888 2603 3022 2658 adeo
3070 2614 3130 2659 ut
3162 2606 3335 2663 divisa
3376 2610 3632 2665 substan-

2056 2685 2132 2739 tia
2172 2689 2591 2757 appellationem
2638 2694 3126 2753 consubstantialis
3172 2700 3436 2773 conciliet
3471 2702 3539 2758 iis
3571 2704 3625 2758 in

2057 2790 2178 2844 qua:
2201 2777 2373 2831 divisa
2412 2788 2516 2833 est.
2560 2778 2692 2846 Quae
2728 2782 2946 2851 quidem
2999 2785 3260 2854 cogitatio
3302 2788 3480 2841 locum
3526 2791 3629 2844 ali-

2056 2880 2218 2936 quem
2246 2868 2407 2924 habet
2448 2871 2502 2924 in
2534 2886 2660 2927 aere
2688 2881 2741 2927 et
2769 2873 2823 2927 in
2857 2874 3109 2931 conﬂatis
3137 2893 3201 2931 ex
3228 2893 3294 2932 eo
3324 2882 3626 2936 numisma-

2057 2954 2238 3011 tibus:
2273 2968 2326 3012 at
2357 2960 2412 3012 in
2458 2959 2567 3014 Deo
2613 2960 2774 3016 Patre
2800 2971 2855 3017 et
2898 2963 2953 3018 in
2987 2963 3099 3019 Deo
3137 2965 3178 3018 F
3183 2967 3276 3020 ilio
3320 2967 3628 3024 substantia

2056 3060 2165 3099 non
2198 3057 2281 3103 est
2328 3051 2639 3120 antiquior,
2670 3069 2847 3122 neque
2890 3056 3109 3125 utrique
3166 3062 3509 3129 superposita
3540 3062 3626 3117 iu-
3698 3060 3708 3066 ’

2056 3136 2356 3208 telligitnr:
2393 3140 2498 3195 hoc
2544 3144 2689 3197 enim
2722 3146 2985 3215 cogitare,
3026 3156 3121 3201 aut
3157 3149 3361 3216 dicere,
3409 3168 3627 3208 omnem

2057 3229 2355 3301 impietatis
2403 3234 2625 3290 modum
2688 3239 2925 3294 excedit.
2974 3240 3116 3306 Qnid
3181 3244 3334 3299 enim
3386 3246 3628 3316 ingenito

2054 3323 2331 3393 antiquius
2371 3325 2482 3380 sit?
2512 3326 2749 3384 Tollitur
2776 3331 2940 3385 etiam
2979 3333 3080 3388 hac
3117 3335 3458 3408 blasphemia
3496 3339 3622 3395 ﬁdes

2055 3414 2110 3467 in
2142 3413 2358 3472 Patrem
2390 3428 2442 3474 et
2474 3416 2710 3476 Filium:
2759 3438 2885 3477 nam
2920 3426 3061 3482 inter
3091 3443 3150 3483 se
3197 3429 3425 3485 fratrum
3457 3432 3627 3487 ratio-

2054 3520 2175 3559 nem
2214 3506 2417 3562 habent
2447 3526 2571 3580 qua:
2595 3528 2660 3567 ex
2699 3529 2809 3569 uno
2837 3517 3166 3573 subsistunt.

2208 3589 2274 3642 Et.
2305 3592 2429 3659 quia
2464 3590 2659 3645 Filium
2720 3610 2784 3647 ex
2831 3597 3004 3649 nihilo
3076 3596 3398 3665 productum
3449 3600 3628 3656 adhuc

2056 3688 2188 3734 tunc
2219 3691 2376 3736 erant
2409 3683 2501 3752 qui
2536 3685 2814 3751 dicerent;
2873 3697 2932 3741 ut
2967 3690 3105 3742 hanc
3160 3706 3379 3759 quoque
3434 3695 3626 3760 praeci-

2055 3773 2246 3828 derent
2305 3775 2680 3845 impietatem,
2739 3778 3214 3834 consubstantiale
3266 3792 3626 3852 usurparunt.

2056 3864 2189 3919 Nam
2239 3866 2358 3920 sine
2398 3874 2642 3937 tempore
2676 3875 2761 3922 est
2788 3876 2843 3923 et
2868 3869 2985 3922 sine
3019 3870 3301 3925 intervallo
3330 3869 3456 3926 Filii
3501 3889 3627 3928 cum

2056 3954 2217 4011 Patre
2249 3956 2584 4024 conjunctio.
2633 3955 3024 4013 Demonstrant
3049 3970 3230 4015 autem
3259 3969 3313 4016 et
3343 3966 3626 4033 superiora

2056 4046 2222 4099 verba
2250 4045 2390 4100 hanc
2424 4047 2641 4100 illorum
2687 4062 2810 4103 esse
2840 4056 3097 4104 mentem.
3131 4048 3428 4122 Postquam
3481 4055 3628 4110 enim

2056 4137 2314 4191 dixerunt
2349 4139 2530 4191 lumen
2560 4138 2627 4192 de
2659 4139 2889 4205 lumine,
2927 4148 3091 4211 atque
3126 4140 3321 4197 Filium
3358 4161 3422 4200 ex
3448 4144 3629 4203 Patris

2057 4227 2364 4283 substantia
2421 4228 2664 4284 eenitum
2722 4246 2875 4296 esse,
2938 4247 3045 4286 non
3096 4247 3224 4287 vero
3275 4233 3511 4303 factum;
3545 4238 3630 4293 his

2057 4319 2523 4375 consubstantiale
2576 4323 3015 4391 subiunxerunt:
3059 4324 3405 4390 indicantes.
3461 4346 3628 4400 quam

2056 4409 2181 4478 quis
2210 4409 2430 4466 luminis
2459 4415 2723 4468 rationem
2758 4415 2809 4467 in
2841 4413 3003 4470 Patre
3036 4417 3336 4489 reddiderit
3363 4459 3378 4485 ,
3429 4437 3548 4476 eam
3579 4434 3631 4479 et

2056 4497 2194 4551 Filio
2248 4507 2430 4569 aptam
2490 4508 2545 4556 et
2597 4512 2987 4573 congruentem
3026 4504 3303 4561 futuram:
3360 4509 3628 4579 siquidem

375 4595 494 4648 κατ’
543 4592 713 4665 αὐτὴν
755 4592 851 4648 τοῦ
905 4595 1082 4663 φωτὸς
1130 4595 1227 4666 τὴν
1273 4596 1502 4656 ἔννοιαν,
1549 4594 1804 4665 οὐδεμίαν
1846 4595 1956 4661 ἕξει

2059 4589 2237 4644 lumen
2272 4606 2457 4645 verum
2493 4607 2615 4646 eum
2648 4610 2780 4648 vero
2826 4596 3063 4658 lumine,
3098 4598 3398 4653 secundum
3442 4600 3628 4671 ipsam

375 4685 754 4758 παραλλαγήν.
798 4686 950 4739 Ἐπεὶ
977 4682 1069 4740 οὖν
1096 4688 1242 4741 ἐστιν
1276 4687 1511 4759 ἄναρχον
1549 4686 1665 4757 φῶς
1691 4687 1719 4737 ὁ
1740 4688 1950 4758 Πατὴρ,

373 4775 633 4847 γεννητὸν
673 4775 729 4829 δὲ
771 4776 887 4844 φῶς
926 4778 955 4830 ὁ
998 4776 1159 4841 Υἱὸς.
1204 4777 1320 4847 φῶς
1373 4776 1428 4830 δὲ
1473 4777 1568 4830 καὶ
1607 4776 1722 4846 φῶς
1765 4778 1955 4829 ἑκάτε-

376 4886 469 4941 ρος
507 4913 521 4936 ,
663 4869 947 4941 ὁμοούσιον
969 4867 1131 4925 εἶπαν
1151 4870 1396 4935 δικαίως,
1427 4872 1513 4925 ἵνα
1534 4871 1595 4924 τὸ
1617 4870 1719 4940 τῆς
1740 4869 1954 4937 φύσεως

374 4961 633 5031 ὁμότιμον
666 4962 1110 5031 παραστήσωσιν.
1146 4960 1220 5015 οὐ
1251 4961 1359 5033 γὰρ
1387 4961 1454 5015 τὰ
1481 4960 1687 5028 ἀδελφὰ
1708 4959 1955 5030 ἀλλήλοις

373 5052 634 5117 ὁμοούσια
877 5052 1129 5122 λέγεται,
1184 5054 1321 5125 ὅπερ
1367 5054 1508 5116 τινὲς
1567 5051 1951 5123 ὑπειλήφασιν

374 5143 486 5197 ἀλλ’
547 5143 676 5197 ὅταν
716 5144 812 5197 καὶ
851 5144 912 5197 τὸ
947 5144 1118 5199 αἴτιον
1159 5146 1254 5198 καὶ
1295 5144 1357 5198 τὸ
1399 5147 1464 5198 ὲκ
1503 5144 1597 5199 τοῦ
1642 5143 1815 5197 αίτίου
1854 5141 1954 5212 τὴν

375 5233 610 5307 ὕπαρξιν
648 5235 772 5307 ἔχον
815 5236 917 5307 τῆς
960 5237 1134 5307 αὐτῆς
1165 5237 1385 5311 ὑπάρχῃ
1425 5236 1659 5304 φύσεως,
1691 5234 1953 5307 ὁμοοὺσια

372 5326 607 5396 λέγεται.

532 5507 680 5577 Αὕτη
713 5507 834 5577 δὲή
883 5504 1036 5577 φωνὴ
1065 5507 1160 5560 καὶ
1211 5506 1273 5559 τὺ
1302 5506 1395 5560 τοῦ
1442 5504 1728 5561 Σαϐελλίου
1787 5505 1952 5559 κακὸν

373 5597 787 5668 ἐπανορθοῦται·
830 5598 1045 5670 ἀναιρεί
1078 5596 1187 5668 γὰρ
1203 5596 1300 5667 τὴν
1337 5597 1641 5667 ταυτότητα
1681 5597 1780 5667 τῆς
1821 5597 1955 5649 ὑπο-

376 5690 637 5753 στάσεως.
687 5690 779 5744 καὶ
824 5691 1030 5758 εἰσάγει
1077 5689 1288 5743 τελείαν
1332 5687 1439 5741 τῶν
1491 5688 1801 5759 προσώπων
1854 5687 1954 5758 τὴν

377 5779 605 5836 ἔννοιαν.
642 5782 716 5834 Οὐ
737 5780 847 5852 γὰρ
873 5780 1003 5834 αὐτὸ
1029 5781 1081 5834 τί
1117 5783 1264 5834 ἐστιν
1289 5779 1466 5848 ἑαυτῷ
1495 5780 1810 5851 ὁμοούσιον,
1835 5780 1953 5835 ἀλλ’

704 5886 980 5945 l‘nnOL.
1028 5883 1153 5943 (in.
1200 5878 1465 5941 CXXX.

2059 4680 2280 4735 luminis
2315 4682 2591 4738 notionem
2619 4723 2634 4747 ,
2688 4684 3189 4742 dissimilitudinem
3222 4691 3425 4743 nullam
3461 4690 3627 4746 habe-

2056 4772 2156 4825 bit.
2195 4772 2333 4827 Cum
2389 4775 2554 4843 igitur
2585 4775 2747 4831 Pater
2774 4778 2955 4833 lumen
3007 4780 3077 4834 sit
3118 4780 3368 4851 principii
3406 4798 3624 4853 expers.

2056 4864 2227 4922 Filius
2259 4882 2389 4923 vero
2424 4869 2606 4924 lumen
2638 4872 2880 4941 genitum
2903 4912 2918 4937 ,
2954 4888 3017 4926 ac
3074 4882 3306 4943 uterque
3345 4876 3523 4928 lumen
3574 4885 3626 4930 et

2056 4958 2262 5021 lumen.
2289 4961 2413 5031 jure
2442 4963 2963 5020 consubstantialem
2998 4965 3290 5030 dixerunt,
3327 4974 3384 5020 ut
3419 4978 3627 5023 natura!

2054 5052 2316 5119 aequalem
2346 5053 2664 5123 dignitatem
2697 5055 3155 5111 demonstrarent.
3184 5055 3302 5112 Non
3334 5058 3476 5114 enim
3507 5075 3630 5131 qua:

2056 5140 2285 5195 fratrum
2323 5142 2464 5197 inter
2507 5161 2566 5200 se
2594 5147 2858 5201 rationem
2917 5147 3119 5202 habent
3145 5191 3159 5213 ,
3206 5149 3466 5204 dicuntur
3499 5167 3629 5205 con-

2056 5236 2464 5301 substantialia‘,
2490 5237 2543 5291 id
2572 5238 2716 5308 quod
2744 5239 2964 5309 qnidant
2999 5242 3348 5307 existimant;
3380 5243 3473 5297 sed
3503 5260 3624 5297 cum

2053 5331 2107 5379 et
2145 5339 2334 5389 causa,
2369 5334 2422 5382 et
2460 5327 2514 5382 id
2545 5330 2688 5399 quod
2720 5346 2786 5385 ex
2824 5344 2990 5386 causa
3026 5333 3400 5388 exsistentiam
3443 5335 3627 5399 habet.

2053 5415 2301 5485 ejusdem
2331 5426 2461 5472 sunt
2488 5428 2721 5485 naturae,
2760 5423 3254 5477 consubstantialia
3277 5423 3556 5480 dicuntur.

2123 5507 2392 5563 Caeterum
2421 5521 2527 5559 vox
2559 5506 2746 5560 eadem
2773 5504 2993 5558 Sabellii
3037 5519 3256 5573 quoque
3303 5506 3627 5574 pravitatem

2055 5599 2343 5668 corrigit:
2404 5598 2543 5652 tollit
2597 5599 2741 5651 enim
2796 5596 3111 5667 hypostasis
3163 5597 3526 5661 identitatem,
3576 5609 3631 5653 et

2055 5693 2354 5765 perlectam
2386 5704 2743 5761 persOstarum
2810 5690 3089 5743 notionem
3165 5689 3394 5745 inducit.
3441 5688 3628 5759 Neque

2054 5786 2201 5841 enim
2288 5784 2584 5859 quidquam
2627 5781 2731 5839 sibi
2773 5782 2875 5853 ipsi
2960 5781 3424 5839 consubstantiale
3496 5792 3623 5851 est,

3171 5877 3248 5938 18
