4094 6204
317 279 425 341 555
1555 273 1901 333 EUTIIYMI

2010 272 2338 333 IIGABENI
3480 262 3587 328 556

312 395 407 447 sed
442 389 672 444 alterum
712 387 872 442 alteri
899 402 912 441 :
942 402 1113 456 quare
1141 386 1405 457 prmelare
1436 400 1498 440 ac
1526 388 1615 455 pie
1645 401 1704 439 se
1729 385 1893 440 habet

2010 383 2397 454 ἑτερονὲτέρῳ·
2438 378 2576 433 ὥστε
2612 378 2790 441 καλῶς
2828 378 3061 447 ἔχεικαὶ
3093 376 3358 439 εὐσεϐῶς,
3397 376 3508 429 τῶν
3527 395 3590 430 τε

317 488 405 540 illa
460 500 590 545 vox,
640 493 695 537 et
737 485 1111 552 hypostasemv
1160 482 1550 549 proprietatem
1608 479 1894 542 deﬁniens,

317 588 369 629 et
402 586 612 629 natura:
647 574 767 628 sine
834 572 941 625 ullo
981 571 1302 624 discrimine
1343 571 1751 624 similiunlim-m
1804 571 1894 622 de-

315 678 645 722 monstrans.
676 665 812 719 Cum
847 675 1027 717 autem
1064 678 1127 715 ex
1157 662 1335 717 Patris
1360 664 1664 716 substantia
1700 661 1895 715 Filium
1942 716 1951 731 ν

311 774 434 811 esse
465 758 713 817 dicimus,
743 769 979 822 eumque
1008 755 1272 821 genitum,
1301 769 1405 807 non
1446 766 1624 806 autem
1664 752 1895 815 factum,

315 865 381 902 ne
411 847 765 917 prolabamttr
816 845 869 898 in
927 846 1249 915 corporales
1291 847 1703 913 perpessionnm
1743 844 1893 909 cogi—

312 942 571 992 tationes.
609 936 726 991 Non
765 936 909 989 enim
938 937 1106 990 divisa
1150 946 1235 990 est
1262 936 1567 990 substantia
1594 951 1625 988 a
1650 935 1808 988 Patre
1833 934 1888 986 in

312 1032 512 1087 Filium
554 1045 568 1083 :
608 1045 789 1097 neque
843 1029 1063 1083 ﬂuendo
1106 1028 1311 1096 dilapsa
1382 1028 1680 1098 generavit,
1725 1040 1900 1094 neque

314 1124 619 1195 proferens,
670 1122 1130 1192 quemadmodum
1193 1123 1414 1175 arbores
1457 1121 1667 1174 fructus
1717 1119 1896 1189 profe-

314 1226 439 1270 rttnt
475 1234 488 1270 :
520 1215 615 1270 sed
682 1215 1073 1268 inenarrabilis
1114 1223 1167 1266 et
1202 1214 1644 1281 indeprehensus
1697 1210 1902 1278 cogita—

314 1310 555 1362 tionibus
585 1295 864 1363 hominum
897 1307 1094 1360 divina:
1131 1306 1502 1373 generatimtis
1540 1305 1751 1357 modus.
1793 1301 1902 1354 llu.

315 1404 459 1455 milis
484 1403 629 1456 enim
672 1416 859 1453 revera
888 1410 941 1455 et
991 1401 1231 1453 carnalis
1266 1409 1349 1453 est
1406 1398 1626 1463 mentis,
1675 1395 1903 1450 caducis

313 1510 375 1547 ae
418 1494 815 1563 temporalibus
850 1491 1156 1546 assimilare
1200 1502 1427 1555 mterna,
1466 1507 1529 1545 ac
1558 1492 1902 1553 existimare,

311 1587 770 1661 quemadmodum
815 1585 1143 1655 corporalia,
1183 1586 1258 1638 ita
1295 1596 1348 1638 et
1390 1565 1560 1639 Deum
1612 1600 1900 1653 generare.

315 1702 565 1771 Ejusdem
620 1715 684 1751 ex
713 1696 934 1791 epistola
966 1699 1033 1749 ad
1067 1696 1776 1791 Eus‘lalhium‘At'meuium,
1803 1698 1901 1747 ad-
1938 1736 1978 1791 Β

466 1788 534 1791 ν-μ.
556 1788 563 1791 .
608 1786 689 1791 μ--.
712 1786 750 1791 Α-
781 1785 855 1791 -...
923 1770 1008 1791 η-.2
1044 1771 1155 1791 -.ΣΑΙΑ
1176 1779 1353 1791 .ι.-.ι-...
1460 1766 1733 1791 -:..“‘_.....
1792 1768 1871 1791 ιιι-,ζ

384 1788 563 1826 versus
600 1769 881 1838 quasdam,
917 1770 1009 1837 qui
1043 1769 1353 1821 ridebantur
1410 1765 1733 1818 Arianorum
1787 1768 1900 1833 opi-

385 1843 628 1895 nionibus
647 1840 846 1907 favere.

396 1934 621 2002 Oportet
655 1932 825 1998 igitur
856 1938 915 1983 ut
974 1941 1158 1999 aperte
1194 1929 1555 2009 eoniiteantur
1607 1943 1666 1982 se
1718 1929 1906 1982 crede-

313 2042 392 2091 re,
421 2026 879 2095 quemadmodum
941 2024 1103 2075 verba
1170 2036 1198 2074 a
1244 2020 1495 2074 Patrtbns
1559 2021 1760 2075 nostris
1810 2018 1906 2073 Ni-

318 2134 445 2173 caea:
468 2119 716 2187 exposita
749 2115 1130 2185 praescribunt,
1169 2114 1212 2166 si
1270 2122 1450 2167 tamen
1484 2128 1616 2166 sana
1659 2114 1902 2182 ipsorum

312 2210 602 2265 verborum
640 2206 913 2264 sententia
951 2206 1273 2273 accipiatur.
1314 2203 1451 2257 Sunt
1495 2204 1639 2257 enim
1680 2204 1905 2273 quidam

314 2301 487 2355 inhac
518 2301 685 2355 etiam
722 2299 847 2364 (ide,
901 2297 995 2366 qui
1053 2295 1302 2350 veritatis
1353 2296 1659 2349 orationem
1712 2296 1907 2365 depra-

318 2404 471 2457 vant,
506 2403 560 2447 et
612 2408 803 2446 eorum
853 2392 1144 2446 verborum
1198 2404 1421 2444 sensum
1479 2390 1544 2442 ad
1596 2390 1906 2459 opinionem

314 2503 470 2542 suam
538 2485 969 2539 conﬁrmandam
1016 2484 1263 2537 trahunt.
1336 2483 1782 2553 Quandoquidem
1853 2493 1908 2539 et

322 2578 605 2633 Marcellus
638 2579 805 2647 impie
825 2576 1076 2630 sentiens
1104 2576 1171 2631 de
1198 2591 1426 2646 persona
1459 2575 1673 2629 Domini
1731 2576 1904 2629 nostri

310 2670 438 2725 Jesn
476 2668 701 2732 Christi,
732 2681 967 2735 eumque
1000 2680 1194 2735 purum
1251 2681 1372 2720 esse
1403 2664 1642 2719 Verbum
1710 2663 1905 2732 prtedi-

312 2775 467 2826 cans,
504 2774 672 2814 ausus
706 2766 789 2813 est
819 2758 1024 2817 dicere,
1054 2770 1112 2809 se
1138 2766 1196 2809 ut
1227 2755 1299 2807 ita
1333 2755 1584 2818 sentiret,
1617 2753 1905 2807 adductum

311 2866 433 2907 esse
467 2860 683 2919 propter
708 2849 851 2902 illam
881 2862 1066 2902 vocem
1098 2844 1409 2914 ὁμοούσιον,
1441 2845 1597 2914 cujus
1631 2844 1739 2896 vim
1770 2841 1908 2895 male

313 2943 668 3011 intelligebat.
697 2940 762 2994 Et
810 2941 903 3009 qui
956 2937 1174 2994 Sabellii
1229 2936 1418 3007 Libyci
1470 2937 1762 2990 defendunt
1806 2934 1908 2988 itu-

314 3037 596 3104 pietatem,
628 3046 916 3101 personam
946 3040 1001 3084 et
1038 3034 1334 3084 essentiam
1392 3030 1533 3082 idem
1585 3029 1908 3083 existiman-

315 3139 418 3194 tes,
466 3128 680 3181 adeam
718 3123 1144 3179 confirmandam
1196 3121 1457 3176 simulant
1505 3136 1563 3174 se
1616 3130 1900 3191 propterea

312 3218 623 3287 compulsos
652 3231 792 3279 esse,
812 3215 955 3284 quod
990 3217 1041 3267 in
1078 3228 1140 3269 ea
1173 3212 1277 3268 ﬁde
1327 3214 1400 3266 ita
1458 3215 1722 3280 scr'ptum
1778 3211 1849 3266 sit
1892 3229 1905 3265 :

315 3313 371 3367 Si
398 3312 522 3381 quis
548 3309 743 3365 Filium
770 3324 832 3361 ex
867 3308 973 3361 alia
1000 3308 1238 3361 essentia
1270 3306 1384 3359 sive
1440 3305 1719 3375 bypostasi
1777 3319 1903 3359 esse

313 3405 684 3467 diterit,eum
728 3410 1044 3456 exsecratur
1081 3408 1135 3453 et
1192 3397 1498 3452 detestatur
1555 3386 1826 3452 catholica
1855 3406 1911 3452 et

314 3496 614 3568 aposmlica
651 3493 914 3547 Ecclesia.
983 3490 1100 3545 Non
1174 3500 1351 3544 autem
1398 3490 1592 3544 Patres
1646 3488 1719 3543 illi
1768 3488 1909 3543 idem

316 3605 437 3644 esse
465 3589 717 3642 dixerunt
745 3587 1037 3640 essentiam
1062 3593 1115 3638 et
1161 3584 1495 3653 liypostasim
1529 3597 1543 3636 :
1580 3583 1627 3636 si
1658 3582 1801 3636 enim
1832 3583 1910 3636 lia:

312 3684 429 3735 dua:
451 3695 610 3735 voces
646 3694 811 3732 unum
840 3686 892 3732 et
918 3680 1166 3731 eumdem
1200 3692 1413 3731 sensum
1452 3675 1734 3736 baberent,
1762 3682 1914 3728 utra-

312 3788 418 3842 que
442 3772 517 3825 ttti
545 3788 649 3826 non
684 3779 802 3824 erat
834 3784 992 3836 opus.
1016 3767 1152 3822 Cum
1180 3768 1346 3835 igitur
1380 3766 1472 3820 alii
1528 3765 1725 3821 Filium
1790 3780 1911 3821 esse

318 3872 579 3931 negarent
609 3877 676 3917 ex
725 3859 906 3914 Patris
958 3859 1220 3925 essentia,
1286 3858 1378 3912 alii
1439 3858 1612 3928 ipsum
1676 3874 1779 3913 non
1843 3874 1909 3913 ex

312 3955 576 4022 essentia,
610 3953 705 4008 sed
739 3968 805 4006 ex
834 3952 941 4006 alia
970 3951 1247 4023 bypostasi
1273 3960 1528 4005 constare
1554 3950 1816 4016 dicerent,
1852 3959 1910 4005 ut

315 4054 605 4112 utramque
638 4044 863 4098 istorum
888 4041 1201 4111 opinionem
1272 4050 1532 4109 tanquam
1587 4040 1780 4095 falsam
1826 4056 1908 4096 re-

315 4135 630 4204 probarent,
668 4136 857 4187 ambas
909 4134 1030 4187 illas
1101 4148 1266 4188 voces
1330 4132 1721 4188 adhibuerunt.
1771 4131 1907 4186 Nam

293 4231 407 4295 ,nbi
445 4229 802 4284 declararunt
828 4226 1157 4281 sententiam
1184 4243 1366 4293 suam,
1422 4225 1622 4281 Filium
1688 4242 1753 4281 ex
1809 4225 1911 4280 Pa-

318 4324 418 4378 tris
440 4324 681 4378 essentia
712 4323 984 4385 dixerunt,
1011 4320 1191 4389 ibique
1243 4319 1473 4375 alteram
1524 4320 1675 4375 illam
1717 4335 1907 4375 vocem

2001 477 2354 531 ὐποστάσεων
2384 476 2483 544 τὴν
2509 475 2747 542 ἰδιότητα
2780 472 3116 543 διορῖζουσα,
3146 470 3351 539 καὶτῆς
3371 470 3592 539 φύσεως

1999 570 2059 622 τὸ
2092 568 2516 637 ἀπαράλλακτον
2557 564 2883 632 παριστῶσα
2916 565 3053 633 (59).
3096 564 3267 616 Ὅταν
3302 565 3358 616 δὲ
3392 567 3456 616 ἐκ
3491 565 3592 632 τῆς

2003 664 2189 725 οὐσίας
2218 662 2313 715 τοῦ
2346 660 2557 729 Harpe;
2590 662 2680 713 τὸν
2709 660 2836 712 Υίὸν
2870 656 3010 709 εἶναι
3054 656 3460 727 διδασκώμεθα,
3495 658 3593 710 καὶ

1999 755 2353 824 γεννηθέντα,
2390 754 2504 806 ἀλλ’
2528 754 2649 821 οὐχὶ
2684 751 2998 821 ποιηθέντα,
3047 750 3121 822 μὴ
3152 750 3591 815 καταπίττωμεν

2002 849 2094 899 ἐπὶ
2123 849 2220 910 τὰς
2276 848 2595 916 σωματικάς
2652 845 2760 897 τῶν
2812 844 3004 897 παθῶν
3060 845 3289 905 ἐννοίας.
3345 844 3420 895 Οὐ
3482 842 3595 907 γὰρ

2001 939 2269 1010 ἐμερίσθη
2300 941 2330 1008 ἡ
2359 939 2516 991 οὐσία
2545 938 2654 991 άπὸ
2683 938 2893 1005 [ἰατρὸς
2912 938 2992 1000 είς
3028 936 3176 989 Υίόν·
3237 936 3356 988 οὐδὲ
3400 937 3597 1005 ῥυεῖσα

2001 1034 2317 1103 ἐγέννησεν,
2358 1031 2477 1085 οὐδὲ
2507 1030 2878 1101 προϐαλοῦσσ,
2906 1029 2980 1090 ὡς
3019 1030 3086 1082 τὰ
3126 1030 3269 1097 φυτὰ
3300 1029 3424 1089 τοὺς
3454 1044 3597 1095 καρ-

2003 1126 2160 1191 ποὺς,
2191 1123 2305 1177 ἀλλ’
2337 1125 2578 1195 ἄρῤητος
2610 1124 2704 1177 καὶ
2753 1123 3109 1193 άνεπινόητος
3146 1121 3434 1189 λογισμοῖς
3498 1123 3599 1173 ἀν-

2005 1218 2242 1289 θρώπων
2272 1222 2371 1288 τῆς
2398 1219 2547 1279 θείας
2578 1217 2888 1285 γεννήσεως
2947 1217 2974 1267 ὁ
3031 1215 3260 1281 τρόπος.
3314 1214 3598 1281 Ταπεινῆς

2005 1312 2113 1379 γὰρ
2147 1308 2222 1378 τῷ
2242 1308 2353 1360 ὄντι
2386 1307 2478 1359 καὶ
2510 1307 2773 1376 σαρκίνης
2805 1306 2921 1358 ἐστὶ
2950 1303 3313 1368 δ.ανοίαςτο’ς
3333 1302 3599 1372 φθλρτοῖς

2011 1404 2107 1456 καὶ
2148 1400 2507 1471 προσκαίροις
2540 1398 2839 1470 ἀφομοιοῦν
2887 1402 2951 1453 τὰ
2995 1399 3164 1463 ἀΐδια,
3202 1399 3295 1451 καὶ
3356 1397 3595 1461 οἴεσθαι,

2005 1494 2108 1560 ὅτι,
2139 1493 2213 1557 ὡς
2240 1492 2311 1546 τὰ
2343 1492 2657 1563 σωματικὰ,
2685 1490 2830 1545 οῦτω
2862 1492 3027 1561 γεννᾷ
3050 1489 3142 1543 καὶ
3168 1491 3195 1542 ὁ
3225 1489 3379 1549 Θεός.

2014 1694 2125 1748 Τοῦ
2152 1692 2341 1748 αὐτοῦ
2371 1690 2440 1745 ἐκ
2466 1689 2577 1759 τῆς
2604 1690 2755 1759 πρὸς
2786 1691 3128 1746 Εὑστάθιον
3156 1692 3265 1745 τὸν
3294 1692 3601 1760 Ἆρμένισν

2078 1762 2437 1895 agrum,
2457 1760 2610 1815 κατά
2644 1779 2825 1815 τινων
2857 1762 3366 1834 ὑποπτευομένων
3401 1766 3601 1834 ἀρειαο

2078 1841 2138 1888 νί
2204 1853 2282 1888 ιν.

2080 1930 2357 1999 ιῐροσήκει
2399 1930 2584 1982 τοίνυν
2626 1929 2877 1998 ἐναργῶς
2922 1928 3122 1992 αὐτοὺς
3164 1928 3476 2000 ὁμολογεῖν,
3515 1933 3594 1984 ὅτι

2010 2026 2331 2076 πιστεύουσι
2376 2024 2520 2077 κατὰ
2559 2023 2629 2076 τὰ
2661 2023 2885 2094 ῥήματα
2926 2021 2995 2075 τὰ
3040 2021 3145 2075 ὑπὸ
3185 2024 3294 2076 τῶν
3338 2024 3597 2097 Πατὲρων

2009 2115 2165 2184 ἡμῶν
2197 2115 2493 2169 ἐκτεθέντα
2527 2116 2585 2167 ὲν
2616 2116 2684 2186 τῇ
2717 2113 2958 2183 Νικαίᾳ,
2994 2113 3091 2167 καὶ
3127 2116 3267 2167 κατὰ
3300 2117 3401 2186 τὴν
3433 2118 3602 2186 ὑγιῶς

2010 2208 2114 2260 ὑπὸ
2160 2208 2268 2262 τῶν
2317 2208 2582 2279 ῥημάτων
2625 2206 2835 2260 τούτων
2880 2208 3295 2279 ἐμφαινομένην
3334 2209 3605 2267 διάνοιαν.

2012 2301 2135 2353 Εἰσὶ
2168 2301 2277 2372 γάρ
2306 2318 2457 2364 τινες
2489 2302 2539 2353 oi
2574 2302 2670 2354 καὶ
2707 2301 2764 2352 ἐν
2794 2300 2971 2372 ταύτῃ
3002 2303 3065 2371 τῇ
3100 2300 3286 2353 πίστει
3313 2302 3605 2371 δηλοῦντες

2008 2394 2101 2446 τὸν
2140 2392 2301 2462 λόγον
2337 2393 2437 2463 τῆς
2477 2392 2762 2463 ἀληθείας,
2802 2394 2898 2447 καὶ
2940 2393 3077 2464 πρὸς
3117 2396 3178 2446 τὸ
3220 2396 3431 2449 ἑαυτῶν
3472 2396 3605 2465 βού-

2008 2487 2075 2556 λη
2086 2505 2161 2557 μα
2186 2488 2278 2541 τὸν
2305 2486 2429 2540 νοῦν
2457 2486 2568 2541 τῶν
2593 2488 2651 2539 ἐν
2679 2487 2819 2557 αὐτῇ
2852 2488 3120 2557 ῥημάτων
3146 2489 3393 2555 ἕλκοντες
3413 2506 3427 2521 ο
3458 2492 3601 2543 ὅπου

2010 2598 2073 2650 γε
2115 2579 2211 2633 καὶ
2254 2579 2577 2650 Μάρκελλος
2617 2580 2922 2651 ἐτόλμησεν
2961 2581 3178 2635 ἀσεϐῶν
3215 2582 3290 2644 είς
3323 2582 3422 2652 τὴν
3461 2584 3601 2637 ὑπό-

2014 2691 2203 2727 στασιν
2234 2671 2328 2726 ⁴τοῦ
2364 2674 2577 2743 Κυρίου
2609 2673 2767 2744 ήμῶν
2801 2672 2978 2743 Ἰησοῦ
3011 2673 3251 2744 Χριστοῦ
3272 2713 3290 2739 ,
3320 2676 3415 2729 καὶ
3444 2677 3607 2745 ψιλὸν

2012 2767 2175 2819 αὐτὸν
2200 2764 2567 2836 ἐξηγούμενος
2594 2766 2753 2835 λόγον
2781 2766 2997 2821 ἐκεῖθεν
3022 2768 3478 2837 προφασίσασθαι
3502 2771 3605 2833 τάς

2012 2856 2186 2927 ἀρχὰς
2217 2857 2500 2926 εἰληφέναι
2529 2856 2622 2911 τοῦ
2655 2858 2978 2927 ὁμοουσίου,
3012 2862 3111 2931 τὴν
3139 2860 3382 2916 διάνοιαν
3413 2866 3607 2930 κακῶς

2012 2948 2401 3019 ἐξηγούμενος.
2437 2949 2545 3003 Καί
2574 2968 2721 3014 τινες
2749 2952 2861 3005 τῶν
2889 2952 2998 3005 ἀπὸ
3030 2953 3126 3017 τῆς
3157 2954 3480 3020 δυσσεϐείας
3508 2956 3610 3010 τοῦ

2012 3044 2212 3107 Λίϐυος
2239 3043 2561 3111 Σαόελλίου,
2589 3044 2888 3101 ὑπόστασιν
2913 3047 3008 3101 καὶ
3030 3047 3220 3101 οὐσίαν
3242 3049 3443 3103 ταυτὸν
3464 3046 3610 3104 εἶναι

2014 3135 2523 3206 ὑπολαμϐάνοντες,
2551 3138 2767 3192 ἐκεῖθεν
2798 3138 3020 3192 ἕλκουσι
3046 3142 3147 3204 τάς
3178 3142 3439 3212 ἀφορμὰς
3470 3145 3609 3213 apt;

2012 3230 2111 3291 τὴν
2160 3229 2509 3300 κατασκευὴν
2556 3231 2658 3299 τῆς
2705 3232 2921 3285 ἑαυτῶν
2971 3232 3346 3303 βλασφημίας,
3396 3235 3461 3288 ἐκ
3506 3239 3611 3289 τοῦ

2013 3316 2391 3386 ἐγγεγράφθαι
2432 3320 2497 3388 τῇ
2532 3319 2743 3384 πίστει,
2770 3321 2854 3374 ὅτι
2900 3321 3029 3376 Ἐάν
3053 3323 3106 3375 δέ
3135 3342 3218 3387 τις
3242 3325 3378 3395 λέγῃ
3406 3327 3464 3392 ἐξ
3491 3327 3607 3379 ἐτέ-

2017 3427 2116 3479 ρας
2159 3411 2347 3473 οὐσίας
2391 3412 2422 3482 ἢ
2472 3410 2827 3479 ὑποστάσεως
2865 3417 2957 3470 τὸν
2999 3418 3145 3483 Υίδν,
3186 3419 3378 3473 τοῦτον
3410 3421 3611 3477 ἀναθε-

2017 3504 2236 3574 ματίζει
2280 3506 2314 3574 ἠ
2354 3506 2620 3578 καθολικὴ
2665 3509 2761 3561 καὶ
2802 3510 3138 3580 άποστολικὴ
3167 3513 3484 3583 Ἐκκλησία.
3524 3515 3603 3569 Οὐ

2016 3602 2124 3665 γὰρ
2157 3595 2355 3647 ταυτὸν
2384 3593 2537 3649 εἷπον
2563 3599 2683 3651 ἐκεῖ
2710 3599 2903 3653 οὐσίαν
2930 3601 3025 3654 κα.)⁸
3055 3601 3373 3657 ὑπόστασιν.
3404 3604 3464 3658 Ei
3496 3606 3611 3675 γὰρ

2022 3685 2151 3756 μίαν
2187 3688 2281 3740 καὶ
2316 3686 2415 3759 τὴν
2449 3689 2622 3759 αὐτὴν
2657 3690 2885 3761 ἐδήλουν
2920 3691 3134 3745 έννοιαν
3170 3696 3225 3747 αἱ
3269 3696 3482 3764 φωναὶ,
3521 3700 3607 3758 τίς

2014 3780 2173 3849 χρεία
2204 3775 2274 3853 ἦν
2305 3781 2615 3850 ἐκατέρων;
2646 3783 2808 3838 Ἀλλὰ
2838 3784 2999 3855 δῆλον
3030 3789 3105 3849 ὼς
3136 3789 3247 3843 τῶν
3283 3791 3382 3859 μὲν
3414 3792 3612 3861 ἀρνου-

2018 3874 2193 3942 μένων
2244 3876 2308 3927 ἐκ
2358 3873 2460 3945 τῆς
2516 3877 2706 3940 οὐσίας
2758 3873 2902 3932 εἶναι
2954 3880 3049 3933 τοῦ
3103 3882 3338 3953 Πατρὺς,
3389 3885 3497 3938 τῶν
3549 3885 3607 3939 δὲ

2013 3964 2282 4032 λεγόντων
2327 3966 2428 4019 οὐκ
2476 3966 2542 4019 ἐκ
2586 3968 2687 4038 τῆς
2733 3968 2945 4034 οὐσίας,
2997 3971 3197 4037 ἀλλ’ἐξ
3244 3974 3413 4045 ἄλλης
3461 3976 3607 4039 τινὸς

2015 4055 2371 4120 ὑποστάσεως
2394 4098 2409 4122 ,
2447 4057 2620 4123 οὕτως
2653 4060 2948 4133 ἀμφότερα
2979 4062 3055 4126 ὡς
3089 4064 3346 4137 ἀλλότρια
3378 4066 3472 4119 τοῦ
3510 4070 3607 4121 ἐκ-

2015 4149 2411 4220 κλησιαστικοῦ
2446 4153 2799 4222 φρονήματος
2830 4154 3243 4225 ἀπηγόρευσαν.
3284 4159 3435 4211 Ἐπεὶ
3465 4161 3609 4213 ὅπου
3680 4214 3689 4217 _

2014 4258 2078 4309 γε
2111 4242 2171 4295 τὸ
2202 4242 2411 4297 ἑαυτῶν
2438 4244 2665 4314 ἐδήλουν
2695 4246 2977 4318 φρόνημα,
3009 4244 3163 4304 εἷπον
3193 4253 3256 4304 ἐκ
3283 4252 3384 4322 τῆς
3413 4253 3607 4316 οὐσίας

2014 4333 2108 4387 τοῦ
2150 4335 2359 4407 [ἰατρὸς
2392 4336 2485 4390 τδν
2521 4337 2680 4405 Υίὸν,
2714 4341 2900 4393 οὐκέτι
2939 4344 3271 4413 προσθέντες
3310 4346 3405 4399 καὶ
3437 4347 3499 4398 τὸ
3538 4348 3608 4401 ἐκ

318 4416 652 4485 bypostasim
672 4430 774 4470 non
805 4413 1153 4477 addiderunt,
1174 4427 1293 4482 qua:
1322 4413 1541 4482 quidem
1570 4423 1628 4467 ut
1658 4414 1726 4468 ad
1783 4430 1907 4483 pra-

2014 4428 2111 4498 τῆς
2142 4429 2499 4494 ὑποστάσεως
2520 4474 2539 4498 ,
2570 4431 2925 4487 ὦστε”ἐκεῖνο
2958 4436 3056 4505 μὲν
3087 4436 3175 4490 ἐπ’
3201 4439 3458 4508 άθετήσει
3489 4444 3608 4494 κεί-

315 4529 441 4567 vam
472 4509 783 4581 opinionem
812 4507 1278 4565 ccttdetnnatulam
1303 4506 1544 4561 adhibita
1574 4518 1656 4563 est
1687 4548 1702 4573 ,
1732 4509 1813 4563 sic
1841 4510 1906 4563 ad

311 4602 534 4657 Patrum
593 4614 812 4655 sensum
898 4598 1317 4667 explicandum,
1376 4600 1669 4654 essentiam
1730 4600 1906 4655 solam

313 4692 670 4764 pronuntiare
688 4691 821 4745 satis
845 4690 965 4742 fuit.
994 4690 1217 4758 Oportet
1238 4690 1400 4760 igitur
1430 4691 1683 4745 conliteri
1712 4689 1907 4745 Filium

311 4785 623 4857 ὁμοούσιον,
659 4786 711 4839 id
741 4796 841 4847 est,
869 4784 1109 4854 ejusdem
1133 4782 1383 4837 essentiae
1402 4783 1522 4845 sive
1543 4786 1910 4839 consubstan-

314 4881 525 4946 tialem,
580 4887 641 4932 ut
700 4878 962 4947 scriptum
1009 4889 1130 4939 est;
1185 4875 1433 4929 confiteri
1495 4889 1755 4944 praeterea
1815 4878 1911 4932 Pa-

313 4984 450 5027 trem
474 4972 525 5026 in
560 4970 780 5040 propria
826 4982 1083 5039 persona,
1115 4975 1169 5022 et
1203 4968 1403 5021 Filium
1446 4968 1498 5022 in
1524 4970 1739 5039 propria
1766 4979 1823 5025 et
1856 4972 1906 5024 in

313 5065 530 5134 propria
562 5060 829 5132 Spiritum
867 5072 1141 5115 sanctum.
1180 5060 1647 5126 Quemadmodum
1714 5077 1768 5116 et
1808 5062 1905 5132 ipsi

310 5156 503 5211 Patres
534 5155 1229 5225 perspicuetradiderunt;
1266 5157 1509 5208 dicentes
1540 5155 1683 5209 enim
1717 5171 1731 5208 :
1771 5155 1906 5209 «Luv

313 5263 436 5300 men
474 5248 542 5302 de
568 5248 800 5310 lumine,
833 5245 968 5298 satis
996 5256 1187 5313 aperte
1228 5245 1601 5314 declararunt,
1633 5248 1711 5302 sic
1759 5249 1903 5302 aliud

310 5340 628 5393 t'sselttmeil
658 5341 905 5409 gignens,
955 5347 1010 5392 et
1033 5338 1177 5393 aliud
1240 5354 1361 5393 esse
1412 5341 1594 5394 lumen
1636 5346 1905 5411 genitum,

312 5445 361 5483 ut
388 5446 491 5484 ina
526 5440 705 5484 tamen
739 5429 1041 5499 eademque
1073 5430 1144 5484 sit
1171 5430 1425 5485 essentia:
1455 5431 1615 5487 ratio.

455 5542 705 5608 Ejusdem
738 5558 803 5595 ex
836 5543 1008 5608 rapite
1038 5554 1186 5595 sexto
1213 5548 1281 5595 ad
1310 5545 1754 5612 dmphilochimn.

381 5717 645 5773 Noncum
685 5716 866 5783 Patre,
899 5718 1171 5789 inquiunt,
1206 5721 1298 5777 sed
1358 5731 1480 5793 post
1535 5723 1748 5779 Patrem
1814 5735 1897 5778 est

2012 4536 2101 4574 ται
2139 4521 2235 4573 τοῦ
2279 4524 2521 4594 πονηροῦ
2568 4526 2944 4596 φρονήματος,
2987 4528 3147 4582 τοῦτο
3189 4530 3247 4583 δέ
3292 4533 3608 4602 φανέρωσιν

2013 4614 2126 4684 ἔχει
2166 4614 2260 4668 τοῦ
2306 4618 2580 4687 πατρικοῦ
2622 4619 2914 4689 δόγματος.
2958 4624 3051 4675 Δεῖ
3090 4624 3272 4678 τοίνυν
3314 4628 3604 4693 ὁμολογεῖν

2011 4706 2299 4776 ὁμοούσιον
2343 4708 2423 4779 τῷ
2471 4710 2646 4780 Πατρὶ
2692 4713 2784 4764 τὸν
2835 4713 2983 4778 Υίὸν,
3017 4715 3203 4779 καθὼς
3247 4717 3603 4787 γέγραπται·

2011 4799 2294 4868 ὁμολογεῖν
2355 4801 2412 4854 δέ
2472 4806 2527 4857 ὲν
2570 4804 2674 4875 ίδίᾳ
2731 4807 2830 4875 μὲν
2872 4807 3169 4861 ὑποστάσει
3213 4810 3300 4862 τὸν
3348 4810 3602 4882 Πατέρα,

2014 4891 2071 4940 ἐν
2110 4889 2221 4961 ἰδίᾳ
2261 4890 2318 4942 δὲ
2357 4891 2450 4946 τὸν
2492 4894 2642 4959 Υῑὺν,
2686 4896 2781 4949 καὶ
2822 4899 2879 4951 ἐν
2925 4898 3030 4967 ἰδίᾳ
3073 4898 3132 4951 δέ
3168 4899 3231 4951 τὸ
3276 4900 3500 4970 Πνεῦμα
3544 4906 3605 4955 τὸ

2013 4982 2196 5049 ἅγιον,
2234 4982 2380 5036 καθὰ
2413 4985 2509 5037 καὶ
2540 4988 2695 5039 αὐτοὶ
2732 4989 2920 5058 σαφῶς
2956 4991 3345 5046 ἑκδεδώκασιν.
3380 4994 3599 5063 Αὐτάρ-

2013 5091 2123 5137 κως
2154 5074 2264 5145 γὰρ
2298 5077 2396 5130 καὶ
2430 5078 2618 5147 σαφῶς
2652 5081 2984 5147 ἐνεδείξαντο
3019 5084 3289 5151 εἰπόντες,
3327 5103 3346 5137 ι
3381 5085 3502 5148 Φῶς
3538 5089 3607 5140 ἐκ

2012 5171 2211 5235 φωτὸς,
2250 5189 2270 5222 ι
2301 5171 2383 5224 ὅτι
2413 5172 2598 5243 ἕτερον
2631 5177 2731 5242 μὲν
2762 5178 2823 5229 τὸ
2854 5180 3125 5248 γεννῆσαν
3156 5179 3293 5248 φῶς,
3324 5180 3516 5251 ἕτερον
3544 5181 3603 5234 δέ

2012 5264 2073 5314 τὸ
2102 5264 2389 5333 γεννηθὲν,
2418 5268 2534 5334 φῶς
2569 5271 2775 5339 μέντοι,
2802 5278 2897 5326 καὶ
2929 5274 3067 5342 φῶς,
3095 5273 3238 5327 ὥστε
3268 5276 3365 5330 ἕνα.
3391 5277 3483 5328 καὶ
3509 5278 3602 5328 τὸν

2011 5354 2175 5408 αὐτὸν
2205 5352 2346 5411 εἶναι
2378 5359 2471 5415 τὸν
2502 5362 2601 5431 τῆς
2632 5364 2818 5429 οὐσίας
2850 5366 3029 5433 λόγον.

2016 5561 2125 5615 Τοῦ
2169 5561 2355 5616 αὐτοῦ
2399 5564 2517 5617 ἀπὸ
2556 5553 2661 5642 τοῦ
2700 5569 2877 5623 ἕκτου
2919 5576 3252 5640 κεφαλαίου
3296 5572 3412 5627 τῶν
3452 5575 3603 5642 πρὸς

2617 5640 3026 5708 ’Λμεντιλόχιονκ

2082 5728 2157 5781 Οὐ
2187 5731 2321 5798 μετᾶ
2352 5732 2588 5799 Πατρδς,
2616 5740 2801 5806 φησὶν,
2826 5736 2853 5789 ὁ
2883 5737 3029 5805 Υἱὸς,
3052 5738 3188 5793 ἀλλά
3214 5738 3352 5809 μετὰ
3378 5740 3467 5794 τὸν
3494 5740 3603 5793 11:.-

4028 30 4053 203 1

4030 632 4049 883 ’ἱ
