4042 6204
410 436 507 502 557

1346 435 1723 499 PANOPLIA
1763 433 2225 498 DOGMATICA.
2270 462 2336 472 -
2376 437 2527 498 TlT.
2582 438 2689 498 XI.

3538 443 3639 504 553

406 554 551 623 τέρα.
579 550 773 621 Διόπερ
799 549 1085 604 ἀκόλουθον
1110 548 1176 604 δι’
1202 548 1367 603 αὐτοῦ
1394 552 1492 620 τὴν
1517 550 1675 617 δόξαν
1698 549 1776 618 τῷ
1799 550 1949 620 Πατρ

2077 549 2265 607 Filius.
2292 550 2470 618 Quare
2500 560 2922 607 consentaneum
2944 561 3053 615 est,
3098 562 3155 607 ut
3187 550 3362 606 honor
3382 555 3641 612 exhibea-

407 647 725 715 προσάγειν,
759 644 876 696 ἀλλ’
905 643 1024 713 οὐχὶ
1064 644 1183 713 μετ’
1213 642 1399 696 αὑτοῦ.
1438 644 1479 695 Τ
1485 647 1512 694 ὸ
1554 642 1654 711 μὲν
1690 643 1801 713 γὰρ
1846 643 1966 713 μετ’

406 735 565 789 αὐτοῦ
598 735 694 802 τὴν
732 734 1001 803 ἰσοτιμίαν
1032 732 1217 804 δηλοῖ,
1251 733 1311 785 τδ
1350 732 1408 785 δὲ
1446 725 1594 786 διὀὗ
1627 734 1725 800 τὴν
1760 733 1966 802 ὑπουρ-

404 830 519 893 γίαν
564 827 910 895 παρίστησιν.
954 825 1092 879 Οὔτε
1139 826 1248 895 μὴν
1296 826 1394 879 σὺν
1437 824 1517 895 τῷ
1562 826 1757 895 Πατρὶ,
1808 827 1964 894 φησὶ,

407 916 494 968 καὶ
521 916 597 985 τῷ
633 916 741 984 Υἱῷ
769 917 829 968 τὸ
864 914 1086 984 Πνεῦμα
1116 916 1372 977 τακτέον,
1403 915 1519 967 ἀλλ’
1545 915 1649 967 ὑπὸ
1680 916 1768 967 τὸν
1804 916 1960 978 Υίδν,

408 1006 497 1061 καὶ
531 1007 623 1061 τὸν
662 1008 896 1076 Πατέρα,
931 1006 989 1059 οὐ
1029 1007 1484 1076 συντεταγμένον,
1524 1006 1638 1059 ἀλλ’
1664 1007 1966 1076 ὑποτεταγο

410 1100 595 1168 μένον,
645 1100 763 1154 οὐδὲ
813 1098 1348 1168 συναριθμούμενον,
1383 1098 1515 1151 τᾶλλ’
1550 1098 1966 1170 ὑπαριθμούμε-

405 1208 510 1245 νον.
555 1193 661 1245 Καὶ
705 1190 981 1254 τοιαύταις
1022 1193 1135 1245 τισὶ
1181 1189 1549 1261 τεχνολογίαις
1595 1190 1859 1261 ῥημάτων
1902 1191 1963 1245 τὸ

405 1282 601 1336 ἁπλοῦν
651 1284 744 1336 καὶ
797 1283 1172 1337 ἀκατάσκευον
1217 1285 1318 1353 τῆς
1366 1285 1604 1346 πίστεως
1655 1283 1963 1352 ὲνδιαστρέ-

409 1391 577 1444 φουσι.
613 1375 754 1443 Πρὸς
785 1372 876 1436 οὓς
913 1373 1311 1444 ἀπολογητέον,
1349 1373 1423 1435 ὡς
1461 1374 1653 1442 ἡμεῖς,
1692 1373 1821 1425 ὅταν
1860 1375 1960 1442 μὲν

407 1467 463 1520 τὸ
495 1466 773 1536 μεγαλεῖον
805 1467 905 1531 τῆς
940 1463 1151 1532 φύσεως
1183 1464 1277 1517 τοῦ
1314 1463 1693 1532 Μονογενοῦς,
1732 1465 1827 1518 καὶ
1860 1465 1960 1533 τὴν

405 1561 499 1629 τῆς
542 1558 693 1624 ἀξίας
736 1557 1006 1627 ὑπεροχὴν
1049 1557 1378 1627 θεωρῶμεν,
1423 1558 1562 1627 μετὰ
1606 1557 1815 1627 Πατρὸς
1862 1558 1959 1611 καὶ

406 1651 496 1703 σὺν
524 1650 698 1720 Πατρῖ
722 1645 859 1703 εῖναι
890 1649 1036 1719 αὐτῷ
1060 1648 1158 1719 τὴν
1183 1648 1341 1713 δόξαν
1370 1648 1757 1719 μαρτυροῦμεν
1783 1664 1796 1678 ⁶
1829 1650 1957 1705 ὅταν

397 1743 454 1796 δὲ
479 1742 576 1813 τὴν
605 1741 684 1804 είς
715 1741 859 1810 ἡμᾶς
892 1740 1156 1809 χορηγίαν
1182 1738 1291 1791 τῶν
1320 1738 1542 1806 ἀγαθῶν
1575 1739 1918 1811 ἐννοήσωμεν
1938 1782 1952 1807 ,

2073 653 2159 697 tur
2185 643 2329 698 Patri
2357 659 2448 711 per
2471 644 2668 711 ipsum,
2698 658 2802 697 non
2831 658 2955 698 cum
2990 644 3126 711 ipso.
3156 644 3289 698 Cum
3346 644 3461 713 ipso
3493 650 3634 701 enim

2071 751 2254 804 parem
2285 737 2600 804 dignitatem
2656 737 2986 805 signat;per
3011 737 3182 803 ipsum
3216 749 3393 791 autem
3453 748 3639 793 osten-

2068 830 2146 881 dit
2172 829 2552 883 ministerium.
2591 827 2700 882 Nec
2724 843 2852 882 vero
2885 843 3008 882 cum
3048 828 3230 891 Patre,
3261 828 3534 895 inquiunt,
3587 840 3641 883 et

2069 923 2203 976 Filio
2244 922 2482 991 Spiritus
2520 922 2866 976 rollot-andus
2904 930 3005 984 est,
3054 922 3147 975 sed
3203 931 3322 989 post
3350 921 3547 975 Filium
3590 933 3639 974 et

2069 1016 2284 1069 Patrem
2311 1015 2740 1078 constituendus,
2772 1028 2945 1082 neque
2977 1028 3098 1067 Cum
3127 1013 3253 1077 illis,
3286 1013 3377 1067 sed
3408 1013 3508 1067 Sub
3533 1013 3639 1067 illis

2068 1108 2453 1161 numerandus.
2491 1104 2798 1160 istiusmodi
2824 1104 3111 1158 verborum
3162 1105 3395 1159 artiﬁcio
3448 1119 3637 1173 puram

2067 1200 2188 1253 ﬁdei
2220 1198 2629 1268 simpliritatem
2664 1206 3004 1267 pervertunt.
3040 1195 3251 1262 Quibus
3307 1198 3640 1264 responden-

2063 1294 2191 1348 dum
2243 1304 2348 1356 est.
2416 1308 2514 1347 nos
2568 1307 2687 1346 cum
2726 1290 3134 1359 amplitudinem
3179 1300 3387 1344 natura:
3438 1290 3641 1359 Unige—

2065 1386 2182 1449 niti,
2206 1397 2261 1441 et
2289 1386 2564 1456 dignitatis
2617 1387 2731 1454 ejus
2773 1383 3149 1437 excellentiam
3188 1379 3639 1448 contemplemur,

2060 1478 2284 1547 gloriam
2319 1477 2394 1530 illi
2419 1477 2576 1531 simul
2599 1492 2719 1531 cum
2752 1475 2936 1539 Patre,
2967 1484 3019 1527 et
3048 1489 3149 1526 una
3179 1488 3301 1527 cum
3331 1473 3490 1525 Patre
3518 1487 3639 1526 esse

2062 1571 2245 1624 testari
2272 1587 2286 1623 :
2311 1579 2496 1629 atcum
2520 1570 2785 1623 bonorum
2816 1566 3154 1636 largitionem
3185 1564 3339 1618 nobis
3363 1561 3559 1616 factam
3586 1573 3641 1615 et

2061 1658 2527 1723 conciliationem,
2561 1666 2723 1725 atque
2745 1654 3187 1723 coniunctionem
3217 1664 3461 1709 nostram
3512 1669 3635 1706 cum

2061 1751 2168 1806 Deo
2188 1750 2509 1822 cogitamus,
2533 1764 2630 1820 per
2647 1750 2820 1819 ipsum
2846 1762 2901 1804 et
2930 1748 2982 1802 in
3003 1751 3119 1817 ipso
3145 1763 3242 1801 nos
3265 1763 3383 1800 eam
3409 1748 3637 1817 gratiam

401 1834 433 1905 ῆ
462 1836 558 1904 τὴν
590 1833 744 1903 ἡμῶν
773 1832 950 1885 αὐτῶν
981 1832 1350 1902 προσαγωγὴν
1381 1833 1474 1885 καὶ
1503 1831 1784 1887 οἱκείωσιν
1816 1835 1949 1904 πρὸς

2060 1857 2248 1901 assecu
2259 1854 2342 1898 tos
2357 1846 2494 1899 couli
2505 1844 2626 1898 teri.

398 1926 487 1980 τὸν
515 1926 675 1988 Θεὸν,
705 1924 772 1978 δι’
796 1924 958 1978 αὐτοῦ
988 1924 1078 1976 καὶ
1107 1926 1162 1976 ὲν
1192 1923 1339 1995 αὐτῷ
1369 1924 1707 1996 ἐνεργεῖσθαι
1739 1924 1834 1996 τὴν
1862 1926 1960 1997 χά-

398 2038 485 2090 ριν
512 2021 642 2090 ἡμῖν
670 2020 871 2091 ταύτην
899 2017 1286 2089 ὁμολογοῦμεν.

400 2138 528 2192 Ἔτι
576 2135 724 2189 κατὰ
764 2136 1080 2203 Ἀρειανῶν
1137 2153 1199 2189 τε
1252 2134 1347 2187 καί
1405 2134 1815 2198 Εὐνομιανῶν’
1843 2138 1954 2192 τοῦ

459 2207 724 2278 μεγάλου
753 2208 1080 2277 Γρηγορίω
1110 2207 1217 2263 τοῦ
1251 2206 1545 2274 Θεολόγου
1582 2205 1651 2258 ὲκ
1681 2205 1788 2260 τοῦ
1817 2209 1951 2277 περὶ

474 2278 609 2332 me
638 2284 689 2330 α’
715 2279 925 2346 λόγου.

462 2392 586 2456 Πῶς
623 2388 715 2447 οὖν
751 2396 869 2466 οὐκι
894 2395 1145 2464 ἐμπαθὴς
1174 2397 1208 2466 ἡ
1240 2395 1526 2464 γέννησις;
1561 2377 1958 2461 Ὀτι-ἀσώμα-

395 2503 504 2551 τος.
535 2485 597 2540 Ei
623 2488 729 2556 γὰρ
764 2489 797 2557 ἡ
827 2487 1139 2556 ὲνσώματος
1174 2487 1448 2554 ἐμπαθὴς,
1473 2486 1691 2558 ἀπαθὴς
1729 2488 1762 2556 ἡ
1806 2486 1956 2545 ἀσώο

401 2596 586 2647 ματος.
646 2578 785 2647 Ἐγὼ
838 2580 891 2632 δέ
945 2597 1005 2633 σε
1062 2582 1472 2650 ἀντερήσομαιο
1524 2580 1645 2643 Πῶς
1694 2579 1850 2642 Θεὸς,
1908 2582 1957 2632 εί

396 2669 601 2738 κτίσμα
625 2685 640 2733 ;
667 2670 740 2722 Οὐ
777 2672 882 2740 γὰρ
915 2669 1043 2733 Θεὸς
1072 2672 1130 2724 τὸ
1168 2672 1519 2743 κτιζόμενον·
1559 2671 1643 2723 ἵνα
1677 2670 1750 2741 μὴ
1790 2671 1953 2737 λέγω,

396 2763 475 2813 ὅτι
529 2760 802 2815 κάνταῦθα
858 2762 1051 2826 πάθος,
1090 2762 1157 2816 ἂν
1197 2763 1525 2831 σωματικῶς
1575 2762 1949 2830 λαμὸάνηται,

388 2844 504 2902 οἷον
556 2850 761 2919 χρόνος,
807 2852 1010 2919 ἔφεσις,
1057 2852 1424 2922 ἀνατύπῳσις,
1477 2856 1718 2923 φροντὶς,
1772 2855 1951 2917 ἐλπὶς,

393 2940 559 3009 λύπη,
592 2942 849 3007 κίνδυνος,
879 2945 1164 3015 ἀποτυχία,
1196 2945 1481 3015 διόρθωσις
1505 2962 1520 2977 ⁶
1550 2945 1587 2999 ἃ
1635 2947 1813 2999 πάντα
1860 2947 1955 2998 καὶ

387 3033 563 3085 πλείω
618 3033 819 3089 τούτων
854 3037 979 3105 περὶ
1020 3038 1116 3106 τὴν
1163 3036 1371 3101 κτίσιν,
1406 3037 1480 3099 ὠς
1523 3038 1687 3090 πᾶσιν
1731 3036 1951 3107 εὔδηλον

392 3126 664 3197 Θαυμάζω
688 3128 767 3189 δὲ.
792 3130 872 3182 ὅτι
908 3129 981 3200 μὴ
1012 3130 1105 3182 καὶ
1133 3128 1292 3183 τοῦτο
1321 3130 1546 3200 τολμᾷς,
1573 3130 1950 3199 συνδυασμούς

2058 2137 2195 2192 Item
2243 2146 2428 2189 contra
2472 2136 2697 2188 Arianos
2721 2145 2765 2187 et
2803 2133 3185 2186 Eunomianoa.
3211 2132 3389 2195 magni
3437 2126 3637 2197 Grego-

2224 2209 2290 2261 rii
2324 2207 2566 2273 Tlteotogi
2602 2222 2665 2259 ea:
2708 2205 2942 2257 aratione
2968 2204 3138 2258 orima
3192 2204 3257 2253 de
3298 2198 3464 2252 Fttio.

2134 2388 2420 2455 Quomodo
2480 2401 2609 2454 ergo
2661 2400 2690 2437 a
2742 2385 2999 2454 passione
3062 2382 3327 2437 immunis
3379 2387 3463 2437 est
3510 2381 3630 2434 haec

2070 2481 2396 2553 generatio?
2427 2479 2566 2546 Quia
2601 2479 2939 2546 incorporea.
2970 2476 3024 2530 Si
3055 2474 3199 2529 enim
3235 2488 3495 2542 corporea
3535 2488 3628 2541 ge-

2066 2576 2277 2630 neratio
2304 2573 2614 2643 passionem
2635 2570 2977 2639 COHjllllClaln
3007 2569 3188 2629 habet,
3212 2580 3408 2634 expers
3442 2566 3629 2634 utique

2065 2666 2335 2736 passionis
2381 2665 2489 2719 erit
2520 2664 2839 2732 incorporea
2872 2662 3168 2730 generandi
3220 2659 3385 2713 ratio.
3452 2660 3628 2723 Atque

2060 2772 2161 2825 ego
2188 2773 2251 2811 ex
2294 2765 2347 2811 te
2380 2755 2618 2810 vicissim
2660 2770 2896 2821 quaeram
2934 2772 2949 2809 :
2993 2753 3279 2819 Quomodo
3317 2752 3459 2804 Deus
3494 2749 3623 2804 erit.

2058 2850 2107 2903 si
2143 2857 2394 2903 creatura
2422 2850 2546 2902 est?
2601 2847 2716 2900 Non
2749 2846 2892 2900 enim
2930 2844 3075 2899 Deus
3104 2859 3224 2900 esse
3253 2852 3451 2913 potest,
3483 2843 3628 2910 quod

2061 2952 2321 3008 creatur;
2356 2956 2423 2995 ne
2451 2942 2654 3002 dicam,
2688 2939 2832 3008 quod
2859 2938 2949 2992 hic
2974 2952 3195 3007 quoque
3227 2936 3414 3006 passio
3454 2938 3544 2998 sit,
3583 2934 3626 2989 τί

2059 3048 2326 3103 corporeo
2356 3032 2516 3087 modo
2548 3032 2599 3086 id
2633 3030 2958 3100 accipiatur,
2994 3032 3095 3083 hoc
3121 3038 3227 3093 est,
3260 3043 3499 3098 tempus,
3522 3043 3627 3086 cu-

2058 3127 2278 3195 piditas.
2303 3124 2639 3187 informatio,
2667 3138 2828 3187 cura,
2861 3138 3009 3192 spes,
3044 3136 3272 3185 maeror,
3300 3122 3628 3189 periculum,

393 3235 544 3281 τινας
594 3220 816 3283 ἐννοεῖν,
854 3219 947 3274 καὶ
989 3221 1213 3290 χρόνους
1240 3222 1509 3290 κυήσεως,
1545 3224 1638 3274 καὶ
1670 3221 1949 3285 κινδύνους

2055 3219 2167 3288 spei
2196 3218 2484 3274 frustratio
2506 3257 2520 3281 ,
2547 3218 2819 3272 correctio
2855 3235 2870 3272 :
2926 3232 3046 3286 quae
3094 3215 3296 3281 omnia,
3330 3225 3493 3285 atque
3539 3215 3626 3270 his

390 3309 750 3376 ἁμδλώσεως,
786 3312 858 3374 ὡς
888 3312 1004 3364 οὐδὲ
1035 3314 1231 3385 γεννᾷν
1285 3314 1586 3383 ἐγχωροῦν,
1623 3315 1670 3367 εί
1705 3314 1779 3384 μὴ
1808 3313 1951 3366 οὕτω

386 3403 713 3471 γεγέννηκεν
736 3420 750 3434 ο
785 3404 817 3476 ἢ
856 3405 1017 3458 πάλιν
1065 3406 1497 3475 πτηνῶνθτινας,
1539 3408 1636 3462 καὶ
1676 3407 1948 3476 χερσαίων

388 3494 483 3547 καὶ
539 3494 771 3564 ἐνύδρων
818 3498 1102 3567 γεννήσεις
1145 3499 1648 3569 ἀπαριθμούμενος,
1697 3500 1944 3552 τούτων⁹

382 3590 492 3637 τινὶ
521 3585 629 3642 τῶν
654 3589 959 3658 γεννήσεων
990 3590 1224 3658 ὑπάγειν
1252 3593 1354 3660 τὴν
1383 3591 1535 3645 θείαν
1588 3594 1683 3645 καὶ
1715 3591 1952 3645 ἀνεκλάο

386 3678 628 3750 ὶητον,ἢ
668 3680 763 3733 καὶ
800 3680 890 3734 τὸν
931 3681 1058 3733 Υίὸν
1092 3683 1334 3752 ἀναιρεῖν
1385 3684 1449 3736 ὲκ
1489 3682 1591 3747 τῆς
1629 3683 1822 3752 καινῆς
1855 3682 1948 3735 σοῦ

388 3770 715 3835 ὑποθέσεως.
757 3772 863 3826 Kal.
905 3774 1014 3827 οὐδ’
1070 3776 1244 3829 ἐκεῖνο
1277 3775 1503 3830 δύνασαι
1549 3776 1809 3838 συνιδεῖν,
1865 3776 1947 3827 ὅτι

381 3855 429 3929 ᾧ
464 3861 714 3931 διάφορος
756 3865 789 3934 ὴ
841 3866 980 3921 κατὰ
1032 3867 1211 3933 σάρκα
1260 3869 1513 3935 γέννησις
1555 3865 1689 3939 (ποῦ
1730 3867 1839 3935 γὰρ
1889 3867 1947 3918 ἐν

381 3955 497 4015 τοῖς
548 3956 655 4016 σοῖς
707 3955 879 4021 ἔγνως
929 3957 1190 4011 Θεοτόκον
1248 3958 1569 4029 Παρθένον),
1624 3957 1798 4026 τούτῳ
1848 3956 1944 4010 καὶ

380 4048 415 4114 ἠ
484 4048 820 4117 πνευματικὴ
880 4048 1136 4119 γέννησις
1199 4052 1597 4116 ἐξαλλάττουσα
1654 4066 1668 4079 ⁸
1744 4050 1946 4119 μᾶλλον

380 4136 465 4196 δὲ,
498 4128 541 4203 ᾧ
589 4137 650 4189 τὸ
694 4133 832 4190 εἶναι
886 4140 963 4209 μὴ
1012 4142 1227 4208 ταυτὸν,
1276 4142 1451 4210 τούτῳ
1498 4142 1591 4195 καὶ
1636 4141 1697 4194 τὸ
1748 4141 1944 4211 γεννᾷν

377 4226 662 4297 διάφορον.

2057 3310 2236 3378 plura,
2274 3311 2417 3363 circa
2456 3319 2763 3363 creaturam
2797 3308 3043 3363 accidere
3078 3322 3236 3363 nemo
3270 3315 3356 3362 est
3387 3307 3478 3377 qui
3514 3323 3622 3361 non

2066 3402 2224 3457 facile
2255 3404 2567 3471 perspiciat.
2622 3402 2874 3456 Demiror
2896 3413 3103 3462 autem,
3137 3404 3268 3472 quin
3306 3413 3362 3456 ιιι
3395 3418 3460 3456 eo
3495 3418 3631 3471 quo-

2057 3511 2161 3566 que
2201 3495 2442 3549 audaciae
2495 3509 2858 3563 prorumpas,
2910 3504 2969 3547 ut
3014 3495 3191 3549 coitus
3233 3495 3519 3563 quosdam,
3575 3509 3630 3549 et

2058 3589 2445 3657 praegnationis
2479 3597 2747 3656 tempora,
2777 3597 2832 3640 et
2863 3588 3089 3640 abortus
3122 3588 3357 3655 perit-uia
3395 3591 3625 3655 cngites.

2058 3679 2281 3748 perinde
2308 3694 2369 3730 ac
2400 3693 2504 3730 non
2535 3678 2691 3730 aliter
2715 3679 2939 3745 gignere
2964 3676 3199 3744 potuerit
3232 3676 3411 3739 Pater,
3439 3678 3484 3730 si
3514 3695 3620 3732 non

2059 3771 2128 3823 ita
2154 3772 2411 3839 genuerit
2443 3787 2457 3822 :
2488 3780 2579 3821 aut
2619 3784 2806 3821 rursus
2845 3769 3022 3821 avium
3061 3769 3443 3834 quarumdam,
3477 3770 3586 3821 alio
3607 3800 3619 3810 -

2055 3879 2289 3932 rumque
2326 3862 2673 3924 animalium,
2704 3877 2824 3929 qua:
2863 3861 2945 3914 vel
2980 3861 3032 3914 in
3071 3870 3237 3922 terra,
3266 3861 3347 3914 vel
3376 3861 3427 3915 in
3459 3866 3622 3928 aquis

2054 3962 2282 4025 degunt,
2344 3955 2726 4023 generationes
2779 3968 3091 4017 enumeres,
3136 3968 3199 4007 ac
3253 3953 3489 4022 cuipiam
3528 3956 3626 4008 lna-

2052 4067 2171 4103 rum
2216 4047 2636 4118 generatiouum
2700 4044 2939 4119 divinam
2993 4043 3139 4097 illam
3191 4054 3245 4098 et
3291 4045 3619 4100 ineffabilem

2050 4142 2334 4211 sultjieias,
2360 4151 2453 4193 aut
2482 4140 2641 4193 etiam
2674 4137 2869 4191 Filium
2905 4153 2999 4206 per
3030 4139 3167 4191 hanc
3204 4152 3401 4192 novam
3442 4141 3620 4208 hypa-

2052 4234 2247 4288 tltesim
2278 4233 2345 4287 de
2390 4232 2570 4286 medio
2600 4231 2775 4285 tollas.
2807 4230 2976 4283 Aene
3008 4230 3141 4283 illud
3165 4230 3386 4299 quidem
3415 4234 3625 4302 perspi-

380 4334 507 4373 cere
534 4330 703 4388 potes,
743 4321 900 4391 cujus
922 4322 1139 4378 diversa
1186 4325 1259 4379 sit
1286 4326 1525 4380 carnalis
1555 4328 1834 4396 generatio
1881 4327 2104 4398 (alicubi
2140 4327 2283 4381 enim
2326 4326 2469 4396 apud
2508 4324 2758 4382 homines
2798 4324 3078 4392 Deipat'atn
3122 4321 3397 4393 Virginem
3434 4330 3618 4397 nosti).

274 4418 277 4427 ‘
377 4416 545 4484 hujus
568 4417 837 4471 diversam
869 4432 1088 4488 quoque
1115 4429 1275 4490 atque
1313 4421 1382 4476 ab
1424 4423 1547 4477 aliis
1599 4424 1999 4492 discrepantem
2039 4438 2160 4478 esse
2189 4422 2526 4492 spiritualem
2566 4420 2966 4489 generationem
3005 4418 3154 4482 :vcl,
3197 4429 3252 4473 ut
3288 4421 3490 4475 rectius
3540 4424 3623 4477 di-

376 4523 524 4571 cam,
565 4506 722 4577 cujus
749 4522 869 4562 esse
898 4508 1076 4577 ipsum
1112 4510 1334 4564 minime
1359 4511 1497 4564 idem
1527 4514 1618 4575 sit,
1655 4515 1772 4585 ejus
1797 4515 2067 4568 divvrsam
2096 4527 2312 4581 quoque
2331 4526 2456 4566 esse
2490 4510 2785 4580 generandi
2839 4509 3129 4563 rationem.

453 4598 547 4661 Τίς
580 4595 671 4651 οὖν
707 4602 825 4652 ἔστι
874 4600 1063 4669 Πατὴρ
1100 4602 1199 4654 οὑκ
1246 4603 1560 4672 ὴργμένος;
1598 4606 1787 4669 Ὅστις
1822 4606 1940 4659 οὐδὲ

2120 4606 2384 4671 Quisnam
2436 4618 2566 4673 ergo
2616 4612 2701 4657 est
2756 4602 2913 4655 Pater
2948 4603 3036 4654 ilic
3087 4603 3336 4672 principii
3386 4607 3621 4673 expers?

366 4690 473 4744 τοῦ
513 4687 651 4745 εἶναι
698 4691 940 4762 ἦρξατοο
993 4686 1036 4759 ᾧ
1083 4692 1138 4744 δὲ
1188 4695 1250 4745 τὸ
1300 4691 1442 4747 εἶναι
1488 4695 1716 4765 ἡρξατο,
1767 4698 1942 4767 τούτῳ

371 4786 473 4835 καὶ
516 4782 577 4834 τὸ
624 4778 765 4835 εῖναι
818 4782 1013 4852 Πατρί.
1056 4783 1264 4836 Οὐκοῦν
1322 4786 1510 4855 Πατὴρ
1562 4785 1815 4856 ὕστερον,
1879 4790 1939 4841 οὐ

363 4878 487 4945 γὰρ
538 4876 739 4946 ἧρξατο
775 4891 790 4906 ·
850 4875 941 4927 καὶ
995 4874 1180 4945 Πατὴρ
1244 4878 1449 4949 κυρίως
1482 4917 1498 4941 ,
1559 4879 1639 4931 ὅτι
1711 4880 1785 4949 μὴ
1849 4880 1942 4933 καὶ

367 4969 503 5030 Υίός
529 4985 543 4998 ·
582 4968 770 5036 ὥσπερ
800 4968 894 5021 καὶ
928 4968 1053 5031 Υἱὸς
1087 4968 1318 5037 κυρίως,
1359 4970 1442 5022 ὅτι
1493 4972 1567 5039 μὴ
1599 4976 1691 5024 καὶ
1726 4974 1937 5043 Πατήρ.

363 5059 456 5111 Τὰ
492 5061 599 5127 γὰρ
629 5060 894 5129 ἡμέτερα,
949 5061 1010 5111 οὑ
1065 5058 1290 5129 κυρίως,
1348 5062 1430 5113 ὅτι
1478 5064 1576 5115 καὶ
1618 5063 1817 5132 ἄμφωο
1879 5067 1937 5116 οὐ

363 5156 483 5221 γᾰρ
508 5152 624 5203 τόδε
659 5151 878 5220 μᾶλλον,
921 5150 952 5219 ἢ
982 5151 1098 5203 τάδε
1122 5168 1135 5181 ·
1173 5152 1268 5204 καὶ
1298 5153 1356 5218 ἐξ
1397 5154 1600 5222 ἀμφοῖν
1632 5157 1813 5225 ἡμεῖς,
1840 5157 1936 5225 οὐχ

363 5246 516 5309 ἑνὸς,
567 5243 704 5296 ὥστε
768 5241 1111 5311 μερίζεσθαι,
1172 5244 1262 5295 καὶ
1318 5245 1440 5296 κατ’
1491 5246 1672 5312 ὀλίγον
1725 5247 1939 5315 ἄνθρω-

359 5354 464 5389 ποι
495 5353 510 5367 ·
562 5335 655 5388 καὶ
699 5336 828 5397 ἴσως
872 5333 995 5386 οὐδὲ
1037 5333 1336 5403 ἄνθρωποι,
1390 5338 1485 5388 καὶ
1529 5331 1631 5391 οἷοι
1674 5339 1747 5408 μὴ
1786 5339 1938 5391 τεθε-

354 5426 605 5497 λήμεθα,
642 5429 732 5481 καὶ
765 5427 1041 5492 ἀφιέντες,
1070 5430 1161 5478 καὶ
1205 5428 1511 5496 ἀφιέμενοι,
1538 5430 1611 5491 ὡς
1641 5431 1806 5499 μόνας
1838 5435 1937 5495 τὰς

357 5523 582 5590 σχέσεις
607 5518 891 5572 λείπεσθαι
913 5518 1158 5586 ὀρφανὰς
1181 5517 1289 5571 τῶν
1311 5520 1676 5589 πραγμάτοιν.
1697 5522 1859 5575 Ἀ).λά
1877 5525 1935 5574 τὸ

350 5614 677 5681 ἐγέννησε,
715 5612 903 5680 φησιν,
937 5609 1091 5672 αὐτὸ,
1119 5610 1211 5662 καὶ
1240 5612 1298 5662 τὸ
1322 5611 1693 5680 γεγέννηται,
1722 5614 1775 5664 τὶ
1806 5613 1935 5665 ἄλλο

353 5703 393 5771 ἢ
431 5703 606 5772 ἀρχὴν
640 5705 854 5770 εἰσάγει
888 5702 1229 5771 γεννήσεως
1264 5702 1329 5754 Τί
1353 5703 1447 5757 οὖν
1484 5706 1550 5756 ἂν
1584 5705 1724 5774 μηδὲ
1775 5706 1934 5758 τοῦτο

354 5796 635 5864 λέγωμεν,
669 5794 783 5848 ἀλλ’
811 5790 885 5865 ἦν
918 5795 1012 5847 ἀπ’
1047 5795 1221 5864 ἀρχῆς
1254 5796 1676 5866 γεγεννημένος,
1719 5798 1803 5851 ἵνα
1838 5815 1932 5851 σου

355 5887 560 5956 ῥᾳδίως
592 5887 852 5957 φύγωμεν
878 5887 976 5949 τὰς
1009 5887 1331 5957 περιέργους
1366 5888 1669 5959 ἐνστάσεις,
1704 5892 1797 5944 καὶ
1846 5908 1936 5959 φι-

2048 4699 2097 4753 ls
2134 4712 2349 4767 nt-mpe,
2384 4696 2545 4765 cujus
2599 4710 2667 4749 ne
2725 4694 2831 4748 ulla
2883 4696 3104 4762 quidem
3142 4696 3316 4763 ipsius
3366 4697 3617 4748 esst-nlla:

2045 4790 2201 4859 origo
2249 4789 2473 4857 reperiri
2522 4796 2720 4856 potest.
2770 4787 2873 4852 Qui
2924 4800 3101 4841 autem
3150 4787 3446 4855 aliquando
3496 4802 3618 4841 esse

2045 4884 2240 4952 C(l‘pil,
2279 4883 2367 4937 hic
2399 4897 2617 4951 quoque
2650 4880 2991 4949 paternitatis
3022 4898 3134 4935 sua:
3167 4880 3473 4949 principum
3507 4881 3607 4931 lia-

2048 4973 2184 5024 lmit.
2259 4970 2378 5025 Non
2429 4972 2594 5040 igitur
2640 4971 2800 5023 Pater
2845 4978 3029 5039 postea
3087 4972 3315 5034 exstitit,
3366 4971 3613 5039 quando-

2042 5065 2262 5132 quidem
2318 5078 2416 5115 uec
2447 5076 2569 5116 esse
2622 5060 2917 5129 aliquando
2957 5063 3122 5130 cwpit
3166 5078 3177 5113 :
3212 5070 3267 5115 et
3299 5060 3457 5114 Pater
3494 5076 3616 5127 pru-

2045 5158 2157 5223 prie
2184 5164 2284 5210 est.
2315 5154 2439 5221 quia
2476 5167 2582 5206 non
2614 5153 2779 5206 etiam
2809 5151 2978 5205 Filius
3004 5169 3017 5205 :
3047 5154 3502 5222 quemadmodqu
3536 5155 3609 5207 vi-

2042 5247 2227 5300 cissim
2268 5243 2440 5298 Filius
2476 5246 2693 5314 proprie
2726 5244 2892 5310 ﬁlius,
2929 5246 3057 5314 quia
3090 5261 3196 5299 non
3229 5246 3391 5299 etiam
3424 5246 3606 5299 Pater.

2041 5338 2175 5401 Nam
2209 5338 2352 5404 quod
2396 5335 2461 5387 ad
2498 5350 2596 5388 nos
2628 5337 2844 5398 attinet,
2890 5347 3084 5388 neutro
3117 5333 3336 5389 nomine
3383 5339 3605 5405 proprie

2040 5427 2298 5497 appellari
2352 5442 2680 5496 possumus,
2730 5427 2989 5494 quoniam
3038 5436 3332 5496 utrumque
3374 5444 3603 5491 sumus;

2039 5534 2219 5589 neque
2250 5519 2350 5573 hoc
2383 5519 2567 5587 potius
2588 5558 2601 5582 ,
2634 5534 2795 5587 quam
2831 5519 2997 5583 illud;
3038 5533 3138 5571 nec
3169 5535 3233 5572 ex
3267 5534 3391 5585 uno,
3424 5520 3515 5575 sed
3541 5538 3607 5576 ex

2040 5622 2274 5680 utroque
2312 5617 2539 5680 parente
2586 5608 2886 5673 nascimur,
2918 5624 2980 5663 ac
3019 5611 3246 5677 proinde
3288 5612 3603 5675 dividimur,

2038 5705 2407 5774 paulatimque
2462 5701 2712 5755 homines
2741 5700 3039 5768 efﬁcimur;
3094 5703 3206 5758 imo
3245 5720 3312 5759 ne
3357 5707 3604 5763 homines

2037 5799 2253 5866 quidem
2280 5794 2533 5859 fortasse,
2569 5803 2622 5846 et
2642 5794 2831 5863 quales
2863 5795 3161 5859 noluimus,
3190 5807 3301 5851 tum
3324 5797 3605 5852 dimitten-

2039 5901 2139 5959 tcs,
2160 5900 2271 5943 tum
2299 5888 2532 5955 dimissi,
2564 5887 2698 5943 adeo
2727 5896 2783 5943 ut
2807 5890 2936 5944 solae
2962 5891 3254 5947 relationes
3280 5893 3440 5949 rebus
3469 5891 3604 5961 ipsis
