2047 3102
176 172 228 202 5ῖθ9

796 167 986 197 ΕυίἸΙΥΜΙΙ
1015 166 1196 198 ΖΙΟΛΒΕΝΙ

1751 169 1804 200 560

178 231 253 257 orbae
274 229 474 264 relinquantur.
489 229 532 262 At,
549 227 666 262 inqttics,
687 227 775 263 ipsum
792 228 851 258 hoc.
872 229 958 263 genuit

1012 228 1172 263 λοχρόουῃ
1200 223 1272 260 ’Δρα
1297 225 1404 260 γραφὴι
1428 225 1551 258 ἀποίσεις
1577 226 1638 252 καθ’
1655 227 1747 262 ἡμῶν,
1765 229 1804 260 ὠς

175 281 200 303 et
217 276 319 311 genitus
332 280 380 306 est,
402 275 467 308 quid
480 274 552 300 aliud
564 280 645 308 quant
662 274 844 308 gettcratiOnis
859 274 960 308 princi-

176 322 251 357 pium
277 320 463 353 inducit?Ego
484 326 547 346 vero
562 319 598 346 ita
614 319 782 354 respondeo:
801 319 871 352 Quid
889 320 910 346 si
927 328 959 347 ne

175 370 226 395 hoc
238 369 349 403 quidem
375 367 532 398 dixerimus,
564 367 630 398 sed,
659 375 672 392 a
692 366 825 401 principio
856 367 960 402 genitus

174 418 244 445 erat,
262 419 290 439 ut
303 412 424 439 curiosas
434 411 507 446 ipsas
518 418 549 438 ac
563 411 695 446 temporis
712 411 816 438 amicas
828 411 959 445 objectio-

176 468 225 486 nes
240 458 315 486 nullo
335 458 443 493 negotio
463 457 620 492 fugiamus?
638 459 678 484 An
704 462 730 484 tu
747 458 851 484 crimen
880 458 958 485 nobis

174 506 287 537 inl'eres,
303 505 381 540 quasi
403 505 553 540 Scripturae
569 512 601 532 ac
620 505 742 532 veritatis
759 506 861 539 aliquid
878 505 956 531 adol.

174 550 318 577 terentur?
338 549 434 577 Nonne
460 551 549 577 cuivis
578 551 749 584 perspicuum
770 555 873 584 est,.ac
892 558 960 585 pras-

174 596 269 622 sertint
292 595 318 622 in
332 594 480 630 Scriptura:
505 603 553 622 usu
570 596 697 630 positum,
716 600 744 622 ut
773 596 901 630 pleraque
925 603 957 622 cx

1013 272 1280 309 παραχαραττὸντων
1295 281 1319 297 τι
1329 271 1378 306 τῆς
1395 271 1506 306 Γραφῆς
1519 272 1566 298 xal
1583 273 1632 306 τῆς
1652 273 1778 306 ἀληθείας
1794 283 1803 307 ;

1016 321 1051 348 ἸΙ
1071 321 1152 347 πᾶσιν
1167 319 1277 353 εὔδηλον
1292 319 1331 344 ὅτι
1348 319 1432 344 πολλὰ
1449 319 1502 344 τῶν
1526 319 1658 353 χρονικῶς
1685 320 1802 354 λεγομέ-

1012 375 1076 399 νων,
1093 365 1301 400 ἐνηλλαγμένως
1329 365 1383 395 τοῖς
1408 365 1515 399 χρόνοις
1540 366 1720 399 προφέρεται,
1754 368 1804 393 καὶ

1015 413 1134 447 μάλιστα
1150 413 1226 445 παρὰ
1243 413 1275 445 τῇ
1292 410 1420 445 συνηθείᾳ
1436 411 1483 444 τῆς
1513 411 1587 438 θείας
1605 412 1727 446 Γραφῆς,
1752 414 1802 447 οὐχ

1012 459 1062 485 ὅσα
1074 457 1120 484 τοῦ
1137 457 1355 491 παρεληλυθότος
1371 458 1467 491 χρόνου
1498 458 1578 491 μόνον
1605 458 1689 489 ἐστὶν,
1724 459 1740 493 ἢ
1755 459 1802 484 τοῦ

1015 505 1162 539 παρόντος,
1180 504 1248 530 ἀλλὰ
1265 505 1312 530 καὶ
1328 505 1377 530 ὅσα
1396 504 1441 530 τοῦ
1460 504 1613 539 μέλλοντος,
1628 505 1664 535 ὡς
1680 505 1721 536 τὸ,
1736 507 1803 532 'lru

1007 550 1036 576 τι
1051 549 1205 584 ἐφρύαξαν
1215 549 1288 582 ἔθνη
1302 558 1309 582 ;
1326 548 1402 575 οῦπω
1417 551 1470 582 γὰρ
1485 550 1663 584 ὲφρυάξαιντο·
1681 559 1737 583 κα,
1750 551 1803 578 Ἐν

1010 593 1131 628 ποταμῷ
1147 594 1359 621 διελεύσονται
1370 593 1451 620 ποὸι’
1473 595 1541 628 ὅπερ
1556 595 1624 626 ἐστὶ,
1635 595 1801 630 aestatim.

175 642 229 673 his,
246 649 307 676 quae
322 642 508 676 tetttporaliter
526 642 662 672 dicuntur,
678 642 786 667 inversa
809 645 959 675 temporum

1012 648 1065 667 σιν.
1082 640 1135 665 Καὶ
1152 640 1256 674 μακρδν
1270 639 1303 666 ἂν
1313 640 1355 673 εἴη
1373 640 1461 671 πάσας
1476 641 1644 675 ἀπαριθμεῖν
1655 641 1702 672 τὰς
1712 643 1803 668 nuti-

175 688 282 714 ratione
307 687 490 722 proierantur,
503 694 553 713 nec
565 693 596 713 ea
623 686 721 716 solum,
748 693 807 719 qua:
833 685 959 719 pl'allt‘l‘ill

1014 694 1064 717 τας
1084 687 1186 719 φωνᾶς,
1200 685 1227 711 αἳ
1242 687 1298 717 τοῖς
1314 686 1466 719 ιριλοπόνοις
1481 688 1655 721 τετήρηνται.

175 736 304 770 temporis
321 739 395 768 sunt,
415 739 462 761 aut
483 735 634 769 prasentis,
653 734 700 761 sed
717 734 797 760 etiam
811 741 870 767 quae
881 733 965 760 futuri
978 734 1201 768 signiﬁcationem
1214 734 1398 766 habentYQtto
1412 734 1438 760 in
1455 742 1553 769 genere
1565 736 1630 763 illud
1639 742 1679 763 est
1697 738 1805 769 :Quare

174 782 337 815 [retnuertmt
354 786 442 816 gentes
455 781 486 807 ⁸7
502 780 644 816 (Nondum
662 780 733 806 ettitn
749 780 938 815 fremuerant.)
959 779 1001 811 Et,
1023 780 1054 806 In
1067 780 1174 814 ﬂumine
1191 781 1387 812 pertransibunt
1402 782 1466 813 pede
1480 783 1502 815 ',
1520 781 1544 808 id
1560 788 1611 815 est,
1636 786 1804 817 pertransie-

177 833 252 857 runt.
264 828 350 856 Nimis
372 829 480 863 longum
497 828 567 854 foret
578 835 673 854 omnes
689 828 844 862 lmjusntodi
865 836 945 856 voces
958 835 1111 860 recensere,
1137 837 1198 863 qua:
1213 837 1227 856 a
1245 829 1375 857 studiosis
1389 831 1538 857 observatam
1550 836 1623 858 sunt.

423 875 465 902 Ex
482 875 572 902 eadem
584 877 714 904 oratione.

216 924 305 958 Atque
326 922 359 950 ad
384 923 457 949 hunc
482 923 590 949 modum
611 930 641 949 se
662 922 743 950 habet
767 922 825 949 hac
852 922 961 949 illorum
979 930 997 956 Β

175 970 301 1006 objectio.
330 969 388 996 Jam
419 968 499 1003 quale
533 968 598 995 illud
633 976 727 995 eortttn
754 972 805 1000 est,
830 968 962 1002 cujusque

175 1016 284 1044 rixandi
311 1015 432 1043 libidinis
450 1020 478 1041 et
500 1014 694 1048 impudentiae?
722 1013 772 1040 Vel
796 1014 900 1046 volens,
918 1016 959 1041 in-

175 1063 284 1097 quiunt,
305 1060 403 1088 Filium
420 1061 524 1095 genuit,
550 1060 589 1087 vel
602 1060 706 1087 nolens.
717 1059 756 1087 Ac
771 1060 870 1087 deinde
884 1060 961 1087 nexi-

177 1111 239 1141 bus,
260 1113 290 1135 ut
307 1107 417 1143 quidem
441 1108 493 1142 ipsi
508 1111 615 1142 putant,
633 1106 761 1141 utrinque
787 1106 960 1134 adversarios

176 1156 294 1189 illigant,
311 1163 363 1182 nott
380 1160 470 1181 tamen
492 1153 587 1185 ﬁrmis,
603 1155 649 1180 led
664 1160 792 1187 perquam
808 1153 889 1180 etiam
912 1153 962 1179 int-

175 1200 290 1228 becillis.
305 1199 333 1226 Si
352 1200 424 1226 enim
439 1198 543 1231 nolens.
561 1198 695 1232 inquiunt,
714 1198 752 1225 vis
766 1206 830 1233 ergo
840 1198 864 1226 ei
881 1198 960 1225 allata

175 1253 228 1274 est.
243 1247 277 1274 Et
301 1246 427 1280 quisnam
455 1250 496 1271 est
513 1245 561 1279 qui
581 1245 632 1271 vim
655 1245 766 1271 intulit?
792 1245 825 1272 Et
853 1252 960 1277 rursus,

175 1288 325 1322 quomodo,
348 1288 391 1314 cui
414 1288 454 1314 vis
470 1286 548 1313 allata
566 1292 624 1319 est,
643 1286 713 1313 Deus
737 1293 795 1313 esse
810 1288 918 1318 potest?
931 1288 959 1315 Si

174 1337 265 1360 atttem
279 1332 381 1364 volens,
392 1339 457 1366 ergo
468 1331 563 1364 Filius,
577 1331 722 1359 voluntatis
734 1337 775 1359 est
789 1332 883 1359 Filius.
899 1331 958 1365 Quo

174 1377 255 1411 igitur
277 1378 355 1404 modo
380 1385 410 1403 ex
437 1377 499 1404 Patr
541 1377 697 1411 progenitus
719 1377 782 1404 est?
806 1377 843 1404 lta
864 1385 959 1405 novam

172 1424 316 1456 quamdam
335 1428 459 1455 matrem,
478 1423 653 1455 voluntatem,
677 1424 760 1458 patris
777 1424 836 1451 loco
849 1424 962 1451 commi-

173 1469 324 1495 niseuntur.
351 1469 379 1496 In
405 1469 456 1496 hoc
471 1469 579 1504 quidem
595 1475 765 1504 argumento,
780 1470 895 1504 pritnnut
911 1471 961 1496 hoc

172 1515 269 1542 scitum
283 1522 316 1542 ac
337 1515 454 1549 lepidutn
479 1519 530 1547 cst.
545 1517 617 1550 qttod
633 1524 647 1542 a
662 1516 787 1551 passione
805 1516 861 1547 illa,
878 1524 959 1549 quam

174 1565 313 1595 tantopere
337 1561 490 1595 urgebant,
514 1561 707 1595 abscedentes,
736 1563 768 1589 ad
793 1562 959 1589 voluntatem

172 1607 348 1642 confugiunt;
368 1615 421 1634 non
434 1608 513 1635 enim
533 1608 623 1642 passio
643 1613 685 1635 est
700 1610 836 1635 voluntas.
858 1608 961 1635 Deinde

172 1652 312 1681 videamus
325 1674 331 1684 .
442 1653 568 1687 obsecro,
591 1661 672 1688 quant
698 1654 751 1680 vim
770 1653 868 1680 habeat
889 1653 960 1688 quod

173 1697 276 1725 dicunt.
302 1696 438 1731 Optimum
466 1703 555 1725 autem
580 1698 680 1731 fuerit,
705 1698 781 1733 pritts
808 1706 869 1725 cum
897 1699 961 1733 ipsis

174 1743 267 1776 pedem
282 1744 393 1778 propitts
408 1744 544 1771 conferre.
563 1744 609 1771 Dic
620 1752 684 1777 ergo
697 1745 764 1779 ipse,
780 1745 903 1780 quisquis
918 1753 957 1777 es,

174 1789 218 1821 qui
234 1793 351 1823 temere,
369 1790 501 1824 quidquid
518 1790 600 1817 libido
617 1795 660 1817 tua
678 1790 769 1818 tulerit
781 1811 787 1822 .
806 1790 905 1819 eﬂ‘utis.
922 1792 959 1818 Ex

173 1836 279 1863 volente
299 1841 373 1870 patre
393 1841 438 1863 tuo
456 1841 614 1870 procreatus
626 1845 666 1869 es,
688 1845 721 1864 an
741 1838 869 1864 nolente?
883 1838 910 1865 Si
927 1846 960 1865 ex

175 1880 293 1917 nolente,
309 1882 349 1909 vis
362 1889 426 1916 ergo
443 1883 467 1909 ei
484 1882 564 1908 allata
581 1887 633 1909 est.
646 1881 668 1909 0
682 1882 821 1917 indignum
837 1883 958 1910 facinus!

173 1926 277 1961 thuis
293 1928 400 1954 tandem
424 1928 448 1955 ei
468 1928 520 1954 vim
538 1928 645 1955 attulit?
669 1928 726 1955 Non
744 1929 816 1956 enim
838 1929 960 1963 profecto

173 1978 296 2000 naturam
313 1974 424 2002 dixeris.
445 1974 509 2002 Nam
525 1975 549 2002 ei
568 1984 676 2011 quoque
688 1983 737 2003 sua
758 1982 865 2004 constat
877 1978 959 2004 casti-

138 2024 144 2029 ”
173 2024 224 2045 tas.
240 2019 267 2045 Si
291 2024 380 2046 autem
397 2027 429 2047 ex
450 2021 557 2048 volente
574 2026 668 2055 patre,
688 2027 765 2055 pater
782 2022 828 2049 tibi
852 2027 961 2056 propter

171 2071 271 2098 paucas
293 2064 411 2100 syllabas
433 2066 532 2100 periit:
557 2066 703 2094 voluntatis
718 2068 851 2102 siquidem
869 2068 957 2100 illius,

171 2117 203 2135 ac
222 2117 274 2136 non
291 2111 376 2142 patris
389 2112 528 2139 exstitisti.
544 2113 596 2139 Sed
618 2114 650 2139 az!
675 2113 757 2140 Deum
773 2120 799 2141 et
820 2120 960 2141 creaturas

173 2159 304 2186 transeo.
329 2163 361 2182 ac
387 2162 518 2183 tuammet
539 2159 715 2192 qua-stionem
743 2159 881 2193 sapientiae
907 2164 959 2186 tum

171 2200 312 2228 admoveo.
341 2201 475 2229 'Volensne
504 2202 575 2230 Deus
599 2204 751 2231 universam
776 2205 843 2232 hanc
867 2212 957 2232 rerum

171 2246 268 2273 molem
283 2247 418 2278 condidit,
435 2256 468 2275 an
491 2249 583 2276 nolens
596 2254 622 2277 et
639 2251 770 2278 coactus?
790 2250 818 2278 Si
834 2256 957 2282 coaetus.

171 2291 215 2319 ltic
229 2299 336 2327 quoque
351 2293 390 2320 vis
406 2294 527 2322 adhibita
538 2315 545 2327 ,
570 2301 598 2322 et
613 2295 722 2330 quidam
741 2297 785 2331 qni
810 2297 862 2324 vim
881 2297 958 2324 adhi-

170 2337 236 2364 bttit.
264 2338 291 2365 Si
312 2343 401 2366 autem
427 2340 535 2372 volens,
561 2341 692 2369 orbantnr
721 2343 792 2375 Deo,
822 2348 876 2369 tum
900 2343 959 2370 alia!

170 2389 316 2417 creaturae,
342 2390 396 2412 tum
413 2391 438 2412 tu
461 2394 516 2421 pra:
531 2388 654 2417 caeteris.
670 2388 715 2422 qui
733 2389 800 2416 tales
816 2389 959 2415 ratiocina-

170 2429 257 2456 tiones
268 2449 274 2461 ,
290 2431 408 2465 talesque
423 2431 566 2459 verborum
583 2432 722 2467 captiones
746 2434 895 2468 excogitas.
915 2435 957 2460 lnr

171 2475 300 2501 tertnedia
316 2476 414 2510 quippe
430 2476 568 2504 voluntate
584 2485 599 2504 a
614 2478 745 2505 Creatore
757 2479 957 2513 disjungentttr.

170 2517 269 2545 Verum
287 2520 378 2553 aliud,
394 2521 419 2548 ni
439 2521 527 2553 fallor,
541 2527 583 2549 est
599 2524 702 2555 volens,
721 2524 794 2551 aliud
810 2524 933 2551 voluntas
948 2535 955 2553 :

171 2564 242 2590 aliud
256 2565 380 2599 gignens,
398 2566 468 2593 aliud
491 2568 630 2601 generatio
647 2577 653 2594 :
668 2568 741 2595 aliud
762 2569 807 2604 qui
825 2569 953 2603 loquitur,

171 2610 243 2636 aliud
266 2618 374 2644 sermo,
397 2612 447 2639 nisi
471 2611 540 2640 forte
569 2614 708 2641 teutttlenti
733 2615 828 2642 simus.
855 2615 951 2642 llonm

171 2657 243 2683 enim
265 2657 379 2685 alterum
393 2663 453 2691 est,
467 2659 489 2686 is
501 2660 546 2693 qtti
562 2666 666 2692 movet,
679 2660 792 2688 alterum
809 2662 880 2689 velut
899 2670 957 2688 Ino-

173 2706 215 2728 tus
231 2702 295 2737 ipse.
317 2702 375 2730 Non
391 2711 454 2739 ergo
470 2705 616 2733 voluntatis
633 2711 674 2733 est
685 2726 693 2738 ,
722 2706 832 2734 volitum
856 2707 959 2742 (neque

1247 877 1297 903 Ἕκ
1311 876 1365 903 τοῦ
1380 876 1473 903 αὑτοῦ
1490 876 1594 910 λόγου.

1052 921 1138 948 Τυύτο
1155 922 1204 956 μὲν
1219 921 1251 957 δὴ
1277 921 1408 949 τοιοῦτον.
1427 919 1490 947 υἶον
1507 922 1534 947 δὲ
1562 923 1653 948 αὐτῶν
1684 923 1801 958 κάκεῖνο,

1013 967 1051 999 ὡς
1060 968 1119 994 λίαν
1127 968 1218 1002 δύσερι
1232 967 1277 993 καὶ
1290 968 1484 1002 ἁνιίσλυντοη
1504 967 1658 1002 Βουληθεὶς,
1671 971 1749 1003 φασὶ,
1758 980 1803 1004 γε-

1013 1015 1129 1048 γέννηκε
1141 1015 1185 1041 τὸν
1201 1014 1275 1046 Υἱὸν,
1291 1014 1307 1048 ἤ
1325 1014 1362 1049 μὴ
1377 1013 1548 1048 βουλόμενος.
1563 1013 1627 1040 lii-:7.
1644 1016 1798 1050 δεσμοῦπιν,

1013 1061 1050 1092 ὡς
1065 1062 1176 1092 οἴονται,
1199 1060 1395 1095 ἀμφοτέρωθεν
1424 1059 1561 1094 ἃμμασιν.
1591 1062 1642 1087 ουκ
1670 1063 1800 1096 ἰσχυροῖς,

1014 1109 1082 1135 ἀλλὰ
1108 1109 1154 1134 καὶ
1183 1108 1243 1133 λίαν
1277 1107 1397 1142 σαθροῖς.
1430 1107 1461 1133 El
1487 1108 1538 1142 μὲν
1567 1109 1620 1142 γὰρ
1649 1109 1678 1134 οὐ
1706 1109 1804 1143 θέλων,

1015 1155 1314 1189 φασὶ,τετυρὰννηται.
1340 1153 1393 1179 Kal
1419 1153 1461 1185 τις
1493 1155 1506 1179 6
1530 1154 1722 1189 τυραννήσα;;
1750 1156 1806 1184 Καὶ

1015 1201 1074 1231 πῶς
1095 1201 1109 1227 6
1126 1200 1316 1236 τυραννηθεὶς,
1333 1200 1417 1234 Θεός;
1435 1200 1465 1227 Ei
1480 1199 1508 1225 δὲ
1539 1200 1635 1230 θέλων,
1665 1200 1804 1236 Θελήσεως

1016 1246 1115 1279 Υἱὸς,ό
1131 1246 1205 1277 Υἱός*
1219 1246 1275 1277 πῶς
1288 1244 1334 1273 οὗν
1349 1246 1380 1272 ὲκ
1405 1245 1453 1272 τοῦ
1480 1246 1587 1280 Πατρός
1602 1254 1610 1279 ;
1628 1246 1679 1272 Kal
1705 1250 1804 1283 καινὴν

1009 1296 1071 1315 τινα
1088 1291 1194 1326 μητέρα
1207 1291 1255 1326 τὴν
1274 1291 1383 1326 θέλησιν
1403 1293 1463 1319 ἀντὶ
1480 1292 1525 1319 τοῦ
1544 1293 1647 1329 Πατρὸς
1664 1293 1802 1320 ἀναπλάτ-

1008 1341 1110 1361 τουσιν.
1134 1336 1182 1362 Ἓν
1208 1336 1256 1371 μὲν
1273 1335 1320 1363 οὖν
1335 1337 1413 1363 τοῦτο
1430 1337 1525 1373 χάριεν
1539 1338 1628 1364 αὐτῶν
1639 1358 1646 1369 ,
1670 1338 1702 1364 ἂν
1719 1338 1799 1364 τοῦτο

1008 1378 1134 1413 λέγωσιν,
1148 1381 1189 1407 ὅτι
1206 1381 1252 1407 τοῦ
1268 1381 1369 1414 πάθους
1383 1382 1561 1415 ἀποστάντες,
1579 1383 1625 1409 ἐπὶ
1639 1383 1687 1418 τὴν
1705 1382 1802 1419 βούλη-

1009 1432 1051 1450 σιν
1067 1425 1298 1459 καταφεύγουσιν
1318 1427 1347 1452 οὺ
1368 1426 1422 1462 γὰρ
1439 1427 1525 1458 πάθος
1544 1446 1551 1457 ,
1624 1428 1640 1462 ὴ
1662 1427 1800 1462 βούλησις.

1009 1469 1139 1505 Δεύτερον
1154 1470 1192 1502 δὲ,
1205 1471 1303 1506 ἴδωμεν
1314 1472 1345 1498 τὸ
1362 1473 1470 1508 ἰσχυρὸν
1485 1472 1586 1505 αὐτῶν,
1598 1473 1611 1499 '6
1624 1482 1649 1498 τι
1663 1473 1800 1506 λέγουσιν’

1008 1515 1119 1550 ἄριστον
1138 1516 1166 1543 δὲ
1181 1517 1273 1549 αὐτοῖς
1293 1518 1485 1554 συμπλακῆναι
1504 1518 1636 1554 πρότερον
1650 1518 1800 1553 ἐγγυτέρω.

1008 1561 1044 1587 Σὺ
1060 1561 1088 1587 δὲ
1100 1562 1180 1593 αὐτὸς
1194 1564 1208 1589 ὁ
1228 1562 1314 1596 λέγων
1323 1558 1446 1599 ἐὐχερῶς
1461 1564 1475 1590 δ
1495 1573 1521 1590 τι
1538 1564 1571 1590 ἂν
1587 1564 1666 1600 θέλῃς
1682 1586 1689 1596 ,
1769 1564 1802 1589 ἐκ

974 1598 994 1626 c
1009 1606 1131 1638 θέλοντος
1150 1607 1270 1644 ὑπέστης
1286 1609 1332 1634 τοῦ
1347 1598 1397 1635 σοῦν
1407 1609 1548 1645 πατρὸς,ῆ
1565 1609 1601 1645 μὴ
1617 1598 1754 1641 θέλοντος
1769 1610 1802 1636 Εἰ

1011 1651 1060 1686 μὲν
1080 1652 1137 1687 γὰρ
1159 1652 1188 1686 ἐξ
1209 1653 1239 1679 οὐ
1262 1653 1394 1685 θέλοντος,
1419 1654 1624 1690 τετυράννηται.
1646 1655 1701 1689 Τῆς
1727 1654 1800 1689 βίαςῑ

1010 1697 1064 1723 Καὶ
1080 1697 1121 1729 τίς
1136 1699 1150 1725 6
1173 1700 1343 1734 τυραννήσας
1361 1700 1458 1732 αὑτόν;
1474 1701 1511 1727 Οὺ
1529 1700 1585 1736 γὰρ
1600 1701 1631 1736 δὴ
1654 1701 1704 1736 τὴν
1721 1700 1802 1734 φύσιν

1009 1742 1097 1777 ἐρεῖς·
1121 1744 1212 1779 ἐκείνη
1236 1745 1290 1780 γὰρ
1307 1744 1363 1781 ἔχει
1380 1746 1427 1772 καὶ
1445 1745 1476 1772 τὸ
1490 1747 1649 1781 σωφρονεῖν.
1666 1746 1697 1772 El
1716 1746 1744 1772 δὲ
1758 1746 1804 1771 θέ-

1009 1789 1111 1822 λοντος,
1138 1791 1260 1818 ἀπόλωλέ
1285 1801 1324 1818 σοι
1346 1792 1379 1818 δι’
1396 1792 1487 1826 ὁλῖγας
1506 1792 1640 1824 συλλαϐὰς
1663 1793 1676 1819 6
1692 1793 1801 1827 πατήρο

1009 1837 1144 1872 θελήσεως
1229 1839 1282 1872 γὰρ
1298 1838 1365 1869 υἱὸς,
1380 1838 1436 1864 ἀλλ’
1452 1839 1481 1864 οὒ
1498 1838 1600 1874 πατρὸς
1612 1838 1801 1873 ἀναπέφηνας.

1015 1882 1084 1909 Ἀλλ’
1109 1883 1153 1909 ἐπὶ
1178 1884 1224 1910 τὸν
1246 1884 1311 1910 Θεὸν
1332 1884 1440 1919 μέτειμι
1464 1884 1510 1910 καὶ
1533 1885 1567 1911 τὰ
1588 1884 1736 1918 κτίσματα,
1755 1883 1802 1909 xal

1007 1928 1037 1954 τὸ
1051 1928 1096 1954 σὺν
1118 1928 1248 1964 ἐρώτημα
1264 1930 1395 1965 προσάγω
1410 1932 1443 1965 τῇ
1467 1931 1499 1965 σῇ
1524 1929 1605 1965 σοφίᾳ
1629 1934 1637 1942 ⁸
1710 1928 1802 1955 Θέλων

1008 1975 1161 2010 ὐπέστησεν
1186 1976 1200 2001 6
1223 1976 1287 2007 Θεὸς
1391 1975 1425 2002 τὰ
1445 1976 1545 2007 πάντα,
1566 1975 1583 2010 ἢ
1613 1975 1749 2010 βιασθείςι
1769 1975 1801 2000 El

1011 2020 1059 2055 μὲν
1076 2021 1206 2055 βιασθεὶς,
1216 2021 1355 2048 κάνταῦθα
1367 2022 1383 2057 ἡ
1394 2022 1520 2057 τυραννὶς
1532 2021 1579 2047 καὶ
1591 2022 1605 2047 6
1618 2021 1798 2056 τυραννήσας·

1008 2065 1032 2091 εἰ
1050 2065 1077 2091 δὲ
1098 2065 1266 2100 βουλόμενος,
1285 2066 1428 2102 ἐστέρηται
1448 2066 1494 2092 τοῦ
1511 2065 1597 2097 Θεοῦ,
1619 2065 1666 2091 καὶ
1688 2065 1721 2090 τὰ
1742 2064 1802 2090 κτί-

1008 2118 1108 2145 σματι,
1133 2111 1178 2137 καὶ
1196 2112 1227 2138 σὺ
1246 2112 1294 2146 μὲν
1309 2112 1361 2147 πρὸ
1376 2112 1428 2138 τῶν
1444 2112 1531 2138 ἄλλων
1555 2130 1562 2141 ,
1628 2112 1642 2137 6
1663 2109 1800 2142 τοιούτους

1008 2156 1175 2191 ἀνευρίσκων
1188 2156 1343 2192 λογισμοὺς,
1360 2158 1407 2184 καὶ
1423 2157 1536 2184 τοιαῦτα
1550 2157 1725 2191 σοφιζόμενος
1735 2165 1741 2171 ·
1758 2156 1800 2182 θε-

1008 2200 1084 2235 λήσει
1202 2202 1256 2237 γὰρ
1285 2203 1354 2238 μέσῃ
1382 2202 1429 2228 τοῦ
1460 2202 1568 2228 κτίστου
1596 2201 1798 2236 διατειχίζεται.

1015 2246 1083 2272 Ἀλλ’
1107 2246 1210 2282 ἕτερον,
1236 2245 1314 2282 οἶμαι
1343 2247 1428 2274 θέλων
1452 2247 1509 2274 ἐστὶ
1607 2247 1654 2273 καὶ
1678 2247 1800 2281 θέλησις,

1008 2292 1110 2327 γεννῶν
1124 2293 1171 2319 καὶ
1186 2293 1322 2328 γέννησις,
1337 2293 1423 2328 λέγων
1440 2294 1488 2320 καὶ
1501 2294 1594 2327 λόγος,
1610 2294 1634 2319 ei
1650 2293 1686 2328 μὴ
1703 2293 1800 2327 μεθύση

1011 2347 1074 2373 μεψ
1094 2338 1128 2364 τὰ
1141 2338 1189 2373 μὲν
1203 2338 1217 2364 6
1230 2338 1389 2373 κινούμενος
1405 2361 1412 2371 ,
1482 2338 1516 2364 τὰ
1531 2339 1560 2365 δὲ
1572 2336 1628 2364 οἷον
1649 2339 1664 2372 ὴ
1682 2338 1799 2372 κίνησις.

1010 2384 1113 2410 Οῠκουν
1132 2384 1282 2418 θελήσεως,
1301 2383 1331 2410 τὸ
1342 2384 1452 2419 θεληθὲν
1540 2383 1621 2417 (οὐδὲ
1637 2383 1690 2418 γὰρ
1706 2383 1802 2409 ἕπεται

1010 2429 1157 2462 πάντως)·
1178 2429 1239 2455 οὐδὲ
1268 2429 1299 2455 τὸ
1321 2429 1464 2464 γεννηθὲν.
1492 2429 1662 2463 γεννήσεως·
1688 2428 1748 2454 οὐδὲ
1771 2428 1803 2454 τδ

1009 2476 1151 2504 ἀκουσθὲν.
1172 2476 1370 2511 ἐκφωνήσεως’
1385 2475 1452 2502 ἀλλὰ
1477 2475 1522 2502 τοῦ
1542 2475 1675 2506 θέλοντος,
1692 2473 1801 2500 καὶτοῦ

1010 2520 1156 2554 γεννῶντος
1183 2542 1191 2552 ,
1263 2520 1310 2546 καὶ
1328 2520 1374 2546 τοῦ
1397 2519 1531 2553 λέγοντος.
1553 2518 1593 2545 Τὰ
1611 2519 1659 2544 τοῦ
1682 2518 1750 2544 Θεοῦ
1773 2518 1802 2544 δὲ

1011 2567 1057 2592 καὶ
1070 2566 1140 2600 ὑπὲρ
1156 2565 1243 2592 ταῦτα
1260 2566 1357 2592 πάντα.
1411 2565 1537 2600 γέννησίς
1557 2565 1630 2591 ἐστιν
1646 2565 1709 2595 ἴσως
1725 2564 1741 2598 ἠ
1754 2563 1801 2589 τοῦ

1011 2613 1108 2647 γεννᾷν
1128 2612 1252 2647 οέλησις⁴
1270 2611 1327 2637 ἀλλ’
1340 2612 1415 2637 οὐδὲν
1435 2611 1526 2646 μέσον,
1548 2611 1573 2636 εἴ
1595 2618 1626 2642 γε
1649 2611 1697 2636 xal
1723 2609 1802 2635 τοῦτο

1011 2657 1151 2692 δεξώμεθα
1232 2658 1310 2689 ὅλως,
1326 2657 1394 2683 ἀλλὰ
1411 2657 1447 2692 μὴ
1460 2656 1506 2683 καὶ
1520 2655 1655 2690 θελήσεως
1671 2655 1803 2691 κρείττων

1011 2704 1027 2739 ἡ
1051 2703 1186 2737 γέννησις.

171 2748 243 2774 cnim
271 2749 322 2776 ltoc
349 2757 462 2785 prorsus
492 2750 645 2785 sequitur);
672 2757 722 2777 nec
747 2750 944 2785 generationis.
970 2751 1043 2785 qttod
1076 2750 1198 2786 genitum
1230 2754 1283 2780 est.
1316 2756 1367 2776 nec
1391 2747 1557 2779 locutionis.
1581 2746 1653 2782 quod
1681 2746 1806 2773 auditum

171 2797 222 2824 est,
242 2794 287 2821 Sed
307 2795 431 2828 volentis,
449 2800 476 2822 et
498 2796 643 2831 gignentis.
668 2802 694 2824 et
720 2797 866 2831 loquentis.
892 2799 998 2831 Atqum
1026 2797 1051 2823 itt
1079 2797 1132 2823 Deo
1149 2796 1367 2827 considerantur,
1394 2802 1476 2830 supra
1501 2797 1558 2822 hate
1584 2801 1693 2829 quoque
1709 2794 1802 2821 omnia

207 2885 215 2900 ¹
237 2884 306 2910 Ρμιεῑ.
326 2893 355 2913 ιι,
373 2886 395 2911 l.
436 2887 445 2900 ’
463 2887 534 2913 Psal.
550 2894 613 2919 ιη,
628 2888 654 2913 6.
