4094 6204
458 202 554 311 ὲδι

1381 244 1786 334 intuenti
1838 246 2296 310 DOGMATlCA.
2333 274 2398 283 —
2442 251 2591 310 'm‘.
2632 250 2734 311 γι.

3606 262 3713 322 1ῦὲ

446 385 595 437 sntit,
630 381 821 441 utpote
850 373 934 426 cui
965 370 1242 443 generatio
1274 368 1505 426 fortasse
1569 369 1640 424 sit
1701 369 1814 440 ipsa
1849 372 2100 442 gignendi
2136 374 2418 443 voluntas;
2472 392 2658 432 verum
2695 376 2827 432 nihil
2872 385 2956 433 est
2997 377 3415 444 intermedium,
3461 380 3507 434 si
3547 388 3707 440 modo

447 469 548 524 hoc
594 480 813 537 quoque
856 465 1079 519 ornuino
1118 463 1488 530 admittimus,
1519 479 1581 520 ac
1617 480 1721 517 nou
1793 465 1971 532 potius
2034 467 2322 524 statuimus
2354 446 2359 473 ’
2389 473 2794 540 generationem
2846 472 2986 527 hanc
3021 471 3299 528 voluntate
3332 473 3700 531 sublimiorem

444 570 501 617 et
530 559 961 630 praestantiorem
992 572 1132 612 esse.

636 650 824 704 Βούλει
863 667 918 703 τι
964 648 1286 720 προσπαίξω
1324 648 1413 701 καὶ
1461 662 1549 700 τον
1582 648 1832 719 Πατέρα;
1874 645 2034 720 Παρὰ
2066 649 2109 699 Α

453 746 544 799 σοῦ
579 745 688 817 γὰρ
716 745 825 814 ἔχω
852 742 921 796 τὰ
948 739 1177 794 τοιαῦτα
1219 738 1451 810 τολμᾷν·
1487 738 1667 791 Θέλων
1697 739 1826 802 Θεὸς
1859 740 1887 790 ὁ
1918 740 2033 791 Πα-

453 836 575 904 τὴρ,
609 833 642 905 ἦ
681 832 756 903 μὴ
789 830 979 885 θέλων.
1027 830 1137 882 Καὶ
1167 829 1314 892 ὅπως
1351 827 1635 900 ἀποφεύξῃ
1663 829 1724 881 τὸ
1759 827 1849 881 σὺν
1882 846 2037 900 περι-

451 924 643 990 δέξιον.
677 924 738 975 Εἰ
782 921 878 992 μὲν
919 921 985 991 δή
1018 919 1208 981 θέλων.
1228 918 1358 971 πότε
1390 918 1485 972 τοῦ
1518 918 1693 973 θέλειν
1726 919 2037 990 ἡργμένοςς

454 1019 530 1072 Οὐ
556 1016 666 1086 γὰρ
700 1014 828 1082 πρὶν
860 1007 1032 1066 εἶναι’
1078 1010 1199 1063 οὐδὲ
1235 1009 1346 1081 γὰρ
1372 1004 1440 1081 ἦν
1473 1027 1526 1062 τι
1558 1009 1840 1081 πρότερον.
1884 1011 1953 1063 Ἣ
1980 1010 2039 1063 τὸ

457 1108 555 1179 μὲν
589 1105 753 1160 αὑτοῦ
794 1103 1064 1173 θελῆσαν,
1115 1100 1177 1154 τὸ
1204 1099 1261 1154 δὲ
1310 1099 1574 1171 θεληοέῊ
1615 1100 1881 1173 Μεριστδς
1922 1098 2036 1155 οὖν.

456 1200 579 1263 Ilii»;
604 1199 660 1251 δὲ
687 1199 749 1250 οὐ
780 1196 1048 1268 Θελήσεως
1082 1194 1175 1246 καὶ
1203 1186 1377 1257 οὗτος,
1409 1191 1552 1245 κατὰ
1588 1192 1647 1246 σὲ
1666 1232 1681 1257 ,
1713 1193 2031 1265 πρόϐλημας

458 1294 597 1347 Εἰδὲ
625 1291 686 1345 ού
725 1289 929 1350 Θέλων,
970 1286 1023 1338 τί
1064 1285 1124 1337 τὸ
1151 1283 1482 1354 βιασάμενον
1520 1286 1600 1349 εἰς
1627 1285 1687 1338 τὸ
1718 1281 1893 1348 εἷναις
1929 1286 2040 1339 Καὶ

460 1386 575 1449 πῶς
605 1382 768 1446 Θεὸς,
799 1381 848 1432 εἰ
888 1377 1189 1449 βεϐίασται,
1234 1378 1328 1430 καὶ
1367 1374 1542 1430 ταῦτα
1582 1377 1683 1429 οὐκ
1712 1375 1841 1430 ἄλλο
1877 1394 1947 1431 τι,
2004 1376 2038 1447 ἢ

461 1477 593 1533 αὐτὸ
628 1474 691 1528 τὸ
724 1468 863 1526 εἶναι
896 1470 1057 1535 Θεός;
1088 1469 1211 1533 Πῶς
1254 1463 1379 1532 οὖν,
1425 1467 1560 1539 φησὶ
1602 1509 1617 1533 ,
1779 1468 2039 1537 γεγέννη-

457 1583 580 1633 rat;
627 1564 749 1627 [ιῶς
797 1562 1073 1624 ἔκτισται,
1113 1558 1270 1630 εἴπερ
1306 1558 1551 1611 ἔκτισται
1591 1557 1733 1611 κατὰ
1786 1559 1879 1623 σέ;
1929 1557 2041 1611 Καὶ

461 1662 569 1732 γὰρ
601 1657 696 1713 καὶ
730 1654 888 1710 τοῦτο
913 1652 1013 1724 τῆς
1042 1652 1210 1722 αὐτῆς
1252 1649 1505 1722 ἀπορίας.
1543 1650 1697 1722 Τάχα
1729 1649 1796 1705 ἂν
1842 1651 2040 1715 εἴποις,

450 1760 533 1811 ὅτι
580 1755 832 1826 βουλήσει
866 1752 964 1805 καὶ
996 1749 1162 1818 λόγῳ.
1200 1747 1343 1800 Ἀλλ’
1385 1747 1538 1802 οὔπω
1582 1746 1765 1815 λέγεις
1817 1747 1878 1798 τὸ
1905 1746 2034 1798 πᾶν.

452 1845 578 1906 Πῶς
638 1842 749 1913 γὰρ
807 1840 972 1909 ἔργου
1044 1836 1277 1906 δύναμιν
1331 1834 1491 1906 ἔσχεν
1545 1837 1579 1906 ή
1625 1833 1882 1906 βούλησις
1940 1832 2037 1886 καὶ

2374 649 2536 705 Visne
2591 650 2642 704 in
2708 650 2922 705 Patrem
2993 665 3205 720 quoque
3268 650 3437 718 ipsum
3497 650 3709 703 cavillis

2138 741 2382 796 nonnihil
2440 742 2664 797 ludam?
2711 742 2789 795 Tu
2847 743 2976 796 mihi
3032 758 3217 796 ansnu;
3298 742 3420 795 talia
3480 742 3708 795 audendi

2139 833 2363 901 prtehi-s.
2404 833 2562 885 Pater
2601 832 2782 901 itaque
2816 835 2897 887 vel
2941 833 3122 886 volens
3169 834 3307 886 Deus
3340 843 3443 894 est,
3488 833 3566 886 vel
3607 850 3704 885 no-

2139 924 2274 978 lens.
2307 925 2383 978 Ac
2416 924 2534 976 vide
2568 942 2672 993 qua
2706 925 2916 978 tandem
2949 926 3157 978 ratione
3182 925 3375 978 scitum
3409 924 3535 977 illud
3561 935 3708 977 tuum

2142 1023 2193 1068 ct
2227 1024 2437 1067 arntum
2471 1026 2846 1080 argumentum
2876 1015 3119 1084 ell'ugics.
3160 1016 3214 1070 Si
3255 1016 3460 1081 volens,
3490 1019 3709 1085 quando

2145 1105 2280 1159 velle
2326 1107 2527 1175 erepit?
2576 1106 2692 1160 Non
2747 1108 2890 1161 enim
2941 1107 3255 1176 priusquam
3305 1119 3473 1161 esset.
3522 1105 3712 1173 Neque

2143 1199 2284 1252 enim
2321 1199 2472 1265 prius
2505 1199 2795 1268 quidquam
2840 1208 2979 1256 erat.
3017 1199 3095 1251 An
3148 1199 3339 1266 partim
3376 1198 3428 1252 iu
3460 1213 3524 1252 eo
3548 1198 3709 1267 quid—

2141 1290 2260 1342 dam
2294 1289 2393 1344 fuit
2421 1292 2562 1357 quod
2595 1291 2781 1355 voluit,
2814 1294 3009 1359 partim
3055 1290 3311 1358 quiddam
3347 1291 3491 1357 quod
3526 1289 3578 1342 in
3613 1304 3711 1341 vn-

2140 1379 2398 1438 luntatem
2430 1382 2668 1437 cecidit?
2701 1382 2994 1437 Divisihlis
3025 1382 3189 1452 igitur
3208 1383 3335 1437 erit.
3363 1382 3501 1448 Quid
3524 1392 3702 1435 autem

2141 1471 2316 1527 afferri
2352 1475 2583 1542 poterit.
2633 1476 2762 1542 quin
2794 1476 2945 1545 iuxta
2993 1485 3139 1528 tuam
3171 1473 3582 1544 argumentandi
3627 1490 3713 1525 ra-

2141 1564 2360 1627 tiouem,
2401 1565 2515 1631 ipse
2559 1580 2773 1634 quoque
2807 1565 3101 1618 voluntatis
3133 1563 3276 1617 fetus
3310 1564 3421 1617 sit?
3473 1563 3625 1629 Quod
3666 1580 3712 1616 st

2143 1653 2355 1719 nolens,
2383 1653 2509 1722 quis
2539 1668 2662 1708 eum
2695 1655 2871 1722 coegit
2922 1661 2979 1707 ut
3008 1653 3195 1708 esset?
3220 1654 3335 1720 Qun
3362 1654 3523 1707 etiam
3557 1656 3714 1707 modo

2145 1739 2311 1805 Deus,
2350 1742 2394 1796 si
2444 1749 2674 1797 coactus
2703 1749 2822 1806 est;
2881 1747 2935 1794 et
2974 1750 3203 1796 coactus
3242 1742 3464 1812 quidem
3517 1761 3624 1798 non
3660 1750 3727 1799 al

2144 1834 2290 1888 aliud
2346 1833 2673 1904 quidquam,
2721 1847 2885 1901 quam
2929 1834 2999 1887 ad
3057 1834 3181 1898 hoc,
3224 1845 3283 1890 ut
3337 1835 3483 1893 Deus
3537 1843 3732 1894 esset?

449 1940 479 1990 ὁ
529 1936 721 2008 λόγοςς
776 1933 899 1986 Ἔτι
961 1929 1211 1983 λείπεται
1288 1928 1494 1998 λέγειν.
1546 1927 1622 1982 Οὐ
1689 1928 1798 1997 γὰρ
1861 1925 2034 1988 οὕτως

2155 1927 2459 1995 Quomodo,
2505 1926 2711 1997 inquis,
2758 1925 2929 1981 Filius
2978 1929 3197 1997 genitus
3260 1932 3384 1985 est?
3429 1931 3625 1986 Verum
3674 1945 3729 1987 tu

450 2028 548 2084 ἄνη
558 2043 760 2098 ρωπος.

2143 2036 2361 2093 quoque
2391 2022 2684 2090 responde,
2715 2023 2994 2089 quomodo
3018 2034 3243 2089 creatus
3271 2026 3397 2080 est?
3430 2028 3730 2097 siquidem,

452 2136 515 2180 ut
542 2126 659 2196 ipse
697 2122 918 2187 asseris,
952 2127 1170 2177 creatus
1195 2127 1300 2174 est.
1339 2114 1478 2173 Nam
1508 2116 1561 2172 id
1587 2129 1806 2187 quoque
1843 2116 2036 2170 eadem
2082 2116 2403 2173 difficultate
2442 2117 2676 2172 laborat.
2713 2117 2869 2172 Dices
2918 2118 3168 2185 fortasse,
3208 2122 3491 2178 voluntate
3519 2134 3574 2179 et
3613 2140 3732 2180 ser-

455 2235 637 2274 moue.
665 2217 735 2272 At
761 2214 1004 2271 nondum
1039 2228 1153 2268 rem
1186 2217 1354 2266 totam
1393 2207 1635 2279 expedis.
1668 2206 1954 2274 Quomodo
1983 2209 2127 2264 enim
2168 2208 2350 2278 operis
2391 2208 2501 2263 vim
2530 2207 2780 2263 voluntas
2813 2218 2867 2263 et
2899 2224 3081 2264 sermo
3105 2211 3399 2269 habuerint
3430 2214 3453 2267 Σο
3481 2214 3597 2272 Hoc
3634 2233 3731 2271 ex-

454 2313 766 2386 plicandum
796 2309 982 2365 adhuc
1017 2307 1114 2362 tibi
1148 2312 1421 2377 superest.
1448 2304 1641 2375 Neque
1671 2303 1818 2359 enim
1850 2302 2018 2358 homo
2052 2304 2127 2360 ita
2153 2304 2473 2362 fabricatur.

663 2398 789 2462 Πῶς
838 2394 932 2452 οὖν
988 2409 1342 2466 γεγεννηται;
1391 2394 1506 2449 Ούκ
1555 2391 1621 2446 ἂν
1654 2388 1722 2465 ἦν
1767 2392 1977 2464 μεγάλη
2022 2394 2056 2465 ή

466 2495 744 2564 γέννησις,
781 2492 830 2543 εἰ
877 2490 960 2543 σοὶ
994 2486 1469 2558 κατελαμϐάνετο,
1518 2485 1578 2549 ὃς
1625 2486 1745 2540 οὐδὲ
1772 2486 1873 2557 τὴν
1924 2486 2058 2540 ἰδίαν

464 2587 663 2658 ἐπίστῃ
690 2584 966 2652 γέννησιν,
997 2579 1031 2651 ἢ
1063 2577 1258 2650 μικρόν
1276 2595 1331 2631 τι
1351 2576 1553 2649 ταύτης
1583 2577 1936 2649 κατείληφας,
1963 2578 2059 2633 καὶ

464 2680 587 2730 ὅσον
623 2673 856 2745 αἰσχύνῃ
890 2672 1104 2741 λέγειν’
1140 2670 1332 2723 ἔπειτα
1363 2670 1465 2722 οῐει
1501 2668 1564 2722 τὸ
1594 2669 1704 2723 πᾶν
1737 2668 2053 2738 γινώσκειν;

469 2767 647 2822 Πολλὰ
686 2764 751 2819 ἂν
786 2764 984 2836 κάμοις
1024 2761 1308 2834 πρότερον,
1336 2760 1372 2832 ἢ
1400 2758 1582 2832 εὕροις
1608 2759 1798 2836 λόγους
1833 2761 2057 2831 συμπή-

470 2858 606 2923 ξεως
624 2900 639 2924 ,
669 2854 1026 2928 μορφώσεως,
1042 2871 1176 2925 (pays
1186 2851 1423 2925 ρώσεως,
1440 2851 1615 2922 ψυχῆς
1640 2835 1781 2922 πρὸς
1793 2850 1952 2921 σῶμα
1968 2850 2058 2904 δε-

470 2948 626 3019 σμὸν,
643 2946 735 3001 νοῦ
754 2946 889 3019 πρὸς
908 2944 1109 3015 ψυχὴν,
1130 2944 1289 3013 λόγου
1312 2941 1449 3014 πρὸς
1474 2940 1621 3007 νοῦν,
1637 2942 1871 3013 κίνησιν,
1889 2940 2061 3014 αὔξη-

470 3058 574 3102 σιν,
595 3040 801 3111 τροφῆς
813 3036 1153 3108 ἐξομοίωσιν,
1173 3035 1445 3106 αἴσθησιν,
1466 3035 1707 3106 μνήμην,
1726 3033 2057 3105 ἀνάμνησιν,

460 3132 631 3187 τᾶλλα
661 3131 720 3198 ἐξ
741 3124 818 3184 ὧν
844 3127 1203 3198 συνέστηκας·
1231 3126 1326 3180 καὶ
1349 3126 1471 3179 τίνα
1489 3126 1586 3197 μὲν
1608 3125 1704 3180 τοῦ
1729 3124 2061 3196 συναμφοτὲ-

467 3238 583 3296 ρου,
610 3222 810 3293 ψυχῆς,
826 3221 922 3274 καὶ
940 3219 1213 3291 σώματος·
1230 3217 1354 3272 τίνα
1368 3216 1425 3271 δὲ
1443 3218 1510 3271 τὰ
1529 3219 2061 3290 μεμερισμένα,τίνα

2405 2399 2686 2467 Quomodo
2709 2415 2866 2472 ergo,
2897 2400 3132 2470 inquies,
3173 2401 3390 2471 genitus
3417 2402 3544 2458 est?
3575 2401 3690 2457 llau
3712 2402 3747 2457 l‘

2159 2504 2352 2560 magna
2382 2499 2530 2546 esset
2556 2492 2671 2546 haec
2704 2492 3021 2562 generatio,
3051 2493 3094 2546 si
3123 2508 3151 2545 a
3184 2503 3237 2546 te
3265 2494 3470 2562 percipi
3513 2504 3696 2563 posset
3718 2533 3735 2556 ,

2159 2583 2353 2651 quippe
2394 2582 2484 2649 qui
2526 2595 2594 2636 ne
2636 2591 2783 2636 tuam
2834 2583 3054 2652 quidem
3099 2584 3271 2648 noris,
3313 2592 3407 2638 aut
3449 2594 3600 2639 certe
3624 2585 3740 2639 exi-

2157 2688 2315 2743 guam
2350 2674 2642 2743 quamdam
2674 2683 2881 2744 partem
2917 2675 3205 2746 percepisti
3235 2716 3251 2744 ,
3282 2686 3656 2746 quantumque
3686 2688 3742 2732 te

2157 2759 2337 2814 dicere
2370 2761 2587 2830 pudeat.
2629 2761 2698 2816 Et
2728 2772 2915 2832 postea
2953 2778 3073 2817 eam
3113 2764 3272 2833 plene
3319 2764 3418 2819 tibi
3458 2765 3736 2834 cognitam

2154 2864 2278 2908 esse
2306 2854 2535 2909 censes?
2558 2854 2788 2924 Magnus
2815 2855 2910 2911 tibi
2940 2856 3094 2912 labor
3120 2857 3273 2926 prius
3295 2857 3606 2912 subeundus
3628 2867 3732 2918 est,

2156 2957 2318 3013 quam
2347 2953 2405 3001 ut
2432 2946 2673 3002 rationes
2700 2960 2796 3002 eas
2823 2947 3072 3002 invenias
3092 2984 3108 3012 ,
3139 2946 3338 3017 quibus
3363 2947 3693 3002 constitutus
3718 2987 3732 3007 .

2156 3035 2457 3104 formatus,
2509 3054 2575 3094 ac
2628 3037 3011 3097 manifestatus
3058 3039 3272 3105 fueris,
3318 3040 3517 3109 quibus
3566 3040 3732 3094 etiam

2157 3129 2335 3182 anima
2367 3143 2491 3183 cum
2523 3142 2753 3201 corpore
2774 3170 2792 3198 ,
2834 3145 2987 3186 mens
3016 3146 3138 3185 cum
3169 3132 3347 3186 anima
3374 3170 3392 3198 ,
3435 3130 3576 3185 ratio
3607 3145 3732 3185 eum

2156 3231 2335 3277 nitente
2372 3223 2533 3293 quasi
2576 3223 2802 3277 vinculis
2833 3222 3156 3294 quibusdam
3204 3223 3583 3292 astringatur:
3622 3230 3734 3274 tum

462 3315 519 3368 δὲ
534 3315 570 3369 ἃ
591 3332 666 3368 πα
676 3313 723 3384 ρ’
749 3312 998 3382 ἀλλήλων
1011 3309 1400 3381 λαμϐάνουσιν.
1418 3304 1519 3362 Ὧν
1541 3310 1652 3382 γὰρ
1674 3308 1800 3362 ὓστε
1810 3326 1903 3381 ρον
1921 3310 1955 3380 ὴ
1974 3326 2055 3362 τε·

2155 3313 2423 3382 quomodo
2453 3327 2652 3383 corpus
2682 3326 2989 3381 moveatur,
3018 3324 3073 3369 et
3106 3323 3389 3386 augeatur,
3427 3324 3591 3383 atque
3625 3314 3729 3366 ali-

464 3406 702 3470 λείωσις,
722 3403 926 3457 τούτων
948 3404 997 3455 οἱ
1017 3401 1165 3470 λύγοι
1191 3399 1330 3471 μετὰ
1350 3400 1450 3471 τῆς
1472 3402 1800 3472 γεννήσεως.
1831 3400 1963 3454 Εἰπὲ
1983 3399 2064 3453 τί·

466 3515 577 3562 νες·
612 3496 704 3551 καὶ
739 3495 877 3567 μηδὲ
912 3495 1032 3548 τότε
1070 3493 1437 3564 φιλοσοφήσῃς
1617 3491 1753 3561 Θεοῦ
1787 3492 2059 3563 γέννησινο

466 3589 528 3640 ού
541 3586 649 3657 γὰρ
675 3584 933 3653 ἀσφαλές.
954 3584 1017 3637 Εἰ
1043 3581 1142 3653 μὲν
1156 3581 1265 3652 γὰρ
1280 3580 1378 3652 τὴν
1403 3580 1501 3652 σὴν
1516 3581 1829 3650 γινώσκεις,
1846 3581 1906 3634 ού
1930 3580 2066 3634 πάν-

467 3695 573 3742 τως
606 3677 700 3729 καὶ
733 3680 831 3747 τὴν
862 3675 955 3729 τοῦ
985 3673 1120 3728 Θεοῦ
1142 3689 1154 3700 ·
1190 3675 1240 3726 εἰ
1266 3672 1323 3725 δὲ
1368 3672 1502 3744 μηδὲ
1528 3672 1629 3745 τὴν
1659 3672 1786 3745 σὴν,
1820 3671 1935 3735 πῶς
1964 3670 2065 3742 τὴν

466 3769 561 3822 τοῦ
591 3767 768 3833 Θεοῦ;
804 3768 953 3838 Ὂσῳ
979 3766 1087 3838 γὰρ
1122 3764 1254 3829 Θεὸς
1287 3763 1577 3835 ἀνθρώπου
1601 3763 2067 3835 δυστεκμαρτότε-

473 3878 563 3931 ρος
607 3898 623 3922 ,
781 3859 1023 3930 τοσούτῳ
1072 3858 1167 3912 καὶ
1203 3856 1304 3926 τῆς
1346 3856 1445 3927 σῆς
1484 3857 1794 3927 γεννήσεως
1826 3855 2068 3927 ἀλήπτο-

468 3951 603 4022 τέρα
633 3953 663 4021 ή
697 3949 810 4005 ἄνω
839 3943 1115 4019 γέννησις.
1151 3947 1216 4001 Et
1245 3946 1302 4000 δὲ
1326 3946 1410 3999 ὅτι
1439 3946 1512 4016 μή
1559 3961 1644 3998 σοι
1682 3944 2061 4014 κατείληπται,

470 4041 560 4096 διὰ
585 4041 747 4095 τοῦτο
774 4041 897 4095 οὐδὲ
925 4039 1250 4110 γεγέννηται
1304 4078 1319 4098 ,
1400 4087 1410 4096 ,
1465 4036 1584 4108 ὥρα
1616 4053 1700 4090 σοι
1742 4034 1916 4091 πολλὰ
1947 4034 2066 4088 δια-

471 4138 705 4208 γράφειν
736 4133 844 4187 τῶν
876 4133 1068 4198 ὄντων,
1112 4130 1149 4186 ὃ.
1195 4131 1271 4202 μὴ
1311 4129 1671 4201 κατείληφας,
1724 4128 1820 4183 καὶ
1865 4127 1970 4199 πρό
2001 4143 2066 4193 γε

475 4230 695 4283 πάντων
876 4227 966 4280 τὸν
995 4225 1128 4281 Θεὸν
1158 4226 1352 4280 αὐτόν’
1385 4226 1447 4278 οὐ
1488 4224 1596 4297 γὰρ
1779 4223 1809 4276 ὃ
1829 4222 1885 4275 τί
1935 4219 2067 4275 ποτέ

474 4320 620 4372 ἐστιν
672 4320 844 4371 εἰπεῖν
868 4316 1035 4387 ἔχεις,
1078 4316 1175 4370 καὶ
1218 4317 1267 4368 εἰ
1306 4316 1426 4370 λίαν
1458 4314 1727 4387 τολμηρὸς
1773 4308 1844 4375 εὶ,
1877 4310 1970 4364 καὶ
1998 4310 2068 4363 τὰ

479 4407 707 4478 περιττὰ
755 4405 1155 4477 μεγαλόψυχος.
1207 4404 1498 4459 Κατάϐα).έ
1546 4420 1640 4456 σου
1685 4402 1784 4466 τὰς
1832 4400 2065 4473 ρεύσεις,

477 4500 572 4553 καὶ
607 4498 707 4562 τὰς
750 4497 1083 4569 διαιρέσεις,
1119 4496 1343 4559 καὶτὰς
1368 4494 1562 4565 τομὰς,
1599 4492 1695 4546 καὶ
1731 4491 1792 4545 τὸ
1822 4490 1897 4555 ὡς
1940 4490 2070 4560 περὶ

2158 3410 2397 3457 mentum
2439 3403 2538 3474 ipsi
2567 3404 2938 3459 assimiletur:
2970 3405 3036 3458 ad
3071 3405 3187 3460 haec
3226 3419 3348 3475 quae
3375 3404 3447 3459 sit
3475 3416 3737 3458 sensuum

2155 3499 2297 3554 ratio
2321 3538 2336 3560 ,
2364 3513 2483 3569 qua:
2517 3498 2790 3555 memorie
2813 3538 2829 3561 ,
2860 3515 2980 3572 quae
3024 3499 3441 3555 reminiscentize
3464 3540 3480 3565 ,
3524 3513 3739 3553 rerumo‘

2157 3604 2263 3661 que
2314 3599 2668 3655 tta-terarum,
2755 3605 2820 3644 ex
2882 3591 3078 3659 quibus
3129 3600 3350 3644 constas
3402 3606 3415 3642 :
3478 3586 3543 3643 a'c
3600 3604 3739 3658 prae-

2159 3690 2303 3736 terea
2337 3697 2456 3751 quae
2499 3679 2828 3747 coniunctim
2882 3680 3169 3749 utriusque
3211 3679 3383 3750 partis
3426 3680 3574 3746 sint,
3617 3693 3742 3746 quae

2158 3772 2328 3827 divisa
2362 3779 2419 3827 et
2450 3779 2697 3840 separata
2720 3811 2734 3831 .
2763 3785 2885 3841 qua:
2923 3783 3113 3824 rursus
3144 3784 3173 3823 a
3215 3783 3273 3824 se
3304 3769 3548 3849 invicem
3594 3770 3742 3823 acci—

2159 3863 2327 3931 piant.
2358 3861 2490 3929 Quae
2533 3862 2677 3918 enim
2728 3859 2985 3928 temporis
3019 3873 3305 3931 progressu
3345 3858 3738 3929 perfectionem

2160 3972 2313 4013 suam
2371 3965 2799 4025 consequuntur,
2861 3968 3048 4009 eorum
3107 3961 3258 4007 certe
3311 3951 3551 4007 rationes
3610 3950 3757 4020 ipsie-

2160 4046 2317 4105 siutul
2348 4061 2470 4101 cum
2514 4045 2860 4117 generatione
2893 4044 3243 4099 exstiterunt.
3299 4042 3490 4107 Dicas,
3540 4041 3735 4107 velim,

2159 4155 2280 4212 qua:
2312 4139 2423 4194 sint
2452 4138 2537 4193 ita:
2577 4138 2853 4202 rationes;
2908 4137 3001 4191 sed
3040 4152 3107 4190 ne
3148 4146 3258 4188 tum
3290 4135 3507 4204 quidem
3544 4134 3611 4190 de
3645 4135 3742 4191 Dei

2160 4232 2510 4304 generatione
2540 4239 2837 4300 pertracta.
2872 4226 2984 4282 Nec
3017 4230 3160 4282 enim
3191 4227 3241 4281 id
3285 4227 3529 4297 periculo
3564 4236 3738 4282 vacat.

2163 4322 2218 4378 Si
2246 4323 2388 4377 enim
2417 4331 2564 4374 tuam
2587 4318 2892 4388 cognoscis,
2925 4331 3029 4371 non
3059 4315 3305 4386 protinus
3339 4314 3611 4383 sequitur,
3645 4313 3737 4365 Dei

2162 4429 2377 4486 quoque
2414 4410 2817 4482 generationem
2859 4408 2953 4462 tibi
2990 4407 3260 4477 cognitam
3309 4415 3360 4460 et
3402 4405 3742 4475 exploratam

2163 4519 2305 4561 esse.
2357 4502 2412 4558 Si
2447 4510 2627 4557 autem
2682 4509 2770 4554 tua
2823 4498 2918 4554 tibi
2971 4499 3153 4566 ignota
3202 4507 3327 4562 est,
3373 4513 3482 4566 quo
3536 4498 3747 4551 tandem

480 4590 730 4660 σώματος
784 4588 1119 4643 διανοεῖσθαι
1174 4591 1275 4659 τῆς
1324 4586 1620 4658 ἀσωμάτου
1674 4585 1917 4656 φύσεωςο
1976 4584 2055 4637 καῖ

2164 4599 2324 4654 modo
2365 4597 2458 4651 Dei
2507 4595 2789 4665 generatio
2821 4593 2916 4648 tihi
2969 4600 3095 4647 uota
3145 4589 3295 4645 erit?
3346 4589 3561 4656 Quanto
3605 4590 3749 4643 enim

477 4683 618 4751 τάχα
650 4680 718 4735 ἂν
753 4680 904 4745 ἄξιόν
936 4698 990 4733 τι
1032 4680 1381 4750 διανοηθειης
1416 4678 1551 4733 Θεοῦ
1741 4676 2067 4746 γεννήσεως.

477 4772 600 4836 Πῶς
652 4772 1020 4842 γεγέννηται;
1076 4771 1245 4825 Πάλιν
1295 4770 1404 4842 γὰρ
1454 4770 1515 4823 τὸ
1581 4768 1712 4824 αὐτὸ
1766 4766 2070 4837 φθέγξομαι

478 4864 878 4935 δυσχεραίνων⁸
920 4861 1058 4916 Θεοῦ
1098 4863 1354 4934 γέννησις
1399 4862 1577 4932 σιωπῇ
1613 4858 1884 4930 τιμάσθω.
1913 4856 2072 4921 Μέγα

476 4974 557 5010 σοι
583 4957 645 5009 τὸ
679 4956 889 5027 μαθεῖν.
921 4957 1002 5009 ὅτι
1028 4954 1371 5026 γεγέννηται.
1405 4954 1478 5007 Τὸ
1502 4954 1559 5007 δὲ
1595 4952 1730 5017 πῶς,
1754 4951 1875 5005 οὐδὲ
1903 4949 2071 5018 ἀγγέ-

477 5041 614 5112 λοις,
674 5047 750 5118 μὴ
799 5048 883 5100 ὃτι
925 5062 990 5115 γε
1054 5045 1138 5099 σοὶ
1199 5046 1402 5101 ἐννοεῖν
1612 5043 2067 5115 συγχωρήσωμεν.

474 5138 666 5192 Βούλει
725 5138 1066 5210 παραστήσω
1099 5137 1161 5191 τὸ
1211 5136 1358 5202 πῶς;
1415 5136 1505 5199 Ὠς
1542 5130 1684 5189 οἶδεν
1733 5135 1762 5187 ὁ
1802 5124 2073 5205 γεννήσας

480 5228 696 5301 Πατὴρ,
750 5231 847 5284 καὶ
890 5229 918 5282 ὁ
956 5228 1241 5300 γεννηθεὶς
1281 5226 1442 5290 Υἱός·
1489 5225 1548 5279 τὸ
1597 5225 1655 5279 δὲ
1702 5224 1843 5295 ὑπὲρ
1874 5222 2069 5287 ταῦτα,

483 5321 638 5391 νέφει
671 5321 997 5392 κρύπτεται,
1027 5322 1126 5392 τὴν
1163 5320 1262 5392 σὴν
1295 5318 1585 5388 διαφεῦγον
1620 5315 2000 5388 ἀμϐλυωπίαν.

2164 4689 2433 4746 ditllcilius
2453 4700 2539 4746 est
2571 4688 2665 4745 Dei
2695 4697 2966 4752 naturam,
2997 4700 3158 4753 quam
3188 4683 3444 4744 hominis,
3474 4681 3746 4750 indagare,

2167 4793 2319 4837 tanto
2349 4796 2565 4852 quoque
2614 4778 2886 4835 difﬁcilius
2915 4776 3118 4847 percipi
3166 4782 3347 4844 potest
3375 4786 3612 4841 superna
3660 4772 3749 4824 illa

2173 4884 2228 4927 et
2261 4873 2440 4927 divina
2470 4872 2769 4944 generatio,
2810 4884 2973 4940 quam
3006 4877 3116 4921 tua.
3153 4864 3309 4933 Quod
3342 4864 3426 4930 si,
3466 4864 3593 4931 quia
3623 4876 3744 4916 eam

2169 4966 2476 5036 cognitione
2503 4964 2714 5033 assequi
2763 4962 2978 5031 nequis,
3013 4960 3216 5015 idcirco
3251 4971 3319 5012 ne
3349 4957 3589 5027 genitum
3622 4955 3748 5024 qui-

2168 5056 2290 5111 dem
2325 5070 2448 5111 esse
2473 5055 2780 5117 contendis,
2814 5064 3025 5121 tempus
3048 5051 3159 5118 jam
3188 5050 3280 5104 tibi
3320 5048 3505 5114 fuerit,
3537 5046 3703 5099 multa
3729 5084 3746 5109 ,

2168 5163 2288 5219 qua:
2317 5158 2371 5200 tu
2403 5146 2625 5199 minime
2650 5141 2959 5213 percepisti,
2999 5150 3162 5209 atque
3201 5146 3328 5193 ante
3354 5135 3538 5191 omnia
3576 5134 3745 5187 Detnu

2169 5253 2387 5311 quoque
2418 5239 2614 5307 ipsum,
2664 5250 2696 5292 e
2737 5248 2916 5289 rerum
2958 5241 3151 5286 natura
3203 5228 3382 5284 delere
3416 5237 3582 5296 atque
3614 5222 3752 5279 obli-

2173 5342 2371 5388 terare.
2422 5329 2608 5399 Neque
2643 5326 2828 5391 enim,
2874 5323 3005 5394 quid
3047 5320 3265 5375 tandem
3316 5320 3421 5380 sit,
3470 5314 3753 5399 explicare

481 5428 657 5487 potes,
689 5414 987 5487 quamlibet
1017 5413 1193 5470 audax
1228 5411 1327 5476 sis,
1360 5408 1607 5480 atque-in
1644 5405 2062 5476 supervacaneis
2104 5406 2264 5462 rebus
2310 5396 2566 5462 strenuus
2607 5416 2662 5462 et
2729 5406 3125 5474 magnanimus.
3184 5401 3329 5456 Tuas
3375 5400 3496 5455 illas
3563 5396 3758 5453 fluxio-

481 5528 600 5574 nes,
637 5519 690 5567 et
723 5509 1048 5570 divisiones.
1084 5514 1141 5561 et
1184 5502 1451 5559 sectiones
1485 5501 1632 5570 prius
1666 5497 1856 5566 abjice,
1890 5514 1953 5554 ac
1987 5499 2052 5553 de
2088 5498 2408 5568 incorporea
2438 5499 2526 5553 illa
2556 5508 2774 5562 natura,
2804 5498 2959 5566 quasi
3022 5494 3090 5549 de
3119 5506 3403 5562 corporea,
3468 5489 3757 5560 disputare

483 5606 703 5669 desine;
742 5613 907 5673 atque
939 5602 1011 5655 ita
1048 5599 1280 5655 fortasse
1311 5597 1529 5667 dignum
1583 5594 1782 5663 aliquid
1820 5595 2165 5662 generatione
2210 5594 2394 5649 divina
2466 5594 2753 5664 concipere
2821 5593 3004 5645 animo
3050 5603 3239 5660 queas.
3309 5586 3590 5653 Quomodo
3658 5600 3754 5656 ge-

487 5701 636 5759 nitus
674 5697 795 5753 est?
843 5697 989 5759 ldctu
1051 5694 1194 5751 enim
1232 5691 1665 5762 indignabundus
1731 5699 1933 5759 repeto.

2184 5690 2276 5746 Dei
2327 5689 2603 5763 generatio
2657 5688 2858 5744 silentii
2909 5687 3115 5743 honore
3168 5686 3473 5741 decoretur.
3529 5682 3758 5739 Abunde
