4094 6204
302 186 403 247 563

1537 184 1921 248 ΕΗἸἮῩΜΙΙ
1960 182 2325 246 ZIGABENI

3463 174 3565 238 561

305 318 562 368 ιιιιικιιιιιιι
600 304 693 359 tibi
721 314 803 359 est
837 306 1001 370 scire,
1034 319 1153 360 eum
1182 303 1424 371 genitum
1461 317 1605 358 esse.
1636 302 1756 369 Qus
1786 310 1971 356 autem
2010 302 2173 357 modo
2202 300 2417 370 genitus
2452 298 2542 364 sit,
2588 311 2656 352 ne
2683 296 2817 367 ipsis
2841 295 3058 365 quidem
3088 294 3319 364 angelis,
3358 296 3562 350 nedum

304 399 396 452 tibi
432 398 731 469 intelligere
758 399 1142 455 concesserim.
1191 398 1280 451 Vis
1320 397 1587 453 declarent
1629 395 1948 466 quomodo?
1984 395 2053 451 Ut
2090 398 2193 453 scit
2223 398 2403 461 Pater,
2424 395 2515 466 qui
2555 394 2761 465 genuit,
2795 402 2850 448 et
2882 392 3051 447 Filius
3083 392 3176 462 qui
3209 394 3431 461 genitus
3453 402 3559 447 est.

300 492 455 558 Quod
491 507 654 560 supra
691 494 803 547 ha'c
836 500 938 558 est,
965 494 1105 546 nube
1144 493 1439 560 obtegitur,
1475 492 1751 560 animique
1785 493 1859 544 tui
1894 492 2280 546 bebetudinem
2346 492 2507 561 fugit.

376 588 482 640 Sed
518 590 756 657 argutari
789 596 1042 655 pergunt.
1082 586 1469 648 Exsistentem,
1510 588 1593 641 vel
1630 602 1735 640 non
1784 604 1877 640 ex-
1915 589 1957 639 A

302 680 585 735 sistentem
620 680 806 749 genuit
837 678 1018 731 Pater.
1050 678 1094 732 Ο
1124 681 1303 734 lutiles
1332 683 1536 752 ntigasl
1569 681 1693 734 lizec
1736 680 1879 733 enim

307 771 439 824 mihi
484 785 546 824 ac
590 769 682 822 tibi
716 768 1068 831 conveniunt,
1119 770 1211 838 qui
1270 772 1464 837 partim
1531 785 1770 835 eramus,
1827 779 1883 822 ut

303 860 435 917 Levi
494 863 601 928 ille,
638 862 689 915 in
734 860 932 915 lumbis
994 861 1228 917 Abrahae
1260 863 1301 928 ‘,
1352 864 1548 932 partim
1608 864 1883 932 procreati

305 964 528 1010 sumus;
566 962 630 1001 ac
676 948 904 1017 proinde
935 948 1131 1017 partim
1176 965 1239 1001 ex
1287 949 1524 1007 entibus.
1570 948 1763 1016 partim
1810 963 1874 1001 ex

301 1053 404 1089 non
439 1038 659 1091 entibtts
698 1052 881 1089 sumus
914 1056 926 1090 :
958 1050 1149 1091 contra
1182 1054 1341 1105 quam
1373 1038 1424 1090 in
1460 1038 1753 1106 primigena
1788 1037 1877 1089 illa

303 1130 526 1181 nzateria
561 1128 776 1190 accidit,
805 1143 924 1195 quas
960 1128 1104 1182 haud
1134 1130 1297 1183 dubie
1340 1146 1405 1184 ex
1459 1144 1562 1182 non
1590 1136 1715 1183 ente
1751 1144 1876 1197 pro-

296 1228 478 1273 creata
535 1230 651 1284 est,
700 1230 972 1289 utcunque
1005 1236 1124 1275 eam
1174 1221 1411 1275 nonnulli
1455 1231 1711 1275 aeternam
1755 1233 1875 1273 esse

297 1311 623 1381 contingant.
649 1316 717 1365 At
751 1314 834 1365 ltic
867 1315 1140 1381 generatio
1171 1328 1291 1367 cum
1326 1312 1559 1366 essentia
1596 1312 1708 1380 ipsa
1741 1325 1874 1365 con-

297 1403 487 1465 currit,
516 1411 679 1473 atque
711 1419 738 1457 a
776 1404 1045 1473 principio
1076 1404 1306 1459 exstitit.
1348 1401 1445 1455 Ubi
1500 1416 1631 1470 ergo
1672 1416 1873 1469 anceps

296 1490 431 1543 illud
467 1500 637 1554 tuum,
692 1501 853 1560 atque
906 1488 1157 1561 utrinque
1208 1506 1446 1560 praeceps
1495 1502 1871 1558 argumentum

296 1580 499 1646 pones?
533 1579 672 1645 Quid
710 1583 852 1633 enim
888 1596 974 1642 eo,
1006 1581 1149 1648 quod
1183 1597 1209 1631 ιι
1256 1579 1521 1649 principio
1561 1588 1697 1641 erat,
1730 1580 1872 1632 anti-

295 1670 455 1736 quius
497 1685 619 1724 esse
658 1681 857 1739 potest,
910 1680 967 1723 ut
1008 1672 1115 1725 illic
1153 1681 1366 1740 tempus
1400 1671 1748 1730 collocemus,
1789 1671 1871 1723 vel

294 1774 402 1827 quo
446 1771 560 1813 erat
617 1760 803 1824 Filius,
845 1763 929 1815 vel
961 1776 1065 1829 quo
1111 1777 1213 1815 non
1246 1762 1398 1816 erat?
1445 1761 1682 1830 Utroque
1725 1762 1868 1814 enim

2060 586 2233 641 Ὀντα
2277 582 2379 641 οὖν
2414 586 2766 654 γεγέννηκεν,
2808 586 2840 655 ἢ
2888 586 2987 636 οὐκ
3032 582 3180 636 ὄντα.
3226 582 3351 635 Τῶν
3393 583 3564 655 ληρη.

1989 681 2209 747 μάτωνί
2250 680 2385 746 Περὶ
2416 681 2513 746 ἐμὲ
2544 682 2638 732 καὶ
2672 679 2729 731 σὲ
2758 678 2958 739 ταῦτα,
2989 676 3040 730 οἳ
3069 677 3129 729 τὸ
3167 678 3267 745 μέν
3311 695 3363 729 τι
3395 672 3562 748 ἦμεν,

1988 770 2178 840 ῶσπερ
2201 773 2257 822 ἐν
2286 773 2349 840 τῇ
2376 770 2539 838 ὀσφύϊ
2561 770 2653 822 τοῦ
2687 770 2966 837 Ἀϐραὰμ,
2992 768 3020 820 ό
3044 769 3176 821 Λευῖ
3200 784 3214 798 ·
3241 769 3301 821 τὸ
3325 769 3568 851 δὲιγεγὸ-

1988 880 2183 931 ναμεν.
2205 863 2368 916 Ὥστε
2392 861 2452 926 ἐξ
2473 861 2663 923 ὄντων,
2689 859 2891 929 τρόπον
2913 860 3032 913 τινὰ
3064 859 3123 911 τὺ
3146 860 3439 931 ἡμέτερον,
3467 862 3565 915 καὶΙ

1978 938 2080 988 οὐκ
2114 938 2313 991 ὄντων·
2352 941 2607 1001 ἐναντίως
2642 940 2769 1009 περὶ
2806 941 2903 1010 τὴν
2932 944 3225 1013 ἀρχέγονον
3258 946 3390 1016 ῦλην
3430 949 3567 1000 ὑπο-

1983 1030 2185 1081 στᾶσαν
2216 1029 2399 1098 σαφῶς
2442 1031 2499 1097 ἐξ
2524 1032 2622 1084 ούκ
2646 1033 2835 1093 ὄντων,
2868 1032 2969 1086 κᾶν
3006 1052 3148 1098 τινες
3332 1038 3562 1111 ἀγέννη-

1979 1134 2069 1169 τον
2248 1119 2679 1176 ἀναπλάττωσιν.
2748 1122 3011 1175 Ἐνταῦθα
3053 1124 3108 1177 δὲ
3152 1126 3449 1199 σύνδρομον
3481 1130 3561 1202 τῷ

1980 1205 2118 1262 εἶναι
2143 1209 2202 1261 τὸ
2233 1212 2591 1282 γεγεννῆσθαι
2620 1249 2637 1275 ,
2782 1214 2877 1267 καὶ
2907 1215 3001 1267 ἀπ’
3033 1217 3226 1287 ἀρχῆς.
3259 1220 3421 1273 Ὥστε
3453 1225 3558 1279 ποῦ

1980 1300 2165 1371 θήσεις
2340 1302 2399 1355 τὸ
2430 1303 2816 1374 ἀμφίκρημνον
2839 1306 2997 1359 τοῦτο
3025 1308 3317 1380 ὲρώτημα;
3356 1312 3421 1365 Τί
3449 1315 3560 1388 γάρ

1980 1393 2068 1446 τοῦ
2096 1395 2189 1447 ἀπ’
2220 1395 2395 1464 ἀρχῆς
2421 1394 2805 1466 πρεσϐύτερον,
2856 1397 2923 1449 ἵν’
2952 1398 3069 1451 ἐκεῖ
3097 1400 3280 1470 Θῶμεν
3323 1402 3382 1455 τὸ
3420 1399 3562 1460 εἶναί

1979 1501 2108 1537 ποτε
2137 1484 2230 1537 τοῦ
2260 1485 2410 1551 Υίοῦ,
2448 1486 2480 1557 ἢ
2510 1485 2569 1538 τὸ
2616 1487 2689 1558 μὴ
2724 1484 2861 1541 εἶναι
2887 1506 2901 1555 ;
2948 1492 3294 1565 Ἀμφοτέρως
3336 1495 3446 1566 γὰρ
3477 1498 3559 1561 τὸ,

1976 1573 2078 1626 ἀπ’
2106 1572 2316 1642 ἀρχῆς,
2350 1574 2641 1646 λυθήσεται
2661 1594 2674 1607 ’
2703 1580 2751 1631 εἰ
2780 1580 2853 1649 μή
2890 1597 2969 1632 σοι
2989 1581 3082 1633 καὶ
3105 1584 3131 1635 ὁ
3162 1585 3371 1656 Πατὴρ,
3397 1589 3560 1641 πάλιν

1976 1665 2301 1735 ἐρωτώντων
2329 1667 2504 1737 ήμῶν,
2542 1668 2600 1732 ἐξ
2635 1668 2823 1732 ὄντων,
2859 1671 2891 1741 ἢ
2922 1671 2982 1736 ἐξ
3010 1675 3108 1725 οὐκ
3142 1673 3331 1739 ὅντων,
3375 1679 3559 1731 κινδυ-

1975 1756 2267 1828 νεύσειενῆ
2297 1758 2377 1821 δὶς
2410 1756 2569 1823 εἶναι,
2606 1760 2633 1812 ὃ
2666 1761 2765 1831 μὲν
2787 1761 2990 1833 προὼν,
3024 1764 3051 1816 ὃ
3084 1764 3139 1817 δὲ
3170 1765 3264 1824 ὢν,
3300 1768 3331 1837 ἢ
3362 1770 3560 1823 ταυτὸν

294 1850 455 1903 modo
494 1851 653 1914 illud,
701 1870 733 1904 a
785 1854 1063 1921 principio,
1103 1854 1425 1908 dissolvetur
1452 1863 1507 1907 et
1556 1863 1865 1917 evertetur,

1973 1846 2050 1917 τῷ
2090 1848 2204 1919 Υἰῷ
2245 1850 2458 1915 παθεῖν,
2492 1852 2550 1917 ἐξ
2585 1854 2684 1905 οὐκ
2719 1854 2887 1906 ὄντων
2921 1850 3079 1918 εἶναι,
3112 1856 3201 1909 διά
3236 1858 3303 1911 τά
3339 1860 3406 1913 σά
3450 1862 3560 1914 τῶν

292 1941 397 1995 nisi
431 1939 570 1995 forte
596 1944 687 1996 tibi
713 1959 924 2013 quoque
949 1944 1126 2009 Pater,
1154 1944 1639 2014 percunctantibus
1682 1958 1871 1999 rursus

292 2034 468 2097 nobis,
514 2049 577 2088 ex
626 2036 938 2099 entibusne,
986 2051 1054 2090 an
1093 2052 1155 2091 ex
1213 2053 1319 2091 non
1361 2037 1576 2091 entibus
1630 2036 1735 2101 sit,
1786 2036 1870 2090 bis

289 2138 410 2177 esse
447 2124 802 2192 periclitetur,
836 2126 971 2178 alter
1003 2126 1256 2180 nimirum
1300 2128 1700 2197 praeexsistens,
1734 2127 1870 2181 alter

288 2216 596 2283 essistens;
631 2226 725 2271 aut
754 2229 904 2271 certe
948 2227 1167 2286 propter
1204 2219 1441 2273 ludicras
1476 2231 1596 2273 tuas
1640 2220 1870 2273 interro-

285 2309 554 2375 gationes,
589 2318 750 2378 atque
781 2324 847 2363 ex
897 2326 1061 2364 arena
1097 2318 1442 2365 constructas
1488 2311 1699 2377 domos,
1748 2326 1867 2379 quae

284 2413 355 2453 ne
399 2398 607 2454 levibus
646 2400 861 2468 quidem
896 2402 1068 2456 ventis
1120 2402 1377 2456 resistere
1428 2413 1675 2471 possunt,
1728 2403 1862 2457 idem

284 2490 354 2555 ei,
393 2490 536 2559 quod
583 2490 738 2556 Filio,
779 2491 1029 2559 accidat,
1062 2494 1162 2546 hoc
1211 2502 1325 2556 est,
1358 2508 1424 2547 ex
1462 2509 1567 2546 non
1616 2502 1741 2547 ente
1773 2494 1862 2547 sit.

282 2583 394 2653 ligo
436 2582 655 2651 quidem
699 2593 945 2638 neutrum
979 2584 1170 2637 horum
1200 2584 1451 2648 admitto,
1481 2586 1858 2654 quaestionem-

280 2688 386 2743 que
436 2675 577 2728 hanc
630 2684 774 2727 tuam
828 2675 1177 2729 absurditatis
1228 2675 1491 2739 multum,
1535 2676 1864 2730 dillieultatis

278 2767 417 2821 nihil
452 2766 649 2822 habere
678 2768 786 2821 aio.
815 2768 967 2833 Quod
999 2769 1043 2821 si
1090 2778 1146 2822 tu
1181 2769 1335 2836 juxta
1382 2779 1504 2823 tuas
1552 2769 1862 2823 dialecticas

280 2860 574 2915 sententias
619 2860 669 2913 in
713 2860 864 2913 omni
913 2870 1235 2929 argumento
1280 2863 1597 2915 alterutram
1652 2862 1859 2929 disiun-

278 2949 519 3003 ctionum
564 2964 744 3004 veram
808 2965 931 3005 esse
975 2962 1228 3021 oportere
1273 2953 1586 3015 existimas,
1639 2968 1859 3021 parvam

277 3042 565 3109 quamdam
597 3041 1173 3112 interrogatiunculam
1206 3059 1235 3096 a
1267 3059 1353 3098 me
1386 3045 1593 3112 accipe.
1624 3042 1861 3113 Tempus

278 3140 438 3186 estne
486 3132 539 3186 in
576 3142 836 3199 tempore,
868 3135 1085 3188 annon?
1132 3134 1187 3190 Si
1226 3136 1276 3188 in
1318 3144 1575 3203 tempore,
1608 3150 1716 3203 quo
1745 3146 1861 3188 tan-

275 3221 433 3276 dem?
466 3222 713 3292 Quidque
764 3239 927 3291 supra
971 3224 1073 3279 boc
1106 3226 1439 3279 exsistente?
1476 3226 1551 3279 Ac
1586 3226 1857 3293 quomodo

276 3313 383 3366 hoc
428 3312 785 3367 continente?
825 3314 887 3368 Si
943 3325 1122 3367 autem
1175 3331 1279 3368 non
1332 3315 1383 3366 in
1428 3324 1686 3381 tempore,
1737 3328 1855 3383 qua!

272 3402 388 3458 haec
417 3403 618 3457 eximia
652 3405 940 3471 sapientia,
977 3414 1188 3472 tempus
1238 3406 1495 3473 temporis
1534 3420 1730 3473 expers
1772 3406 1854 3457 in-

272 3496 513 3549 ducere?
559 3498 690 3565 Age,
727 3497 884 3566 hujus
936 3498 1227 3561 sermonis,
1270 3496 1423 3550 Nunc
1456 3513 1548 3566 ego
1605 3500 1851 3561 menh'or,

271 3588 336 3641 da
371 3589 621 3651 alterum.
664 3600 756 3643 aut
787 3591 1048 3643 duntaxat
1082 3606 1263 3642 verum
1299 3605 1443 3650 esse,
1470 3599 1564 3641 aut
1609 3588 1799 3642 falsum
1828 3606 1845 3643 :

269 3698 375 3735 non
423 3688 565 3734 enim
615 3690 905 3750 utrumque
956 3681 1227 3734 dabimus.
1273 3681 1431 3748 Atqui
1486 3680 1633 3735 nullo
1693 3681 1850 3734 tunde

268 3771 372 3828 hoc
420 3772 539 3825 ﬁcri
568 3781 763 3840 potest.
811 3770 902 3823 Vel
941 3771 1080 3823 enim
1117 3772 1389 3825 mentiens
1441 3785 1623 3825 verum
1672 3769 1844 3835 dicet,

266 3865 353 3919 vel
399 3864 689 3918 mentietur
735 3878 923 3917 vermn
984 3863 1191 3916 dicens.
1242 3863 1316 3915 lta
1364 3877 1583 3930 prorsus
1631 3877 1851 3915 necesse

269 3965 373 4011 est.
398 3954 535 4021 Quid
569 3955 732 4022 igitur
759 3954 979 4015 mirum,
1016 3954 1060 4004 si
1096 3952 1545 4020 quemadmodum
1592 3953 1679 4007 hic
1719 3967 1853 4005 cun-

272 4047 441 4099 traria
477 4054 835 4107 concurrunt,
889 4045 959 4097 ita
1005 4044 1169 4097 etiam
1224 4044 1332 4098 illic
1387 4054 1613 4111 utraque
1656 4058 1782 4112 pars
1817 4058 1845 4095 a

272 4153 400 4191 vero
442 4137 677 4199 aberret,
710 4146 869 4204 atque
919 4136 991 4188 ita
1043 4136 1237 4188 scitum
1293 4134 1417 4187 illud
1468 4145 1522 4188 et
1572 4134 1844 4187 eruditum

270 4236 422 4277 tuum
482 4234 857 4292 argumentum
906 4223 1128 4277 stultum
1183 4232 1344 4293 atque
1398 4225 1637 4292 ineptum
1676 4238 1842 4292 appa-

268 4311 423 4366 reat?
451 4312 530 4365 Ac
574 4311 731 4364 velim
801 4312 929 4365 mibi
988 4314 1089 4367 hoc
1136 4314 1298 4367 etiam
1351 4313 1575 4381 muigma
1626 4317 1839 4367 solvas:

267 4402 547 4456 Aderasne
590 4402 683 4454 tibi
729 4418 849 4455 cum
886 4402 1221 4470 gignereris?
1263 4402 1473 4455 Adesne
1503 4406 1665 4456 etiam
1702 4416 1844 4455 nunc

272 4504 416 4557 tibi?
454 4501 534 4555 An
579 4508 828 4552 neutrum
866 4498 1059 4551 borum
1087 4496 1110 4549 ?
1142 4494 1196 4548 Si
1229 4494 1372 4548 enim
1410 4493 1627 4556 aderas,
1663 4499 1718 4545 et
1751 4492 1901 4555 ades,

1975 1939 2344 2011 ἐρωτημάτων
2375 1943 2619 2010 παίγνια,
2650 1945 2743 1997 καὶ
2774 1945 2873 2009 τὰς
2900 1947 2963 1998 ὲκ
2993 1947 3237 2019 ψάμμων
3400 1954 3563 2005 οίκο-

1973 2029 2161 2101 δομάς,
2193 2032 2248 2085 αἳ
2291 2033 2423 2103 μηδὲ
2455 2033 2650 2106 αὔραις
2690 2037 2952 2091 ἵστανται.
2994 2038 3135 2106 Ἐγὼ
3168 2041 3265 2111 μὲν
3309 2038 3403 2096 οὗν
3438 2045 3559 2097 οῦδ·

1974 2122 2161 2195 ἕτερον
2197 2124 2400 2178 τούτων
2433 2126 2679 2197 δέχομαι,
2725 2128 2816 2181 καὶ
2845 2128 2943 2199 τὴν
2995 2130 3262 2202 ἐρὼτησίν
3318 2151 3462 2205 φημι
3498 2135 3562 2191 τὸ

1970 2215 2170 2270 ἄτοπον
2202 2216 2368 2287 ἔχειν,
2413 2219 2533 2288 ούχὶ
2573 2220 2630 2271 τὸ
2660 2220 2862 2291 ἄπορον
2890 2222 2989 2289 τὴν
3018 2222 3345 2293 ἀπάντησιν.
3391 2228 3454 2279 Ei
3498 2227 3557 2281 δὲ

1976 2308 2059 2359 σοὶ
2233 2310 2480 2378 φαίνεται
2538 2312 2833 2379 ἀναγκαῖον
2893 2307 3033 2366 εἶναι
3088 2316 3147 2367 τὸ
3185 2316 3371 2389 ἕτερον
3419 2319 3554 2391 ἀλη-

1971 2398 2149 2454 θεύειν
2173 2402 2264 2454 ἐπὶ
2283 2403 2503 2466 παντὸς,
2541 2404 2681 2456 κατά
2710 2404 2808 2469 τὰς
2843 2406 2941 2469 σὰς
2971 2406 3319 2472 διαλεκτικὰς
3355 2411 3555 2482 ὑπολή-

1969 2491 2113 2561 ψεις,
2155 2492 2302 2559 δέξαι
2355 2494 2454 2565 μού
2494 2513 2546 2548 τι
2592 2496 2787 2568 μικρὸν
2817 2497 3115 2568 ἐρώτημα⁸
3172 2500 3229 2552 ’0
3269 2502 3455 2571 χρόνος
3487 2502 3549 2555 ἐν

1969 2584 2168 2655 χρόνῳ,
2210 2587 2242 2656 ἢ
2273 2588 2372 2640 οὐκ
2417 2588 2473 2640 ὲν
2506 2589 2715 2660 χρόνῳ;
2744 2590 2807 2642 Ei
2857 2590 2955 2660 μὲν
2986 2587 3079 2645 οὖν
3116 2594 3173 2645 ὲν
3219 2594 3405 2663 χρόνῳ,
3436 2592 3541 2646 τίνι

1970 2678 2170 2748 τούτῳ;
2208 2678 2300 2730 καὶ
2320 2679 2372 2731 τί
2390 2680 2539 2751 παρά
2562 2680 2747 2733 τοῦτον
2772 2680 2917 2748 am;
2950 2682 3045 2735 καὶ
3067 2683 3186 2747 πῶς
3210 2684 3540 2755 περιέχοντι;

1972 2768 2033 2819 Ei
2061 2766 2118 2818 δὲ
2152 2768 2251 2819 οὐκ
2271 2769 2327 2819 ὲν
2358 2769 2553 2839 χρόνῳ,
2574 2771 2657 2833 τίς
2685 2772 2716 2841 ἡ
2744 2771 2969 2841 περιττὴ
3001 2774 3180 2840 σοφία,
3215 2774 3400 2843 χρόνον
3433 2778 3546 2828 εἱσ-

1969 2859 2122 2925 άγειν
2160 2859 2413 2929 ἄχρονον;
2450 2860 2555 2912 Τοῦ
2600 2861 2677 2924 δὲ,
2711 2862 2842 2916 Νῦν
2876 2863 2991 2933 ἐγὼ
3028 2865 3344 2933 ψεύδομαι,
3373 2867 3460 2930 δὸς
3490 2869 3552 2921 τὴ

1967 2947 2176 3018 ἕτερον,
2220 2950 2252 3021 ἦ
2302 2950 2658 3021 ἀληθεύεσθαι
2838 2954 3016 3024 μόνον,
3062 2956 3093 3026 ἢ
3137 2956 3460 3026 ψεύδεσθαν
3488 2959 3553 3012 οὐ

1969 3038 2077 3111 γὰρ
2106 3041 2388 3112 ἀμφότερα
2418 3041 2681 3113 δώσομεν.
2724 3044 2862 3097 Ἀλλ’
2888 3046 2986 3097 οὐκ
3012 3045 3304 3115 ἐνδέχεται.
3344 3049 3413 3100 Ἦ
3443 3047 3553 3121 γὰρ

1969 3125 2295 3197 ψευδόμενος
2336 3129 2643 3200 ἀληθεύσει,
2690 3132 2720 3202 ἢ
2759 3133 3035 3204 ἀληθεύων
3078 3134 3373 3204 ψεύσεταιο
3402 3140 3553 3191 πᾶσα

1969 3218 2201 3289 ἀνάγκη.
2238 3221 2302 3273 Τί
2346 3217 2438 3275 οὖν
2468 3221 2798 3293 θαυμαστὸν,
2836 3225 3024 3297 ὥσπερ
3053 3225 3287 3279 ἐνταῦθα
3316 3229 3551 3297 συμϐαί-

1968 3329 2047 3365 νει
2084 3311 2149 3364 τά
2187 3314 2423 3377 ἐναντία,
2458 3314 2628 3379 οὕτως
2674 3316 2851 3368 ἐκεῖσε
2905 3317 3190 3387 ἀμφότερα
3236 3316 3549 3386 ψεύδεσθαι,

1972 3403 2065 3457 καὶ
2092 3404 2234 3457 οὕτω
2267 3423 2348 3459 σοι
2394 3409 2455 3460 τὸ
2506 3407 2667 3477 σοφὸν
2699 3408 2903 3478 ἠλίθιον
2946 3410 3355 3481 ἀναφανήσεται
3385 3428 3398 3474 ;
3454 3413 3554 3466 "Ev

1971 3495 2051 3547 ἔτι
2079 3513 2167 3565 μοι
2188 3497 2346 3550 λύσον
2373 3498 2479 3553 τῶν
2501 3500 2836 3570 αἰνιγμάτων
2856 3517 2867 3530 ·
2898 3500 3115 3570 Σεαυτῷ
3142 3502 3198 3554 δὲ
3229 3504 3553 3575 γεννωμένῳ

1972 3588 2181 3658 παρῆςς
2213 3590 2377 3659 πάρει
2409 3590 2465 3643 δὲ
2496 3590 2623 3654 νῦν;
2661 3592 2693 3662 ἢ
2723 3591 3031 3662 ούδέτερονς
3070 3593 3132 3645 Ei
3176 3593 3277 3663 μὲν
3315 3592 3425 3664 γὰρ
3454 3594 3552 3648 καὶ

1970 3680 2173 3750 παρῆς,
2218 3681 2313 3733 καὶ
2343 3683 2527 3753 πάρει,
2561 3682 2637 3745 ὡς
2666 3684 2770 3747 τίς,
2809 3683 2903 3735 καὶ
2940 3683 3079 3747 τίνι;
3106 3684 3200 3736 καὶ
3246 3684 3363 3745 πῶς
3400 3687 3427 3737 ό
3470 3681 3551 3747 εἷς

1970 3774 2137 3843 ἄμφω
2179 3773 2467 3842 γεγόνατε;
2510 3776 2573 3828 Εἰ
2629 3774 2684 3826 δὲ
2740 3773 3032 3845 μηδέτερον
3078 3774 3185 3827 τῶν
3221 3775 3549 3846 εἰρημένων,

1970 3864 2085 3925 πῶς
2124 3864 2348 3917 σεαυτοῦ
2542 3864 2772 3935 χωρίζης
2804 3866 2897 3916 καὶ
2929 3865 3013 3927 τίς
3053 3867 3085 3934 ἡ
3120 3865 3268 3918 αἰτία
3317 3865 3417 3935 τῆς
3439 3865 3554 3918 δια·

1969 3956 2200 4022 ζεύξεως
2243 3978 2257 4023 ;
2414 3956 2554 4008 Ἀλλ’
2579 3957 2898 4009 ἀπαίδευτον
2922 3956 2983 4009 τὸ
3146 3958 3274 4027 περὶ
3301 3956 3395 4009 τοῦ
3415 3956 3555 4021 ἑνὸς,

1967 4047 2015 4098 εἰ
2059 4045 2234 4115 ἑαυτῷ
2277 4045 2560 4117 πάρεστιν,
2594 4047 2626 4097 ἢ
2681 4047 2773 4117 μὴ,
2817 4047 3314 4118 πολυπραγμονεῖν.
3366 4045 3554 4100 Ταῦτα

1967 4136 2074 4207 γὰρ
2105 4137 2189 4189 ἐπ’
2215 4136 2409 4203 ἄλλων,
2433 4138 2528 4207 οὐχ
2552 4136 2743 4189 ἑαυτοῦ
2775 4138 3012 4205 λέγεται.
3049 4138 3545 4209 Ἀπαιδευτότερον,

1968 4222 2025 4280 εὖ
2056 4228 2182 4291 ἴσθι,
2212 4227 2273 4278 τὸ
2309 4229 2403 4279 ἀπ’
2442 4228 2616 4299 ἀρχῆς
2648 4227 3043 4298 γεγεννημένον
3086 4258 3102 4285 ι
3250 4229 3297 4280 εἰ
3336 4223 3405 4297 ἦν
3442 4224 3551 4298 πρὸ

1969 4319 2063 4388 τῆς
2100 4319 2425 4389 γεννήσεως,
2468 4320 2501 4388 ἢ
2546 4319 2645 4371 οὐκ
2671 4314 2759 4389 ἦν,
2800 4319 3193 4374 διευθύνεσθαι.
3230 4315 3397 4383 Οὗτος
3439 4318 3549 4391 γάρ

1970 4410 2097 4478 περὶ
2124 4410 2230 4463 τῶν
2262 4410 2438 4481 χρόνῳ
2464 4410 2748 4480 διαιρετῶν
2780 4412 2808 4462 ό
2836 4410 3010 4478 λόγος.

1982 4493 2231 4560 quisnam
2274 4491 2510 4551 tandem.
2569 4498 2624 4543 et
2671 4490 2792 4544 cui?
2829 4489 2894 4543 Et
2926 4488 3195 4555 quomodo
3245 4501 3386 4540 unus
3442 4486 3552 4540 duo

269 4600 496 4655 ell‘eetus
525 4600 620 4655 es?
653 4600 709 4654 Si
742 4605 919 4651 autem
950 4604 1198 4649 neutrum
1232 4592 1425 4645 ltorttm
1463 4604 1580 4657 qua:
1617 4586 1872 4650 diximus,
1942 4584 2213 4656 quomodo
2244 4599 2272 4637 a
2320 4586 2495 4653 teipso
2525 4584 2890 4652 disjungeris?
2930 4584 2997 4637 Et
3018 4599 3137 4652 quae
3164 4584 3550 4654 disjunctionil

274 4694 505 4764 hujusce
532 4694 736 4749 causa?
773 4689 877 4744 Sed
932 4688 1171 4753 ineptum
1219 4694 1323 4749 est,
1388 4684 1624 4752 inquies,
1682 4696 1803 4734 cmn
1856 4676 1923 4731 de
2005 4693 2117 4732 uno
2186 4676 2536 4742 dispuuuur,
2589 4677 2801 4730 adsitne
2864 4676 2985 4739 sibi,
3033 4690 3223 4737 necne,
3280 4676 3549 4729 curiosius

272 4791 569 4858 inquirere.
608 4789 733 4841 llaec
766 4786 909 4841 enim
938 4784 1005 4838 de
1036 4783 1177 4841 aliis.
1233 4796 1340 4835 non
1371 4780 1434 4832 de
1470 4777 1645 4843 seipse
1696 4774 1966 4829 dicuntur.
2042 4770 2302 4839 lneptius,
2340 4769 2470 4821 mhi
2505 4769 2686 4830 crede,
2715 4779 2815 4829 est,
2852 4770 2923 4831 id,
2984 4770 3129 4837 quod
3182 4784 3212 4822 a
3282 4769 3551 4836 principio

270 4896 412 4944 erat.
447 4895 625 4939 utrum
659 4892 782 4935 ante
806 4879 1215 4949 generationem
1257 4871 1404 4935 erat,
1425 4887 1612 4936 necne,
1681 4870 1734 4922 in
1796 4866 2149 4936 quaestionem
2226 4879 2436 4916 vorare.
2502 4861 2626 4913 Haec
2678 4861 2822 4915 enim
2887 4862 3176 4931 disputatio
3228 4860 3290 4914 iis
3334 4860 3551 4914 demum

269 4979 542 5039 convenit,
571 4989 690 5044 qua!
718 4982 956 5042 tempore
986 4968 1153 5023 dividi
1178 4976 1423 5035 possunt.

342 5080 411 5132 At
445 5076 615 5134 enim,
670 5070 942 5138 inquiunt,
982 5082 1086 5119 non
1139 5064 1282 5117 idem
1331 5069 1456 5113 sunt
1495 5058 1736 5129 genitum
1797 5066 1853 5109 et
1902 5050 1941 5101 Ι)

271 5168 615 5235 ingenitum;
676 5178 738 5215 ac
802 5159 1051 5229 proinde,
1124 5171 1221 5209 nec
1279 5153 1451 5206 Filius
1515 5167 1638 5204 cum
1690 5148 1849 5202 Patre

273 5261 417 5312 idem
452 5266 555 5311 est.
596 5254 736 5321 Quid
767 5266 906 5319 opus
962 5259 1045 5301 est
1098 5248 1302 5307 dicere,
1374 5245 1476 5297 hoc
1528 5251 1849 5310 argumento

276 5351 359 5403 vel
389 5349 609 5401 Patrem
662 5346 744 5399 vel
788 5342 983 5396 Filium
1016 5357 1043 5391 ιι
1084 5337 1365 5391 divinitate
1401 5334 1686 5388 manifeste
1721 5333 1849 5384 sub-

278 5440 532 5494 moveri?
564 5438 621 5492 Si
647 5438 791 5490 enim
831 5432 1132 5502 ingenitum
1168 5427 1407 5482 essentia
1450 5425 1540 5479 Dei
1568 5433 1669 5487 est,
1721 5438 1847 5491 pio-

2062 5052 2205 5104 ⁶Λλλ“
2236 5051 2296 5101 οὑ
2330 5046 2546 5108 ταυτὸν,
2591 5050 2745 5114 φησλ,
2779 5048 2840 5099 τὸ
2882 5050 3181 5116 ἀγέννητον
3214 5049 3395 5101 καὶτὸ
3434 5016 3556 5113 γεῦ-

1975 5145 2155 5214 νητόν.
2188 5144 2247 5194 Εἰ
2276 5141 2333 5192 δὲ
2382 5141 2561 5203 τοῦτο,
2592 5140 2714 5193 οὐδὲ
2753 5142 2780 5192 ὁ
2820 5141 2945 5203 Υἱὸς
2996 5141 3072 5209 τῷ
3114 5143 3288 5211 "arpi
3331 5142 3550 5194 ταυτόν.

1976 5235 2100 5285 Ὅτι
2140 5233 2238 5302 μὲν
2286 5232 2537 5302 φανερῶς
2570 5234 2597 5285 ὁ
2644 5232 2800 5298 λόγος
2832 5225 2987 5291 οὗτος
3018 5232 3270 5285 ἐκϐάλλει
3301 5231 3394 5283 τὸν
3428 5232 3556 5284 Υίὸν

1974 5326 2066 5394 τῆς
2101 5325 2377 5391 θεότητος,
2418 5325 2450 5395 ἦ
2487 5325 2577 5377 τὸν
2614 5325 2853 5393 Πατέρα,
2888 5324 2939 5374 τί
2970 5323 3077 5393 χρὴ
3103 5323 3319 5391 λὲίειη
3353 5322 3416 5376 Ei
3448 5323 3556 5392 γὰρ

1973 5418 2032 5470 τὸ
2074 5418 2372 5487 ἀγέννητον
2414 5418 2570 5470 οὐσία
2615 5416 2773 5482 Θεοῦ,
2804 5416 2860 5469 τὸ
2911 5420 3172 5485 γεννητὸν
3214 5416 3315 5467 οὐκ
3347 5414 3546 5469 οὐσία·

360 5643 402 5673 ⁸⁸
441 5642 603 5695 ιιυιιτ.
638 5657 734 5706 \‘tt,
780 5642 841 5693 i0
875 5656 994 5708 ειμι.
