4094 6204
413 264 521 324 565

1325 260 1704 321 ΡΑΝΟΡΙΛΛ
1750 259 2215 322 DOGMATICA.
2254 285 2324 298 -
2355 261 2508 322 TIT.
2546 264 2679 324 VII.

3535 268 3642 329 566

409 379 461 429 εἰ
484 375 541 428 δὲ
577 373 735 429 τοῦτο
749 375 849 428 οὐκ
874 373 1074 428 ἐκεῖνο.
1093 372 1187 435 Τις
1214 371 1434 440 ἀντιρεί
1452 371 1640 437 λόγο;;
1675 371 1826 422 Ἐλοῦ
1857 370 1965 424 τοῐ-
1993 414 2002 435 γ

2101 381 2213 424 ecto
2247 373 2486 440 genitum
2521 375 2759 432 essentia
2797 393 2904 432 non
2942 378 3047 433 erit
3091 396 3104 433 ι
3145 389 3240 433 aut
3277 379 3321 432 si
3357 379 3484 444 hoc,
3521 397 3651 451 pro-

408 485 504 520 νυν
530 468 639 520 τῶν
669 467 936 520 ἀσεϐειῶν
957 467 1225 536 ὁποτέραν
1261 465 1460 536 βούλει,
1493 458 1540 518 ὦ
1561 463 1711 517 καινὲ
1741 460 1851 529 (80)
1883 460 1995 513 θεο-

415 557 563 625 λόγε,
621 556 781 626 εἴπερ
831 557 1051 610 άσεόεἰν
1093 563 1308 619 πάντως
1347 556 1705 615 ἐσπούδακας.
1740 553 1987 613 Ἔπειτα,

418 648 534 710 πῶς
565 648 628 700 ού
659 647 853 702 ταυτὸν
884 647 1065 716 λέγεις
1237 648 1298 700 τὸ
1325 647 1618 716 ἀγέννητον
1658 642 1752 695 καὶ
1782 641 1841 692 τὸ
1872 657 1994 706 γεν-

415 732 611 808 νητόνς
641 739 702 790 Ei
729 738 828 808 μὲν
856 738 920 791 τὸ
951 739 1025 809 μὴ
1056 737 1390 808 ἑκτισμένον,
1424 736 1516 789 καὶ
1544 731 1880 804 ὲκτισμένον,
1905 730 1996 782 κά-

416 829 500 897 γὼ
529 830 757 898 δέχομαι
777 847 790 859 ο
821 831 883 882 ού
914 830 1022 900 γὰρ
1053 830 1250 883 ταυτὸν
1276 832 1343 900 τῇ
1378 828 1535 897 φύσει
1562 826 1623 878 τὸ
1644 825 1876 894 ἄναρχον
1905 821 1998 873 καὶ

416 920 478 973 τὸ
507 920 843 990 κτιζόμενον.
871 921 932 973 Εἰ
966 922 1020 974 δὲ
1059 922 1122 974 τὸ
1147 919 1494 990 γεγεννηκὺς,
1524 917 1618 972 καὶ
1641 916 1702 969 τὸ
1737 930 1997 984 γεγεννη-

421 1010 606 1080 μένον,
642 1010 703 1062 ού
729 1010 926 1064 ταυτὸν
965 1011 1166 1078 λέγεις,
1195 1011 1295 1063 οὐκ
1319 1007 1496 1080 ὀρθῶς
1523 1006 1761 1074 λέγεται.
1790 999 1998 1054 Ταυτδν

418 1101 528 1170 γὰρ
552 1095 692 1153 εἶναι
719 1103 869 1154 πᾶσα
901 1101 1114 1172 ἀνάγκη
1134 1117 1148 1131 ·
1184 1099 1323 1171 αῦτη
1348 1100 1458 1169 γὰρ
1490 1098 1650 1168 φύσις
1678 1095 1998 1164 γεννήτορος

420 1191 514 1244 καὶ
546 1191 886 1260 γεννήματος
932 1229 948 1253 ,
1099 1189 1294 1244 ταυτὸν
1333 1185 1469 1242 εἶναι
1531 1185 1609 1256 τῷ
1649 1181 1996 1253 γεγεννηκότι

421 1281 562 1335 κατὰ
605 1280 703 1350 τὴν
748 1280 910 1348 φύσιν
955 1279 1016 1332 τὺ
1061 1280 1328 1350 γέννημα.
1525 1279 1594 1330 Ἦ
1627 1274 1768 1328 οὕτω
1802 1271 1995 1325 πάλιν⁶

419 1371 546 1434 Πῶς
593 1371 772 1439 λέγεις
821 1372 883 1424 τὸ
929 1371 1224 1441 ἀγέννητον
1267 1370 1362 1424 καὶ
1393 1371 1454 1423 τὸ
1483 1365 1770 1438 γεννητόν;
1801 1365 1864 1416 Εἰ
1902 1361 1999 1432 μὲν

421 1463 532 1532 γὰρ
711 1463 812 1534 τὴν
835 1463 1161 1534 ἀγεννησίαν
1192 1461 1359 1533 αὐτὴν
1390 1463 1485 1515 καὶ¹
1511 1459 1609 1530 τὴν
1636 1458 1908 1527 γέννησιν,
1935 1453 1997 1506 ού

419 1558 617 1608 ταυτόν
666 1565 682 1580 ⁸
839 1557 887 1607 εξ
925 1555 981 1608 δὲ
1020 1551 1103 1618 οἷς
1130 1554 1366 1625 ὑπάρχει
1409 1552 1602 1618 ταῦτα,
1632 1549 1748 1612 πῶς
1779 1549 1842 1600 ού
1870 1561 2002 1598 ταυ-

418 1647 544 1705 τόν;
586 1646 737 1698 Ἐπεὶ⁸
761 1648 856 1700 καὶ
887 1647 947 1700 τὸ
973 1647 1194 1716 ἄσοφον,
1219 1648 1312 1700 καὶ
1333 1646 1392 1698 τὸ
1421 1643 1604 1711 σοφὸν,
1629 1638 1877 1708 ἀλλήλοις
1901 1636 2000 1707 μὲν

418 1736 484 1789 οὐ
511 1736 710 1800 ταυτά,
741 1739 869 1808 περὶ
894 1739 1089 1791 ταυτὸν
1121 1737 1179 1790 δὲ
1210 1737 1300 1790 τὸν
1321 1735 1604 1805 ἄνθρωπον
1623 1749 1638 1765 ο
1669 1731 1763 1784 καὶ
1791 1729 1891 1782 οὐκ
1912 1726 2002 1780 ού-

418 1824 540 1887 σίας
563 1824 776 1894 τέμνει,
808 1827 936 1895 περὶ
979 1825 1036 1878 δὲ
1063 1825 1163 1894 τὴν
1195 1824 1364 1894 αὐτὴν
1392 1822 1578 1876 ούσίαν
1607 1820 1888 1890 τέμνεται.
1929 1815 2000 1868 Ἢ

424 1915 516 1967 καὶ
549 1914 612 1966 τὸ
641 1914 930 1978 ἀθάνατον,
955 1915 1050 1968 καὶ
1083 1915 1144 1968 τὸ
1171 1914 1398 1977 ἄκακον,
1434 1913 1527 1964 καὶ
1557 1910 1617 1964 τὸ
1646 1907 2001 1963 ἀναλλοίωτον

419 2004 579 2057 ούσία
614 2004 751 2058 Θεοῦ
777 2022 792 2069 ;
841 2006 981 2058 ‘AD.’
1009 2007 1058 2058 εἰ
1080 2003 1258 2066 τοῦτο,
1290 2003 1484 2056 πολλαὶ
1508 2001 1688 2054 οὐσίαι
1711 1998 1869 2062 Θεοῦ,
1907 1995 2002 2051 καὶ

417 2097 482 2151 οὐ
509 2097 636 2167 μιῐα⁸
666 2097 699 2167 ἦ
732 2097 984 2150 σύνθετον
1011 2098 1076 2151 ὲκ
1107 2097 1312 2151 τούτων
1336 2097 1398 2149 τὸ
1417 2096 1591 2148 Θεῖονο
1622 2093 1685 2147 οὐ
1709 2091 1818 2160 γάρ
1838 2092 2004 2144 ἀσυν-

421 2187 593 2251 θέτως
622 2187 814 2244 ταῦτα,
842 2189 1002 2258 εἴπερ
1033 2188 1234 2243 οὐσίαι.

424 2277 569 2329 circa
647 2279 896 2329 eumdem
941 2275 1213 2330 hominem
1278 2275 1743 2329 considerantur:

2088 462 2173 517 cul
2220 464 2380 518 dubio
2417 481 2521 520 non
2560 467 2710 521 illud.
2739 467 2868 531 Quis
2897 469 3040 522 enim
3073 479 3156 520 est
3199 469 3286 535 qui
3320 479 3647 521 cuntrar-unn

2088 552 2406 621 disputando
2467 557 2604 611 tueri
2663 557 2868 626 queat?
2923 557 3322 622 Quamobrem,
3375 567 3548 610 ttlrant
3622 573 3652 607 e

2089 643 2297 700 duabus
2331 646 2692 716 impietatibus
2730 650 2905 713 malis,
2934 649 3090 716 elige,
3122 665 3153 701 ο
3198 664 3334 703 nove
3385 648 3652 716 litt'olnge,

2087 735 2349 804 siquidem
2394 736 2610 804 impiam
2653 740 2952 792 doctrinam
3004 740 3222 792 omnino
3278 737 3522 805 amplecti
3564 738 3653 789 tibi

2089 826 2418 893 propositum
2445 835 2544 879 est.
2583 826 2803 891 Deinde,
2836 826 3103 894 quomodo
3141 827 3434 891 ingenitum
3470 835 3520 877 et
3568 839 3658 892 ge-

2091 916 2256 968 nitum
2296 933 2398 970 non
2436 917 2571 970 idem
2603 933 2722 972 esse
2756 919 2927 972 dicis?
2963 917 3017 970 Si
3063 933 3157 986 per
3187 919 3298 970 haec
3326 917 3488 970 verba
3521 915 3652 977 nihil

2091 1009 2231 1060 aliud
2280 1009 2557 1078 intelligis,
2589 1027 2746 1078 quam
2795 1013 2843 1064 id
2873 1012 3014 1080 quod
3065 1012 3361 1064 increatum
3407 1017 3460 1060 ει
3509 1008 3656 1076 quod

2092 1110 2370 1166 creatum,
2423 1101 2475 1153 in
2527 1103 2712 1154 eadem
2762 1102 2874 1168 ipse
2929 1116 3143 1168 quoque
3196 1115 3314 1153 sum
3369 1098 3656 1151 sententia.

2093 1188 2276 1259 Neque
2311 1193 2451 1245 enim
2485 1203 2671 1246 natura
2707 1193 2845 1246 idem
2888 1202 2971 1246 est
3018 1192 3158 1260 quod
3192 1191 3457 1259 principio
3491 1198 3659 1252 caret,

2094 1293 2146 1335 et
2178 1283 2321 1351 quod
2355 1294 2692 1352 procreatum
2717 1295 2819 1338 est.
2853 1284 2948 1337 Sin
2982 1293 3158 1336 autem
3194 1282 3278 1335 his
3305 1282 3483 1334 verbis
3512 1295 3658 1342 eum,

2091 1373 2183 1442 qui
2220 1375 2423 1444 genuit,
2463 1385 2516 1429 et
2545 1391 2689 1438 eum,
2725 1377 2813 1443 qui
2847 1375 3056 1444 genitus
3086 1384 3189 1436 est,
3226 1372 3449 1439 accipis,
3484 1372 3655 1424 haud-

2093 1479 2360 1534 quaquam
2433 1477 2580 1521 recte
2651 1467 2702 1520 id
2755 1470 2851 1520 abs
2917 1477 2966 1519 te
3041 1466 3256 1519 dicitur.
3329 1463 3469 1517 Idem
3520 1464 3661 1515 enint

2093 1554 2313 1608 omnino
2339 1569 2460 1609 esse
2503 1571 2726 1610 necesse
2767 1566 2868 1610 est.
2903 1555 3022 1610 llaec
3052 1557 3246 1625 quippe
3275 1555 3438 1624 geniti
3476 1567 3661 1607 natura
3741 1575 3772 1582 σ

2094 1656 2196 1712 εει,
2232 1658 2288 1699 ιιι
2332 1648 2496 1711 idem,
2539 1649 2582 1702 si
2617 1657 2862 1702 naturam
2907 1658 3136 1715 spectes,
3180 1649 3248 1700 sit
3299 1664 3422 1700 cum
3457 1662 3522 1700 eo
3571 1647 3658 1712 qui

2097 1738 2298 1808 genuit.
2326 1736 2420 1791 Vel
2459 1739 2525 1792 ad
2563 1740 2704 1793 hunc
2748 1755 2936 1793 rursus
2973 1739 3188 1792 modum
3233 1751 3498 1804 agamus:
3529 1737 3666 1802 Quid

2097 1841 2192 1896 per
2232 1827 2525 1896 ingenitum
2575 1842 2638 1880 ac
2667 1828 2907 1896 genitum
2941 1825 3234 1893 intelligis?
3280 1825 3335 1877 Si
3385 1813 3553 1891 ipsam
3587 1823 3668 1875 in-

2096 1919 2261 1986 geniti
2295 1927 2350 1972 et
2379 1919 2542 1986 geniti
2576 1920 2988 1986 proprietatem,
3037 1933 3142 1970 non
3187 1916 3328 1967 idem
3364 1923 3512 1967 sunt.
3566 1912 3661 1964 Sin

2100 2021 2278 2066 autem
2311 2025 2393 2076 ea,
2425 2011 2621 2079 quibus
2665 2013 2777 2065 haec
2810 2011 3011 2071 insunt,
3042 2009 3168 2078 quid
3206 2015 3350 2058 vetat
3380 2003 3668 2072 quominus

2100 2101 2240 2156 idem
2285 2101 2426 2155 sint?
2472 2101 2916 2170 Quandoquidem
2971 2099 3114 2168 quod
3157 2097 3417 2165 insipiens
3452 2105 3564 2157 est,
3615 2103 3672 2146 et

2100 2194 2338 2259 sapiens,
2387 2195 2526 2246 inter
2570 2209 2627 2248 se
2669 2193 2883 2260 quident
2938 2206 3039 2243 non
3092 2189 3228 2242 idem
3277 2196 3436 2249 sunt;
3486 2200 3669 2236 verum

1817 2286 1915 2326 nee
1967 2272 2300 2327 substantias
2345 2273 2620 2335 scindunt,
2693 2273 2790 2326 sed
2834 2271 2975 2325 circa
3026 2269 3271 2322 eamdem
3317 2264 3673 2321 substantiam

420 2367 760 2421 scinduntur.
791 2366 969 2433 Quid?
999 2369 1080 2424 An
1143 2367 1306 2422 etiam
1345 2369 1744 2433 immortalitas,
1809 2376 1863 2421 et
1907 2366 2239 2428 innocentia,
2278 2373 2332 2418 et
2385 2365 2814 2428 itmnutabilitas,
2887 2363 3118 2417 essentia
3192 2360 3282 2414 Dei
3327 2357 3492 2412 sunt?
3528 2355 3668 2409 Atsa‘

422 2462 492 2516 ita
536 2466 651 2523 est,
693 2459 871 2512 multa:
922 2456 1011 2511 Dei
1060 2458 1310 2513 essentiaa
1347 2465 1526 2520 erunt,
1596 2473 1701 2512 non
1754 2470 1906 2513 una:
1971 2464 2060 2508 aut
2101 2461 2249 2508 certe
2291 2453 2621 2521 compositus
2677 2467 2742 2506 ex
2796 2451 2882 2506 his
2923 2449 3064 2503 Dens
3106 2459 3232 2502 erit.
3293 2446 3476 2514 Neque
3526 2445 3672 2498 enim

420 2553 533 2608 haec
578 2552 713 2606 citra
771 2551 1217 2620 compositionem
1265 2565 1388 2605 esse
1445 2561 1684 2619 queunt,
1729 2551 1776 2604 si
1829 2549 1986 2606 modo
2020 2549 2268 2602 essentia:
2299 2557 2437 2600 sunt.

649 2633 834 2687 Ταῦτα
893 2637 993 2706 μὲν
1050 2637 1112 2690 οὗ
1173 2654 1336 2707 φασι·
1394 2640 1550 2692 κοινά
1614 2642 1723 2711 γὰρ
1775 2642 1869 2694 καὶ
1923 2641 2016 2696 dl-

427 2725 556 2780 λων.
741 2729 806 2782 ⁸0
845 2728 900 2781 δὲ
948 2728 1112 2799 μόνου
1151 2730 1285 2784 Θεοῦ
1319 2733 1414 2784 καὶ
1455 2733 1605 2798 ἴδιον,
1639 2731 1795 2785 τοῦτο
1835 2733 2010 2787 οὐσία.

428 2825 541 2878 Οὐκ
559 2823 624 2876 ἂν
650 2823 746 2893 μὲν
769 2822 1183 2892 συγχωρήσαιεν
1201 2819 1337 2878 εἶναι
1360 2823 1522 2894 μόνου
1546 2825 1680 2880 Θεοῦ
1705 2825 1766 2877 τὸ
1781 2827 2011 2896 ἀγέννη-

425 2933 535 2980 τον,
565 2917 614 2968 οἱ
646 2933 736 2968 και
757 2930 856 2985 την
885 2911 1015 2985 ὓλην
1176 2915 1270 2966 καὶ
1293 2915 1390 2984 τὴν
1415 2915 1554 2968 ἰδέαν
1577 2917 2010 2983 συνεισάγοντες,

423 3006 500 3068 ὡς
526 3007 814 3077 ἀγέννητα.
839 3006 911 3060 Τὸ
930 3006 1036 3077 γὰρ
1074 3008 1390 3077 Μανιχαιων
1411 3017 1741 3081 πορρωτέρω
1767 3007 2010 3079 ῥίψωμεν

434 3097 647 3160 σκότος.

428 3187 490 3237 ού
523 3187 683 3255 μόνος
715 3187 943 3256 πλάσμα
972 3187 1138 3254 Θεοῦ;
1168 3189 1278 3242 Καὶ
1305 3190 1464 3255 πάνυ,
1501 3192 1714 3262 φήσεις.
1760 3187 1884 3262 'Ap‘
1917 3186 2009 3246 οῦν

428 3277 521 3328 καὶ
568 3277 729 3345 μόνος
787 3277 1105 3348 άνθρωποςς
1154 3281 1438 3351 Οὐδαμῶς.
1489 3282 1554 3334 Τί
1599 3283 1662 3353 δή
1693 3299 1858 3348 ποτε;
1885 3284 2008 3339 Ὅτι

429 3367 504 3439 μὴ
527 3368 883 3440 ἀνθρωπότης
1056 3372 1090 3441 ή
1120 3370 1318 3434 πλάσις
1342 3386 1356 3400 ⁸
1391 3373 1612 3442 καὶγὰρ
1640 3373 1702 3426 τὸ
1729 3374 2006 3445 γεννηθὲν,

425 3459 730 3530 ἄνθρωπος.
763 3460 950 3524 Οὕτως
982 3461 1102 3514 οὐδὲ
1139 3461 1202 3514 τὸ
1235 3462 1526 3534 ἀγέννητον
1569 3464 1727 3535 μόνον
1758 3465 1912 3528 Θεὸς,
1957 3467 2007 3520 ει

427 3551 520 3602 καὶ
549 3550 714 3620 μόνου
739 3551 975 3622 Πατρός.
1024 3551 1185 3605 Ἀλλά
1205 3551 1351 3620 δέξαι
1380 3554 1473 3606 καὶ
1499 3555 1560 3607 τὸ
1587 3555 1844 3625 γεννητὸν
1869 3551 2006 3610 εἶναι

423 3642 592 3695 Θεόψ
628 3644 693 3696 ὲκ
743 3642 878 3695 Θεοῦ
925 3642 1054 3714 γὰρ,
1106 3643 1155 3695 εἰ
1193 3643 1287 3696 καὶ
1329 3643 1449 3698 λίαν
1499 3640 1551 3696 εἴ
1595 3643 2003 3714 φιλαγέννητος.

427 3735 682 3799 Ἔπειτα,
723 3734 840 3799 πῶς
874 3734 1062 3788 οὐσίαν
1094 3734 1229 3788 Θεοῦ
1268 3735 1468 3804 λέγεις,
1503 3737 1565 3789 ού
1613 3736 1710 3806 τὴν
1735 3735 1830 3788 τοῦ
1856 3736 2007 3801 ὄντος

424 3827 593 3891 θέσιν,
632 3825 770 3880 ἀλλὰ
791 3827 889 3898 τὴν
919 3826 1014 3880 τοῦ
1053 3827 1127 3899 μὴ
1147 3827 1298 3892 ὄντος
1325 3827 1645 3896 ἀναίρεσιν,
1684 3827 1758 3880 Τὸ
1793 3827 1899 3896 γὰρ
1931 3826 2006 3898 μὴ

426 3915 692 3988 ὑπάρχειν
723 3916 874 3986 αύτῷ
899 3917 1174 3987 γέννησιν,
1226 3918 1256 3970 ὁ
1297 3916 1454 3984 λόγος
1489 3916 1658 3986 δηλοῖ,
1688 3916 1785 3985 οὐχ
1824 3916 1853 3968 ὃ
1906 3917 2005 3987 τὴν

424 4007 586 4074 φύσιν
640 4008 758 4060 ἐστὶ
797 4008 1148 4079 παρίστησιν,
1195 4008 1310 4062 οὐδ’
1357 4007 1385 4060 ὃ
1425 4008 1656 4078 ὑπάρχει
1838 4006 1898 4060 τὸ
1928 4007 2002 4078 μὴ

421 4098 545 4168 ἔχον
575 4099 846 4168 γέννησιν.
881 4101 976 4162 Τίς
995 4096 1089 4154 οῦν
1120 4100 1275 4153 οὐσία
1299 4099 1464 4164 Θεοῦ;
1495 4099 1605 4169 Τῆς
1633 4099 1730 4168 σῆς
1749 4099 2005 4164 ἀπονοίας

422 4190 580 4242 τοῦτο
619 4189 824 4259 λέγειν,
859 4191 918 4256 ὃς
953 4192 1428 4264 πολυπραγμονεῖς
1459 4192 1554 4246 καὶ
1587 4191 1686 4262 τὴν
1720 4192 1998 4262 γέννησινο

423 4283 554 4351 ἡμῖν
594 4282 651 4336 δὲ
684 4283 844 4354 μέγα,
890 4283 992 4339 κᾶν
1155 4285 1337 4338 εἴποτε
1372 4285 1466 4338 καὶ
1510 4286 1591 4348 εἰς
1733 4352 1747 4355 Α
1775 4283 1995 4355 ὕστερον

421 4372 580 4426 τοῦτο
603 4352 887 4446 μάθοιμεν,
917 4376 1164 4440 λυθέντος
1191 4379 1322 4448 ἡμῖν
1343 4375 1433 4432 τοῦ
1469 4376 1634 4446 ζόφου
1657 4352 1750 4430 xuii
1773 4376 1871 4448 τῆς
1904 4352 2000 4428 πα-

423 4463 672 4534 χύτητος,
723 4467 797 4530 ὡς
833 4471 866 4538 ή
907 4467 1000 4520 τοῦ

426 4557 524 4618 μὲν
551 4555 644 4612 οὖν
685 4560 779 4611 καὶ
807 4559 1051 4623 νοείσθω,
1087 4561 1181 4614 καὶ
1213 4559 1515 4628 ὲλπιζέσθω
1555 4563 1667 4622 τοῖς
1697 4559 1790 4612 ἐπὶ
1824 4559 1997 4630 τούτῳ

415 4641 855 4714 καθαιρομένοις.
896 4644 1086 4713 Ἡμεῖς
1123 4643 1181 4696 δὲ
1215 4643 1470 4698 τοσοῦτον
1509 4645 1685 4698 εἰπεῖν
1716 4645 2004 4717 θαρῤήσω-

417 4753 517 4806 μιν
562 4776 578 4799 ,
739 4735 820 4789 ὅτι
855 4737 904 4787 ει
947 4735 1041 4788 καὶ
1081 4734 1223 4806 μέγα
1248 4735 1325 4806 τῷ
1360 4737 1556 4809 Πατρὶ,
1589 4736 1652 4790 τὸ
1691 4737 2005 4808 μηδαμόθεν

413 4827 722 4900 ὡρμῆσθαι,
760 4828 861 4880 οὐκ
897 4827 1116 4881 ἔλαττον
1143 4828 1221 4899 τῷ
1248 4829 1381 4898 Υἱῷ,
1409 4829 1470 4883 τὸ
1501 4831 1567 4882 ὲκ
1606 4829 1850 4883 τοιούτου
1893 4831 2006 4884 Πα-

414 4919 560 4988 τρός.
594 4919 706 4989 Τῆς
736 4936 797 4970 τε
831 4917 940 4989 γάρ
968 4917 1060 4971 τοῦ
1090 4918 1331 4972 ἀναιτίου
1362 4919 1522 4990 δόξης
1557 4919 1774 4990 μετέχοι
1810 4919 1898 4984 ἂν,
1925 4921 2007 4974 ὄτι

415 5008 616 5061 ἐκ-τοῦ
672 5010 939 5073 ἀναιτίου,
1002 5011 1096 5063 καὶ
1146 5010 1408 5080 πρόσεστι
1461 5011 1521 5063 τὸ
1566 5011 1668 5081 τῆς
1699 5012 2009 5082 γεννήσεως

416 5103 649 5170 πρᾶγμα
691 5099 964 5164 τοσοῦτον,
1021 5104 1114 5156 καὶ
1167 5103 1311 5157 οὕτω
1376 5103 1671 5175 σεϐάσμιον

420 5192 495 5261 μὴ
554 5192 730 5262 πάντη
791 5195 1159 5262 χαμαιπετέσι

419 5300 586 5338 νοιαν.

1892 5107 2006 5168 τοῖς

1371 5197 1465 5250 καὶ
1501 5196 1705 5259 ύλικοῖς
1742 5195 1843 5268 τὴν
1892 5195 2007 5250 διά-

820 3097 964 3167 Πλὴν
978 3097 1135 3196 ἔστιν
1171 3099 1335 3168 μόνου
1369 3099 1526 3153 Θεοῦ.
1560 3100 1624 3152 Τί
1652 3101 1708 3153 δὲ
1740 3100 2007 3196 δ”Αδάμζς
2037 3143 2077 3196 C

2303 2634 2426 2690 ﬂare
2461 2637 2675 2704 quidem
2712 2638 2852 2694 haud
2875 2639 3083 2693 dicunt.
3116 2639 3432 2694 Communia
3479 2641 3680 2711 quippe

2107 2729 2332 2782 aliorum
2375 2743 2588 2796 quoque
2609 2740 2755 2784 sunt.
2799 2730 2948 2796 Quod
3001 2741 3176 2784 autem
3224 2733 3388 2786 solius
3422 2733 3513 2787 Dei
3569 2745 3674 2800 est,

2109 2820 2320 2889 ipsique
2359 2821 2572 2888 proprie
2809 2823 3080 2888 convenit,
3143 2822 3248 2878 hoc
3291 2825 3388 2893 ipsi
3438 2825 3672 2880 essenIia

2105 2920 2210 2965 est.
2246 2911 2410 2974 Atqui
2463 2911 2628 2964 solius
2681 2910 2770 2965 Dei
2818 2912 3111 2979 ingenitum
3167 2929 3307 2978 esse,
3342 2915 3560 2970 minime
3599 2915 3672 2969 illi

2107 3002 2496 3066 concesserint,
2550 3002 2640 3070 qui
2677 3004 2953 3056 materiam
2984 3019 3198 3072 quoque
3251 3015 3306 3058 et
3336 3005 3584 3070 formant,
3618 3015 3674 3060 ut

2107 3089 2397 3162 ingenitas,
2424 3090 2770 3144 induxerunt.
2805 3090 3220 3146 Maniclta-ornm
3250 3095 3392 3148 enim
3432 3098 3680 3150 tenebras

2107 3183 2317 3253 longius
2343 3183 2519 3236 adhuc
2569 3183 2938 3252 projiciamus.
2972 3183 3076 3237 Sed
3112 3185 3181 3237 sit
3227 3200 3358 3239 sane
3392 3187 3558 3240 solius
3590 3188 3680 3242 Dei

2108 3276 2425 3346 ingenitum.
2476 3275 2614 3341 Quid
2642 3276 2856 3328 Adam?
2889 3275 3079 3330 Nonne
3111 3278 3256 3330 solus
3285 3293 3313 3330 a
3347 3279 3455 3331 Deo
3477 3277 3686 3333 emotus

2107 3367 2232 3422 est?
2279 3366 2530 3433 Maxime,
2596 3367 2824 3434 inquies.
2867 3366 3055 3422 Utrum
3103 3385 3232 3435 ergo
3281 3370 3428 3423 stilus
3471 3386 3686 3438 quoque

2108 3459 2313 3516 homo?
2361 3459 2596 3513 Minime.
2650 3459 2876 3524 Quare?
2935 3460 3070 3524 Quia
3123 3460 3320 3516 cﬂictio
3377 3463 3686 3518 humanitas

2109 3567 2212 3605 non
2244 3561 2347 3605 est.
2378 3550 2511 3604 Nam
2543 3550 2586 3603 is
2613 3565 2847 3618 quoque,
2899 3551 2989 3620 qui
3035 3553 3348 3621 progenitus
3378 3561 3482 3617 est,
3525 3554 3687 3609 homo

2108 3652 2212 3698 est.
2267 3642 2466 3697 Eodem
2503 3643 2660 3696 modo
2706 3656 2805 3696 nec
2841 3643 3134 3712 ingenitum
3180 3643 3351 3696 solum
3387 3646 3525 3700 Deus
3580 3657 3684 3710 εει,

2107 3735 2207 3788 etsi
2261 3731 2427 3787 solius
2465 3730 2660 3787 Patris.
2703 3732 2895 3786 Verum
2943 3732 3166 3786 admitte
3224 3735 3384 3787 etiam
3440 3751 3562 3789 cum
3592 3738 3685 3806 qui

2108 3824 2320 3893 genitus
2348 3831 2451 3889 est,
2485 3823 2649 3877 Deum
2685 3836 2823 3876 esse.
2886 3822 2956 3876 Ex
2993 3823 3099 3877 Deo
3127 3823 3323 3892 quippe
3351 3834 3452 3892 est,
3495 3843 3689 3893 quam-

2109 3917 2242 3973 libet
2271 3926 2323 3970 tu
2347 3915 2583 3986 ingenito
2605 3915 2804 3968 faveas.
2837 3917 2916 3969 Ad
2937 3915 3347 3986 hacc'quoutodo
3379 3919 3470 3974 Dei
3501 3935 3685 3974 essen-
3728 3965 3731 3968 .

2111 4009 2240 4062 tiam
2296 4006 2453 4068 dicis,
2496 4019 2601 4059 non
2637 4003 2774 4074 ejus,
2831 4005 2972 4073 quod
3029 4014 3135 4068 est,
3186 4007 3527 4073 positionem,
3589 4012 3684 4067 sed

2107 4098 2247 4166 ejus,
2279 4097 2419 4166 quod
2447 4111 2550 4150 non
2583 4106 2666 4150 est
2689 4094 3118 4150 detractionem?
3154 4094 3265 4150 Vox
3281 4099 3424 4152 enim
3454 4101 3682 4171 ingeniti

2109 4191 2399 4260 signiﬁcat,
2423 4203 2543 4244 eum
2576 4189 2790 4257 quidem
2816 4190 3184 4258 generationis
3233 4202 3511 4260 expertem
3539 4211 3681 4263 esse,

2112 4296 2216 4336 non
2253 4289 2434 4334 autem
2475 4277 2711 4334 declarat
2733 4279 2987 4346 quidnam
3013 4290 3202 4335 natura
3234 4297 3329 4335 sua
3364 4284 3433 4336 sit
3464 4284 3515 4338 id
3541 4289 3685 4354 quod

2111 4378 2458 4445 generatione
2491 4385 2662 4429 caret.
2698 4375 2951 4442 Quantam
3003 4391 3131 4446 ergo
3163 4386 3244 4432 est
3279 4378 3371 4432 Dei
3412 4379 3684 4433 essentia?

1175 4466 1439 4536 ἀψευδοῦς
1471 4468 1778 4538 ὑπόσχεσις.
1830 4467 2000 4521 Τοῦτο

2112 4467 2240 4523 Tuae
2285 4477 2368 4523 est
2414 4469 2696 4522 dementit
2734 4470 2835 4522 Itoe
2879 4469 3082 4533 dicere,
3131 4471 3220 4539 qui
3281 4473 3680 4538 generationem

2111 4576 2324 4630 quoque
2371 4561 2538 4629 ipsam
2591 4563 2746 4614 anxie
2805 4561 3161 4627 perscrutaris
3226 4578 3241 4614 :
3294 4563 3447 4615 nobis
3501 4573 3680 4615 autem

2107 4648 2317 4702 abunde
2344 4663 2594 4717 magnum
2620 4658 2783 4715 atque
2811 4649 3044 4716 amplum
3071 4647 3250 4709 fuerit,
3271 4647 3388 4700 siin
3415 4655 3687 4714 posterum

2103 4755 2317 4809 quoque
2351 4741 2642 4802 discamus,
2701 4740 2873 4793 soluta
2925 4740 3176 4792 videlicet
3223 4739 3324 4792 hac
3375 4735 3604 4802 caligine
3631 4741 3690 4789 et

2073 4896 2076 4898 γ
2105 4834 2351 4888 Crassitie
2385 4835 2398 4864 ¹
2436 4871 2451 4897 ,
2487 4842 2545 4887 ιιι
2581 4832 2850 4902 pollicitus
2881 4840 2966 4885 est
2997 4832 3062 4896 is,
3091 4831 3179 4898 qui
3209 4844 3310 4882 non
3343 4827 3599 4879 mentitur
3631 4825 3684 4878 ".

2106 4923 2245 4993 Ergo
2277 4924 2378 4977 hoc
2417 4925 2484 4976 ab
2523 4924 2628 4987 Itis,
2665 4921 2756 4991 qui
2787 4921 2851 4976 ad
2877 4936 2996 4976 eam
3037 4935 3148 4976 rem
3181 4935 3301 4974 sese
3340 4923 3686 4987 perpurgant,
3719 4911 3721 4914 ⁴

2105 5019 2398 5085 cogitetur,
2447 5030 2509 5068 ac
2538 5023 2815 5083 speretur.
2848 5012 2956 5067 Nos
2987 5024 3165 5066 autem
3195 5011 3296 5065 hoc
3326 5012 3588 5063 duntaxat
3609 5007 3691 5059 di~

2109 5121 2234 5160 cere
2269 5122 2374 5159 non
2407 5105 2794 5171 dubitabimus,
2822 5104 2866 5159 si
2899 5119 3154 5172 magnutn
3198 5101 3342 5154 Patri
3376 5108 3458 5153 est
3481 5115 3509 5151 a
3546 5097 3692 5151 nullo

2109 5196 2409 5266 profectum
2467 5211 2608 5261 esse,
2675 5212 2779 5250 non
2835 5197 3012 5250 minus
3049 5194 3252 5247 illustre
3287 5191 3422 5246 Filio
3453 5203 3592 5250 esse,
3625 5202 3690 5240 ex

2108 5288 2199 5342 tali
2231 5287 2389 5343 Patre
2415 5275 2702 5358 prodiisse.
2756 5287 2886 5343 Nam
2922 5298 3278 5356 pra~terqnam
3321 5281 3462 5351 quod
3506 5280 3692 5350 gloria:

421 5375 582 5437 illius,
615 5376 705 5445 qui
740 5391 960 5431 causam
992 5392 1022 5432 a
1067 5378 1211 5434 nullo
1237 5380 1416 5443 habet,
1448 5381 1716 5451 particeps
1741 5389 1844 5444 est,
1875 5380 2000 5450 quia
2025 5394 2086 5432 ex
2121 5393 2195 5432 eo
2229 5386 2331 5444 est,
2367 5379 2576 5433 accedit
2603 5379 2765 5432 etiam
2797 5376 3164 5447 generationis
3183 5375 3372 5436 decus,
3399 5388 3485 5426 res
3517 5381 3688 5438 tanta,

424 5478 639 5536 tamque
692 5470 1020 5535 veneranda,
1066 5470 1134 5525 iis
1175 5471 1386 5541 utique,
1433 5473 1524 5541 qui
1556 5487 1660 5529 non
1685 5472 1909 5529 omnino
1951 5472 2098 5526 humi
2167 5470 2433 5541 provoluti
2487 5480 2633 5538 sunt,
2694 5455 2988 5539 crassoque
3034 5468 3214 5522 animo
3268 5465 3499 5536 praediti.

496 5672 508 5701 '
558 5669 766 5728 lJoan.
807 5691 888 5736 ill,
919 5676 970 5730 2.
1068 5675 1086 5702 ¹
1125 5675 1230 5746 Tit.
1258 5693 1295 5744 ι,
1335 5678 1386 5730 ἓ.
