  <div class='ocr_page' id='page_1' title='image "/cluster/home/n/w/nwhite01/storage/ocr_20150623/130/hvd.32044073502387/289.png"; bbox 0 0 4094 6204; ppageno 0'>
   <div class='ocr_carea' id='block_1_1' title="bbox 360 199 464 258">
    <p class='ocr_par' dir='ltr' id='par_1_1' title="bbox 360 199 464 258">
     <span class='ocr_line' id='line_1_1' title="bbox 360 199 464 258; baseline -0.038 0"><span class='ocrx_word' id='word_1_1' title='bbox 360 199 464 258; x_wconf 71' lang='lat' dir='ltr'>5M</span> 
     </span>
    </p>
   </div>
   <div class='ocr_carea' id='block_1_2' title="bbox 358 393 1932 467">
    <p class='ocr_par' dir='ltr' id='par_1_2' title="bbox 358 393 1932 467">
     <span class='ocr_line' id='line_1_2' title="bbox 358 393 1932 467; baseline -0.004 -15"><span class='ocrx_word' id='word_1_2' title='bbox 358 413 484 452; x_wconf 74' lang='lat' dir='ltr'><strong>cam</strong></span> <span class='ocrx_word' id='word_1_3' title='bbox 523 399 681 452; x_wconf 84' lang='lat' dir='ltr'><strong>i’atre</strong></span> <span class='ocrx_word' id='word_1_4' title='bbox 714 408 817 461; x_wconf 87' lang='lat' dir='ltr'><strong>est,</strong></span> <span class='ocrx_word' id='word_1_5' title='bbox 859 402 1122 467; x_wconf 81' lang='lat' dir='ltr'><strong>proiecto,</strong></span> <span class='ocrx_word' id='word_1_6' title='bbox 1162 413 1285 451; x_wconf 86' lang='lat' dir='ltr'><strong>cum</strong></span> <span class='ocrx_word' id='word_1_7' title='bbox 1324 395 1600 462; x_wconf 68' lang='lat' dir='ltr'><strong>ingenitus</strong></span> <span class='ocrx_word' id='word_1_8' title='bbox 1642 394 1711 447; x_wconf 89' lang='lat' dir='ltr'><strong>sit</strong></span> <span class='ocrx_word' id='word_1_9' title='bbox 1757 393 1932 455; x_wconf 76' lang='lat' dir='ltr'><strong>Pater,</strong></span> 
     </span>
    </p>
   </div>
   <div class='ocr_carea' id='block_1_3' title="bbox 365 488 1937 560">
    <p class='ocr_par' dir='ltr' id='par_1_3' title="bbox 365 488 1937 560">
     <span class='ocr_line' id='line_1_3' title="bbox 365 488 1937 560; baseline 0 -17"><span class='ocrx_word' id='word_1_10' title='bbox 365 493 637 559; x_wconf 79' lang='lat' dir='ltr'><strong>ingenitus</strong></span> <span class='ocrx_word' id='word_1_11' title='bbox 694 506 906 559; x_wconf 88' lang='lat' dir='ltr'><strong>quoque</strong></span> <span class='ocrx_word' id='word_1_12' title='bbox 967 490 1135 542; x_wconf 72' lang='lat' dir='ltr'><strong>Filius</strong></span> <span class='ocrx_word' id='word_1_13' title='bbox 1170 489 1295 542; x_wconf 86' lang='lat' dir='ltr'><strong>erit.</strong></span> <span class='ocrx_word' id='word_1_14' title='bbox 1356 488 1540 550; x_wconf 71' lang='lat' dir='ltr'><strong>liecte,</strong></span> <span class='ocrx_word' id='word_1_15' title='bbox 1572 490 1613 542; x_wconf 86' lang='lat' dir='ltr'><strong>si</strong></span> <span class='ocrx_word' id='word_1_16' title='bbox 1642 489 1937 560; x_wconf 78' lang='lat' dir='ltr'><strong>ingenitum</strong></span> 
     </span>
    </p>
   </div>
   <div class='ocr_carea' id='block_1_4' title="bbox 361 580 1939 647">
    <p class='ocr_par' dir='ltr' id='par_1_4' title="bbox 361 580 1939 647">
     <span class='ocr_line' id='line_1_4' title="bbox 361 580 1939 647; baseline 0.001 -13"><span class='ocrx_word' id='word_1_17' title='bbox 361 582 595 635; x_wconf 89' lang='lat' dir='ltr'><strong>essentia</strong></span> <span class='ocrx_word' id='word_1_18' title='bbox 636 582 728 634; x_wconf 88' lang='lat' dir='ltr'><strong>Dei</strong></span> <span class='ocrx_word' id='word_1_19' title='bbox 763 589 930 645; x_wconf 84' lang='lat' dir='ltr'><strong>esset,</strong></span> <span class='ocrx_word' id='word_1_20' title='bbox 968 590 1024 632; x_wconf 92' lang='lat' dir='ltr'><strong>ut</strong></span> <span class='ocrx_word' id='word_1_21' title='bbox 1057 581 1134 632; x_wconf 86' lang='lat' dir='ltr'><strong>sic</strong></span> <span class='ocrx_word' id='word_1_22' title='bbox 1157 594 1291 633; x_wconf 84' lang='lat' dir='ltr'><strong>nova</strong></span> <span class='ocrx_word' id='word_1_23' title='bbox 1325 580 1567 647; x_wconf 75' lang='lat' dir='ltr'><strong>quaedam</strong></span> <span class='ocrx_word' id='word_1_24' title='bbox 1601 582 1777 635; x_wconf 90' lang='lat' dir='ltr'><strong>mistio</strong></span> <span class='ocrx_word' id='word_1_25' title='bbox 1796 593 1939 637; x_wconf 89' lang='lat' dir='ltr'><strong>esset</strong></span> 
     </span>
    </p>
   </div>
   <div class='ocr_carea' id='block_1_5' title="bbox 358 669 1938 742">
    <p class='ocr_par' dir='ltr' id='par_1_5' title="bbox 358 669 1938 742">
     <span class='ocr_line' id='line_1_5' title="bbox 358 669 1938 742; baseline -0.001 -16"><span class='ocrx_word' id='word_1_26' title='bbox 358 673 894 742; x_wconf 76' lang='lat' dir='ltr'><strong>genito-ingenitum.</strong></span> <span class='ocrx_word' id='word_1_27' title='bbox 942 669 1073 723; x_wconf 89' lang='lat' dir='ltr'><strong>Cum</strong></span> <span class='ocrx_word' id='word_1_28' title='bbox 1120 679 1298 722; x_wconf 86' lang='lat' dir='ltr'><strong>autem</strong></span> <span class='ocrx_word' id='word_1_29' title='bbox 1349 670 1451 722; x_wconf 93' lang='lat' dir='ltr'><strong>hoc</strong></span> <span class='ocrx_word' id='word_1_30' title='bbox 1479 669 1765 725; x_wconf 83' lang='lat' dir='ltr'><strong>discrimen</strong></span> <span class='ocrx_word' id='word_1_31' title='bbox 1794 672 1938 726; x_wconf 88' lang='lat' dir='ltr'><strong>circa</strong></span> 
     </span>
    </p>
   </div>
   <div class='ocr_carea' id='block_1_6' title="bbox 357 763 1937 831">
    <p class='ocr_par' dir='ltr' id='par_1_6' title="bbox 357 763 1937 831">
     <span class='ocr_line' id='line_1_6' title="bbox 357 763 1937 831; baseline -0.001 -15"><span class='ocrx_word' id='word_1_32' title='bbox 357 766 649 819; x_wconf 71' lang='lat' dir='ltr'><strong>essentiam</strong></span> <span class='ocrx_word' id='word_1_33' title='bbox 696 763 1093 825; x_wconf 80' lang='lat' dir='ltr'><strong>consideretur,</strong></span> <span class='ocrx_word' id='word_1_34' title='bbox 1129 763 1255 831; x_wconf 89' lang='lat' dir='ltr'><strong>quid</strong></span> <span class='ocrx_word' id='word_1_35' title='bbox 1297 773 1348 816; x_wconf 85' lang='lat' dir='ltr'><strong>tu</strong></span> <span class='ocrx_word' id='word_1_36' title='bbox 1384 765 1485 816; x_wconf 90' lang='lat' dir='ltr'><strong>hoc</strong></span> <span class='ocrx_word' id='word_1_37' title='bbox 1527 763 1680 830; x_wconf 86' lang='lat' dir='ltr'><strong>quasi</strong></span> <span class='ocrx_word' id='word_1_38' title='bbox 1726 764 1937 816; x_wconf 87' lang='lat' dir='ltr'><strong>iirmum</strong></span> 
     </span>
    </p>
   </div>
   <div class='ocr_carea' id='block_1_7' title="bbox 357 853 1937 924">
    <p class='ocr_par' dir='ltr' id='par_1_7' title="bbox 357 853 1937 924">
     <span class='ocr_line' id='line_1_7' title="bbox 357 853 1937 924; baseline -0.001 -16"><span class='ocrx_word' id='word_1_39' title='bbox 357 855 612 921; x_wconf 83' lang='lat' dir='ltr'><strong>quiddam</strong></span> <span class='ocrx_word' id='word_1_40' title='bbox 647 853 905 922; x_wconf 82' lang='lat' dir='ltr'><strong>profers?</strong></span> <span class='ocrx_word' id='word_1_41' title='bbox 957 854 1038 906; x_wconf 81' lang='lat' dir='ltr'><strong>Att</strong></span> <span class='ocrx_word' id='word_1_42' title='bbox 1073 865 1124 907; x_wconf 89' lang='lat' dir='ltr'><strong>ttt</strong></span> <span class='ocrx_word' id='word_1_43' title='bbox 1179 870 1391 922; x_wconf 89' lang='lat' dir='ltr'><strong>quoque</strong></span> <span class='ocrx_word' id='word_1_44' title='bbox 1440 855 1608 923; x_wconf 80' lang='lat' dir='ltr'><strong>patris</strong></span> <span class='ocrx_word' id='word_1_45' title='bbox 1659 865 1809 924; x_wconf 83' lang='lat' dir='ltr'><strong>pater</strong></span> <span class='ocrx_word' id='word_1_46' title='bbox 1858 871 1937 922; x_wconf 89' lang='lat' dir='ltr'><strong>es,</strong></span> 
     </span>
    </p>
   </div>
   <div class='ocr_carea' id='block_1_8' title="bbox 360 945 1937 1014">
    <p class='ocr_par' dir='ltr' id='par_1_8' title="bbox 360 945 1937 1014">
     <span class='ocr_line' id='line_1_8' title="bbox 360 945 1937 1014; baseline 0.001 -19"><span class='ocrx_word' id='word_1_47' title='bbox 360 955 417 997; x_wconf 92' lang='lat' dir='ltr'><strong>ut</strong></span> <span class='ocrx_word' id='word_1_48' title='bbox 479 945 622 997; x_wconf 85' lang='lat' dir='ltr'><strong>nulla</strong></span> <span class='ocrx_word' id='word_1_49' title='bbox 680 960 736 998; x_wconf 77' lang='lat' dir='ltr'><strong>re.</strong></span> <span class='ocrx_word' id='word_1_50' title='bbox 789 960 817 996; x_wconf 89' lang='lat' dir='ltr'><strong>a</strong></span> <span class='ocrx_word' id='word_1_51' title='bbox 851 953 1002 1011; x_wconf 79' lang='lat' dir='ltr'><strong>patre</strong></span> <span class='ocrx_word' id='word_1_52' title='bbox 1044 956 1134 997; x_wconf 90' lang='lat' dir='ltr'><strong>tuo</strong></span> <span class='ocrx_word' id='word_1_53' title='bbox 1164 948 1457 1012; x_wconf 88' lang='lat' dir='ltr'><strong>sttpcreris,</strong></span> <span class='ocrx_word' id='word_1_54' title='bbox 1507 946 1937 1014; x_wconf 69' lang='lat' dir='ltr'><strong>quandoquidem</strong></span> 
     </span>
    </p>
   </div>
   <div class='ocr_carea' id='block_1_9' title="bbox 357 1034 1936 1104">
    <p class='ocr_par' dir='ltr' id='par_1_9' title="bbox 357 1034 1936 1104">
     <span class='ocr_line' id='line_1_9' title="bbox 357 1034 1936 1104; baseline 0 -17"><span class='ocrx_word' id='word_1_55' title='bbox 357 1036 590 1088; x_wconf 78' lang='lat' dir='ltr'><strong>essentia</strong></span> <span class='ocrx_word' id='word_1_56' title='bbox 626 1035 764 1088; x_wconf 89' lang='lat' dir='ltr'><strong>idem</strong></span> <span class='ocrx_word' id='word_1_57' title='bbox 810 1051 931 1088; x_wconf 92' lang='lat' dir='ltr'><strong>cum</strong></span> <span class='ocrx_word' id='word_1_58' title='bbox 968 1052 1030 1088; x_wconf 89' lang='lat' dir='ltr'><strong>eo</strong></span> <span class='ocrx_word' id='word_1_59' title='bbox 1067 1037 1168 1090; x_wconf 86' lang='lat' dir='ltr'><strong>es?</strong></span> <span class='ocrx_word' id='word_1_60' title='bbox 1212 1034 1399 1089; x_wconf 81' lang='lat' dir='ltr'><strong>Nonne</strong></span> <span class='ocrx_word' id='word_1_61' title='bbox 1450 1037 1788 1104; x_wconf 78' lang='lat' dir='ltr'><strong>perspicuum</strong></span> <span class='ocrx_word' id='word_1_62' title='bbox 1833 1048 1936 1102; x_wconf 84' lang='lat' dir='ltr'><strong>est,</strong></span> 
     </span>
    </p>
   </div>
   <div class='ocr_carea' id='block_1_10' title="bbox 356 1126 1936 1195">
    <p class='ocr_par' dir='ltr' id='par_1_10' title="bbox 356 1126 1936 1195">
     <span class='ocr_line' id='line_1_10' title="bbox 356 1126 1936 1195; baseline -0.001 -16"><span class='ocrx_word' id='word_1_63' title='bbox 356 1127 688 1194; x_wconf 79' lang='lat' dir='ltr'><strong>proprietate</strong></span> <span class='ocrx_word' id='word_1_64' title='bbox 719 1126 822 1179; x_wconf 82' lang='lat' dir='ltr'><strong>lixa</strong></span> <span class='ocrx_word' id='word_1_65' title='bbox 850 1136 900 1179; x_wconf 91' lang='lat' dir='ltr'><strong>ct</strong></span> <span class='ocrx_word' id='word_1_66' title='bbox 947 1127 1125 1179; x_wconf 90' lang='lat' dir='ltr'><strong>stabili</strong></span> <span class='ocrx_word' id='word_1_67' title='bbox 1173 1138 1538 1195; x_wconf 79' lang='lat' dir='ltr'><strong>permanente,</strong></span> <span class='ocrx_word' id='word_1_68' title='bbox 1594 1129 1936 1195; x_wconf 64' lang='lat' dir='ltr'><strong>quaerendum</strong></span> 
     </span>
    </p>
   </div>
   <div class='ocr_carea' id='block_1_11' title="bbox 361 1217 1939 1288">
    <p class='ocr_par' dir='ltr' id='par_1_11' title="bbox 361 1217 1939 1288">
     <span class='ocr_line' id='line_1_11' title="bbox 361 1217 1939 1288; baseline 0.001 -19"><span class='ocrx_word' id='word_1_69' title='bbox 361 1218 519 1270; x_wconf 86' lang='lat' dir='ltr'><strong>nobis</strong></span> <span class='ocrx_word' id='word_1_70' title='bbox 570 1233 691 1271; x_wconf 85' lang='lat' dir='ltr'><strong>esse</strong></span> <span class='ocrx_word' id='word_1_71' title='bbox 740 1233 860 1288; x_wconf 53' lang='lat' dir='ltr'><strong>qua</strong></span> <span class='ocrx_word' id='word_1_72' title='bbox 915 1220 983 1272; x_wconf 86' lang='lat' dir='ltr'><strong>sit</strong></span> <span class='ocrx_word' id='word_1_73' title='bbox 1024 1219 1111 1272; x_wconf 87' lang='lat' dir='ltr'><strong>Dei</strong></span> <span class='ocrx_word' id='word_1_74' title='bbox 1144 1220 1399 1281; x_wconf 79' lang='lat' dir='ltr'><strong>essentia,</strong></span> <span class='ocrx_word' id='word_1_75' title='bbox 1437 1219 1478 1270; x_wconf 89' lang='lat' dir='ltr'><strong>si</strong></span> <span class='ocrx_word' id='word_1_76' title='bbox 1523 1226 1703 1270; x_wconf 88' lang='lat' dir='ltr'><strong>tamen</strong></span> <span class='ocrx_word' id='word_1_77' title='bbox 1738 1232 1798 1269; x_wconf 88' lang='lat' dir='ltr'><strong>ea</strong></span> <span class='ocrx_word' id='word_1_78' title='bbox 1834 1217 1939 1270; x_wconf 88' lang='lat' dir='ltr'><strong>ulto</strong></span> 
     </span>
    </p>
   </div>
   <div class='ocr_carea' id='block_1_12' title="bbox 359 1309 1939 1377">
    <p class='ocr_par' dir='ltr' id='par_1_12' title="bbox 359 1309 1939 1377">
     <span class='ocr_line' id='line_1_12' title="bbox 359 1309 1939 1377; baseline 0.001 -16"><span class='ocrx_word' id='word_1_79' title='bbox 359 1310 517 1361; x_wconf 86' lang='lat' dir='ltr'><strong>modo</strong></span> <span class='ocrx_word' id='word_1_80' title='bbox 544 1311 829 1377; x_wconf 60' lang='lat' dir='ltr'><strong>quairenda</strong></span> <span class='ocrx_word' id='word_1_81' title='bbox 850 1320 929 1363; x_wconf 89' lang='lat' dir='ltr'><strong>est</strong></span> <span class='ocrx_word' id='word_1_82' title='bbox 950 1311 972 1361; x_wconf 88' lang='lat'><strong>?</strong></span> <span class='ocrx_word' id='word_1_83' title='bbox 1002 1310 1151 1376; x_wconf 83' lang='lat' dir='ltr'><strong>Quod</strong></span> <span class='ocrx_word' id='word_1_84' title='bbox 1182 1321 1359 1364; x_wconf 86' lang='lat' dir='ltr'><strong>autem</strong></span> <span class='ocrx_word' id='word_1_85' title='bbox 1385 1310 1679 1377; x_wconf 83' lang='lat' dir='ltr'><strong>ingenitum</strong></span> <span class='ocrx_word' id='word_1_86' title='bbox 1716 1318 1769 1362; x_wconf 89' lang='lat' dir='ltr'><strong>et</strong></span> <span class='ocrx_word' id='word_1_87' title='bbox 1800 1309 1939 1371; x_wconf 78' lang='lat' dir='ltr'><strong>Deus</strong></span> 
     </span>
    </p>
   </div>
   <div class='ocr_carea' id='block_1_13' title="bbox 360 1397 1937 1467">
    <p class='ocr_par' dir='ltr' id='par_1_13' title="bbox 360 1397 1937 1467">
     <span class='ocr_line' id='line_1_13' title="bbox 360 1397 1937 1467; baseline -0.001 -18"><span class='ocrx_word' id='word_1_88' title='bbox 360 1398 502 1450; x_wconf 87' lang='lat' dir='ltr'><strong>idem</strong></span> <span class='ocrx_word' id='word_1_89' title='bbox 547 1416 651 1450; x_wconf 88' lang='lat' dir='ltr'><strong>non</strong></span> <span class='ocrx_word' id='word_1_90' title='bbox 702 1400 830 1460; x_wconf 85' lang='lat' dir='ltr'><strong>sint,</strong></span> <span class='ocrx_word' id='word_1_91' title='bbox 883 1400 1004 1453; x_wconf 92' lang='lat' dir='ltr'><strong>hinc</strong></span> <span class='ocrx_word' id='word_1_92' title='bbox 1038 1398 1149 1452; x_wconf 65' lang='lat' dir='ltr'><strong>l‘et‘e</strong></span> <span class='ocrx_word' id='word_1_93' title='bbox 1204 1398 1486 1467; x_wconf 81' lang='lat' dir='ltr'><strong>intelliges.</strong></span> <span class='ocrx_word' id='word_1_94' title='bbox 1534 1399 1587 1450; x_wconf 86' lang='lat' dir='ltr'><strong>Si</strong></span> <span class='ocrx_word' id='word_1_95' title='bbox 1618 1397 1759 1450; x_wconf 87' lang='lat' dir='ltr'><strong>enim</strong></span> <span class='ocrx_word' id='word_1_96' title='bbox 1797 1397 1937 1449; x_wconf 88' lang='lat' dir='ltr'><strong>idetn</strong></span> 
     </span>
    </p>
   </div>
   <div class='ocr_carea' id='block_1_14' title="bbox 356 1492 1939 1560">
    <p class='ocr_par' dir='ltr' id='par_1_14' title="bbox 356 1492 1939 1560">
     <span class='ocr_line' id='line_1_14' title="bbox 356 1492 1939 1560; baseline -0.001 -16"><span class='ocrx_word' id='word_1_97' title='bbox 356 1501 559 1555; x_wconf 81' lang='lat' dir='ltr'><strong>essent,</strong></span> <span class='ocrx_word' id='word_1_98' title='bbox 629 1507 849 1559; x_wconf 78' lang='lat' dir='ltr'><strong>prorsus</strong></span> <span class='ocrx_word' id='word_1_99' title='bbox 1129 1501 1421 1560; x_wconf 87' lang='lat' dir='ltr'><strong>oporteret,</strong></span> <span class='ocrx_word' id='word_1_100' title='bbox 1476 1492 1727 1560; x_wconf 85' lang='lat' dir='ltr'><strong>quoniam</strong></span> <span class='ocrx_word' id='word_1_101' title='bbox 1801 1492 1939 1543; x_wconf 86' lang='lat' dir='ltr'><strong>Deus</strong></span> 
     </span>
    </p>
   </div>
   <div class='ocr_carea' id='block_1_15' title="bbox 357 1584 1940 1653">
    <p class='ocr_par' dir='ltr' id='par_1_15' title="bbox 357 1584 1940 1653">
     <span class='ocr_line' id='line_1_15' title="bbox 357 1584 1940 1653; baseline 0.001 -18"><span class='ocrx_word' id='word_1_102' title='bbox 357 1587 717 1653; x_wconf 85' lang='lat' dir='ltr'><strong>qttortttttdam</strong></span> <span class='ocrx_word' id='word_1_103' title='bbox 755 1587 894 1639; x_wconf 83' lang='lat' dir='ltr'><strong>Dens</strong></span> <span class='ocrx_word' id='word_1_104' title='bbox 946 1595 1048 1648; x_wconf 85' lang='lat' dir='ltr'><strong>est,</strong></span> <span class='ocrx_word' id='word_1_105' title='bbox 1101 1586 1455 1653; x_wconf 85' lang='lat' dir='ltr'><strong>quorumdam</strong></span> <span class='ocrx_word' id='word_1_106' title='bbox 1485 1600 1701 1653; x_wconf 90' lang='lat' dir='ltr'><strong>quoque</strong></span> <span class='ocrx_word' id='word_1_107' title='bbox 1728 1584 1940 1652; x_wconf 80' lang='lat' dir='ltr'><strong>ingeni-</strong></span> 
     </span>
    </p>
   </div>
   <div class='ocr_carea' id='block_1_16' title="bbox 359 1677 1939 1747">
    <p class='ocr_par' dir='ltr' id='par_1_16' title="bbox 359 1677 1939 1747">
     <span class='ocr_line' id='line_1_16' title="bbox 359 1677 1939 1747; baseline 0.001 -18"><span class='ocrx_word' id='word_1_108' title='bbox 359 1687 470 1729; x_wconf 87' lang='lat' dir='ltr'><strong>tum</strong></span> <span class='ocrx_word' id='word_1_109' title='bbox 505 1693 623 1731; x_wconf 86' lang='lat' dir='ltr'><strong>esse</strong></span> <span class='ocrx_word' id='word_1_110' title='bbox 672 1695 685 1728; x_wconf 86' lang='lat'><strong>:</strong></span> <span class='ocrx_word' id='word_1_111' title='bbox 727 1688 818 1730; x_wconf 84' lang='lat' dir='ltr'><strong>aut</strong></span> <span class='ocrx_word' id='word_1_112' title='bbox 848 1686 1059 1739; x_wconf 84' lang='lat' dir='ltr'><strong>contra,</strong></span> <span class='ocrx_word' id='word_1_113' title='bbox 1111 1678 1364 1745; x_wconf 87' lang='lat' dir='ltr'><strong>quoniam</strong></span> <span class='ocrx_word' id='word_1_114' title='bbox 1419 1678 1713 1747; x_wconf 85' lang='lat' dir='ltr'><strong>ingenitum</strong></span> <span class='ocrx_word' id='word_1_115' title='bbox 1742 1677 1939 1731; x_wconf 88' lang='lat' dir='ltr'><strong>nullius</strong></span> 
     </span>
    </p>
   </div>
   <div class='ocr_carea' id='block_1_17' title="bbox 357 1769 1939 1838">
    <p class='ocr_par' dir='ltr' id='par_1_17' title="bbox 357 1769 1939 1838">
     <span class='ocr_line' id='line_1_17' title="bbox 357 1769 1939 1838; baseline 0.001 -17"><span class='ocrx_word' id='word_1_116' title='bbox 357 1780 461 1826; x_wconf 84' lang='lat' dir='ltr'><strong>est.</strong></span> <span class='ocrx_word' id='word_1_117' title='bbox 485 1787 583 1823; x_wconf 82' lang='lat' dir='ltr'><strong>nec</strong></span> <span class='ocrx_word' id='word_1_118' title='bbox 618 1770 781 1822; x_wconf 87' lang='lat' dir='ltr'><strong>Deum</strong></span> <span class='ocrx_word' id='word_1_119' title='bbox 810 1785 1024 1838; x_wconf 85' lang='lat' dir='ltr'><strong>quoque</strong></span> <span class='ocrx_word' id='word_1_120' title='bbox 1054 1770 1409 1836; x_wconf 81' lang='lat' dir='ltr'><strong>quorumdam</strong></span> <span class='ocrx_word' id='word_1_121' title='bbox 1464 1784 1606 1824; x_wconf 85' lang='lat' dir='ltr'><strong>esse.</strong></span> <span class='ocrx_word' id='word_1_122' title='bbox 1652 1769 1781 1821; x_wconf 76' lang='lat' dir='ltr'><strong>Nam</strong></span> <span class='ocrx_word' id='word_1_123' title='bbox 1819 1784 1939 1838; x_wconf 66' lang='lat' dir='ltr'><strong>qua:</strong></span> 
     </span>
    </p>
   </div>
   <div class='ocr_carea' id='block_1_18' title="bbox 357 1859 1940 1925">
    <p class='ocr_par' dir='ltr' id='par_1_18' title="bbox 357 1859 1940 1925">
     <span class='ocr_line' id='line_1_18' title="bbox 357 1859 1940 1925; baseline 0.001 -14"><span class='ocrx_word' id='word_1_124' title='bbox 357 1862 581 1914; x_wconf 80' lang='lat' dir='ltr'><strong>omnino</strong></span> <span class='ocrx_word' id='word_1_125' title='bbox 603 1861 791 1914; x_wconf 86' lang='lat' dir='ltr'><strong>eadem</strong></span> <span class='ocrx_word' id='word_1_126' title='bbox 826 1872 971 1925; x_wconf 84' lang='lat' dir='ltr'><strong>sunt,</strong></span> <span class='ocrx_word' id='word_1_127' title='bbox 1025 1861 1274 1916; x_wconf 86' lang='lat' dir='ltr'><strong>similiter</strong></span> <span class='ocrx_word' id='word_1_128' title='bbox 1304 1861 1465 1915; x_wconf 86' lang='lat' dir='ltr'><strong>etiam</strong></span> <span class='ocrx_word' id='word_1_129' title='bbox 1516 1859 1831 1915; x_wconf 76' lang='lat' dir='ltr'><strong>eli&#39;et&#39;untur.</strong></span> <span class='ocrx_word' id='word_1_130' title='bbox 1872 1861 1940 1913; x_wconf 86' lang='lat' dir='ltr'><strong>At</strong></span> 
     </span>
    </p>
   </div>
   <div class='ocr_carea' id='block_1_19' title="bbox 358 1949 1935 2021">
    <p class='ocr_par' dir='ltr' id='par_1_19' title="bbox 358 1949 1935 2021">
     <span class='ocr_line' id='line_1_19' title="bbox 358 1949 1935 2021; baseline -0.001 -18"><span class='ocrx_word' id='word_1_131' title='bbox 358 1951 657 2016; x_wconf 76' lang='lat' dir='ltr'><strong>ingenitum</strong></span> <span class='ocrx_word' id='word_1_132' title='bbox 720 1968 824 2004; x_wconf 89' lang='lat' dir='ltr'><strong>non</strong></span> <span class='ocrx_word' id='word_1_133' title='bbox 877 1953 1232 2020; x_wconf 88' lang='lat' dir='ltr'><strong>quorumdam</strong></span> <span class='ocrx_word' id='word_1_134' title='bbox 1284 1961 1368 2005; x_wconf 87' lang='lat' dir='ltr'><strong>est</strong></span> <span class='ocrx_word' id='word_1_135' title='bbox 1415 1954 1662 2021; x_wconf 90' lang='lat' dir='ltr'><strong>(quorum</strong></span> <span class='ocrx_word' id='word_1_136' title='bbox 1705 1949 1846 2005; x_wconf 87' lang='lat' dir='ltr'><strong>enim</strong></span> <span class='ocrx_word' id='word_1_137' title='bbox 1868 1951 1935 2019; x_wconf 66' lang='grc' dir='ltr'><strong>ἲ),</strong></span> 
     </span>
    </p>
   </div>
   <div class='ocr_carea' id='block_1_20' title="bbox 360 2044 1937 2110">
    <p class='ocr_par' dir='ltr' id='par_1_20' title="bbox 360 2044 1937 2110">
     <span class='ocr_line' id='line_1_20' title="bbox 360 2044 1937 2110; baseline 0.001 -15"><span class='ocrx_word' id='word_1_138' title='bbox 360 2044 502 2095; x_wconf 78' lang='lat' dir='ltr'><strong>Deus</strong></span> <span class='ocrx_word' id='word_1_139' title='bbox 532 2058 657 2095; x_wconf 83' lang='lat' dir='ltr'><strong>vero</strong></span> <span class='ocrx_word' id='word_1_140' title='bbox 692 2045 1049 2110; x_wconf 88' lang='lat' dir='ltr'><strong>quorunulam</strong></span> <span class='ocrx_word' id='word_1_141' title='bbox 1092 2044 1229 2097; x_wconf 83' lang='lat' dir='ltr'><strong>Deus</strong></span> <span class='ocrx_word' id='word_1_142' title='bbox 1284 2055 1387 2107; x_wconf 82' lang='lat' dir='ltr'><strong>est,</strong></span> <span class='ocrx_word' id='word_1_143' title='bbox 1423 2044 1663 2097; x_wconf 88' lang='lat' dir='ltr'><strong>omnium</strong></span> <span class='ocrx_word' id='word_1_144' title='bbox 1721 2044 1937 2110; x_wconf 84' lang='lat' dir='ltr'><strong>quippe.</strong></span> 
     </span>
    </p>
   </div>
   <div class='ocr_carea' id='block_1_21' title="bbox 357 2134 1939 2204">
    <p class='ocr_par' dir='ltr' id='par_1_21' title="bbox 357 2134 1939 2204">
     <span class='ocr_line' id='line_1_21' title="bbox 357 2134 1939 2204; baseline 0 -17"><span class='ocrx_word' id='word_1_145' title='bbox 357 2137 475 2201; x_wconf 86' lang='lat' dir='ltr'><strong>Quo</strong></span> <span class='ocrx_word' id='word_1_146' title='bbox 507 2151 636 2204; x_wconf 80' lang='lat' dir='ltr'><strong>ergo</strong></span> <span class='ocrx_word' id='word_1_147' title='bbox 666 2138 823 2189; x_wconf 87' lang='lat' dir='ltr'><strong>modo</strong></span> <span class='ocrx_word' id='word_1_148' title='bbox 859 2136 998 2189; x_wconf 84' lang='lat' dir='ltr'><strong>idem</strong></span> <span class='ocrx_word' id='word_1_149' title='bbox 1032 2144 1194 2188; x_wconf 86' lang='lat' dir='ltr'><strong>erunt</strong></span> <span class='ocrx_word' id='word_1_150' title='bbox 1236 2137 1377 2189; x_wconf 84' lang='lat' dir='ltr'><strong>Deus</strong></span> <span class='ocrx_word' id='word_1_151' title='bbox 1405 2144 1455 2188; x_wconf 90' lang='lat' dir='ltr'><strong>et</strong></span> <span class='ocrx_word' id='word_1_152' title='bbox 1488 2134 1824 2203; x_wconf 78' lang='lat' dir='ltr'><strong>Ingenittnn?</strong></span> <span class='ocrx_word' id='word_1_153' title='bbox 1862 2136 1939 2187; x_wconf 87' lang='lat' dir='ltr'><strong>Ac</strong></span> 
     </span>
    </p>
   </div>
   <div class='ocr_carea' id='block_1_22' title="bbox 356 2224 1941 2294">
    <p class='ocr_par' dir='ltr' id='par_1_22' title="bbox 356 2224 1941 2294">
     <span class='ocr_line' id='line_1_22' title="bbox 356 2224 1941 2294; baseline 0.002 -19"><span class='ocrx_word' id='word_1_154' title='bbox 356 2238 566 2285; x_wconf 86' lang='lat' dir='ltr'><strong>rursus,</strong></span> <span class='ocrx_word' id='word_1_155' title='bbox 597 2224 854 2293; x_wconf 90' lang='lat' dir='ltr'><strong>quoniam</strong></span> <span class='ocrx_word' id='word_1_156' title='bbox 888 2225 1186 2293; x_wconf 78' lang='lat' dir='ltr'><strong>ingenitum</strong></span> <span class='ocrx_word' id='word_1_157' title='bbox 1229 2235 1281 2278; x_wconf 87' lang='lat' dir='ltr'><strong>et</strong></span> <span class='ocrx_word' id='word_1_158' title='bbox 1314 2225 1550 2294; x_wconf 80' lang='lat' dir='ltr'><strong>genitum</strong></span> <span class='ocrx_word' id='word_1_159' title='bbox 1589 2224 1733 2278; x_wconf 88' lang='lat' dir='ltr'><strong>inter</strong></span> <span class='ocrx_word' id='word_1_160' title='bbox 1758 2240 1817 2278; x_wconf 88' lang='lat' dir='ltr'><strong>se</strong></span> <span class='ocrx_word' id='word_1_161' title='bbox 1845 2238 1941 2293; x_wconf 90' lang='lat' dir='ltr'><strong>0p-</strong></span> 
     </span>
    </p>
   </div>
   <div class='ocr_carea' id='block_1_23' title="bbox 356 2313 1941 2382">
    <p class='ocr_par' dir='ltr' id='par_1_23' title="bbox 356 2313 1941 2382">
     <span class='ocr_line' id='line_1_23' title="bbox 356 2313 1941 2382; baseline 0.003 -23"><span class='ocrx_word' id='word_1_162' title='bbox 356 2322 646 2378; x_wconf 89' lang='lat' dir='ltr'><strong>ponuntur,</strong></span> <span class='ocrx_word' id='word_1_163' title='bbox 680 2322 735 2365; x_wconf 94' lang='lat' dir='ltr'><strong>ut</strong></span> <span class='ocrx_word' id='word_1_164' title='bbox 765 2314 978 2367; x_wconf 84' lang='lat' dir='ltr'><strong>habitus</strong></span> <span class='ocrx_word' id='word_1_165' title='bbox 1009 2323 1063 2368; x_wconf 86' lang='lat' dir='ltr'><strong>et</strong></span> <span class='ocrx_word' id='word_1_166' title='bbox 1092 2313 1341 2382; x_wconf 79' lang='lat' dir='ltr'><strong>privatio,</strong></span> <span class='ocrx_word' id='word_1_167' title='bbox 1375 2313 1703 2367; x_wconf 81' lang='lat' dir='ltr'><strong>substantias</strong></span> <span class='ocrx_word' id='word_1_168' title='bbox 1727 2326 1941 2381; x_wconf 88' lang='lat' dir='ltr'><strong>quoque</strong></span> 
     </span>
    </p>
   </div>
   <div class='ocr_carea' id='block_1_24' title="bbox 357 2402 1941 2473">
    <p class='ocr_par' dir='ltr' id='par_1_24' title="bbox 357 2402 1941 2473">
     <span class='ocr_line' id='line_1_24' title="bbox 357 2402 1941 2473; baseline -0.001 -18"><span class='ocrx_word' id='word_1_169' title='bbox 357 2402 499 2458; x_wconf 84' lang='lat' dir='ltr'><strong>inter</strong></span> <span class='ocrx_word' id='word_1_170' title='bbox 524 2418 581 2456; x_wconf 82' lang='lat' dir='ltr'><strong>se</strong></span> <span class='ocrx_word' id='word_1_171' title='bbox 616 2404 890 2473; x_wconf 73' lang='lat' dir='ltr'><strong>Oppositus</strong></span> <span class='ocrx_word' id='word_1_172' title='bbox 923 2406 1100 2459; x_wconf 86' lang='lat' dir='ltr'><strong>induci</strong></span> <span class='ocrx_word' id='word_1_173' title='bbox 1166 2419 1387 2459; x_wconf 79' lang='lat' dir='ltr'><strong>necesse</strong></span> <span class='ocrx_word' id='word_1_174' title='bbox 1436 2413 1536 2468; x_wconf 87' lang='lat' dir='ltr'><strong>est,</strong></span> <span class='ocrx_word' id='word_1_175' title='bbox 1592 2406 1733 2472; x_wconf 92' lang='lat' dir='ltr'><strong>quod</strong></span> <span class='ocrx_word' id='word_1_176' title='bbox 1785 2418 1941 2457; x_wconf 89' lang='lat' dir='ltr'><strong>nemo</strong></span> 
     </span>
    </p>
   </div>
   <div class='ocr_carea' id='block_1_25' title="bbox 1614 189 2402 247">
    <p class='ocr_par' dir='ltr' id='par_1_25' title="bbox 1614 189 2402 247">
     <span class='ocr_line' id='line_1_25' title="bbox 1614 189 2402 247; baseline -0.003 0"><span class='ocrx_word' id='word_1_177' title='bbox 1614 191 1711 247; x_wconf 70' lang='lat' dir='ltr'><strong>EU</strong></span> <span class='ocrx_word' id='word_1_178' title='bbox 1734 189 1998 247; x_wconf 58' lang='lat' dir='ltr'><strong>l&#39;lllfdll</strong></span> <span class='ocrx_word' id='word_1_179' title='bbox 2040 189 2211 246; x_wconf 69' lang='grc' dir='ltr'><strong>ΖΜΞΑ</strong></span> <span class='ocrx_word' id='word_1_180' title='bbox 2226 189 2402 247; x_wconf 67' lang='lat' dir='ltr'><strong>BEN!</strong></span> 
     </span>
    </p>
   </div>
   <div class='ocr_carea' id='block_1_26' title="bbox 431 305 2001 377">
    <p class='ocr_par' dir='ltr' id='par_1_26' title="bbox 431 305 2001 377">
     <span class='ocr_line' id='line_1_26' title="bbox 431 305 2001 377; baseline -0.003 -14"><span class='ocrx_word' id='word_1_181' title='bbox 431 309 535 363; x_wconf 89' lang='lat' dir='ltr'><strong>Sed</strong></span> <span class='ocrx_word' id='word_1_182' title='bbox 576 311 619 362; x_wconf 91' lang='lat' dir='ltr'><strong>si</strong></span> <span class='ocrx_word' id='word_1_183' title='bbox 674 307 864 371; x_wconf 82' lang='lat' dir='ltr'><strong>Filius,</strong></span> <span class='ocrx_word' id='word_1_184' title='bbox 914 311 1191 377; x_wconf 77' lang='lat' dir='ltr'><strong>inquiunt,</strong></span> <span class='ocrx_word' id='word_1_185' title='bbox 1245 305 1495 358; x_wconf 64' lang='lat' dir='ltr'><strong>essentne</strong></span> <span class='ocrx_word' id='word_1_186' title='bbox 1540 306 1747 358; x_wconf 84' lang='lat' dir='ltr'><strong>:atione</strong></span> <span class='ocrx_word' id='word_1_187' title='bbox 1788 306 1926 356; x_wconf 64' lang='lat' dir='ltr'><strong>idum</strong></span> <span class='ocrx_word' id='word_1_188' title='bbox 1960 308 2001 359; x_wconf 83' lang='lat' dir='ltr'><strong>A</strong></span> 
     </span>
    </p>
   </div>
   <div class='ocr_carea' id='block_1_27' title="bbox 3529 197 3635 260">
    <p class='ocr_par' dir='ltr' id='par_1_27' title="bbox 3529 197 3635 260">
     <span class='ocr_line' id='line_1_27' title="bbox 3529 197 3635 260; baseline 0.038 -4"><span class='ocrx_word' id='word_1_189' title='bbox 3529 197 3635 260; x_wconf 48' lang='lat'><strong>5.18</strong></span> 
     </span>
    </p>
   </div>
   <div class='ocr_carea' id='block_1_28' title="bbox 2116 301 3637 378">
    <p class='ocr_par' dir='ltr' id='par_1_28' title="bbox 2116 301 3637 378">
     <span class='ocr_line' id='line_1_28' title="bbox 2116 301 3637 378; baseline 0.007 -25"><span class='ocrx_word' id='word_1_190' title='bbox 2116 302 2238 353; x_wconf 82' lang='grc' dir='ltr'>Ἀλλ</span> <span class='ocrx_word' id='word_1_191' title='bbox 2296 303 2344 353; x_wconf 83' lang='grc' dir='ltr'>εἰ</span> <span class='ocrx_word' id='word_1_192' title='bbox 2394 301 2629 369; x_wconf 78' lang='grc' dir='ltr'>ταυτὸν,</span> <span class='ocrx_word' id='word_1_193' title='bbox 2667 306 2848 372; x_wconf 77' lang='grc' dir='ltr'>ρασ“.ν,</span> <span class='ocrx_word' id='word_1_194' title='bbox 2904 307 2934 357; x_wconf 85' lang='grc' dir='ltr'>ὁ</span> <span class='ocrx_word' id='word_1_195' title='bbox 2993 302 3117 365; x_wconf 80' lang='grc' dir='ltr'>Υἱὸς</span> <span class='ocrx_word' id='word_1_196' title='bbox 3160 302 3237 373; x_wconf 80' lang='grc' dir='ltr'>τῷ</span> <span class='ocrx_word' id='word_1_197' title='bbox 3289 307 3466 378; x_wconf 78' lang='grc' dir='ltr'>Πατρὶ</span> <span class='ocrx_word' id='word_1_198' title='bbox 3513 317 3637 363; x_wconf 68' lang='grc' dir='ltr'><strong>και⁹</strong></span> 
     </span>
    </p>
   </div>
   <div class='ocr_carea' id='block_1_29' title="bbox 2042 393 3639 465">
    <p class='ocr_par' dir='ltr' id='par_1_29' title="bbox 2042 393 3639 465">
     <span class='ocr_line' id='line_1_29' title="bbox 2042 393 3639 465; baseline 0.006 -20"><span class='ocrx_word' id='word_1_199' title='bbox 2042 393 2251 457; x_wconf 47' lang='grc' dir='ltr'>οὐσίαν,</span> <span class='ocrx_word' id='word_1_200' title='bbox 2313 394 2612 462; x_wconf 78' lang='grc' dir='ltr'>ἀγέννητος</span> <span class='ocrx_word' id='word_1_201' title='bbox 2666 394 2722 447; x_wconf 82' lang='grc' dir='ltr'><strong>δὲ</strong></span> <span class='ocrx_word' id='word_1_202' title='bbox 2770 398 2798 448; x_wconf 90' lang='grc' dir='ltr'><strong>ό</strong></span> <span class='ocrx_word' id='word_1_203' title='bbox 2846 395 3065 465; x_wconf 82' lang='grc' dir='ltr'>Πατὴρ,</span> <span class='ocrx_word' id='word_1_204' title='bbox 3123 395 3282 448; x_wconf 75' lang='grc' dir='ltr'>ἔσται</span> <span class='ocrx_word' id='word_1_205' title='bbox 3327 397 3490 452; x_wconf 90' lang='grc' dir='ltr'>τοῦτο</span> <span class='ocrx_word' id='word_1_206' title='bbox 3541 402 3639 455; x_wconf 72' lang='grc' dir='ltr'>καὶ</span> 
     </span>
    </p>
   </div>
   <div class='ocr_carea' id='block_1_30' title="bbox 2046 489 3637 569">
    <p class='ocr_par' dir='ltr' id='par_1_30' title="bbox 2046 489 3637 569">
     <span class='ocr_line' id='line_1_30' title="bbox 2046 489 3637 569; baseline 0.004 -28"><span class='ocrx_word' id='word_1_207' title='bbox 2046 492 2073 541; x_wconf 83' lang='grc' dir='ltr'><strong>ὁ</strong></span> <span class='ocrx_word' id='word_1_208' title='bbox 2100 490 2243 551; x_wconf 81' lang='grc' dir='ltr'>Υἱός.</span> <span class='ocrx_word' id='word_1_209' title='bbox 2274 489 2489 552; x_wconf 85' lang='grc' dir='ltr'>Καλῶς,</span> <span class='ocrx_word' id='word_1_210' title='bbox 2525 489 2682 561; x_wconf 72' lang='grc' dir='ltr'>εἴπερ</span> <span class='ocrx_word' id='word_1_211' title='bbox 2710 490 2865 544; x_wconf 78' lang='grc' dir='ltr'>οὐσία</span> <span class='ocrx_word' id='word_1_212' title='bbox 2898 492 3036 544; x_wconf 91' lang='grc' dir='ltr'>Θεοῦ</span> <span class='ocrx_word' id='word_1_213' title='bbox 3062 492 3122 545; x_wconf 87' lang='grc' dir='ltr'><strong>τὸ</strong></span> <span class='ocrx_word' id='word_1_214' title='bbox 3151 493 3471 561; x_wconf 78' lang='grc' dir='ltr'><strong>ἀγέννητον,</strong></span> <span class='ocrx_word' id='word_1_215' title='bbox 3510 495 3576 546; x_wconf 80' lang='grc' dir='ltr'><strong>ἵν’</strong></span> 
     </span>
    </p>
   </div>
   <div class='ocr_carea' id='block_1_31' title="bbox 2044 580 3703 655">
    <p class='ocr_par' dir='ltr' id='par_1_31' title="bbox 2044 580 3703 655">
     <span class='ocr_line' id='line_1_31' title="bbox 2044 580 3703 655; baseline 0.003 -23"><span class='ocrx_word' id='word_1_216' title='bbox 2044 597 2128 644; x_wconf 88' lang='grc' dir='ltr'><strong>τις</strong></span> <span class='ocrx_word' id='word_1_217' title='bbox 2163 580 2320 651; x_wconf 83' lang='grc' dir='ltr'>καινὴ</span> <span class='ocrx_word' id='word_1_218' title='bbox 2361 581 2526 650; x_wconf 71' lang='grc' dir='ltr'>μίξις,</span> <span class='ocrx_word' id='word_1_219' title='bbox 2556 583 3082 652; x_wconf 84' lang='grc' dir='ltr'>γεννητοαγέννητον</span> <span class='ocrx_word' id='word_1_220' title='bbox 3113 584 3249 654; x_wconf 88' lang='lat'><strong>(98).</strong></span> <span class='ocrx_word' id='word_1_221' title='bbox 3305 586 3371 638; x_wconf 83' lang='grc' dir='ltr'><strong>Εἰ</strong></span> <span class='ocrx_word' id='word_1_222' title='bbox 3414 586 3473 638; x_wconf 85' lang='grc' dir='ltr'><strong>δὲ</strong></span> <span class='ocrx_word' id='word_1_223' title='bbox 3506 590 3640 655; x_wconf 71' lang='grc' dir='ltr'>περὶ</span> <span class='ocrx_word' id='word_1_224' title='bbox 3690 604 3703 605; x_wconf 45' lang='grc' dir='ltr'>ί</span> 
     </span>
    </p>
   </div>
   <div class='ocr_carea' id='block_1_32' title="bbox 2046 672 3631 749">
    <p class='ocr_par' dir='ltr' id='par_1_32' title="bbox 2046 672 3631 749">
     <span class='ocr_line' id='line_1_32' title="bbox 2046 672 3631 749; baseline 0.003 -23"><span class='ocrx_word' id='word_1_225' title='bbox 2046 673 2232 726; x_wconf 79' lang='grc' dir='ltr'>οὐσίαν</span> <span class='ocrx_word' id='word_1_226' title='bbox 2285 674 2317 743; x_wconf 89' lang='grc' dir='ltr'><strong>ή</strong></span> <span class='ocrx_word' id='word_1_227' title='bbox 2363 672 2614 742; x_wconf 80' lang='grc' dir='ltr'>διαφορὰ,</span> <span class='ocrx_word' id='word_1_228' title='bbox 2659 674 2711 725; x_wconf 81' lang='grc' dir='ltr'>τί</span> <span class='ocrx_word' id='word_1_229' title='bbox 2739 673 2919 737; x_wconf 88' lang='grc' dir='ltr'>τοῦτο,</span> <span class='ocrx_word' id='word_1_230' title='bbox 2959 675 3034 737; x_wconf 85' lang='grc' dir='ltr'>ὼς</span> <span class='ocrx_word' id='word_1_231' title='bbox 3081 676 3319 745; x_wconf 74' lang='grc' dir='ltr'>ἰσχυρὸν,</span> <span class='ocrx_word' id='word_1_232' title='bbox 3350 676 3563 745; x_wconf 84' lang='grc' dir='ltr'>λέγεις;</span> <span class='ocrx_word' id='word_1_233' title='bbox 3600 680 3631 749; x_wconf 75' lang='grc' dir='ltr'><strong>ἢ</strong></span> 
     </span>
    </p>
   </div>
   <div class='ocr_carea' id='block_1_33' title="bbox 2048 764 3634 840">
    <p class='ocr_par' dir='ltr' id='par_1_33' title="bbox 2048 764 3634 840">
     <span class='ocr_line' id='line_1_33' title="bbox 2048 764 3634 840; baseline 0.003 -24"><span class='ocrx_word' id='word_1_234' title='bbox 2048 766 2140 817; x_wconf 74' lang='grc' dir='ltr'><strong>καὶ</strong></span> <span class='ocrx_word' id='word_1_235' title='bbox 2174 766 2236 817; x_wconf 75' lang='grc' dir='ltr'><strong>σὺ</strong></span> <span class='ocrx_word' id='word_1_236' title='bbox 2272 764 2451 835; x_wconf 84' lang='grc' dir='ltr'>πατὴρ</span> <span class='ocrx_word' id='word_1_237' title='bbox 2481 764 2575 817; x_wconf 89' lang='grc' dir='ltr'><strong>τοῦ</strong></span> <span class='ocrx_word' id='word_1_238' title='bbox 2604 765 2830 835; x_wconf 88' lang='grc' dir='ltr'>πατρὸς,</span> <span class='ocrx_word' id='word_1_239' title='bbox 2864 767 2953 819; x_wconf 86' lang='grc' dir='ltr'><strong>ἵνα</strong></span> <span class='ocrx_word' id='word_1_240' title='bbox 2992 766 3181 837; x_wconf 79' lang='grc' dir='ltr'>μηδενὶ</span> <span class='ocrx_word' id='word_1_241' title='bbox 3211 767 3375 840; x_wconf 83' lang='grc' dir='ltr'>λείπῃ</span> <span class='ocrx_word' id='word_1_242' title='bbox 3419 767 3514 820; x_wconf 83' lang='grc' dir='ltr'><strong>τοῦ</strong></span> <span class='ocrx_word' id='word_1_243' title='bbox 3540 769 3634 821; x_wconf 85' lang='grc' dir='ltr'><strong>σοῦ</strong></span> 
     </span>
    </p>
   </div>
   <div class='ocr_carea' id='block_1_34' title="bbox 2050 854 3633 928">
    <p class='ocr_par' dir='ltr' id='par_1_34' title="bbox 2050 854 3633 928">
     <span class='ocr_line' id='line_1_34' title="bbox 2050 854 3633 928; baseline 0.003 -20"><span class='ocrx_word' id='word_1_244' title='bbox 2050 856 2273 925; x_wconf 80' lang='grc' dir='ltr'>πατρὸς,</span> <span class='ocrx_word' id='word_1_245' title='bbox 2310 857 2498 927; x_wconf 76' lang='grc' dir='ltr'>ἐπειδὴ</span> <span class='ocrx_word' id='word_1_246' title='bbox 2528 857 2723 910; x_wconf 85' lang='grc' dir='ltr'>ταυτὸν</span> <span class='ocrx_word' id='word_1_247' title='bbox 2748 854 2799 909; x_wconf 77' lang='grc' dir='ltr'>εἴ</span> <span class='ocrx_word' id='word_1_248' title='bbox 2821 858 2941 910; x_wconf 76' lang='grc' dir='ltr'>κατ’</span> <span class='ocrx_word' id='word_1_249' title='bbox 2969 857 3190 923; x_wconf 70' lang='grc' dir='ltr'>οὐσίανς</span> <span class='ocrx_word' id='word_1_250' title='bbox 3218 860 3290 911; x_wconf 82' lang='grc' dir='ltr'><strong>’Ἡ</strong></span> <span class='ocrx_word' id='word_1_251' title='bbox 3327 858 3503 928; x_wconf 79' lang='grc' dir='ltr'>δῆλον,</span> <span class='ocrx_word' id='word_1_252' title='bbox 3530 860 3633 924; x_wconf 78' lang='grc' dir='ltr'>ὅτι,</span> 
     </span>
    </p>
   </div>
   <div class='ocr_carea' id='block_1_35' title="bbox 2046 946 3638 1021">
    <p class='ocr_par' dir='ltr' id='par_1_35' title="bbox 2046 946 3638 1021">
     <span class='ocr_line' id='line_1_35' title="bbox 2046 946 3638 1021; baseline 0.003 -22"><span class='ocrx_word' id='word_1_253' title='bbox 2046 947 2147 1015; x_wconf 82' lang='grc' dir='ltr'>τῆς</span> <span class='ocrx_word' id='word_1_254' title='bbox 2181 946 2439 1018; x_wconf 82' lang='grc' dir='ltr'><strong>ἰδιότητος</strong></span> <span class='ocrx_word' id='word_1_255' title='bbox 2612 948 2869 1018; x_wconf 84' lang='grc' dir='ltr'><strong>ἀκινήτου</strong></span> <span class='ocrx_word' id='word_1_256' title='bbox 2898 948 3185 1019; x_wconf 81' lang='grc' dir='ltr'><strong>μενούσης,</strong></span> <span class='ocrx_word' id='word_1_257' title='bbox 3216 949 3523 1021; x_wconf 77' lang='grc' dir='ltr'><strong>ζητήσομεν</strong></span> <span class='ocrx_word' id='word_1_258' title='bbox 3546 953 3638 1004; x_wconf 80' lang='grc' dir='ltr'>οὐ·</span> 
     </span>
    </p>
   </div>
   <div class='ocr_carea' id='block_1_36' title="bbox 2050 1037 3637 1112">
    <p class='ocr_par' dir='ltr' id='par_1_36' title="bbox 2050 1037 3637 1112">
     <span class='ocr_line' id='line_1_36' title="bbox 2050 1037 3637 1112; baseline 0.004 -23"><span class='ocrx_word' id='word_1_259' title='bbox 2050 1037 2171 1091; x_wconf 84' lang='grc' dir='ltr'>σίαν</span> <span class='ocrx_word' id='word_1_260' title='bbox 2196 1038 2353 1099; x_wconf 88' lang='grc' dir='ltr'>Θεοῦ,</span> <span class='ocrx_word' id='word_1_261' title='bbox 2378 1039 2499 1109; x_wconf 79' lang='grc' dir='ltr'>ήτις</span> <span class='ocrx_word' id='word_1_262' title='bbox 2527 1039 2657 1091; x_wconf 85' lang='grc' dir='ltr'>ποτέ</span> <span class='ocrx_word' id='word_1_263' title='bbox 2693 1040 2858 1104; x_wconf 76' lang='grc' dir='ltr'>ἐστιν,</span> <span class='ocrx_word' id='word_1_264' title='bbox 2892 1040 3049 1109; x_wconf 77' lang='grc' dir='ltr'>εἴπερ</span> <span class='ocrx_word' id='word_1_265' title='bbox 3064 1041 3375 1112; x_wconf 79' lang='grc' dir='ltr'>ζητήσομεν</span> <span class='ocrx_word' id='word_1_266' title='bbox 3395 1061 3408 1106; x_wconf 89' lang='grc'><strong>;</strong></span> <span class='ocrx_word' id='word_1_267' title='bbox 3428 1043 3552 1094; x_wconf 87' lang='grc' dir='ltr'>’Ότι</span> <span class='ocrx_word' id='word_1_268' title='bbox 3578 1043 3637 1095; x_wconf 83' lang='grc' dir='ltr'><strong>δὲ</strong></span> 
     </span>
    </p>
   </div>
   <div class='ocr_carea' id='block_1_37' title="bbox 2049 1125 3635 1198">
    <p class='ocr_par' dir='ltr' id='par_1_37' title="bbox 2049 1125 3635 1198">
     <span class='ocr_line' id='line_1_37' title="bbox 2049 1125 3635 1198; baseline 0.004 -19"><span class='ocrx_word' id='word_1_269' title='bbox 2049 1129 2107 1179; x_wconf 78' lang='grc' dir='ltr'><strong>οὐ</strong></span> <span class='ocrx_word' id='word_1_270' title='bbox 2166 1128 2363 1180; x_wconf 87' lang='grc' dir='ltr'>ταυτὸν</span> <span class='ocrx_word' id='word_1_271' title='bbox 2402 1130 2694 1198; x_wconf 78' lang='grc' dir='ltr'>ἀγέννητον</span> <span class='ocrx_word' id='word_1_272' title='bbox 2740 1129 2834 1181; x_wconf 78' lang='grc' dir='ltr'><strong>καὶ</strong></span> <span class='ocrx_word' id='word_1_273' title='bbox 2868 1129 3020 1195; x_wconf 83' lang='grc' dir='ltr'>Θεὸς,</span> <span class='ocrx_word' id='word_1_274' title='bbox 3063 1125 3165 1184; x_wconf 85' lang='grc' dir='ltr'>ὧδε</span> <span class='ocrx_word' id='word_1_275' title='bbox 3207 1132 3274 1185; x_wconf 84' lang='grc' dir='ltr'><strong>ἂν</strong></span> <span class='ocrx_word' id='word_1_276' title='bbox 3321 1133 3546 1196; x_wconf 75' lang='grc' dir='ltr'>μάοοιςο</span> <span class='ocrx_word' id='word_1_277' title='bbox 3572 1136 3635 1186; x_wconf 75' lang='lat' dir='ltr'><strong>Et</strong></span> 
     </span>
    </p>
   </div>
   <div class='ocr_carea' id='block_1_38' title="bbox 2052 1216 3635 1293">
    <p class='ocr_par' dir='ltr' id='par_1_38' title="bbox 2052 1216 3635 1293">
     <span class='ocr_line' id='line_1_38' title="bbox 2052 1216 3635 1293; baseline 0.004 -22"><span class='ocrx_word' id='word_1_278' title='bbox 2052 1219 2244 1271; x_wconf 79' lang='grc' dir='ltr'>ταυτὸν</span> <span class='ocrx_word' id='word_1_279' title='bbox 2281 1216 2370 1290; x_wconf 88' lang='grc' dir='ltr'><strong>ἦν,</strong></span> <span class='ocrx_word' id='word_1_280' title='bbox 2412 1219 2518 1273; x_wconf 75' lang='grc' dir='ltr'>ἔδει</span> <span class='ocrx_word' id='word_1_281' title='bbox 2565 1222 2801 1285; x_wconf 84' lang='grc' dir='ltr'>πάντως,</span> <span class='ocrx_word' id='word_1_282' title='bbox 2838 1224 3026 1293; x_wconf 80' lang='grc' dir='ltr'>ἐπειδὴ</span> <span class='ocrx_word' id='word_1_283' title='bbox 3056 1224 3219 1277; x_wconf 81' lang='grc' dir='ltr'>τινῶν</span> <span class='ocrx_word' id='word_1_284' title='bbox 3264 1224 3395 1287; x_wconf 82' lang='grc' dir='ltr'>Θεὸς</span> <span class='ocrx_word' id='word_1_285' title='bbox 3426 1228 3455 1278; x_wconf 90' lang='grc' dir='ltr'><strong>ό</strong></span> <span class='ocrx_word' id='word_1_286' title='bbox 3483 1225 3635 1289; x_wconf 83' lang='grc' dir='ltr'><strong>Θεὸς,</strong></span> 
     </span>
    </p>
   </div>
   <div class='ocr_carea' id='block_1_39' title="bbox 2052 1303 3639 1382">
    <p class='ocr_par' dir='ltr' id='par_1_39' title="bbox 2052 1303 3639 1382">
     <span class='ocr_line' id='line_1_39' title="bbox 2052 1303 3639 1382; baseline 0.004 -22"><span class='ocrx_word' id='word_1_287' title='bbox 2052 1308 2211 1361; x_wconf 82' lang='grc' dir='ltr'>τινῶν</span> <span class='ocrx_word' id='word_1_288' title='bbox 2245 1303 2383 1361; x_wconf 78' lang='grc' dir='ltr'>εἶναι</span> <span class='ocrx_word' id='word_1_289' title='bbox 2404 1310 2497 1362; x_wconf 71' lang='grc' dir='ltr'><strong>καὶ</strong></span> <span class='ocrx_word' id='word_1_290' title='bbox 2514 1309 2572 1362; x_wconf 88' lang='grc' dir='ltr'><strong>τὸ</strong></span> <span class='ocrx_word' id='word_1_291' title='bbox 2594 1311 2906 1382; x_wconf 65' lang='grc' dir='ltr'>ἀγέννητονθ</span> <span class='ocrx_word' id='word_1_292' title='bbox 2930 1312 2962 1382; x_wconf 83' lang='grc' dir='ltr'>ἢ</span> <span class='ocrx_word' id='word_1_293' title='bbox 2984 1312 3109 1365; x_wconf 75' lang='grc' dir='ltr'>ἐπεὶ</span> <span class='ocrx_word' id='word_1_294' title='bbox 3139 1313 3367 1382; x_wconf 87' lang='grc' dir='ltr'>μηδενὸς</span> <span class='ocrx_word' id='word_1_295' title='bbox 3394 1314 3457 1365; x_wconf 86' lang='grc' dir='ltr'><strong>τὸ</strong></span> <span class='ocrx_word' id='word_1_296' title='bbox 3480 1314 3639 1381; x_wconf 83' lang='grc' dir='ltr'>ἀγέν-</span> 
     </span>
    </p>
   </div>
   <div class='ocr_carea' id='block_1_40' title="bbox 2053 1397 3637 1474">
    <p class='ocr_par' dir='ltr' id='par_1_40' title="bbox 2053 1397 3637 1474">
     <span class='ocr_line' id='line_1_40' title="bbox 2053 1397 3637 1474; baseline 0.004 -24"><span class='ocrx_word' id='word_1_297' title='bbox 2053 1415 2228 1469; x_wconf 85' lang='grc' dir='ltr'>νητον,</span> <span class='ocrx_word' id='word_1_298' title='bbox 2250 1400 2382 1469; x_wconf 84' lang='grc' dir='ltr'>μηδὲ</span> <span class='ocrx_word' id='word_1_299' title='bbox 2403 1400 2493 1453; x_wconf 91' lang='grc' dir='ltr'><strong>τὸν</strong></span> <span class='ocrx_word' id='word_1_300' title='bbox 2520 1401 2649 1453; x_wconf 77' lang='grc' dir='ltr'>Θεὸν</span> <span class='ocrx_word' id='word_1_301' title='bbox 2674 1397 2810 1453; x_wconf 77' lang='grc' dir='ltr'>εἶναι</span> <span class='ocrx_word' id='word_1_302' title='bbox 2832 1403 2992 1455; x_wconf 82' lang='grc' dir='ltr'>τινῶν</span> <span class='ocrx_word' id='word_1_303' title='bbox 3019 1420 3033 1433; x_wconf 79' lang='grc'><strong>’</strong></span> <span class='ocrx_word' id='word_1_304' title='bbox 3067 1405 3136 1455; x_wconf 83' lang='grc' dir='ltr'>τὰ</span> <span class='ocrx_word' id='word_1_305' title='bbox 3167 1403 3274 1474; x_wconf 81' lang='grc' dir='ltr'>γὰρ</span> <span class='ocrx_word' id='word_1_306' title='bbox 3309 1404 3483 1473; x_wconf 85' lang='grc' dir='ltr'>πάντη</span> <span class='ocrx_word' id='word_1_307' title='bbox 3506 1423 3637 1457; x_wconf 82' lang='grc' dir='ltr'>ταυο</span> 
     </span>
    </p>
   </div>
   <div class='ocr_carea' id='block_1_41' title="bbox 2055 1490 3639 1563">
    <p class='ocr_par' dir='ltr' id='par_1_41' title="bbox 2055 1490 3639 1563">
     <span class='ocr_line' id='line_1_41' title="bbox 2055 1490 3639 1563; baseline 0.004 -21"><span class='ocrx_word' id='word_1_308' title='bbox 2055 1490 2138 1554; x_wconf 87' lang='grc' dir='ltr'><strong>τὰ,</strong></span> <span class='ocrx_word' id='word_1_309' title='bbox 2160 1492 2253 1543; x_wconf 72' lang='grc' dir='ltr'>καὶ</span> <span class='ocrx_word' id='word_1_310' title='bbox 2273 1491 2471 1560; x_wconf 76' lang='grc' dir='ltr'>ὁμοίως</span> <span class='ocrx_word' id='word_1_311' title='bbox 2489 1492 2800 1562; x_wconf 44' lang='grc' dir='ltr'>ἑκαέρεται.</span> <span class='ocrx_word' id='word_1_312' title='bbox 2821 1493 2979 1545; x_wconf 81' lang='grc' dir='ltr'>Ἀλλὰ</span> <span class='ocrx_word' id='word_1_313' title='bbox 3008 1492 3112 1563; x_wconf 83' lang='grc' dir='ltr'>μὴν</span> <span class='ocrx_word' id='word_1_314' title='bbox 3130 1495 3190 1545; x_wconf 77' lang='grc' dir='ltr'><strong>οὐ</strong></span> <span class='ocrx_word' id='word_1_315' title='bbox 3217 1494 3378 1547; x_wconf 83' lang='grc' dir='ltr'>τινῶν</span> <span class='ocrx_word' id='word_1_316' title='bbox 3398 1495 3459 1546; x_wconf 89' lang='grc' dir='ltr'><strong>τὸ</strong></span> <span class='ocrx_word' id='word_1_317' title='bbox 3476 1496 3639 1563; x_wconf 72' lang='grc' dir='ltr'>ἀγένσ</span> 
     </span>
    </p>
   </div>
   <div class='ocr_carea' id='block_1_42' title="bbox 2055 1581 3636 1656">
    <p class='ocr_par' dir='ltr' id='par_1_42' title="bbox 2055 1581 3636 1656">
     <span class='ocr_line' id='line_1_42' title="bbox 2055 1581 3636 1656; baseline 0.004 -24"><span class='ocrx_word' id='word_1_318' title='bbox 2055 1598 2233 1650; x_wconf 88' lang='grc' dir='ltr'>νητον,</span> <span class='ocrx_word' id='word_1_319' title='bbox 2252 1581 2409 1634; x_wconf 84' lang='grc' dir='ltr'>τίνων</span> <span class='ocrx_word' id='word_1_320' title='bbox 2430 1582 2538 1653; x_wconf 82' lang='grc' dir='ltr'><strong>γάρ</strong></span> <span class='ocrx_word' id='word_1_321' title='bbox 2558 1599 2572 1647; x_wconf 89' lang='grc'><strong>;</strong></span> <span class='ocrx_word' id='word_1_322' title='bbox 2592 1584 2686 1635; x_wconf 74' lang='grc' dir='ltr'><strong>καὶ</strong></span> <span class='ocrx_word' id='word_1_323' title='bbox 2707 1583 2867 1635; x_wconf 84' lang='grc' dir='ltr'>τινῶν</span> <span class='ocrx_word' id='word_1_324' title='bbox 2885 1584 3016 1647; x_wconf 84' lang='grc' dir='ltr'>Θεὸς</span> <span class='ocrx_word' id='word_1_325' title='bbox 3044 1585 3073 1635; x_wconf 88' lang='grc' dir='ltr'><strong>ό</strong></span> <span class='ocrx_word' id='word_1_326' title='bbox 3099 1583 3250 1649; x_wconf 84' lang='grc' dir='ltr'>Θεὸς,</span> <span class='ocrx_word' id='word_1_327' title='bbox 3272 1586 3490 1637; x_wconf 76' lang='grc' dir='ltr'>πάντων</span> <span class='ocrx_word' id='word_1_328' title='bbox 3510 1587 3636 1656; x_wconf 83' lang='grc' dir='ltr'>γάρ.</span> 
     </span>
    </p>
   </div>
   <div class='ocr_carea' id='block_1_43' title="bbox 1977 1664 3644 1747">
    <p class='ocr_par' dir='ltr' id='par_1_43' title="bbox 1977 1664 3644 1747">
     <span class='ocr_line' id='line_1_43' title="bbox 1977 1664 3644 1747; baseline 0.002 -20"><span class='ocrx_word' id='word_1_329' title='bbox 1977 1664 2018 1716; x_wconf 80' lang='grc' dir='ltr'>Β</span> <span class='ocrx_word' id='word_1_330' title='bbox 2058 1674 2178 1737; x_wconf 83' lang='grc' dir='ltr'><strong>Πῶς</strong></span> <span class='ocrx_word' id='word_1_331' title='bbox 2205 1669 2297 1728; x_wconf 88' lang='grc' dir='ltr'><strong>οῦν</strong></span> <span class='ocrx_word' id='word_1_332' title='bbox 2328 1674 2393 1727; x_wconf 79' lang='grc' dir='ltr'>ἂν</span> <span class='ocrx_word' id='word_1_333' title='bbox 2424 1675 2508 1743; x_wconf 83' lang='grc' dir='ltr'><strong>εἴη</strong></span> <span class='ocrx_word' id='word_1_334' title='bbox 2543 1676 2736 1728; x_wconf 69' lang='grc' dir='ltr'>ταυτὸν</span> <span class='ocrx_word' id='word_1_335' title='bbox 2766 1676 2896 1738; x_wconf 82' lang='grc' dir='ltr'>Θεὸς</span> <span class='ocrx_word' id='word_1_336' title='bbox 2922 1678 3016 1729; x_wconf 80' lang='grc' dir='ltr'><strong>καὶ</strong></span> <span class='ocrx_word' id='word_1_337' title='bbox 3037 1676 3361 1747; x_wconf 83' lang='grc' dir='ltr'>ἀγέννηνον;</span> <span class='ocrx_word' id='word_1_338' title='bbox 3396 1678 3509 1729; x_wconf 79' lang='grc' dir='ltr'>Καὶ</span> <span class='ocrx_word' id='word_1_339' title='bbox 3539 1680 3644 1731; x_wconf 81' lang='grc' dir='ltr'><strong>πά-</strong></span> 
     </span>
    </p>
   </div>
   <div class='ocr_carea' id='block_1_44' title="bbox 2057 1766 3644 1839">
    <p class='ocr_par' dir='ltr' id='par_1_44' title="bbox 2057 1766 3644 1839">
     <span class='ocr_line' id='line_1_44' title="bbox 2057 1766 3644 1839; baseline 0.004 -21"><span class='ocrx_word' id='word_1_340' title='bbox 2057 1766 2157 1832; x_wconf 85' lang='grc' dir='ltr'>λιν,</span> <span class='ocrx_word' id='word_1_341' title='bbox 2199 1768 2384 1839; x_wconf 75' lang='grc' dir='ltr'>ἐπειδὴ</span> <span class='ocrx_word' id='word_1_342' title='bbox 2412 1768 2473 1820; x_wconf 85' lang='grc' dir='ltr'><strong>τὸ</strong></span> <span class='ocrx_word' id='word_1_343' title='bbox 2494 1769 2807 1839; x_wconf 82' lang='grc' dir='ltr'>ἀγέννητον,</span> <span class='ocrx_word' id='word_1_344' title='bbox 2849 1769 2942 1820; x_wconf 78' lang='grc' dir='ltr'>καὶ</span> <span class='ocrx_word' id='word_1_345' title='bbox 2973 1769 3033 1821; x_wconf 86' lang='grc' dir='ltr'><strong>τὸ</strong></span> <span class='ocrx_word' id='word_1_346' title='bbox 3059 1769 3315 1839; x_wconf 83' lang='grc' dir='ltr'>γεννητὸν</span> <span class='ocrx_word' id='word_1_347' title='bbox 3344 1770 3644 1824; x_wconf 77' lang='grc' dir='ltr'>ἀντίκειται</span> 
     </span>
    </p>
   </div>
   <div class='ocr_carea' id='block_1_45' title="bbox 2058 1856 3645 1929">
    <p class='ocr_par' dir='ltr' id='par_1_45' title="bbox 2058 1856 3645 1929">
     <span class='ocr_line' id='line_1_45' title="bbox 2058 1856 3645 1929; baseline 0.002 -20"><span class='ocrx_word' id='word_1_348' title='bbox 2058 1856 2321 1926; x_wconf 77' lang='grc' dir='ltr'>ἀλλήλοις,</span> <span class='ocrx_word' id='word_1_349' title='bbox 2369 1858 2446 1920; x_wconf 85' lang='grc' dir='ltr'>ὡς</span> <span class='ocrx_word' id='word_1_350' title='bbox 2487 1857 2598 1921; x_wconf 76' lang='grc' dir='ltr'>ἕξις</span> <span class='ocrx_word' id='word_1_351' title='bbox 2639 1860 2731 1910; x_wconf 76' lang='grc' dir='ltr'><strong>καὶ</strong></span> <span class='ocrx_word' id='word_1_352' title='bbox 2766 1859 3039 1929; x_wconf 75' lang='grc' dir='ltr'>στέρησις,</span> <span class='ocrx_word' id='word_1_353' title='bbox 3072 1859 3286 1929; x_wconf 83' lang='grc' dir='ltr'>ἀνάγκη</span> <span class='ocrx_word' id='word_1_354' title='bbox 3326 1861 3420 1912; x_wconf 73' lang='grc' dir='ltr'>καὶ</span> <span class='ocrx_word' id='word_1_355' title='bbox 3453 1862 3645 1923; x_wconf 73' lang='grc' dir='ltr'>οὐσίας</span> 
     </span>
    </p>
   </div>
   <div class='ocr_carea' id='block_1_46' title="bbox 2060 1950 3642 2022">
    <p class='ocr_par' dir='ltr' id='par_1_46' title="bbox 2060 1950 3642 2022">
     <span class='ocr_line' id='line_1_46' title="bbox 2060 1950 3642 2022; baseline 0.004 -21"><span class='ocrx_word' id='word_1_356' title='bbox 2060 1950 2370 2020; x_wconf 76' lang='grc' dir='ltr'>εἰσαχθῆναι</span> <span class='ocrx_word' id='word_1_357' title='bbox 2483 1952 2859 2020; x_wconf 83' lang='grc' dir='ltr'>ἀντικειμένας</span> <span class='ocrx_word' id='word_1_358' title='bbox 2888 1952 3162 2022; x_wconf 80' lang='grc' dir='ltr'>ἀλλήλαις,</span> <span class='ocrx_word' id='word_1_359' title='bbox 3182 1953 3319 2021; x_wconf 80' lang='grc' dir='ltr'>ὅπερ</span> <span class='ocrx_word' id='word_1_360' title='bbox 3336 1954 3396 2005; x_wconf 80' lang='grc' dir='ltr'><strong>οὐ</strong></span> <span class='ocrx_word' id='word_1_361' title='bbox 3413 1953 3642 2008; x_wconf 81' lang='grc' dir='ltr'>δέδοται.</span> 
     </span>
    </p>
   </div>
   <div class='ocr_carea' id='block_1_47' title="bbox 2060 2039 3651 2113">
    <p class='ocr_par' dir='ltr' id='par_1_47' title="bbox 2060 2039 3651 2113">
     <span class='ocr_line' id='line_1_47' title="bbox 2060 2039 3651 2113; baseline 0.004 -22"><span class='ocrx_word' id='word_1_362' title='bbox 2060 2040 2149 2101; x_wconf 86' lang='grc' dir='ltr'>Ἢ,</span> <span class='ocrx_word' id='word_1_363' title='bbox 2176 2039 2360 2109; x_wconf 75' lang='grc' dir='ltr'>ἐπειδὴ</span> <span class='ocrx_word' id='word_1_364' title='bbox 2378 2040 2537 2092; x_wconf 70' lang='grc' dir='ltr'>πάλιν</span> <span class='ocrx_word' id='word_1_365' title='bbox 2560 2042 2615 2092; x_wconf 89' lang='grc' dir='ltr'>αἱ</span> <span class='ocrx_word' id='word_1_366' title='bbox 2638 2039 2777 2104; x_wconf 74' lang='grc' dir='ltr'>ἕξεις</span> <span class='ocrx_word' id='word_1_367' title='bbox 2804 2040 2910 2093; x_wconf 84' lang='grc' dir='ltr'><strong>τῶν</strong></span> <span class='ocrx_word' id='word_1_368' title='bbox 2930 2043 3236 2112; x_wconf 84' lang='grc' dir='ltr'>στερήσεων</span> <span class='ocrx_word' id='word_1_369' title='bbox 3253 2042 3534 2113; x_wconf 77' lang='grc' dir='ltr'>πρότεραι,</span> <span class='ocrx_word' id='word_1_370' title='bbox 3556 2046 3651 2097; x_wconf 77' lang='grc' dir='ltr'><strong>καὶ</strong></span> 
     </span>
    </p>
   </div>
   <div class='ocr_carea' id='block_1_48' title="bbox 2063 2135 3653 2208">
    <p class='ocr_par' dir='ltr' id='par_1_48' title="bbox 2063 2135 3653 2208">
     <span class='ocr_line' id='line_1_48' title="bbox 2063 2135 3653 2208; baseline 0.002 -22"><span class='ocrx_word' id='word_1_371' title='bbox 2063 2136 2400 2205; x_wconf 76' lang='grc' dir='ltr'>ἀναιρετικαὶ</span> <span class='ocrx_word' id='word_1_372' title='bbox 2451 2135 2559 2188; x_wconf 87' lang='grc' dir='ltr'>τῶν</span> <span class='ocrx_word' id='word_1_373' title='bbox 2582 2135 2748 2201; x_wconf 67' lang='grc' dir='ltr'>ἕξεων</span> <span class='ocrx_word' id='word_1_374' title='bbox 2783 2136 2840 2187; x_wconf 80' lang='grc' dir='ltr'>αἱ</span> <span class='ocrx_word' id='word_1_375' title='bbox 2874 2138 3179 2206; x_wconf 82' lang='grc' dir='ltr'>στερήσεις,</span> <span class='ocrx_word' id='word_1_376' title='bbox 3214 2135 3288 2206; x_wconf 84' lang='grc' dir='ltr'>μὴ</span> <span class='ocrx_word' id='word_1_377' title='bbox 3323 2136 3481 2205; x_wconf 85' lang='grc' dir='ltr'>μόνον</span> <span class='ocrx_word' id='word_1_378' title='bbox 3519 2154 3653 2208; x_wconf 84' lang='grc' dir='ltr'>πρε-</span> 
     </span>
    </p>
   </div>
   <div class='ocr_carea' id='block_1_49' title="bbox 2063 2222 3652 2297">
    <p class='ocr_par' dir='ltr' id='par_1_49' title="bbox 2063 2222 3652 2297">
     <span class='ocr_line' id='line_1_49' title="bbox 2063 2222 3652 2297; baseline 0.001 -19"><span class='ocrx_word' id='word_1_379' title='bbox 2063 2226 2327 2297; x_wconf 73' lang='grc' dir='ltr'>σϐυτέραν</span> <span class='ocrx_word' id='word_1_380' title='bbox 2352 2222 2490 2279; x_wconf 73' lang='grc' dir='ltr'>εἶναι</span> <span class='ocrx_word' id='word_1_381' title='bbox 2526 2228 2625 2297; x_wconf 81' lang='grc' dir='ltr'>τῆς</span> <span class='ocrx_word' id='word_1_382' title='bbox 2657 2226 2748 2279; x_wconf 89' lang='grc' dir='ltr'><strong>τοῦ</strong></span> <span class='ocrx_word' id='word_1_383' title='bbox 2785 2226 2997 2297; x_wconf 85' lang='grc' dir='ltr'>Πατρὸς</span> <span class='ocrx_word' id='word_1_384' title='bbox 3022 2227 3212 2289; x_wconf 80' lang='grc' dir='ltr'>οὐσίας</span> <span class='ocrx_word' id='word_1_385' title='bbox 3241 2232 3339 2297; x_wconf 77' lang='grc' dir='ltr'>τὴν</span> <span class='ocrx_word' id='word_1_386' title='bbox 3369 2226 3463 2279; x_wconf 90' lang='grc' dir='ltr'><strong>τοῦ</strong></span> <span class='ocrx_word' id='word_1_387' title='bbox 3496 2227 3652 2296; x_wconf 82' lang='grc' dir='ltr'>Υἱοῦ,</span> 
     </span>
    </p>
   </div>
   <div class='ocr_carea' id='block_1_50' title="bbox 2065 2316 3652 2390">
    <p class='ocr_par' dir='ltr' id='par_1_50' title="bbox 2065 2316 3652 2390">
     <span class='ocr_line' id='line_1_50' title="bbox 2065 2316 3652 2390; baseline 0.001 -21"><span class='ocrx_word' id='word_1_388' title='bbox 2065 2316 2196 2370; x_wconf 75' lang='grc' dir='ltr'>ἀλλὰ</span> <span class='ocrx_word' id='word_1_389' title='bbox 2238 2318 2333 2369; x_wconf 76' lang='grc' dir='ltr'><strong>καὶ</strong></span> <span class='ocrx_word' id='word_1_390' title='bbox 2366 2319 2489 2372; x_wconf 88' lang='grc' dir='ltr'>ἀναι</span> <span class='ocrx_word' id='word_1_391' title='bbox 2498 2336 2591 2390; x_wconf 85' lang='grc' dir='ltr'><strong>ρου</strong></span> <span class='ocrx_word' id='word_1_392' title='bbox 2600 2318 2765 2389; x_wconf 85' lang='grc' dir='ltr'>μένην</span> <span class='ocrx_word' id='word_1_393' title='bbox 2788 2317 2892 2369; x_wconf 85' lang='grc' dir='ltr'><strong>ὑπὸ</strong></span> <span class='ocrx_word' id='word_1_394' title='bbox 2913 2316 3009 2369; x_wconf 88' lang='grc' dir='ltr'><strong>τοῦ</strong></span> <span class='ocrx_word' id='word_1_395' title='bbox 3028 2318 3259 2387; x_wconf 84' lang='grc' dir='ltr'>Πατρὸς,</span> <span class='ocrx_word' id='word_1_396' title='bbox 3282 2318 3404 2370; x_wconf 82' lang='grc' dir='ltr'>ὅσον</span> <span class='ocrx_word' id='word_1_397' title='bbox 3425 2318 3516 2370; x_wconf 73' lang='grc' dir='ltr'>ἐπὶ</span> <span class='ocrx_word' id='word_1_398' title='bbox 3533 2320 3652 2384; x_wconf 84' lang='grc' dir='ltr'>ταῖς</span> 
     </span>
    </p>
   </div>
   <div class='ocr_carea' id='block_1_51' title="bbox 2066 2409 2518 2471">
    <p class='ocr_par' dir='ltr' id='par_1_51' title="bbox 2066 2409 2518 2471">
     <span class='ocr_line' id='line_1_51' title="bbox 2066 2409 2518 2471; baseline 0.009 -13"><span class='ocrx_word' id='word_1_399' title='bbox 2066 2411 2185 2471; x_wconf 81' lang='grc' dir='ltr'>σαῖς</span> <span class='ocrx_word' id='word_1_400' title='bbox 2208 2409 2518 2462; x_wconf 82' lang='grc' dir='ltr'>ὑποθέσεσι.</span> 
     </span>
    </p>
   </div>
   <div class='ocr_carea' id='block_1_52' title="bbox 358 2490 3632 2569">
    <p class='ocr_par' dir='ltr' id='par_1_52' title="bbox 358 2490 3632 2569">
     <span class='ocr_line' id='line_1_52' title="bbox 358 2490 3632 2569; baseline 0.003 -22"><span class='ocrx_word' id='word_1_401' title='bbox 358 2497 715 2550; x_wconf 74' lang='lat' dir='ltr'><strong>concesserit.</strong></span> <span class='ocrx_word' id='word_1_402' title='bbox 746 2496 1089 2557; x_wconf 83' lang='lat' dir='ltr'><strong>Autrursus,</strong></span> <span class='ocrx_word' id='word_1_403' title='bbox 1135 2492 1390 2562; x_wconf 87' lang='lat' dir='ltr'><strong>quoniam</strong></span> <span class='ocrx_word' id='word_1_404' title='bbox 1438 2490 1660 2545; x_wconf 86' lang='lat' dir='ltr'><strong>habitus</strong></span> <span class='ocrx_word' id='word_1_405' title='bbox 1714 2490 2109 2559; x_wconf 86' lang='lat' dir='ltr'><strong>privationibus</strong></span> <span class='ocrx_word' id='word_1_406' title='bbox 2158 2493 2370 2562; x_wconf 88' lang='lat' dir='ltr'><strong>priores</strong></span> <span class='ocrx_word' id='word_1_407' title='bbox 2424 2501 2573 2557; x_wconf 86' lang='lat' dir='ltr'><strong>sunt,</strong></span> <span class='ocrx_word' id='word_1_408' title='bbox 2618 2506 2683 2545; x_wconf 88' lang='lat' dir='ltr'><strong>ac</strong></span> <span class='ocrx_word' id='word_1_409' title='bbox 2729 2492 3066 2561; x_wconf 88' lang='lat' dir='ltr'><strong>privationes</strong></span> <span class='ocrx_word' id='word_1_410' title='bbox 3099 2496 3321 2552; x_wconf 84' lang='lat' dir='ltr'><strong>habitus</strong></span> <span class='ocrx_word' id='word_1_411' title='bbox 3363 2499 3509 2569; x_wconf 83' lang='lat' dir='ltr'><strong>ipsos</strong></span> <span class='ocrx_word' id='word_1_412' title='bbox 3531 2519 3632 2556; x_wconf 83' lang='lat' dir='ltr'><strong>cx-</strong></span> 
     </span>
    </p>
   </div>
   <div class='ocr_carea' id='block_1_53' title="bbox 359 2583 3632 2663">
    <p class='ocr_par' dir='ltr' id='par_1_53' title="bbox 359 2583 3632 2663">
     <span class='ocr_line' id='line_1_53' title="bbox 359 2583 3632 2663; baseline 0.003 -21"><span class='ocrx_word' id='word_1_413' title='bbox 359 2589 663 2659; x_wconf 82' lang='lat' dir='ltr'><strong>stinguunt,</strong></span> <span class='ocrx_word' id='word_1_414' title='bbox 704 2606 813 2643; x_wconf 87' lang='lat' dir='ltr'><strong>non</strong></span> <span class='ocrx_word' id='word_1_415' title='bbox 865 2587 1040 2642; x_wconf 88' lang='lat' dir='ltr'><strong>solum</strong></span> <span class='ocrx_word' id='word_1_416' title='bbox 1086 2586 1358 2656; x_wconf 82' lang='lat' dir='ltr'><strong>antiquior</strong></span> <span class='ocrx_word' id='word_1_417' title='bbox 1406 2585 1512 2638; x_wconf 86' lang='lat' dir='ltr'><strong>erit</strong></span> <span class='ocrx_word' id='word_1_418' title='bbox 1563 2583 1682 2637; x_wconf 87' lang='lat' dir='ltr'><strong>Filii</strong></span> <span class='ocrx_word' id='word_1_419' title='bbox 1748 2586 1987 2639; x_wconf 84' lang='lat' dir='ltr'><strong>essentia</strong></span> <span class='ocrx_word' id='word_1_420' title='bbox 2033 2602 2194 2654; x_wconf 88' lang='lat' dir='ltr'><strong>quam</strong></span> <span class='ocrx_word' id='word_1_421' title='bbox 2240 2587 2441 2653; x_wconf 86' lang='lat' dir='ltr'><strong>Patris,</strong></span> <span class='ocrx_word' id='word_1_422' title='bbox 2491 2587 2588 2641; x_wconf 91' lang='lat' dir='ltr'><strong>sed</strong></span> <span class='ocrx_word' id='word_1_423' title='bbox 2639 2586 2826 2652; x_wconf 85' lang='lat' dir='ltr'><strong>etiam,</strong></span> <span class='ocrx_word' id='word_1_424' title='bbox 2867 2588 3024 2658; x_wconf 81' lang='lat' dir='ltr'><strong>juxta</strong></span> <span class='ocrx_word' id='word_1_425' title='bbox 3068 2590 3386 2660; x_wconf 83' lang='lat' dir='ltr'><strong>hypotheses</strong></span> <span class='ocrx_word' id='word_1_426' title='bbox 3427 2604 3564 2663; x_wconf 84' lang='lat' dir='ltr'><strong>tuas,</strong></span> <span class='ocrx_word' id='word_1_427' title='bbox 3600 2614 3632 2651; x_wconf 85' lang='lat' dir='ltr'><strong>a</strong></span> 
     </span>
    </p>
   </div>
   <div class='ocr_carea' id='block_1_54' title="bbox 362 2678 1647 2753">
    <p class='ocr_par' dir='ltr' id='par_1_54' title="bbox 362 2678 1647 2753">
     <span class='ocr_line' id='line_1_54' title="bbox 362 2678 1647 2753; baseline -0.006 -13"><span class='ocrx_word' id='word_1_428' title='bbox 362 2686 524 2740; x_wconf 79' lang='lat' dir='ltr'><strong>Patre</strong></span> <span class='ocrx_word' id='word_1_429' title='bbox 554 2684 955 2753; x_wconf 75' lang='lat' dir='ltr'><strong>exstinguetur,</strong></span> <span class='ocrx_word' id='word_1_430' title='bbox 993 2696 1057 2733; x_wconf 91' lang='lat' dir='ltr'><strong>ac</strong></span> <span class='ocrx_word' id='word_1_431' title='bbox 1087 2680 1155 2734; x_wconf 91' lang='lat' dir='ltr'><strong>de</strong></span> <span class='ocrx_word' id='word_1_432' title='bbox 1187 2680 1365 2734; x_wconf 89' lang='lat' dir='ltr'><strong>medio</strong></span> <span class='ocrx_word' id='word_1_433' title='bbox 1408 2678 1647 2733; x_wconf 88' lang='lat' dir='ltr'><strong>tolletur.</strong></span> 
     </span>
    </p>
   </div>
   <div class='ocr_carea' id='block_1_55' title="bbox 434 2774 1948 2843">
    <p class='ocr_par' dir='ltr' id='par_1_55' title="bbox 434 2774 1948 2843">
     <span class='ocr_line' id='line_1_55' title="bbox 434 2774 1948 2843; baseline -0.005 -10"><span class='ocrx_word' id='word_1_434' title='bbox 434 2781 573 2843; x_wconf 87' lang='lat' dir='ltr'><strong>Quid</strong></span> <span class='ocrx_word' id='word_1_435' title='bbox 620 2778 800 2831; x_wconf 83' lang='lat' dir='ltr'><strong>adhuc</strong></span> <span class='ocrx_word' id='word_1_436' title='bbox 865 2792 1013 2831; x_wconf 89' lang='lat' dir='ltr'><strong>nunc</strong></span> <span class='ocrx_word' id='word_1_437' title='bbox 1056 2783 1311 2843; x_wconf 85' lang='lat' dir='ltr'><strong>superest</strong></span> <span class='ocrx_word' id='word_1_438' title='bbox 1362 2790 1425 2828; x_wconf 76' lang='lat' dir='ltr'><strong>ex</strong></span> <span class='ocrx_word' id='word_1_439' title='bbox 1498 2774 1948 2827; x_wconf 85' lang='lat' dir='ltr'><strong>ineluctahitihus</strong></span> 
     </span>
    </p>
   </div>
   <div class='ocr_carea' id='block_1_56' title="bbox 2125 2775 3639 2855">
    <p class='ocr_par' dir='ltr' id='par_1_56' title="bbox 2125 2775 3639 2855">
     <span class='ocr_line' id='line_1_56' title="bbox 2125 2775 3639 2855; baseline 0.007 -30"><span class='ocrx_word' id='word_1_440' title='bbox 2125 2775 2221 2837; x_wconf 84' lang='grc' dir='ltr'>Τίς</span> <span class='ocrx_word' id='word_1_441' title='bbox 2279 2776 2358 2827; x_wconf 73' lang='grc' dir='ltr'>ἔτι</span> <span class='ocrx_word' id='word_1_442' title='bbox 2415 2776 2573 2844; x_wconf 81' lang='grc' dir='ltr'>λόγος</span> <span class='ocrx_word' id='word_1_443' title='bbox 2618 2775 2807 2841; x_wconf 78' lang='grc' dir='ltr'>αὐτοῖς</span> <span class='ocrx_word' id='word_1_444' title='bbox 2855 2778 2968 2832; x_wconf 83' lang='grc' dir='ltr'>τῶν</span> <span class='ocrx_word' id='word_1_445' title='bbox 3017 2781 3315 2848; x_wconf 76' lang='grc' dir='ltr'>ἀφύκτων;</span> <span class='ocrx_word' id='word_1_446' title='bbox 3369 2786 3520 2855; x_wconf 75' lang='grc' dir='ltr'>Τάχα</span> <span class='ocrx_word' id='word_1_447' title='bbox 3571 2787 3639 2836; x_wconf 73' lang='grc' dir='ltr'>ἂν</span> 
     </span>
    </p>
   </div>
   <div class='ocr_carea' id='block_1_57' title="bbox 360 2870 1946 2955">
    <p class='ocr_par' dir='ltr' id='par_1_57' title="bbox 360 2870 1937 2942">
     <span class='ocr_line' id='line_1_57' title="bbox 360 2870 1937 2942; baseline -0.003 -15"><span class='ocrx_word' id='word_1_448' title='bbox 360 2877 619 2942; x_wconf 59' lang='lat' dir='ltr'><strong>imorum,</strong></span> <span class='ocrx_word' id='word_1_449' title='bbox 672 2882 728 2924; x_wconf 92' lang='lat' dir='ltr'><strong>ut</strong></span> <span class='ocrx_word' id='word_1_450' title='bbox 756 2881 967 2940; x_wconf 85' lang='lat' dir='ltr'><strong>putant.</strong></span> <span class='ocrx_word' id='word_1_451' title='bbox 1000 2870 1373 2941; x_wconf 81' lang='lat' dir='ltr'><strong>argumentis?</strong></span> <span class='ocrx_word' id='word_1_452' title='bbox 1405 2870 1660 2923; x_wconf 86' lang='lat' dir='ltr'><strong>Fortasse</strong></span> <span class='ocrx_word' id='word_1_453' title='bbox 1705 2870 1770 2921; x_wconf 88' lang='lat' dir='ltr'><strong>ad</strong></span> <span class='ocrx_word' id='word_1_454' title='bbox 1810 2870 1937 2922; x_wconf 79' lang='lat' dir='ltr'><strong>illud</strong></span> 
     </span>
    </p>
   </div>
   <div class='ocr_carea' id='block_1_58' title="bbox 2057 2870 3647 2955">
    <p class='ocr_par' dir='ltr' id='par_1_58' title="bbox 2059 2873 3647 2947">
     <span class='ocr_line' id='line_1_58' title="bbox 2059 2873 3647 2947; baseline 0.003 -19"><span class='ocrx_word' id='word_1_455' title='bbox 2059 2878 2147 2929; x_wconf 73' lang='grc' dir='ltr'>ἐπ’</span> <span class='ocrx_word' id='word_1_456' title='bbox 2183 2876 2356 2927; x_wconf 76' lang='grc' dir='ltr'>ἐκεῖνο</span> <span class='ocrx_word' id='word_1_457' title='bbox 2378 2873 2745 2943; x_wconf 76' lang='grc' dir='ltr'>καταφύγοιεν</span> <span class='ocrx_word' id='word_1_458' title='bbox 2766 2876 3094 2941; x_wconf 83' lang='grc' dir='ltr'>τελευταῖον,</span> <span class='ocrx_word' id='word_1_459' title='bbox 3123 2875 3199 2939; x_wconf 80' lang='grc' dir='ltr'>ὡς</span> <span class='ocrx_word' id='word_1_460' title='bbox 3227 2876 3288 2928; x_wconf 77' lang='lat' dir='ltr'><strong>El</strong></span> <span class='ocrx_word' id='word_1_461' title='bbox 3327 2877 3426 2947; x_wconf 85' lang='grc' dir='ltr'>μὲν</span> <span class='ocrx_word' id='word_1_462' title='bbox 3450 2879 3511 2931; x_wconf 78' lang='grc' dir='ltr'><strong>οὐ</strong></span> <span class='ocrx_word' id='word_1_463' title='bbox 3548 2880 3647 2932; x_wconf 86' lang='grc' dir='ltr'>πέ-</span> 
     </span>
    </p>
   </div>
   <div class='ocr_carea' id='block_1_59' title="bbox 360 2961 1934 3035">
    <p class='ocr_par' dir='ltr' id='par_1_59' title="bbox 360 2961 1934 3035">
     <span class='ocr_line' id='line_1_59' title="bbox 360 2961 1934 3035; baseline 0.002 -18"><span class='ocrx_word' id='word_1_464' title='bbox 360 2976 688 3035; x_wconf 77' lang='lat' dir='ltr'><strong>postremum</strong></span> <span class='ocrx_word' id='word_1_465' title='bbox 724 2963 1034 3033; x_wconf 80' lang='lat' dir='ltr'><strong>confugient</strong></span> <span class='ocrx_word' id='word_1_466' title='bbox 1062 2982 1073 3016; x_wconf 94' lang='lat'><strong>:</strong></span> <span class='ocrx_word' id='word_1_467' title='bbox 1106 2963 1161 3016; x_wconf 88' lang='lat' dir='ltr'><strong>Si</strong></span> <span class='ocrx_word' id='word_1_468' title='bbox 1191 2961 1331 3016; x_wconf 88' lang='lat' dir='ltr'><strong>Deus</strong></span> <span class='ocrx_word' id='word_1_469' title='bbox 1370 2963 1614 3032; x_wconf 80' lang='lat' dir='ltr'><strong>gignendi</strong></span> <span class='ocrx_word' id='word_1_470' title='bbox 1643 2964 1800 3019; x_wconf 82' lang='lat' dir='ltr'><strong>tinem</strong></span> <span class='ocrx_word' id='word_1_471' title='bbox 1830 2981 1934 3020; x_wconf 89' lang='lat' dir='ltr'><strong>non</strong></span> 
     </span>
    </p>
   </div>
   <div class='ocr_carea' id='block_1_60' title="bbox 359 3057 1935 3127">
    <p class='ocr_par' dir='ltr' id='par_1_60' title="bbox 359 3057 1935 3127">
     <span class='ocr_line' id='line_1_60' title="bbox 359 3057 1935 3127; baseline 0.003 -17"><span class='ocrx_word' id='word_1_472' title='bbox 359 3057 509 3120; x_wconf 76' lang='lat' dir='ltr'><strong>fecit,</strong></span> <span class='ocrx_word' id='word_1_473' title='bbox 552 3057 864 3126; x_wconf 76' lang='lat' dir='ltr'><strong>imperfecta</strong></span> <span class='ocrx_word' id='word_1_474' title='bbox 919 3067 1001 3111; x_wconf 79' lang='lat' dir='ltr'><strong>est.</strong></span> <span class='ocrx_word' id='word_1_475' title='bbox 1051 3059 1348 3126; x_wconf 78' lang='lat' dir='ltr'><strong>generatio.</strong></span> <span class='ocrx_word' id='word_1_476' title='bbox 1394 3059 1457 3110; x_wconf 78' lang='lat' dir='ltr'><strong>Et</strong></span> <span class='ocrx_word' id='word_1_477' title='bbox 1507 3060 1720 3127; x_wconf 81' lang='lat' dir='ltr'><strong>quando</strong></span> <span class='ocrx_word' id='word_1_478' title='bbox 1776 3060 1935 3114; x_wconf 82' lang='lat' dir='ltr'><strong>tinent</strong></span> 
     </span>
    </p>
   </div>
   <div class='ocr_carea' id='block_1_61' title="bbox 361 3149 1937 3217">
    <p class='ocr_par' dir='ltr' id='par_1_61' title="bbox 361 3149 1937 3217">
     <span class='ocr_line' id='line_1_61' title="bbox 361 3149 1937 3217; baseline 0.003 -17"><span class='ocrx_word' id='word_1_479' title='bbox 361 3149 603 3201; x_wconf 73' lang='lat' dir='ltr'><strong>tacturus</strong></span> <span class='ocrx_word' id='word_1_480' title='bbox 635 3149 759 3202; x_wconf 83' lang='lat' dir='ltr'><strong>est?</strong></span> <span class='ocrx_word' id='word_1_481' title='bbox 814 3150 868 3201; x_wconf 89' lang='lat' dir='ltr'><strong>Si</strong></span> <span class='ocrx_word' id='word_1_482' title='bbox 915 3161 1094 3203; x_wconf 89' lang='lat' dir='ltr'><strong>autem</strong></span> <span class='ocrx_word' id='word_1_483' title='bbox 1153 3151 1372 3217; x_wconf 73' lang='lat' dir='ltr'><strong>gignere</strong></span> <span class='ocrx_word' id='word_1_484' title='bbox 1411 3150 1664 3215; x_wconf 84' lang='lat' dir='ltr'><strong>cessavit,</strong></span> <span class='ocrx_word' id='word_1_485' title='bbox 1719 3152 1937 3205; x_wconf 89' lang='lat' dir='ltr'><strong>omnino</strong></span> 
     </span>
    </p>
   </div>
   <div class='ocr_carea' id='block_1_62' title="bbox 361 3240 1937 3309">
    <p class='ocr_par' dir='ltr' id='par_1_62' title="bbox 361 3240 1937 3309">
     <span class='ocr_line' id='line_1_62' title="bbox 361 3240 1937 3309; baseline 0.004 -20"><span class='ocrx_word' id='word_1_486' title='bbox 361 3255 574 3307; x_wconf 83' lang='lat' dir='ltr'><strong>quoque</strong></span> <span class='ocrx_word' id='word_1_487' title='bbox 617 3240 797 3307; x_wconf 70' lang='lat' dir='ltr'><strong>(&#39;(Bpit.</strong></span> <span class='ocrx_word' id='word_1_488' title='bbox 836 3241 925 3293; x_wconf 90' lang='lat' dir='ltr'><strong>Sic</strong></span> <span class='ocrx_word' id='word_1_489' title='bbox 950 3257 1134 3294; x_wconf 82' lang='lat' dir='ltr'><strong>rursus</strong></span> <span class='ocrx_word' id='word_1_490' title='bbox 1187 3242 1360 3293; x_wconf 83' lang='lat' dir='ltr'><strong>crassi</strong></span> <span class='ocrx_word' id='word_1_491' title='bbox 1421 3250 1472 3294; x_wconf 79' lang='lat' dir='ltr'><strong>et</strong></span> <span class='ocrx_word' id='word_1_492' title='bbox 1504 3242 1746 3309; x_wconf 84' lang='lat' dir='ltr'><strong>corporis</strong></span> <span class='ocrx_word' id='word_1_493' title='bbox 1779 3248 1937 3296; x_wconf 85' lang='lat' dir='ltr'><strong>rebus</strong></span> 
     </span>
    </p>
   </div>
   <div class='ocr_carea' id='block_1_63' title="bbox 362 3330 1935 3399">
    <p class='ocr_par' dir='ltr' id='par_1_63' title="bbox 362 3330 1935 3399">
     <span class='ocr_line' id='line_1_63' title="bbox 362 3330 1935 3399; baseline 0.001 -15"><span class='ocrx_word' id='word_1_494' title='bbox 362 3330 503 3384; x_wconf 52' lang='grc' dir='ltr'>δαιτὶ</span> <span class='ocrx_word' id='word_1_495' title='bbox 549 3333 799 3385; x_wconf 81' lang='lat' dir='ltr'><strong>homines</strong></span> <span class='ocrx_word' id='word_1_496' title='bbox 852 3348 1140 3399; x_wconf 86' lang='lat' dir='ltr'><strong>eorporcas</strong></span> <span class='ocrx_word' id='word_1_497' title='bbox 1198 3332 1634 3388; x_wconf 88' lang='lat' dir='ltr'><strong>ratiocinationes</strong></span> <span class='ocrx_word' id='word_1_498' title='bbox 1686 3330 1935 3387; x_wconf 79' lang='lat' dir='ltr'><strong>ail&#39;erunt.</strong></span> 
     </span>
    </p>
   </div>
   <div class='ocr_carea' id='block_1_64' title="bbox 364 3422 1940 3492">
    <p class='ocr_par' dir='ltr' id='par_1_64' title="bbox 364 3422 1940 3492">
     <span class='ocr_line' id='line_1_64' title="bbox 364 3422 1940 3492; baseline 0.001 -18"><span class='ocrx_word' id='word_1_499' title='bbox 364 3422 474 3491; x_wconf 73' lang='lat' dir='ltr'><strong>Ego</strong></span> <span class='ocrx_word' id='word_1_500' title='bbox 508 3438 634 3475; x_wconf 84' lang='lat' dir='ltr'><strong>vero</strong></span> <span class='ocrx_word' id='word_1_501' title='bbox 666 3424 744 3476; x_wconf 87' lang='lat' dir='ltr'><strong>sie</strong></span> <span class='ocrx_word' id='word_1_502' title='bbox 806 3424 1102 3492; x_wconf 81' lang='lat' dir='ltr'><strong>reSpondco</strong></span> <span class='ocrx_word' id='word_1_503' title='bbox 1141 3445 1153 3476; x_wconf 87' lang='lat'><strong>;</strong></span> <span class='ocrx_word' id='word_1_504' title='bbox 1197 3422 1663 3490; x_wconf 86' lang='lat' dir='ltr'><strong>Setttpiteruuume</strong></span> <span class='ocrx_word' id='word_1_505' title='bbox 1699 3424 1769 3476; x_wconf 84' lang='lat' dir='ltr'><strong>sit</strong></span> <span class='ocrx_word' id='word_1_506' title='bbox 1803 3422 1940 3476; x_wconf 85' lang='lat' dir='ltr'><strong>Filio</strong></span> 
     </span>
    </p>
   </div>
   <div class='ocr_carea' id='block_1_65' title="bbox 365 3513 1937 3583">
    <p class='ocr_par' dir='ltr' id='par_1_65' title="bbox 365 3513 1937 3583">
     <span class='ocr_line' id='line_1_65' title="bbox 365 3513 1937 3583; baseline 0.001 -18"><span class='ocrx_word' id='word_1_507' title='bbox 365 3516 538 3577; x_wconf 83' lang='lat' dir='ltr'><strong>nasci,</strong></span> <span class='ocrx_word' id='word_1_508' title='bbox 577 3530 769 3575; x_wconf 88' lang='lat' dir='ltr'><strong>necne,</strong></span> <span class='ocrx_word' id='word_1_509' title='bbox 805 3517 1036 3567; x_wconf 88' lang='lat' dir='ltr'><strong>nondum</strong></span> <span class='ocrx_word' id='word_1_510' title='bbox 1073 3515 1212 3573; x_wconf 70' lang='lat' dir='ltr'><strong>dico.</strong></span> <span class='ocrx_word' id='word_1_511' title='bbox 1252 3515 1603 3583; x_wconf 82' lang='lat' dir='ltr'><strong>quoadusque</strong></span> <span class='ocrx_word' id='word_1_512' title='bbox 1635 3514 1762 3567; x_wconf 88' lang='lat' dir='ltr'><strong>illud</strong></span> <span class='ocrx_word' id='word_1_513' title='bbox 1790 3513 1937 3567; x_wconf 75' lang='lat' dir='ltr'><strong>Scri-</strong></span> 
     </span>
    </p>
   </div>
   <div class='ocr_carea' id='block_1_66' title="bbox 366 3605 1941 3674">
    <p class='ocr_par' dir='ltr' id='par_1_66' title="bbox 366 3605 1941 3674">
     <span class='ocr_line' id='line_1_66' title="bbox 366 3605 1941 3674; baseline 0.003 -21"><span class='ocrx_word' id='word_1_514' title='bbox 366 3613 535 3668; x_wconf 76' lang='lat' dir='ltr'><strong>plura:</strong></span> <span class='ocrx_word' id='word_1_515' title='bbox 574 3622 585 3655; x_wconf 91' lang='lat'>:</span> <span class='ocrx_word' id='word_1_516' title='bbox 618 3605 751 3658; x_wconf 73' lang='lat' dir='ltr'><strong>Ante</strong></span> <span class='ocrx_word' id='word_1_517' title='bbox 795 3622 970 3658; x_wconf 79' lang='lat' dir='ltr'><strong>omnes</strong></span> <span class='ocrx_word' id='word_1_518' title='bbox 1026 3605 1180 3658; x_wconf 74' lang='lat' dir='ltr'><strong>colles</strong></span> <span class='ocrx_word' id='word_1_519' title='bbox 1211 3606 1373 3674; x_wconf 73' lang='lat' dir='ltr'><strong>gignit</strong></span> <span class='ocrx_word' id='word_1_520' title='bbox 1406 3620 1487 3657; x_wconf 84' lang='lat' dir='ltr'><strong>me</strong></span> <span class='ocrx_word' id='word_1_521' title='bbox 1513 3606 1529 3635; x_wconf 81' lang='grc'>¹</span> <span class='ocrx_word' id='word_1_522' title='bbox 1561 3644 1577 3670; x_wconf 93' lang='grc'><strong>,</strong></span> <span class='ocrx_word' id='word_1_523' title='bbox 1636 3605 1941 3657; x_wconf 81' lang='lat' dir='ltr'><strong>accuratius</strong></span> 
     </span>
    </p>
   </div>
   <div class='ocr_carea' id='block_1_67' title="bbox 370 3696 1942 3766">
    <p class='ocr_par' dir='ltr' id='par_1_67' title="bbox 370 3696 1942 3766">
     <span class='ocr_line' id='line_1_67' title="bbox 370 3696 1942 3766; baseline -0.002 -18"><span class='ocrx_word' id='word_1_524' title='bbox 370 3701 701 3764; x_wconf 79' lang='lat' dir='ltr'><strong>expcndero.</strong></span> <span class='ocrx_word' id='word_1_525' title='bbox 739 3696 868 3750; x_wconf 88' lang='lat' dir='ltr'><strong>illud</strong></span> <span class='ocrx_word' id='word_1_526' title='bbox 902 3709 1080 3751; x_wconf 84' lang='lat' dir='ltr'><strong>autem</strong></span> <span class='ocrx_word' id='word_1_527' title='bbox 1126 3714 1230 3752; x_wconf 90' lang='lat' dir='ltr'><strong>nott</strong></span> <span class='ocrx_word' id='word_1_528' title='bbox 1276 3697 1452 3760; x_wconf 84' lang='lat' dir='ltr'><strong>video,</strong></span> <span class='ocrx_word' id='word_1_529' title='bbox 1499 3712 1656 3766; x_wconf 90' lang='lat' dir='ltr'><strong>quam</strong></span> <span class='ocrx_word' id='word_1_530' title='bbox 1694 3710 1942 3749; x_wconf 84' lang='lat' dir='ltr'><strong>necessa-</strong></span> 
     </span>
    </p>
   </div>
   <div class='ocr_carea' id='block_1_68' title="bbox 369 3788 1940 3860">
    <p class='ocr_par' dir='ltr' id='par_1_68' title="bbox 369 3788 1940 3860">
     <span class='ocr_line' id='line_1_68' title="bbox 369 3788 1940 3860; baseline -0.003 -18"><span class='ocrx_word' id='word_1_531' title='bbox 369 3791 507 3842; x_wconf 71' lang='lat' dir='ltr'><strong>rium</strong></span> <span class='ocrx_word' id='word_1_532' title='bbox 544 3791 613 3841; x_wconf 81' lang='lat' dir='ltr'><strong>sit</strong></span> <span class='ocrx_word' id='word_1_533' title='bbox 656 3790 757 3842; x_wconf 88' lang='lat' dir='ltr'><strong>hoc</strong></span> <span class='ocrx_word' id='word_1_534' title='bbox 787 3805 972 3843; x_wconf 89' lang='lat' dir='ltr'><strong>eorum</strong></span> <span class='ocrx_word' id='word_1_535' title='bbox 1029 3800 1432 3860; x_wconf 76' lang='lat' dir='ltr'><strong>argumentum.</strong></span> <span class='ocrx_word' id='word_1_536' title='bbox 1465 3790 1521 3842; x_wconf 87' lang='lat' dir='ltr'><strong>Si</strong></span> <span class='ocrx_word' id='word_1_537' title='bbox 1559 3790 1724 3853; x_wconf 89' lang='lat' dir='ltr'><strong>enim,</strong></span> <span class='ocrx_word' id='word_1_538' title='bbox 1757 3798 1814 3841; x_wconf 86' lang='lat' dir='ltr'><strong>tit</strong></span> <span class='ocrx_word' id='word_1_539' title='bbox 1844 3788 1940 3855; x_wconf 85' lang='lat' dir='ltr'><strong>ipsi</strong></span> 
     </span>
    </p>
   </div>
   <div class='ocr_carea' id='block_1_69' title="bbox 370 3884 1939 3953">
    <p class='ocr_par' dir='ltr' id='par_1_69' title="bbox 370 3884 1939 3953">
     <span class='ocr_line' id='line_1_69' title="bbox 370 3884 1939 3953; baseline -0.003 -17"><span class='ocrx_word' id='word_1_540' title='bbox 370 3885 541 3941; x_wconf 86' lang='lat' dir='ltr'><strong>aiunt.</strong></span> <span class='ocrx_word' id='word_1_541' title='bbox 576 3885 867 3951; x_wconf 83' lang='lat' dir='ltr'><strong>aliquando</strong></span> <span class='ocrx_word' id='word_1_542' title='bbox 904 3886 953 3936; x_wconf 90' lang='lat' dir='ltr'><strong>id</strong></span> <span class='ocrx_word' id='word_1_543' title='bbox 1014 3886 1198 3951; x_wconf 72' lang='lat' dir='ltr'><strong>cwpit,</strong></span> <span class='ocrx_word' id='word_1_544' title='bbox 1226 3885 1366 3953; x_wconf 89' lang='lat' dir='ltr'><strong>quod</strong></span> <span class='ocrx_word' id='word_1_545' title='bbox 1420 3885 1578 3938; x_wconf 83' lang='lat' dir='ltr'><strong>linem</strong></span> <span class='ocrx_word' id='word_1_546' title='bbox 1633 3884 1939 3936; x_wconf 89' lang='lat' dir='ltr'><strong>habiturum</strong></span> 
     </span>
    </p>
   </div>
   <div class='ocr_carea' id='block_1_70' title="bbox 373 3965 1953 4036">
    <p class='ocr_par' dir='ltr' id='par_1_70' title="bbox 373 3965 1953 4036">
     <span class='ocr_line' id='line_1_70' title="bbox 373 3965 1953 4036; baseline -0.002 -14"><span class='ocrx_word' id='word_1_547' title='bbox 373 3980 479 4029; x_wconf 87' lang='lat' dir='ltr'><strong>est,</strong></span> <span class='ocrx_word' id='word_1_548' title='bbox 520 3965 760 4036; x_wconf 76' lang='lat' dir='ltr'><strong>profecto</strong></span> <span class='ocrx_word' id='word_1_549' title='bbox 800 3966 849 4016; x_wconf 90' lang='lat' dir='ltr'><strong>id</strong></span> <span class='ocrx_word' id='word_1_550' title='bbox 880 3982 980 4016; x_wconf 86' lang='lat' dir='ltr'><strong>non</strong></span> <span class='ocrx_word' id='word_1_551' title='bbox 1007 3969 1191 4034; x_wconf 71' lang='lat' dir='ltr'><strong>erepit,</strong></span> <span class='ocrx_word' id='word_1_552' title='bbox 1232 3967 1372 4033; x_wconf 85' lang='lat' dir='ltr'><strong>quod</strong></span> <span class='ocrx_word' id='word_1_553' title='bbox 1407 3970 1564 4019; x_wconf 78' lang='lat' dir='ltr'><strong>tinem</strong></span> <span class='ocrx_word' id='word_1_554' title='bbox 1599 3982 1701 4020; x_wconf 93' lang='lat' dir='ltr'><strong>non</strong></span> <span class='ocrx_word' id='word_1_555' title='bbox 1738 3976 1821 4019; x_wconf 85' lang='lat' dir='ltr'><strong>est</strong></span> <span class='ocrx_word' id='word_1_556' title='bbox 1856 3968 1953 4019; x_wconf 82' lang='lat' dir='ltr'><strong>ha-</strong></span> 
     </span>
    </p>
   </div>
   <div class='ocr_carea' id='block_1_71' title="bbox 378 4056 1957 4124">
    <p class='ocr_par' dir='ltr' id='par_1_71' title="bbox 378 4056 1957 4124">
     <span class='ocr_line' id='line_1_71' title="bbox 378 4056 1957 4124; baseline 0.001 -14"><span class='ocrx_word' id='word_1_557' title='bbox 378 4058 637 4111; x_wconf 82' lang='lat' dir='ltr'><strong>biturum.</strong></span> <span class='ocrx_word' id='word_1_558' title='bbox 684 4056 822 4122; x_wconf 82' lang='lat' dir='ltr'><strong>Quid</strong></span> <span class='ocrx_word' id='word_1_559' title='bbox 862 4072 991 4123; x_wconf 85' lang='lat' dir='ltr'><strong>ergo</strong></span> <span class='ocrx_word' id='word_1_560' title='bbox 1029 4058 1095 4109; x_wconf 85' lang='lat' dir='ltr'><strong>de</strong></span> <span class='ocrx_word' id='word_1_561' title='bbox 1133 4058 1312 4110; x_wconf 84' lang='lat' dir='ltr'><strong>anima</strong></span> <span class='ocrx_word' id='word_1_562' title='bbox 1361 4059 1440 4110; x_wconf 78' lang='lat' dir='ltr'><strong>Vel</strong></span> <span class='ocrx_word' id='word_1_563' title='bbox 1481 4058 1546 4110; x_wconf 86' lang='lat' dir='ltr'><strong>de</strong></span> <span class='ocrx_word' id='word_1_564' title='bbox 1578 4057 1817 4124; x_wconf 79' lang='lat' dir='ltr'><strong>angeliCa</strong></span> <span class='ocrx_word' id='word_1_565' title='bbox 1862 4076 1957 4111; x_wconf 81' lang='lat' dir='ltr'><strong>tta-</strong></span> 
     </span>
    </p>
   </div>
   <div class='ocr_carea' id='block_1_72' title="bbox 380 4148 1955 4216">
    <p class='ocr_par' dir='ltr' id='par_1_72' title="bbox 380 4148 1955 4216">
     <span class='ocr_line' id='line_1_72' title="bbox 380 4148 1955 4216; baseline 0.001 -16"><span class='ocrx_word' id='word_1_566' title='bbox 380 4160 498 4200; x_wconf 88' lang='lat' dir='ltr'><strong>tura</strong></span> <span class='ocrx_word' id='word_1_567' title='bbox 533 4148 992 4213; x_wconf 85' lang='lat' dir='ltr'><strong>pronuntiabunt?</strong></span> <span class='ocrx_word' id='word_1_568' title='bbox 1051 4148 1107 4200; x_wconf 87' lang='lat' dir='ltr'><strong>Si</strong></span> <span class='ocrx_word' id='word_1_569' title='bbox 1154 4148 1478 4216; x_wconf 88' lang='lat' dir='ltr'><strong>principium</strong></span> <span class='ocrx_word' id='word_1_570' title='bbox 1541 4150 1747 4214; x_wconf 87' lang='lat' dir='ltr'><strong>habuit,</strong></span> <span class='ocrx_word' id='word_1_571' title='bbox 1796 4150 1955 4204; x_wconf 87' lang='lat' dir='ltr'><strong>tinem</strong></span> 
     </span>
    </p>
   </div>
   <div class='ocr_carea' id='block_1_73' title="bbox 377 4234 1946 4330">
    <p class='ocr_par' dir='ltr' id='par_1_73' title="bbox 377 4235 1946 4304">
     <span class='ocr_line' id='line_1_73' title="bbox 377 4235 1946 4304; baseline 0.003 -17"><span class='ocrx_word' id='word_1_572' title='bbox 377 4250 595 4304; x_wconf 86' lang='lat' dir='ltr'><strong>quoque</strong></span> <span class='ocrx_word' id='word_1_573' title='bbox 623 4235 840 4289; x_wconf 84' lang='lat' dir='ltr'><strong>habebit</strong></span> <span class='ocrx_word' id='word_1_574' title='bbox 886 4252 902 4288; x_wconf 91' lang='lat'><strong>:</strong></span> <span class='ocrx_word' id='word_1_575' title='bbox 935 4236 980 4289; x_wconf 93' lang='lat' dir='ltr'><strong>si</strong></span> <span class='ocrx_word' id='word_1_576' title='bbox 1010 4246 1188 4290; x_wconf 83' lang='lat' dir='ltr'><strong>autem</strong></span> <span class='ocrx_word' id='word_1_577' title='bbox 1242 4238 1343 4291; x_wconf 84' lang='lat' dir='ltr'><strong>tine</strong></span> <span class='ocrx_word' id='word_1_578' title='bbox 1372 4239 1600 4303; x_wconf 86' lang='lat' dir='ltr'><strong>carebit,</strong></span> <span class='ocrx_word' id='word_1_579' title='bbox 1667 4240 1946 4293; x_wconf 73' lang='lat' dir='ltr'><strong>secundum</strong></span> 
     </span>
    </p>
   </div>
   <div class='ocr_carea' id='block_1_74' title="bbox 2057 4234 2737 4330">
    <p class='ocr_par' dir='ltr' id='par_1_74' title="bbox 2057 4234 2737 4321">
     <span class='ocr_line' id='line_1_74' title="bbox 2057 4234 2737 4321; baseline -0.001 -31"><span class='ocrx_word' id='word_1_580' title='bbox 2057 4239 2116 4291; x_wconf 87' lang='grc' dir='ltr'><strong>τὸ</strong></span> <span class='ocrx_word' id='word_1_581' title='bbox 2138 4239 2269 4291; x_wconf 76' lang='grc' dir='ltr'>αὐτὸ</span> <span class='ocrx_word' id='word_1_582' title='bbox 2292 4234 2450 4321; x_wconf 50' lang='grc' dir='ltr'>εξος,</span> <span class='ocrx_word' id='word_1_583' title='bbox 2478 4234 2554 4301; x_wconf 71' lang='grc' dir='ltr'>εἷς</span> <span class='ocrx_word' id='word_1_584' title='bbox 2581 4238 2737 4305; x_wconf 82' lang='grc' dir='ltr'>λόγος</span> 
     </span>
    </p>
   </div>
   <div class='ocr_carea' id='block_1_75' title="bbox 381 4328 1955 4397">
    <p class='ocr_par' dir='ltr' id='par_1_75' title="bbox 381 4328 1955 4397">
     <span class='ocr_line' id='line_1_75' title="bbox 381 4328 1955 4397; baseline 0.003 -19"><span class='ocrx_word' id='word_1_585' title='bbox 381 4343 478 4378; x_wconf 84' lang='lat' dir='ltr'><strong>eos</strong></span> <span class='ocrx_word' id='word_1_586' title='bbox 506 4328 685 4394; x_wconf 89' lang='lat' dir='ltr'><strong>utique</strong></span> <span class='ocrx_word' id='word_1_587' title='bbox 716 4328 978 4395; x_wconf 85' lang='lat' dir='ltr'><strong>principio</strong></span> <span class='ocrx_word' id='word_1_588' title='bbox 1012 4344 1227 4397; x_wconf 86' lang='lat' dir='ltr'><strong>quoque</strong></span> <span class='ocrx_word' id='word_1_589' title='bbox 1270 4329 1410 4382; x_wconf 88' lang='lat' dir='ltr'><strong>hanc</strong></span> <span class='ocrx_word' id='word_1_590' title='bbox 1448 4328 1695 4383; x_wconf 87' lang='lat' dir='ltr'><strong>caruisse</strong></span> <span class='ocrx_word' id='word_1_591' title='bbox 1725 4339 1955 4383; x_wconf 85' lang='lat' dir='ltr'><strong>constat.</strong></span> 
     </span>
    </p>
   </div>
   <div class='ocr_carea' id='block_1_76' title="bbox 384 4418 1959 4488">
    <p class='ocr_par' dir='ltr' id='par_1_76' title="bbox 384 4418 1959 4488">
     <span class='ocr_line' id='line_1_76' title="bbox 384 4418 1959 4488; baseline 0.003 -17"><span class='ocrx_word' id='word_1_592' title='bbox 384 4418 545 4486; x_wconf 84' lang='lat' dir='ltr'><strong>Atqui</strong></span> <span class='ocrx_word' id='word_1_593' title='bbox 576 4428 629 4471; x_wconf 87' lang='lat' dir='ltr'><strong>et</strong></span> <span class='ocrx_word' id='word_1_594' title='bbox 663 4419 981 4487; x_wconf 82' lang='lat' dir='ltr'><strong>principium</strong></span> <span class='ocrx_word' id='word_1_595' title='bbox 1021 4420 1226 4482; x_wconf 88' lang='lat' dir='ltr'><strong>habuit,</strong></span> <span class='ocrx_word' id='word_1_596' title='bbox 1281 4435 1378 4474; x_wconf 89' lang='lat' dir='ltr'><strong>nec</strong></span> <span class='ocrx_word' id='word_1_597' title='bbox 1408 4435 1642 4488; x_wconf 88' lang='lat' dir='ltr'><strong>unquam</strong></span> <span class='ocrx_word' id='word_1_598' title='bbox 1671 4435 1791 4475; x_wconf 84' lang='lat' dir='ltr'><strong>esse</strong></span> <span class='ocrx_word' id='word_1_599' title='bbox 1817 4422 1959 4475; x_wconf 86' lang='lat' dir='ltr'><strong>desi-</strong></span> 
     </span>
    </p>
   </div>
   <div class='ocr_carea' id='block_1_77' title="bbox 386 4509 1960 4580">
    <p class='ocr_par' dir='ltr' id='par_1_77' title="bbox 386 4509 1960 4580">
     <span class='ocr_line' id='line_1_77' title="bbox 386 4509 1960 4580; baseline 0.001 -19"><span class='ocrx_word' id='word_1_600' title='bbox 386 4518 495 4565; x_wconf 90' lang='lat' dir='ltr'><strong>net.</strong></span> <span class='ocrx_word' id='word_1_601' title='bbox 553 4509 769 4564; x_wconf 81' lang='lat' dir='ltr'><strong>Falsutn</strong></span> <span class='ocrx_word' id='word_1_602' title='bbox 821 4518 904 4563; x_wconf 89' lang='lat' dir='ltr'><strong>est</strong></span> <span class='ocrx_word' id='word_1_603' title='bbox 929 4512 1104 4577; x_wconf 84' lang='lat' dir='ltr'><strong>itaque</strong></span> <span class='ocrx_word' id='word_1_604' title='bbox 1130 4512 1271 4579; x_wconf 85' lang='lat' dir='ltr'><strong>quod</strong></span> <span class='ocrx_word' id='word_1_605' title='bbox 1298 4511 1471 4574; x_wconf 87' lang='lat' dir='ltr'><strong>aiunt,</strong></span> <span class='ocrx_word' id='word_1_606' title='bbox 1512 4512 1583 4574; x_wconf 89' lang='lat' dir='ltr'><strong>id,</strong></span> <span class='ocrx_word' id='word_1_607' title='bbox 1612 4514 1751 4580; x_wconf 92' lang='lat' dir='ltr'><strong>quod</strong></span> <span class='ocrx_word' id='word_1_608' title='bbox 1803 4512 1960 4566; x_wconf 80' lang='lat' dir='ltr'><strong>linem</strong></span> 
     </span>
    </p>
   </div>
   <div class='ocr_carea' id='block_1_78' title="bbox 388 4602 1967 4671">
    <p class='ocr_par' dir='ltr' id='par_1_78' title="bbox 388 4602 1967 4671">
     <span class='ocr_line' id='line_1_78' title="bbox 388 4602 1967 4671; baseline 0.001 -17"><span class='ocrx_word' id='word_1_609' title='bbox 388 4602 698 4655; x_wconf 87' lang='lat' dir='ltr'><strong>habiturum</strong></span> <span class='ocrx_word' id='word_1_610' title='bbox 729 4612 840 4667; x_wconf 88' lang='lat' dir='ltr'><strong>est,</strong></span> <span class='ocrx_word' id='word_1_611' title='bbox 876 4603 1200 4671; x_wconf 89' lang='lat' dir='ltr'><strong>principium</strong></span> <span class='ocrx_word' id='word_1_612' title='bbox 1229 4618 1443 4671; x_wconf 90' lang='lat' dir='ltr'><strong>quoque</strong></span> <span class='ocrx_word' id='word_1_613' title='bbox 1473 4603 1745 4658; x_wconf 84' lang='lat' dir='ltr'><strong>habuisse.</strong></span> <span class='ocrx_word' id='word_1_614' title='bbox 1785 4603 1967 4657; x_wconf 88' lang='lat' dir='ltr'><strong>Enim-</strong></span> 
     </span>
    </p>
   </div>
   <div class='ocr_carea' id='block_1_79' title="bbox 388 4692 1261 4747">
    <p class='ocr_par' dir='ltr' id='par_1_79' title="bbox 388 4692 1261 4747">
     <span class='ocr_line' id='line_1_79' title="bbox 388 4692 1261 4747; baseline 0.003 -4"><span class='ocrx_word' id='word_1_615' title='bbox 388 4707 519 4747; x_wconf 70' lang='lat' dir='ltr'><strong>vero</strong></span> <span class='ocrx_word' id='word_1_616' title='bbox 546 4693 789 4747; x_wconf 84' lang='lat' dir='ltr'><strong>doctrina</strong></span> <span class='ocrx_word' id='word_1_617' title='bbox 819 4701 999 4746; x_wconf 90' lang='lat' dir='ltr'><strong>nostra</strong></span> <span class='ocrx_word' id='word_1_618' title='bbox 1027 4692 1143 4747; x_wconf 66' lang='lat' dir='ltr'><strong>haae</strong></span> <span class='ocrx_word' id='word_1_619' title='bbox 1177 4704 1261 4746; x_wconf 89' lang='lat' dir='ltr'><strong>est</strong></span> 
     </span>
    </p>
   </div>
   <div class='ocr_carea' id='block_1_80' title="bbox 2062 2962 3649 3036">
    <p class='ocr_par' dir='ltr' id='par_1_80' title="bbox 2062 2962 3649 3036">
     <span class='ocr_line' id='line_1_80' title="bbox 2062 2962 3649 3036; baseline 0.001 -18"><span class='ocrx_word' id='word_1_620' title='bbox 2062 2981 2265 3018; x_wconf 86' lang='grc' dir='ltr'>παυται</span> <span class='ocrx_word' id='word_1_621' title='bbox 2300 2962 2394 3016; x_wconf 88' lang='grc' dir='ltr'><strong>τοῦ</strong></span> <span class='ocrx_word' id='word_1_622' title='bbox 2433 2965 2627 3033; x_wconf 85' lang='grc' dir='ltr'>γεννᾷν</span> <span class='ocrx_word' id='word_1_623' title='bbox 2663 2964 2691 3015; x_wconf 77' lang='grc' dir='ltr'><strong>ὁ</strong></span> <span class='ocrx_word' id='word_1_624' title='bbox 2729 2964 2880 3028; x_wconf 88' lang='grc' dir='ltr'>Θεὸς,</span> <span class='ocrx_word' id='word_1_625' title='bbox 2921 2964 3116 3034; x_wconf 78' lang='grc' dir='ltr'>ἀτελὴς</span> <span class='ocrx_word' id='word_1_626' title='bbox 3156 2967 3189 3033; x_wconf 87' lang='grc' dir='ltr'>ἡ</span> <span class='ocrx_word' id='word_1_627' title='bbox 3226 2965 3498 3036; x_wconf 82' lang='grc' dir='ltr'>γέννησις.</span> <span class='ocrx_word' id='word_1_628' title='bbox 3538 2968 3649 3021; x_wconf 76' lang='grc' dir='ltr'>Καὶ</span> 
     </span>
    </p>
   </div>
   <div class='ocr_carea' id='block_1_81' title="bbox 2063 3055 3643 3128">
    <p class='ocr_par' dir='ltr' id='par_1_81' title="bbox 2063 3055 3643 3128">
     <span class='ocr_line' id='line_1_81' title="bbox 2063 3055 3643 3128; baseline 0.003 -19"><span class='ocrx_word' id='word_1_629' title='bbox 2063 3056 2190 3109; x_wconf 84' lang='grc' dir='ltr'>πότε</span> <span class='ocrx_word' id='word_1_630' title='bbox 2222 3056 2521 3119; x_wconf 57' lang='lat' dir='ltr'><strong>nauseam;</strong></span> <span class='ocrx_word' id='word_1_631' title='bbox 2550 3055 2613 3107; x_wconf 79' lang='lat' dir='ltr'><strong>Ei</strong></span> <span class='ocrx_word' id='word_1_632' title='bbox 2636 3055 2692 3107; x_wconf 81' lang='grc' dir='ltr'><strong>δὲ</strong></span> <span class='ocrx_word' id='word_1_633' title='bbox 2717 3055 3012 3115; x_wconf 83' lang='grc' dir='ltr'>πέπαυται.</span> <span class='ocrx_word' id='word_1_634' title='bbox 3044 3058 3260 3120; x_wconf 82' lang='grc' dir='ltr'>πάντως</span> <span class='ocrx_word' id='word_1_635' title='bbox 3294 3058 3388 3110; x_wconf 76' lang='grc' dir='ltr'><strong>καὶ</strong></span> <span class='ocrx_word' id='word_1_636' title='bbox 3420 3058 3643 3128; x_wconf 71' lang='grc' dir='ltr'>ἤρξατο.</span> 
     </span>
    </p>
   </div>
   <div class='ocr_carea' id='block_1_82' title="bbox 2064 3146 3648 3216">
    <p class='ocr_par' dir='ltr' id='par_1_82' title="bbox 2064 3146 3648 3216">
     <span class='ocr_line' id='line_1_82' title="bbox 2064 3146 3648 3216; baseline 0.001 -16"><span class='ocrx_word' id='word_1_637' title='bbox 2064 3147 2231 3201; x_wconf 84' lang='grc' dir='ltr'>Πάλιν</span> <span class='ocrx_word' id='word_1_638' title='bbox 2264 3148 2312 3198; x_wconf 78' lang='grc' dir='ltr'>οἱ</span> <span class='ocrx_word' id='word_1_639' title='bbox 2353 3148 2654 3216; x_wconf 72' lang='grc' dir='ltr'>σωματικοὶ</span> <span class='ocrx_word' id='word_1_640' title='bbox 2695 3146 2763 3199; x_wconf 88' lang='grc' dir='ltr'>τὰ</span> <span class='ocrx_word' id='word_1_641' title='bbox 2821 3147 3128 3216; x_wconf 83' lang='grc' dir='ltr'>σωματικά.</span> <span class='ocrx_word' id='word_1_642' title='bbox 3297 3146 3441 3216; x_wconf 84' lang='grc' dir='ltr'><strong>Ἐγὼ</strong></span> <span class='ocrx_word' id='word_1_643' title='bbox 3493 3150 3569 3211; x_wconf 84' lang='grc' dir='ltr'><strong>δὲ,</strong></span> <span class='ocrx_word' id='word_1_644' title='bbox 3599 3151 3648 3201; x_wconf 85' lang='grc' dir='ltr'>εἰ</span> 
     </span>
    </p>
   </div>
   <div class='ocr_carea' id='block_1_83' title="bbox 2067 3237 3652 3308">
    <p class='ocr_par' dir='ltr' id='par_1_83' title="bbox 2067 3237 3652 3308">
     <span class='ocr_line' id='line_1_83' title="bbox 2067 3237 3652 3308; baseline 0.002 -18"><span class='ocrx_word' id='word_1_645' title='bbox 2067 3238 2164 3308; x_wconf 81' lang='grc' dir='ltr'><strong>μὲν</strong></span> <span class='ocrx_word' id='word_1_646' title='bbox 2186 3238 2352 3291; x_wconf 71' lang='grc' dir='ltr'>ἀΐδιον</span> <span class='ocrx_word' id='word_1_647' title='bbox 2379 3237 2528 3308; x_wconf 83' lang='grc' dir='ltr'>αὐτῷ</span> <span class='ocrx_word' id='word_1_648' title='bbox 2556 3238 2620 3291; x_wconf 81' lang='grc' dir='ltr'><strong>τὸ</strong></span> <span class='ocrx_word' id='word_1_649' title='bbox 2643 3237 2934 3305; x_wconf 77' lang='grc' dir='ltr'>γεννᾶσθαι</span> <span class='ocrx_word' id='word_1_650' title='bbox 2964 3238 2997 3308; x_wconf 83' lang='grc' dir='ltr'>ἢ</span> <span class='ocrx_word' id='word_1_651' title='bbox 3037 3238 3134 3308; x_wconf 80' lang='grc' dir='ltr'>μὴ,</span> <span class='ocrx_word' id='word_1_652' title='bbox 3170 3237 3323 3291; x_wconf 72' lang='grc' dir='ltr'>οὔπω</span> <span class='ocrx_word' id='word_1_653' title='bbox 3345 3238 3507 3307; x_wconf 80' lang='grc' dir='ltr'>λέγω,</span> <span class='ocrx_word' id='word_1_654' title='bbox 3545 3242 3652 3304; x_wconf 81' lang='grc' dir='ltr'>ἓως</span> 
     </span>
    </p>
   </div>
   <div class='ocr_carea' id='block_1_84' title="bbox 2063 3327 3657 3401">
    <p class='ocr_par' dir='ltr' id='par_1_84' title="bbox 2063 3327 3657 3401">
     <span class='ocr_line' id='line_1_84' title="bbox 2063 3327 3657 3401; baseline 0 -18"><span class='ocrx_word' id='word_1_655' title='bbox 2063 3328 2128 3383; x_wconf 81' lang='grc' dir='ltr'><strong>ἂν</strong></span> <span class='ocrx_word' id='word_1_656' title='bbox 2160 3330 2241 3393; x_wconf 89' lang='grc' dir='ltr'><strong>τὸ,</strong></span> <span class='ocrx_word' id='word_1_657' title='bbox 2280 3329 2397 3397; x_wconf 80' lang='grc' dir='ltr'><strong>Πρό</strong></span> <span class='ocrx_word' id='word_1_658' title='bbox 2427 3329 2667 3383; x_wconf 77' lang='grc' dir='ltr'>πάντων</span> <span class='ocrx_word' id='word_1_659' title='bbox 2688 3328 2939 3394; x_wconf 78' lang='grc' dir='ltr'><strong>βουνῶν</strong></span> <span class='ocrx_word' id='word_1_660' title='bbox 2970 3327 3153 3398; x_wconf 78' lang='grc' dir='ltr'>γεννᾷ</span> <span class='ocrx_word' id='word_1_661' title='bbox 3181 3347 3278 3397; x_wconf 86' lang='grc' dir='ltr'><strong>με,</strong></span> <span class='ocrx_word' id='word_1_662' title='bbox 3331 3331 3657 3401; x_wconf 78' lang='grc' dir='ltr'>ἀκριϐέστε-</span> 
     </span>
    </p>
   </div>
   <div class='ocr_carea' id='block_1_85' title="bbox 2067 3419 3653 3492">
    <p class='ocr_par' dir='ltr' id='par_1_85' title="bbox 2067 3419 3653 3492">
     <span class='ocr_line' id='line_1_85' title="bbox 2067 3419 3653 3492; baseline 0.001 -21"><span class='ocrx_word' id='word_1_663' title='bbox 2067 3437 2158 3492; x_wconf 92' lang='grc' dir='ltr'><strong>ρον</strong></span> <span class='ocrx_word' id='word_1_664' title='bbox 2304 3419 2707 3490; x_wconf 66' lang='grc' dir='ltr'>ὲπισκέψωμαι.</span> <span class='ocrx_word' id='word_1_665' title='bbox 2742 3419 2853 3491; x_wconf 78' lang='grc' dir='ltr'><strong>Οὐχ</strong></span> <span class='ocrx_word' id='word_1_666' title='bbox 2884 3419 2995 3490; x_wconf 86' lang='grc' dir='ltr'>όρῶ</span> <span class='ocrx_word' id='word_1_667' title='bbox 3015 3420 3092 3481; x_wconf 81' lang='grc' dir='ltr'><strong>δὲ,</strong></span> <span class='ocrx_word' id='word_1_668' title='bbox 3118 3421 3202 3483; x_wconf 85' lang='grc' dir='ltr'><strong>τίς</strong></span> <span class='ocrx_word' id='word_1_669' title='bbox 3248 3422 3279 3491; x_wconf 88' lang='grc' dir='ltr'><strong>ή</strong></span> <span class='ocrx_word' id='word_1_670' title='bbox 3310 3422 3525 3491; x_wconf 79' lang='grc' dir='ltr'>ἀνάγκη</span> <span class='ocrx_word' id='word_1_671' title='bbox 3558 3423 3653 3479; x_wconf 89' lang='grc' dir='ltr'><strong>τοῦ</strong></span> 
     </span>
    </p>
   </div>
   <div class='ocr_carea' id='block_1_86' title="bbox 2064 3508 3653 3584">
    <p class='ocr_par' dir='ltr' id='par_1_86' title="bbox 2064 3508 3653 3584">
     <span class='ocr_line' id='line_1_86' title="bbox 2064 3508 3653 3584; baseline 0 -19"><span class='ocrx_word' id='word_1_672' title='bbox 2064 3512 2240 3580; x_wconf 83' lang='grc' dir='ltr'>λόγου.</span> <span class='ocrx_word' id='word_1_673' title='bbox 2284 3513 2345 3565; x_wconf 74' lang='grc' dir='ltr'><strong>ΕΞ</strong></span> <span class='ocrx_word' id='word_1_674' title='bbox 2389 3513 2497 3583; x_wconf 79' lang='grc' dir='ltr'><strong>γὰρ</strong></span> <span class='ocrx_word' id='word_1_675' title='bbox 2539 3508 2739 3582; x_wconf 79' lang='grc' dir='ltr'>ἦρκται</span> <span class='ocrx_word' id='word_1_676' title='bbox 2782 3510 2902 3564; x_wconf 83' lang='grc' dir='ltr'>κατ’</span> <span class='ocrx_word' id='word_1_677' title='bbox 2941 3512 3137 3574; x_wconf 80' lang='grc' dir='ltr'>αὐτοὺς</span> <span class='ocrx_word' id='word_1_678' title='bbox 3183 3512 3245 3563; x_wconf 91' lang='grc' dir='ltr'><strong>τὸ</strong></span> <span class='ocrx_word' id='word_1_679' title='bbox 3287 3514 3653 3584; x_wconf 83' lang='grc' dir='ltr'>παυσόμενον,</span> 
     </span>
    </p>
   </div>
   <div class='ocr_carea' id='block_1_87' title="bbox 2065 3601 3651 3676">
    <p class='ocr_par' dir='ltr' id='par_1_87' title="bbox 2065 3601 3651 3676">
     <span class='ocr_line' id='line_1_87' title="bbox 2065 3601 3651 3676; baseline -0.001 -17"><span class='ocrx_word' id='word_1_680' title='bbox 2065 3607 2163 3659; x_wconf 82' lang='grc' dir='ltr'>οὑκ</span> <span class='ocrx_word' id='word_1_681' title='bbox 2194 3601 2395 3676; x_wconf 79' lang='grc' dir='ltr'>ἦρκται</span> <span class='ocrx_word' id='word_1_682' title='bbox 2420 3606 2636 3667; x_wconf 84' lang='grc' dir='ltr'>πάντως</span> <span class='ocrx_word' id='word_1_683' title='bbox 2664 3604 2726 3656; x_wconf 84' lang='grc' dir='ltr'><strong>τὸ</strong></span> <span class='ocrx_word' id='word_1_684' title='bbox 2754 3604 2829 3675; x_wconf 82' lang='grc' dir='ltr'>μὴ</span> <span class='ocrx_word' id='word_1_685' title='bbox 2850 3603 3212 3673; x_wconf 83' lang='grc' dir='ltr'>παυσόμενον.</span> <span class='ocrx_word' id='word_1_686' title='bbox 3232 3604 3297 3655; x_wconf 84' lang='grc' dir='ltr'>Τί</span> <span class='ocrx_word' id='word_1_687' title='bbox 3317 3604 3497 3656; x_wconf 80' lang='grc' dir='ltr'>τοίνυν</span> <span class='ocrx_word' id='word_1_688' title='bbox 3520 3604 3651 3657; x_wconf 84' lang='grc' dir='ltr'>ἀπο-</span> 
     </span>
    </p>
   </div>
   <div class='ocr_carea' id='block_1_88' title="bbox 2066 3694 3647 3766">
    <p class='ocr_par' dir='ltr' id='par_1_88' title="bbox 2066 3694 3647 3766">
     <span class='ocr_line' id='line_1_88' title="bbox 2066 3694 3647 3766; baseline -0.001 -16"><span class='ocrx_word' id='word_1_689' title='bbox 2066 3696 2360 3766; x_wconf 70' lang='grc' dir='ltr'>φανοῦνται</span> <span class='ocrx_word' id='word_1_690' title='bbox 2392 3698 2520 3765; x_wconf 75' lang='grc' dir='ltr'>περὶ</span> <span class='ocrx_word' id='word_1_691' title='bbox 2542 3697 2739 3765; x_wconf 70' lang='grc' dir='ltr'>ψυχῆς,</span> <span class='ocrx_word' id='word_1_692' title='bbox 2778 3696 2810 3766; x_wconf 83' lang='grc' dir='ltr'>ἢ</span> <span class='ocrx_word' id='word_1_693' title='bbox 2840 3697 2937 3766; x_wconf 83' lang='grc' dir='ltr'><strong>τῆς</strong></span> <span class='ocrx_word' id='word_1_694' title='bbox 2968 3694 3267 3764; x_wconf 81' lang='grc' dir='ltr'>ἀγγελικῆς</span> <span class='ocrx_word' id='word_1_695' title='bbox 3302 3697 3550 3763; x_wconf 78' lang='grc' dir='ltr'>φύσεως;</span> <span class='ocrx_word' id='word_1_696' title='bbox 3585 3696 3647 3749; x_wconf 73' lang='grc' dir='ltr'><strong>Εἰ</strong></span> 
     </span>
    </p>
   </div>
   <div class='ocr_carea' id='block_1_89' title="bbox 2069 3784 3647 3859">
    <p class='ocr_par' dir='ltr' id='par_1_89' title="bbox 2069 3784 3647 3859">
     <span class='ocr_line' id='line_1_89' title="bbox 2069 3784 3647 3859; baseline -0.001 -19"><span class='ocrx_word' id='word_1_697' title='bbox 2069 3788 2167 3858; x_wconf 86' lang='grc' dir='ltr'><strong>μὲν</strong></span> <span class='ocrx_word' id='word_1_698' title='bbox 2189 3784 2409 3859; x_wconf 78' lang='grc' dir='ltr'>ἦρκται,</span> <span class='ocrx_word' id='word_1_699' title='bbox 2438 3788 2532 3841; x_wconf 77' lang='grc' dir='ltr'><strong>καὶ</strong></span> <span class='ocrx_word' id='word_1_700' title='bbox 2561 3786 2856 3840; x_wconf 74' lang='grc' dir='ltr'>παύσεταιο</span> <span class='ocrx_word' id='word_1_701' title='bbox 2897 3789 2944 3839; x_wconf 77' lang='grc' dir='ltr'>εἰ</span> <span class='ocrx_word' id='word_1_702' title='bbox 2969 3787 3026 3840; x_wconf 83' lang='grc' dir='ltr'>δὲ</span> <span class='ocrx_word' id='word_1_703' title='bbox 3053 3788 3113 3840; x_wconf 77' lang='grc' dir='ltr'><strong>οῦ</strong></span> <span class='ocrx_word' id='word_1_704' title='bbox 3138 3787 3429 3851; x_wconf 77' lang='grc' dir='ltr'>παύσεται,</span> <span class='ocrx_word' id='word_1_705' title='bbox 3466 3787 3647 3859; x_wconf 83' lang='grc' dir='ltr'>δῆλον,</span> 
     </span>
    </p>
   </div>
   <div class='ocr_carea' id='block_1_90' title="bbox 2068 3874 3651 3951">
    <p class='ocr_par' dir='ltr' id='par_1_90' title="bbox 2068 3874 3651 3951">
     <span class='ocr_line' id='line_1_90' title="bbox 2068 3874 3651 3951; baseline -0.003 -17"><span class='ocrx_word' id='word_1_706' title='bbox 2068 3882 2148 3934; x_wconf 81' lang='grc' dir='ltr'>ὅτι</span> <span class='ocrx_word' id='word_1_707' title='bbox 2190 3882 2305 3933; x_wconf 83' lang='grc' dir='ltr'>κατ’</span> <span class='ocrx_word' id='word_1_708' title='bbox 2330 3881 2528 3943; x_wconf 73' lang='grc' dir='ltr'>αὐτοὺς</span> <span class='ocrx_word' id='word_1_709' title='bbox 2558 3879 2677 3932; x_wconf 73' lang='grc' dir='ltr'>οὐδὲ</span> <span class='ocrx_word' id='word_1_710' title='bbox 2701 3874 2921 3949; x_wconf 87' lang='grc' dir='ltr'>ἦρκται.</span> <span class='ocrx_word' id='word_1_711' title='bbox 2957 3878 3116 3932; x_wconf 81' lang='grc' dir='ltr'>Ἀλλὰ</span> <span class='ocrx_word' id='word_1_712' title='bbox 3157 3880 3263 3950; x_wconf 76' lang='grc' dir='ltr'>μὴν</span> <span class='ocrx_word' id='word_1_713' title='bbox 3292 3882 3385 3935; x_wconf 70' lang='grc' dir='ltr'><strong>καὶ</strong></span> <span class='ocrx_word' id='word_1_714' title='bbox 3423 3876 3651 3951; x_wconf 72' lang='grc' dir='ltr'>ἦρκται,</span> 
     </span>
    </p>
   </div>
   <div class='ocr_carea' id='block_1_91' title="bbox 2058 3963 3634 4039">
    <p class='ocr_par' dir='ltr' id='par_1_91' title="bbox 2058 3963 3634 4039">
     <span class='ocr_line' id='line_1_91' title="bbox 2058 3963 3634 4039; baseline -0.003 -17"><span class='ocrx_word' id='word_1_715' title='bbox 2058 3971 2151 4022; x_wconf 75' lang='grc' dir='ltr'><strong>καὶ</strong></span> <span class='ocrx_word' id='word_1_716' title='bbox 2205 3972 2263 4022; x_wconf 79' lang='grc' dir='ltr'><strong>οὐ</strong></span> <span class='ocrx_word' id='word_1_717' title='bbox 2320 3988 2604 4023; x_wconf 79' lang='grc' dir='ltr'>παυσεται.</span> <span class='ocrx_word' id='word_1_718' title='bbox 2648 3974 2761 4023; x_wconf 90' lang='grc' dir='ltr'>Ουκ</span> <span class='ocrx_word' id='word_1_719' title='bbox 2796 3970 2902 4039; x_wconf 80' lang='grc' dir='ltr'>ἄρα</span> <span class='ocrx_word' id='word_1_720' title='bbox 2932 3963 3133 4039; x_wconf 79' lang='grc' dir='ltr'>ἦρκται</span> <span class='ocrx_word' id='word_1_721' title='bbox 3176 3969 3295 4020; x_wconf 85' lang='grc' dir='ltr'>κατ’</span> <span class='ocrx_word' id='word_1_722' title='bbox 3343 3968 3535 4028; x_wconf 73' lang='grc' dir='ltr'>αὐτοὺς</span> <span class='ocrx_word' id='word_1_723' title='bbox 3570 3966 3634 4019; x_wconf 82' lang='grc' dir='ltr'><strong>τὸ</strong></span> 
     </span>
    </p>
   </div>
   <div class='ocr_carea' id='block_1_92' title="bbox 2058 4050 3632 4125">
    <p class='ocr_par' dir='ltr' id='par_1_92' title="bbox 2058 4050 3632 4125">
     <span class='ocr_line' id='line_1_92' title="bbox 2058 4050 3632 4125; baseline -0.001 -19"><span class='ocrx_word' id='word_1_724' title='bbox 2058 4055 2419 4125; x_wconf 81' lang='grc' dir='ltr'>παυσόμενον.</span> <span class='ocrx_word' id='word_1_725' title='bbox 2462 4058 2519 4109; x_wconf 86' lang='grc'><strong>’0</strong></span> <span class='ocrx_word' id='word_1_726' title='bbox 2550 4057 2645 4125; x_wconf 76' lang='grc' dir='ltr'>μὲν</span> <span class='ocrx_word' id='word_1_727' title='bbox 2670 4051 2762 4108; x_wconf 83' lang='grc' dir='ltr'><strong>οῦν</strong></span> <span class='ocrx_word' id='word_1_728' title='bbox 2791 4056 3055 4125; x_wconf 83' lang='grc' dir='ltr'>ἡμέτερος</span> <span class='ocrx_word' id='word_1_729' title='bbox 3079 4056 3233 4123; x_wconf 86' lang='grc' dir='ltr'>λόγος</span> <span class='ocrx_word' id='word_1_730' title='bbox 3252 4072 3264 4083; x_wconf 92' lang='grc'><strong>·</strong></span> <span class='ocrx_word' id='word_1_731' title='bbox 3300 4055 3509 4121; x_wconf 83' lang='grc' dir='ltr'>Ὥσπερ</span> <span class='ocrx_word' id='word_1_732' title='bbox 3545 4050 3632 4104; x_wconf 83' lang='grc' dir='ltr'><strong>ἰπ-</strong></span> 
     </span>
    </p>
   </div>
   <div class='ocr_carea' id='block_1_93' title="bbox 2059 4141 3635 4217">
    <p class='ocr_par' dir='ltr' id='par_1_93' title="bbox 2059 4141 3635 4217">
     <span class='ocr_line' id='line_1_93' title="bbox 2059 4141 3635 4217; baseline -0.003 -17"><span class='ocrx_word' id='word_1_733' title='bbox 2059 4165 2182 4210; x_wconf 87' lang='grc' dir='ltr'>που,</span> <span class='ocrx_word' id='word_1_734' title='bbox 2216 4148 2309 4200; x_wconf 75' lang='grc' dir='ltr'><strong>καὶ</strong></span> <span class='ocrx_word' id='word_1_735' title='bbox 2349 4148 2487 4216; x_wconf 83' lang='grc' dir='ltr'>βοὸς,</span> <span class='ocrx_word' id='word_1_736' title='bbox 2536 4148 2630 4200; x_wconf 72' lang='grc' dir='ltr'>καὶ</span> <span class='ocrx_word' id='word_1_737' title='bbox 2662 4146 2973 4217; x_wconf 83' lang='grc' dir='ltr'>ἀνθρώπου,</span> <span class='ocrx_word' id='word_1_738' title='bbox 3000 4147 3093 4198; x_wconf 74' lang='grc' dir='ltr'><strong>καὶ</strong></span> <span class='ocrx_word' id='word_1_739' title='bbox 3126 4146 3353 4198; x_wconf 76' lang='grc' dir='ltr'>ἑκάστου</span> <span class='ocrx_word' id='word_1_740' title='bbox 3383 4141 3489 4194; x_wconf 80' lang='grc' dir='ltr'>τῶν</span> <span class='ocrx_word' id='word_1_741' title='bbox 3529 4143 3635 4195; x_wconf 76' lang='grc' dir='ltr'>ὑπὸ</span> 
     </span>
    </p>
   </div>
   <div class='ocr_carea' id='block_1_94' title="bbox 2870 4235 3637 4305">
    <p class='ocr_par' dir='ltr' id='par_1_94' title="bbox 2870 4235 3637 4305">
     <span class='ocr_line' id='line_1_94' title="bbox 2870 4235 3637 4305; baseline 0.012 -21"><span class='ocrx_word' id='word_1_742' title='bbox 2870 4237 3015 4290; x_wconf 67' lang='grc' dir='ltr'>ἐστίν</span> <span class='ocrx_word' id='word_1_743' title='bbox 3032 4254 3043 4267; x_wconf 87' lang='grc'><strong>·</strong></span> <span class='ocrx_word' id='word_1_744' title='bbox 3066 4239 3157 4289; x_wconf 85' lang='grc' dir='ltr'><strong>καί</strong></span> <span class='ocrx_word' id='word_1_745' title='bbox 3176 4238 3203 4289; x_wconf 84' lang='grc' dir='ltr'>ὃ</span> <span class='ocrx_word' id='word_1_746' title='bbox 3232 4237 3327 4303; x_wconf 76' lang='grc' dir='ltr'>μὲν</span> <span class='ocrx_word' id='word_1_747' title='bbox 3349 4236 3413 4288; x_wconf 81' lang='grc' dir='ltr'>ἂν</span> <span class='ocrx_word' id='word_1_748' title='bbox 3434 4235 3637 4305; x_wconf 71' lang='grc' dir='ltr'>μετέχῃ</span> 
     </span>
    </p>
   </div>
   <div class='ocr_carea' id='block_1_95' title="bbox 2056 4326 3637 4400">
    <p class='ocr_par' dir='ltr' id='par_1_95' title="bbox 2056 4326 3637 4400">
     <span class='ocr_line' id='line_1_95' title="bbox 2056 4326 3637 4400; baseline -0.003 -19"><span class='ocrx_word' id='word_1_749' title='bbox 2056 4328 2149 4382; x_wconf 85' lang='grc' dir='ltr'><strong>τοῦ</strong></span> <span class='ocrx_word' id='word_1_750' title='bbox 2172 4329 2351 4397; x_wconf 80' lang='grc' dir='ltr'>λόγου,</span> <span class='ocrx_word' id='word_1_751' title='bbox 2386 4327 2542 4381; x_wconf 83' lang='grc' dir='ltr'>τοῦτο</span> <span class='ocrx_word' id='word_1_752' title='bbox 2572 4328 2664 4382; x_wconf 75' lang='grc' dir='ltr'><strong>καὶ</strong></span> <span class='ocrx_word' id='word_1_753' title='bbox 2697 4328 2901 4400; x_wconf 76' lang='grc' dir='ltr'>κυρίως</span> <span class='ocrx_word' id='word_1_754' title='bbox 2922 4328 3175 4397; x_wconf 84' lang='grc' dir='ltr'>λέγεσθαι</span> <span class='ocrx_word' id='word_1_755' title='bbox 3217 4340 3232 4355; x_wconf 88' lang='grc'>⁶</span> <span class='ocrx_word' id='word_1_756' title='bbox 3340 4326 3368 4378; x_wconf 86' lang='grc' dir='ltr'><strong>ὃ</strong></span> <span class='ocrx_word' id='word_1_757' title='bbox 3398 4326 3440 4378; x_wconf 83' lang='grc' dir='ltr'>δ’</span> <span class='ocrx_word' id='word_1_758' title='bbox 3467 4326 3532 4378; x_wconf 82' lang='grc' dir='ltr'>ἂν</span> <span class='ocrx_word' id='word_1_759' title='bbox 3562 4326 3637 4397; x_wconf 81' lang='grc' dir='ltr'>μὴ</span> 
     </span>
    </p>
   </div>
   <div class='ocr_carea' id='block_1_96' title="bbox 2063 4416 3635 4493">
    <p class='ocr_par' dir='ltr' id='par_1_96' title="bbox 2063 4416 3635 4493">
     <span class='ocr_line' id='line_1_96' title="bbox 2063 4416 3635 4493; baseline -0.003 -20"><span class='ocrx_word' id='word_1_760' title='bbox 2063 4422 2286 4493; x_wconf 81' lang='grc' dir='ltr'>μετέχῃ,</span> <span class='ocrx_word' id='word_1_761' title='bbox 2325 4421 2483 4472; x_wconf 88' lang='grc' dir='ltr'>τοῦτο</span> <span class='ocrx_word' id='word_1_762' title='bbox 2510 4421 2542 4490; x_wconf 84' lang='grc' dir='ltr'>ἢ</span> <span class='ocrx_word' id='word_1_763' title='bbox 2574 4421 2647 4492; x_wconf 82' lang='grc' dir='ltr'>μὴ</span> <span class='ocrx_word' id='word_1_764' title='bbox 2679 4419 3002 4489; x_wconf 85' lang='grc' dir='ltr'>).έγεσθαι,ἢ</span> <span class='ocrx_word' id='word_1_765' title='bbox 3031 4419 3109 4488; x_wconf 80' lang='grc' dir='ltr'><strong>μὴ</strong></span> <span class='ocrx_word' id='word_1_766' title='bbox 3128 4418 3327 4489; x_wconf 78' lang='grc' dir='ltr'>κυρίως</span> <span class='ocrx_word' id='word_1_767' title='bbox 3346 4416 3601 4485; x_wconf 82' lang='grc' dir='ltr'>λέγεσθαι</span> <span class='ocrx_word' id='word_1_768' title='bbox 3619 4432 3635 4447; x_wconf 87' lang='grc'><strong>·</strong></span> 
     </span>
    </p>
   </div>
   <div class='ocr_carea' id='block_1_97' title="bbox 2061 4507 3641 4581">
    <p class='ocr_par' dir='ltr' id='par_1_97' title="bbox 2061 4507 3641 4581">
     <span class='ocr_line' id='line_1_97' title="bbox 2061 4507 3641 4581; baseline -0.004 -16"><span class='ocrx_word' id='word_1_769' title='bbox 2061 4512 2202 4565; x_wconf 77' lang='grc' dir='ltr'>οὕτω</span> <span class='ocrx_word' id='word_1_770' title='bbox 2217 4512 2271 4565; x_wconf 79' lang='grc' dir='ltr'>δὲ</span> <span class='ocrx_word' id='word_1_771' title='bbox 2302 4513 2395 4564; x_wconf 75' lang='grc' dir='ltr'><strong>καὶ</strong></span> <span class='ocrx_word' id='word_1_772' title='bbox 2414 4511 2548 4564; x_wconf 88' lang='grc' dir='ltr'>Θεοῦ</span> <span class='ocrx_word' id='word_1_773' title='bbox 2576 4512 2703 4581; x_wconf 84' lang='grc' dir='ltr'>μίαν</span> <span class='ocrx_word' id='word_1_774' title='bbox 2720 4511 2901 4563; x_wconf 80' lang='grc' dir='ltr'>οὐσίαν</span> <span class='ocrx_word' id='word_1_775' title='bbox 2924 4507 3061 4564; x_wconf 83' lang='grc' dir='ltr'>εἶναι</span> <span class='ocrx_word' id='word_1_776' title='bbox 3087 4512 3181 4563; x_wconf 75' lang='grc' dir='ltr'>καὶ</span> <span class='ocrx_word' id='word_1_777' title='bbox 3202 4510 3379 4578; x_wconf 79' lang='grc' dir='ltr'>φύσιν,</span> <span class='ocrx_word' id='word_1_778' title='bbox 3394 4509 3487 4561; x_wconf 75' lang='grc' dir='ltr'>καὶ</span> <span class='ocrx_word' id='word_1_779' title='bbox 3505 4509 3641 4578; x_wconf 78' lang='grc' dir='ltr'>κλῆ-</span> 
     </span>
    </p>
   </div>
   <div class='ocr_carea' id='block_1_98' title="bbox 2065 4598 3641 4671">
    <p class='ocr_par' dir='ltr' id='par_1_98' title="bbox 2065 4598 3641 4671">
     <span class='ocr_line' id='line_1_98' title="bbox 2065 4598 3641 4671; baseline -0.004 -16"><span class='ocrx_word' id='word_1_780' title='bbox 2065 4619 2170 4665; x_wconf 87' lang='grc' dir='ltr'>σιν,</span> <span class='ocrx_word' id='word_1_781' title='bbox 2191 4602 2289 4655; x_wconf 75' lang='grc' dir='ltr'><strong>κᾶν</strong></span> <span class='ocrx_word' id='word_1_782' title='bbox 2308 4602 2569 4663; x_wconf 78' lang='grc' dir='ltr'>ἐπινοίαις</span> <span class='ocrx_word' id='word_1_783' title='bbox 2593 4602 2702 4653; x_wconf 75' lang='grc' dir='ltr'>τισὶ</span> <span class='ocrx_word' id='word_1_784' title='bbox 2729 4601 3130 4671; x_wconf 81' lang='grc' dir='ltr'>διαιρουμέναις</span> <span class='ocrx_word' id='word_1_785' title='bbox 3159 4599 3531 4669; x_wconf 85' lang='grc' dir='ltr'>συνδιαιρῆται</span> <span class='ocrx_word' id='word_1_786' title='bbox 3551 4598 3641 4650; x_wconf 71' lang='grc' dir='ltr'><strong>καὶ</strong></span> 
     </span>
    </p>
   </div>
   <div class='ocr_carea' id='block_1_99' title="bbox 1304 4689 1946 4763">
    <p class='ocr_par' dir='ltr' id='par_1_99' title="bbox 1304 4691 1942 4763">
     <span class='ocr_line' id='line_1_99' title="bbox 1304 4691 1942 4763; baseline -0.002 -16"><span class='ocrx_word' id='word_1_787' title='bbox 1304 4715 1315 4747; x_wconf 88' lang='lat'><strong>:</strong></span> <span class='ocrx_word' id='word_1_788' title='bbox 1358 4691 1424 4747; x_wconf 89' lang='lat' dir='ltr'><strong>Ut</strong></span> <span class='ocrx_word' id='word_1_789' title='bbox 1447 4693 1595 4763; x_wconf 90' lang='lat' dir='ltr'><strong>equi,</strong></span> <span class='ocrx_word' id='word_1_790' title='bbox 1619 4704 1673 4747; x_wconf 91' lang='lat' dir='ltr'><strong>et</strong></span> <span class='ocrx_word' id='word_1_791' title='bbox 1705 4694 1875 4760; x_wconf 70' lang='lat' dir='ltr'><strong>bovis,</strong></span> <span class='ocrx_word' id='word_1_792' title='bbox 1913 4710 1942 4746; x_wconf 91' lang='lat' dir='ltr'><strong>e</strong></span> 
     </span>
    </p>
   </div>
   <div class='ocr_carea' id='block_1_100' title="bbox 2057 4689 3646 4763">
    <p class='ocr_par' dir='ltr' id='par_1_100' title="bbox 2063 4689 3646 4762">
     <span class='ocr_line' id='line_1_100' title="bbox 2063 4689 3646 4762; baseline -0.002 -19"><span class='ocrx_word' id='word_1_793' title='bbox 2063 4693 2129 4745; x_wconf 75' lang='grc' dir='ltr'><strong>τὰ</strong></span> <span class='ocrx_word' id='word_1_794' title='bbox 2160 4692 2427 4761; x_wconf 80' lang='grc' dir='ltr'>ὀνόματα·</span> <span class='ocrx_word' id='word_1_795' title='bbox 2462 4694 2556 4745; x_wconf 73' lang='grc' dir='ltr'><strong>καὶ</strong></span> <span class='ocrx_word' id='word_1_796' title='bbox 2579 4692 2606 4745; x_wconf 84' lang='grc' dir='ltr'>ὃ</span> <span class='ocrx_word' id='word_1_797' title='bbox 2639 4692 2736 4762; x_wconf 77' lang='grc' dir='ltr'><strong>μὲν</strong></span> <span class='ocrx_word' id='word_1_798' title='bbox 2766 4692 2829 4745; x_wconf 86' lang='grc' dir='ltr'>ἂν</span> <span class='ocrx_word' id='word_1_799' title='bbox 2864 4692 3067 4761; x_wconf 81' lang='grc' dir='ltr'>κυρίως</span> <span class='ocrx_word' id='word_1_800' title='bbox 3094 4691 3337 4761; x_wconf 86' lang='grc' dir='ltr'>λέγηται,</span> <span class='ocrx_word' id='word_1_801' title='bbox 3365 4689 3524 4742; x_wconf 84' lang='grc' dir='ltr'>τοῦτο</span> <span class='ocrx_word' id='word_1_802' title='bbox 3550 4689 3646 4740; x_wconf 71' lang='grc' dir='ltr'><strong>καὶ</strong></span> 
     </span>
    </p>
   </div>
   <div class='ocr_carea' id='block_1_101' title="bbox 391 4782 1964 4852">
    <p class='ocr_par' dir='ltr' id='par_1_101' title="bbox 391 4782 1964 4852">
     <span class='ocr_line' id='line_1_101' title="bbox 391 4782 1964 4852; baseline -0.001 -17"><span class='ocrx_word' id='word_1_803' title='bbox 391 4782 646 4847; x_wconf 79' lang='lat' dir='ltr'><strong>hominis,</strong></span> <span class='ocrx_word' id='word_1_804' title='bbox 702 4800 765 4837; x_wconf 84' lang='lat' dir='ltr'><strong>at:</strong></span> <span class='ocrx_word' id='word_1_805' title='bbox 797 4782 1030 4852; x_wconf 84' lang='lat' dir='ltr'><strong>denique</strong></span> <span class='ocrx_word' id='word_1_806' title='bbox 1061 4782 1485 4851; x_wconf 83' lang='lat' dir='ltr'><strong>uniuscujusque</strong></span> <span class='ocrx_word' id='word_1_807' title='bbox 1537 4798 1719 4835; x_wconf 83' lang='lat' dir='ltr'><strong>earum</strong></span> <span class='ocrx_word' id='word_1_808' title='bbox 1767 4798 1964 4847; x_wconf 86' lang='lat' dir='ltr'><strong>rerum,</strong></span> 
     </span>
    </p>
   </div>
   <div class='ocr_carea' id='block_1_102' title="bbox 389 4870 1967 4943">
    <p class='ocr_par' dir='ltr' id='par_1_102' title="bbox 389 4870 1967 4943">
     <span class='ocr_line' id='line_1_102' title="bbox 389 4870 1967 4943; baseline -0.003 -16"><span class='ocrx_word' id='word_1_809' title='bbox 389 4888 509 4943; x_wconf 65' lang='lat' dir='ltr'><strong>qua!</strong></span> <span class='ocrx_word' id='word_1_810' title='bbox 553 4874 653 4929; x_wconf 83' lang='lat' dir='ltr'><strong>sub</strong></span> <span class='ocrx_word' id='word_1_811' title='bbox 683 4875 821 4928; x_wconf 85' lang='lat' dir='ltr'><strong>idem</strong></span> <span class='ocrx_word' id='word_1_812' title='bbox 848 4888 1016 4941; x_wconf 79' lang='lat' dir='ltr'><strong>genus</strong></span> <span class='ocrx_word' id='word_1_813' title='bbox 1047 4876 1265 4936; x_wconf 83' lang='lat' dir='ltr'><strong>cadunt,</strong></span> <span class='ocrx_word' id='word_1_814' title='bbox 1316 4874 1503 4926; x_wconf 87' lang='lat' dir='ltr'><strong>eadem</strong></span> <span class='ocrx_word' id='word_1_815' title='bbox 1559 4881 1641 4924; x_wconf 90' lang='lat' dir='ltr'><strong>est</strong></span> <span class='ocrx_word' id='word_1_816' title='bbox 1685 4870 1967 4936; x_wconf 75' lang='lat' dir='ltr'><strong>definitio;</strong></span> 
     </span>
    </p>
   </div>
   <div class='ocr_carea' id='block_1_103' title="bbox 392 4962 1973 5035">
    <p class='ocr_par' dir='ltr' id='par_1_103' title="bbox 392 4962 1973 5035">
     <span class='ocr_line' id='line_1_103' title="bbox 392 4962 1973 5035; baseline -0.003 -16"><span class='ocrx_word' id='word_1_817' title='bbox 392 4980 457 5019; x_wconf 91' lang='lat' dir='ltr'><strong>ac</strong></span> <span class='ocrx_word' id='word_1_818' title='bbox 492 4966 750 5035; x_wconf 88' lang='lat' dir='ltr'><strong>quidquid</strong></span> <span class='ocrx_word' id='word_1_819' title='bbox 804 4965 1134 5021; x_wconf 82' lang='lat' dir='ltr'><strong>deﬁnitionis</strong></span> <span class='ocrx_word' id='word_1_820' title='bbox 1188 4964 1413 5031; x_wconf 85' lang='lat' dir='ltr'><strong>hujusce</strong></span> <span class='ocrx_word' id='word_1_821' title='bbox 1439 4963 1709 5031; x_wconf 71' lang='lat' dir='ltr'><strong>particeps</strong></span> <span class='ocrx_word' id='word_1_822' title='bbox 1738 4972 1842 5025; x_wconf 84' lang='lat' dir='ltr'><strong>est,</strong></span> <span class='ocrx_word' id='word_1_823' title='bbox 1873 4962 1973 5015; x_wconf 91' lang='lat' dir='ltr'><strong>hoc</strong></span> 
     </span>
    </p>
   </div>
   <div class='ocr_carea' id='block_1_104' title="bbox 392 5053 1975 5126">
    <p class='ocr_par' dir='ltr' id='par_1_104' title="bbox 392 5053 1975 5126">
     <span class='ocr_line' id='line_1_104' title="bbox 392 5053 1975 5126; baseline -0.004 -14"><span class='ocrx_word' id='word_1_824' title='bbox 392 5059 555 5113; x_wconf 84' lang='lat' dir='ltr'><strong>etiam</strong></span> <span class='ocrx_word' id='word_1_825' title='bbox 586 5078 592 5084; x_wconf 88' lang='grc'><strong>·</strong></span> <span class='ocrx_word' id='word_1_826' title='bbox 620 5058 834 5126; x_wconf 88' lang='lat' dir='ltr'><strong>proprie</strong></span> <span class='ocrx_word' id='word_1_827' title='bbox 867 5058 1101 5119; x_wconf 83' lang='lat' dir='ltr'><strong>dicitur;</strong></span> <span class='ocrx_word' id='word_1_828' title='bbox 1159 5057 1420 5126; x_wconf 88' lang='lat' dir='ltr'><strong>quidquid</strong></span> <span class='ocrx_word' id='word_1_829' title='bbox 1475 5064 1651 5108; x_wconf 86' lang='lat' dir='ltr'><strong>autem</strong></span> <span class='ocrx_word' id='word_1_830' title='bbox 1705 5053 1975 5122; x_wconf 72' lang='lat' dir='ltr'><strong>particeps</strong></span> 
     </span>
    </p>
   </div>
   <div class='ocr_carea' id='block_1_105' title="bbox 396 5146 1975 5215">
    <p class='ocr_par' dir='ltr' id='par_1_105' title="bbox 396 5146 1975 5215">
     <span class='ocr_line' id='line_1_105' title="bbox 396 5146 1975 5215; baseline -0.004 -12"><span class='ocrx_word' id='word_1_831' title='bbox 396 5161 634 5215; x_wconf 77' lang='lat' dir='ltr'><strong>nonest,</strong></span> <span class='ocrx_word' id='word_1_832' title='bbox 704 5152 804 5204; x_wconf 90' lang='lat' dir='ltr'><strong>hoc</strong></span> <span class='ocrx_word' id='word_1_833' title='bbox 835 5153 916 5204; x_wconf 77' lang='lat' dir='ltr'><strong>vel</strong></span> <span class='ocrx_word' id='word_1_834' title='bbox 966 5166 1071 5203; x_wconf 89' lang='lat' dir='ltr'><strong>non</strong></span> <span class='ocrx_word' id='word_1_835' title='bbox 1110 5150 1328 5211; x_wconf 89' lang='lat' dir='ltr'><strong>dicitur,</strong></span> <span class='ocrx_word' id='word_1_836' title='bbox 1383 5147 1462 5201; x_wconf 81' lang='lat' dir='ltr'><strong>vel</strong></span> <span class='ocrx_word' id='word_1_837' title='bbox 1493 5156 1640 5202; x_wconf 86' lang='lat' dir='ltr'><strong>certe</strong></span> <span class='ocrx_word' id='word_1_838' title='bbox 1682 5146 1975 5214; x_wconf 81' lang='lat' dir='ltr'><strong>imprOprie</strong></span> 
     </span>
    </p>
   </div>
   <div class='ocr_carea' id='block_1_106' title="bbox 397 5236 1975 5306">
    <p class='ocr_par' dir='ltr' id='par_1_106' title="bbox 397 5236 1975 5306">
     <span class='ocr_line' id='line_1_106' title="bbox 397 5236 1975 5306; baseline -0.004 -15"><span class='ocrx_word' id='word_1_839' title='bbox 397 5240 593 5295; x_wconf 87' lang='lat' dir='ltr'><strong>dicitur</strong></span> <span class='ocrx_word' id='word_1_840' title='bbox 641 5259 653 5294; x_wconf 93' lang='lat'>:</span> <span class='ocrx_word' id='word_1_841' title='bbox 682 5242 869 5296; x_wconf 83' lang='lat' dir='ltr'><strong>eodem</strong></span> <span class='ocrx_word' id='word_1_842' title='bbox 902 5241 1058 5293; x_wconf 90' lang='lat' dir='ltr'><strong>modo</strong></span> <span class='ocrx_word' id='word_1_843' title='bbox 1090 5254 1248 5291; x_wconf 90' lang='lat' dir='ltr'><strong>unam</strong></span> <span class='ocrx_word' id='word_1_844' title='bbox 1280 5252 1495 5306; x_wconf 87' lang='lat' dir='ltr'><strong>quoque</strong></span> <span class='ocrx_word' id='word_1_845' title='bbox 1532 5238 1621 5290; x_wconf 85' lang='lat' dir='ltr'><strong>Dei</strong></span> <span class='ocrx_word' id='word_1_846' title='bbox 1665 5236 1975 5299; x_wconf 86' lang='lat' dir='ltr'><strong>essentiam,</strong></span> 
     </span>
    </p>
   </div>
   <div class='ocr_carea' id='block_1_107' title="bbox 2067 4778 3648 4856">
    <p class='ocr_par' dir='ltr' id='par_1_107' title="bbox 2067 4778 3648 4856">
     <span class='ocr_line' id='line_1_107' title="bbox 2067 4778 3648 4856; baseline -0.003 -21"><span class='ocrx_word' id='word_1_847' title='bbox 2067 4779 2205 4836; x_wconf 82' lang='grc' dir='ltr'>εἶναι</span> <span class='ocrx_word' id='word_1_848' title='bbox 2235 4783 2397 4836; x_wconf 87' lang='grc' dir='ltr'>Θεόν·</span> <span class='ocrx_word' id='word_1_849' title='bbox 2427 4783 2455 4835; x_wconf 77' lang='grc' dir='ltr'><strong>ὅ</strong></span> <span class='ocrx_word' id='word_1_850' title='bbox 2491 4783 2533 4835; x_wconf 81' lang='grc' dir='ltr'><strong>δ’</strong></span> <span class='ocrx_word' id='word_1_851' title='bbox 2564 4782 2627 4836; x_wconf 86' lang='grc' dir='ltr'>ἂν</span> <span class='ocrx_word' id='word_1_852' title='bbox 2732 4783 2871 4835; x_wconf 77' lang='grc' dir='ltr'>κατὰ</span> <span class='ocrx_word' id='word_1_853' title='bbox 2912 4782 3092 4849; x_wconf 78' lang='grc' dir='ltr'>φύσιν,</span> <span class='ocrx_word' id='word_1_854' title='bbox 3126 4782 3285 4833; x_wconf 90' lang='grc' dir='ltr'>τοῦτο</span> <span class='ocrx_word' id='word_1_855' title='bbox 3309 4781 3399 4833; x_wconf 57' lang='grc' dir='ltr'><strong>καὶ⁵</strong></span> <span class='ocrx_word' id='word_1_856' title='bbox 3430 4779 3648 4848; x_wconf 76' lang='grc' dir='ltr'>ἀληθῶς</span> 
     </span>
    </p>
   </div>
   <div class='ocr_carea' id='block_1_108' title="bbox 2068 4871 3650 4943">
    <p class='ocr_par' dir='ltr' id='par_1_108' title="bbox 2068 4871 3650 4943">
     <span class='ocr_line' id='line_1_108' title="bbox 2068 4871 3650 4943; baseline -0.001 -19"><span class='ocrx_word' id='word_1_857' title='bbox 2068 4871 2451 4942; x_wconf 77' lang='grc' dir='ltr'>όνομάζεσθαι’</span> <span class='ocrx_word' id='word_1_858' title='bbox 2488 4875 2647 4943; x_wconf 73' lang='grc' dir='ltr'>εἴπερ</span> <span class='ocrx_word' id='word_1_859' title='bbox 2682 4874 2754 4943; x_wconf 83' lang='grc' dir='ltr'>μὴ</span> <span class='ocrx_word' id='word_1_860' title='bbox 2779 4875 2834 4925; x_wconf 78' lang='grc' dir='ltr'><strong>ὲν</strong></span> <span class='ocrx_word' id='word_1_861' title='bbox 2864 4873 3141 4943; x_wconf 88' lang='grc' dir='ltr'>ὀνόμασιν,</span> <span class='ocrx_word' id='word_1_862' title='bbox 3170 4873 3283 4925; x_wconf 79' lang='grc' dir='ltr'>ἀλλ’</span> <span class='ocrx_word' id='word_1_863' title='bbox 3308 4874 3364 4923; x_wconf 83' lang='grc' dir='ltr'>ὲν</span> <span class='ocrx_word' id='word_1_864' title='bbox 3388 4871 3650 4941; x_wconf 79' lang='grc' dir='ltr'>πράγμα-</span> 
     </span>
    </p>
   </div>
   <div class='ocr_carea' id='block_1_109' title="bbox 2073 4960 3642 5032">
    <p class='ocr_par' dir='ltr' id='par_1_109' title="bbox 2073 4960 3642 5032">
     <span class='ocr_line' id='line_1_109' title="bbox 2073 4960 3642 5032; baseline -0.001 -19"><span class='ocrx_word' id='word_1_865' title='bbox 2073 4961 2155 5013; x_wconf 85' lang='grc' dir='ltr'>σίν</span> <span class='ocrx_word' id='word_1_866' title='bbox 2201 4963 2347 5015; x_wconf 75' lang='grc' dir='ltr'>ἐστιν</span> <span class='ocrx_word' id='word_1_867' title='bbox 2384 4964 2516 5032; x_wconf 83' lang='grc' dir='ltr'>ἡμῖν</span> <span class='ocrx_word' id='word_1_868' title='bbox 2557 4964 2588 5031; x_wconf 88' lang='grc' dir='ltr'><strong>ή</strong></span> <span class='ocrx_word' id='word_1_869' title='bbox 2624 4962 2867 5031; x_wconf 80' lang='grc' dir='ltr'>ἀλήθεια.</span> <span class='ocrx_word' id='word_1_870' title='bbox 2908 4963 2971 5013; x_wconf 80' lang='lat' dir='ltr'><strong>0i</strong></span> <span class='ocrx_word' id='word_1_871' title='bbox 3003 4962 3077 5025; x_wconf 84' lang='grc' dir='ltr'><strong>δὲ,</strong></span> <span class='ocrx_word' id='word_1_872' title='bbox 3116 4961 3303 5031; x_wconf 84' lang='grc' dir='ltr'>ὥσπερ</span> <span class='ocrx_word' id='word_1_873' title='bbox 3321 4960 3642 5024; x_wconf 74' lang='grc' dir='ltr'>δεδοικότες,</span> 
     </span>
    </p>
   </div>
   <div class='ocr_carea' id='block_1_110' title="bbox 2076 5045 3650 5123">
    <p class='ocr_par' dir='ltr' id='par_1_110' title="bbox 2076 5045 3650 5123">
     <span class='ocr_line' id='line_1_110' title="bbox 2076 5045 3650 5123; baseline -0.001 -19"><span class='ocrx_word' id='word_1_874' title='bbox 2076 5052 2149 5122; x_wconf 82' lang='grc' dir='ltr'>μὴ</span> <span class='ocrx_word' id='word_1_875' title='bbox 2178 5053 2352 5105; x_wconf 85' lang='grc' dir='ltr'>πάντα</span> <span class='ocrx_word' id='word_1_876' title='bbox 2390 5056 2557 5106; x_wconf 85' lang='grc' dir='ltr'>κινεῖν</span> <span class='ocrx_word' id='word_1_877' title='bbox 2598 5052 2736 5105; x_wconf 79' lang='grc' dir='ltr'>κατὰ</span> <span class='ocrx_word' id='word_1_878' title='bbox 2774 5053 2871 5123; x_wconf 83' lang='grc' dir='ltr'>τῆς</span> <span class='ocrx_word' id='word_1_879' title='bbox 2896 5052 3173 5122; x_wconf 82' lang='grc' dir='ltr'>ἀληθείας,</span> <span class='ocrx_word' id='word_1_880' title='bbox 3203 5052 3335 5103; x_wconf 89' lang='grc' dir='ltr'>Θεὸν</span> <span class='ocrx_word' id='word_1_881' title='bbox 3379 5051 3478 5120; x_wconf 80' lang='grc' dir='ltr'>μὲν</span> <span class='ocrx_word' id='word_1_882' title='bbox 3511 5045 3650 5103; x_wconf 75' lang='grc' dir='ltr'>εἶναι</span> 
     </span>
    </p>
   </div>
   <div class='ocr_carea' id='block_1_111' title="bbox 2073 5144 3653 5215">
    <p class='ocr_par' dir='ltr' id='par_1_111' title="bbox 2073 5144 3653 5215">
     <span class='ocr_line' id='line_1_111' title="bbox 2073 5144 3653 5215; baseline 0 -20"><span class='ocrx_word' id='word_1_883' title='bbox 2073 5144 2163 5196; x_wconf 84' lang='grc' dir='ltr'><strong>τὸν</strong></span> <span class='ocrx_word' id='word_1_884' title='bbox 2189 5144 2313 5196; x_wconf 77' lang='grc' dir='ltr'>Υἱὸν</span> <span class='ocrx_word' id='word_1_885' title='bbox 2348 5145 2857 5213; x_wconf 82' lang='grc' dir='ltr'>ὁμολογοῦσιν,ὃταν</span> <span class='ocrx_word' id='word_1_886' title='bbox 2872 5144 3135 5215; x_wconf 82' lang='grc' dir='ltr'>βιασθῶσι</span> <span class='ocrx_word' id='word_1_887' title='bbox 3159 5144 3236 5214; x_wconf 85' lang='grc' dir='ltr'>τῷ</span> <span class='ocrx_word' id='word_1_888' title='bbox 3247 5144 3389 5215; x_wconf 88' lang='grc' dir='ltr'>λόγῳ</span> <span class='ocrx_word' id='word_1_889' title='bbox 3418 5145 3511 5197; x_wconf 70' lang='grc' dir='ltr'>καὶ</span> <span class='ocrx_word' id='word_1_890' title='bbox 3530 5147 3653 5206; x_wconf 86' lang='grc' dir='ltr'>ταῖς</span> 
     </span>
    </p>
   </div>
   <div class='ocr_carea' id='block_1_112' title="bbox 2081 5235 3657 5308">
    <p class='ocr_par' dir='ltr' id='par_1_112' title="bbox 2081 5235 3657 5308">
     <span class='ocr_line' id='line_1_112' title="bbox 2081 5235 3657 5308; baseline 0.003 -23"><span class='ocrx_word' id='word_1_891' title='bbox 2081 5235 2404 5305; x_wconf 77' lang='grc' dir='ltr'>μαρτυρίαις</span> <span class='ocrx_word' id='word_1_892' title='bbox 2459 5250 2474 5266; x_wconf 91' lang='lat'><strong>&#39;</strong></span> <span class='ocrx_word' id='word_1_893' title='bbox 2570 5236 2858 5307; x_wconf 82' lang='grc' dir='ltr'>ὁμώνυμον</span> <span class='ocrx_word' id='word_1_894' title='bbox 2890 5236 2945 5289; x_wconf 84' lang='grc' dir='ltr'>δὲ</span> <span class='ocrx_word' id='word_1_895' title='bbox 2973 5238 3065 5290; x_wconf 71' lang='grc' dir='ltr'><strong>καὶ</strong></span> <span class='ocrx_word' id='word_1_896' title='bbox 3095 5236 3260 5308; x_wconf 84' lang='grc' dir='ltr'>μόνης</span> <span class='ocrx_word' id='word_1_897' title='bbox 3297 5235 3657 5290; x_wconf 75' lang='grc' dir='ltr'>κοινωνοῦντα</span> 
     </span>
    </p>
   </div>
   <div class='ocr_carea' id='block_1_113' title="bbox 401 5324 1946 5399">
    <p class='ocr_par' dir='ltr' id='par_1_113' title="bbox 401 5329 1946 5399">
     <span class='ocr_line' id='line_1_113' title="bbox 401 5329 1946 5399; baseline -0.002 -17"><span class='ocrx_word' id='word_1_898' title='bbox 401 5339 455 5383; x_wconf 83' lang='lat' dir='ltr'><strong>et</strong></span> <span class='ocrx_word' id='word_1_899' title='bbox 488 5342 757 5396; x_wconf 78' lang='lat' dir='ltr'><strong>naturam,</strong></span> <span class='ocrx_word' id='word_1_900' title='bbox 782 5343 835 5384; x_wconf 89' lang='lat' dir='ltr'><strong>et</strong></span> <span class='ocrx_word' id='word_1_901' title='bbox 865 5329 1283 5399; x_wconf 83' lang='lat' dir='ltr'><strong>appellationem</strong></span> <span class='ocrx_word' id='word_1_902' title='bbox 1319 5343 1457 5392; x_wconf 88' lang='lat' dir='ltr'><strong>esse,</strong></span> <span class='ocrx_word' id='word_1_903' title='bbox 1504 5330 1710 5382; x_wconf 83' lang='lat' dir='ltr'><strong>tametsi</strong></span> <span class='ocrx_word' id='word_1_904' title='bbox 1751 5343 1846 5396; x_wconf 83' lang='lat' dir='ltr'><strong>per</strong></span> <span class='ocrx_word' id='word_1_905' title='bbox 1875 5341 1946 5381; x_wconf 85' lang='lat' dir='ltr'><strong>co</strong></span> 
     </span>
    </p>
   </div>
   <div class='ocr_carea' id='block_1_114' title="bbox 2057 5324 2462 5399">
    <p class='ocr_par' dir='ltr' id='par_1_114' title="bbox 2075 5324 2462 5395">
     <span class='ocr_line' id='line_1_114' title="bbox 2075 5324 2462 5395; baseline 0.01 -20"><span class='ocrx_word' id='word_1_906' title='bbox 2075 5325 2172 5394; x_wconf 80' lang='grc' dir='ltr'>τῆς</span> <span class='ocrx_word' id='word_1_907' title='bbox 2198 5324 2462 5395; x_wconf 83' lang='grc' dir='ltr'>κλήσεως.</span> 
     </span>
    </p>
   </div>
   <div class='ocr_carea' id='block_1_115' title="bbox 406 5420 3657 5494">
    <p class='ocr_par' dir='ltr' id='par_1_115' title="bbox 406 5420 3657 5494">
     <span class='ocr_line' id='line_1_115' title="bbox 406 5420 3657 5494; baseline 0 -20"><span class='ocrx_word' id='word_1_908' title='bbox 406 5426 693 5492; x_wconf 65' lang='grc' dir='ltr'>εῑιιιιίυιιεε</span> <span class='ocrx_word' id='word_1_909' title='bbox 749 5428 1011 5494; x_wconf 87' lang='lat' dir='ltr'><strong>quasdam</strong></span> <span class='ocrx_word' id='word_1_910' title='bbox 1061 5424 1367 5489; x_wconf 86' lang='lat' dir='ltr'><strong>distinctas,</strong></span> <span class='ocrx_word' id='word_1_911' title='bbox 1417 5424 1632 5476; x_wconf 84' lang='lat' dir='ltr'><strong>nomina</strong></span> <span class='ocrx_word' id='word_1_912' title='bbox 1679 5437 1895 5491; x_wconf 88' lang='lat' dir='ltr'><strong>quoque</strong></span> <span class='ocrx_word' id='word_1_913' title='bbox 1921 5421 2079 5477; x_wconf 89' lang='lat' dir='ltr'><strong>simul</strong></span> <span class='ocrx_word' id='word_1_914' title='bbox 2107 5422 2540 5490; x_wconf 73' lang='lat' dir='ltr'><strong>distinguantur:</strong></span> <span class='ocrx_word' id='word_1_915' title='bbox 2571 5434 2623 5476; x_wconf 86' lang='lat' dir='ltr'><strong>et</strong></span> <span class='ocrx_word' id='word_1_916' title='bbox 2665 5423 2807 5491; x_wconf 83' lang='lat' dir='ltr'><strong>qttud</strong></span> <span class='ocrx_word' id='word_1_917' title='bbox 2874 5424 3089 5488; x_wconf 80' lang='lat' dir='ltr'><strong>quidem</strong></span> <span class='ocrx_word' id='word_1_918' title='bbox 3152 5423 3370 5492; x_wconf 79' lang='lat' dir='ltr'><strong>proprie</strong></span> <span class='ocrx_word' id='word_1_919' title='bbox 3434 5420 3657 5491; x_wconf 84' lang='lat' dir='ltr'><strong>dicitur,</strong></span> 
     </span>
    </p>
   </div>
   <div class='ocr_carea' id='block_1_116' title="bbox 479 5593 978 5657">
    <p class='ocr_par' dir='ltr' id='par_1_116' title="bbox 479 5593 978 5657">
     <span class='ocr_line' id='line_1_116' title="bbox 479 5593 978 5657; baseline 0 -12"><span class='ocrx_word' id='word_1_920' title='bbox 479 5594 495 5625; x_wconf 75' lang='lat'>‘</span> <span class='ocrx_word' id='word_1_921' title='bbox 557 5593 709 5645; x_wconf 74' lang='lat' dir='ltr'><strong>l‘mv.</strong></span> <span class='ocrx_word' id='word_1_922' title='bbox 748 5609 863 5657; x_wconf 75' lang='lat' dir='ltr'><strong>\ttt,</strong></span> <span class='ocrx_word' id='word_1_923' title='bbox 890 5593 978 5645; x_wconf 73' lang='lat'><strong>‘25.</strong></span> 
     </span>
    </p>
   </div>
  </div>
