4094 6204
405 179 513 244 5ι9
1374 175 1751 254 ΡΑκοριιΑ
1791 131 2254 241 DOGMATICA.
2286 202 2348 212 -
2393 178 2544 241 TlT.
2587 181 2723 242 VH.
3577 193 3685 257 57o

403 297 461 354 id
499 295 664 350 etiam
732 293 904 348 Deum
965 296 1126 358 esse;
1170 302 1226 347 et
1283 308 1475 348 rursus
1505 292 1648 363 quod
1679 301 1875 347 natura
1947 307 2044 346 sua
2099 294 2209 358 sit,
2270 293 2375 349 boc
2434 309 2653 366 quoque
2718 298 2941 368 proprie
3003 304 3309 373 nuncupari
3361 306 3687 378 :siqnidem

136 419 203 481 χ
406 407 517 448 non
562 390 617 444 in
652 389 818 445 nudis
858 387 1192 455 nominibus,
1235 389 1329 443 sed
1366 389 1419 443 in
1451 389 1615 444 rebus
1642 388 1800 443 nobis
1829 388 2031 444 veritas
2054 389 2157 445 sita
2204 400 2306 444 est.
2353 391 2424 446 At
2459 392 2567 459 isti,
2609 393 2838 462 perinde
2895 411 2958 450 ac
3008 398 3397 466 pertimescant
3440 419 3509 458 ne
3556 408 3690 476 quid

406 490 673 546 adversus
731 488 1019 542 veritatem
1073 486 1358 541 immotum
1406 485 1740 556 relinquant,
1789 484 1957 539 Deum
2003 486 2223 555 quidem
2267 486 2461 542 Filium
2503 503 2626 544 esse
2671 489 2932 556 fatentur,
2984 507 3107 546 cum
3159 492 3459 564 Scripturae
3495 513 3560 554 ac
3590 516 3688 555 au-

407 585 721 642 ctoritatum
752 582 1082 638 testimoniis
1122 582 1537 652 opprimantur;
1574 581 1671 635 sed
1712 581 1991 651 tequivoce
2032 582 2204 638 Deum
2249 582 2382 648 dici,
2426 600 2491 639 ac
2530 583 2774 639 nominis
2825 585 2996 639 solius
3041 588 3367 658 participem
3396 606 3519 646 esse
3557 607 3692 647 con-

426 680 684 735 tendunt.

482 772 650 824 Ὂταν
699 770 758 824 δὲ
815 767 1289 839 ἀνθυποφέρωμεν
1343 768 1550 834 αὐτοῖς,
1599 765 1667 820 Τί
1714 763 1865 834 06v;
1920 766 1985 821 ού

2162 766 2298 821 Cum
2349 777 2538 844 autem
2612 767 2754 824 hanc
2815 769 2948 840 ipsis
3021 770 3386 840 objectionem
3446 774 3677 844 subjici-

411 856 617 927 κυρίως
749 857 882 921 Θεὸς
909 858 938 910 ὁ
968 857 1114 922 mg.
1142 858 1330 933 ὥσπερ
1353 862 1474 916 οὐδὲ
1501 862 1637 927 ζῶον
1661 862 1722 915 τὸ
1749 879 1997 935 γεγραμ-

418 950 613 1022 μένον;
656 950 773 1013 πῶς
813 948 906 1005 οὖν
935 952 1086 1017 Θεὸς,
1119 956 1167 1008 εἰ
1210 955 1283 1025 μὴ
1328 954 1534 1030 κυρίως
1571 955 1731 1020 Θεός;
1768 954 1834 1007 Τί
1885 954 1995 1026 γὰρ

415 1040 639 1100 κωλύει.
681 1041 836 1109 φασὶ,
871 1041 964 1094 καὶ
995 1042 1261 1114 ὁμώνυμα
1284 1044 1457 1098 ταῦτα
1485 1041 1644 1108 εἶναι,
1674 1045 1767 1098 καί
1792 1044 1996 1114 κυρίως

415 1131 703 1202 ἀμφότερα
739 1131 1021 1200 λέγεσθαις
1054 1134 1163 1187 Καὶ
1198 1135 1579 1205 προσοίσουσιν
1618 1137 1748 1207 ἡμῖν
1782 1135 1872 1188 τὸν
1896 1134 1995 1188 κύ-

417 1239 503 1283 να,
535 1221 626 1274 τὸν
658 1225 934 1293 χερσαῖον,
957 1224 1051 1276 καὶ
1082 1224 1176 1278 τὸν
1201 1223 1504 1291 Θαλάττιον,
1539 1225 1804 1298 ὁμώνυμά
1823 1243 1882 1279 τε
1917 1225 2000 1278 δν-

418 1327 508 1370 τα,
544 1309 639 1362 καὶ
667 1310 872 1381 κυρίως
1010 1312 1275 1382 λεγόμενα
1304 1313 1440 1383 (ἔστι
1468 1314 1578 1386 γάρ
1614 1332 1666 1368 τι
1694 1315 1789 1368 καὶ
1824 1312 1999 1367 τοιοῦ-

418 1416 509 1451 τον
531 1397 670 1463 εἶδος
691 1401 749 1452 ὲν
768 1404 881 1465 τοῖς
901 1402 1211 1471 ὁμωνύμοις
1226 1420 1240 1434 ο
1271 1405 1364 1457 καὶ
1397 1406 1507 1459 εἴτε
1539 1424 1592 1459 τι
1618 1406 1745 1460 ἄλλο
1766 1409 1831 1478 τῇ
1857 1406 1996 1478 αὐτῇ

421 1493 759 1563 προσχρῆται
893 1495 1253 1566 προσηγορίᾳ,
1290 1495 1382 1549 καὶ
1432 1498 1645 1567 μετέχει
1672 1497 1877 1568 ταύτης
1902 1498 2001 1550 ἔπ-

425 1584 562 1655 ίσης,
583 1587 648 1655 τῇ
677 1584 835 1654 φύσει
857 1584 1180 1655 διεστηκός).
1218 1586 1354 1640 Ἀλλ’
1382 1589 1498 1641 ἐκεῖ
1520 1588 1638 1659 μὲν,
1665 1581 1709 1642 ὦ
1736 1588 1998 1659 βέλτιστε,

420 1672 515 1727 δύο
548 1673 740 1742 φύσεις
759 1674 929 1738 τιθεὶς
957 1674 1066 1728 ὑπὸ
1094 1674 1193 1745 τὴν
1227 1676 1395 1747 αὐτὴν
1427 1678 1821 1750 προσηγορίαν,
1849 1677 2002 1732 οὐδὲν

423 1765 631 1837 ἀμείνω
658 1765 754 1836 τὴν
781 1764 972 1836 ἑτέραν
999 1765 1098 1836 τῆς
1126 1766 1319 1838 ἐτέρας
1342 1768 1603 1839 εἰσάγεις,
1630 1769 1750 1823 οὐδὲ
1775 1770 1873 1841 τὴν
1905 1769 2001 1841 μὲν

423 1857 709 1931 πρότερον,
743 1856 840 1927 τὴν
869 1857 925 1911 δὲ
959 1856 1204 1928 ὕστερον,
1236 1859 1356 1911 οὐδὲ
1379 1859 1477 1932 τὴν
1513 1861 1612 1931 μὲν
1647 1860 1868 1932 μᾶλλον,
1902 1860 2001 1934 τὴν

424 1951 480 2004 δὲ
500 1947 661 2023 ἧττον
686 1945 849 2004 οὖσαν
876 1948 1020 2003 τοῦθ’
1048 1951 1184 2021 ὅπερ
1212 1950 1450 2019 λέγεται.
1487 1950 1620 2005 Οὐδὲ
1648 1953 1757 2024 γάρ
1791 1970 1842 2005 τι
1872 1968 2001 2004 συν-

426 2042 676 2106 έζευκται
700 2041 761 2094 τὸ
787 2040 987 2114 ταύτην
1014 2042 1250 2115 παρέχον
1280 2042 1471 2106 αὐταῖς
1495 2043 1595 2114 τὴν
1629 2044 1893 2115 ἀνάγκην.
1925 2042 2000 2097 Ού

426 2133 534 2205 γάρ
556 2136 583 2187 ὁ
608 2133 708 2203 μὲν
737 2133 934 2203 μᾶλλον
967 2134 1134 2200 κύων,
1161 2137 1189 2187 ὁ
1217 2134 1273 2188 δὲ
1296 2128 1457 2204 ἧττον
1484 2133 1578 2187 τοῦ
1594 2133 1788 2205 ἑτέρου
1819 2130 1999 2199 κυνὸς,

425 2220 536 2277 οἷον
566 2227 595 2277 ὁ
617 2224 899 2288 Θαλάττιος
931 2226 1024 2279 τοῦ
1046 2225 1321 2297 χερσαίου,
1358 2225 1391 2297 ἢ
1426 2227 1455 2280 ὁ
1482 2228 1735 2298 χερσαῖος
1767 2223 2002 2295 ἔμπαλιν

426 2313 521 2368 τοῦ
552 2315 871 2369 θαλαττίοψ
911 2316 999 2370 διὰ
1023 2318 1074 2371 τί
1113 2318 1241 2391 γὰρ,
1268 2318 1300 2388 ἢ
1339 2317 1478 2371 κατὰ
1496 2317 1617 2369 τίνα
1642 2316 1826 2384 λόγον;
1863 2314 2001 2369 Ἀλλ’

428 2408 486 2460 ὲν
525 2408 812 2478 ὁμοτίμοις
866 2410 1150 2481 πράγμασι
1189 2410 1284 2462 καὶ
1319 2406 1615 2479 διαφόροις,
1660 2407 1694 2478 ἡ
1751 2404 2004 2460 κοινωνία

428 2497 526 2568 τῆς
559 2499 825 2571 κλήσεως.
873 2499 1137 2554 Ἐνταῦθα
1171 2499 1226 2553 δὲ
1259 2500 1339 2571 τῷ
1374 2498 1495 2570 Θεῷ
1530 2499 1911 2571 παραξευγνὺς
1941 2497 2003 2553 τὸ

431 2591 748 2661 σεϐάσμιον,
772 2591 864 2642 καὶ
886 2591 946 2643 τὸ
973 2591 1110 2661 ὑπὲρ
1134 2593 1313 2644 πᾶσαν
1334 2590 1521 2645 ούσίαν
1544 2585 1683 2644 εἶναι
1707 2591 1800 2644 καὶ
1820 2590 2002 2659 φύσιν,

430 2680 459 2734 ὃ
485 2681 647 2751 μόνου
685 2680 821 2734 Θεοῦ
850 2682 942 2734 καὶ
968 2682 1130 2735 οἱονεὶ
1158 2681 1318 2750 φύσις
1343 2680 1615 2752 Θεότητος,
1645 2676 1765 2735 εἶτα
1788 2680 1866 2751 τῷ
1894 2683 2004 2734 Πα-

428 2773 516 2842 στρ)¹
540 2771 636 2841 μὲν
665 2771 823 2825 τοῦτο
844 2772 1043 2836 διδοὺς,
1068 2772 1160 2825 τὸν
1186 2772 1313 2826 Υἰὸν
1334 2772 1391 2825 δὲ
1409 2772 1728 2843 ἀποστερῶν
1754 2773 1848 2827 καὶ
1869 2772 2003 2825 ὑπο·

428 2862 617 2925 τιθεὶς,
643 2861 824 2915 καὶτὰ
849 2861 1075 2933 δεύτερα
1100 2861 1279 2933 νέμων
1301 2860 1450 2933 αὐτῷ
1470 2861 1570 2932 τῆς
1598 2863 1763 2932 τιμῆς
1792 2859 2004 2931 καὶτῆς

431 2953 872 3022 προσκυνήσεως,
905 2951 1008 3004 κᾶν
1038 2953 1154 3016 ταῖς
1184 2950 1471 3015 συλλαϐαῖς
1493 2949 1691 3021 χαρίζῃ
1712 2950 1772 3003 τὸ
1799 2952 2002 3021 ὅμοιον,

428 3042 505 3112 τῷ
530 3041 815 3111 πράγματι
843 3042 940 3112 τὴν
969 3041 1199 3112 θεότητα
1222 3041 1589 3112 περικόπτεις,
1619 3041 1715 3095 καὶ
1745 3039 2003 3111 μεταϐαί-

429 3149 540 3196 νεις
568 3133 891 3203 κακούργως
917 3132 1024 3185 ἀπὸ
1055 3132 1151 3200 τῆς
1178 3130 1237 3184 τὸ
1263 3130 1376 3184 ἴσον
1404 3131 1635 3202 ἐχούσης
1664 3131 2004 3202 ὁμωνυμίας,

428 3221 520 3275 ἐπὶ
549 3222 647 3291 τὴν
678 3220 747 3273 τὰ
784 3220 857 3291 μὴ
888 3219 980 3273 ἴσα
1004 3220 1348 3275 συνδέουσαν.
1385 3221 1545 3274 Ὥστε
1566 3222 1594 3274 ὁ
1621 3219 1865 3291 γραπτός
1897 3236 2003 3284 σοι,

429 3317 526 3368 καὶ
557 3315 589 3365 ὁ
628 3312 735 3377 ζῶν
761 3310 1044 3382 ἄνθρωπος
1076 3312 1296 3382 μᾶλλον,
1337 3312 1369 3383 ἢ
1401 3314 1451 3365 οἰ
1480 3311 1574 3365 τοῦ
1612 3311 2007 3382 ὑποδείγματος

430 3405 594 3469 κύνες
621 3407 688 3475 τῇ
717 3403 931 3475 θεότητι
965 3403 1372 3475 πλησιάζουσιν.
1409 3406 1479 3458 Ἣ
1510 3404 1597 3469 δὺς
1769 3401 2008 3474 ἀμφοτέ-

434 3508 568 3564 ροις,
598 3489 787 3557 ὥσπερ
807 3503 905 3557 την
932 3487 1214 3541 κοινωνίαν
1230 3488 1332 3559 τῆς
1356 3487 1622 3560 κλήσεως,
1652 3489 1796 3543 οὕτω
1834 3489 1891 3542 δὲ
1919 3490 2014 3543 καὶ
2044 3477 2086 3533 C

427 3582 528 3655 τὴν
560 3580 853 3652 ὁμοτιμίαν
898 3579 1007 3632 τῶν
1054 3578 1268 3649 φύσεων
1327 3622 1342 3645 ,
1484 3582 1534 3635 εἰ
1584 3581 1678 3634 καὶ
1721 3579 2011 3653 διαφόρους

426 3673 633 3735 ταύτας
661 3674 928 3741 εἰσάγεις·
963 3670 1059 3724 καὶ
1096 3670 1467 3735 καταλέλυκάς
1506 3688 1601 3725 σου
1644 3672 1769 3733 τοὺς
1817 3671 2006 3737 κύνας,

426 3762 521 3827 οὓς
557 3762 777 3834 ἐξεῦρες
807 3761 949 3817 κατὰ
975 3763 1074 3834 τῆς
1101 3764 1436 3834 ἀνισότητος.
1469 3763 1534 3816 Τί
1558 3763 1665 3835 γὰρ
1690 3762 1881 3832 ὄφελος
1908 3763 2007 3835 τῆς

427 3855 771 3925 ὁμωνυμίας,
804 3854 931 3908 εἰτὸ
970 3855 1209 3925 ἰσότιμον
1239 3854 1313 3927 μὴ
1343 3854 1519 3926 ἔχοιεν
1668 3857 1715 3907 οἰ
1732 3854 1882 3926 παρὰ
1908 3854 2004 3907 σοῦ

426 3945 817 4016 διαιρούμενοι.
859 3947 934 4000 Οὐ
989 3946 1098 4014 γάρ
1131 3947 1198 3999 ἵν’
1388 3946 1603 4017 ἰσότιμα
1646 3945 1845 4017 δείξῃς,
1891 3944 2006 3999 ἀλλ’

429 4036 516 4089 ἴνα
550 4036 861 4108 άνισότιμα,
898 4039 1035 4108 πρὸς
1065 4038 1164 4110 τὴν
1186 4038 1526 4110 ὁμωνυμίαν,
1558 4038 1653 4091 καί⁵
1684 4039 1811 4102 τοὺς
1838 4037 2009 4102 κύνας

428 4129 755 4198 κατέφυγες.
784 4129 908 4193 Πῶς
936 4130 1002 4184 ἄν
1022 4149 1104 4194 τις
1143 4130 1421 4203 ἐλεγχθείη
1459 4129 1679 4201 μᾶλλον,
1709 4130 1805 4184 καὶ
1829 4129 2007 4200 ἑαυτῷ

430 4220 759 4291 μαχόμενος,
790 4221 884 4274 καὶ
916 4221 1160 4292 Θεότητι;

2108 854 2270 895 mus:
2334 840 2473 907 Quid
2524 845 2692 913 ergo?
2748 861 2855 901 non
2920 852 3138 918 preprie
3193 851 3336 906 Deus
3373 866 3454 909 est
3481 840 3679 924 Filius,

2107 931 2562 1000 quemadmodum
2596 935 2647 989 id
2675 937 2816 1003 quod
2850 938 3049 1006 pictum
3081 951 3183 1007 est,
3212 954 3417 998 nonest
3445 948 3685 1003 animal?

2108 1023 2390 1090 Quomodo
2427 1038 2557 1094 ergo
2590 1025 2750 1087 Deus,
2783 1028 2826 1081 si
2863 1029 3003 1081 Deus
3030 1033 3245 1099 proprie
3271 1048 3375 1087 non
3401 1037 3517 1089 est?
3575 1036 3683 1092 Re-

2107 1117 2411 1186 spondent:
2439 1117 2577 1184 Quid
2621 1120 2890 1188 prohibet,
2939 1126 3246 1191 quominus,
3271 1137 3324 1180 et
3351 1129 3465 1185 bmc
3508 1132 3681 1201 aequi-

2110 1218 2240 1259 voca
2277 1205 2409 1271 sint,
2441 1216 2496 1260 et
2528 1209 2744 1276 proprie
2786 1219 3075 1277 utrumque
3116 1213 3371 1268 dicatur?
3400 1216 3477 1270 Ac
3503 1221 3678 1281 nobis,

2106 1306 2161 1353 et
2191 1305 2521 1366 terrestrem,
2579 1308 2631 1354 et
2671 1301 2935 1355 marinum
2998 1317 3183 1358 canem
3224 1305 3521 1374 profereut,
3562 1312 3676 1379 qui.

2107 1403 2227 1442 cum
2260 1390 2360 1444 sub
2404 1390 2593 1445 eodem
2649 1392 2868 1447 nomine
2914 1393 3180 1448 diversam
3233 1397 3682 1466 significationem

2111 1480 2371 1546 habeant,
2400 1482 2621 1552 proprie
2649 1492 2828 1538 tamen
2864 1484 3136 1540 dicuntur.
3164 1484 3282 1559 (Est
3319 1490 3463 1543 enim
3498 1491 3683 1559 hujus-

2111 1571 2258 1626 modi
2281 1587 2495 1642 quoque
2523 1574 2732 1642 species
2766 1576 3010 1643 qumdam
3043 1577 3187 1631 inter
3213 1579 3524 1647 :equivoca;
3558 1594 3610 1637 et
3636 1585 3680 1638 si

2106 1664 2238 1733 quid
2263 1664 2428 1732 aliud,
2453 1665 2594 1734 quod
2619 1668 2807 1720 eadem
2831 1669 3197 1738 appellatione
3230 1679 3431 1739 utatur,
3461 1673 3683 1746 ejusque

2108 1767 2361 1824 perarth
2391 1756 2663 1825 particeps
2686 1757 2782 1821 sit,
2815 1772 2936 1811 cum
2971 1759 3187 1814 interim
3227 1771 3432 1819 naturae
3476 1769 3685 1823 ratione

2110 1844 2421 1915 dissideat.)
2452 1846 2545 1910 At,
2582 1848 2668 1901 vir
2711 1847 2937 1916 Optime,
2980 1865 3103 1904 cum
3155 1851 3265 1907 illic
3297 1855 3431 1909 duas
3463 1869 3683 1911 naturas

2109 1937 2211 1992 sub
2258 1937 2448 1993 eadem
2491 1937 2851 2008 appellatione
2894 1941 3151 2008 collocas,
3219 1956 3465 2000 neutram
3516 1948 3683 2003 altera

2112 2030 2548 2100 praestantiorem
2605 2031 2947 2097 iutroducis;
2998 2047 3101 2088 nec
3146 2034 3373 2090 alteram
3423 2040 3681 2107 priorem.

2042 2121 2340 2183 Balteram
2401 2123 2803 2190 posteriorem;
2855 2138 2954 2176 nec
3015 2125 3249 2194 denique
3288 2128 3512 2182 alteram
3564 2147 3686 2200 quae

2112 2210 2307 2280 magis,
2338 2210 2562 2265 alteram
2591 2228 2712 2280 qua:
2745 2214 2923 2266 minus
2958 2213 3031 2266 sit
3055 2214 3110 2267 id
3149 2215 3291 2284 quod
3320 2231 3440 2271 esse
3466 2219 3683 2274 dicitur.

2110 2302 2298 2374 Neque
2327 2304 2471 2359 enim
2505 2303 2797 2374 quidquam
2835 2305 3183 2373 conjunctum
3223 2316 3328 2374 est,
3373 2310 3517 2378 quod
3549 2311 3689 2364 banc

2112 2394 2246 2463 ipsis
2275 2393 2655 2449 necessitatem
2682 2394 2893 2449 aﬂ'erat.
2925 2393 3041 2449 Non
3086 2396 3233 2450 enim
3264 2397 3352 2452 bic
3380 2399 3532 2453 canis
3570 2415 3685 2453 ma-

2112 2485 2194 2556 gis
2226 2488 2381 2541 canis
2434 2492 2752 2556 est,‘quam
2776 2485 2867 2542 ille
2917 2487 3096 2552 canis,
3151 2487 3255 2542 boc
3281 2498 3386 2554 est,
3448 2490 3689 2544 marinus

2113 2578 2285 2649 magis
2310 2592 2474 2648 quam
2508 2579 2804 2645 terrestris,
2837 2579 2920 2634 vel
2948 2590 3164 2646 contra,
3202 2582 3482 2636 terrestris
3516 2583 3688 2653 magis

2114 2683 2275 2738 quam
2310 2669 2596 2735 marinus;
2633 2685 2734 2726 cur
2784 2671 2951 2735 enim,
2999 2680 3095 2725 aut
3141 2685 3247 2741 qua
3306 2673 3554 2726 ratione?
3581 2674 3687 2729 Sed

2115 2762 2168 2817 lu
2204 2762 2389 2828 rebus,
2434 2762 2666 2817 diversis
2704 2763 2920 2832 quidem
2950 2761 3078 2827 illis,
3112 2777 3300 2816 verum
3332 2762 3448 2831 pari
3482 2763 3690 2817 hondre

2114 2852 2381 2923 praditis,
2421 2854 2728 2908 communis
2763 2862 2846 2909 est
2875 2853 3190 2923 appellatio.
3247 2852 3347 2908 llic
3370 2867 3526 2917 vero,
3563 2868 3685 2906 cum

2116 2944 2227 3001 Deo
2251 2945 2658 3000 venerationem
2682 2943 2969 3015 adiungas,
3010 2958 3247 3013 eumque
3271 2956 3435 3012 supra
3471 2956 3687 2997 omnem

2116 3035 2411 3090 essentiam
2446 3042 2501 3088 et
2528 3043 2776 3089 naturam
2804 3048 2926 3089 esse
2966 3034 3116 3089 dicas
3180 3033 3345 3105 (quod
3379 3032 3471 3086 Dei
3520 3030 3690 3086 solius

2115 3136 2220 3195 est,
2255 3137 2310 3182 et
2367 3125 2515 3182 velut
2560 3126 2867 3182 divinitatis
2916 3124 3176 3196 natura),
3211 3140 3276 3179 ac
3321 3124 3513 3179 deinde
3541 3123 3688 3176 Patri

2117 3221 2333 3289 quidem
2387 3219 2492 3274 hoc
2529 3219 2759 3283 tribuas,
2795 3219 2992 3273 Filium
3051 3225 3231 3271 autem
3272 3217 3489 3287 prives,
3528 3223 3691 3283 atque

2119 3312 2401 3382 subjicias,
2453 3313 2830 3382 secundasque
2870 3311 2947 3366 illi
3006 3310 3231 3365 honoris
3275 3319 3331 3363 et
3362 3306 3694 3362 adorationis

2123 3415 2308 3473 partes
2336 3405 2604 3476 assignes,
2636 3406 2886 3475 quamvis
2931 3406 3223 3457 verborum
3254 3402 3478 3473 syllabis
3512 3415 3693 3470 aequa-

2118 3490 2322 3544 litatem
2358 3492 2457 3561 ipsi
2485 3492 2756 3561 largiaris,
2796 3505 2855 3545 re
2882 3491 2994 3559 ipsa
3028 3497 3211 3544 tamen
3256 3489 3594 3544 divinitatem
3628 3491 3679 3545 ei

2119 3593 2389 3650 amputas,
2414 3597 2478 3636 ae
2506 3581 2830 3637 veteratorie
2848 3581 2917 3634 ab
2947 3581 3047 3635 hoc
3075 3580 3436 3650 bomouymim
3457 3595 3680 3651 genere,

2115 3672 2259 3740 quod
2311 3671 2674 3741 mqualitatem
2737 3669 3141 3737 complectitur,
3199 3670 3265 3722 ad
3314 3683 3484 3737 genus
3547 3669 3677 3724 illud

2114 3762 2339 3826 transis,
2370 3763 2516 3832 quod
2576 3775 2664 3815 res
2715 3761 2953 3829 aequales
3006 3759 3230 3813 minime
3274 3761 3566 3813 connectit.
3600 3762 3680 3814 Ac
3754 3782 3758 3786 Α

2110 3852 2359 3923 proinde,
2413 3862 2473 3906 ut
2527 3852 2752 3921 quidem
2786 3852 3153 3921 argumentari
3193 3849 3455 3915 instituis,
3503 3852 3682 3921 pictus

2114 3942 2204 3997 ille
2225 3957 2289 3997 ac
2318 3943 2474 3997 vivus
2507 3943 2691 4005 homo,
2741 3943 2807 3997 ad
2854 3941 3193 3996 divinitatem
3250 3942 3681 3996 adumbrandam

2113 4036 2336 4105 prepius
2370 4035 2660 4100 accedunt,
2696 4050 2858 4105 quam
2888 4048 3073 4099 canes,
3099 4048 3235 4103 quos
3261 4033 3495 4102 exempli
3514 4049 3680 4089 causa

2113 4125 2467 4196 proposuisti.
2504 4125 2718 4195 Alioqui
2754 4126 2995 4194 utrique,
3045 4133 3104 4177 ut
3137 4139 3330 4179 nomen
3369 4138 3679 4191 commune,

2113 4217 2195 4272 sic
2226 4216 2389 4272 etiam
2420 4231 2604 4287 parem
2632 4225 2840 4270 naturae
2882 4214 3199 4285 dignitatem
3236 4216 3431 4280 tribue,
3465 4215 3682 4271 etiamsi

432 4312 678 4365 diversas
706 4325 799 4365 eas
834 4310 1083 4374 inducis;
1114 4321 1278 4382 atque
1315 4310 1387 4364 ita
1416 4326 1578 4366 canes
1601 4310 1720 4367 illos
1748 4319 1867 4364 tuos
1897 4305 2183 4369 deleveris,
2215 4319 2350 4375 quos
2407 4306 2472 4359 ad
2511 4306 2845 4373 probandam
2912 4303 3087 4358 Patris
3127 4318 3192 4359 ac
3258 4303 3378 4359 Filii
3439 4305 3682 4374 inaequa-

430 4400 641 4458 litatem

868 4401 1214 4471 excogitasti.
1269 4402 1399 4469 Quis
1442 4405 1589 4458 enim
1647 4399 2005 4471 bomonymia:
2040 4398 2266 4459 fructus,
2291 4395 2336 4450 si
2372 4396 2633 4465 dignitate
2665 4410 2820 4464 pares
2880 4396 3007 4455 sint.
3040 4393 3188 4464 quia
3220 4403 3271 4449 te
3320 4394 3670 4451 dividuntur?

429 4495 535 4549 Nee
565 4496 734 4557 enim,
762 4503 821 4549 ut
871 4510 965 4550 eos
1015 4496 1217 4550 honore
1256 4496 1512 4564 aequales,
1539 4496 1633 4551 sed
1664 4504 1721 4549 ut
1749 4495 1995 4564 dispares
2031 4488 2372 4553 ostenderes,
2425 4489 2494 4543 ad
2536 4488 2937 4558 homonymiam
2988 4485 3157 4549 illam,
3193 4495 3249 4540 et
3314 4500 3478 4541 canes
3540 4501 3675 4542 con-

431 4585 641 4655 fugisti.
705 4585 950 4651 Quonam
1005 4586 1164 4641 modo
1229 4587 1494 4657 quispiam
1546 4587 1717 4656 magis
1753 4582 2001 4641 convinci
2042 4589 2229 4655 queat,
2260 4589 2312 4637 et
2336 4594 2517 4635 secum
2560 4581 2693 4650 ipse,
2730 4590 2785 4634 et
2811 4594 2934 4635 cum
2958 4578 3241 4634 divinitate
3265 4580 3542 4650 pugnare?

653 4675 781 4730 Ἐὰν
808 4676 865 4730 δὲ
897 4677 1163 4746 λεγόντων
1190 4678 1365 4750 ἡμῶν,
1399 4680 1480 4734 ὁτι
1510 4678 1586 4751 τῷ
1616 4679 1773 4749 αἰτίῳ
1808 4677 2008 4751 μείζων
2042 4677 2086 4732 D

427 4766 455 4818 ὁ
493 4765 688 4837 Πατὴρ
712 4764 807 4818 τοῦ
835 4763 989 4830 Υίοῦ,
1021 4766 1418 4838 προσλαϐόντες
1440 4767 1559 4839 τὴν,
1587 4768 1660 4822 Τὸ
1691 4767 1750 4820 δὲ.
1919 4764 2007 4821 ατο

425 4871 540 4907 τιον
575 4854 759 4923 φύσει,
794 4854 1089 4927 πρότασιν*
1140 4856 1349 4920 ἔπειτα,
1385 4856 1459 4910 Τὸ
1495 4855 1680 4927 μεῖζον
1712 4857 1778 4926 τῇ
1822 4854 2009 4924 φύσει,

429 4947 761 5016 συνάγωσιψ
809 4948 908 5001 οὐκ
940 4943 1057 5001 οἶδα
1094 4950 1321 5020 πότερον
1348 4948 1574 5011 ἑαυτοὺς
1614 4945 2008 5018 παραλογίζονα

424 5054 536 5103 ται,
563 5039 598 5107 ἢ
625 5038 753 5102 τοὺς
780 5037 914 5109 πρὸς
944 5037 1037 5103 οὓς
1061 5039 1089 5091 ὁ
1110 5038 1286 5108 λόγος.
1313 5040 1389 5092 Οὐ
1411 5037 1723 5110 γὰρὰπλῶς
1753 5075 1770 5101 ,
1905 5038 2007 5092 ὅσα

427 5129 568 5184 κατά
587 5145 732 5192 τινος
755 5129 993 5198 λέγεται,
1023 5129 1198 5185 ταῦτα
1222 5129 1314 5183 καὶ
1344 5128 1487 5183 κατὰ
1522 5129 1616 5184 τοῦ
1645 5130 2005 5201 ὑποκειμένου

423 5220 598 5292 τούτῳ
631 5219 963 5292 ῥηθήσεταιο
991 5218 1125 5273 ἀλλὰ
1167 5219 1321 5290 δῆλον
1365 5220 1505 5275 κατὰ
1528 5220 1691 5284 τίνος,
1726 5220 1822 5275 καὶ
1862 5220 2004 5273 τίνα.

439 5309 592 5364 Ἐπεὶ
614 5308 667 5363 τί
695 5307 892 5364 κωλύει
923 5308 1066 5379 κάμὲ
1091 5307 1296 5377 ταύτην
1324 5307 1585 5378 πρότασιν
1616 5307 2004 5378 ποιησάμενον,

424 5402 547 5473 τὴν,
598 5403 680 5456 ὅτι
721 5401 778 5455 '0
811 5401 1002 5472 Πατὴρ
1029 5399 1229 5471 μείζων
1250 5402 1316 5471 τῇ
1348 5399 1529 5469 φύσει,
1560 5398 1748 5453 ἔπειτα
1770 5398 2008 5469 προσλα-

427 5494 591 5548 ϐόντα
627 5493 706 5554 τὸ.
760 5493 924 5546 Φύσει
958 5494 1015 5547 δὲ
1044 5494 1105 5546 ού
1146 5492 1363 5555 πάντως
1400 5491 1599 5563 μείζων
1640 5490 1764 5545 ούδὲ
1785 5490 2001 5561 Πατήρ³

425 5585 677 5643 ἐντεῦθεν
713 5587 1061 5654 συναγαγεῖνο
1096 5585 1169 5637 Τὸ
1232 5582 1415 5655 μεῖζον
1445 5584 1507 5636 ού
1544 5583 1758 5647 πάντως
1790 5580 2002 5651 μεῖζον·

2337 4674 2456 4730 Jam
2497 4675 2541 4729 si
2581 4675 2884 4730 dicentibus
2920 4674 3097 4738 nobis,
3146 4673 3390 4737 Patrem,
3418 4682 3678 4744 quantum

2116 4767 2185 4822 ad
2210 4781 2455 4831 causam,
2483 4766 2621 4820 Filio
2651 4765 2912 4836 majorem
2939 4780 3081 4831 esse,
3119 4764 3218 4833 ipsi
3263 4764 3401 4818 hanc
3434 4766 3678 4833 proposi-

2105 4857 2307 4912 tionem
2338 4866 2653 4911 assumant:
2681 4856 2750 4909 Αι
2771 4871 2932 4910 causa
2972 4866 3161 4909 natura
3188 4871 3202 4920 ;
3228 4864 3521 4924 posteaque
3547 4868 3680 4909 con-

2108 4948 2411 5004 clusionem
2448 4949 2590 5002 banc
2649 4949 3018 5002 subuectant:
3060 4946 3202 5017 Ergo
3244 4945 3417 5014 major
3450 4954 3677 5011 natura;

2111 5040 2422 5102 bautl‘scio,
2461 5039 2742 5104 seipsosne
2795 5038 2994 5106 potius,
3048 5054 3115 5093 au
3172 5052 3288 5101 eos,
3337 5052 3458 5092 cum
3484 5038 3683 5105 quibus

2106 5130 2408 5200 disputant,
2434 5130 2679 5199 captiosa
2737 5130 2839 5183 bac
2869 5131 3344 5200 argumentatione
3369 5128 3681 5184 circumve-

2111 5222 2281 5275 niant.
2317 5220 2501 5289 Neque
2530 5222 2677 5275 enim
2728 5221 3071 5291 simpliciter,
3122 5234 3454 5290 quaecunque
3487 5221 3554 5273 de
3578 5219 3681 5274 ali-

2106 5326 2212 5381 quo
2236 5312 2509 5376 dicuntur,
2547 5311 2713 5368 etiam
2735 5311 2801 5366 de
2824 5326 2913 5375 eo,
2947 5312 3089 5375 quod
3119 5311 3217 5378 ipsi
3247 5309 3551 5379 subjectum
3574 5321 3682 5376 est,

2107 5403 2402 5466 dicuntur;
2436 5402 2528 5455 sed
2588 5400 2930 5471 perspicuum
2974 5410 3058 5455 est
3094 5404 3161 5456 de.
3188 5416 3317 5470 quo,
3345 5410 3400 5454 et
3429 5415 3680 5470 quaenam

2106 5494 2378 5550 dicantur.
2437 5492 2650 5563 Alioqui
2702 5492 2832 5563 quid
2889 5492 3163 5560 prohibet.
3221 5492 3511 5561 quominus
3567 5491 3682 5561 ipso

2108 5599 2323 5657 quoque
2358 5583 2515 5639 allata
2568 5585 2669 5640 bac
2714 5582 3084 5661 propositione
3125 5600 3137 5638 :
3187 5583 3347 5639 Pater
3374 5581 3546 5654 major
3589 5597 3681 5641 na-
