4094 6204
402 242 503 307 571
1608 244 1997 307 EUTIIYMII
2038 245 2402 307 ZlGABENI
3571 249 3672 317 572

402 388 523 429 tura
552 387 672 442 est;
706 391 768 430 ac
819 374 1012 429 deinde
1063 383 1338 443 assumpta
1394 373 1559 426 altera
1593 387 1606 423 :
1645 371 1845 426 Natura
1879 386 1976 425 au-

2084 374 2141 445 ἢ,
2174 376 2232 427 '0
2263 375 2451 445 Πατὴρ
2482 375 2542 427 οὐ
2578 373 2793 436 πάντως
2822 375 3033 445 Πατήρ.
3066 375 3127 427 Εἰ
3158 373 3339 443 βούλει
3367 373 3423 426 δέ
3459 374 3661 439 οὕτως’

402 480 508 523 tem
538 484 640 521 nou
671 467 891 521 omnino
921 466 1112 535 major.
1145 480 1316 534 neque
1344 464 1539 530 Pater;
1573 464 1646 518 ita
1701 473 1975 533 postremo

2095 464 2154 516 '0
2209 464 2361 527 Θεὸς,
2395 464 2578 517 οὐσία·
2630 464 2692 517 Ἦ
2726 464 2882 516 οὐσία
2941 464 3018 525 δὲ,
3050 465 3111 516 οὐ
3163 466 3382 528 πάντως
3417 466 3576 527 Θεός·
3608 466 3670 517 τὸ

400 562 755 615 concludam:
789 559 960 629 Majus
1021 559 1183 626 igitur
1228 572 1333 611 non
1359 557 1577 610 omnino
1626 557 1836 624 majus;
1868 554 1972 620 vel,

2085 555 2213 624 ἑξῆς
2238 555 2396 617 αὐτὸς
2428 556 2698 623 συνάγαγε
2767 568 2781 583 '
2914 556 2975 608 '0
3002 555 3132 619 Θεὸς
3170 557 3229 608 οὐ
3270 557 3485 619 πάντως
3513 556 3666 619 Θεὸς.

402 650 566 704 l‘ater
589 665 692 703 non
741 650 961 701 omnino
1010 645 1191 699 Pater.
1242 645 1347 698 Aut
1416 645 1458 698 si
1510 645 1700 708 mavis,
1729 645 1794 698 ad
1833 646 1976 698 hunc

2097 647 2234 699 Ἀλλ’
2262 643 2433 716 οἶμαι,
2463 651 2611 718 παρὰ
2638 648 2695 700 τὸ
2723 650 2797 717 πῆ
2968 647 3061 700 καὶ
3090 647 3275 710 ἁπλῶς
3307 649 3334 700 6
3370 648 3667 719 παραλογι-

401 742 622 794 modum
680 753 880 808 agam:
929 736 1067 789 Deus
1115 744 1197 789 est
1250 736 1523 789 essentia:
1572 736 1818 790 Essentia
1865 752 1970 789 non

2087 740 2223 810 σμὸς
2244 736 2419 804 οὗτος,
2444 740 2518 803 ὡς
2549 743 2660 803 τοῖς
2685 742 2810 811 περὶ
2839 740 3012 793 ταῦτα
3038 740 3377 811 τεχνολογεῖν
3412 739 3661 809 σύνηθες.

404 832 626 883 omnino
658 837 741 881 est
792 828 965 891 Deus;
1023 826 1163 892 quod
1217 826 1450 894 sequitut
1516 826 1629 894 ipse
1670 826 1967 879 conclude:

2095 831 2284 900 Ἦμῶν
2320 831 2427 901 γὰρ
2459 831 2525 883 τὸ
2556 830 2756 901 μεῖζον
2781 834 2844 901 τῇ
2870 831 2960 883 τοῦ
2992 832 3163 884 αἰτίου
3198 831 3356 898 φύσει
3395 830 3665 895 διδόντων,

406 926 547 993 Ergo
582 922 723 975 Deus
760 934 864 973 non
898 920 1118 973 omnino
1161 919 1317 973 Deus.
1363 918 1583 983 Verum,
1618 920 1671 972 ni
1708 919 1971 982 fallor,ab

2084 922 2239 978 αὐτοὶ
2260 922 2319 975 τὸ
2340 925 2405 992 τῇ
2444 921 2599 990 φύσει
2637 920 2818 992 μεῖζον
2842 922 3164 989 ἐπάγουσινο
3195 922 3384 993 ῶσπερ
3410 923 3476 975 ἂν
3616 926 3666 975 εἰ

398 1021 488 1070 eo,
522 1006 666 1076 quod
700 1006 995 1060 secundum
1031 1007 1297 1059 rationem
1337 1007 1622 1073 quamdam
1656 1007 1873 1067 dicitur.
1906 1006 1971 1060 ad

2084 1012 2179 1064 xui.
2237 1012 2503 1079 λεγόντων
2537 1012 2712 1083 ήμῶν,
2749 1014 2829 1065 ὅτι
2857 1013 2885 1063 ὁ
2913 1012 3057 1065 δεῖνα
3110 1012 3299 1083 νεκρὸς
3358 1013 3665 1083 ἄνθρωπος,

403 1098 455 1154 id
485 1099 626 1167 quod
651 1097 968 1165 simpliciter
985 1096 1199 1161 dicitur,
1227 1100 1463 1165 captiose
1488 1098 1831 1167 progreditur
1858 1098 1974 1151 haec

2084 1105 2270 1169 ἁπλῶς
2294 1105 2499 1175 ἐπῆγον
2517 1105 2670 1157 αὐτοὶ
2702 1104 2793 1157 τὸν
2824 1104 3127 1174 ἄνθρωπον.

406 1185 831 1253 argumentatio,
860 1184 1005 1253 quod
1041 1184 1174 1237 artis
1219 1184 1382 1252 hujus
1420 1184 1681 1237 studiosis
1714 1184 1976 1237 usitatum
2006 1194 2162 1239 estet
2195 1186 2482 1240 familiare.
2524 1186 2656 1240 Nam
2708 1204 2831 1241 cum
2883 1205 2984 1241 nos
3022 1189 3162 1243 hanc
3205 1207 3417 1252 vocem,
3454 1194 3657 1261 majus,

405 1291 583 1332 causa:
617 1286 825 1331 natura:
853 1277 1179 1337 tribuamus,
1203 1277 1443 1331 inferunt
1468 1276 1591 1345 ipsi,
1628 1292 1847 1330 causam
1880 1288 2073 1332 natura
2092 1280 2353 1348 majorem
2389 1296 2532 1335 esse.
2567 1282 2723 1348 Quod
2757 1282 2985 1352 perinde
3035 1294 3143 1351 est,
3178 1300 3241 1339 ac
3272 1286 3315 1339 si
3343 1286 3659 1342 dicentibus

403 1369 563 1425 nobis
594 1386 607 1424 :
646 1371 743 1425 Hic
773 1381 1022 1425 mortuus
1050 1372 1247 1437 homo;
1278 1372 1545 1426 inferrent
1573 1370 1674 1441 ipsi
1709 1388 1723 1427 :
1764 1372 1904 1443 Ergo
1938 1374 2128 1428 homo.

475 1462 761 1528 Quomodo
816 1472 997 1519 autem
1057 1464 1221 1527 istud,
1279 1464 1427 1534 quod
1487 1473 1637 1519 certe
1695 1481 1803 1519 non
1866 1464 1967 1519 mi-

2133 1467 2344 1520 Ἐκεῖνο
2398 1467 2454 1519 δὲ
2509 1468 2627 1530 πῶς
2686 1468 3174 1538 παραδράμωμεν,
3236 1470 3455 1533 οὐδενὸς
3487 1466 3657 1542 ἦττον

406 1558 523 1610 nori
559 1558 919 1612 admiratione
953 1558 1172 1626 dignum
1230 1568 1335 1622 est,
1383 1574 1543 1626 quam
1577 1574 1695 1626 quae
1733 1561 1981 1628 superius

2082 1561 2180 1615 τῶν
2210 1560 2514 1631 εἰρημένων
2541 1559 2599 1612 ὃν
2633 1559 2961 1627 ἀξιάγαστον
2986 1576 3000 1624 ;
3041 1560 3099 1613 '0
3122 1561 3332 1631 Πατὴρ,
3367 1562 3551 1631 φησὶν,
3570 1564 3662 1614 oo-

411 1649 554 1702 dicta
587 1658 737 1715 sunt,
787 1650 1304 1717 praetermittemus?
1345 1648 1501 1702 Pater
1525 1689 1539 1713 ,
1596 1650 1868 1720 inquiunt,
1901 1653 1982 1707 vel

2082 1653 2217 1718 σίας,
2257 1653 2290 1723 ἢ
2328 1652 2606 1723 ἐνεργείας
2635 1652 2832 1721 ὄνομα·
2860 1652 2935 1715 ὡς
2968 1653 3357 1723 ἀμφοτέρωθεν
3392 1656 3539 1723 ήμᾶς
3568 1654 3663 1727 δή·

402 1741 678 1802 esseutia',
745 1740 830 1793 vel
882 1741 1116 1795 actionis
1169 1756 1365 1795 nomen
1422 1748 1535 1794 est:
1596 1741 1673 1795 sic
1716 1743 1859 1795 enim
1886 1760 1982 1799 nos

2082 1761 2278 1810 σοντες.
2314 1746 2376 1798 Εἰ
2406 1746 2504 1811 μὲν
2529 1744 2715 1807 οὐσίας
2734 1746 2998 1814 φήσομεν,
3024 1744 3462 1815 συνθησομένους
3479 1748 3661 1818 ἑτερο-

405 1830 659 1899 ntrinque
694 1831 767 1883 ita
820 1833 1082 1886 astrictos
1140 1839 1349 1900 putant,
1386 1841 1447 1885 ut
1493 1832 1635 1885 nulla
1675 1835 1883 1889 ratione
1910 1851 1979 1890 ex

403 1935 592 1974 eorum
632 1920 864 1976 vinculis
893 1922 1031 1976 elabi
1074 1924 1365 1993 possimus.
1420 1924 1475 1980 Si
1519 1926 1663 1980 enim
1727 1932 1980 1984 essentia:

408 2026 602 2063 nomen
632 2026 750 2065 esse
776 2013 1095 2077 dixerimus,
1123 2016 1502 2077 assentiemur,
1560 2026 1616 2069 ut
1641 2018 1976 2086 existimant,

408 2102 605 2156 Filium
648 2103 918 2157 diversam
949 2122 976 2157 a
1019 2105 1177 2160 Patre
1208 2107 1498 2160 essentiam
1530 2108 1766 2163 habere:
1797 2126 1973 2179 quan-

409 2194 695 2261 doquidem
756 2210 859 2248 ttna
910 2197 981 2250 sit
1030 2197 1121 2251 Dei
1170 2198 1428 2260 essentia,
1477 2213 1637 2266 quam
1693 2200 1873 2263 Pater,
1916 2212 1978 2256 ut

410 2285 656 2338 censent,
678 2291 789 2340 1am
848 2288 973 2332 ante
1030 2283 1331 2348 occuparit.
1369 2284 1464 2337 Sin
1500 2296 1679 2339 autem
1728 2288 1975 2354 actionis,

402 2376 649 2424 creatum
682 2381 802 2421 esse
860 2368 1171 2435 fatebimur,
1436 2392 1542 2431 non
1580 2379 1838 2447 genitum.
1878 2380 1977 2434 Ubi

401 2460 550 2514 enim
581 2469 665 2513 est
694 2476 879 2530 agens,
911 2462 1020 2517 illic
1050 2480 1269 2534 quoque
1299 2468 1523 2522 omnino
1563 2470 1614 2521 id
1641 2472 1781 2538 quod
1805 2472 1981 2541 agitur

399 2568 527 2608 esse
552 2568 773 2609 necesse
822 2565 923 2609 est.
987 2557 1065 2611 Ac
1096 2559 1281 2613 mirari
1345 2575 1405 2614 se
1436 2561 1636 2624 dicent.
1686 2578 1790 2633 quo
1825 2574 1981 2633 pacto

404 2645 603 2699 factum
655 2663 777 2701 cum
835 2648 1043 2706 factore
1090 2653 1230 2706 idem
1284 2668 1407 2708 esse
1437 2666 1622 2725 queat.
1649 2656 1728 2711 Me
1768 2674 1981 2728 quoque

405 2736 581 2803 ipsum
614 2740 967 2795 vehementer
1022 2744 1135 2799 haec
1171 2746 1444 2801 distinctio
1488 2758 1663 2802 vestra
1701 2763 1980 2818 permoveo

406 2838 509 2889 ret,
535 2829 577 2879 si
612 2830 740 2883 milii
762 2832 988 2885 duorum
1015 2834 1335 2889 alterutrum
1365 2840 1672 2893 necessario
1695 2842 1982 2895 admitten»

413 2915 537 2967 dum
568 2928 733 2981 esset,
793 2934 854 2971 ac
912 2935 1015 2972 non
1071 2925 1271 2990 potius,
1327 2935 1554 2991 utraque
1609 2925 1981 2993 disjunctionis

406 3018 560 3072 parte
594 3008 778 3069 vitata,
815 3011 1032 3063 tertium
1075 3014 1277 3082 aliquid
1322 3018 1503 3070 verius
1553 3016 1736 3070 dicere
1772 3016 1978 3072 liceret.
2009 2988 2049 3043 Ο

405 3096 517 3150 Nec
541 3098 682 3151 enim
726 3102 976 3154 essentne
1006 3119 1197 3158 nomen
1254 3116 1342 3159 est
1380 3105 1557 3171 Pater,
1593 3123 1625 3161 ο
1662 3109 1757 3162 viri
1786 3109 1982 3163 acutis-

405 3189 549 3252 simi,
585 3206 681 3245 nec
734 3193 996 3258 aetionis;
1044 3197 1137 3249 sed
1200 3196 1517 3251 relationem
1574 3215 1692 3252 eam
1757 3201 1978 3264 indicat,

404 3295 568 3348 quam
591 3281 750 3336 Pater
783 3300 909 3353 erga
949 3284 1143 3338 Filium
1182 3286 1363 3351 habet,
1400 3288 1479 3340 vel
1517 3288 1691 3343 Filius
1715 3306 1841 3359 erga
1883 3291 1980 3344 Pa-

409 3381 567 3424 trem.
614 3373 684 3428 Ut
724 3375 866 3428 enim
902 3377 1041 3443 apud
1102 3393 1199 3432 nos
1236 3379 1351 3433 inec
1391 3380 1607 3434 nomina
1669 3397 1979 3451 germanam

418 3464 707 3531 quamdam
740 3466 1178 3535 eonjunctionem
1214 3478 1269 3523 et
1318 3471 1769 3525 necessitudinem
1794 3473 1977 3527 decla-

406 3562 570 3606 rant:
607 3555 673 3605 ad
698 3557 945 3609 eumdem
999 3562 1214 3609 modum
1269 3557 1379 3612 illic
1416 3574 1631 3627 quoque
1682 3562 1979 3629 genitorem

405 3661 470 3700 ac
510 3647 748 3710 genitum
793 3649 1036 3700 eamdem
1102 3658 1349 3702 naturam
1405 3649 1608 3703 habere
1659 3650 1985 3719 significant.

408 3734 513 3788 Sed
549 3735 621 3788 sit
660 3751 812 3801 sane,
846 3736 897 3790 in
932 3738 1094 3792 vestri
1121 3739 1376 3808 gratiam,
1409 3739 1570 3794 Pater
1616 3742 1866 3795 essentia:
1892 3755 1987 3796 no-

406 3838 573 3879 men:
616 3824 812 3879 Filium
866 3826 1049 3897 utique
1088 3829 1247 3882 simul
1304 3830 1624 3894 introducet,
1673 3846 1776 3885 non
1806 3838 1985 3885 autem

406 3919 727 3983 removebit,
781 3928 838 3974 et
889 3919 1164 3983 alienabit,
1203 3930 1261 3973 ut
1303 3931 1356 3975 et
1386 3936 1699 3977 communes
1727 3923 1973 3976 notiones

410 4009 613 4072 ferunt,
638 4022 691 4063 et
728 4012 840 4079 ipsa
874 4012 1063 4065 horum
1103 4011 1382 4067 nominum
1414 4015 1495 4066 vis
1525 4028 1587 4067 ac
1624 4012 1865 4066 facultas.
1897 4012 1982 4066 Sit

406 4102 569 4154 etiam
599 4102 847 4161 actionis,
884 4103 926 4155 si
962 4103 1032 4154 ita
1060 4103 1308 4156 videtur:
1355 4118 1451 4157 nec
1482 4103 1561 4157 sic
1601 4103 1816 4171 quidem
1856 4118 1982 4156 cau-

2070 1837 2250 1892 ούσιον
2274 1833 2411 1890 εἶναι
2440 1838 2529 1891 τὸν
2554 1838 2679 1890 Υίόν
2699 1854 2711 1867 ⁸
2740 1838 2927 1908 ἐπειδὴ
2949 1838 3044 1908 μία
3064 1837 3162 1907 μὲν
3178 1837 3334 1890 οὐσία
3355 1838 3515 1901 Θεοῦ,
3533 1840 3660 1892 ταύ-

2069 1948 2171 2001 την
2203 1930 2282 1994 δὲ,
2314 1930 2389 1992 ὡς
2414 1924 2577 1993 οὗτοι,
2598 1928 3033 1999 προκατείληφεν
3055 1930 3082 1980 ό
3112 1930 3328 1998 Πατήρ·
3364 1930 3413 1981 εί
3442 1929 3496 1982 δὲ
3514 1932 3654 2000 ἐνερ-

2069 2023 2247 2092 γείας,
2262 2022 2471 2092 ποίημα
2489 2020 2676 2089 σαφῶς
2697 2020 3150 2090 ὁμολογήσοντας,
3165 2020 3279 2071 ἀλλ’
3302 2020 3362 2072 οὐ
3383 2020 3653 2091 γέννημαο

2070 2108 2131 2169 οὗ
2161 2115 2270 2186 γὰρ
2296 2115 2325 2167 6
2354 2114 2613 2185 ἐνεργῶν,
2640 2114 2755 2165 ἐκεῖ
2779 2113 2998 2175 πάντως
3030 2113 3123 2164 καὶ
3148 2112 3209 2163 τὸ
3242 2112 3652 2183 ἐνεργούμενον.

2070 2207 2181 2259 Καὶ
2195 2204 2310 2267 πῶς
2326 2201 2403 2271 τῷ
2420 2202 2739 2271 πεποιηκότι
2758 2200 2949 2255 ταυτὸν
2970 2200 3030 2253 τὸ
3044 2199 3425 2269 πεποιημένον,
3446 2199 3545 2253 θαυ
3555 2200 3658 2269 μά-

2081 2292 2193 2355 ζειν
2210 2293 2489 2362 φήσουσιν.
2518 2290 2727 2359 Σφόδρα
2744 2290 2808 2341 ἂν
2824 2287 3054 2358 ᾐδέσθην
3085 2288 3114 2340 ὐ
3123 2288 3236 2356 μῶν
3264 2289 3356 2339 καὶ
3380 2287 3541 2351 αὐτὸς
3554 2287 3658 2359 τὴν

2084 2380 2363 2449 διαίρεσιν,
2384 2380 2431 2432 εί
2447 2378 2551 2431 τῶν
2566 2378 2658 2431 δύο
2681 2378 2740 2431 τὸ
2766 2379 2951 2451 ἕτερον
2974 2377 3221 2442 δέξασθαι
3255 2372 3322 2447 ἦν
3340 2377 3656 2445 ἀναγκαῖον,

2086 2469 2221 2522 ἀλλὰ
2251 2470 2324 2540 μὴ
2352 2470 2419 2522 τὰ
2449 2469 2540 2522 δύο
2567 2468 2919 2538 διαφυγόντα,
2945 2468 3124 2538 τρίτον
3164 2468 3336 2520 εἰπεῖν
3366 2466 3647 2539 ἀληθέστε-

2089 2579 2179 2632 ρον
2201 2579 2215 2592 ⁸
2251 2562 2332 2615 ὃτι
2364 2560 2487 2613 οὐτε
2525 2560 2713 2624 οὐσίας
2746 2560 2917 2629 ὄνομα
2950 2561 2978 2613 6
3010 2560 3219 2628 Πατήρ,
3266 2552 3309 2611 ὦ
3336 2558 3657 2627 σοφώτατοι,

2084 2652 2206 2705 οὔτε
2238 2653 2545 2723 ἐνεργείας·
2584 2651 2820 2722 σχέσεως
2854 2650 2909 2702 δὲ
2955 2650 3049 2703 καὶ
3092 2649 3186 2702 τοῦ
3226 2648 3342 2712 πῶς
3374 2649 3486 2719 ἔχει
3525 2650 3661 2720 πρὸς

2083 2742 2174 2795 τὸν
2205 2741 2330 2794 Υίὸν
2378 2744 2405 2794 6
2456 2740 2665 2810 Πατὴρ,
2698 2739 2730 2809 ἢ
2768 2741 2795 2791 6
2828 2739 2950 2801 Υίὸς
2988 2738 3122 2809 πρὸς
3170 2738 3259 2791 τὸν
3300 2740 3535 2809 Πατέρα.
3575 2740 3662 2803 Ὠς

2084 2833 2194 2904 γὰρ
2222 2836 2349 2903 παρ’
2381 2835 2509 2904 ⁴ἡμῖν
2540 2834 2594 2885 αἱ
2630 2832 2852 2900 κλήσεις
2892 2826 3051 2885 αὗται
3089 2831 3149 2883 τὸ
3181 2833 3401 2902 γνήσιον
3445 2815 3548 2885 καί.⁴
3582 2834 3662 2884 οἰ-

2085 2928 2230 2976 κεῖον
2253 2910 2627 2994 γνωρίζουσιν,
2656 2922 2798 2975 οὓτω
2822 2923 2981 2975 κάκεῖ
3009 2922 3106 2992 τὴν
3135 2922 3229 2974 τοῦ
3262 2923 3663 2993 γεγεννημένου

2085 3014 2221 3085 πρὸς
2247 3014 2306 3066 τὸ
2331 3014 2657 3083 γεγεννηκὸς
2685 3014 2954 3083 ὁμοφυῖαν
2983 3012 3358 3083 σημαίνουσιν.
3387 3014 3566 3066 Ἔστω
3583 3014 3662 3081 δὲ,

2085 3101 2239 3171 ὑμῶν
2267 3102 2446 3172 χάριν,
2477 3102 2571 3155 καὶ
2595 3101 2784 3166 οὐσίας
2949 3119 3031 3165 τις
3052 3102 3079 3153 6
3101 3103 3321 3173 Πατήρ’
3360 3104 3666 3170 πνεισάξει

2084 3192 2175 3245 τὸν
2224 3192 2373 3257 Υίὸν,
2428 3193 2529 3246 οὐκ
2571 3192 2940 3263 ἀλλοτριώσει,
2994 3192 3135 3247 κατὰ
3180 3194 3281 3257 τὰς
3333 3193 3519 3257 κοινὰς
3578 3197 3664 3247 ἐν-

2085 3284 2234 3346 νοίας
2267 3322 2284 3347 ,
2428 3284 2524 3336 καὶ
2582 3283 2681 3354 τὴν
2735 3283 2845 3335 τῶν
2888 3284 3134 3353 κλήσεων
3174 3284 3378 3336 τούτων
3412 3283 3660 3352 δύναμιν.

2089 3376 2271 3428 Ἔστω
2302 3375 2397 3428 καὶ
2425 3375 2724 3447 ἐνεργείας,
2757 3376 2804 3428 εί
2828 3375 2985 3428 τοῦτο
3004 3376 3176 3429 δοκεῖ·
3210 3375 3329 3428 οὐδὲ
3351 3375 3493 3428 οὕτω
3516 3377 3665 3446 ήμᾶς

2085 3467 2362 3538 αἱρήσετε.
2539 3466 2680 3519 Αὐτὸ
2712 3466 2770 3519 δὲ
2942 3465 3101 3519 τοῦτο
3127 3465 3451 3538 ἐνηργηκὼς
3479 3466 3546 3520 ἂν
3576 3467 3665 3536 εἴη

2085 3556 2146 3609 τὸ
2186 3556 2491 3627 ὁμοούσιον,
2532 3557 2565 3627 ἢ
2605 3557 2698 3609 καὶ
2872 3556 3071 3618 ἄτοπος
3111 3557 3285 3621 ἄλλως
3324 3544 3359 3626 ή
3391 3558 3492 3627 τῆς
3532 3558 3666 3627 περὶ

2088 3648 2245 3703 τοῦτο
2268 3648 2546 3720 ἐνεργείας
2577 3648 2859 3718 ὑπόληψις.
2901 3648 3062 3719 Ὁρᾷς
3082 3650 3227 3713 ὅπως
3256 3649 3429 3719 ὑμῶν,
3459 3650 3552 3702 καὶ
3568 3667 3667 3703 κα-

2084 3742 2346 3811 κομαχεῖν
2403 3739 2730 3807 ἐθελόντων,
2789 3740 2889 3803 τὰς
2966 3742 3203 3813 στροφὰς
3260 3741 3661 3812 διαφεύγομεν;

2082 3831 2235 3884 Ἐπεὶ
2289 3830 2347 3883 δέ
2400 3848 2493 3883 σου
2541 3830 2602 3884 τὸ
2655 3832 2713 3883 ἐν
2759 3832 2870 3893 τοῖς
2914 3830 3190 3901 λογισμοῖς
3224 3834 3317 3886 κοιλ⁵
3355 3837 3473 3895 ταῖς
3508 3849 3667 3903 στρο-

2083 3923 2211 3990 φαῖς
2257 3921 2467 3991 ἄμαχον
2514 3921 2777 3991 ἔγνωμεν,
2812 3921 3008 3991 ἴδωμέν
3050 3940 3142 3975 σου
3182 3912 3275 3976 καὶ
3318 3924 3415 3991 τὴν
3452 3926 3514 3976 ὲκ
3556 3924 3665 3977 τῶν

2080 4008 2238 4062 θείων
2277 4009 2471 4078 λογίων
2510 4010 2684 4080 ἰσχὺν,
2727 4010 2794 4064 ἂν
2822 4010 2930 4065 ἇοα
2959 4011 3087 4082 δέξῃ
3125 4012 3417 4067 κάντεῦθεν
3449 4012 3659 4066 πείθειν

2079 4102 2250 4171 ἡμᾶς.

406 4207 519 4249 sam
557 4192 890 4245 obtinebitis.
922 4192 1122 4245 Eodem
1192 4194 1337 4246 enim
1392 4194 1549 4247 modo
1602 4194 1843 4247 dicemus
1878 4194 1978 4246 huc
2018 4190 2192 4259 ipsum
2217 4192 2393 4260 egisse
2422 4192 2662 4256 Patrem,
2717 4202 2776 4247 ut
2815 4194 3291 4248 consubstantialis
3350 4194 3453 4257 ipsi
3492 4194 3664 4248 Filius

406 4297 587 4349 esset;
617 4288 718 4339 etsi
752 4287 949 4353 alioqui
983 4287 1317 4341 absurditate
1343 4302 1445 4340 non
1482 4297 1633 4341 caret
1672 4286 1975 4354 hnjusmodi
2019 4285 2250 4339 actionis
2280 4285 2483 4352 opinio.
2550 4285 2783 4339 Videsne
2824 4302 2930 4355 quo
2975 4296 3152 4353 pacto,
3198 4289 3493 4355 quamlibet
3556 4287 3658 4340 im—

408 4383 573 4441 probe
598 4391 660 4429 ac
694 4376 923 4447 maligne
956 4393 1194 4447 pugnare
1249 4379 1562 4446 studentis,
1619 4380 1893 4448 captiones
1952 4388 2130 4432 tamen
2194 4389 2403 4432 vestras
2457 4376 2815 4447 eﬂugiamus?
2870 4378 3132 4444 Quoniam
3172 4389 3348 4431 autem
3405 4380 3662 4433 invictum

410 4471 539 4527 illud
578 4480 724 4524 tuum
774 4471 827 4525 in
898 4472 1400 4529 ratiocinationibus
1443 4481 1498 4527 et
1568 4475 1795 4542 argutiis
1860 4472 2025 4527 robur
2062 4471 2437 4543 cognovimus,
2489 4472 2765 4525 videamus
2814 4471 2926 4540 jam
2977 4487 3136 4540 quam
3192 4473 3297 4525 vim
3350 4472 3403 4526 in
3468 4472 3667 4526 divinis

410 4566 645 4620 oraculis
672 4565 898 4635 positam
929 4565 1149 4632 habeas,
1176 4566 1222 4620 si
1255 4570 1411 4621 modo
1454 4568 1577 4623 hinc
1630 4582 1845 4637 quoque
1886 4566 2040 4621 nobis
2069 4567 2259 4636 dogma
2295 4574 2442 4620 tuum
2475 4565 2799 4632 persuadere
2826 4582 2929 4618 non
2960 4581 3125 4634 grave
3145 4565 3328 4621 ducas.

688 4658 798 4714 Nos
823 4660 1019 4729 quippe
1092 4674 1157 4714 ex
1197 4661 1405 4730 magnis
1464 4670 1517 4717 et
1567 4662 1797 4717 excelsis
1830 4660 1976 4715 voci-
2013 4659 2055 4714 D

408 4756 508 4807 bus
533 4752 656 4807 Filii
690 4753 1030 4807 divinitatem
1067 4754 1429 4822 percepimus,
1488 4768 1550 4808 ac
1594 4754 1975 4822 przedicamus.

406 4845 612 4912 Quibus
642 4845 902 4899 tandem?
932 4844 1028 4898 His
1055 4846 1335 4909 nimirum,
1365 4846 1524 4911 Deus,
1554 4846 1813 4908 Verbum,
1837 4847 1977 4913 quod

406 4937 460 4991 in
495 4937 760 5005 principio
791 4945 928 4997 erat.
969 4946 1021 4988 et
1061 4950 1181 4989 cum
1211 4938 1496 5005 principio,
1528 4945 1582 4990 et
1617 4937 1978 5005 principium:

406 5034 466 5081 ut
502 5027 552 5079 itt
591 5028 675 5080 liis
706 5026 871 5079 locis:
911 5024 978 5079 In
1004 5025 1260 5094 principio
1295 5035 1405 5079 erat
1469 5024 1712 5089 Verbum,
1764 5036 1813 5078 et
1860 5023 1985 5079 Ver-

405 5120 527 5172 bum
558 5128 668 5172 erat
698 5121 837 5187 apud
877 5117 1061 5181 Deum,
1093 5126 1139 5169 et
1198 5116 1334 5169 Deus
1368 5128 1478 5170 erat
1535 5116 1755 5171 Verbum
1794 5118 1811 5148 ¹
1860 5133 1876 5181 ;
1907 5126 1980 5183 el,

409 5209 599 5264 Tecum
634 5208 949 5278 principium
1007 5207 1061 5275 ’ς
1094 5217 1170 5273 et,
1213 5208 1315 5272 Qui
1350 5219 1491 5261 vocat
1548 5225 1660 5262 eam
1695 5226 1726 5261 a
1769 5224 1985 5277 genera-

410 5300 637 5353 tionibus
663 5299 977 5365 principium
1024 5293 1064 5351 ⁸.
1090 5298 1169 5351 Ad
1212 5299 1325 5351 huic
1357 5296 1525 5352 Filius
1571 5298 1880 5366 unigenitns
1905 5298 1985 5351 di-

404 5392 583 5444 citur:
618 5388 928 5459 Unigenitus
954 5387 1151 5455 Filius,
1177 5389 1265 5459 qui
1296 5400 1369 5442 est
1412 5389 1466 5442 in
1499 5389 1619 5442 sinu
1657 5387 1854 5453 Patris,
1879 5389 1985 5455 ipse

404 5483 671 5535 enarravit
728 5479 768 5536 ⁵.
801 5481 921 5546 Via,
957 5479 1193 5548 Veritas,
1220 5479 1364 5547 Vita,
1395 5483 1545 5538 Lux:
1586 5480 1696 5548 Ego
1742 5496 1855 5532 sum
1882 5479 1981 5539 via,

510 5642 712 5701 ‘Joan.
764 5662 803 5710 ι,
835 5646 884 5699 1.
962 5647 981 5676 ⁸
1016 5646 1159 5701 Ρετιι.
1200 5662 1309 5714 ιιι,
1352 5645 1404 5699 5.
1483 5645 1501 5675 ³
1534 5644 1638 5697 isa.
1671 5658 1780 5707 xu,
1811 5644 1861 5696 4.

2299 4658 2491 4729 Ἡμεῖς
2524 4658 2620 4728 μὲν
2649 4657 2756 4728 γὰρ
2798 4659 2860 4710 ἐκ
2899 4658 3148 4727 μεγάλων
3176 4658 3269 4710 καὶ
3295 4656 3515 4729 ὑψηλῶν
3557 4661 3671 4712 τῶν

2084 4749 2299 4821 φωνῶν,
2327 4749 2419 4803 τοῦ
2450 4748 2579 4801 Υίοῦ
2613 4748 2710 4818 τὴν
2740 4747 2968 4817 θεότητα
2998 4748 3090 4801 καὶ
3114 4748 3541 4818 κατειλήφαμεν,
3572 4748 3668 4801 καὶ

2084 4837 2451 4907 κηρύσσομεν.
2490 4836 2661 4888 Τίνων
2699 4835 2933 4898 τούτων;
2959 4838 3067 4907 Τῆς
3100 4836 3250 4899 Θεὸς,
3280 4838 3377 4906 τῆς
3413 4837 3604 4904 Λόγος,
3636 4839 3673 4890 ό

2085 4930 2142 4981 ἐν
2170 4928 2332 4999 ἀρχῇ.
2367 4930 2395 4981 ὁ
2432 4927 2569 4996 μετά
2596 4926 2691 4996 τῆς
2718 4927 2911 4996 ἀρχῆς,
2942 4928 2974 4997 ἡ
3010 4928 3181 4996 ἀρχή·
3218 4927 3321 4979 Ἐν
3338 4924 3498 4995 ἀρχῇ
3526 4922 3605 4996 ἦν
3638 4930 3673 4980 ό

2082 5020 2295 5087 Λόγος,
2326 5018 2423 5071 καὶ
2448 5020 2480 5071 ό
2515 5017 2705 5086 Λόγος
2744 5012 2823 5084 ἦν
2860 5016 3008 5082 πρὸς
3038 5016 3143 5067 τὸν
3183 5015 3352 5080 Θεὸν,
3384 5017 3480 5068 καὶ
3521 5017 3669 5079 Θεὸς

2082 5104 2162 5180 ἦν
2196 5112 2228 5163 ό
2257 5110 2446 5177 Λόγος
2469 5124 2484 5138 ο
2526 5106 2641 5168 καὶ,
2672 5107 2834 5160 Μετὰ
2877 5103 2993 5159 σοῦ
3028 5105 3066 5173 ἡ
3097 5105 3252 5175 ἀρχή
3276 5122 3289 5134 ⁸
3322 5106 3435 5172 καὶ,
3478 5106 3531 5158 '0
3566 5124 3671 5161 κα-

2083 5200 2210 5255 λῶν
2236 5199 2433 5267 αὐτὴν
2457 5198 2572 5253 ἀπὸ
2612 5196 2832 5267 γενεῶν
2855 5196 3069 5265 ἀρχήν.
3274 5196 3492 5267 Ἐπειδὴ
3535 5196 3668 5261 Υἱὸς

2088 5288 2402 5360 μονογενής,
2452 5288 2513 5339 '0
2530 5284 2868 5356 μονογενὴς
2899 5285 3051 5350 Υἱὸς,
3083 5287 3115 5338 ὀ
3142 5281 3227 5337 ὢν
3253 5287 3342 5350 είς
3378 5285 3486 5337 τὸν
3522 5288 3669 5340 κόλ-

2085 5398 2203 5436 πον
2244 5382 2348 5435 τοῦ
2379 5379 2626 5448 Πατρός,
2658 5378 2887 5443 ἐκεῖνος
2910 5375 3272 5446 ἐξηγήσατο.
3304 5376 3474 5441 Ὁδὸς,
3508 5376 3669 5447 ’Λλή-

2087 5474 2223 5535 θεια,
2271 5473 2411 5543 Ζωὴ,
2452 5471 2571 5534 Φῶς
2597 5487 2608 5499 ·
2658 5467 2804 5533 Ἐγώ
2846 5470 2959 5536 sip!
3002 5468 3039 5536 ἠ
3088 5465 3249 5533 όδὸς,
3301 5466 3399 5521 καὶ
3445 5466 3484 5534 ἡ
3514 5464 3665 5534 ἀλή-

1942 5643 1959 5669 ⁸
1992 5641 2146 5696 Juan.
2192 5655 2226 5705 t,
2271 5638 2356 5697 18.
