4094 6204
351 223 454 284 573

1323 224 1704 287 PANOPLIA
1738 225 2201 292 DOGMATICA.
2231 256 2301 268 -
2342 232 2491 298 ΤΙΤ.
2527 233 2663 298 Χῐ.’

3516 235 3629 299 574

358 354 515 414 (ista,
564 349 666 403 καὶ
693 348 734 416 ἡ
782 347 924 416 ζωή·
974 346 1085 412 καὶ,
1131 348 1274 418 Ἐγώ
1304 348 1516 417 ειμιλτὸ
1542 348 1669 418 φῶς
1704 350 1813 405 τοῦ
1841 353 1940 407 κδ.

2049 361 2236 415 veritas
2264 368 2313 414 et
2343 361 2466 425 vita.
2491 365 2506 394 ¹
2541 377 2557 426 ς
2590 369 2664 425 et,
2697 358 2809 428 Ego
2829 376 2946 415 sum
2970 361 3068 415 lux
3097 361 3279 414 mundi
3326 365 3367 414 '.
3394 360 3621 431 Sapien-

354 460 536 513 σμου.
572 439 764 510 Σοφία,
793 438 1031 506 Δύναμις
1051 454 1066 468 ο
1097 438 1350 506 Χριστὸς
1374 436 1522 492 Θεοῦ
1547 437 1818 509 δύναμις,
1849 441 1944 496 καὶ

358 534 507 590 Θεοῦ
527 533 735 602 σοφία.
776 529 1163 600 ’Δπαύγασμα,
1195 530 1516 601 Χαρακτὴρ,
1541 529 1735 597 Εἰκὼν,
1764 532 1945 603 Σφρα-

354 628 469 696 γίς·
522 627 621 691 Ὃς
663 621 751 676 ὢν
809 620 1177 690 ἀπαύγασμα
1229 618 1341 688 τῆς
1385 618 1599 690 δόξης·
1660 622 1775 689 καὶ,
1830 625 1945 677 Xa-

260 708 267 715 ’
349 717 583 787 pauiu)
628 713 741 782 τῆς
770 712 1167 778 ὑποστάσεως
1212 711 1433 766 αὐτοῦ·
1472 713 1585 777 καὶ,
1610 712 1805 768 Είκὼν
1830 714 1943 784 τῆς

355 810 754 880 ἁγαθότητος·
811 805 924 872 καὶ,
962 805 1182 859 Τοῦτον
1224 803 1334 877 γὰρ
1366 806 1400 858 ό
1434 804 1637 874 Πατὴρ
1657 802 1942 877 ἐσφράγιο

355 918 470 956 σεν
498 904 532 956 ό
559 901 724 963 Θεός.
766 896 993 969 Κύριος,
1026 895 1309 961 Βασιλεὺς,
1349 898 1378 951 ό
1413 896 1528 956 Ὧν,
1561 898 1590 949 ό
1624 897 1941 969 Παντοκρά-

350 1009 495 1064 τωρ·
526 988 763 1057 Ἕόρεξε
778 989 993 1056 Κύριος
1020 987 1141 1055 πῦρ
1173 986 1335 1056 παρὰ
1363 986 1619 1055 Κυρίουο
1656 988 1768 1056 καὶ,
1815 988 1941 1043 Ῥά-

355 1085 496 1150 ϐδος
531 1080 877 1148 εὐθύτητος,
919 1079 958 1147 ἡ
998 1077 1222 1147 ῥάϐδος
1263 1076 1375 1147 τῆς
1404 1078 1730 1143 ,ϐασιλείας
1775 1093 1893 1133 σου
1919 1097 1933 1110 ο

358 1175 453 1229 καὶ
471 1214 486 1239 ,
530 1171 592 1224 Ὀ
620 1169 725 1235 ὢν,
752 1167 851 1222 καὶ
886 1170 919 1223 ὁ
940 1164 1038 1239 ἦν,
1064 1167 1160 1221 καὶ
1187 1168 1220 1221 ὸ
1243 1167 1583 1236 ἐρχόμενος,
1614 1167 1715 1222 καὶ
1738 1172 1770 1223 ό
1789 1181 1932 1224 παν-

360 1263 682 1333 τοκράτωρ.
745 1259 941 1329 Σαφῶς
1004 1259 1134 1331 περὶ
1189 1257 1284 1311 τοῦ
1354 1255 1483 1311 Υἱοῢ
1513 1256 1804 1330 λεγόμενα,
1843 1260 1939 1314 καὶ

363 1352 463 1405 ὅσα
498 1354 589 1419 τῆς
616 1351 787 1420 αὐτῆς
815 1351 1023 1415 τούτοις
1058 1351 1174 1402 ἐστὶ
1199 1351 1500 1423 δυνάμεως,
1542 1347 1617 1407 ὧν
1648 1354 1799 1408 οὐδὲν
1826 1357 1945 1409 ὲπι-

363 1460 583 1513 κτητον,
621 1443 742 1496 οὐδὲ
776 1442 1002 1515 ὕστερον
1044 1442 1122 1514 τῷ
1154 1442 1269 1513 Υἱῷ
1308 1447 1763 1517 προσγενόμενον,
1805 1446 1838 1517 ἢ
1869 1446 1947 1518 τῷ

364 1534 664 1603 Πνεύματι,
710 1533 899 1605 ὥσπερ
947 1533 1068 1587 οὐδὲ
1108 1533 1256 1604 αύτῷ
1288 1532 1366 1605 τῷ
1403 1535 1605 1607 Πατρί·
1649 1536 1710 1590 ού
1740 1535 1849 1607 γὰρ
1881 1538 1948 1589 ὲκ

366 1624 687 1695 προσθήκης
723 1624 785 1678 τὸ
812 1625 1040 1678 τέλειον.

2046 451 2142 516 tia,
2169 452 2444 517 Potentia;
2466 450 2704 506 Christus
2727 452 2820 505 Dei
2834 454 3064 521 potentia
3085 462 3132 505 et
3164 450 3255 505 Dei
3274 454 3528 519 sapientia
3580 450 3620 505 ³.

2052 544 2342 615 Splendor,
2406 545 2729 611 Character,
2766 545 2967 612 Imago,
3010 544 3282 614 Sigillum,
3339 555 3397 598 ut
3450 543 3501 595 in
3539 543 3622 596 his

2049 637 2268 692 verbis:
2305 637 2547 703 Quicum
2582 638 2647 691 sit
2697 636 2943 706 splendor
2986 637 3170 706 glorite
3235 635 3256 665 ’⁵
3293 655 3306 699 ;
3366 646 3441 698 ct,
3484 631 3624 689 Chao

2049 736 2222 779 racter
2267 726 2573 780 substantia
2609 728 2776 795 ipsius
2816 729 2834 760 ⁵
2871 743 2887 793 ;
2939 736 3018 789 et,
3057 724 3237 794 Imago
3271 725 3516 777 bonitatis
3547 726 3568 756 '
3606 738 3621 787 ;

2049 824 2104 870 et
2149 816 2256 871 alio
2283 815 2432 871 loco:
2464 815 2625 882 Quem
2670 816 2838 871 Pater
2890 816 3112 885 signavit
3174 814 3314 868 Deus
3365 813 3409 868 ⁷.
3447 813 3617 865 Ποιιιίο

2048 923 2176 972 nus,
2206 909 2340 969 Ret,
2370 908 2497 972 Ens,
2528 908 2883 978 Omnipotens
2915 926 2929 962 :
2973 906 3120 960 l'luit
3372 905 3614 956 Domimu;

2048 998 2222 1067 ignem
2251 1016 2281 1052 a
2311 999 2532 1054 Domino
2572 1008 2591 1039 ⁸
2618 1018 2634 1068 ;
2667 1011 2741 1066 et,
2777 999 2939 1069 Virga
2984 999 3286 1052 directianis
3312 997 3455 1063 virga
3474 998 3616 1064 regni

2052 1090 2131 1144 tui
2166 1091 2187 1123 ⁹
2241 1099 2315 1156 et,
2350 1090 2453 1155 Qui
2479 1101 2611 1157 eral,
2632 1093 2721 1163 qui
2746 1102 2844 1156 est,
2869 1102 2915 1145 et
2945 1092 3034 1161 qui
3087 1100 3329 1143 venturus
3357 1098 3429 1140 est
3455 1090 3623 1140 omni-

2050 1188 2228 1248 potens
2259 1179 2348 1234 ille
2382 1180 2445 1235 ¹⁰.
2478 1183 2606 1249 Qua:
2629 1184 2912 1251 perspicue
2935 1184 3001 1237 de
3024 1181 3161 1235 Filio
3178 1183 3451 1242 dicuntur,
3482 1181 3624 1231 sicut

2051 1280 2106 1327 et
2129 1271 2233 1326 alia
2258 1272 2433 1342 plura,
2492 1289 2612 1343 quae
2654 1280 2901 1331 eamdem
2959 1277 3067 1330 vim
3120 1276 3341 1335 habent,
3395 1284 3623 1340 quorum

2054 1359 2188 1423 nihil
2231 1361 2526 1414 ascititium
2551 1369 2655 1425 est,
2693 1374 2792 1414 nec
2839 1359 2999 1423 Filio,
3051 1372 3145 1415 aut
3178 1362 3402 1429 Spiritui
3435 1370 3622 1416 sancto

2046 1451 2318 1518 posterius
2346 1450 2601 1514 accessit,
2633 1450 3085 1521 quemadmodum
3113 1467 3208 1507 nec
3238 1451 3405 1508 Patri.
3435 1452 3621 1521 Neque

2049 1540 2193 1593 enim
2227 1557 2293 1595 ex
2341 1543 2654 1597 accessione
2697 1541 2957 1610 perfectio
2997 1542 3126 1611 ipsis
3171 1554 3481 1612 comparata
3513 1554 3618 1598 est.

1212 1624 1286 1678 Οὐ
1322 1625 1432 1695 γὰρ
1477 1620 1566 1697 ἦν,
1604 1626 1693 1678 ὅτε
1749 1625 1945 1695 ἄλογος

2048 1628 2162 1684 Non
2194 1630 2338 1684 enim
2399 1630 2566 1685 Pater
2595 1632 2757 1686 Verbi
2818 1648 3058 1701 unquam
3106 1648 3300 1701 expers
3336 1635 3470 1697 fuit;
3523 1650 3623 1689 nec

362 1694 462 1787 ἦν·
493 1694 612 1770 οὐδὲ
637 1694 727 1788 ἦν,
760 1717 848 1769 ὅτε
880 1717 939 1770 ού
965 1716 1189 1786 Πατήρ·
1217 1715 1340 1769 οὐδὲ
1363 1694 1449 1788 ἦν,
1481 1694 1570 1770 ότε
1593 1717 1694 1770 οὐκ
1719 1715 1946 1788 ἀληθὴς,

2048 1729 2283 1782 unquam
2320 1713 2420 1769 fuit
2450 1717 2578 1783 quin
2610 1716 2771 1772 Pater
2796 1694 2976 1785 esset;
3006 1734 3109 1774 nec
3137 1694 3368 1789 denique
3386 1694 3619 1790 unquam

272 1828 273 1831 η
364 1802 399 1873 ἢ
438 1804 657 1871 loose;
689 1804 1026 1876 ἢάδυνατος,
1065 1804 1099 1875 ἢ
1130 1804 1278 1875 ζωῆς
1309 1805 1511 1875 ἐνδεὴς,
1552 1805 1586 1877 ἢ
1628 1803 1949 1876 λαμπρότη-

363 1909 474 1958 τος,
512 1893 544 1965 ἢ
570 1892 933 1965 ἀγαθότητος.

563 1983 718 2048 Σὺ,δέ
736 2001 825 2054 μοι
847 1983 1173 2055 καταρίθμει
1195 1983 1333 2056 πρὸς
1350 1980 1541 2047 ταῦτα,
1564 1982 1634 2037 τὰ
1653 1983 1754 2054 τῆς
1774 1984 1949 2053 ἀγνωη

369 2071 606 2145 μοσύνης
765 2076 1006 2146 ῥήματα,
1028 2074 1108 2139 τὸ,
1129 2075 1261 2139 Θεός
1288 2092 1412 2142 μου,
1429 2075 1524 2128 καὶ
1545 2074 1678 2139 Θεὸς
1699 2076 1873 2147 ὑμῶν.
1887 2077 1947 2131 τὸ

368 2165 589 2234 μείζων,
614 2164 674 2218 τὸ
713 2163 913 2231 ἔκτισε,
942 2165 1003 2218 τὸ
1018 2165 1260 2237 ἐποίησε,
1283 2164 1346 2218 τὸ
1375 2164 1622 2236 ἡγίασεν.
1663 2165 1728 2218 Et
1762 2166 1944 2236 βούλει

363 2256 438 2321 δὲ,
473 2255 649 2308 καὶτὸ
668 2255 871 2321 δοῦλον,
900 2256 996 2309 καὶ
1021 2255 1082 2308 τὸ
1108 2249 1375 2326 ύπῆκοονο
1400 2255 1461 2308 τὸ
1483 2254 1702 2323 δέδωκε,
1731 2256 1791 2310 τὸ
1815 2256 1949 2328 ἔμα-

365 2348 444 2406 θε.
478 2349 539 2401 τὸ
572 2348 882 2402 ἐντέταλται
935 2385 953 2410 ,
1094 2348 1154 2402 τὺ
1187 2347 1545 2413 ἀπέσταλται,
1587 2350 1647 2405 τὸ
1677 2349 1752 2421 μὴ
1786 2351 1949 2406 δύνα-

364 2440 489 2493 σθαι
512 2441 605 2508 ἀφ’
629 2439 826 2494 ἑαυτοῦ
859 2458 912 2493 τι
936 2441 1131 2506 ποιεῖν,
1160 2439 1193 2511 ἢ
1231 2439 1428 2508 λέγειν,
1458 2439 1491 2512 ἢ
1523 2442 1749 2510 κρίνειν,
1785 2441 1817 2512 ἢ
1844 2443 1947 2496 δω⁴

367 2531 599 2604 ρείσθαι,
658 2532 691 2602 ἣ
750 2531 1055 2602 βούλεσθαι.
1132 2533 1254 2584 Ἔτι
1315 2532 1373 2585 δὲ
1429 2532 1523 2585 καὶ
1587 2531 1791 2586 ταῦτα’
1847 2533 1947 2597 τὴν

363 2624 605 2692 ἄγνοιαν,
636 2624 733 2695 τὴν
754 2624 1051 2695 ὑποταγὴν,
1074 2623 1173 2694 τὴν
1203 2622 1386 2694 εὐχὴν,
1412 2624 1511 2694 τὴν
1535 2624 1825 2694 ἐρώτησιν,
1849 2626 1946 2696 τὴν

363 2712 665 2784 προκοπὴν,
719 2713 819 2783 τὴν
868 2713 1166 2766 τελείωσιν.
1218 2712 1483 2783 Πρόσθες,
1516 2714 1565 2765 εί
1609 2711 1808 2783 βούλει,
1848 2714 1944 2766 καὶ

361 2805 462 2860 ὅσα
494 2803 700 2859 τούτων
737 2804 1114 2875 ταπεινότερα,
1156 2803 1219 2857 τὸ
1260 2801 1483 2869 ὑπνοῦν,
1529 2802 1592 2857 τὸ
1643 2806 1854 2876 πεινῇν,
1886 2805 1947 2858 τὸ

363 2900 580 2968 κοπιᾷν,
608 2897 670 2950 τὸ
689 2895 969 2967 δακρύειν,
998 2896 1061 2951 τὸ
1082 2896 1322 2966 ἀγωνιᾷν
1351 2930 1367 2956 ,
1470 2942 1481 2955 ,
1508 2894 1570 2948 τὸ
1597 2894 1943 2949 ὑποδύεσθαι.

363 2988 519 3058 Τάχα
549 2987 593 3040 δ’
622 2985 688 3042 ἂν
718 2987 1003 3051 ὀνειδίσαις
1022 2986 1118 3040 καὶ
1145 2987 1238 3039 τὸν
1263 2986 1516 3059 σταυρὸν,
1544 2986 1748 3040 καὶτὸν
1774 2985 1947 3042 θάνα-

362 3095 476 3133 τον.
507 3079 621 3150 Τὴν
657 3077 767 3150 γὰρ
806 3077 1047 3150 ἔγερσιν,
1085 3078 1180 3132 καὶ
1215 3078 1313 3149 τὴν
1359 3076 1628 3149 ἀνάληψιν
1676 3077 1947 3149 παρήσειν

366 3186 456 3241 μοι
489 3170 685 3235 δοκεῖς,
708 3168 890 3240 ἐπειδή
920 3186 975 3222 τι
1004 3168 1259 3239 καὶπρὸς
1289 3167 1447 3239 ὴμῶν
1477 3169 1534 3221 ὲν
1559 3168 1770 3232 τούτοις
1800 3168 1949 3240 εὑρί-

365 3279 577 3316 σκεται.
616 3261 793 3316 Πολλὰ
825 3262 870 3314 δ’
903 3260 970 3314 ἂν
1007 3261 1088 3314 ἔτι
1137 3260 1272 3333 πρὸς
1305 3259 1519 3325 τούτοις
1565 3259 1946 3333 σπερμολογή-

367 3370 507 3419 σαις,
548 3354 598 3406 εἰ
633 3352 842 3423 βούλοιο
879 3351 1183 3405 συντιθέναι
1231 3351 1323 3405 τὸν
1374 3350 1660 3422 ὁμώνυμόν
1864 3364 1949 3401 σοι

365 3445 496 3499 Θεὸν
527 3446 622 3499 καὶ
650 3444 1098 3515 παρέγγραπτον,
1127 3443 1260 3512 ἡμῖν
1301 3441 1359 3496 δὲ
1391 3441 1665 3513 ἀληθινὸν,
1697 3442 1792 3496 καὶ
1815 3442 1947 3513 ὀμό-

363 3554 523 3608 τιμον
578 3535 657 3607 τῷ
702 3533 897 3606 Πατρί.
1066 3532 1284 3586 Τούτων
1306 3531 1416 3604 γὰρ
1594 3532 1847 3600 ἕκαστον,
1881 3532 1942 3586 ού

364 3629 601 3701 χαλεπὸν
630 3628 750 3698 μὲν,
784 3627 879 3681 καὶ
921 3624 1066 3680 κατὰ
1107 3625 1274 3697 μέρος
1316 3623 1602 3691 ἐπεξιόντα
1633 3622 1946 3696 ἐξηγεῖσθαι

366 3736 448 3773 σοι
502 3719 641 3790 πρὸς
679 3718 739 3770 τὸ
785 3716 1193 3782 εὐσεϐέστατον,
1239 3716 1333 3770 καὶ
1372 3714 1759 3786 ἀνακαθαίρειν
1800 3714 1863 3767 τὸ
1887 3715 1945 3767 ὲν

364 3813 477 3875 τοῖς
526 3810 817 3881 γράμμασι
876 3808 1228 3880 πρόσκομμα,
1271 3806 1326 3859 sl.’
1353 3823 1417 3875 γε
1462 3805 1824 3873 προσπταίεις
1857 3804 1944 3858 όν-

364 3919 493 3966 τως,
517 3901 657 3955 ἀλλὰ
680 3900 755 3972 μὴ
792 3897 932 3953 ἑκὼν
963 3900 1310 3970 κακουργεῖς.
1342 3897 1454 3951 Ἑνὶ
1473 3896 1531 3951 δὲ
1555 3894 1855 3966 κεφαλαίῳ,
1877 3896 1946 3949 τὰ

369 3994 469 4064 μὲν
507 3991 813 4063 ὑψηλότερα
844 3989 1089 4061 πρόσαγε
1118 3991 1187 4059 τῇ
1223 3987 1459 4059 θεότητι,
1487 3987 1582 4041 καὶ
1608 3989 1676 4058 τῇ
1699 3986 1946 4058 κρείττο-

365 4102 417 4139 νι
447 4087 607 4154 φύσει
645 4082 835 4137 παθῶν
864 4082 957 4135 καὶ
985 4079 1239 4151 σώματος
1261 4095 1275 4108 ·
1305 4078 1373 4132 τὰ
1397 4077 1455 4131 δὲ
1482 4076 1840 4147 ταπεινότερα
1872 4073 1948 4146 τῷ

368 4178 628 4246 συνθέτῳ,
670 4176 763 4228 καὶ
790 4173 866 4244 τῷ
894 4172 984 4226 διὰ
1017 4172 1078 4225 σὲ
1119 4169 1405 4225 κενωθέντι
1447 4168 1542 4222 καὶ
1581 4165 1938 4238 σαρκωθέντι,

365 4269 516 4323 οὐδὲν
560 4267 615 4322 δὲ
648 4270 827 4339 χεῖρον
856 4267 1053 4330 εἰπεῖν,
1084 4265 1179 4318 καὶ
1212 4261 1662 4334 ἀνθρωπισθέντι,
1689 4256 1808 4314 εἶτα
1844 4261 1940 4315 καὶ

2050 4251 2311 4305 industria
2337 4264 2549 4321 peccas.
2587 4248 2655 4304 Ut
2708 4257 2887 4303 autem

2045 1806 2297 1873 veritate,
2337 1808 2625 1876 sapientia,
2653 1809 2876 1875 viribus,
2901 1809 3034 1875 vita,
3066 1811 3373 1880 splendore,
3404 1822 3495 1865 aut
3525 1812 3621 1866 bo-

2047 1896 2218 1953 nitate
2240 1898 2437 1953 caruit.

2332 1991 2411 2046 Tn
2460 1991 2589 2046 mihi
2645 2001 2862 2055 contra,
2910 1992 3031 2048 illas
3084 1993 3282 2063 ingrati
3330 1993 3496 2047 animi
3543 1993 3619 2046 tui

2045 2095 2212 2137 voces
2245 2097 2527 2148 enumera,
2554 2084 2654 2138 has
2705 2085 2990 2139 videlicet:
3024 2084 3162 2140 Deus
3202 2100 3355 2139 meus
3385 2094 3440 2138 et
3478 2085 3621 2140 Deus

2046 2180 2226 2225 vester
2267 2171 2331 2235 ",
2368 2170 2539 2240 major
2572 2173 2635 2233 ",
2675 2173 2881 2226 creavit
2906 2176 2975 2238 ",
3033 2174 3165 2229 fecit
3206 2177 3268 2239 ιδ,
3312 2173 3621 2228 sanctiﬁca-

2046 2263 2123 2316 vit
2147 2264 2458 2329 ";servum
2491 2267 2532 2299 "
2579 2261 2767 2326 etiam,
2793 2262 2836 2316 si
2856 2262 2926 2316 ita
2945 2261 3112 2327 lubet,
3131 2272 3186 2317 et
3205 2263 3546 2318 obedientem
3577 2261 3616 2291 "

2048 2350 2311 2423 adiunge;
2361 2362 2525 2421 atque
2575 2352 2690 2406 haec
2722 2354 2912 2417 etiam,
2997 2353 3147 2408 dedit
3198 2356 3262 2418 ³⁸,
3318 2351 3507 2407 didicit
3553 2353 3615 2412 ".

2048 2443 2358 2496 mandatum
2387 2450 2472 2495 est
2496 2443 2568 2506 ",
2608 2439 2806 2498 missus
2833 2453 2921 2497 est
2940 2442 2978 2474 "
3021 2461 3037 2498 :
3086 2442 3215 2498 illud
3260 2443 3450 2506 etiam,
3476 2442 3618 2513 quod

2052 2546 2081 2584 a
2104 2531 2282 2599 seipso
2311 2531 2601 2602 quidquam
2639 2530 2822 2587 facere
2853 2547 2958 2587 non
2990 2533 3157 2602 possit
3189 2535 3234 2566 "
3269 2542 3358 2587 aut
3381 2532 3524 2602 loqui
3551 2538 3620 2597 ",

2049 2630 2144 2676 aut
2195 2622 2446 2691 judicare
2488 2621 2560 2689 ",
2597 2631 2690 2677 aut
2728 2622 2932 2679 donare
2954 2623 2999 2654 "
3026 2663 3043 2689 ,
3094 2631 3187 2677 aut
3210 2621 3344 2677 velle
3390 2619 3457 2674 ".
3502 2619 3619 2676 Huc

2047 2714 2184 2768 adde
2210 2714 2627 2783 ignorationem,
2661 2713 3079 2784 subjectionem,
3112 2727 3354 2781 precem,
3388 2712 3624 2767 interro-

2045 2804 2336 2873 gationem,
2360 2804 2689 2874 profectum,
2709 2803 3255 2861 consummationem.
3274 2801 3422 2857 Adde
3432 2802 3622 2868 etiam,

2045 2895 2090 2949 si
2119 2894 2191 2949 ita
2222 2895 2421 2962 placet,
2458 2910 2583 2964 qua:
2613 2895 2697 2950 his
2745 2895 2927 2950 adhuc
2979 2892 3273 2961 abiectiore
3298 2900 3419 2946 sunt
3448 2907 3463 2944 :
3495 2890 3622 2945 Dor-

2046 2985 2183 3040 mire
2216 2987 2280 3049 ",
2304 2987 2516 3042 esurire
2542 2991 2611 3052 ⁸⁸,
2647 2985 2860 3056 fatigari
2893 2986 2959 3051 ",
2994 2984 3286 3055 lacrymari
3333 2983 3398 3049 ³⁸,
3430 2983 3623 3039 mortis

2044 3090 2245 3145 pavore
2298 3075 2439 3131 aﬂici
2485 3077 2560 3142 ⁸³,
2616 3089 2681 3130 ac
2706 3074 2917 3142 deiecto
2969 3075 3153 3130 animo
3182 3089 3322 3130 esse.
3366 3068 3623 3131 Fortasse

2044 3166 2204 3221 etiam
2229 3165 2410 3236 probri
2441 3180 2602 3221 causa
2631 3181 2848 3223 crucem
2875 3181 3090 3237 quoque
3115 3166 3285 3234 ipsam
3311 3175 3365 3220 et
3393 3176 3620 3220 mortem

2043 3256 2292 3326 objicies.
2355 3255 2837 3313 Resurrectionem
2880 3256 3049 3319 enim,
3100 3256 3378 3326 ipsiusque
3412 3256 3466 3309 in
3504 3270 3619 3310 cte-

2044 3346 2153 3402 lum
2207 3349 2607 3413 ascensionem,
2671 3346 2919 3404 consulto
2968 3346 3097 3402 mihi
3158 3346 3621 3418 praetermissurus

2045 3437 2250 3494 videris
2298 3455 2314 3491 :
2360 3440 2616 3509 quoniam
2650 3439 2705 3494 in
2752 3439 2838 3494 his
2887 3438 3187 3508 quidpiam,
3249 3439 3391 3507 quod
3444 3450 3622 3492 causa

2045 3536 2244 3582 nostrae
2268 3526 2467 3595 faveat,
2530 3529 2817 3598 reperitur.
2864 3528 3028 3584 Multa
3077 3529 3242 3582 etiam
3284 3528 3391 3582 alia
3420 3542 3621 3598 conge-

2046 3633 2167 3674 rere
2201 3632 2392 3687 queas,
2434 3619 2478 3673 si
2502 3633 2827 3689 componere
2857 3618 2992 3673 velis
3014 3618 3151 3688 πριιιιί
3163 3632 3350 3671 vocum
3377 3617 3526 3671 illum
3552 3618 3623 3670 de

2044 3716 2135 3761 tua
2165 3709 2439 3760 sententia
2464 3715 2521 3760 et
2547 3706 2907 3775 ascriptitium
2947 3706 3137 3770 Deum,
3186 3712 3245 3757 ut
3287 3712 3467 3757 autem
3510 3704 3614 3771 ipsi

2053 3794 2367 3858 statuimus,
2399 3808 2611 3860 verum,
2641 3793 2901 3862 Patrique
2939 3794 3146 3847 honore
3184 3791 3470 3862 aequalem.
3512 3791 3620 3846 llo-

2045 3900 2164 3939 rum
2195 3883 2341 3938 enim
2369 3885 2798 3954 unumquodque
2826 3883 3106 3954 sigillatim
3131 3882 3402 3952 persequi,
3426 3883 3624 3951 pioque

2049 3989 2209 4030 sensu
2231 3973 2508 4042 explicare
2555 3974 2780 4030 minime
2824 3972 3039 4029 diﬁicile
3069 3981 3171 4038 est,
3200 3983 3361 4042 atque
3397 3971 3624 4026 offendi-

2052 4064 2233 4119 culum
2269 4065 2423 4130 illud,
2459 4065 2601 4135 quod
2632 4065 2684 4119 in
2734 4064 2932 4119 litteris
2961 4064 3201 4128 exsistit,
3250 4076 3542 4133 repurgare
3566 4071 3625 4117 et

2046 4159 2311 4221 eximere,
2344 4158 2391 4212 si
2423 4157 2583 4212 modo
2616 4172 2742 4211 vere
2782 4155 3036 4223 oil‘endis,
3079 4169 3144 4210 ac
3171 4169 3279 4209 non
3340 4154 3519 4223 potius
3554 4155 3629 4209 de

3143 4261 3258 4301 rem
3306 4247 3629 4303 summatim

368 4335 771 4430 ὑψωθέντι,“ἴνα
803 4360 869 4412 σὺ
891 4357 955 4409 τὸ
980 4356 1087 4409 τῶν
1110 4355 1394 4427 δογμάτων
1435 4370 1527 4406 σου
1557 4350 1819 4423 σαρκικὺν
1846 4351 1943 4405 καὶ

2049 4342 2386 4405 contraham,
2423 4340 2526 4395 hoc
2566 4340 2657 4394 tibi
2698 4338 3006 4395 faciendum
3040 4346 3146 4401 est,
3182 4346 3244 4391 ut
3278 4335 3631 4392 sublimiores

367 4452 654 4524 χαμερπὲς
828 4447 1157 4513 καταλύσας,
1198 4446 1381 4519 μάθῃς
1412 4443 1744 4514 ὑψηλότερος
1789 4437 1948 4508 εἶναι,

368 4545 462 4600 καὶ
483 4542 789 4597 συνανιέναι
817 4539 1052 4611 θεότητι,
1074 4539 1169 4592 καὶ
1198 4538 1272 4609 μὴ
1303 4538 1416 4599 τοῖς
1439 4534 1737 4606 ὁρωμένοις
1759 4534 1954 4586 ἐναπο-

370 4635 574 4707 μένοις,
617 4634 754 4688 ἀλλὰ
794 4631 1097 4704 συνεπαίρῃ
1140 4632 1253 4695 τοῖς
1290 4626 1622 4699 νοουμένοις,
1653 4625 1750 4679 καὶ
1788 4622 1950 4694 γινώ-

370 4742 504 4799 σκῃς
536 4767 552 4792 ,
695 4724 781 4790 τίς
811 4724 912 4795 μὲν
945 4722 1160 4793 φύσεως
1328 4720 1506 4789 λόγος,
1557 4716 1642 4782 τίς
1693 4715 1752 4770 δὲ
1794 4714 1950 4784 λόγος

368 4815 697 4886 οἰκονομίας.

2049 4446 2211 4487 voces
2244 4430 2539 4498 divinitati,
2577 4445 2643 4485 ac
2669 4429 2746 4484 illi
2788 4438 3023 4492 naturae,
3050 4428 3388 4497 passionibus
3425 4435 3481 4479 et
3499 4441 3621 4480 cor—

2054 4537 2185 4592 pore
2215 4521 2603 4590 praestantiori,
2640 4519 2903 4575 attribuas
2934 4535 2950 4574 :
2975 4517 3291 4573 humiliores
3310 4532 3458 4582 vero,
3474 4531 3629 4571 coma

2057 4612 2251 4683 posito,
2281 4621 2338 4666 et
2367 4621 2457 4665 tua
2513 4624 2677 4665 causa
2730 4609 2938 4664 inanito
2972 4617 3138 4677 atque
3160 4607 3462 4673 incarnato,
3515 4605 3630 4658 imo

2055 4704 2219 4759 etiam
2277 4702 2409 4775 (non
2442 4702 2587 4757 enim
2615 4702 2796 4757 minus
2830 4698 3110 4755 commode
3154 4698 3257 4752 hoc
3302 4711 3332 4750 a
3366 4710 3452 4750 me
3476 4694 3623 4750 diee-

2058 4794 2166 4862 tnr)
2219 4794 2534 4854 humanato,
2562 4805 2627 4846 ac
2666 4790 2860 4845 deinde
2882 4788 3143 4850 exaltato,
3177 4796 3234 4838 ut
3265 4793 3319 4838 tu
3352 4782 3622 4844 videlicet,

363 4869 574 4971 abiecta
618 4869 722 4954 hac
768 4894 1079 4966 dogmatum
1137 4884 1444 4942 humilitate
1489 4888 1545 4935 et
1582 4875 1857 4941 crassitie,
1903 4874 2382 4971 sublimior-esse,
2433 4872 2707 4971 simulque
2773 4885 2898 4924 cum
2959 4869 3246 4971 divinitate
3273 4869 3632 4971 "ascendere,

366 5011 476 5049 ιιοη
511 5009 542 5048 a

546 5000 693 5046 utem
719 4960 888 5043 rebus
918 4983 975 5037 in
1003 4988 1284 5048 aspectum
1316 4970 1641 5027 cadentibus
1671 4968 2038 5049 inhaerescere
2076 4964 2375 5049 condiscaso
2394 4981 2410 5028 ;
2445 4962 2558 5018 imo
2588 4961 2771 5033 potius
2805 4976 2929 5015 cum
2968 4960 3437 5017 intellectibilibus
3465 4961 3635 5015 rebus

366 5100 642 5157 assurgas,
671 5093 835 5152 atque
861 5075 1149 5147 intelligas,
1177 5086 1302 5142 qua:
1323 5075 1533 5120 naturae
1557 5061 1717 5128 ratio,
1749 5076 1871 5130 quae
1898 5043 2037 5114 ratio
2070 5058 2488 5113 lncarnationis.

442 5281 456 5311 ‘
496 5277 658 5335 Joan.
685 5290 800 5334 xiv.
830 5271 885 5327 6.
959 5273 979 5303 '
1008 5266 1168 5322 Joan.
1203 5278 1298 5335 vn,
1340 5261 1426 5315 12.
1482 5258 1541 5335 μ’
1574 5255 1751 5335 lgor.
1788 5270 1829 5319 ι,
1862 5254 1951 5308 24.

374 5493 422 5523 ⁸⁹
460 5491 619 5549 Joan.
651 5503 728 5546 vt,
759 5484 848 5537 65.

2041 5258 2064 5284 ι

442 5281 456 5311 ¹
496 5277 658 5335 Joan.
685 5290 800 5334 xiv.
830 5271 885 5327 6.
959 5273 979 5303 '
1008 5266 1168 5322 Joan.
1203 5278 1298 5326 vn,
1340 5261 1426 5315 12.
1520 5258 1541 5290 ³
1574 5257 1593 5312 l
1621 5255 1751 5313 Cor.
1788 5270 1829 5319 ι,
1862 5254 1946 5308 24.

369 5351 459 5406 27.
534 5350 554 5380 ⁸
582 5348 722 5401 Gen.
750 5359 867 5406 six,
897 5341 992 5395 ει.
1063 5340 1084 5369 ⁸
1125 5333 1263 5389 Psal.
1301 5346 1452 5406 xciv,
1482 5331 1535 5383 7.
1569 5327 1661 5406 __‘°_
1695 5329 1865 5393 Apoc.
1900 5341 1939 5389 ι,

2048 5258 2064 5284 δ
2091 5250 2237 5307 llebr
2288 5265 2327 5312 ι,
2353 5249 2408 5303 5.
2505 5249 2526 5278 ⁸
2560 5249 2696 5301 Ibid.
2793 5249 2814 5279 °
2842 5249 2971 5317 Sap.
2994 5261 3092 5303 vn.
3122 5249 3156 5297 2

2169 5320 2329 5406 {qn-rt.
2365 5317 2579 5406 xx,nl7.
2606 5319 2706 5406 ηιξ
2732 5318 2888 5373 Joan.
2929 5334 3038 5406 xiv,

539 5396 955 5475 "latices.
1036 5407 1261 5461 H’.ioan.
1299 5402 1496 5476 stati,
1547 5397 1615 5476 _“
1645 5397 1747 5451 lsa.
1778 5412 1910 5476 χιιι,
1955 5396 2002 5476 l_.

925 5462 971 5513 ’δ
1005 5482 1017 5532 l
1053 5478 1183 5533 Cur.
1217 5462 1382 5537 ιν,ἱὸ
1456 5472 1500 5503 ²¹
1539 5466 1697 5522 Juan.
1733 5482 1811 5537 ιχ,
1835 5467 1892 5520 6.
1980 5465 2027 5537 ξι
2055 5465 2303 5537 Joztn._v,
2336 5462 2424 5537 ψ.

2505 5248 2526 5278 ⁸
2560 5245 2696 5301 Ibid.
2793 5249 2814 5279 °
2842 5246 2971 5317 Sap.
2994 5261 3092 5303 vn,
3122 5240 3211 5298 26.
3306 5241 3326 5272 τ
3362 5239 3520 5294 Joan.
3554 5256 3630 5301 Vt,

2505 5317 2579 5364 l7.
2663 5319 2706 5349 “
2732 5318 2888 5364 .Innn-
2929 5334 3037 5364 xw.
3069 5315 3159 5364 28.
3254 5312 3296 5343 ¹⁸
3329 5308 3489 5364 Prov.
3513 5324 3630 5364 Ytll.

2663 5324 2706 5349 "
2732 5324 2888 5373 Joan.
2929 5334 3038 5378 xiv,
3069 5324 3159 5369 28.
3254 5324 3296 5343 "
3329 5324 3489 5364 t'rov.
3513 5324 3631 5372 vin,

2606 5389 2651 5420 "
2679 5389 2837 5443 Joan.
2880 5404 3033 5449 xvnt,
3068 5389 3138 5451 9;
3187 5383 3378 5437 Matth.
3417 5395 3507 5442 ιτ,
3536 5381 3630 5451 ἓξ.

2528 5459 2574 5491 ⁸³
2603 5457 2759 5513 Joan.
2806 5474 2901 5520 χιι,
2933 5458 3021 5511 49.

2096 5395 2139 5426 ¹⁷
2178 5390 2317 5445 Phil.
2361 5406 2423 5453 ιι,
2454 5386 2510 5442 8.
2606 5389 2651 5420 ’⁸
2679 5389 2837 5443 Joan.
2880 5404 3033 5449 xvnt,
3068 5389 3138 5451 9;
3187 5386 3378 5437 Matth.
3417 5395 3507 5442 ιτ,
3536 5386 3630 5437 2'5.

2096 5480 2215 5515 mm.
2252 5477 2303 5515 ν.
2336 5462 2424 5512 19.
2528 5459 2574 5491 ⁸³
2603 5457 2759 5513 Joan.
2806 5474 2901 5515 xu.
2933 5458 3021 5511 49.
3125 5456 3172 5487 ³⁵
3212 5452 3373 5509 Joan.
3398 5465 3517 5515 vnt,
3547 5449 3630 5508 15.

374 5519 416 5523 ’⁷
460 5519 619 5549 auuu.
657 5519 728 5546 υ,
759 5519 848 5537 -ιυ,
1006 5519 1017 5532 ι
1056 5519 1183 5533 νη..
1217 5519 1377 5537 ...,,-
1545 5519 1558 5522 _
1798 5519 1811 5532 ν
1852 5519 1857 5520 γ

370 5564 417 5594 ’⁸
441 5563 605 5615 Marc.
638 5574 692 5621 ι,
714 5556 802 5609 40.
880 5553 926 5585 ’⁸
950 5550 1135 5606 Matth.
1174 5560 1320 5611 xxvr,
1353 5542 1441 5597 59.
1516 5540 1565 5572 ⁸⁷
1600 5536 1795 5593 Matth.
1826 5551 1943 5602 vut,

2053 5519 2073 5595 ,⁷
2142 5538 2187 5567 ’⁸
2221 5519 2415 5585 Mdtth.
2443 5544 2516 5594 IV.
2544 5528 2601 5584 2.
2677 5519 2895 5584 "Joan.
2927 5543 3002 5595 tv,
3034 5526 3089 5581 6.
3178 5525 3226 5558 ³⁸
3245 5524 3404 5580 Joan.
3432 5537 3505 5589 χι,
3541 5519 3634 5577 35,

373 5633 417 5671 ’ί
451 5634 615 5691 Marc.
650 5645 756 5691 xlv,
785 5626 874 5680 55.
