4042 6204
447 185 551 250 595
1688 183 1888 241 EUTll
1903 182 2064 242 ΥΜΙΙ
2106 182 2460 244 ZIGABENI
3575 190 3686 250 505

447 311 569 349 nem
628 308 836 357 creare,
885 291 991 346 alio
1046 299 1227 344 autem
1276 305 1455 343 rerum
1510 291 1754 343 omnium
1791 299 2043 354 creato-7

2115 293 2424 361 παρελθεῖν.
2447 292 2553 344 Καὶ
2589 292 2772 362 μηδεὶς
2806 293 3155 368 ἐπηρεαζέτω
3187 294 3449 366 τῷλόγῳ.
3485 300 3558 351 Οὐ
3576 304 3691 365 γάρ

451 403 563 439 rem
624 386 816 440 Deum.
878 384 1008 450 Quae
1061 385 1226 453 igitur
1275 391 1359 436 est
1411 382 1524 436 haec
1572 383 1731 448 ratio,
1791 391 1848 436 ut
1887 397 2009 436 cum

2114 379 2286 443 οὕτως
2316 384 2380 434 ὲκ
2399 383 2492 434 τοῦ
2523 381 2730 452 Πατρός
2763 399 2904 452 φημι
2932 385 3023 436 τὸν
3049 385 3168 438 Υιὸν
3201 385 3488 456 ὑπάρχειν,
3521 391 3593 450 ὡς
3627 393 3691 441 ὲν

460 481 599 531 Deus
650 479 757 531 alio
818 493 982 546 quam
1053 477 1291 529 humano
1365 489 1518 528 more
1578 482 1846 543 procreet,
1913 475 2013 527 hu-

2116 473 2192 543 τῷ
2228 475 2404 544 ila-:91
2429 475 2693 544 πρότερον
2715 474 2863 542 ὄντα,
2896 477 3035 544 μετά
3057 477 3112 527 δὲ
3153 477 3310 528 τοῦτο
3343 480 3421 538 εἰς
3452 479 3513 531 ea
3537 474 3688 533 εἶναι

457 585 615 621 mann
653 579 830 623 tamen
881 584 1030 622 more
1066 567 1286 636 gignere
1341 567 1606 634 cogatur?
1649 564 1729 619 Tu
1764 565 2008 635 quidem,

2116 566 2432 625 ὁδεύσαντα⁶
2467 567 2587 619 οὐδὲ
2626 567 2732 634 γάρ
2758 567 2923 638 ἀτελῆ
2962 568 3249 638 πρότερον,
3305 564 3425 624 εἶτα
3460 571 3695 639 τέλειον,

452 675 577 713 cum
634 660 785 728 prius
845 675 952 711 non
1016 672 1192 721 esses,
1242 657 1435 710 deinde
1487 657 1663 711 factus
1710 670 1788 719 es,
1823 665 2013 726 postea

1710 670 1788 719 es,
1823 665 2013 726 poslca
2115 656 2303 726 ὥσπερ
2332 658 2492 726 νόμος
2517 657 2618 724 τῆς
2647 658 2918 728 ἡμετέρας
2951 659 3277 727 γεννήσεως.

452 753 662 821 gignis;
698 767 759 804 ac
806 749 1054 819 proinde,
1105 764 1226 802 eum
1277 749 1368 816 qui
1418 763 1522 802 non
1570 759 1707 813 erat,
1752 750 1804 803 in
1848 763 2031 802 rerum
2075 755 2326 801 naturam
2373 747 2652 816 producis.
2701 751 2826 812 Aut,
2877 758 2934 802 ut
2984 749 3310 818 profundius
3359 752 3566 823 aliquid
3606 754 3696 806 di-

449 863 593 910 cam,
625 845 856 898 fortasse
912 858 978 896 ne
1025 845 1143 911 ipse
1194 842 1413 904 quidem
1464 858 1527 896 ex
1565 843 1737 896 nihilo
1781 843 2071 911 producis;
2104 840 2548 911 quandoquidem
2580 847 2634 894 et
2690 840 2842 905 Levi,
2878 849 2938 896 ut
2980 841 3070 896 ille
3109 843 3206 908 ait,
3239 843 3421 898 adhuc
3462 845 3516 898 in
3543 845 3693 898 lum-

452 945 536 998 his
584 942 754 1012 patris
802 951 941 1004 crat,
999 950 1298 1010 antequam
1351 941 1404 994 in
1455 940 1630 995 lucem
1687 941 1928 1008 prodiret
1975 941 2015 995 ⁸.
2047 939 2159 994 Nec
2219 952 2349 993 vero
2377 937 2670 1008 quisquam
2719 939 2845 992 huic
2895 938 3126 994 orationi
3177 939 3504 994 calumniam
3551 956 3694 994 con-

450 1038 562 1089 llet.
597 1033 715 1088 Non
747 1035 890 1088 enim
937 1034 1131 1088 Filium
1181 1034 1252 1087 ita
1295 1048 1361 1087 ex
1392 1033 1552 1088 Patre
1591 1034 1854 1088 exsistere
1918 1033 2065 1098 dico,
2102 1031 2257 1102 quasi
2291 1032 2346 1084 in
2392 1030 2552 1086 Patre
2595 1032 2747 1100 prius
2776 1031 2997 1100 quidem
3055 1030 3243 1093 fuerit,
3270 1040 3460 1100 postea
3493 1041 3687 1086 autem

449 1136 507 1188 in
531 1146 652 1185 esse
703 1130 990 1198 prodierit.
1024 1127 1210 1198 Neque
1250 1130 1396 1182 enim
1446 1128 1822 1198 imperfectum
1859 1128 2029 1196 prius,
2070 1142 2134 1180 ac
2185 1136 2373 1194 postea
2424 1125 2727 1195 perlectum
2771 1125 2916 1188 dico,
2956 1124 3413 1194 quemadmodum
3456 1125 3561 1179 fert
3595 1127 3684 1181 lex

453 1237 656 1280 nostra:
689 1225 1083 1295 generationis.

519 1320 645 1374 Ηίεο
716 1326 843 1370 sunt
915 1331 1126 1379 eorum,
1191 1314 1282 1382 qui
1341 1314 1734 1368 obtrectatione
1801 1323 1856 1368 et
1920 1330 2014 1367 ca-

2195 1312 2378 1365 Ταῦτα
2430 1312 2536 1368 τῶν
2611 1311 3028 1383 ἐπηρεαζόντων
3088 1311 3257 1364 ἐστίν’
3327 1309 3503 1364 ταῦτα
3580 1308 3696 1361 τῶν

448 1408 677 1464 luutniis
710 1407 944 1474 gaudent
972 1423 984 1458 :
1010 1409 1121 1458 haec
1148 1420 1359 1465 eorum,
1392 1406 1482 1473 qtti
1510 1404 1774 1458 adversus
1830 1406 2011 1457 omnia

2120 1406 2506 1476 ἐπιπηδῶντων
2535 1407 2835 1476 προχείρως
2861 1406 2994 1458 πᾶσι
3013 1405 3123 1466 τοῖς
3141 1404 3473 1471 λεγομένοις.
3499 1399 3696 1470 Ἡμεῖς

448 1519 571 1572 quae
605 1502 862 1556 dicuntur
912 1509 1158 1570 prompte
1222 1498 1492 1551 insiliunt.
1540 1497 1651 1551 Nos
1694 1504 2014 1560 autemnon

2120 1497 2176 1551 δὲ
2206 1498 2302 1564 οὐχ
2333 1497 2473 1549 οὕτω
2516 1494 2841 1566 φρονοῦμεν,
2882 1496 2977 1565 οὐχ
3019 1493 3164 1547 οὕτω
3209 1493 3528 1562 δοξάζομεν·
3577 1492 3694 1547 ἀλλ’

451 1597 525 1649 ita
552 1595 843 1654 sentimus.
875 1608 981 1646 non
1030 1595 1100 1644 ita
1132 1606 1420 1646 censemus
1452 1608 1467 1643 :
1501 1606 1688 1644 verum
1724 1591 1826 1644 hoc
1856 1592 2014 1643 doce-

2120 1587 2257 1656 ὁμοῦ
2289 1587 2364 1657 τῷ
2400 1588 2491 1640 τὸν
2519 1589 2734 1659 Πατέρα
2757 1582 2894 1639 εἴναι
2955 1588 3268 1657 ἀγεννήτως
3322 1586 3432 1656 (isi
3491 1585 3546 1636 δὲ
3601 1580 3690 1654 ἦν,

451 1703 591 1752 mus,
637 1697 689 1739 et
723 1685 1060 1754 proﬁtemur,
1095 1684 1237 1752 quod
1283 1683 1446 1737 simul
1491 1690 1653 1751 atque
1681 1681 1838 1735 Pater
1869 1682 2017 1750 inge-

2092 1704 2093 1714 ι
2128 1683 2225 1750 ούχ
2277 1681 2609 1749 ὑπερπίπτει
2663 1681 2772 1749 γὰρ
2810 1680 2892 1742 εἰς
2940 1679 3002 1732 τὸ
3035 1679 3108 1749 μὴ
3137 1675 3275 1731 εἶναι
3308 1694 3435 1730 ποτε
3461 1682 3490 1733 ὁ
3517 1675 3688 1751 νοῦς),

454 1778 567 1831 nito
591 1777 752 1830 modo
785 1784 904 1830 erat
930 1777 1163 1845 (semper
1189 1785 1370 1828 autem
1405 1782 1543 1837 erat,
1583 1787 1680 1827 nec
1720 1774 1863 1826 enim
1891 1787 2016 1826 eum

2125 1773 2218 1826 καὶ
2272 1775 2298 1824 ὁ
2333 1767 2548 1842 1⁸ἱὸςῆν
2575 1771 2872 1841 γεννητῶς.
2925 1771 3086 1823 Ὥστε
3127 1770 3407 1840 συντρέχει
3463 1770 3522 1824 τὺ
3554 1768 3686 1826 εἶναι

449 1866 747 1935 aliquando
781 1880 887 1917 non
934 1863 1104 1918 fuisse
1133 1864 1372 1933 concipit
1413 1878 1568 1916 meus
1597 1875 1807 1925 nostra,
1843 1877 2016 1931 quan-

2122 1861 2216 1916 τοῦ
2243 1861 2451 1932 Πατρδς
2473 1861 2552 1931 τῷ
2577 1861 2937 1931 γεγεννῆσθαι
2976 1861 3068 1915 τοῦ
3104 1859 3462 1927 Μονογενοῦς,
3518 1862 3572 1928 ἐξ
3593 1863 3684 1914 αύ-

453 1960 655 2012 tuinvis
701 1972 759 2010 se
792 1957 1056 2011 altissime
1097 1955 1328 2025 cﬂ'crat),
1373 1965 1427 2010 et
1460 1953 1634 2009 Filius
1666 1969 1885 2024 quoque
1921 1969 2017 2024 per

2122 1953 2216 2008 τοῦ
2243 1972 2301 2006 τε
2349 1955 2712 2025 ὑπάρχοντος,
2777 1955 2872 2008 καὶ
2908 1955 2969 2008 οὐ
3031 1954 3150 2024 μετ’
3170 1955 3353 2018 αὑτὸν,
3402 1955 3434 2024 ἢ
3484 1955 3678 2026 ἐπινοίᾳ

452 2051 856 2120 generationem
904 2056 1054 2112 erat;
1082 2047 1156 2101 ita
1189 2056 1246 2100 ut
1284 2044 1466 2100 Patris
1501 2045 1742 2101 essentia
1779 2059 2016 2098 concur-

2127 2049 2262 2118 μόνῃ
2291 2049 2354 2115 τῇ
2385 2047 2483 2113 τῆς
2516 2047 2710 2116 ἀρχῆς
2742 2046 2918 2116 ἀρχῆς
2941 2046 3020 2108 δὲ,
3079 2046 3152 2109 ὡς
3184 2046 3382 2101 αἰτίου.
3427 2046 3682 2108 Πολλάκις

453 2152 538 2196 rat
575 2158 699 2196 cum
738 2141 1013 2210 Unigcniti
1041 2140 1412 2209 generatione,
1445 2140 1535 2208 qui
1555 2154 1618 2192 ex
1654 2139 1771 2206 ipso
1797 2137 2015 2207 quidem

2121 2140 2231 2207 γάρ
2253 2137 2344 2190 τὸν
2397 2137 2558 2190 αὐτὸν
2595 2139 2920 2207 άναστρέφω
2953 2138 3134 2205 λόγον,
3171 2137 3234 2190 τὸ
3268 2140 3413 2208 παχύ
3471 2153 3566 2190 σου
3601 2141 3689 2192 καὶ

459 2245 564 2297 est,
600 2249 708 2287 non
742 2241 922 2285 autem
959 2243 1080 2300 post
1103 2231 1300 2300 ipsum.
1333 2239 1425 2283 aut
1449 2229 1638 2284 saltem
1671 2229 1781 2282 sola
1815 2228 2015 2298 princi-

1488 2229 1638 2282 altem
1671 2229 1781 2282 sola
1815 2228 2015 2298 princi-
2125 2227 2309 2281 ὑλικὸν
2346 2228 2442 2296 τῆς
2469 2230 2707 2296 διανοίας
2729 2228 3084 2299 φοϐούμενος.

457 2325 533 2390 pii
559 2323 904 2393 cogitatione.
944 2319 1273 2387 Principium
1311 2334 1437 2372 vero
1479 2321 1563 2373 hic
1593 2335 1688 2387 pro
1719 2333 1882 2373 causa
1916 2317 2144 2387 accipio.
2179 2317 2471 2374 identidem
2503 2320 2648 2374 enim
2691 2319 2882 2376 eadem
2909 2322 3071 2375 verba
3104 2330 3307 2390 repeto,
3337 2333 3395 2376 ut
3423 2324 3590 2384 animi
3618 2333 3690 2376 tut

451 2415 766 2473 hebetudini
798 2423 852 2469 et
889 2412 1153 2468 crassitiei
1188 2426 1489 2465 occurram.

746 2504 998 2573 Ejusdem
1039 2517 1104 2556 ex
1147 2501 1382 2554 oratione
1407 2516 1442 2554 ιι
1474 2503 1536 2553 de
1569 2518 1717 2568 pace.
2310 2505 2342 2556 7

2310 2502 2420 2558 Τοῦ
2451 2501 2639 2556 αὑτοῦ
2671 2503 2741 2556 ἐκ
2771 2503 2878 2556 τοῦ
2898 2504 2962 2568 ,β’
2989 2504 3294 2572 εἰρηνικοῦ
3319 2506 3516 2574 λόγου.

523 2597 713 2668 Magno
758 2595 874 2656 tibi,
909 2603 1070 2662 atque
1109 2591 1244 2645 adeo
1303 2591 1539 2642 maximo
1603 2590 1793 2643 honori
1848 2588 2025 2652 ducis,

2213 2591 2375 2647 Ἀλλά
2404 2594 2487 2646 σοὶ
2515 2593 2616 2664 μὲν
2646 2595 2726 2658 εις
2757 2594 2920 2665 τιμὴν
2970 2596 3111 2663 μέγα
3143 2597 3235 2650 καὶ
3271 2596 3520 2666 μέγιστον
3542 2599 3572 2651 ὁ
3605 2600 3697 2664 σὶς

453 2690 596 2760 quod
637 2689 804 2742 lilium
850 2685 1070 2745 habeas,
1111 2698 1282 2750 eoque
1324 2681 1515 2747 magis,
1545 2681 1589 2734 si
1639 2681 1810 2748 patris
1849 2697 2027 2736 mores

2126 2684 2263 2748 υἱὸς,
2293 2687 2387 2738 καὶ
2430 2683 2672 2755 τοσούτῳ
2727 2686 2948 2756 μᾶλλον.
2981 2686 3092 2756 ὅσῳ
3146 2703 3253 2757 περ
3303 2687 3369 2741 ἂν
3404 2690 3471 2742 τὰ
3517 2692 3699 2742 πὶντα

451 2795 506 2836 et
544 2782 772 2849 eﬂigiem
832 2788 888 2832 ut
924 2792 1046 2831 vera
1089 2775 1267 2842 imago
1303 2774 1553 2825 omnibus
1600 2775 1884 2842 exprimat,
1930 2789 2028 2828 nec

2128 2777 2414 2848 πατρώζῃ,
2447 2777 2540 2829 καὶ
2566 2775 2849 2846 χαρακτὴρ
2940 2779 3161 2846 γνήσιος
3196 2777 3292 2830 τοῦ
3317 2781 3697 2849 γεννήσαντος,

455 2876 500 2928 si
561 2873 720 2926 detur
767 2869 937 2937 optio,
1017 2866 1175 2920 malis
1240 2865 1436 2918 habere
1499 2866 1685 2917 decem
1743 2878 2020 2918 servorum

2131 2873 2225 2924 xui
2253 2870 2352 2922 οὐκ
2385 2869 2451 2922 ἂν
2480 2868 2656 2932 δέξαιο
2693 2869 2899 2938 μυρίων
2928 2870 3280 2939 ἀνδραπόδων
3320 2866 3459 2924 εἶναι
3506 2874 3702 2926 δεσπό-

455 2964 642 3029 millia,
686 2977 845 3031 quam
882 2959 1041 3012 unius
1111 2971 1235 3011 esse
1291 2955 1381 3008 lilii
1451 2966 1626 3024 pater,
1695 2967 1748 3008 et
1812 2957 1862 3008 in
1919 2955 2026 3008 Deo

2127 2980 2226 3034 της
2254 2961 2457 3031 μᾶλλον
2486 2962 2518 3030 ἢ
2549 2961 2668 3018 ἑνὸς
2701 2963 2982 3032 γεννήτωρ
3015 2963 3228 3027 παιδὸς,
3253 2965 3330 3034 τῷ
3353 2965 3472 3034 Θεῷ
3492 2966 3548 3018 δὲ
3575 2967 3704 3020 ἄλλο

456 3057 630 3125 majus
658 3052 860 3121 aliquid
893 3047 1229 3118 Opinaheris,
1262 3061 1424 3114 quam
1454 3046 1593 3114 quod
1635 3046 1704 3101 sit
1735 3045 1893 3099 unius
1936 3063 2029 3113 ge-

2127 3071 2178 3106 τι
2215 3054 2400 3122 μεῖζον
2443 3053 2477 3122 ἢ
2535 3053 2664 3105 Υἱοῦ
2715 3054 3001 3123 τυγχάνειν
3057 3053 3300 3124 Πατέρα,
3341 3055 3370 3107 ὃ
3414 3057 3704 3126 προσθήκη

456 3147 600 3200 nitor
632 3142 774 3208 Filii,
810 3140 900 3210 qui
931 3139 1157 3209 gloriam
1225 3137 1300 3190 illi
1346 3152 1454 3190 non
1511 3137 1718 3200 adimit,
1775 3135 1869 3190 sed
1935 3137 2030 3188 ad-

2128 3146 2286 3214 δόξης
2337 3147 2512 3212 ἐστὶν,
2563 3146 2660 3215 οὐχ
2716 3145 3018 3215 ὑφαίρεσις,
3057 3145 3132 3208 ὡς
3185 3145 3241 3196 δὲ
3291 3146 3387 3200 καὶ
3434 3148 3703 3216 προϐολέα

451 3236 649 3308 jungit,
682 3235 934 3304 quodque
975 3230 1042 3284 ah
1064 3245 1126 3285 eo
1167 3231 1423 3298 procedat
1482 3228 1713 3294 Spiritus
1773 3228 2030 3280 sanctus?

2131 3239 2446 3307 Πνεύματος
2467 3256 2484 3305 ;
2508 3239 2577 3290 Ἢ
2602 3238 2836 3304 ἀγνοεῖς,
2869 3239 2948 3290 ὃτι
2981 3237 3044 3290 σὺ
3079 3236 3177 3306 μὲν
3199 3237 3513 3306 κτισμάτων
3537 3239 3703 3301 τιθεὶς

455 3329 643 3384 Nonne
695 3323 1105 3388 animadvertis,
1168 3331 1245 3387 te,
1281 3323 1404 3375 dum
1478 3336 1660 3374 rerum
1723 3329 2029 3374 creatarum

2133 3330 2327 3401 ἀρχὴν,
2365 3332 2463 3400 τὴν
2498 3328 2672 3402 ἀρχὴν
2727 3329 2870 3397 λέγω
2911 3329 2968 3381 δὲ
3016 3328 3148 3381 Υἱοῦ
3207 3329 3303 3381 καὶ
3356 3330 3702 3399 Πνεύματος,

458 3418 778 3488 principium
815 3414 1030 3477 statuis,
1072 3427 1267 3482 nempe
1302 3410 1423 3465 Filii
1456 3424 1510 3466 et
1573 3410 1829 3480 Spiritus,
1892 3427 2030 3480 quos

2133 3423 2258 3476 οὗτε
2295 3423 2394 3493 τὴν
2421 3423 2596 3492 ἀρχὴν
2625 3423 2814 3491 τιμᾷς,
2847 3421 2941 3474 καὶ
2973 3420 3263 3490 ἀτιμάζεις
3303 3421 3370 3472 τὰ
3402 3420 3458 3486 ἐξ
3493 3421 3665 3488 αὐτῆς
3687 3436 3706 3454 ·

456 3523 670 3568 creatos
708 3524 828 3564 esse
877 3505 1184 3567 contendis,
1212 3519 1310 3559 nec
1355 3504 1679 3574 principium
1744 3503 2030 3567 honorare,

2131 3516 2232 3586 τὴν
2269 3515 2388 3584 μὲν,
2415 3516 2496 3568 ὅτι
2549 3515 2762 3583 μικρῶν
2807 3512 3046 3580 εἰσάγεις
3083 3511 3180 3582 τὴν
3214 3513 3409 3580 ἀρχὴν,
3449 3513 3546 3564 καὶ
3579 3514 3710 3565 ἀνασ-

457 3617 511 3659 ct
541 3621 602 3658 ea
637 3618 756 3672 qua:
786 3617 848 3654 ex
886 3601 1002 3669 ipso
1033 3603 1246 3652 exstant
1301 3596 1584 3665 principio,
1655 3594 1866 3650 allicere
1897 3610 2031 3650 con-

2135 3608 2255 3672 ξίαν
2295 3607 2570 3678 θεότητος,
2609 3607 2676 3659 τὰ
2731 3607 2787 3658 δὲ
2821 3607 2904 3661 ὅτι
2948 3602 3139 3674 μικρά,
3174 3603 3267 3654 καὶ
3319 3604 3393 3672 μὴ
3434 3604 3709 3670 actia-pata

461 3695 720 3750 tumelia?
748 3692 882 3746 Illud
921 3691 1162 3760 quidem,
1213 3687 1470 3756 quoniam
1504 3702 1709 3747 rerum,
1741 3701 1860 3756 quae
1910 3702 2033 3754 par-

2140 3700 2320 3769 μόνον,
2338 3699 2474 3751 ἀλλὰ
2501 3700 2594 3751 καὶ
2617 3697 2832 3752 πάντων
2856 3696 3171 3765 κτισμάτων
3191 3696 3360 3755 ποιεῖς
3385 3695 3706 3763 ἀτιμότερα,

458 3810 558 3852 me,
595 3805 693 3843 nec
719 3787 853 3842 satis
881 3786 1060 3839 divina
1130 3781 1412 3852 majestate
1459 3792 1585 3835 sunt
1626 3780 1821 3850 dignm,
1888 3780 2036 3850 prin-

2138 3790 2255 3859 si’7s
2281 3791 2484 3844 τούτων
2509 3789 2739 3857 ὑπέστη,
2757 3789 2849 3840 καί
2875 3802 3025 3850 ποτε,
3046 3785 3234 3852 ὥσπερ
3251 3785 3461 3852 ὄργανα
3491 3785 3714 3854 τεχνίτῃ

460 3883 656 3951 tipium
693 3880 890 3934 asscris
923 3895 935 3931 :
985 3876 1103 3930 illos
1144 3890 1289 3939 vero,
1324 3873 1579 3944 quoniam
1607 3883 1660 3927 et
1691 3887 1881 3942 parvos
1939 3873 2037 3924 lin-

2143 3886 2247 3953 πρῦ
2281 3883 2387 3936 τῶν
2416 3880 2673 3951 τεχνιτῶν
2696 3883 2959 3949 πρότερον
2986 3879 3088 3930 οὐκ
3117 3876 3264 3939 ὂντα,
3295 3875 3403 3928 οὐδ’
3449 3877 3513 3927 ἂν
3533 3876 3714 3938 ἄλλως

460 3975 564 4042 gis,
601 3984 653 4027 et
694 3987 800 4026 non
859 3970 1032 4023 solum
1069 3976 1300 4031 creatos,
1379 3981 1566 4022 verum
1639 3965 1799 4019 etiam
1855 3979 2032 4017 rerum

2144 3979 2436 4047 γενόμενα,
2465 3978 2513 4028 εἰ
2539 3977 2613 4046 μή
2643 3993 2696 4028 τι
2725 3975 2907 4027 κτίσαι
2933 3973 3001 4024 δι’
3031 3970 3207 4024 αὐτῶν
3251 3968 3526 4039 ὴὸουλήθη
3555 3970 3710 4034 Θεὸς,

462 4065 737 4128 onminm,
797 4075 915 4130 qua:
983 4069 1179 4113 creata:
1243 4066 1407 4120 sunt,
1468 4056 1900 4124 ahjectissitnos?
1978 4055 2034 4109 Si

2138 4071 2212 4134 ὡς
2261 4070 2360 4123 ούκ
2388 4067 2686 4137 ἀρκοῦντος
2721 4065 2814 4119 τοῦ
2862 4065 3150 4134 βούλεσθαι
3176 4080 3191 4129 ;
3219 4063 3332 4115 Πᾶν
3365 4061 3472 4130 γάρ
3512 4061 3542 4113 ὃ
3569 4061 3714 4122 τινὸς

462 4154 682 4220 quidem
717 4161 768 4204 et
798 4165 982 4203 earum
1009 4162 1190 4210 causa,
1228 4155 1281 4198 ct
1349 4147 1400 4199 in
1450 4158 1711 4213 tempore.
1781 4154 2033 4213 tanquam

2141 4164 2346 4224 ἕνεκεν,
2383 4161 2710 4229 ἀτιμότερον
2755 4156 2984 4221 ἐκείνου,
3015 4155 3084 4208 δι’
3122 4154 3149 4205 δ
3177 4154 3526 4222 γεγέννηται.
3569 4152 3717 4218 Ἐγὼ

463 4246 822 4296 instrumenta
885 4238 1076 4292 artilici
1135 4245 1260 4291 ante
1334 4249 1419 4291 res
1471 4252 1605 4305 quas
1662 4251 1726 4289 ex
1777 4246 1892 4288 arte
1960 4234 2039 4287 fa-

2138 4255 2194 4308 δὲ
2228 4255 2480 4324 θεότητος
2504 4252 2677 4323 ἀρχὴν
2711 4251 2948 4318 εἰσάγων
2981 4250 3230 4318 ἄχρονον,
3263 4247 3357 4298 καὶ
3383 4244 3715 4313 ἀχώριστον,

463 4345 651 4389 cturus
709 4342 979 4394 est,cum
1026 4329 1171 4399 prius
1231 4343 1336 4383 non
1391 4339 1609 4393 essent,
1642 4328 1709 4380 oh
1765 4328 1815 4381 id
1873 4328 2039 4381 exsti-

2144 4307 2246 4399 και
2269 4307 2553 4414 ἀόριστον,⁸
2702 4359 2761 4394 τε
2809 4307 2983 4410 ἀρχὴν
3217 4307 3334 4389 ⁷καὶ
3506 4307 3580 4386 ’ὲκ
3614 4337 3716 4400 τῆς

465 4437 692 4489 terunt,
727 4434 782 4476 ut
837 4439 931 4492 per
983 4422 1073 4475 illa
1129 4429 1342 4475 crearet
1393 4428 1447 4474 et
1516 4421 1741 4483 faceret,
1801 4419 1844 4472 si
1905 4419 2034 4489 quid

2137 4433 2312 4503 ἀρχῆς
2369 4434 2602 4499 ἐπίσηςο
2635 4431 2732 4500 τὴν
2778 4430 2896 4500 μὲν,
2938 4430 3020 4481 ὅτι
3043 4428 3298 4481 τοιούτων
3322 4425 3485 4495 ἀρχὴ,
3511 4425 3581 4477 τὰ
3631 4423 3716 4489 δὲ,

466 4517 633 4572 vellet
666 4517 826 4579 Deus,
858 4523 1112 4582 tanquam
1145 4513 1212 4564 ad
1252 4511 1303 4563 id
1358 4512 1722 4579 prmslundum
1783 4515 2037 4564 voluntas

2137 4525 2218 4576 ὃτι
2249 4522 2409 4584 οὕτω,
2464 4523 2558 4575 καὶ
2598 4521 2844 4586 τοιαῦτα,
2898 4519 2992 4572 καί⁵
3044 4520 3108 4570 εκ
3141 4517 3406 4579 τοιούτου,
3462 4516 3599 4584 μήτε
3637 4516 3717 4585 τῷ

465 4615 581 4678 ejus
663 4627 766 4665 non
831 4615 976 4662 esset
1051 4605 1203 4659 satis.
1267 4603 1536 4672 Quidquid
1609 4604 1752 4656 enim
1819 4602 2040 4656 alterius

2144 4615 2292 4678 ποτὲ,
2327 4612 2468 4682 μήτε
2500 4615 2566 4682 τῇ
2615 4612 2790 4680 φύσει,
2822 4613 2960 4682 μήτε
2987 4610 3064 4680 τῷ
3106 4609 3290 4678 σεπτῷ
3331 4609 3712 4676 διειργόμενα.

464 4720 624 4758 causa
699 4704 776 4763 lit.
838 4716 901 4753 eo
958 4697 1108 4765 cujus
1168 4696 1225 4749 lit
1299 4695 1510 4765 gratia,
1562 4695 1717 4747 vilius
1772 4704 1825 4746 et
1884 4693 2039 4748 dete-

2143 4707 2200 4758 ἓν
2227 4705 2357 4758 ὂντα
2387 4704 2754 4775 διῃρημένως,
2786 4705 2880 4756 καὶ
2928 4702 3288 4771 διαιρούμενα
3322 4698 3711 4768 συνημμένως,

468 4802 580 4854 rius
629 4808 731 4852 esl.
783 4793 894 4863 Ego
924 4807 1072 4856 vero,
1124 4789 1216 4859 qui
1265 4788 1561 4842 divinitatis
1603 4787 1925 4855 principium
1970 4790 2039 4844 ita

2144 4797 2192 4848 sl
2219 4795 2312 4850 καὶ
2346 4794 2646 4863 παράδοξον
2692 4793 2854 4846 τοῦτο
2888 4793 3082 4854 εἰπεῖν,
3112 4792 3210 4860 οὐχ
3249 4786 3413 4861 ἦττον
3446 4795 3716 4850 exstinxi

471 4891 851 4951 constituo,ttt
909 4885 1028 4940 sine
1076 4893 1319 4952 tempore
1349 4881 1442 4947 sit,
1473 4895 1570 4934 nec
1624 4881 1891 4948 separari,
1951 4892 2044 4936 aut

2140 4887 2239 4955 τῆς
2287 4887 2422 4956 πρὸς
2460 4885 2664 4954 άλληλα
2719 4884 2981 4954 σχέσεως,
3030 4883 3063 4954 ἢ
3116 4882 3239 4935 καθ’
3274 4883 3432 4934 ἑαυτὸ
3480 4885 3714 4937 ἕκαστον

464 4983 573 5035 ullo
611 4980 840 5035 termino
873 4971 1244 5030 circumscribi
1294 4983 1479 5043 queat,
1514 4981 1568 5027 et
1606 4973 1956 5041 principium,
1987 4983 2041 5028 et

2140 4978 2432 5042 νοούμενὸν
2460 4993 2520 5031 τε
2557 4978 2652 5030 καὶ
2699 4977 3136 5046 λαμϐανόμενον,
3167 4975 3371 5043 Τριάδα
3402 4975 3617 5028 τελείαν
3649 4980 3712 5030 ἐκ

460 5093 520 5127 ca
564 5088 682 5143 qua:
719 5087 784 5126 ex
829 5071 948 5137 ipso
988 5068 1255 5120 exsistunt
1280 5065 1572 5136 principio,
1612 5063 1821 5134 pariter
1870 5068 2037 5120 hono-

2136 5071 2360 5124 τελείων
2389 5070 2579 5140 τριῶν,
2609 5070 2836 5139 μονάδος
2870 5069 2972 5137 μὲν
3003 5068 3320 5136 κινηθείσης
3343 5068 3430 5120 διὰ
3457 5068 3518 5118 τὸ
3540 5068 3712 5121 πλού·-

461 5183 516 5219 te
546 5178 866 5234 prosequor.
901 5159 1056 5224 Illud,
1093 5160 1218 5228 quia
1274 5158 1460 5210 talium
1523 5159 1846 5227 principium
1912 5163 2024 5228 sit;

2141 5180 2274 5228 σιον,
2319 5163 2509 5224 δυάδος
2555 5163 2611 5214 δὲ
2654 5161 3054 5232 ὑπερσαθεισης
3080 5178 3093 5190 ·
3136 5161 3273 5228 ὑπὲρ
3303 5159 3410 5227 γὰρ
3439 5160 3540 5227 τὴν
3577 5161 3711 5227 ὕλην

461 5259 574 5308 luec
603 5253 746 5324 quod
781 5252 854 5305 ita
894 5252 1022 5314 sint,
1058 5257 1110 5301 et
1139 5246 1288 5310 talia,
1325 5259 1380 5300 et
1441 5261 1501 5298 cx
1569 5246 1680 5309 tali,
1726 5263 1825 5299 nec
1879 5257 2018 5301 tent-

2139 5253 2234 5304 καὶ
2275 5253 2336 5306 τδ
2360 5248 2498 5316 εἶδος
2523 5255 2580 5318 ἐξ
2606 5247 2682 5306 ὧν
2720 5254 2791 5305 τά
2815 5251 3044 5320 σώματα
3063 5267 3078 5284 ο
3113 5251 3343 5320 Τριάδος
3375 5251 3432 5302 δὲ
3462 5250 3711 5316 ὁρισθεί-

456 5362 606 5414 p'ire.
630 5361 728 5400 nec
745 5353 961 5410 natura,
982 5355 1080 5394 nec
1101 5339 1386 5410 majestate
1403 5337 1688 5405 disjuncta,
1710 5341 1802 5392 sed
1820 5340 2030 5409 (qnam-

2141 5359 2240 5410 σης
2264 5342 2349 5395 διὰ
2382 5342 2440 5394 τὸ
2471 5344 2694 5396 τέλειον.
2731 5343 2927 5413 Πρώτη
2977 5343 3084 5409 γὰρ
3137 5341 3461 5410 ὑπερὸαίνει
3513 5340 3707 5402 δυάδος

450 5441 535 5493 vis
561 5439 663 5490 hoc
704 5436 777 5492 sit
810 5432 1148 5504 admirabile)
1176 5434 1248 5489 ita
1289 5447 1475 5498 unum,
1511 5438 1567 5485 ut
1599 5431 1852 5487 distincta
1875 5432 1982 5487 sint
2010 5447 2024 5486 :

2139 5431 2405 5500 σύνθεσιν,
2439 5431 2525 5485 ἴνα
2554 5433 2692 5503 μήτε
2723 5433 2884 5503 στενὴ
2929 5415 3070 5505 μένῃ
3114 5432 3148 5501 ἡ
3193 5432 3408 5500 θεότης,
3451 5430 3592 5500 μήτε
3627 5430 3704 5492 εἰς

525 5573 538 5604 ί
564 5571 734 5632 llehr.
751 5587 846 5638 vn,
888 5571 975 5633 ιο.
