4094 6204
443 384 545 447 5ἷῖ

1424 390 1803 452 ΡΑΝΟΡΜΛ
1843 393 2299 459 DOGMATICA.
2322 422 2391 435 ·--
2422 398 2569 459 ΤΙΤ.
2606 398 2714 458 XI.

3587 408 3690 471 5'78

442 501 812 566 ταπεινότητι,
846 497 877 568 ἦ
910 497 1029 569 Θεῷ
1062 496 1360 569 πλαιῆναι,
1397 504 1490 554 καὶ
1515 503 1920 570 γενέσθαιΘεδν
1950 508 2016 560 ἐκ

2126 524 2237 579 qua:
2264 524 2379 577 eos,
2410 511 2557 579 quia
2592 521 2818 579 peccato
2866 509 3278 579 detinebantur,
3329 516 3382 569 in
3452 518 3683 576 salutem

442 592 540 657 τῆς
570 590 792 660 μίξεως,
828 593 923 643 καὶ
953 591 1208 644 τοσοῦτον
1240 595 1638 663 ὲπισκεφθῆναι
1676 597 1932 668 ’Δνατολῇ
1965 600 2024 665 ἐξ

443 682 635 753 ὕψους,
657 683 798 736 ὥστε
827 683 1005 736 καὶτὸ
1039 684 1377 753 γεννώμενον
1412 688 1567 753 ἅγιον
1601 687 1728 740 Υίὸν
1768 689 2023 759 Ὑψίστου

442 776 734 847 κληθῆναι,
790 777 884 829 καὶ
941 777 1263 846 χαρισθῆναι
1316 778 1466 849 αὑτῷ
1545 780 1717 849 ὄνομα
1774 782 1833 835 τὸ
1885 783 2024 853 ὑπὲρ

442 872 549 923 πᾶν
577 868 747 938 ὄνομα
773 884 789 935 ;
842 869 1011 922 Τ·.ῦτο
1041 870 1095 920 δὲ
1124 869 1176 921 τί
1245 888 1372 924 ποτε
1427 871 1554 925 ἄλλο
1586 874 1731 925 ἐστὶν
1765 875 1796 946 ἢ
1839 877 1983 941 Θεός
2002 892 2023 939 ;

444 962 553 1016 Καὶ
584 964 663 1026 τὸ,
706 965 814 1016 πᾶν
862 965 993 1029 γόνυ
1050 962 1262 1031 κάμψαι
1313 964 1390 1033 τῷ
1423 967 1708 1018 κενωθέντι
1751 966 1817 1019 δι’
1848 969 2015 1037 ἡμᾶς,

444 1057 538 1110 καὶ
572 1055 670 1123 τὴν
699 1055 849 1107 θείαν
871 1056 1057 1108 εἰκόνα
1086 1056 1307 1124 δουλικῇ
1360 1059 1542 1127 μορφῇ
1593 1063 2016 1129 συγκεράσαντι,

442 1148 538 1200 καὶ
575 1145 795 1216 γνῶναι
819 1147 1015 1202 πάντα
1043 1146 1214 1200 οἷκον
1241 1148 1505 1215 Ἰσραὴλ,
1548 1149 1639 1203 ὅτι
1682 1151 1781 1204 καί
1800 1154 2019 1220 Κύριον

442 1239 630 1296 αὐτὸν
661 1239 759 1292 καὶ
796 1241 1053 1309 Χριστὸν
1077 1243 1110 1293 ὁ
1135 1239 1279 1305 Θεὸς
1302 1241 1614 1306 ἐποίησεν.
1673 1243 1865 1308 Γέγονε
1908 1245 2016 1316 γὰρ

442 1331 613 1386 ταῦτα
674 1330 924 1400 ἐνεργείᾳ
965 1330 1064 1400 μὲν
1094 1328 1187 1383 τοῦ
1218 1333 1573 1400 γεννήματος,
1597 1327 1814 1404 εὐδοκία
1839 1334 1895 1387 δὲ
1922 1335 2016 1388 τοῦ

446 1426 785 1494 γεννήτορος.

2125 601 2379 654 asseruit.
2409 601 2545 667 Quid
2584 611 2759 655 autem
2804 603 2979 669 majus
3025 612 3080 656 et
3106 605 3553 663 honoriﬁcentius
3587 618 3687 663 bo-
3746 642 3755 649 -

2126 693 2287 747 minis
2322 693 2610 747 humilitati
2640 696 2955 763 contingere
2972 706 3157 761 queat,
3185 713 3345 764 quam
3381 698 3490 753 Deo
3520 716 3692 769 copu-

2123 784 2245 848 lari,
2272 793 2433 851 atque
2457 797 2520 838 ex
2556 785 2647 838 illa
2678 785 2934 840 mistione
2974 787 3143 839 Deum
3176 788 3336 850 ellici,
3370 799 3692 861 tantumque

2124 877 2191 930 ab
2211 874 2432 931 Oriente
2469 892 2536 929 ex
2563 876 2672 930 alto
2696 877 2902 931 visitari
2932 879 2971 942 ί,
3002 890 3059 930 ιιι
3078 877 3205 930 illud
3234 880 3392 933 etiam
3420 895 3689 949 sanctum,

2125 969 2272 1037 quod
2306 968 2653 1037 gignebatur,
2685 968 2950 1023 Altissimi
3003 967 3169 1024 Filius
3207 981 3496 1025 vocaretur
3527 973 3572 1037 ¹,
3597 987 3694 1026 eo-

2125 1074 2229 1127 que
2267 1059 2490 1113 nomine
2513 1060 2828 1120 douaretur,
2881 1061 3026 1129 quod
3055 1068 3132 1113 est
3191 1075 3354 1129 super
3405 1076 3565 1116 omne
3594 1076 3693 1117 no-

2126 1165 2250 1204 men
2282 1150 2344 1204 ‘3
2388 1150 2542 1215 Quod
2575 1165 2734 1218 porro
2762 1151 2904 1203 aliud
2961 1165 3152 1203 nomen
3191 1150 3334 1204 illud
3371 1161 3477 1223 est,
3524 1167 3689 1220 quam

2131 1241 2525 1310 Deus?Atque
2569 1240 2733 1305 istud,
2761 1255 2920 1294 omne
2976 1255 3112 1310 genu
3164 1251 3289 1295 ante
3336 1256 3460 1296 eum
3510 1243 3693 1296 ﬂecta-

2124 1342 2211 1386 tur
2255 1332 2299 1397 ⁸,
2325 1335 2416 1400 qui
2452 1342 2635 1387 nostra
2669 1346 2831 1387 causa
2861 1333 3173 1387 exinanitus
3213 1343 3320 1394 est,
3350 1348 3413 1386 ac
3445 1333 3690 1386 divinant

2129 1424 2417 1491 imaginem
2452 1425 2635 1480 servili
2664 1425 2853 1480 formae
2877 1427 3183 1496 conjunXit,
3239 1426 3478 1495 sciatque
3520 1427 3692 1478 omnis

450 1517 634 1570 damus
661 1516 851 1579 Israel,
886 1519 1012 1585 quia
1043 1527 1090 1570 et
1128 1517 1409 1573 Dominum
1442 1535 1560 1573 eum
1626 1530 1675 1573 et
1706 1517 1973 1573 Christum
1993 1516 2117 1588 fecit
2146 1515 2287 1571 Deus
2320 1518 2362 1571 '.
2419 1518 2556 1572 Haec.
2571 1519 2715 1572 enim
2747 1519 2919 1573 tactus
2948 1530 3054 1582 est,
3105 1531 3268 1586 opera
3301 1518 3516 1586 quidem
3573 1518 3692 1589 ejus

449 1620 540 1689 qui
580 1618 799 1688 genitus
830 1625 934 1678 est,
966 1616 1105 1668 bona
1135 1625 1316 1669 autem
1343 1617 1627 1671 voluntate
1653 1616 1935 1687 genitoris.

514 1708 775 1777 Δεύτερον
826 1705 882 1759 δὲ
923 1707 976 1759 τί
1007 1707 1114 1759 τῶν
1167 1707 1439 1776 μεγίστων
1491 1706 1675 1770 αὐτοῖς
1731 1705 1827 1760 καὶ
1878 1705 2026 1775 ἅμα·

2202 1704 2343 1771 Qnid
2398 1704 2639 1759 secundo
2704 1703 2846 1769 loco,
2923 1711 3176 1771 tanquam
3251 1702 3472 1756 maximi
3531 1712 3693 1770 atque

446 1811 557 1863 χων
585 1810 600 1857 ;
635 1796 726 1845 Δεῖ
756 1793 864 1865 γὰρ
908 1792 1068 1846 αὐτὸν
1106 1791 1407 1861 βασιλεύειν
1458 1794 1585 1864 ἄχρι
1610 1792 1779 1857 τοῦδε,
1809 1793 1901 1847 καὶ
1930 1793 2019 1848 ὑπ’

2136 1791 2319 1844 invicti
2350 1789 2627 1857 cujusdam
2661 1794 2892 1856 roboris,
2924 1796 3247 1863 opponunt?
3291 1797 3515 1864 Oportet
3552 1802 3695 1856 enim

447 1884 676 1955 οὐρανοῦ
704 1885 955 1955 δεχθῆναι
989 1885 1115 1956 ἄχρι
1151 1885 1354 1954 χρόνων
1385 1886 1896 1951 ἀποκαταστάσεως,
1929 1888 2024 1941 καὶ

447 1977 546 2048 τὴν
578 1979 643 2030 ὲκ
689 1976 878 2041 δεξιῶν
918 1977 1183 2046 καθέδραν
1217 1977 1380 2046 ἔχειν,
1422 1977 1527 2041 ἕως
1552 1978 1649 2049 τῆς
1677 1978 1784 2032 τῶν
1812 1979 2023 2050 ἐχθρῶν

450 2068 883 2139 ἐπικρατήσεως.
919 2068 992 2121 Τὸ
1026 2068 1163 2139 μετὰ
1193 2068 1351 2123 τοῦτο
1379 2069 1437 2123 δὲ
1467 2070 1520 2122 τί
1544 2087 1559 2135 ;
1602 2070 1774 2141 Λῆξαι
1799 2073 1896 2142 τῆς
1925 2072 2023 2142 βα-

453 2160 674 2226 σιλείας,
699 2160 732 2231 ἢ
761 2160 872 2214 τῶν
904 2147 1147 2232 οὐρανῶν
1189 2162 1487 2232 ἀποστῆναι
1539 2175 1556 2224 ;
1706 2163 1861 2226 Τίνος
1886 2163 2024 2216 παύ-

451 2265 636 2312 σοντος
660 2249 732 2320 ;ἢ
763 2248 830 2301 δι’
877 2249 1064 2319 ἥντινα
1098 2249 1196 2320 τὴν
1239 2249 1418 2303 αἰτίαν
1471 2270 1487 2317 ;
1639 2249 1726 2314 Ὧς
1751 2251 2023 2323 τολμηρὸς

424 2336 720 2409 ,ἐξηγητὴς
932 2338 1019 2400 σὺ,
1067 2339 1160 2390 καὶ
1192 2337 1311 2391 λίαν
1355 2338 1874 2399 ἀϐασίλευτοςίκαὶ⁵
1917 2342 2022 2411 μὴν

448 2429 666 2491 ἀκούεις
716 2428 817 2497 τῆς
855 2427 1128 2498 βασιλείας
1157 2428 1321 2481 αὑτοῦ
1365 2431 1438 2500 μὴ
1468 2425 1605 2483 εἶναι
1634 2430 1824 2502 πέρας.
1865 2431 2024 2485 Ἀλλὰ

448 2518 605 2572 τοῦτο
629 2520 875 2589 πάσχεις,
932 2520 1081 2590 παρὰ
1110 2520 1171 2573 τὺ
1204 2520 1277 2592 μὴ
1320 2520 1624 2588 γινώσκειν,
1660 2521 1741 2574 ὅτι
1772 2521 1850 2586 τὸ,
1890 2522 2020 2589 ἕως,

451 2610 511 2662 οὐ
538 2610 754 2673 πάντως
803 2609 1119 2682 ἀντιδιαιρεῖ
1142 2610 1220 2681 τῷ
1274 2610 1537 2682 μέλλοντι,
1592 2612 1727 2666 ἀλλὰ
1767 2615 1827 2667 τὸ
1860 2615 2023 2685 μέχρι

456 2701 554 2771 μὲν
587 2700 738 2754 τοῦδε
790 2740 805 2762 ,
937 2700 1154 2772 τίθησν
1217 2700 1277 2753 τὸ
1309 2702 1447 2773 ὑπὲρ
1497 2701 1655 2756 τοῦτο
1820 2705 1897 2770 δὲ,
1923 2708 2023 2760 οὐκ

451 2790 746 2844 ἀναίνεται.
786 2791 856 2842 Ἦ
891 2790 1009 2852 πῶς
1042 2792 1274 2861 νοήσεις,
1321 2790 1407 2844 ἵνα
1436 2791 1509 2863 μὴ
1540 2793 1706 2848 τᾶλλα
1730 2793 1892 2862 λέγω,
1926 2796 2019 2848 τό*

454 2881 706 2946 Ἐσομαι
732 2879 861 2947 μεθ’
884 2877 1047 2947 ὑμῶν
1072 2878 1183 2944 ἕως
1224 2878 1333 2947 τῆς
1376 2882 1734 2947 συντελείας
1768 2881 1873 2936 τοῦ
1891 2882 2025 2936 αἰῶ-

449 2985 589 3033 roc;
616 2963 743 3038 τΑρ’
768 2967 844 3030 ὡς
898 2968 1035 3038 μετὰ
1074 2967 1232 3021 τοῦτο
1288 2970 1389 3021 οὐκ
1436 2967 1517 3022 ἔτι
1713 2970 2016 3041 ὲσομένου;

448 3059 558 3111 Καὶ
586 3054 719 3119 τίςὸ
744 3056 929 3124 λόγος;
961 3057 1240 3125 οὺ¹μόνον
1271 3057 1350 3121 δὲ,
1382 3057 1519 3112 ἀλλὰ
1540 3058 1635 3112 καὶ
1664 3060 1815 3131 παρὰ
1856 3060 1918 3112 τὸ
1947 3060 2021 3132 μὴ

2137 1880 2282 1935 illum
2311 1896 2538 1951 regnare
2583 1883 2603 1913 ⁶
2645 1883 2751 1937 huc
2785 1900 2974 1954 usque,
3005 1896 3053 1940 et
3084 1901 3110 1939 a
3144 1889 3281 1940 co-lo
3305 1891 3503 1958 suscipi
3533 1907 3701 1960 usque

2134 1971 2201 2024 ad
2259 1972 2620 2028 restitutionis
2673 1983 2916 2041 tempora
2946 1979 2990 2037 ",
3047 1988 3101 2029 ct
3133 1994 3160 2028 a
3214 1979 3413 2031 tlexltis
3446 1982 3694 2041 Sedere“.

2136 2060 2306 2115 donec
2337 2062 2522 2117 hostes
2583 2063 2634 2116 itt
2672 2072 2992 2131 potestatem
3046 2068 3333 2137 redegit-rit.
3382 2069 3520 2133 Quid
3574 2085 3700 2122 vero

2135 2153 2363 2220 postea?
2397 2154 2675 2222 Regnandi
2732 2154 2890 2208 linem
2944 2154 3142 2219 lacere,
3203 2167 3292 2209 aut
3345 2174 3375 2210 e
3431 2161 3583 2211 caelis
3608 2175 3700 2212 ex-

2133 2242 2382 2305 pelli?Et
2407 2244 2681 2311 quisnam,
2739 2245 2989 2305 obsecro,
3035 2261 3152 2296 eum
3204 2261 3233 2299 c
3282 2263 3446 2315 regno
3485 2248 3701 2312 rjicict?

2131 2334 2241 2385 Aut
2270 2347 2430 2399 quam
2473 2332 2542 2386 ob
2567 2330 2828 2386 causam?
2877 2332 3046 2396 Quam
3089 2333 3262 2387 audax
3305 2348 3695 2401 enarratores,

2133 2423 2464 2490 nimiumque
2497 2437 2527 2476 a
2561 2424 2706 2491 regio
2751 2423 2877 2495 jugo
2922 2425 3249 2478 abhorrens!
3283 2426 3350 2477 At
3381 2428 3526 2496 regni
3559 2427 3697 2480 illius

2133 2516 2333 2569 nullum
2377 2519 2535 2568 tinem
2590 2518 2611 2546 '
2803 2514 2919 2569 fore
2990 2515 3160 2569 audis.
3216 2515 3409 2570 Verum
3446 2519 3557 2570 haec
3599 2518 3690 2571 tibi

2129 2606 2334 2660 erroris
2356 2619 2516 2659 causa
2542 2612 2644 2667 est,
2675 2606 2815 2672 quod
2866 2621 2968 2658 non
3019 2606 3272 2675 intelligis
3305 2608 3442 2660 hanc
3483 2622 3690 2673 vocem,

2130 2692 2237 2756 ἕως
2296 2693 2368 2764 (ω
2424 2704 2525 2756 est,
2572 2698 2796 2764 usque),
2840 2710 2944 2748 non
3003 2708 3214 2762 semper
3244 2693 3422 2748 futuro
3465 2697 3689 2764 tempori

2129 2772 2346 2853 opponi,
2386 2784 2478 2838 sed
2505 2784 2575 2837 ita
2601 2781 2937 2850 interiectum
2968 2795 3177 2853 tempus
3207 2794 3466 2847 statuere,
3513 2794 3568 2838 ut
3615 2786 3693 2838 iu-

2131 2878 2288 2931 terim
2320 2891 2553 2946 sequens
2577 2885 2787 2945 tempus
2837 2892 2941 2929 non
2995 2875 3261 2931 excludat.
3305 2873 3437 2928 Nam
3474 2876 3575 2928 nisi
3619 2877 3690 2930 ita

2129 2985 2218 3024 res
2237 2976 2297 3023 ξε
2321 2969 2536 3033 habeat,
2567 2983 2797 3037 quonam
2825 2970 2982 3021 modo
3027 2967 3178 3030 illud,
3212 2976 3270 3022 ut
3319 2967 3419 3021 alia
3471 2977 3694 3036 pneter-

2126 3073 2269 3125 eam,
2307 3059 2567 3130 intelliges
2599 3077 2613 3114 :
2653 3057 2761 3112 Ero
2790 3058 3054 3112 vobiscum
3079 3075 3239 3131 usque
3268 3060 3336 3112 ad
3361 3076 3693 3112 consumma-

446 3150 673 3223 διαιρεῖν
722 3149 793 3203 τὰ
827 3148 1214 3219 σημαινόμενα.
1273 3148 1586 3204 Βασιλεύειν
1627 3149 1735 3221 γὰρ
1785 3149 2018 3219 λέγεται,

2127 3150 2615 3205 tionemswculi“?
2651 3151 2730 3203 An
2767 3150 2921 3219 quasi
2964 3159 3146 3217 postea
3202 3149 3420 3203 minime
3477 3148 3690 3204 futurus

448 3242 567 3296 καθ’
628 3242 686 3297 ἓν
717 3242 834 3312 μὲν,
883 3241 959 3303 ὡς
992 3239 1413 3311 Παντοκράτωρ,
1469 3243 1562 3295 καὶ
1608 3241 1886 3306 θελόντων,
1927 3242 2021 3295 καὶ

450 3330 543 3401 μὴ,
576 3328 826 3399 βασιλεύς
847 3345 860 3358 ·
893 3326 1012 3380 καθ’
1038 3327 1222 3396 ἕτερον
1260 3325 1337 3390 δὲ,
1370 3327 1447 3391 ὡς
1488 3329 1726 3400 ἐνεργῶν
1754 3329 1853 3400 τὴν
1890 3330 2022 3383 ὑπο-

446 3420 618 3489 ταγὴν
671 3454 690 3477 ,
856 3418 950 3470 καὶ
982 3416 1086 3469 ὑπὸ
1127 3417 1226 3486 τὴν
1286 3416 1477 3470 ἑαυτοῦ
1526 3418 1801 3488 βασιλείαν
1850 3420 2018 3484 τιθεὶς

446 3510 476 3578 ἡ
487 3510 613 3578 μᾶς,
641 3507 864 3569 ἑκόντας
887 3504 1207 3576 δεχομένους
1228 3505 1290 3557 τὸ
1339 3505 1735 3576 βασιλεύεσθαι.
1777 3509 1888 3580 Τῆς
1920 3510 2018 3579 μὲν

446 3594 535 3648 οὖν
567 3597 790 3658 ἐκείνως
811 3595 1108 3664 νοουμένης
1165 3594 1439 3664 βασιλείας
1461 3596 1562 3649 οὐκ
1611 3596 1762 3650 ἔσται
1802 3598 1977 3668 πέρας
1999 3614 2014 3628 ·

445 3690 541 3756 τῆς
564 3686 824 3756 δευτέρας
850 3684 926 3747 δὲ,
948 3685 1002 3737 τί
1052 3697 1069 3747 ;
1229 3685 1302 3738 Τὸ
1334 3686 1516 3739 λαϐεῖν
1541 3689 1573 3758 ή
1584 3689 1690 3756 μᾶς
1725 3688 1828 3740 ὑπὸ
1859 3692 2016 3759 χεῖρα

446 3775 798 3845 σωζομένους.
998 3774 1063 3826 Τί
1091 3772 1201 3846 γὰρ
1229 3775 1311 3829 δεῖ
1340 3776 1439 3848 τ’ὴν
1471 3778 1746 3849 ὑποταγὴν
1773 3780 2016 3851 ἐνεργεῖν

445 3863 934 3935 ῦποτεταγμένωνς
962 3865 1096 3919 Μεθ’
1130 3866 1195 3937 ἢν
1221 3866 1502 3920 ἀνίσταται
1535 3869 1736 3939 κρίνων
1753 3869 1853 3941 τὴν
1884 3870 2010 3940 γῆν,

447 3955 538 4008 καὶ
557 3953 776 4025 διαιρῶν
799 3952 860 4005 τὸ
887 3953 1209 4026 σωζόμενον,
1242 3956 1337 4010 καὶ
1363 3956 1424 4010 τὸ
1452 3957 1820 4029 ἀπολλύμενον
1843 3976 1858 3990 ’
1895 3960 2011 4031 μεθ’

444 4046 509 4115 ἢν
567 4047 779 4099 ἵσταται
829 4045 959 4110 Θεὸς
1008 4049 1067 4100 ὲν
1113 4047 1262 4119 μέσῳ
1315 4047 1472 4115 θεῶν,
1518 4049 1626 4103 τῶν
1669 4051 2008 4122 σωζομένων,

444 4134 731 4205 διακρίνων
762 4134 858 4187 καί⁸
884 4134 1229 4199 διαστέλλων,
1260 4136 1403 4201 τίνος
1452 4137 1680 4203 ἕκαστος
1715 4141 1878 4212 τιμῆς
1916 4142 2013 4195 καὶ

448 4233 612 4300 μονῆς
632 4228 798 4303 ἄξιος.

2126 3244 2239 3298 sit?
2262 3243 2326 3297 Et
2359 3257 2477 3310 quae
2513 3243 2626 3296 haec
2658 3241 2794 3295 ratio
2834 3240 3014 3293 esset?
3055 3239 3162 3292 Nec
3210 3254 3335 3293 vero
3385 3240 3483 3293 hac
3518 3240 3688 3294 solum

2127 3336 2192 3389 de
2215 3349 2375 3390 causa
2409 3334 2459 3387 in
2489 3348 2729 3389 errorem
2763 3331 2952 3386 incidis
2973 3371 2988 3395 ,
3045 3330 3139 3383 sed
3171 3331 3333 3382 etiam
3365 3330 3488 3398 quia
3522 3331 3690 3399 signi-

2127 3428 2404 3481 ﬁcationes
2432 3427 2576 3496 ipsas
2608 3442 2712 3479 non
2769 3426 3077 3492 distinguis.
3122 3422 3372 3490 Regnare
3412 3423 3554 3476 enim
3593 3423 3688 3474 du-

2129 3518 2252 3589 plici
2279 3519 2438 3571 modo
2475 3518 2690 3575 dicitur,
2743 3532 2870 3578 uno,
2916 3527 2970 3568 tit
2999 3514 3370 3581 Omnipotens,
3421 3528 3481 3565 ac
3510 3514 3687 3565 volen-

2127 3609 2257 3662 tium
2286 3608 2691 3675 nolentiumqne
2725 3604 2835 3658 Rex
2867 3621 2880 3658 :
2910 3605 3099 3665 altero,
3129 3615 3184 3657 ut
3221 3604 3605 3672 subjrctiouem
3636 3602 3686 3654 in

2125 3697 2281 3752 nobis
2307 3697 2549 3766 gignens,
2579 3706 2631 3750 et
2677 3695 2777 3750 sub
2826 3695 3106 3762 imperium
3145 3709 3297 3745 suurn
3337 3708 3399 3745 ac
3430 3693 3687 3744 ditionem

2122 3802 2221 3843 nos
2255 3788 2518 3857 redigcns,
2546 3797 2730 3857 utpote
2764 3788 2852 3852 qui
2888 3786 3133 3838 lubenter
3157 3784 3328 3852 ipsius
3358 3797 3519 3851 regno
3551 3782 3685 3836 colla

2126 3878 2514 3931 submittimns.
2544 3877 2697 3943 Quod
2722 3890 2849 3946 ergo
2876 3877 2940 3927 ad
2965 3875 3197 3942 priorem
3234 3872 3682 3941 signiﬁcationem

2121 3970 2330 4030 attinet,
2366 3969 2512 4036 regni
2540 3968 2707 4036 ipsius
2734 3967 2854 4020 linis
2881 3965 3058 4018 nullus
3081 3964 3204 4018 erit.
3225 3962 3374 4029 Quod
3410 3973 3589 4015 autem
3616 3962 3683 4015 ad

2120 4057 2430 4124 secundam,
2460 4057 2579 4124 quis
2608 4056 2716 4109 erit
2747 4053 2906 4107 linis?
2929 4048 2999 4106 Ut
3030 4066 3128 4105 nos
3182 4049 3455 4116 subjcCtos
3479 4057 3682 4112 teneat,

2119 4156 2420 4216 servetque.
2463 4146 2598 4213 Quid
2650 4147 2792 4199 enim
2844 4159 2978 4213 opus
3033 4142 3136 4196 erit
3182 4140 3571 4209 subjectionem
3631 4138 3684 4192 in

2119 4238 2273 4292 nobis
2305 4239 2504 4300 ntoliri,
2535 4252 2654 4292 cum
2683 4237 2790 4302 jam
2826 4235 2927 4303 ipsi
2964 4233 3186 4299 subjecti
3212 4228 3685 4295 fuerimusiQnod

452 4323 735 4384 postquam
770 4313 1032 4380 eﬂ‘ccerit,
1056 4325 1399 4372 surrecturus
1425 4325 1509 4371 est
1542 4315 1612 4371 ad
1644 4315 1906 4385 judicium
1933 4315 2001 4371 de
2027 4324 2171 4371 terra
2203 4317 2501 4379 ferendum,
2533 4325 2587 4370 et
2620 4318 2983 4374 secernendos
3009 4330 3103 4371 eos
3151 4313 3244 4381 qui
3285 4313 3511 4369 salutem
3543 4328 3679 4370 con-

449 4419 772 4489 sequuntur,
813 4412 882 4466 ab
912 4412 978 4489 iis
1006 4412 1094 4481 qui
1121 4421 1348 4481 pereunt
1375 4428 1392 4474 ;
1435 4412 1710 4480 stabitque
1734 4412 1876 4466 Deus
1916 4414 1970 4467 in
1999 4413 2180 4468 medio
2212 4413 2440 4467 deorum
2480 4412 2545 4475 “,
2574 4413 2677 4467 hoc
2707 4421 2810 4475 est,
2848 4414 3126 4467 beatorum
3156 4412 3462 4474 hominum,
3506 4421 3566 4465 ut
3592 4411 3679 4465 di-

442 4504 645 4574 jitlicet
684 4486 749 4558 ac
771 4486 1092 4574 distinguat,
1128 4520 1233 4574 quo
1263 4506 1491 4575 quisque
1516 4504 1742 4559 honoris
1775 4505 1966 4572 gradu,
1995 4518 2212 4576 quaque
2249 4502 2530 4558 tnansinne
2560 4504 2753 4571 dignus
2782 4505 2871 4558 sit.

518 4595 707 4666 Τούτῳ
760 4595 1002 4649 σύναπτε
1036 4600 1129 4650 καὶ
1157 4598 1257 4665 τὴν
1300 4596 1601 4667 ὑποταγὴν,
1660 4596 1728 4667 ἠν
1785 4596 2019 4651 ὑποτάσ·

2192 4594 2329 4649 Huic
2381 4594 2767 4662 subiectionem
2822 4611 3039 4664 quoque
3078 4597 3233 4650 istam
3265 4595 3518 4666 adjnnge,
3579 4611 3684 4662 qua

448 4703 561 4750 σεις
592 4686 670 4754 τῷ
729 4686 904 4755 Πατρὶ
936 4686 1028 4738 τὸν
1083 4685 1229 4740 Υίόν.
1293 4685 1358 4739 Τί
1408 4685 1611 4754 λέγεις,
1660 4688 1736 4746 ὡς
1770 4685 1865 4738 νῦν
1924 4686 2023 4756 οὐχ

2118 4687 2310 4743 Filium
2353 4685 2502 4740 Patri
2554 4688 2798 4753 subjicis.
2853 4689 2995 4754 Quid
3046 4689 3147 4750 ais,
3182 4690 3333 4756 quasi
3390 4691 3502 4756 jam
3541 4701 3685 4740 nunc

446 4777 929 4845 ὑποτεταγμένου;
985 4779 1164 4830 Δείται
1220 4777 1277 4831 δὲ
1337 4777 1473 4841 ὅλως
1531 4778 1870 4846 ὑποταγῆναι
1903 4777 2019 4847 Θεῷ

2126 4779 2395 4847 subjectus
2426 4795 2533 4832 non
2560 4781 2632 4834 sit
2662 4782 2704 4811 “
2727 4780 2750 4833 ?
2777 4782 2879 4833 Aut
2905 4781 3068 4832 etiam
3105 4779 3330 4831 omnino
3353 4793 3487 4844 opus
3516 4788 3597 4829 est
3625 4786 3687 4830 ut

467 4866 595 4928 θεὸς
629 4865 704 4919 ὧν
732 4882 748 4932 ;
795 4865 887 4929 Ὠς
916 4866 1047 4935 περὶ
1075 4866 1274 4939 λῃστοῦ
1310 4884 1476 4932 τινος,
1524 4866 1556 4937 ἢ
1589 4868 1858 4934 ἀντιθέου,
1890 4870 2019 4938 ποιῇ

443 4957 539 5027 τὴν
593 4956 771 5025 λόγον.
834 4957 976 5010 Ἀλλ’
1001 4956 1144 5010 οὕτω
1188 4959 1404 5011 σκόπει⁸
1457 4959 1541 5011 ὅτι
1575 4958 1763 5028 ὥσπερ
1797 4959 2013 5023 κατάρα

445 5051 642 5118 ἤκουσε
694 5049 762 5102 δι’
803 5049 928 5119 ἐμὲ,
986 5052 1014 5103 δ
1059 5049 1156 5121 τὴν
1207 5050 1344 5120 ἐμὴν
1396 5050 1538 5104 λύων
1603 5051 1873 5121 κατάραν*
1921 5052 2017 5104 καὶ

446 5144 766 5215 ἁμαρτία,ὁ
798 5147 970 5215 αίρων
1001 5145 1101 5213 τὴν
1153 5145 1435 5216 ἁμαρτίαν
1488 5142 1584 5198 τοῦ
1640 5145 1867 5214 κόσμου’
1921 5144 2018 5196 καὶ

456 5238 626 5306 ’Λδαμ
649 5237 772 5289 ἀντὶ
803 5236 895 5289 τοῦ
912 5235 1163 5289 σπαλαιοῦ
1216 5237 1427 5304 γίνεται
1473 5235 1610 5298 νὲο;’
1657 5236 1800 5289 οὕτω
1833 5236 1929 5289 καὶ
1959 5236 2018 5288 τὸ

444 5329 576 5398 ἐμὸν
598 5330 971 5382 ἀνυπότακτον
1014 5328 1205 5381 ἑαυτοῦ
1243 5331 1502 5393 ποιεῖται,
1559 5327 1634 5390 ὡς
1664 5328 1876 5398 κεφαλὴ
1924 5326 2018 5380 τοῦ

2120 4871 2230 4926 Deo
2271 4872 2616 4937 subjiciatur,
2654 4872 2740 4940 qui
2773 4881 2826 4923 ct
2856 4872 2971 4937 ipse
3014 4869 3153 4922 Deus
3192 4868 3312 4921 est?
3340 4868 3479 4934 Ergo
3527 4868 3684 4935 quasi

2118 4964 2183 5017 dc
2212 4963 2424 5016 latrnne
2455 4965 2709 5027 qundam,
2741 4970 2833 5013 aut
2866 4960 2957 5012 Uri
3000 4960 3174 5020 hoste,
3208 4959 3366 5011 verba
3397 4958 3550 5011 facis.
3585 4957 3687 5012 Ve-

2122 5070 2240 5108 rum
2266 5057 2335 5106 ita
2373 5067 2483 5106 rem
2518 5054 2781 5121 expende.
2810 5050 3276 5116 Quemadmodum
3334 5050 3525 5102 salutis
3559 5062 3689 5101 meae

2121 5163 2284 5201 causa
2320 5148 2663 5199 maledictum
2689 5153 2908 5203 vocatus
2937 5157 3020 5197 est
3056 5144 3121 5207 “,
3142 5145 3230 5213 qui
3254 5143 3687 5197 maledictionem

2124 5255 2299 5293 meam
2327 5239 2490 5292 solvit
2523 5254 2539 5305 ;
2582 5247 2635 5291 et
2665 5246 2973 5305 precatum,
3036 5239 3125 5307 qui
3163 5236 3342 5288 mundi
3409 5244 3688 5304 peccatum

2124 5329 2266 5384 delet
2296 5328 2376 5395 ¹⁵;
2404 5344 2467 5384 ac
2501 5345 2597 5399 pro
2615 5330 2780 5383 veteri
2812 5331 3036 5394 Adamn,
3065 5343 3234 5382 novus
3257 5326 3495 5379 Adamus
3520 5323 3693 5377 elﬁci-

446 5418 643 5480 παντὸς
662 5418 935 5488 σώματος.
963 5418 1109 5480 Ἕως
1139 5420 1236 5488 μὲν
1265 5418 1358 5472 οὖν
1381 5418 1757 5481 ἀνυπότακτος
1793 5419 1903 5487 ἐγὼ
1928 5420 2019 5473 καὶ

2128 5429 2217 5474 tur
2242 5420 2285 5453 "
2316 5437 2329 5474 :
2365 5421 2428 5473 ad
2464 5426 2708 5476 emndem
2731 5436 2947 5491 quoque
2970 5420 3188 5472 modum
3211 5415 3611 5470 contumaciam
3638 5421 3693 5466 et

446 5511 770 5582 στασιώδης,
799 5515 867 5584 τῇ
899 5529 958 5565 τε
989 5512 1217 5583 ἀρνήσει
1256 5512 1350 5565 τοῦ
1386 5512 1543 5576 Θεοῦ,
1591 5514 1687 5568 καὶ
1718 5516 1839 5577 τοῖς
1852 5516 2019 5568 πάθε-

2130 5513 2482 5585 rebeljionem
2515 5528 2689 5567 meam
2717 5514 2818 5569 sibi
2855 5512 3093 5575 asciscit,
3126 5519 3185 5563 ut
3220 5508 3387 5563 t0tius
3442 5507 3694 5577 corporis

520 5706 810 5764 ‘ibid.78.
886 5709 1190 5766 'ibid.52.
1269 5706 1639 5779 'Philipp.n.
1684 5712 1737 5766 9.
1813 5709 1994 5765 δίὺὶιί.

2196 5712 2217 5744 ⁸
2257 5711 2378 5763 Act.
2411 5724 2471 5774 tt,
2531 5707 2620 5762 36.
2662 5708 2770 5779 “fi
2803 5707 2925 5761 Cor.
2951 5704 3146 5779 xv,25.
3194 5699 3417 5779 “fact.
3474 5720 3555 5771 tn,
3592 5705 3709 5779 ει.-

450 5776 472 5807 ⁸
499 5777 637 5831 Psal.
681 5793 786 5841 cxx,
830 5781 881 5834 l.
956 5782 977 5812 '
1000 5782 1132 5837 Luc.
1159 5797 1196 5847 t,
1231 5779 1320 5834 32.
1400 5776 1663 5840 "'Matth.
1693 5797 1883 5847 xxvm,
1912 5782 2005 5837 20.

452 5847 497 5880 ⁸⁸
524 5847 566 5900 ιι
589 5850 714 5905 Cor.
758 5865 813 5917 ν,
844 5850 908 5905 21
1011 5852 1055 5884 ⁸⁸
1088 5851 1109 5906 l
1140 5852 1267 5906 Cor.
1300 5867 1384 5915 xv,
1409 5849 1496 5904 85.

2126 5785 2131 5813 ι
2160 5780 2306 5837 Psal.
2343 5795 2529 5841 um,
2558 5780 2612 5834 l.
2659 5777 2867 5833 "lCor.
2903 5792 2991 5842 xv,
3021 5778 3111 5833 εδ.
3191 5777 3235 5810 ¹³
3262 5778 3438 5835 οδιυι.
3471 5791 3557 5842 ιιι,
3604 5776 3693 5832 l5.
