4042 6204
434 349 539 413 579

1711 353 2096 417 EUTIlYMll
2141 352 2509 413 ZlGABENI

3569 356 3676 418 580

435 481 617 539 caput.
637 469 870 526 Proinde
900 470 1138 540 quandiu
1182 470 1499 527 inobedicns
1520 471 1635 541 ipsc
1658 487 1777 527 sum
1806 488 1867 525 ac
1890 483 1986 523 tnr-

2106 486 2206 531 σιν,
2269 468 2642 529 ἀνυπότακτος
2719 467 2779 520 τὸ
2853 469 2972 521 κατ’
3022 468 3120 537 ἐμὲ
3193 469 3286 523 καὶ⁵
3340 469 3368 521 6
3444 472 3677 539 Χριστὸς

438 564 708 625 bulentns,
748 574 856 615 tum
888 578 979 631 per
1004 564 1095 615 Dei
1115 564 1543 631 abnegatiunem,
1572 574 1679 617 tum
1707 581 1800 634 per
1827 569 1987 619 vitio-

433 671 522 707 sas
547 655 711 707 anitni
747 655 1131 722 permotiones,
1182 656 1363 708 tandiu
1414 656 1724 709 inobedieus
1754 673 1986 724 quoque,

431 756 690 812 quantum
718 747 783 797 ad
810 760 893 796 me
918 745 1127 808 attinet,
1162 745 1407 799 Christus
1432 746 1649 800 dicitur.
1666 747 1795 801 Cum
1813 759 1987 802 autem

431 836 475 885 ei
504 836 679 887 omnia
713 834 949 900 subjecta
977 834 1177 887 fuerint
1207 836 1580 904 (subjicieutur
1602 848 1801 901 autem,
1830 849 1879 891 et
1900 854 1987 907 per

430 925 777 993 agnitionem,
811 935 864 978 et
912 940 1006 994 per
1044 927 1516 999 immutationem),
1565 939 1675 982 tum
1713 932 1823 998 ipse
1854 944 1989 998 quo-

433 1028 542 1080 que
582 1012 969 1080 subjectionem
1033 1016 1358 1085 impleverit,
1397 1019 1669 1073 adducens
1721 1035 1823 1083 me,
1850 1020 1989 1073 salu‘

433 1113 538 1155 teni
562 1115 929 1159 consecutum.
970 1105 1078 1160 Nec
1100 1107 1240 1160 enim
1265 1109 1558 1176 quidquam
1582 1110 1723 1163 aliud
1743 1120 1843 1176 est,
1868 1127 1983 1164 mea

434 1180 649 1260 quidem
684 1197 972 1261 sententia,
1003 1198 1205 1251 Christi
1232 1198 1511 1263 subiectio,
1556 1214 1713 1266 quam
1754 1212 1988 1267 paternae

428 1286 721 1338 voluntatis
739 1287 993 1353 expletio.
1039 1288 1268 1350 Subjicit
1507 1300 1708 1355 autem,
1749 1290 1988 1344 chilius

426 1374 594 1435 Patri,
627 1385 681 1428 et
717 1376 949 1429 vicissim
976 1376 1111 1429 Filio
1149 1378 1350 1432 Pater:
1401 1379 1489 1432 ille
1539 1396 1700 1449 opera
1736 1396 1853 1443 sua,
1901 1382 1989 1434 hic

426 1466 773 1530 beneplacito,
830 1469 1281 1533 quemadmodum
1340 1480 1521 1525 antea
1564 1473 1718 1525 nobis
1783 1475 1986 1526 dictum

421 1566 521 1608 est.
555 1558 729 1623 Atque
760 1557 830 1609 ita
861 1572 975 1620 eos,
997 1559 1086 1626 qui
1140 1559 1370 1627 subjecti
1413 1570 1559 1623 sunt,
1608 1562 1715 1615 Deo
1748 1562 1892 1615 sistit
1923 1578 1986 1616 ac

426 1656 780 1711 reprmsenlat
837 1647 903 1708 is,
947 1648 1033 1713 qui
1076 1647 1325 1713 subjecit,
1368 1658 1547 1702 nostra
1602 1650 1848 1704 videlicet
1880 1651 1983 1705 sibi

426 1734 725 1786 vindicans.
761 1736 956 1788 Eodem
990 1736 1040 1788 in
1069 1750 1263 1804 genere
1288 1738 1418 1790 mihi
1445 1738 1573 1793 illud
1615 1755 1827 1809 quoque
1866 1756 1984 1796 esse

2101 559 2317 629 λέγεται
2338 578 2350 591 ·
2384 564 2511 615 ὅταν
2532 563 2589 615 δὲ
2623 564 2865 633 ὑποταγῇ
2900 563 3047 633 αὑτῷ
3067 566 3136 617 τὰ
3164 566 3363 631 πάντα,
3400 568 3678 640 ὑποταγη-

2103 669 2254 705 σεται
2288 652 2342 705 δὲ
2365 654 2455 706 καὶ
2478 658 2543 724 τῇ
2572 654 2880 722 ἐπιγνώσει,
2926 656 3019 708 καὶ
3040 659 3105 727 τῇ
3150 661 3527 729 μεταποιήσει.
3556 661 3679 714 τότε

2101 742 2192 795 καὶ
2220 743 2378 806 αὐτὸς
2399 745 2496 813 τὴν
2543 744 2816 815 ὑποταγὴν
2872 746 3220 816 πεπλήρωκε,
3260 751 3552 819 προσάγων
3577 753 3681 822 ἐμὲ

2100 834 2190 885 τὸν
2224 836 2581 904 σεσωσμένον.
2629 835 2798 889 Τοῦτο
2858 838 2965 909 γὰρ
3026 840 3056 908 ἡ
3121 839 3366 909 ὑποταγὴ
3415 843 3674 911 Χριστοῦ,

2101 928 2242 980 κατὰ
2269 944 2331 995 γε
2370 928 2458 980 τὸν
2488 929 2617 991 ἐμὸν
2646 929 2822 997 λόγον,
2879 933 2909 999 ή
2945 930 3037 982 τοῦ
3072 931 3344 1001 Πατρικοῢ
3377 932 3677 1004 θελήματος

2101 1019 2399 1089 πλήρωσις.
2442 1021 2762 1073 ’Υποτάσσει
2808 1022 2863 1073 δὲ
2898 1022 2990 1073 καὶ
3026 1022 3153 1085 Υἱὸς
3188 1024 3383 1093 Πατρὶ,
3440 1027 3531 1077 καὶ
3562 1027 3675 1097 Υἱῷ

2100 1111 2317 1181 Πατήρ·
2346 1109 2374 1161 6
2401 1110 2498 1181 μὲν
2532 1111 2789 1180 ἐνεργῶν,
2823 1112 2851 1163 6
2870 1111 2925 1163 δὲ
2956 1112 3207 1175 εὑδοκῶν,
3237 1114 3264 1165 ὃ
3290 1115 3383 1166 καὶ
3412 1116 3675 1188 πρότερον

2098 1201 2322 1269 εἷπομεν
2348 1217 2361 1230 ’
2401 1202 2495 1252 καὶ
2539 1200 2679 1252 οὕτω
2710 1200 2771 1252 τὸ
2816 1201 3254 1270 ὑποτεταγμένον
3316 1206 3343 1256 ὁ
3402 1206 3672 1271 ὑποτάξας

2098 1291 2215 1360 Θεῷ
2262 1292 2610 1362 παρίστησιν,
2664 1292 2856 1344 ἑαυτοῦ
2918 1292 3239 1361 ποιούμενος
3287 1294 3346 1346 τὸ
3385 1296 3668 1368 ἡμέτερον.

2098 1382 2349 1435 Τοιοῦτον
2386 1378 2521 1435 εἶναί
2548 1400 2636 1453 μοι
2661 1383 2909 1450 φαίνεται
2942 1384 3035 1435 καὶ
3069 1384 3127 1436 τό
3152 1400 3163 1413 ⁸
3205 1385 3266 1436 '0
3290 1386 3449 1451 Θεὸς.
3475 1390 3507 1439 ό
3528 1391 3672 1453 Θεός

2099 1489 2232 1533 μου,
2261 1474 2526 1541 πρόσχες
2542 1490 2663 1540 μοι,
2692 1473 2791 1524 ἵνα
2830 1474 2885 1524 τί
2907 1473 3284 1541 ἐγκατέλιπές
3315 1493 3425 1543 με;
3455 1478 3526 1529 υὺ
3562 1478 3669 1550 γὰρ

2101 1564 2262 1626 αὑτὸς
2299 1564 2805 1631 ἐγκαταλέλειπται,
2867 1565 2899 1634 ἢ
2931 1565 3036 1617 ὑπὸ
3070 1566 3165 1617 τοῦ
3216 1566 3450 1637 Πατρὸς,
3495 1570 3528 1635 ἢ
3565 1570 3669 1622 ὑπὸ

2099 1654 2199 1723 τῆς
2223 1653 2415 1706 ἑαυτοῦ
2446 1654 2713 1723 θεότητος,
2742 1654 2769 1706 ὂ
2787 1654 2933 1706 δοκεῖ
2956 1671 3115 1717 τισιν,
3140 1655 3213 1717 ὡς
3241 1656 3303 1708 ἂν
3330 1657 3668 1728 φοόουμένης

2095 1743 2155 1795 τὸ
2210 1744 2399 1807 πάθος,
2458 1744 2552 1797 κα)⁸
2609 1744 2699 1797 διὰ
2740 1744 2897 1797 τοῦτο
2936 1745 3357 1816 συστελλομένης
3427 1748 3535 1800 ἀπὸ
3568 1748 3663 1801 τοῦ

427 1823 674 1876 videtur:
710 1822 867 1885 Deus,
908 1825 1041 1877 Deus
1077 1842 1240 1889 metu,
1265 1829 1458 1894 respice
1483 1830 1538 1881 in
1560 1846 1660 1893 me,
1702 1848 1866 1897 quare
1903 1850 1983 1887 me

2096 1832 2425 1903 πάσχοντοςο
2475 1833 2577 1903 (τίς
2619 1833 2726 1904 γὰρ
2770 1834 2802 1903 ἢ
2853 1833 3175 1903 γεννηθῆναι
3227 1834 3377 1887 κάτω
3410 1835 3506 1905 τὴν
3562 1837 3665 1907 ἀρ-

422 1914 790 1981 dereliquisli‘
832 1915 853 1968 ?
911 1913 1094 1981 Neque
1122 1917 1289 1981 enim,
1323 1919 1461 1986 quod
1513 1921 1732 1988 quidam
1766 1922 1984 1991 opinan-

424 2014 532 2067 tur,
569 2005 702 2074 ipse,
738 2006 875 2059 vela
924 2006 1108 2070 Patre,
1165 2009 1245 2063 vel
1285 2024 1315 2062 a
1351 2024 1445 2063 sua
1492 2012 1792 2077 divinitate,
1829 2014 1981 2083 quasi

425 2096 725 2160 passionem
758 2096 1120 2155 extimuisset.
1159 2111 1222 2150 ac
1257 2108 1539 2166 propterea
1583 2114 1701 2154 sese
1730 2115 1759 2153 a
1789 2117 1980 2169 perpe-

420 2182 591 2235 tieute
620 2198 846 2249 corpore
876 2185 1197 2253 collegisset,
1220 2187 1505 2242 derelictus
1534 2199 1633 2242 est.
1660 2189 1812 2258 (Quis
1838 2191 1978 2246 enim

418 2287 567 2334 eum,
598 2272 679 2325 vel
726 2274 959 2341 primum
996 2275 1306 2329 humanitus
1347 2278 1511 2348 gigni,
1562 2280 1646 2333 vel
1679 2280 1730 2334 in
1766 2296 1975 2337 crucem

424 2364 722 2418 ascendere
759 2366 995 2432 coegit?)
1036 2363 1232 2417 Verum
1263 2368 1314 2421 in
1344 2371 1543 2437 seipso,
1573 2371 1850 2427 utdictutn
1874 2384 1973 2434 ρει,

418 2463 599 2504 nostra
630 2457 1048 2520 repraesentavit.
1077 2455 1186 2510 Nos
1216 2459 1357 2511 enim
1400 2475 1614 2517 eramus
1644 2461 1882 2517 derelicti
1903 2464 1976 2517 illi

423 2545 570 2609 prius
599 2557 758 2615 atqtte
790 2549 1120 2616 contempti;
1172 2567 1311 2605 nunc
1346 2569 1470 2606 vero
1524 2570 1620 2623 per
1662 2554 1976 2623 impatibilis

2092 1924 2215 1994 χὴν,
2273 1924 2305 1994 ἢ
2340 1926 2431 1977 ἐπὶ
2483 1925 2574 1976 τὸν
2628 1924 2857 1995 σταυρὸν
2889 1924 3128 1977 ἀνελθεῖν
3160 1926 3469 1992 ἠνάγκασεν
3492 1926 3529 1994 ς)
3572 1926 3663 1979 Ἑν

2094 2015 2274 2082 ἑαυτῷ
2304 2014 2379 2075 δὲ,
2417 2016 2552 2085 ὅπερ
2600 2010 2770 2079 εἶπον,
2829 2017 2989 2067 τυποῖ
3043 2016 3105 2069 τὸ
3138 2016 3419 2087 ἡμέτερον.
3471 2020 3664 2089 Ἡμεῖς

2092 2104 2201 2174 γὰρ
2225 2100 2365 2174 ἦμεν
2411 2106 2459 2155 οἱ
2510 2105 3055 2175 ὲγκαταλελειμμένοι
3102 2107 3196 2159 καὶ
3248 2110 3659 2179 παρεωραμένοι

2091 2196 2375 2265 πρότερον.
2409 2192 2527 2248 εἶτα
2559 2196 2651 2249 νῦν
2694 2197 3151 2269 προσειλημμένοι
3185 2200 3277 2251 καὶ
3328 2201 3657 2270 σεσωσμένοι

2089 2287 2199 2347 τοῖς
2243 2285 2336 2337 τοῦ
2365 2286 2605 2353 ἀπαθοῦς
2631 2287 2855 2340 πάθεσιν
2880 2305 2894 2317 ·
2944 2289 3132 2359 ὥσπερ
3173 2290 3265 2341 καὶ
3295 2290 3391 2359 τὴν
3421 2292 3656 2361 ἀφροσύ-

2089 2390 2187 2445 νην
2222 2375 2402 2445 ἡμῶν,
2438 2380 2531 2430 καὶ
2555 2378 2614 2431 τὸ
2666 2378 2981 2448 πλημμελὲς
3006 2380 3394 2451 οἰκειούμενος,
3426 2382 3493 2433 τὰ
3526 2383 3654 2452 ἑξῆς

2086 2462 2174 2516 διὰ
2193 2464 2285 2517 τοῦ
2324 2466 2539 2536 ψαλμοῦ
2562 2484 2724 2536 φησιν
2744 2484 2757 2497 ·
2790 2468 2975 2538 ἐπειδὴ
3010 2469 3290 2540 προδήλως
3317 2471 3395 2532 εις
3419 2470 3652 2540 Χριστὸν

2083 2555 2113 2606 ὁ
2140 2558 2381 2620 εεκοστὸς
2413 2558 2623 2626 πρῶτος
2652 2559 2860 2627 ψαλμὸς
2896 2560 3238 2628 ἀναφέρεται.

427 2642 572 2696 illius
595 2645 889 2708 passiones,
916 2647 1174 2714 assumpti
1213 2661 1275 2700 ac
1340 2645 1539 2699 servati
1606 2660 1827 2709 sumus;
1879 2648 2322 2712 quemadmodum
2380 2659 2619 2703 nostram
2674 2666 2889 2719 quoque
2932 2653 3291 2721 insipientiam
3350 2670 3414 2710 ac
3458 2671 3647 2725 pecca-

435 2744 547 2786 tum
575 2733 673 2787 sibi
710 2736 1013 2803 arrogavit,
1062 2746 1119 2787 ut
1168 2750 1253 2798 ea,
1282 2751 1400 2802 quae
1421 2736 1673 2802 deinceps
1733 2736 1783 2787 in
1846 2736 2051 2803 pSultIIO
2087 2748 2403 2801 sequuntur,
2459 2742 2826 2808 pronuntiant.
2888 2741 3163 2797 Siuuidem
3209 2746 3498 2801 vicesimus
3539 2748 3648 2817 pri.

436 2838 554 2876 inus
585 2827 823 2894 psalmus
848 2829 1129 2880 manifeste
1156 2829 1219 2879 ad
1250 2826 1524 2881 Christum
1559 2828 1808 2881 refertur.

626 2912 883 2979 Ejusdem
921 2910 1303 2978 speculatiunis
1348 2912 1474 2963 illud
1504 2910 1665 2963 etiam
1700 2918 1804 2971 est,
1841 2908 1981 2977 quod

423 3022 488 3061 ex
514 3004 761 3072 his,quae
804 3017 995 3070 passus
1031 3011 1134 3065 est,
1182 3001 1541 3055 obedientiam
1578 2999 1795 3064 didicit;
1843 2999 1983 3067 quod

426 3112 546 3150 rum
578 3095 813 3149 clamore
837 3103 890 3147 et
946 3092 1196 3162 lacrymis
1244 3090 1592 3159 supplicarit;
1633 3090 1773 3157 quod
1826 3104 1986 3144 exau-

429 3189 571 3241 ditus
609 3186 675 3238 sit
702 3200 796 3250 pro
827 3199 920 3237 sua
958 3182 1259 3236 reverentia
1310 3183 1329 3211 ³
1370 3195 1528 3247 ;quze
1556 3179 1735 3231 omnia
1772 3180 1985 3234 nomine
2011 3228 2050 3281 (,

425 3286 606 3329 nostro
637 3272 955 3326 mirabiliter
978 3270 1282 3324 elliciuntnr
1312 3279 1366 3323 et
1411 3278 1793 3323 contexuntur.
1821 3269 1977 3333 Nam,

426 3379 482 3419 ut
507 3366 758 3427 Verbum,
796 3378 894 3417 nec
926 3362 1182 3415 obediens
1208 3371 1345 3426 erat,
1375 3376 1472 3415 nec
1503 3360 1837 3416 inobediens.
1857 3360 1981 3416 Haec

428 3472 659 3525 namque
692 3457 778 3519 iis,
808 3455 896 3520 qui
939 3454 1165 3507 aliorum
1205 3454 1431 3519 imperio
1470 3461 1742 3515 tenentur,
1787 3455 1986 3522 quique

425 3546 672 3599 secunda:
694 3543 883 3596 classis
916 3553 1061 3603 sunt,
1084 3542 1411 3595 conveniunt
1432 3556 1447 3605 ;
1468 3540 1596 3594 illud
1620 3541 1845 3603 scilicet,
1866 3557 1988 3609 prn-

426 3639 506 3691 bis
533 3650 692 3704 atque
731 3635 994 3698 honestis,
1034 3632 1173 3687 istud
1204 3647 1354 3695 vero,
1410 3632 1666 3701 improbis
1690 3647 1752 3686 ac
1796 3632 1990 3701 suppli-

425 3730 509 3783 cio
531 3729 725 3798 dignis.
766 3726 835 3781 Ut
876 3735 1052 3777 autem
1106 3723 1247 3778 servi
1301 3723 1490 3785 forma,
1555 3723 1621 3775 ad
1672 3738 1984 3785 conservos,

428 3822 533 3874 imo
560 3821 626 3873 ad
652 3833 838 3873 servos
866 3830 987 3871 sese
1016 3816 1266 3879 demittit,
1293 3824 1455 3884 atque
1499 3813 1725 3867 alienam
1757 3814 1987 3868 lormam

426 3910 669 3979 suscipit,
702 3917 868 3963 totum
900 3923 983 3962 me
1040 3907 1222 3967 simul,
1257 3922 1378 3960 cum
1435 3906 1500 3958 iis
1540 3921 1659 3974 qua:
1688 3921 1802 3959 mea
1836 3914 1983 3968 sunt,

430 4003 480 4055 in
520 4002 698 4069 seipso
734 4000 933 4061 ferens,
982 4007 1059 4061 ιιι,
1118 3997 1256 4064 quod
1293 3996 1531 4048 deterius
1574 4004 1676 4056 est,
1730 3994 1781 4045 in
1814 3993 1989 4060 seipso

429 4091 696 4153 absumat,
718 4100 772 4142 et
793 4087 1072 4151 conﬁciat,
1102 4100 1205 4139 non
1233 4098 1391 4137 secus
1422 4098 1485 4135 ac
1516 4096 1694 4135 Ceram
1727 4081 1994 4148 lgnis,aut

432 4190 586 4233 terra:
618 4192 872 4246 vaporem
911 4177 1039 4229 solis
1079 4176 1285 4237 radius,
1330 4185 1490 4241 atque
1542 4172 1655 4240 ipse
1693 4171 1761 4225 ob
1809 4169 1991 4237 hujus-

432 4269 572 4322 modi
614 4267 1050 4333 conjunctionem
1078 4266 1339 4320 bonorum
1368 4264 1513 4317 illius
1548 4261 1820 4330 particeps
1841 4261 1985 4314 llam.

428 4359 696 4424 Quocirca
729 4373 786 4410 re
845 4357 959 4425 ipsa
1008 4356 1368 4410 obedientiam
1406 4356 1607 4407 honore
1635 4351 1819 4417 allicit,
1854 4367 1992 4406 eam-

428 4464 539 4517 que
572 4448 933 4517 perpetiendis
959 4447 1237 4500 doloribus
1278 4446 1594 4513 experitur;
1632 4460 1803 4513 neque
1848 4446 1991 4498 enim

2279 2911 2387 2978 Τῆς
2433 2910 2487 2961 δὲ
2528 2910 2693 2978 αὑτῆς
2728 2909 2909 2977 ἔχεται
2942 2908 3192 2979 θεωρίας,
3226 2909 3318 2961 καὶ
3358 2908 3417 2960 τὸ
3454 2907 3647 2977 μαθεῖν

2080 3003 2241 3055 αὑτὸν
2266 3003 2363 3072 τὴν
2396 3001 2638 3072 ὑπακοὴν
2671 2998 2730 3064 ἐξ
2757 2995 2831 3053 ὧν
2860 3000 3059 3053 ἔπαθεν
3085 3017 3098 3030 ·
3132 3002 3167 3070 ἦ
3196 3018 3253 3053 τε
3284 3001 3522 3072 κραυγὴ,
3551 3001 3647 3053 καὶ

2078 3090 2148 3145 τὰ
2172 3090 2400 3161 δάκρυα,
2431 3091 2523 3142 καὶ
2553 3090 2612 3142 τὸ
2647 3088 2939 3151 ἱκετεῦσαι,
2975 3088 3069 3141 καὶ
3115 3088 3176 3141 τὸ
3207 3088 3643 3158 εἰσακουσθῆναι,

2080 3181 2174 3236 καὶ
2204 3180 2264 3233 τὸ
2292 3180 2517 3242 εὐλαϐές
2536 3196 2549 3209 ⁸
2584 3179 2621 3233 ὃ.
2652 3179 3145 3249 δραματουργεῖται
3324 3178 3419 3230 καὶ
3452 3177 3648 3229 πλέκε-

2076 3288 2168 3330 ται
2200 3270 2517 3341 θαυμασίως
2547 3270 2686 3341 ὑπὲρ
2716 3269 2891 3340 ἡμῶν.
3058 3270 3144 3332 Ὡς
3186 3269 3283 3339 μὲν
3313 3269 3420 3339 γὰρ
3452 3267 3644 3335 Λόγος,

2077 3362 2199 3416 οὔτε
2230 3364 2470 3432 ὑπήκοος
2501 3357 2588 3431 ἦν,
2624 3359 2746 3412 οὔτε
2791 3363 3037 3430 ἀνήκοος.
3071 3360 3189 3412 Τῶν
3223 3359 3330 3428 γὰρ
3360 3358 3462 3410 ὑπὸ
3491 3362 3647 3429 χεῖρα

2076 3456 2268 3519 ταῦτα,
2296 3455 2388 3507 καὶ
2414 3454 2519 3506 τῶν
2542 3454 2803 3524 δευτέρων
2823 3469 2838 3483 °
2869 3452 2929 3504 τὸ
2961 3452 3059 3522 μὲν
3085 3453 3192 3503 τῶν
3216 3450 3649 3519 εὐγνωμονεστέ-

2081 3565 2208 3617 ρων,
2248 3546 2308 3598 τὸ
2363 3546 2419 3598 δὲ
2477 3545 2581 3598 τῶν
2641 3544 2804 3608 ἀξίων
2860 3542 3153 3604 κολάσεως.
3214 3541 3300 3603 Ὡς
3356 3540 3412 3593 δὲ
3457 3539 3646 3593 δούλου

2082 3633 2282 3703 μορφὴ,
2321 3631 2738 3699 συγκαταϐαίνει
2785 3633 2893 3693 τοῖς
2925 3629 3232 3699 ὁμοδούλοις
3281 3629 3372 3681 καὶ
3418 3628 3643 3691 δούλοις.

2078 3726 2170 3778 καὶ
2193 3723 2488 3794 μορφοῦται
2514 3723 2578 3775 τὸ
2593 3722 2889 3793 ἀλλότριον,
2914 3721 3032 3775 ὅλον
3055 3723 3110 3772 ἐν
3137 3720 3314 3790 ἑαυτῷ
3340 3721 3438 3790 ἐμὲ
3464 3721 3646 3790 φέρων

2082 3814 2219 3886 μετὰ
2261 3815 2366 3867 τῶν
2414 3814 2563 3884 ὲμών
2606 3852 2622 3875 ,
2771 3814 2858 3866 ἴνα
2913 3812 2971 3866 ὲν
3019 3810 3196 3880 ἑαυτῷ
3247 3811 3531 3881 δαπανὴσῃ
3586 3810 3646 3863 τὸ

2076 3911 2254 3978 χεῖρον
2291 3940 2309 3966 ,
2440 3906 2514 3969 ὡς
2546 3905 2716 3976 κηρὸν
2750 3904 2877 3975 πῦρ,
2909 3904 2942 3974 ἢ
2980 3904 3054 3966 ὼς
3083 3902 3281 3973 ἀτμίδα
3333 3903 3435 3972 γῆς
3472 3902 3643 3972 ἥλιος,

2079 3997 2230 4065 κάγὼ
2266 3997 2547 4069 μεταλάὸω
2571 3996 2679 4049 τῶν
2709 3996 2916 4048 ἐκείνου
2946 3995 3032 4047 διὰ
3064 3993 3163 4064 τὴν
3196 3994 3517 4064 σύγκρασιν.
3545 3993 3647 4046 Διὰ

2075 4087 2232 4142 τοῦτο
2274 4089 2419 4159 ἔργῳ
2461 4088 2595 4158 τιμᾷ
2640 4087 2739 4156 τὴν
2778 4086 3043 4156 ὑπακοὴν,
3090 4083 3182 4137 καὶ
3220 4085 3474 4153 πειρᾶται
3508 4081 3643 4135 ταὺ-

2074 4199 2174 4253 της
2207 4224 2221 4246 ,
2362 4184 2426 4234 ὲκ
2467 4179 2561 4231 τοῦ
2598 4178 2817 4231 παθεῖν’
2862 4178 2921 4229 οὑ
2954 4177 3063 4246 γὰρ
3098 4175 3279 4228 ἱκανὸν
3311 4177 3343 4244 ἡ
3380 4172 3641 4237 διάθεσις,

2076 4273 2261 4344 ὥσπερ
2290 4273 2411 4325 οὑδὲ
2457 4272 2607 4341 ἡμῖν,
2657 4271 2706 4322 εἰ
2752 4268 2824 4340 μὴ
2870 4268 2964 4320 καὶ
3010 4268 3098 4321 διὰ
3146 4266 3253 4319 τῶν
3302 4264 3645 4334 πραγμάτων

2072 4365 2442 4436 χωρήσαιμεν·
2474 4361 2630 4432 ἔργον
2650 4360 2777 4431 γὰρ,
2801 4359 3073 4424 ἀπόδειξις
3097 4355 3409 4419 διαθέσεως.
3435 4354 3508 4407 Οὑ
3540 4355 3648 4424 χεῖ-

2078 4474 2168 4515 ρον
2187 4456 2242 4507 δὲ
2255 4456 2383 4515 ἴσως
2409 4454 2626 4506 κάκεῖνο
2651 4450 2959 4511 ὑπολαϐεῖν,
2983 4452 3065 4502 ὅτι
3083 4446 3365 4517 δοκιμάζει
3394 4446 3494 4517 τὴν
3508 4448 3644 4515 ἠμεσ

430 4538 728 4594 sufﬁciebat
748 4538 911 4591 animi
938 4538 1173 4602 aﬂectio,
1204 4536 1651 4605 quemadmodum
1688 4552 1788 4591 nec
1817 4537 1986 4594 nobis.

2087 4546 2239 4613 πέραν
2306 4542 2551 4612 ὑπακοὴν
2581 4583 2599 4607 ,
2658 4540 2753 4592 καὶ
2816 4538 2994 4591 πάντα
3036 4538 3222 4607 μετρεῖ
3289 4539 3399 4597 τοῖς
3455 4536 3650 4589 ἑαυτοῦ

429 4631 533 4684 nisi
572 4645 788 4683 manum
818 4643 1028 4697 quoque
1065 4628 1319 4696 operibus
1358 4630 1742 4681 admoveamus
1789 4647 1802 4681 :
1851 4642 1990 4693 opus

417 4727 596 4791 enim,
627 4725 934 4779 allectionis
954 4721 1121 4777 animi
1157 4719 1453 4773 declaratio
1477 4726 1576 4771 est.
1614 4715 1719 4769 Nec
1738 4713 1874 4767 forte
1899 4727 1991 4781 pe-

420 4816 509 4884 jus
546 4814 711 4868 luerit
754 4812 1090 4877 existimare,
1144 4809 1287 4876 quod
1331 4804 1693 4863 obedientiam
1746 4812 1987 4856 nostrain

418 4904 692 4973 exploret,
721 4902 1179 4973 passionibusque
1202 4904 1319 4954 suis
1349 4897 1532 4952 omnia
1568 4892 1839 4955 metiatur,
1874 4898 1990 4943 arte

422 5000 664 5068 quadam
705 4998 1058 5053 humanitatis
1110 5005 1162 5049 et
1215 4991 1601 5049 bcnevolemia:
1638 5002 1764 5055 erga
1819 4999 1989 5055 genus

425 5106 681 5148 nostrum
717 5107 732 5144 :
786 5092 856 5146 ita
893 5101 951 5144 ut
998 5104 1062 5142 ex
1099 5087 1215 5141 suis
1250 5095 1444 5140 nostra
1496 5084 1764 5136 aestimare
1793 5088 1988 5147 queat,

431 5197 813 5255 quantumque
871 5195 923 5239 et
952 5198 980 5237 a
1014 5181 1173 5236 nobis
1195 5179 1334 5247 exigi
1368 5188 1419 5231 et
1443 5174 1735 5231 condonari
1777 5172 1991 5232 debeat,

437 5292 674 5348 expensa
719 5278 979 5331 nimirttm
1011 5292 1132 5329 cum
1168 5272 1510 5340 passionibus
1552 5268 1746 5321 virium
1777 5274 1990 5320 ttoslra-

2079 4635 2275 4690 πάθεσι
2352 4635 2510 4703 τέχνῃ
2555 4631 2984 4701 φιλανθρωπίας
3053 4631 3193 4682 ὥστε
3260 4627 3403 4696 ἔχειν
3452 4628 3651 4679 εἰδέναι

2086 4728 2196 4788 τοῖς
2221 4725 2416 4778 ἑαυτοῦ
2473 4725 2540 4776 τὰ
2578 4724 2840 4793 ἡμέτερα,
2893 4720 2987 4774 καὶ
3026 4721 3191 4771 πόσον
3237 4720 3335 4786 μὲν
3383 4719 3651 4770 ἀπαιτού-

2083 4820 2241 4888 μεθα,
2293 4817 2457 4869 πόσον
2501 4816 2556 4868 δὲ
2585 4812 3038 4884 συγχωρούμεθα,
3102 4811 3453 4878 λογιζομένης
3514 4808 3651 4876 μετὰ

2084 4910 2178 4965 τοῦ
2212 4910 2442 4979 πάσχειν
2466 4908 2558 4961 καὶ
2580 4909 2676 4977 τῆς
2717 4906 3020 4968 ἀσθενείας.
3080 4906 3201 4958 Ἔτι
3247 4904 3303 4956 δὲ
3358 4901 3653 4971 προ-ιθήσω

2085 5006 2197 5063 τοῖς
2220 5004 2529 5073 εἰρημένοις
2560 5004 2752 5064 ἐκεῖνο,
2787 4998 3119 5067 ἐνθυμηθετς
3173 4997 3252 5053 τὸ.
3308 4995 3412 5048 Ἐν
3458 4988 3505 5059 ᾧ
3546 4994 3652 5059 γὰρ

2086 5095 2407 5156 πέπονθεν,
2441 5092 2621 5157 αὐτὸς
2648 5091 3008 5161 πειρασθεὶς.
3039 5090 3285 5143 δύναται
3303 5086 3424 5153 τοῖς
3454 5100 3652 5152 πείρας

2089 5188 2353 5252 ζομένοις
2377 5185 2705 5252 βοηθῆσαι,
2732 5184 2919 5252 σαφῶς
2954 5182 3090 5254 πρὸς
3127 5181 3226 5253 τὴν
3276 5180 3447 5250 αὐτὴν
3489 5178 3653 5247 φέρον

2092 5282 2355 5334 διάνοιαν.

426 5385 550 5423 rum
590 5373 991 5427 imbecillitate.
1010 5371 1217 5424 Addam
1243 5371 1371 5424 illud
1398 5386 1618 5439 quoque
1645 5373 1712 5426 iis
1744 5388 1863 5442 qua:
1890 5374 2031 5428 dicta
2056 5385 2200 5439 sunt,
2235 5377 2407 5429 locum
2438 5374 2584 5429 hunc
2613 5389 2824 5429 mecum
2848 5379 3141 5442 reputans:
3176 5364 3240 5422 In
3266 5382 3364 5437 quo
3380 5367 3517 5419 enim
3540 5379 3657 5430 pas-

426 5478 520 5516 sus
552 5472 651 5528 est,
682 5464 792 5536 ipse
820 5474 1070 5529 tentatus,
1105 5473 1270 5531 potest
1296 5466 1382 5528 iis,
1409 5466 1498 5531 qui
1527 5474 1818 5525 tentantur,
1851 5467 2105 5525 auxiliari
2135 5467 2178 5532 ⁸,
2212 5467 2355 5538 quod
2392 5468 2676 5538 perspicue
2701 5467 2765 5521 ad
2798 5466 3049 5522 eumdem
3072 5479 3292 5521 sensum
3324 5460 3514 5517 tendit.

504 5736 524 5768 ⁸
560 5731 709 5789 Psal.
748 5749 859 5801 xxi,
895 5736 944 5790 t.
1022 5738 1040 5768 ’
1067 5734 1229 5790 llebr.
1270 5753 1321 5803 v,
1359 5737 1412 5804 8,
1446 5737 1497 5791 7.
1575 5736 1775 5791 ’llelm.
1810 5751 1868 5799 ιι,
1906 5735 1989 5791 l8.
