4042 6204
271 560 298 588 ι·

317 334 412 396 581
1243 339 1329 398 ΡΛ
1343 338 1537 398 NOPL
1551 339 1568 398 l
1582 343 1626 398 Α
1674 339 1818 403 DOG
1835 343 1886 402 Μ

2006 345 2244 405 1CA.—
2273 348 2420 413 TIT.
2467 353 2568 415 Χῖ.
3485 369 3591 433 589

747 445 849 502 Ἐκ
877 448 982 505 τοῦ
1003 448 1190 506 αὐτοῦ
1218 453 1428 521 λόγου.

2507 463 2590 516 Ex
2617 465 2794 520 eadem
2828 471 3089 526 oratione.

386 545 605 597 Ἔσται
651 541 722 595 δὲ
753 545 785 596 ό
827 544 971 608 Θεὸς
1011 542 1319 597 τὰ’πάντα
1369 543 1679 612 avritiam,
1719 549 1777 599 ὲν
1823 548 1900 618 τῷ

309 635 491 707 καιρῷ
535 637 638 703 τῆς
685 636 1208 699 ἀποκαταστάσεως⁹
1249 637 1348 707 ούχ
1395 640 1424 691 ὁ
1489 639 1700 710 Πατὴρ,
1765 642 1903 693 πάν·

305 749 414 793 τως
466 732 547 792 εἰς
588 729 752 781 αὑτὸν
801 729 1163 792 ἀναλυθέντος
1217 730 1312 782 τοῦ
1374 731 1528 792 Υίοῦ,
1581 733 1771 804 ὥσπερ
1822 738 1901 799 εἰς

308 823 496 892 πυρὰν
554 823 801 892 μεγάλην
855 822 1138 892 λαμπάδος
1197 823 1336 890 πρὸς
1391 825 1586 895 καιρὸν
1648 829 1902 880 ἀποσπα-

307 916 560 984 σθείσης,
620 913 738 970 εἷτα
802 917 1189 983 συναφθείσης,
1259 918 1397 987 μηδὲ
1459 919 1568 988 γὰρ
1621 921 1899 974 Σαδέλλιοι

304 1007 386 1074 τῷ
448 1008 601 1077 ρητῷ
677 1009 853 1076 τούτῳ
923 1008 1544 1077 παραφοειρέσθωσαν,
1610 1011 1724 1063 ἀλλ’
1782 1013 1901 1074 ὅλος

305 1100 467 1162 Θεὸς,
504 1101 636 1152 ὅταν
681 1101 879 1170 μηκέτι
924 1101 1096 1154 πολλὰ
1151 1118 1327 1170 ωμεν,
1407 1101 1598 1171 ὥσπερ
1646 1103 1741 1156 νῦν
1787 1108 1903 1166 τοῖς

307 1202 582 1260 κινήμασι
635 1195 882 1254 καὶτοῖς
924 1194 1179 1261 πάθεσιν,
1240 1194 1395 1248 οὐδὲν
1453 1197 1592 1254 ὅλως
1646 1196 1806 1257 Θεοῦ,
1867 1197 1899 1267 ἢ

308 1285 495 1354 ὀλίγον
521 1289 579 1338 ἐν
603 1288 735 1355 ἡμῖν
775 1286 960 1349 αὐτοῖς
985 1288 1263 1356 φέροντες,
1319 1287 1435 1340 ἀλλ’
1467 1289 1577 1341 ὅλοι
1625 1289 1901 1352 θεοειδεῖς,

309 1380 441 1431 ὅλου
507 1379 644 1430 Θεοῦ
724 1383 1027 1448 χωρητικοι
1086 1382 1179 1431 καὶ
1239 1381 1426 1449 μόνου·
1471 1381 1632 1434 τοῦτο
1698 1384 1809 1452 γὰρ
1867 1385 1900 1452 ἡ

307 1473 618 1540 τελείωσις,
656 1473 794 1542 πρὸς
844 1476 910 1541 ἦν
971 1473 1298 1544 σπεύδομεν·
1343 1477 1636 1546 τεκμηριοῖ
1696 1476 1752 1528 δὲ
1799 1476 1902 1546 μά·

306 1567 476 1620 λιστα
528 1565 740 1628 Παῦλος
792 1567 974 1628 αὐτός’
1031 1566 1059 1618 ὃ
1109 1567 1218 1635 γὰρ
1268 1567 1504 1620 ἐνταῦθα
1580 1568 1706 1637 περὶ
1759 1567 1894 1621 Θεοῦ

307 1674 483 1728 φησιν
505 1658 797 1727 ἀορίστως,
830 1656 1065 1728 ἀλλαχοῦ
1096 1659 1283 1726 σαφῶς
1312 1659 1616 1728 περιορίζει
1649 1657 1896 1729 Χριστῷ.

2006 1659 2269 1727 conjicit;
2302 1663 2447 1729 quod
2493 1667 2638 1718 enim
2678 1669 2765 1722 hic
2795 1669 2860 1723 de
2896 1669 3006 1724 Deo
3041 1675 3320 1730 indeﬁnite
3344 1681 3440 1743 ait,
3473 1681 3584 1734 alio

304 1754 376 1804 Ὑί
402 1752 610 1818 λέγων;
644 1749 836 1803 Ὅπου
861 1751 972 1803 οὐκ
990 1749 1082 1802 ἔνι
1113 1750 1373 1815 ’Έλληη
1409 1750 1553 1802 οὐδὲ
1572 1748 1895 1816 Ἰουδαῖος,

2011 1752 2130 1806 loco
2159 1755 2526 1823 apertissimis
2551 1760 2735 1814 verbis
2761 1761 2981 1816 Christo
3009 1767 3286 1834 sigillatim
3311 1775 3582 1827 attribuit.

307 1810 606 1913 περιτομῆ
657 1844 758 1897 καὶ
805 1843 1194 1910 ἀκροϐυστία,
1243 1810 1572 1910 βάρϐαρος,
1633 1810 1893 1910 Σκύθης,

2197 1810 2209 1823 _
2349 1810 2354 1811 ν
2565 1810 2610 1812 ν-
2652 1810 2732 1814 ν---
2772 1810 2976 1816 ,----_..,
3009 1810 3286 1834 -.,,..........

2006 1845 2212 1911 Quibus
2248 1848 2475 1902 verbis?
2507 1847 2606 1903 Ubi
2643 1868 2746 1904 non
2793 1863 2870 1906 est
2909 1855 3149 1918 ercus,
3185 1877 3286 1914 non
3331 1862 3581 1937 Judteus,

306 1943 558 2005 δοῦλος,
587 1938 919 2006 ἐλεύθερος·
945 1935 1108 1990 ἀλλὰ
1139 1934 1210 1987 τὰ
1231 1934 1430 1987 πάντα
1476 1936 1574 1989 καὶ
1625 1937 1696 1988 ἐν
1727 1933 1887 1993 πᾶσι

2006 1942 2330 1994 circumcisio
2351 1952 2398 1995 et
2415 1947 2759 2012 prwputium,
2787 1947 3044 2003 barbarus
3067 1962 3115 2002 et
3144 1949 3366 2021 Scytha,
3400 1933 3582 2009 cervus

307 2034 592 2100 Χριστός.

2006 2043 2048 2085 ει
2073 2035 2206 2086 liber
2234 2051 2251 2092 :
2287 2036 2376 2088 sed
2393 2038 2570 2090 omnia
2601 2053 2649 2091 et
2673 2041 2726 2091 in
2753 2041 2995 2095 omnibus
3019 2041 3257 2097 Christus
3288 2047 3329 2099 ².
3530 2054 3564 2092 ⁸

385 2125 620 2192 Τρίτον,
694 2121 918 2191 ἀρίθμει
1013 2122 1095 2184 τδ,
1143 2120 1380 2190 μεῖζον·
1450 2122 1710 2192 τέταρτον
1794 2122 1897 2187 τὸ,

2097 2125 2280 2179 'l‘ertio
2341 2129 2462 2181 loco
2531 2145 2716 2185 \ocem
2775 2132 2918 2186 lianc
2954 2171 2968 2195 ,
3031 2135 3205 2203 major
3241 2135 3308 2199 ⁸,
3361 2152 3578 2191 nume-

310 2215 465 2268 θεόν
497 2231 617 2282 μου
669 2213 768 2267 καὶ
838 2211 988 2266 Θεὸν
1043 2213 1231 2281 ὑμῶν.
1288 2212 1350 2263 El
1390 2209 1493 2278 μὲν
1545 2207 1639 2264 οὖν
1685 2214 1898 2282 μείζων

2006 2227 2126 2270 rant
2155 2232 2169 2270 :
2199 2232 2396 2286 quarto
2423 2221 2573 2282 item,
2612 2221 2777 2276 Deum
2815 2240 2985 2276 meum
3009 2236 3057 2277 ει
3091 2228 3256 2278 Deum
3292 2227 3575 2284 vestrum‘.

319 2304 418 2371 μὲν
448 2300 682 2367 ἐλέγετο,
721 2295 795 2365 μὴ
849 2297 960 2359 ίσος
1123 2299 1200 2362 δὲ,
1241 2300 1382 2369 τάχα
1421 2301 1486 2354 ἂν
1527 2299 1593 2371 ἦν
1636 2322 1688 2356 τι
1728 2307 1886 2360 τοῦτο

2013 2316 2173 2376 Sane,
2206 2314 2246 2365 si
2275 2310 2442 2376 major
2468 2310 2684 2378 quidem
2713 2310 3002 2370 diceretur,
3044 2324 3146 2361 non
3174 2311 3297 2361 item
3326 2309 3572 2377 aequalis,

314 2396 536 2457 αὐτοῖς·
575 2395 624 2446 εί
661 2393 717 2448 δὲ
759 2393 1042 2465 ἀμφότερα
1091 2393 1277 2462 σαφῶς
1323 2393 1668 2466 εὑρίσκομεν,
1702 2399 1755 2452 τί
1790 2401 1892 2472 φής

2011 2407 2237 2459 l'ortasse
2268 2403 2372 2455 vim
2409 2401 2640 2469 aliquam
2693 2400 2915 2453 haberet
2948 2401 3088 2468 quod
3141 2399 3392 2452 alierum.
3435 2399 3567 2453 Cum

318 2501 503 2538 σουσιν
535 2485 584 2537 οἱ
617 2485 900 2554 γεννάδαι;
931 2483 983 2535 τί
1015 2482 1076 2535 τὸ
1111 2483 1327 2554 ἰσχυρὸν
1358 2485 1574 2551 αὐτοῖς;
1611 2488 1726 2551 πῶς
1756 2507 1894 2561 συμ-

2010 2499 2185 2543 autem
2211 2498 2498 2555 utrumque
2533 2487 2756 2540 inveniri
2792 2486 2995 2554 liquido
3049 2495 3282 2549 constet,
3303 2485 3429 2555 quid
3452 2496 3571 2539 tan—

320 2582 547 2652 ϐήσεται
578 2581 648 2634 τὰ
670 2582 770 2634 ἀσύ
781 2581 994 2652 μὸατα;
1016 2581 1077 2633 τὸ
1097 2579 1205 2649 γὰρ
1235 2579 1366 2633 αὐτὸ
1390 2578 1483 2631 τοῦ
1509 2579 1669 2632 αὐτοῦ
1695 2579 1892 2650 ὁμοίως

2013 2581 2132 2634 dem
2166 2580 2406 2648 generosi
2441 2577 2686 2632 homines
2740 2577 2960 2632 dicenti?
2991 2578 3128 2643 Quid
3178 2578 3382 2631 roboris
3416 2579 3574 2631 habe-

324 2673 509 2742 μεῖζον
543 2674 637 2726 καὶ
672 2675 784 2726 ῐσον
813 2668 971 2734 εἶναι,
1002 2671 1110 2724 τῶν
1135 2672 1439 2724 ἀδυνάτων*
1465 2669 1697 2740 ἢδῆλον,
1726 2671 1805 2723 ὅτι
1835 2670 1893 2722 τὸ

2011 2672 2177 2726 bunt?
2227 2670 2502 2736 Quomodo
2546 2670 2902 2732 convenient,
2959 2685 3080 2737 quae
3134 2669 3422 2723 convenire
3469 2683 3564 2722 ne-

2012 2760 2246 2830 queunt?
2288 2758 2432 2812 Idem
2473 2757 2614 2811 enim
2645 2756 2822 2824 seipse
2870 2756 3062 2822 majus,
3104 2757 3410 2822 pariterque
3468 2755 3568 2807 sibi

2011 2853 2112 2922 ipsi
2131 2851 2349 2919 aequale,
2382 2849 2494 2903 ﬁeri
2527 2862 2632 2901 non
2655 2855 2849 2916 potest.
2880 2845 3064 2900 Nonne
3084 2861 3210 2913 ergo
3231 2844 3567 2912 perspicuum

2079 551 2234 608 Sicut
2259 556 2422 610 etiam
2453 575 2467 611 ε
2501 558 2618 611 Erit
2645 572 2820 615 autent
2845 566 2982 618 Deus
3017 583 3198 620 omma
3228 570 3282 622 in
3308 576 3581 632 omnibus'

2010 645 2106 698 illo
2129 649 2496 703 restitutionis
2518 661 2786 720 tempore;
2814 671 2920 708 non
2947 659 3136 724 utique
3165 659 3348 728 Pater,
3380 671 3590 724 resolu-

2008 747 2061 791 to
2098 737 2348 793 videlicet
2383 743 2433 792 in
2473 743 2650 809 ipsum
2684 745 2842 810 Filio,
2874 764 2979 801 IIOII
3007 765 3177 808 secus
3202 770 3266 808 ac
3294 758 3338 810 si
3372 759 3457 813 fax
3484 764 3590 816 ali-

2007 846 2111 899 qua
2159 833 2224 884 ad
2257 834 2477 901 aliquod
2519 846 2731 904 tempus
2763 839 2831 892 ab
2877 841 3079 907 ingenti
3121 861 3252 915 rogo
3285 855 3585 916 abstracta,

2006 922 2059 976 in
2091 938 2214 976 eum
2238 941 2430 980 rursus
2455 929 2803 1000 (adjungatur
2825 948 2998 1002 neque
3016 939 3161 989 enim
3189 943 3482 996 Sabelliani
3505 947 3588 1000 his

2005 1016 2191 1071 verbis
2246 1018 2564 1088 abutantur)
2593 1061 2607 1085 ,
2642 1024 2735 1075 sed
2774 1034 2920 1079 totus
2976 1027 3147 1093 Deus;
3208 1040 3318 1084 tum
3357 1050 3584 1103 nempe,

2006 1125 2127 1162 cum
2156 1109 2269 1177 jam
2306 1129 2413 1164 non
2467 1114 2620 1168 multi
2650 1117 2874 1184 erimus,
2923 1121 3064 1175 sicut
3092 1140 3239 1178 nunc
3277 1144 3468 1184 sumus
3502 1147 3584 1185 ra-

2009 1201 2158 1255 tione
2218 1218 2464 1260 motuum
2523 1216 2577 1262 et
2609 1209 2999 1275 aﬂecdunum,
3043 1217 3179 1270 nihil
3231 1220 3454 1273 omnino
3492 1223 3586 1276 Dei

2005 1299 2286 1358 gestantes
2315 1294 2366 1346 in
2398 1296 2578 1363 nobis,
2608 1308 2704 1352 aut
2732 1302 2925 1356 saltem
2952 1320 3169 1373 parum,
3197 1311 3294 1362 sed
3331 1313 3428 1364 toti
3466 1313 3584 1367 dei-

2005 1381 2250 1449 formes,
2323 1387 2598 1456 totiusque
2655 1406 2719 1444 ac
2783 1395 2956 1448 solius
3015 1397 3104 1449 Dei
3162 1405 3585 1467 eapaces:h.-rc

2005 1474 2148 1527 enim
2187 1490 2250 1529 ea
2307 1478 2572 1545 perfectio
2612 1492 2728 1547 est,
2777 1485 2846 1538 ad
2887 1503 3050 1555 quam
3109 1493 3255 1545 omni
3303 1494 3587 1552 celeritate

2005 1580 2406 1635 propera-mus;
2463 1572 2609 1639 quod
2669 1575 2886 1642 quidem
2931 1578 3130 1635 Paulus
3176 1582 3292 1648 ipse
3345 1587 3587 1642 maxime

325 2762 510 2829 μεῖζον
538 2762 637 2831 μέν
666 2763 779 2814 ἐστι
811 2761 907 2832 τῆς
935 2761 1130 2823 αἰτίας,
1164 2759 1224 2811 τὸ
1254 2761 1309 2812 δὲ
1343 2759 1476 2824 ἴσον,
1505 2760 1605 2827 τῆς
1640 2760 1851 2827 φύσεως
1877 2777 1890 2824 ;

325 2851 418 2902 καὶ
465 2850 626 2903 τοῦτο
673 2852 776 2905 ὑπὸ
821 2851 1021 2922 πολλῆς
1066 2849 1481 2919 εὐγνωμοσύνης
1525 2849 1893 2919 ὁμολογοῦμεν

322 2941 504 3009 ἡμεῖς.
533 2943 684 3011 Τάχα
725 2942 768 2993 δ’
816 2941 882 2995 ἂν
920 2942 1062 2994 εἴποι
1111 2959 1194 3004 τις
1238 2940 1396 3003 ἄλλος
1583 2939 1661 3009 τῷ
1699 2941 1896 3011 ἡμετέ-

2011 2952 2090 2997 est
2121 2941 2336 3007 majoris
2375 2954 2556 2993 vocem
2617 2940 2684 2991 ad
2736 2952 2979 3000 causam,
3035 2935 3256 3002 aequalis
3285 2947 3466 2986 autem
3502 2935 3568 2986 ad

323 3047 401 3099 ρῳ
557 3032 702 3101 λόγῳ
729 3032 1188 3102 προσφιλονεικῶν
1231 3068 1247 3092 ,
1385 3029 1460 3101 μὴ
1501 3030 1719 3086 ἔλαττον
1755 3027 1895 3085 εἶναι

2013 3042 2260 3088 naturam
2307 3029 2642 3085 referendam
2676 3028 2835 3082 esse?
2890 3026 2967 3081 Ac
3024 3040 3118 3078 nos
3153 3024 3288 3078 istud
3348 3024 3578 3091 ingenue

324 3120 382 3171 τδ
409 3122 474 3173 ἐκ
501 3121 756 3193 τοιαύτης
779 3123 955 3184 αἰτίας
979 3117 1117 3174 εἶναι
1153 3119 1246 3172 τοῦ
1270 3119 1530 3172 ἀναιτίου.
1699 3123 1809 3191 Τῆς
1838 3141 1895 3176 τε

2011 3122 2298 3176 admodum
2332 3129 2385 3175 et
2414 3120 2638 3173 candide
2691 3117 3034 3172 conﬁtemur.
3092 3112 3347 3168 Fortasse
3386 3120 3562 3166 autem

318 3207 426 3277 γὰρ
450 3205 546 3258 τοῦ
576 3207 810 3274 ἀνάρχου
838 3205 994 3274 δόξης
1030 3206 1245 3275 μετέχοι
1274 3206 1362 3268 ἂν,
1389 3207 1470 3259 ὅτι
1500 3209 1564 3261 ἐκ
1607 3210 1700 3264 τοῦ
1732 3213 1896 3281 ἀνάρ-

321 3312 411 3364 too
427 3313 441 3325 ο
466 3295 563 3348 καὶ
585 3295 872 3364 πρόσεστιν
895 3294 928 3364 ἡ
953 3295 1222 3365 γέννησις,
1253 3297 1485 3368 πρᾶγμα
1632 3303 1853 3356 τοσοῦτο
1878 3337 1893 3361 ,

321 3387 428 3447 τοῖς
459 3402 522 3452 γε
571 3383 697 3436 νοῦν
750 3384 950 3453 ἔχουσι,
1002 3385 1096 3436 καὶ
1146 3385 1289 3438 οὕτω
1479 3387 1790 3460 σεϐάσμιον.
1823 3389 1895 3442 Τὸ

323 3475 428 3545 γὰρ
460 3475 525 3547 δὴ
559 3474 759 3542 λέγειν,
786 3477 866 3529 ὅτι
892 3475 986 3528 τοῦ
1013 3476 1150 3529 κατὰ
1177 3477 1268 3530 τὸν
1291 3476 1576 3551 ἄνθρωπον
1605 3481 1895 3552 νοουμένου

324 3568 524 3635 μείζων
564 3607 580 3629 ,
717 3565 912 3636 ἀληθὲς
957 3567 1074 3635 μὲν,
1115 3568 1176 3620 οὐ
1225 3567 1369 3638 μέγα
1403 3568 1488 3622 δέ’
1524 3567 1577 3622 τί
1612 3570 1722 3643 γὰρ
1763 3570 1896 3624 θαυ‹
2007 3573 2148 3640 cipio
2173 3579 2363 3632 caret,
2423 3568 2686 3634 originem
2744 3565 2930 3623 trahit,
2972 3565 3088 3627 ejus
3141 3571 3354 3625 quoque
3390 3565 3502 3656 glor

324 3656 545 3725 μαστὸν,
574 3656 623 3708 εί
651 3655 848 3726 μείζων
869 3655 1154 3727 ἀνθρώπου
1181 3659 1311 3722 Θεὸς
1335 3677 1349 3724 ;
1375 3659 1558 3712 Ταῦτα
1582 3660 1679 3730 μὲν
1801 3658 1897 3713 οῦν

2006 3671 2212 3728 partem
2253 3660 2351 3713 sibi
2389 3658 2660 3710 vindicat:
2691 3663 2744 3707 et
2772 3651 2981 3706 accedit
3013 3651 3232 3716 insuper
3267 3651 3575 3716 generatio-

322 3747 557 3817 εἰρήσθω
591 3747 726 3818 πρὸς
752 3748 876 3810 τοὺς
903 3748 964 3800 τὸ
985 3747 1185 3818 μεῖζον
1215 3750 1612 3819 κομπάζοντας.

2007 3753 2093 3804 nis
2130 3748 2510 3820 prierogativa,
2542 3760 2626 3798 res
2663 3752 2835 3802 tanta,
2901 3751 3118 3806 tamque
3151 3734 3475 3794 veneranda,
3509 3733 3581 3787 iis

323 3840 539 3904 quidem
578 3849 744 3901 certe,
790 3840 878 3908 qui
933 3852 1110 3894 mente
1141 3842 1346 3909 praediti
1382 3852 1526 3897 sunt.
1571 3840 1730 3907 Nam,
1759 3843 1899 3910 qnod
1942 3843 2153 3896 ratione
2179 3837 2532 3895 humanitatis
2561 3835 2721 3890 Pater
2786 3832 2923 3887 Filio
2988 3828 3159 3896 major
3198 3825 3582 3894 intelligendus

323 3931 411 3992 sit,
444 3944 574 3982 vere
614 3931 828 3996 quidem
861 3931 963 3984 dici
1003 3942 1197 4001 potest,
1235 3933 1326 3986 sed
1388 3948 1490 3986 non
1539 3934 1758 4002 perinde
1795 3934 2130 3988 honoriﬁce:
2162 3931 2288 4001 quid
2357 3930 2500 3984 enim
2531 3928 2749 3987 mirum,
2813 3925 2977 3977 Demn
3047 3919 3259 3974 homine
3317 3919 3578 3984 majorem

325 4020 483 4076 esse?
519 4021 698 4088 Atque
737 4022 850 4076 haec
884 4023 1011 4076 mihi
1046 4023 1187 4076 dicta
1215 4025 1320 4076 sint
1368 4021 1626 4078 adversus
1656 4039 1768 4084 eos.
1801 4027 1894 4094 qui
1936 4025 2160 4096 majoris
2195 4038 2379 4078 vocem
2405 4017 2724 4074 insolentius
2750 4014 2974 4082 jactant.

503 4109 638 4173 Θεὸς
670 4111 726 4164 δὲ
756 4111 968 4180 λέγοιτο
995 4113 1081 4174 ἂν,
1115 4115 1176 4168 ού
1206 4113 1298 4166 τοῦ
1343 4116 1540 4184 Λόγου,
1566 4116 1662 4170 τοῦ
1687 4117 1898 4188 ὁρωμέ-

2247 4115 2398 4181 Quod
2442 4121 2621 4166 autem
2676 4111 2743 4162 ad
2809 4105 3029 4158 alteram
3087 4109 3292 4170 partem
3340 4105 3555 4161 attinet,

326 4219 416 4254 νου
441 4199 498 4253 δέ
522 4217 537 4230 ’
575 4202 692 4264 πῶς
721 4202 830 4273 γὰρ
856 4203 920 4256 ἂν
949 4205 1034 4273 εἴη
1057 4203 1151 4256 τοῦ
1185 4205 1388 4278 κυρίως
1423 4206 1557 4260 Θεοῦ
1586 4207 1746 4272 Θεός;
1777 4208 1898 4258 Ὥσ-

2012 4208 2152 4261 Dens
2194 4207 2413 4267 dicitur,
2448 4218 2550 4255 non
2583 4199 2792 4252 ratione
2823 4193 3008 4256 Verbi,
3059 4191 3151 4245 sed
3184 4188 3350 4258 partis
3379 4203 3498 4256 quze
3524 4189 3581 4240 iu

329 4311 430 4364 περ
477 4292 574 4344 καὶ
612 4293 822 4364 Πατὴρ,
869 4294 930 4346 οὐ
978 4295 1072 4347 τοῦ
1113 4277 1409 4366 ὁρωμένου,
1453 4294 1547 4349 τοῦ
1588 4297 1759 4365 Λόγου
1808 4297 1898 4350 δέ⁴

2006 4297 2284 4352 oculorum
2326 4308 2542 4348 sensum
2615 4289 2761 4344 cadit
2825 4287 2953 4356 (quo
3000 4283 3142 4336 enim
3209 4279 3369 4333 modo
3415 4277 3579 4342 illius,

330 4385 564 4456 καὶγὰρ
604 4379 673 4454 ἦν
718 4384 972 4448 διπλοῦς·
1016 4385 1154 4438 ὥστε
1196 4387 1256 4438 τὸ
1291 4387 1388 4457 μὲν
1431 4388 1634 4458 κυρίως
1676 4390 1763 4441 ἐπ’
1797 4389 1898 4458 ἀμ-

2006 4387 2094 4457 qui
2130 4384 2341 4452 proprie
2375 4383 2512 4435 Deus
2542 4391 2644 4441 est,
2679 4377 2820 4431 Deus
2849 4374 2951 4428 dici
3007 4380 3168 4440 queat
3190 4369 3257 4438 ἲ).
3312 4368 3582 4435 Quemad-

331 4482 445 4546 φοῖν
478 4519 495 4543 ,
602 4476 664 4528 τὸ
691 4477 746 4529 δὲ
774 4478 833 4530 ού
866 4478 1090 4549 κυρίως,
1125 4478 1382 4541 ἐναντίως
1415 4479 1447 4549 ἢ
1479 4479 1563 4547 ἐφ’
1590 4479 1748 4550 ἡμῶν
1769 4478 1898 4548 ἔχει.

2009 4475 2222 4528 modum
2247 4473 2435 4529 Pater.
2464 4487 2567 4523 non
2597 4465 2968 4526 humanitatis,
2995 4463 3085 4516 sed
3124 4459 3283 4513 Verbi
3309 4466 3579 4530 respectu;

344 4537 532 4639 Ἦμιῦν
561 4567 668 4639 γὰρ
696 4568 899 4640 κυρίως
933 4537 1028 4638 μὲν
1053 4537 1196 4631 ’Θεὸς
1237 4571 1264 4621 ὁ
1302 4537 1475 4631 Θεὸς..
1521 4537 1534 4547 ¹
1703 4537 1898 4639 κυρίως

2008 4565 2207 4636 duplici
2245 4564 2441 4633 quippe
2467 4572 2656 4614 natura
2684 4557 3008 4622 constabat;
3043 4570 3150 4623 quo
3191 4553 3249 4606 ﬁt
3275 4563 3328 4606 ut
3359 4553 3585 4606 alterum

333 4661 386 4712 δὲ
431 4661 644 4730 Πατήρ.
689 4661 800 4712 Καὶ
840 4660 998 4712 τοῦτό
1040 4662 1184 4712 ἐστιν
1215 4659 1242 4712 ὃ
1273 4662 1420 4711 ποιεῖ
1454 4661 1568 4723 τοῖς
1611 4661 1898 4730 αἱρετικοῖς

2007 4659 2074 4714 de
2103 4675 2166 4711 eo
2199 4657 2416 4727 proprie
2450 4656 2686 4719 dicatur,
2742 4651 2971 4706 alterum
3023 4647 3350 4717 impmprie:
3393 4651 3584 4697 contra

334 4751 429 4822 τὴν
459 4751 692 4821 πλάνην,
725 4753 759 4820 ή
787 4750 896 4803 τῶν
927 4751 1206 4820 ὀνομάτων
1240 4750 1535 4815 ὲπίζευξις,
1578 4751 1898 4803 ὲπαλλαττο-

2008 4765 2169 4818 quam
2199 4749 2250 4802 in
2286 4747 2439 4801 nobis
2465 4761 2522 4800 se
2547 4759 2632 4798 res
2665 4743 2846 4798 habet.
2876 4742 3016 4794 Deus
3045 4741 3186 4793 enim
3207 4734 3421 4804 proprie
3442 4732 3583 4785 Deus

339 4841 512 4910 μένων
545 4839 654 4892 τῶν
683 4840 957 4910 ὀνομάτων
979 4839 1066 4892 διὰ
1090 4842 1188 4908 τὴν
1223 4838 1543 4909 σύγκρασιν.
1573 4840 1804 4908 Σημεῖον
1829 4839 1898 4903 δὲ,

2009 4851 2193 4894 noster
2226 4847 2329 4901 est,
2371 4851 2474 4891 non
2510 4845 2688 4888 autem
2719 4831 2934 4901 preprie
2955 4831 3137 4883 Pater.
3177 4827 3352 4894 Atque
3381 4823 3482 4876 hoc
3502 4828 3586 4874 est

335 4931 496 5000 ἡνίκα
534 4932 589 4984 αἱ
631 4929 822 4998 φύσεις
973 4931 1271 4984 διίστανται
1304 4933 1423 4993 ταῖς
1463 4929 1750 4993 ἐπινοίαις,
1789 4947 1898 4982 συν·

2008 4932 2150 5001 quod
2187 4929 2466 4984 haereticos
2525 4927 2577 4980 in
2621 4938 2862 4978 errorem
2914 4921 3139 4983 inducit,
3182 4929 3371 4983 nempe
3413 4921 3586 4966 nouu-

336 5023 624 5095 διαιρεί;αι
655 5022 749 5076 καὶ
777 5021 843 5076 τὰ
864 5022 1122 5092 ὀνόματα.
1149 5021 1360 5076 Παύλου
1385 5021 1635 5088 λέγοντος
1659 5022 1898 5074 ἄκουσον

2015 5035 2138 5072 num
2171 5020 2362 5072 horum
2424 5012 2766 5082 conjunctio,
2807 5009 3129 5080 permutatis
3159 5005 3409 5058 videlicet
3447 5005 3589 5053 inter

339 5114 460 5167 Ἵνα
493 5117 527 5166 ό
561 5113 704 5180 Θεὸς
737 5113 841 5167 τοῦ
874 5114 1095 5182 Κυρίου
1131 5111 1297 5183 ἡμῶν
1333 5111 1530 5179 Ἰησοῦ
1572 5113 1851 5179 Χριστοῦ,
1883 5133 1898 5167 ‹

2012 5125 2071 5164 se
2103 5109 2416 5162 nominibus
2455 5116 2670 5173 propter
2710 5103 2997 5169 utriusque
3049 5107 3252 5151 natura:
3294 5105 3586 5149 conuexm-

341 5203 538 5272 Πατὴρ
575 5203 685 5270 τῆς
717 5202 920 5270 δόξης.
968 5203 1202 5274 Χριστοῦ
1236 5204 1332 5272 μὲν
1359 5201 1512 5264 Θεὸς,
1548 5201 1647 5270 τῆς
1677 5203 1732 5254 δὲ
1759 5203 1898 5273 δόξης

2019 5199 2532 5268 nem..Argumento
2570 5204 2672 5257 est,
2713 5193 2855 5262 quod
2903 5207 3024 5245 cum
3081 5199 3282 5242 natura:
3302 5191 3483 5239 animo
3532 5191 3585 5236 «ιι

342 5292 559 5363 Πατήρο
598 5294 646 5345 εἰ
679 5294 787 5363 γὰρ
827 5294 920 5346 καὶ
951 5293 1012 5345 τὸ
1049 5293 1454 5362 συναμφότερον
1486 5290 1543 5344 ἓν
1579 5328 1594 5353 ,
1711 5293 1823 5345 ἀλλ’
1853 5295 1898 5345 οε

2014 5291 2343 5360 cogitatione
2378 5289 2788 5353 distinguuntur
2819 5323 2834 5347 ,
2876 5281 3033 5336 simul
3094 5292 3306 5349 quoque
3368 5281 3586 5328 nomina

340 5383 403 5451 τῇ
434 5383 617 5450 φύσει,
649 5385 716 5452 τῇ
758 5382 814 5434 δὲ
858 5382 1058 5453 συνόδῳ
1085 5382 1310 5436 τούτων.
1341 5381 1405 5433 Τί
1438 5382 1502 5434 ἂν
1532 5380 1746 5449 γένοιτο
1776 5399 1898 5450 γνω-

2013 5380 2352 5432 dividuntur.
2403 5376 2539 5429 Audi
2602 5374 2827 5430 Paulum
2883 5371 2965 5425 his
3027 5369 3208 5422 verbis
3240 5366 3585 5433 loquentem.

344 5472 678 5542 Ρίμώτερονς
2018 5471 2080 5525 Ut
2115 5470 2251 5524 Deus
2284 5469 2491 5522 Domini
2524 5467 2689 5520 nostri
2712 5466 2841 5518 Jesu
2891 5460 3108 5524 Christi,
3160 5458 3320 5514 Pater
3363 5454 3452 5508 ille
3477 5453 3589 5524 glo-

347 5567 434 5618 ria-
489 5564 610 5618 '.\i
636 5571 710 5618 tes
750 5568 1017 5634 quomodo
1052 5564 1253 5617 Christi
1283 5565 1499 5632 quidem
1538 5565 1699 5626 Deus,
1723 5563 1906 5631 gloria:
1939 5573 2117 5615 autem
2156 5562 2314 5615 Pater
2353 5563 2598 5614 dicatur:
2635 5556 2881 5624 quamvis
2913 5555 3055 5605 enim
3087 5551 3202 5605 haec
3262 5549 3369 5602 duo
3423 5559 3588 5600 unum

350 5655 593 5716 efficiant,
636 5656 686 5707 id
727 5665 905 5709 tamen
953 5672 1055 5708 tmtt
1099 5665 1286 5707 natura
1315 5658 1393 5718 ht,
1454 5655 1548 5709 sed
1579 5671 1761 5708 eorum
1797 5654 2044 5709 coitione.
2080 5655 2216 5720 Quid
2265 5654 2348 5708 his
2378 5649 2617 5721 apertius
2669 5656 2721 5700 et
2766 5642 3103 5733 manifestius
3130 5637 3459 5733 esse‘qucat?
3503 5721 3514 5733 _

425 5739 678 5809 Πέμπτον
746 5741 986 5808 λεγέσθω
1040 5741 1120 5806 τὸ,
1183 5740 1482 5809 λαμϐάνειν
1533 5741 1692 5793 αὐτὸν
1745 5740 1888 5810 ζωὴν

2131 5740 2388 5806 Quintum
2456 5741 2794 5794 numeretur,
2854 5725 2998 5796 quod
3055 5727 3214 5778 vitam
3253 5725 3297 5791 ⁸,
3343 5730 3444 5777 'aut
3497 5725 3589 5792 ju-

2004 3212 2200 3265 dixerit
2232 3211 2370 3264 alius
2397 3208 2698 3276 quispiam,
2751 3216 3061 3258 sermonem
3326 3209 3568 3251 nostrum

2003 3302 2198 3358 acriori
2229 3301 2391 3354 animi
2426 3297 2775 3352 contentione
2823 3305 3174 3361 prosequens,
3224 3289 3445 3343 inferius
3473 3287 3572 3342 ha-

2005 3393 2237 3447 bendum
2273 3406 2374 3444 non
2408 3403 2550 3454 esse,
2587 3383 2986 3453 abhujusmodi
3026 3396 3212 3442 causa,
3253 3393 3426 3433 causae
3452 3393 3576 3432 om-

2006 3483 2090 3536 nis
2120 3491 2362 3550 experte,
2387 3477 2678 3548 proﬁcisci.
2704 3474 2834 3527 Nam
2865 3482 2921 3526 et
2953 3471 3079 3539 quia
3109 3471 3176 3521 ab
3201 3482 3284 3532 eo,
3312 3468 3401 3535 qui
3422 3468 3572 3536 prin-

2007 3573 2148 3640 cipio
2173 3579 2363 3632 caret,
2423 3568 2686 3634 originem
2744 3563 2930 3623 trahit,
2972 3560 3088 3627 ejus
3141 3571 3354 3625 quoque
3390 3556 3578 3623 gloria-

428 5949 447 5984 ι
475 5947 494 6002 ι
525 5947 647 6004 Cor.
680 5963 769 6014 xv,
801 5946 888 6004 9.8.
921 5948 940 5978 ’
969 5946 1139 6004 Calat.
1178 5960 1260 6011 tu,
1293 5944 1383 6004 28.
1435 5946 1453 5978 ³
1481 5945 1640 6004 Joan.
1685 5961 1794 6018 XIV,
1819 5947 1898 6005 9.3.

2010 5945 2168 6003 Joan.
2197 5961 2289 6015 xx,
2316 5943 2402 6000 i7.
2461 5941 2479 5974 ‘
2507 5941 2706 6014 Epiros.
2743 5954 2777 6005 t,
2806 5937 2892 5994 Π.
2951 5940 2970 5971 °
3003 5935 3158 5994 Joan.
3188 5952 3240 6002 v,
3276 5935 3368 5991 26.
