4042 6204
435 352 539 411 583

1689 345 2067 405 ίίῖυἰἭΥΜΙΙ
2108 343 2480 405 ZlGABENI

3571 342 3684 403 58W

433 482 628 535 dicium
658 480 674 511 ί
707 520 721 542 ,
746 492 838 533 aut
883 480 1118 549 gentium
1150 478 1519 531 bmreditaletu
1566 477 1584 507 ³
1618 515 1632 539 ,
1686 487 1775 528 aut
1815 478 1993 531 carnis

2127 493 2133 542 ι
2169 470 2370 542 κρίσιν,
2411 471 2443 542 ἢ
2493 469 2852 541 κληρονομίαν
2896 470 3085 533 ἐθνῶν,
3122 472 3154 542 ἢ
3208 470 3457 535 ἐξουσίαν
3501 472 3685 542 πάσης

431 572 607 623 omnis
650 578 974 637 potestatem
1022 574 1067 632 ³,
1096 577 1186 619 aut
1212 568 1437 636 gloriam
1477 572 1529 630 ⁸,
1560 576 1651 619 aut
1689 566 1999 635 discipulos,

432 669 732 725 neteraque
764 656 1003 724 ejusdem
1064 657 1297 725 generis,
1335 658 1583 725 accipere
1634 654 1863 720 dicitur;
1903 658 2003 710 hoc

432 766 646 820 quoque
684 751 751 802 ad
795 749 1181 802 humanitatem
1210 758 1435 818 spectat.
1463 748 1781 817 Quanquam
1812 760 1867 801 ut
1892 751 2003 803 haec

433 844 597 895 etiam
637 842 742 895 Deo
780 840 1102 904 tribuamus,
1139 842 1281 895 nulla
1313 842 1437 896 inde
1470 844 1775 897 absurditas
1816 858 2006 897 conse-

431 944 626 1000 quetur
652 950 663 984 :
690 948 795 985 non
826 935 966 985 enim
999 933 1142 986 velut
1193 934 1421 987 ascititia
1454 934 1501 986 ei
1559 934 1877 997 tribuemus,
1910 934 2002 986 sed

432 1026 577 1076 velut
603 1040 721 1092 qua:
745 1041 772 1076 a
805 1025 1065 1091 principio
1094 1040 1196 1077 una
1228 1040 1347 1077 cum
1379 1026 1494 1085 ipso
1537 1025 1862 1090 exstiterint,
1897 1040 2000 1077 non

435 1114 643 1167 ratione
676 1113 883 1181 gratiae,
915 1116 1008 1165 sed
1036 1123 1261 1167 naturai.

613 1205 778 1257 Sexto
820 1205 936 1257 loco
971 1215 1223 1270 ponatur,
1253 1204 1392 1271 quod
1429 1202 1550 1256 Non
1583 1213 1744 1269 potest
1772 1201 1942 1255 Filius
1970 1218 2002 1254 a

430 1297 601 1363 seipso
627 1295 799 1362 facere
825 1296 1131 1363 quidquam,
1158 1296 1259 1346 nisi
1279 1295 1330 1344 id
1362 1295 1541 1345 viderit
1569 1292 1775 1344 Patrem
1808 1293 2002 1360 facien-

432 1398 532 1439 tem
588 1386 631 1438 '.
663 1385 793 1451 Qua:
821 1386 980 1439 verba
1008 1385 1269 1451 ejusmodi
1302 1399 1458 1438 sensu
1491 1385 1804 1452 explicanda
1830 1394 1956 1436 sunt
1986 1401 1998 1434 :

439 1476 616 1541 Posse,
650 1478 731 1532 vel
750 1494 850 1531 non
874 1494 1044 1546 posse,
1075 1492 1182 1531 non
1213 1493 1319 1531 uno
1358 1478 1514 1530 modo
1537 1477 1737 1529 dicitur
1761 1492 1774 1539 ;
1800 1477 2000 1528 variam

431 1572 574 1623 enim
610 1585 673 1624 ac
734 1569 1083 1639 multiplicem
1123 1569 1572 1638 significatioxiem
1638 1550 1814 1622 habet.
1860 1567 2003 1619 Non-

435 1675 709 1727 nunquam
936 1662 1079 1713 enim
1139 1660 1434 1712 secundum
1478 1659 1674 1711 virium
1732 1659 2000 1711 defectum

440 1753 661 1812 dicitur,
687 1759 742 1802 et
780 1751 913 1803 certi
950 1750 1206 1815 temporis
1238 1763 1300 1801 ac
1351 1762 1597 1815 personae
1662 1749 1868 1802 ratione
1910 1749 2003 1801 ha-

2103 562 2323 633 σαρκὸς,
2353 562 2385 633 ἢ
2412 561 2586 627 δόξαν,
2612 561 2644 633 ἦ
2678 560 2941 630 μαθητὰς,
2974 562 3005 630 ἢ
3041 562 3142 615 ὅσα
3169 562 3408 631 λέγεται,
3443 563 3538 615 καὶ
3562 562 3685 616 τοῦ-

2102 671 2163 706 το
2290 655 2387 723 τῆς
2419 653 2852 723 ἀνθρωπότητος.
2885 653 2946 704 Εἰ
2971 652 3027 704 δὲ
3053 654 3145 705 καὶ
3168 652 3245 723 τῷ
3270 653 3391 725 Θεῷ
3506 651 3681 721 δοίης,

2106 746 2203 797 οὐκ
2250 746 2483 798 amtor
2512 745 2570 796 ού
2622 744 2730 816 γὰρ
2778 744 2851 806 ὡς
2903 744 3171 813 ἐπίκτητα
3211 743 3423 809 δώσεις,
3463 744 3574 797 ἀλλ’
3607 744 3683 807 ὡς

2106 837 2201 890 ἀπ’
2253 838 2425 907 ἀρχῆς
2480 838 2894 908 συνυπάρχοντα
2942 872 2957 896 .

2109 929 2222 981 ἀλλ’
2254 929 2312 980 ού
2348 929 2586 999 χάριτος.

3097 838 3189 891 καὶ
3243 838 3387 908 λόγῳ
3440 837 3681 907 φύσεως,

2270 1204 2464 1254 Ἕκτον
2514 1202 2741 1255 τιθέσθω
2789 1203 2849 1255 τὸ
2892 1203 2977 1272 μὴ
3044 1204 3336 1256 δύνασθαι
3388 1205 3494 1255 τὸν
3547 1202 3683 1256 Tit)?

2112 1294 2210 1362 ἀφ’
2253 1293 2468 1347 ἑαυτοῦ
2511 1294 2703 1346 ποιεῖν
2744 1293 2940 1369 μηδὲν
2981 1333 2995 1357 ,
3116 1294 3223 1346 ἐὰν
3266 1292 3351 1362 μή
3392 1310 3446 1345 τι
3475 1294 3683 1361 βλέπῃ

2112 1386 2217 1438 τὸν
2247 1384 2475 1452 Πατέρα
2499 1386 2803 1439 ποιοῦντα.
2839 1386 3007 1439 Τοῦτο
3039 1386 3093 1439 δὲ
3130 1386 3367 1438 τοιοῦτόν
3411 1387 3586 1437 ἐστιν·
3625 1388 3684 1438 ού

2112 1478 2217 1531 τῶν
2245 1478 2361 1529 καθ’
2395 1478 2488 1529 ἕνα
2518 1478 2715 1547 τρόπον
2739 1478 3068 1547 λεγομένων,
3102 1478 3161 1530 τὸ
3189 1477 3505 1539 δύνασθαι,
3539 1477 3570 1547 ἦ
3598 1478 3684 1545 μὴ

2112 1570 2431 1623 δύνασθαι·
2487 1570 2797 1641 πολύσημον
2844 1570 2919 1624 δέ.
2973 1571 3045 1621 Τὸ
3098 1570 3194 1639 μὲν
3238 1569 3345 1638 γάρ
3374 1586 3427 1621 τι
3470 1569 3687 1637 λέγεται

2114 1661 2255 1716 κατὰ
2286 1661 2566 1731 δυνάμεως
2605 1662 2858 1729 ἔλλειψιν,
2902 1661 2994 1713 καὶ
3040 1660 3192 1719 ποτὲ,
3224 1662 3318 1712 καὶ
3348 1660 3484 1729 πρός
3511 1676 3583 1721 τι,
3614 1659 3689 1720 ὡς

2113 1752 2193 1813 τὸ,
2227 1753 2300 1821 μὴ
2329 1752 2585 1806 δύνασθαι
2637 1753 2696 1805 τὸ
2743 1753 2955 1805 παιδίον
2983 1752 3184 1813 ἀθλεῖν,
3220 1752 3252 1820 ἢ
3292 1751 3352 1803 τὸ
3398 1750 3690 1804 σκυλάκιον

437 1836 541 1889 bita
571 1853 583 1887 :
622 1847 677 1888 ut
712 1837 853 1904 quod
890 1851 1020 1903 puer
1068 1835 1262 1888 luctari
1296 1852 1402 1889 non
1436 1838 1624 1905 possit,
1672 1846 1764 1891 aut
1796 1837 2004 1891 catulus

2127 1840 2352 1909 βλέπειν,
2385 1843 2417 1913 ἦ
2454 1843 2592 1914 πρὸς
2638 1844 2789 1896 τόνδε
2824 1842 3235 1911 διαγωνίζεσθαι
3258 1859 3270 1871 '
3312 1842 3538 1911 ἀθλήσει
3582 1842 3687 1911 γὰρ

431 1942 682 1991 eernere,
718 1940 810 1979 aut
836 1943 956 1980 cum
980 1926 1160 1996 aliquo
1193 1928 1487 1983 dimicare:
1537 1929 1830 1983 luctabitur
1858 1930 2000 1983 enim

435 2022 665 2082 litasse
696 2018 1006 2086 aliquando,
1046 2028 1102 2071 et
1133 2031 1339 2087 cernet,
1382 2030 1587 2075 etcum
1630 2021 1732 2074 hoc
1772 2021 2001 2075 dimica-

432 2112 533 2171 l.it,
570 2110 782 2161 etiamsi
827 2126 945 2162 cum
1004 2109 1175 2161 altero
1211 2122 1460 2177 nequeat.
1516 2110 1786 2165 Interdum
1841 2115 1903 2165 de
1938 2126 2002 2165 eo

432 2204 650 2262 dicitur,
676 2200 817 2266 quod
860 2214 1234 2268 sa-penumero
1260 2204 1542 2269 contingit,
1585 2212 1641 2253 ut
1686 2201 1840 2254 illud:
1878 2198 2002 2254 Non

435 2290 600 2343 potest
632 2282 815 2334 civitas
848 2285 1098 2336 abscondi
1124 2302 1281 2351 supra
1313 2300 1534 2341 montem
1572 2291 1743 2357 posita
1801 2290 1841 2344 ⁸.
1863 2292 2006 2346 Fieri

437 2370 579 2423 enim
621 2382 815 2437 potest,
844 2382 899 2426 ut
928 2376 1172 2442 quaedam
1220 2378 1414 2432 civitas
1458 2380 1823 2434 abscondatur
1848 2422 1863 2446 ,
1895 2397 2009 2432 ma-

434 2461 539 2526 jori
570 2462 823 2517 nimirum
863 2466 1043 2533 aliquo
1095 2477 1277 2520 monte
1324 2470 1491 2535 Ipsius
1537 2481 1812 2539 aspectum
1846 2472 2009 2540 impe-

439 2550 637 2605 diente.
664 2552 1004 2621 l‘mpossibile
1029 2558 1192 2611 etiam
1240 2559 1458 2623 dicitur,
1518 2563 1659 2628 quod
1695 2564 1917 2615 minime
1940 2578 2010 2615 az-

439 2657 605 2709 quum
638 2653 741 2708 est,
768 2646 1074 2716 rationique
1108 2661 1567 2715 consentaneum;
1611 2654 1765 2721 cujus
1800 2654 2013 2720 generis

442 2744 526 2789 est
560 2735 721 2790 illud:
758 2737 881 2791 Non
904 2750 1117 2803 possunt
1147 2741 1249 2808 [itii
1274 2743 1453 2807 sponsi
1468 2742 1735 2811 jejunare,
1780 2744 2013 2812 quandiu

441 2841 669 2891 praesens
715 2836 791 2880 est
844 2845 1064 2896 sponsus
1114 2834 1176 2897 ';
1228 2835 1341 2885 sive
1395 2846 1516 2885 eum
1584 2833 1872 2899 intelligas,
1921 2833 2014 2901 qui

441 2917 722 2985 corporeis
760 2920 931 2974 oculis
980 2922 1221 2976 cernitur
1251 2925 1447 2993 (ιιιιιιιιε
1486 2925 1627 2977 enim
1656 2938 1908 2977 mrumna:
1939 2933 2018 2973 at-

447 3022 556 3075 que
589 3006 895 3064 aﬂlictionis
930 3019 1142 3078 tempus
1175 3022 1293 3066 erat
1319 3012 1443 3064 illud
1475 3021 1705 3082 tempus,
1731 3028 1839 3080 quo
1861 3012 2020 3064 Citri-

447 3108 565 3152 stus
586 3113 706 3152 cum
734 3100 1013 3169 discipulis
1056 3104 1422 3171 versabatur),
1482 3104 1594 3156 sive
1618 3118 1739 3156 eum
1779 3111 1837 3155 ut
1882 3101 2019 3155 Ver.

448 3189 573 3241 bum
598 3199 809 3258 spectes
835 3210 847 3245 :
880 3192 1006 3259 quid
1030 3193 1174 3245 enim
1204 3206 1299 3246 eos
1320 3206 1581 3260 corporeo
1601 3193 1758 3245 modo
1774 3194 2020 3261 jejunare

2127 3200 2223 3270 τῆς
2252 3199 2346 3251 τοῦ
2378 3198 2714 3271 θεραπευτοῦ

450 3294 675 3335 necesse
708 3292 810 3341 est.
854 3284 944 3351 qui
972 3299 1002 3336 a
1028 3283 1208 3337 Verbo
1241 3283 1572 3352 purgantur?
1607 3283 1809 3350 Quarta
1858 3282 2023 3351 signi-

452 3373 705 3428 ﬁcatione
731 3374 839 3428 hoe»
866 3374 981 3427 ﬁeri
1016 3390 1120 3427 non
1161 3389 1319 3443 posse
1350 3374 1565 3438 dicitur,
1620 3391 1649 3427 a
1697 3390 1804 3440 quo
1841 3385 2025 3428 nostra

451 3465 704 3520 voluntas
729 3467 1018 3530 abhorret;
1052 3467 1352 3532 cuiusmodi
1371 3474 1453 3521 est
1477 3466 1641 3520 illud:
1672 3464 1797 3520 Non
1822 3477 2027 3534 poterat

453 3556 563 3607 illic
593 3556 743 3625 signa
766 3556 937 3624 facere
959 3556 1602 3624 propterinsredulilatem
1629 3574 1809 3610 eorum
1861 3561 1911 3625 ⁸,
1936 3561 2022 3627 qui

452 3662 516 3700 ea
542 3648 922 3714 excipiebant:
975 3648 1229 3716 quoniam
1290 3649 1434 3701 enim
1483 3650 1547 3701 ad
1586 3649 1889 3702 morborum
1928 3651 2024 3704 de-

459 3738 731 3805 pulsioues
761 3749 1049 3808 utrumque
1079 3744 1338 3794 accedere
1377 3755 1601 3793 necesse
1631 3750 1733 3802 ρει,
1768 3755 1959 3810 nempe
1974 3750 2032 3794 ut

380 3824 387 3829 “
455 3830 710 3898 etwgroti
742 3829 921 3898 ﬁdem,
949 3842 1001 3886 et
1030 3831 1220 3885 medici
1250 3832 1355 3884 vim
1383 3843 1435 3886 et
1455 3830 1761 3884 facultatem
1787 3833 2032 3885 medendi

457 3920 709 3981 aﬂ'erant,
742 3922 940 3976 idcirco
974 3923 1224 3990 alterum,
1253 3926 1537 3979 deﬁciente
1578 3926 1769 3988 altero,
1816 3924 2035 3976 minime

459 4014 829 4083 contingebat.
854 4013 1005 4066 ":tlltl
1038 4017 1150 4069 scio
1187 4029 1386 4079 autem,
1445 4031 1509 4069 an
1554 4018 1652 4069 hoc
1682 4030 1899 4083 quoque
1929 4029 2031 4066 non

460 4104 860 4172 adjungendum
886 4106 975 4165 sit,
1008 4105 1072 4159 ad
1104 4107 1154 4160 id
1185 4112 1325 4175 quod
1382 4107 1576 4159 rationi
1609 4114 2032 4159 consentaneum

459 4205 544 4248 est
569 4212 583 4248 :
616 4210 789 4264 neque
818 4197 960 4247 enim
987 4196 1053 4249 iis
1086 4199 1406 4251 medicinam
1439 4195 1631 4265 afferre
1659 4197 2034 4254 conveniebat,

2119 1934 2247 1997 ἴσως
2284 1936 2430 1999 ποτὲ,
2468 1936 2561 1987 καὶ
2586 1936 2794 2004 ὄψεται,
2825 1936 2919 1988 καὶ
2958 1935 3321 2002 διαγωνιεῖται
3352 1933 3489 2001 πρὸς
3520 1932 3681 1997 τόνδε,

2118 2026 2220 2079 κᾶν
2245 2026 2379 2097 πρὸς
2402 2028 2585 2094 ἕτερον
2618 2028 2891 2089 ἀδυνάτως
2921 2026 3040 2097 ἔχῃ.
3071 2026 3143 2078 Τὸ
3171 2026 3247 2089 δὲ,
3284 2024 3359 2086 ὡς
3401 2025 3492 2075 ἐπὶ
3537 2022 3684 2074 πλεῖ-

2119 2135 2263 2185 στον,
2299 2118 2373 2181 ὡς
2398 2120 2486 2171 τόδ
2534 2122 2613 2172 Οὐ
2641 2120 2888 2172 δύναται
2924 2120 3100 2183 πόλις
3133 2116 3425 2184 κρυϐῆναι
3447 2116 3539 2167 ἐπ’
3572 2115 3690 2167 ἀνω

2118 2207 2295 2276 ὅρους
2325 2208 2585 2276 κειμένη.
2619 2209 2771 2278 Τάχα
2795 2210 2901 2280 γὰρ
2934 2208 2998 2261 ἂν
3028 2208 3122 2261 καὶ
3144 2206 3408 2278 κρυφθείη
3444 2224 3547 2269 τις,
3578 2210 3693 2258 ἐπιο

2113 2291 2472 2363 προσθοῦντος
2509 2291 2769 2360 μείζονος.
2805 2288 2876 2340 Τὸ
2900 2288 2976 2355 δὲ,
3001 2289 3077 2352 ὡς
3110 2290 3208 2341 οὐκ
3237 2288 3478 2355 εὔλογον,
3508 2286 3583 2349 ὡς
3610 2288 3693 2339 τό’

2107 2386 2189 2435 Οὐ
2241 2382 2527 2435 δύνανται
2575 2386 2627 2435 οἱ
2670 2382 2789 2436 υἱοὶ
2830 2380 2936 2435 τοῦ
2978 2379 3300 2449 νυμφῶνος
3348 2380 3692 2447 νηστεύειν.

2112 2473 2201 2540 ἐφ’
2243 2472 2393 2525 ὅσον
2436 2470 2693 2538 ἔνδημος
2737 2473 2769 2523 ό
2814 2470 3106 2538 νυμφίοςο
3139 2468 3247 2520 εἴτε
3298 2469 3326 2518 ό
3372 2464 3696 2535 σωματικῶς

2115 2562 2387 2633 ὁρώμενος
2406 2563 2486 2630 (ού
2510 2562 2617 2633 γάρ
2644 2560 3031 2623 κακοπαθείας,
3068 2559 3181 2613 ἀλλ’
3210 2557 3546 2629 εὐφροσύνης
3576 2573 3699 2607 και-

2121 2654 2212 2724 ρὸς
2237 2655 2265 2704 ὁ
2291 2653 2393 2721 τῆς
2436 2652 2780 2721 ἐπιδημίας),
2830 2653 2937 2704 εἴτε
2972 2651 3047 2715 ὡς
3092 2654 3119 2704 ὁ
3162 2653 3332 2719 Λόγος
3374 2647 3694 2717 νοούμενος·

2117 2744 2168 2795 τί
2202 2742 2310 2813 γὰρ
2348 2741 2426 2793 δεῖ
2466 2740 2746 2811 νηστεύειν
2788 2736 3116 2809 σωματικῶς
3161 2740 3285 2802 τοὺς
3318 2739 3473 2807 Λόγῳ
3503 2735 3699 2789 καθαι-

2124 2834 2381 2906 ρομένους
2425 2855 2438 2901 ;
2581 2834 2653 2885 Τὸ
2677 2832 2753 2897 δὲ,
2788 2832 2863 2893 ὡς
2900 2831 3217 2902 ἀϐούλητον,
3252 2830 3327 2893 ὡς
3366 2830 3448 2892 τὸ,
3470 2827 3565 2893 Μὴ
3597 2828 3701 2881 δύ-

2122 2929 2339 2980 νασθαι
2360 2926 2487 2979 ἐκεῖ
2500 2925 2717 2995 σημεῖα
2738 2925 3004 2993 ποιῆσαι,
3026 2924 3121 2977 διὰ
3145 2923 3260 2991 τὴν
3280 2922 3566 2976 ἀπιστίαν
3583 2921 3705 2974 τῶν

2122 3016 2477 3086 δεχομένων·
2496 3017 2682 3087 ἐπειδὴ
2698 3016 2807 3086 γὰρ
2827 3015 2919 3068 τοῦ
2949 3016 3356 3086 συναμφοτέρου
3382 3013 3539 3085 χρεία
3567 3014 3705 3084 πρὸς

2123 3108 2220 3171 τὰς
2253 3108 2445 3171 ἰάσεις,
2469 3108 2563 3162 καὶ
2586 3108 2684 3178 τῆς
2708 3108 2815 3160 τῶν
2838 3107 3289 3177 θεραπευομένων
3323 3106 3579 3168 πίστεως,
3608 3106 3705 3157 καὶ

2878 3199 3178 3269 δυνάμεως,
3222 3198 3321 3250 οὐκ
3351 3195 3620 3265 ἐνεδέχετο
3643 3196 3707 3248 τὸ

2126 3290 2311 3359 ἕτερον
2336 3290 2430 3343 τοῦ
2458 3290 2691 3358 συζύγου
2738 3289 3093 3352 ἐλλείποντος.
3121 3290 3233 3343 Οὐκ
3279 3286 3388 3341 οἶδα
3549 3288 3629 3348 δὲ,
3658 3289 3709 3341 εἰ

2132 3381 2205 3451 μὴ
2240 3382 2334 3433 καὶ
2364 3380 2521 3433 τοῦτο
2551 3381 2627 3452 τῷ
2684 3380 2887 3451 εὐλόγῳ
2931 3380 3283 3451 προσθετέον·
3321 3381 3379 3433 οὺ
3416 3380 3521 3451 γὰρ
3553 3378 3710 3431 ξύλο-

2129 3486 2224 3537 γος
2275 3471 2416 3533 ίασις
2456 3472 2572 3533 τοῖς
2626 3469 3046 3541 βλαϐησομένοις
3092 3468 3149 3535 ὲξ
3196 3470 3471 3532 ἀπιστίας.
3518 3467 3710 3521 Τοῦδὲ

2132 3562 2294 3614 αὑτοῦ
2335 3562 2514 3630 λόγου,
2546 3563 2639 3615 καὶ
2670 3562 2730 3615 τό
2753 3578 2767 3593 ·
2802 3565 2884 3616 Οὐ
2916 3562 3162 3615 δύναται
3197 3564 3229 3614 ό
3254 3561 3482 3629 κόσμος
3506 3559 3709 3629 μισεῖν

2127 3650 2279 3721 ὑμᾶς
2304 3669 2319 3684 ⁸
2364 3654 2478 3713 καὶ,
2504 3651 2637 3717 Πῶς
2682 3651 2945 3706 δύνασθε
2979 3650 3169 3720 ἀγαθά
3200 3649 3432 3711 λαλεῖν,
3459 3648 3710 3715 πονηροί

2127 3744 2329 3809 ortae;
2362 3743 2484 3807 Πῶς
2513 3743 2621 3815 γάρ
2646 3744 2906 3797 ἀδύνατόν
2940 3761 2991 3797 τι
3021 3742 3247 3804 τούτων,
3281 3743 3313 3812 ἧ
3361 3742 3442 3794 ὃτι
3474 3740 3709 3807 ἀϐούλη-

2128 3852 2249 3899 τον;
2283 3835 2438 3887 Ἐστι
2477 3834 2534 3886 δέ
2570 3851 2622 3886 τι
2662 3836 2755 3888 καὶ
2788 3832 3025 3886 τοιοῦτον
3063 3833 3119 3885 ὲν
3162 3834 3274 3894 τοῖς
3300 3831 3638 3900 λεγομένοις.
3685 3829 3711 3881 ὃ

2129 3928 2192 3996 τῇ
2370 3924 2530 3994 φύσει
2566 3926 2668 3993 μὲν
2699 3926 2979 3988 ἀδύνατον,
3009 3923 3128 3994 Θεῷ
3158 3924 3214 3976 δὲ
3249 3922 3473 3975 δυνατὸν
3521 3920 3703 3991 βουλη-

2131 4015 2294 4083 θέντι,
2332 4016 2406 4080 ὡς
2441 4016 2522 4077 τὸ,
2562 4018 2636 4087 μὴ
2659 4015 2920 4069 δύνασθαι
2944 4014 3036 4068 τὸν
3053 4014 3216 4067 αὐτὸν
3246 4012 3571 4084 γεννηθῆναι
3598 4010 3720 4064 δεύ-

2130 4123 2307 4176 τερον,
2355 4107 2448 4158 καὶ
2499 4108 2662 4177 ῥαφὶς
2691 4107 2791 4159 οὐκ
2821 4106 3172 4175 εἰσδεχομένη
3199 4103 3476 4174 κάμηλον’
3518 4102 3573 4155 τί
3610 4102 3720 4174 γὰρ

2140 4195 2205 4249 ἂν
2245 4198 2336 4250 καὶ
2386 4197 2649 4251 κωλύσειε
2677 4196 2932 4265 γενέσθαι
2973 4196 3163 4256 ταῦτα,
3196 4193 3329 4249 Θεοῦ
3362 4194 3715 4263 θελήσαντος;

462 4290 659 4358 quibus
702 4290 1053 4343 incredulitas
1087 4291 1465 4345 detrimentum
1511 4290 1735 4343 allatura
1758 4298 1897 4343 erat.
1962 4290 2079 4352 Quo
2118 4293 2279 4343 etiam
2345 4292 2395 4344 in
2433 4293 2619 4343 ordine
2666 4291 2969 4358 ponendum
3017 4300 3099 4342 est
3154 4288 3320 4340 illud:
3376 4286 3489 4339 Non
3553 4299 3718 4351 potest

462 4384 689 4437 mundus
722 4385 892 4436 odisse
921 4400 1007 4437 vos
1066 4389 1086 4419 ⁹
1124 4395 1222 4447 ;et
1246 4426 1259 4449 ,
1316 4384 1588 4449 Quomodo
1636 4387 1845 4450 potestis
1903 4386 2036 4437 bona
2076 4385 2235 4453 loqui.
2264 4402 2380 4438 cum
2409 4387 2521 4440 sitis
2551 4388 2676 4439 mali
2711 4386 2795 4439 “’3
2862 4387 2977 4450 Quo
3015 4386 3156 4439 enim
3207 4395 3361 4452 pacto
3427 4381 3719 4450 quidquam

464 4476 657 4529 horum
713 4476 1043 4542 impossibile
1104 4488 1204 4541 est,
1271 4476 1372 4529 nisi
1436 4477 1559 4544 quia
1622 4477 1871 4531 voluntas
1934 4479 2231 4546 repugnat?
2299 4478 2413 4529 Jam
2444 4479 2567 4529 illud
2615 4494 2826 4547 quoque
2885 4478 3213 4545 impossibile
3286 4476 3509 4535 dicitur,
3578 4470 3719 4539 quoil

471 4578 661 4622 natura
698 4568 913 4635 quidem
948 4567 1276 4637 impossibile
1306 4577 1408 4629 est,
1466 4568 1573 4621 Deo
1622 4578 1800 4621 autem
1836 4569 2033 4622 volenti
2079 4570 2493 4635 possibile;quo
2521 4572 2569 4622 in
2605 4587 2799 4638 gem-ro
2869 4581 2947 4621 est
3011 4572 3137 4621 illud
3171 4586 3183 4598 -
3237 4570 3489 4621 Ειιιιιιίνιη
3548 4566 3723 4620 homi-
3802 4560 3815 4565 “

469 4676 590 4714 nem
626 4660 709 4715 bis
737 4662 881 4713 nasci
923 4676 1025 4712 non
1065 4674 1221 4728 posse
1255 4658 1325 4726 “,
1371 4674 1469 4713 nec
1504 4675 1600 4713 aeu
1651 4661 1912 4714 eamelum
1946 4663 2155 4715 admitti
2190 4661 2231 4691 "

469 4756 512 4809 si
552 4754 643 4809 Dei
683 4753 934 4805 voluntas
966 4755 1034 4805 ita
1073 4752 1294 4806 tulerit?

662 4846 863 4899 Praeter
890 4847 986 4899 hos
1023 4861 1211 4898 omnes
1242 4846 1425 4897 modos
1463 4844 1793 4912 impossibile
1844 4845 2035 4898 dicitur
2081 4836 2120 4888 ί)

468 4940 608 5010 quod
638 4938 779 4991 nulla
832 4940 1051 4990 omnino
1105 4939 1311 4991 ratione
1363 4936 1475 4989 lieri
1539 4943 1749 5004 potest,
1817 4937 2039 5003 utquod

476 5042 619 5082 nunc
654 5028 1009 5095 exquirimus.
1060 5028 1127 5080 Ut
1156 5027 1296 5080 enim
1326 5026 1655 5093 impossibile
1673 5041 1790 5080 esse
1820 5028 2049 5081 dicimus

476 5123 638 5175 Deum
699 5121 897 5173 malum
965 5134 1105 5182 (υς-νε,
1169 5130 1259 5172 aut
1309 5120 1531 5171 omnino
1597 5136 1700 5171 non
1754 5135 1873 5173 esse
1928 5122 2051 5188 (hoc

472 5216 615 5265 enim
686 5212 772 5263 Dei
840 5210 1208 5276 impotentiam
1268 5210 1443 5277 potius
1524 5219 1685 5275 atque
1772 5211 2053 5263 imbecilli-

477 5317 679 5367 tatem,
732 5320 891 5373 quam
950 5302 1244 5372 potentiam
1292 5302 1610 5373 arguerit);
1693 5312 1784 5354 aut
1836 5310 1893 5354 ut
1959 5303 2051 5363 sit,

476 5400 616 5463 quod
667 5415 769 5449 ιιυιι
823 5407 925 5457 est,
978 5406 1067 5448 aut
1100 5404 1159 5448 ιιι
1216 5394 1296 5447 bis
1348 5396 1453 5447 duo
1509 5394 1667 5446 simul
1726 5406 1778 5448 et
1823 5405 2055 5463 quatuor

475 5496 583 5539 sunt
690 5499 741 5541 et
877 5491 1098 5542 decem:
1132 5488 1202 5541 ita
1238 5503 1335 5541 nec
1370 5487 1481 5540 ﬁeri
1528 5487 1636 5540 ullo
1669 5489 1825 5539 modo
1858 5498 2052 5553 potest,

480 5591 535 5631 nt
560 5580 727 5633 Filius
753 5581 953 5647 aliquid
994 5580 1181 5643 faciat,
1225 5581 1364 5646 quod
1396 5579 1555 5632 Pater
1589 5595 1691 5632 non
1722 5578 1899 5631 faciat.
1931 5578 2060 5632 0m-

481 5677 567 5722 m'n
601 5673 743 5729 enim
786 5690 903 5736 qua:
941 5672 1103 5726 Pater
1146 5672 1316 5735 habet,
1360 5684 1479 5725 sunt
1530 5670 1657 5722 Filii
1688 5671 1728 5701 ’”
1757 5688 1768 5700 -
1802 5673 2059 5734 quemad—

567 5778 580 5807 ¹
616 5775 775 5829 Joan.
802 5790 853 5836 ν,
883 5774 972 5827 27.
1055 5777 1074 5804 ¹
1102 5772 1246 5825 Psal.
1284 5787 1340 5837 ιι,
1373 5772 1429 5826 8.

496 5918 538 5948 ¹³
570 5915 727 5972 Joan.
761 5928 872 5975 ενι,
915 5912 1000 5965 15.

1505 5769 1697 5823 'Joan.
1724 5784 1855 5831 xvu,
1882 5766 1935 5820 2.
1999 5765 2204 5831 ‘Apoc.
2237 5779 2289 5830 v,
2332 5764 2413 5815 l9.

494 5864 571 5910 ιιι,
609 5847 699 5902 15,
774 5846 794 5875 ⁸
830 5844 1021 5914 Matth.
1054 5858 1150 5896 xm
1177 5879 1193 5908 ,
1234 5835 1331 5896 58;
1402 5843 1421 5873 ⁸
1452 5839 1614 5898 Joan.
1656 5852 1749 5905 vn,
1789 5840 1841 5893 7.
1892 5835 2018 5914 -“h

2130 5838 2183 5889 b.
2223 5850 2320 5901 xit,
2352 5835 2438 5889 54.

2266 4666 2438 4730 :quid
2502 4666 2641 4717 enim
2711 4664 2990 4731 prohibeat
3054 4662 3369 4729 quominus
3409 4661 3521 4714 h;re
3568 4661 3719 4724 fiant,

2345 4844 2559 4895 Τούτων
2591 4845 2644 4894 δὲ
2673 4843 2884 4895 πάντων
2918 4840 3096 4903 ἐκτὸς,
3129 4839 3189 4890 τὸ
3214 4836 3491 4898 παντελῶς
3528 4835 3724 4889 ἀδύνα-

2153 4955 2243 4992 τον
2272 4938 2363 4990 καὶ
2396 4936 2762 4992 ἀνεπίδεκτον,
2790 4935 2865 4996 ὼς
2911 4933 2939 4985 ὂ
2971 4932 3064 4985 νῦν
3104 4930 3451 4998 ἐξετάζομεν.
3505 4928 3591 4989 Ὠς
3620 4928 3728 4997 γάρ

2152 5030 2411 5084 ἀδύνατον
2461 5022 2599 5079 εἶναι
2632 5026 2881 5095 λέγομεν,
2928 5024 3162 5095 πονηρὸν
3212 5016 3351 5073 εἶναι
3392 5018 3544 5079 Θεὸν,
3582 5018 3616 5087 ἢ
3657 5019 3729 5087 μὴ

2153 5117 2290 5173 εἶναι
2314 5137 2326 5150 °
2360 5119 2515 5172 τοῦτο
2535 5117 2642 5187 γὰρ
2668 5116 2967 5185 ἀδυναμίας
2994 5116 3058 5167 ἂν
3083 5114 3167 5184 εἴη
3198 5111 3394 5183 μᾶλλον
3412 5109 3570 5171 Θεοῦ,
3589 5110 3729 5178 ἢπερ

2153 5211 2431 5280 δυνάμεως
2452 5226 2462 5236 ·
2483 5209 2514 5279 ἣ
2541 5208 2600 5261 τὸ
2626 5208 2699 5279 μὴ
2723 5207 2781 5259 ὃν
2803 5203 2962 5269 εἶναι,
2993 5207 3025 5275 ἢ
3057 5206 3124 5258 τά
3149 5205 3230 5268 δὶς
3253 5202 3345 5257 δύο
3372 5204 3466 5255 καὶ
3491 5200 3730 5270 τέσσαρα

2156 5296 2291 5353 εἶναι
2318 5302 2411 5353 καὶ
2440 5299 2570 5352 δέκα
2614 5308 2627 5322 ⁸
2769 5296 2940 5360 οὕτως
2975 5294 3232 5348 ἀδύνατον
3277 5293 3371 5346 καὶ
3413 5290 3733 5361 ἀνεγχὼρη-

2155 5411 2244 5446 τον
2282 5398 2452 5445 ποιεῖν
2484 5411 2534 5446 τι
2568 5391 2657 5443 τὸν
2685 5391 2833 5453 Υἱὸν,
2863 5384 2937 5443 ὧν
2961 5390 3021 5441 οὐ
3060 5391 3200 5441 ποιεῖ
3230 5390 3257 5440 ὁ
3287 5387 3498 5457 Πατήρ.
3531 5384 3732 5437 Πάντα

2156 5486 2265 5555 γὰρ
2294 5485 2410 5539 ὅσα
2430 5485 2551 5553 ἔχει
2572 5487 2603 5537 d
2625 5482 2842 5551 Πατὴρ,
2878 5468 2983 5535 τοῦ
3019 5479 3155 5534 Υἱοῦ
3174 5479 3374 5532 ἐστιν·
3407 5478 3482 5539 ὡς
3499 5475 3731 5546 ἔμπαλιν

2156 5580 2226 5631 τά
2253 5578 2345 5631 τοῦ
2377 5577 2527 5639 Υίοῦ,
2554 5574 2647 5629 τοῦ
2680 5574 2911 5648 Πατρός.
2943 5573 3105 5627 Οὐδὲν
3135 5567 3227 5625 οὖν
3258 5571 3409 5632 ίδιον,
3437 5570 3518 5622 ὅτι
3548 5568 3729 5621 κοινά*

2162 5669 2284 5722 ἐπεὶ
2307 5672 2402 5722 καὶ
2427 5670 2558 5722 αὐτὸ
2600 5669 2658 5720 τὸ
2700 5663 2836 5721 εἶναι
2870 5666 3044 5719 κοινὸν
3092 5665 3186 5719 καὶ
3233 5663 3518 5728 ὁμότιμον,
3551 5663 3599 5713 εἰ
3641 5657 3730 5711 καὶ⁵

2492 5760 2685 5814 'Joan.
2716 5775 2766 5820 v,
2798 5760 2888 5812 9.3.
2968 5760 2986 5787 ⁸
3019 5760 3201 5814 Matth.
3233 5759 3395 5815 v.14.
3475 5760 3494 5790 ⁷
3534 5759 3718 5810 Matt".

2534 5834 2573 5863 ”
2612 5830 2771 5886 Joan.
2805 5845 2887 5898 ιιι,
2955 5828 3006 5883 4.
3122 5832 3163 5861 ¹¹
3200 5830 3399 5884 Matth.
3460 5844 3572 5894 tu,
3630 5828 3717 5882 ει.
