4042 6204
461 312 562 376 587

461 542 567 598 que
595 544 622 581 a
660 528 835 585 Patris
861 530 1142 587 voluntate
1169 542 1498 602 separatam,
1527 535 1621 589 sed
1669 536 1848 605 potius
1882 539 2024 606 quod

457 631 559 670 non
591 618 782 671 haheat
805 638 815 648 -
836 632 913 685 ut,
939 622 1079 687 quod
1108 622 1401 691 colligitur,
1431 625 1501 678 sit
1532 626 1835 694 hujusmodi
1861 642 1875 679 :
1902 627 2025 680 Non

456 715 512 758 ut
546 709 737 777 faciant
770 709 1084 764 voluntatem
1117 729 1281 767 meatu
1339 717 1355 748 ί
1386 731 1400 769 :
1450 730 1549 772 ttec
1580 718 1723 771 enim
1774 719 2025 772 voluntas

458 810 574 849 mea
604 812 633 849 a
671 808 758 850 tua
792 799 1056 869 disjnncta
1092 813 1195 867 est,
1246 807 1339 858 sed
1392 806 1698 860 communis
1742 808 2025 876 utriusque

455 898 719 954 nostrum,
758 904 1006 957 quorum,
1040 904 1097 947 ut
1126 909 1229 947 una
1260 905 1345 949 est
1389 898 1581 965 deitas,
1623 897 1695 952 ita
1742 913 1847 952 una
1879 913 2014 969 quo-

455 994 560 1047 que
599 980 869 1036 voluntas.
919 983 1189 1039 Permulta
1250 988 1395 1041 enim
1431 1004 1497 1043 ex
1553 990 1657 1055 his,
1693 1005 1813 1059 quae
1840 992 1911 1045 ita
1944 992 2025 1046 di-

455 1081 673 1137 cuntur,
730 1089 759 1126 a
820 1077 1091 1131 communi
1151 1080 1424 1145 dicuntur,
1489 1098 1591 1136 nec
1648 1082 2022 1139 alilrmationis

455 1163 633 1226 modo,
662 1164 754 1217 sed
786 1164 1151 1230 inliciationis,
1176 1178 1233 1223 ιιι
1260 1168 1422 1225 illud:
1454 1172 1578 1225 Non
1622 1175 1759 1227 enim
1784 1177 1852 1227 ad
1874 1191 2021 1229 men-

452 1270 629 1307 suram
665 1257 757 1309 dat
789 1256 925 1312 Deus
958 1257 1214 1327 Spiritum
1312 1261 1353 1314 ί.
1382 1260 1565 1332 Neque
1608 1265 1749 1318 enim
1781 1267 1891 1332 dat,
1924 1280 2024 1321 nec

457 1362 707 1401 mensura
737 1348 1016 1402 definitum
1046 1370 1058 1405 :
1090 1368 1187 1406 nec
1215 1353 1359 1406 enim
1391 1353 1534 1409 Deus
1562 1355 1727 1410 Deum
1778 1359 2017 1413 metitur.

458 1435 525 1491 Ut
556 1438 681 1490 item
711 1439 837 1491 illud
869 1454 883 1491 :
921 1438 1100 1509 Neque
1122 1441 1371 1510 iniquitas
1398 1460 1532 1507 mea,
1562 1462 1722 1511 neque
1753 1456 2021 1514 peccatum

452 1538 619 1574 nteant
675 1525 717 1581 ³.
743 1523 859 1578 Non
900 1527 1068 1592 enim,
1098 1530 1239 1597 quod
1277 1530 1329 1583 in
1379 1545 1444 1585 eo
1473 1544 1756 1599 peceatum
1797 1534 1885 1597 sit,
1919 1536 2023 1589 hoc

451 1630 701 1671 sermone
735 1618 923 1683 utitur,
960 1620 1052 1673 sed
1088 1622 1231 1689 quod
1262 1637 1367 1676 non
1397 1622 1489 1677 sit.
1537 1625 1613 1679 Ac
1650 1640 1872 1680 rursus:
1899 1626 2020 1681 Non

450 1718 662 1773 propter
681 1708 919 1776 justitias
953 1721 1181 1773 nostras,
1200 1728 1328 1781 quas
1350 1714 1602 1782 fecimus‘
1632 1755 1645 1767 .
1676 1715 1854 1785 Neque
1874 1717 2018 1770 enim

450 1796 696 1851 reclinus.
725 1796 877 1864 Quod
907 1800 1068 1854 etiam
1098 1806 1381 1871 perspicue
1407 1804 1583 1875 colligi
1622 1816 1798 1874 potest
1826 1821 1891 1861 ex
1938 1810 2020 1861 his
2052 1798 2091 1851 Β

450 1903 570 1956 quae
598 1892 916 1960 sequantur.
946 1890 1078 1956 Quae
1100 1904 1173 1947 est
1217 1896 1372 1961 enim,
1430 1894 1624 1965 inquit,
1653 1897 1889 1951 uoluntas
1914 1897 2021 1951 Pa-

451 1979 544 2031 tris
575 1980 717 2035 mei?
753 1980 820 2035 Ut
856 1984 1023 2037 omnis
1055 1984 1145 2053 qui
1175 1986 1338 2038 credit
1382 1988 1431 2039 in
1462 2002 1599 2051 eum,
1646 1990 1866 2042 salutem
1900 2006 2023 2044 con-

454 2080 702 2137 sequatur
748 2068 793 2135 ⁸,
832 2087 895 2126 ac
955 2084 1240 2142 postrema:
1304 2079 1720 2133 resurrectionis
1799 2094 2023 2149 compos

450 2162 561 2214 tiat.
592 2162 672 2215 An
703 2161 864 2231 igitur
887 2161 1063 2220 Patris
1090 2166 1307 2234 quidem
1333 2167 1447 2222 lucc
1478 2178 1560 2223 est
1587 2169 1836 2223 voluntas
1858 2209 1873 2235 ,
1905 2170 2020 2224 Filii

450 2261 628 2306 autem
667 2254 927 2309 minime?
955 2273 1021 2310 an
1087 2257 1285 2312 invitus
1352 2258 1703 2329 Evattgelinm
1746 2263 2019 2332 praedicat,

448 2344 719 2414 iidemque
752 2348 891 2415 apud
922 2350 1166 2403 homines
1196 2351 1570 2405 nanciscitur?
1597 2351 1729 2419 Quis
1763 2369 1889 2408 vero
1922 2355 2021 2409 hoc

449 2439 673 2492 credat?
700 2441 1132 2511 quandoquidem
1164 2442 1289 2497 illud
1312 2459 1545 2514 quoque.
1568 2445 1707 2515 quod
1736 2447 1809 2499 ait
1831 2446 2019 2512 Filius,

447 2544 774 2596 sermonem,
802 2533 891 2601 qui
917 2532 984 2587 ab
1008 2536 1345 2591 auditoribus
1373 2537 1701 2605 excipiatur,
1729 2552 1884 2591 suum
1910 2552 2014 2590 non

446 2636 587 2685 esse,
618 2626 710 2676 scd
751 2623 927 2680 Patris
998 2627 1049 2693 ⁸,
1093 2630 1335 2683 eamdem
1400 2630 1620 2683 omnino
1667 2629 1771 2681 vim
1833 2628 2015 2681 habet.

1642 322 2032 385 ΕῙῘΤΠΥΜΙΙ
2076 327 2443 390 ΖιοΑΒιςΝι

460 434 590 500 dici,
632 435 781 505 quasi
814 436 1086 505 proptiam
1113 438 1443 494 voluntatem
1487 440 1652 497 Filius
1698 444 1912 511 habeat,
1942 454 2021 498 at-

2124 449 2185 502 τὸ
2225 449 2318 503 τοῦ
2358 452 2595 522 Πατρός,
2640 451 2758 507 ἀλλ’
2802 453 2878 517 ὡς
2917 455 3018 511 οὒκ
3060 458 3213 521 ὄντος
3244 459 3274 512 ό
3303 457 3495 529 λόγος·
3548 462 3613 515 ἵν’

3598 340 3697 405 588

2124 557 2182 593 τε
2212 540 2452 594 τοιοῦτον
2480 542 2541 595 τὸ
2575 543 2935 613 συναγόμενον
2956 560 2969 573 ·
3008 546 3132 613 Οὐχ
3179 547 3279 598 ἵνα
3312 550 3463 602 ποιῶ
3497 551 3564 605 τὸ
3602 552 3699 605 θέ-

2123 636 2285 701 λημα
2312 634 2377 686 τὸ
2401 634 2546 702 ἐμόν
2593 634 2714 687 οὐδὲ
2753 635 2860 706 γάρ
2898 636 3013 687 ἐστι
3047 636 3107 688 τὸ
3134 637 3266 706 ἐμὸν
3292 638 3385 691 τοῦ
3412 640 3505 694 σοῦ
3529 660 3701 712 κεχω-

2126 725 2399 795 ρισμένον,
2427 724 2562 778 ἀλλὰ
2589 725 2650 777 τὸ
2680 725 2855 778 κοινὸν
2883 725 3019 796 ὲμοῦ
3048 743 3107 778 τε
3138 727 3229 779 καὶ
3257 728 3371 792 σοῦ,
3392 725 3467 785 ὧν
3500 731 3575 796 ὼς
3601 734 3698 803 μία

2125 816 2334 887 οεότης,
2370 817 2512 870 οὕτω
2543 817 2638 870 καὶ
2666 816 2938 887 βούλησις.
2970 818 3147 872 Πολλὰ
3170 820 3279 890 γὰρ
3306 822 3414 875 τῶν
3439 824 3582 877 οὕτω
3615 825 3698 877 λε-

2123 903 2367 972 γομένων
2412 902 2521 956 ἀπὸ
2563 903 2743 957 κοινοῦ
2794 904 3009 972 λέγεται
3049 938 3068 965 ,
3221 908 3315 959 καὶ
3342 910 3404 961 οὒ
3448 911 3697 976 θετικῶς,
3762 910 3777 919 ”

2123 992 2429 1063 ἀρνητικῶς
2469 992 2545 1057 δὲ,
2592 994 2667 1057 ὡς
2693 994 2775 1046 τό·
2800 995 2882 1047 Οὐ
2916 994 3025 1062 γὰρ
3193 997 3261 1049 ἐκ
3283 998 3501 1067 μέτρου
3529 1002 3699 1056 δίδω-

2122 1095 2225 1136 σιν
2243 1086 2276 1137 ὀ
2294 1082 2437 1149 Θεὸς
2456 1084 2521 1138 τὸ
2548 1084 2809 1153 Πνεῦμα.
2830 1084 2965 1139 Οὔτε
2984 1085 3093 1157 γὰρ
3118 1086 3344 1151 δίδωσιν,
3367 1090 3489 1143 οὗτε
3521 1110 3696 1163 μεμε-

2119 1174 2409 1244 τρημένον*
2427 1175 2488 1228 οὗ
2509 1176 2615 1246 γὰρ
2640 1179 2920 1245 μετρεῖται
2953 1178 3103 1247 παρὰ
3126 1178 3261 1231 Θεοῦ
3288 1180 3437 1244 Θεός.
3468 1184 3579 1235 Kal
3605 1185 3689 1237 τό⁶

2125 1266 2273 1320 Οὔτε
2305 1266 2343 1333 ἠ
2372 1265 2628 1335 ἁμαρτία
2650 1283 2792 1335 μου,
2825 1267 2964 1320 οὔτε
2992 1270 3031 1335 ἠ
3064 1270 3281 1339 ἀνομία
3296 1288 3446 1340 μου.
3479 1273 3555 1325 Οὐ
3584 1274 3699 1346 γὰρ

2121 1356 2197 1418 ὡς
2223 1355 2389 1427 οὔσης
2411 1360 2439 1410 6
2460 1356 2639 1424 λόγος,
2669 1357 2784 1410 ἀλλ’
2814 1358 2889 1421 ὠς
2918 1359 3019 1411 οὐκ
3047 1358 3231 1431 οὔσης.
3278 1362 3387 1414 Kal
3420 1362 3577 1415 πάλιν
3598 1364 3691 1416 τό⁸

2125 1447 2206 1500 Οὐ
2244 1446 2342 1501 διὰ
2383 1446 2489 1513 τὰς
2522 1447 2912 1512 δικαιοσύνας
2951 1447 3141 1517 ἡμῶν,
3183 1449 3257 1515 ἂς
3288 1451 3695 1521 ἐποιήσαμενο

2120 1538 2181 1591 οὐ
2214 1538 2322 1607 γὰρ
2354 1540 2710 1609 ἐποιήσαμεν.
2747 1539 2917 1608 Δῆλον
2955 1539 3011 1593 δὲ
3042 1540 3199 1594 τοῦτο
3244 1542 3347 1594 κάν
3379 1544 3491 1605 τοῖς
3528 1543 3655 1612 ἑξῆς
3676 1561 3694 1575 ο

2126 1631 2186 1685 Τί
2214 1630 2346 1700 γὰρ,
2367 1630 2521 1700 φησι,
2557 1632 2624 1683 τὸ
2661 1631 2889 1699 θέλημα
2922 1632 3028 1685 τοῦ
3068 1632 3329 1699 Πατρός;
3379 1634 3479 1686 ἶνα
3513 1632 3632 1699 πᾶς
3661 1637 3699 1688 δ

2120 1719 2423 1775 πιστεύων
2470 1721 2558 1786 εὶς
2599 1720 2705 1773 τὸν
2738 1722 2871 1775 Υίὸν
2900 1721 3170 1787 σώζηται,
3204 1723 3300 1776 καὶ
3328 1724 3567 1795 τυγχάνῃ
3596 1725 3699 1795 τῆς

2118 1810 2432 1874 τελευταίας
2482 1812 2850 1874 ἀναστάσεως.
3051 1807 3175 1884 Ἆρ’
3215 1809 3307 1867 οὖν
3342 1814 3433 1889 τοῦ
3484 1815 3696 1885 Πατρός

2121 1904 2217 1974 μὲν
2249 1901 2408 1954 τοῦτο
2456 1900 2688 1970 θέλημα,
2726 1901 2818 1954 τοῦ
2861 1899 2991 1953 Υίοῦ
3040 1900 3098 1953 δὲ
3144 1902 3422 1972 οὗδαμῶς;
3464 1904 3498 1973 ἢ
3547 1905 3694 1958 ἄκων

2118 1991 2524 2060 εὐαγγελίζεται
2576 1992 2673 2043 καὶ
2722 1992 3070 2057 mutauerat;
3126 1993 3235 2046 Kal
3278 1990 3363 2056 τίς
3417 1993 3484 2047 ἂν
3536 1993 3687 2047 τοῦτο

2118 2082 2489 2145 πιστεύσειεν;
2529 2080 2652 2134 ἐπεὶ
2683 2082 2775 2134 καὶ
2803 2081 2885 2146 τὸ,
2917 2082 3008 2134 τὸν
3048 2082 3203 2150 λόγον
3233 2083 3324 2136 τὸν
3366 2084 3689 2154 ἀκουόμενον

2122 2171 2197 2241 μὴ
2231 2167 2368 2223 εἶναι
2400 2169 2493 2223 τοῦ
2525 2170 2678 2230 Υίοῦ,
2729 2170 2824 2222 τοῦ
2864 2170 3077 2240 Πατρὸς
3114 2169 3190 2235 δὲ,
3232 2172 3331 2241 τὴν
3372 2174 3541 2244 αὐτὴν
3582 2173 3694 2244 ἔχει

2121 2263 2367 2333 δύναμιν.
2425 2262 2551 2326 Πῶς
2598 2261 2707 2333 γὰρ
2756 2262 2885 2315 ἴδιόν
2919 2280 3062 2325 τινος
3110 2263 3171 2315 τὸ
3211 2264 3405 2321 κοινὸν,
3440 2264 3471 2333 ἢ
3507 2265 3692 2334 μόνου,

2121 2352 2281 2405 τοῦτο
2339 2352 2567 2405 συνιδεῖν
2609 2352 2708 2405 οὐκ
2750 2350 2875 2421 ἔχω,
2926 2351 3095 2404 πολλὰ
3146 2351 3392 2404 σκοπῶν·
3432 2348 3584 2423 οἶμαι
3614 2354 3694 2417 δὲ,

2123 2444 2241 2497 οὐδὲ
2276 2443 2430 2506 ἄλλος
2458 2459 2561 2506 τις.
2601 2444 2697 2495 "Av
2734 2441 2877 2496 οὕτω
2913 2444 3127 2513 διανοῇς
3161 2443 3270 2512 (29)
3309 2443 3435 2514 περὶ
3478 2442 3570 2495 τοῦ
3608 2445 3699 2497 θέ-

2122 2534 2255 2598 λειν,
2290 2532 2465 2605 ὀρθῶς
2492 2533 2706 2603 νοήσεις
2874 2534 2967 2586 καὶ
2987 2532 3105 2585 λίαν
3134 2533 3391 2597 εὐσεϐῶς,
3415 2533 3490 2597 ὡς
3512 2535 3538 2587 6
3563 2534 3698 2605 ἐμὸς

2122 2626 2294 2693 λόγος,
2318 2626 2411 2679 καὶ
2443 2625 2642 2688 παντὸς
2670 2624 2764 2677 τοῦ
2801 2623 3160 2694 εὐγνώμονος.

446 2714 724 2779 Quomodo
753 2721 893 2775 enim
927 2721 1028 2778 hoc
1050 2722 1365 2793 cujusquam
1396 2724 1692 2796 proprium,
1755 2733 1846 2779 aut
1902 2721 2066 2777 solius
2102 2736 2221 2776 esse
2250 2731 2429 2790 queat,
2465 2722 2607 2789 quod
2640 2734 2925 2774 commune
2972 2728 3077 2782 est,
3124 2720 3248 2774 licet
3292 2720 3401 2783 ditt,
3443 2719 3701 2773 multum—

447 2822 536 2876 quc
577 2825 786 2866 mecum
852 2814 1039 2869 t-onsid
1078 2822 1213 2883 rem,
1251 2818 1557 2887 perspicere
1617 2831 1847 2886 nequeo,
1887 2833 1949 2872 ac
2007 2831 2072 2871 ne
2115 2814 2250 2867 alius
2279 2812 2493 2881 quidem
2533 2812 2840 2880 quisquam,
2876 2812 2981 2866 nisi
3035 2810 3152 2865 mea
3203 2827 3289 2865 me
3327 2810 3508 2881 Opinio
3537 2810 3698 2871 fallit.

450 2902 504 2955 Si
617 2900 720 2957 hoc
862 2905 1020 2958 modo
1082 2906 1414 2960 voluntatem
1480 2906 1751 2977 intelligis,
1798 2915 1945 2961 recte
2006 2904 2261 2971 intelligis
2314 2902 2506 2970 pieque
2560 2901 2847 2954 admodum
2896 2908 2951 2956 et
2997 2902 3316 2968 orthodoxe,
3375 2911 3434 2956 ut
3479 2900 3697 2970 quidem

450 3007 567 3046 mea
594 3004 674 3048 est
704 2995 1000 3060 sententia,
1033 2997 1141 3051 imo
1170 2999 1334 3050 etiam
1377 2994 1614 3067 cujusvis
1634 3036 1648 3051 .
1718 2997 1874 3051 modo
1939 3007 2086 3053 recto
2116 2994 2319 3066 judicio
2353 2992 2610 3062 praeditus
2636 2991 2730 3046 sit.

689 3084 894 3139 Octavo
922 3084 1051 3139 illttd
1084 3086 1317 3140 alierum
1354 3106 1366 3140 :
1408 3085 1475 3140 Ut
1509 3096 1825 3156 cognoscant
1856 3096 1903 3139 te
1935 3103 2016 3139 so-

2330 3082 2551 3151 Ὄγδοόν
2586 3082 2734 3134 ἐστιν
2781 3081 2964 3144 αὐτοῖς
2988 3080 3069 3133 τό’
3103 3081 3227 3136 Ἵνα
3258 3082 3592 3151 γινώσκωσι
3616 3084 3705 3138 σὲ

450 3174 559 3226 tum
614 3172 776 3227 Deum
837 3190 1035 3238 verum,
1085 3187 1131 3229 et
1190 3189 1340 3245 quem
1404 3176 1594 3229 misisti
1647 3173 1828 3229 Jesum
1864 3174 2019 3231 Chri-

2124 3177 2228 3231 τὸν
2264 3177 2457 3245 μόνον
2506 3173 2799 3241 ἀληθινὸν
2837 3174 3005 3235 Θεὸν,
3061 3173 3160 3225 καὶ
3205 3173 3278 3226 ὃν
3331 3174 3703 3241 ἀπέστειλας

448 3275 586 3317 stunt
639 3270 702 3329 7;
743 3273 816 3330 et,
860 3262 1023 3317 Nemo
1058 3263 1245 3329 bonus,
1276 3265 1376 3317 nisi
1403 3265 1546 3318 solus
1586 3264 1724 3318 Deus
1778 3262 1819 3320 '.
1853 3265 2019 3334 Cujus

2134 3266 2375 3333 Ἰησοῦν
2401 3264 2688 3332 Χριστόν·
2760 3262 2853 3316 καὶ
2876 3262 2956 3315 τό·
2992 3262 3201 3328 Οὐδείς
3236 3262 3473 3331 ἀγαθὸς,
3517 3266 3570 3316 εὶ
3606 3265 3701 3333 μὴ

450 3351 753 3422 argumenti
786 3351 1059 3422 perfacilis
1088 3353 1216 3407 mihi
1272 3353 1482 3407 videtur
1519 3368 1639 3408 esse
1674 3353 1892 3408 solutio.
1956 3355 2014 3409 Si

2124 3353 2207 3423 εἷς
2232 3360 2263 3411 ό
2294 3358 2456 3421 Θεός.
2490 3355 2659 3408 Τοῦτο
2709 3355 2764 3408 δὲ
2790 3354 2903 3407 ’καὶ
2943 3355 3117 3425 πάντη
3160 3356 3363 3426 ῥᾴστην
3406 3355 3549 3426 ἔχειν
3596 3355 3705 3425 τὴν

450 3444 593 3496 enim
630 3444 742 3498 haec
770 3442 953 3507 verba,
991 3442 1177 3497 Solum
1206 3459 1406 3505 rerum,
1438 3441 1583 3496 Patri
1624 3443 1888 3497 duntaxat
1921 3444 2019 3497 tri-

449 3534 657 3597 litteris,
714 3534 802 3588 ubi
860 3535 1074 3587 tandem
1135 3533 1430 3589 Veritatem
1472 3534 1643 3603 ipsam
1696 3534 2022 3590 eollocabis?

451 3622 662 3677 Etenim
694 3624 737 3678 si
772 3625 919 3689 illud,
954 3624 1067 3678 Soli
1096 3626 1319 3694 sapienti
1354 3625 1456 3679 Deo
1506 3631 1570 3691 ’;
1604 3634 1692 3678 aut
1731 3625 1880 3689 illud,
1903 3626 2018 3681 Soli

448 3714 899 3769 immortalitatem
924 3715 1157 3781 habenti,
1186 3718 1453 3787 lucemque
1495 3718 1901 3770 inaccessibiiem
1924 3718 2019 3769 ha-

448 3802 639 3856 bitanti
675 3803 873 3866 ":aut
927 3804 1056 3858 illud
1116 3806 1370 3869 denique,
1412 3802 1537 3873 Regi
1588 3806 1901 3860 su'culorum
1928 3808 2019 3859 im-

450 3896 683 3959 mortali,
711 3896 980 3961 invisibili,
1009 3896 1107 3950 soli
1133 3898 1354 3964 sapienti
1386 3896 1495 3950 Deo
1516 3898 1583 3962 ",
1620 3899 1685 3952 ad
1715 3896 1859 3952 hunc
1904 3913 2021 3951 mo-

452 3986 577 4040 dum
634 3984 984 4051 intellexeris,
1053 3986 1251 4055 peribit
1316 3989 1503 4055 utique
1556 3986 1651 4041 tibi
1700 3985 1905 4049 Filius,
1943 3986 2019 4038 vel

451 4083 647 4140 morte,
689 4076 772 4129 vel
798 4075 1042 4131 tenebris
1072 4076 1349 4143 multatus,
1409 4076 1493 4133 vel
1536 4078 1589 4131 in
1627 4081 1727 4132 hoc
1759 4078 2021 4132 condent-

450 4177 632 4230 natus,
668 4176 723 4220 ut
754 4182 853 4220 nec
881 4168 1097 4235 sapiens
1126 4168 1220 4234 sit,
1262 4182 1361 4222 nec
1408 4184 1533 4234 rex,
1564 4182 1662 4222 nec
1714 4167 2016 4227 invisibilis,

450 4259 559 4311 imo
592 4274 688 4313 nec
730 4258 953 4314 omnino
985 4262 1141 4323 Deus,
1171 4262 1312 4329 quod
1341 4268 1501 4328 caput
1531 4268 1612 4314 est
1655 4272 1866 4317 eorum,
1902 4272 2021 4325 qua:

451 4350 709 4404 diximus.
734 4351 870 4417 Quid
897 4362 1076 4405 autem
1108 4352 1288 4405 aﬂ’erri
1321 4352 1533 4419 poterit,
1558 4352 1686 4420 quin
1717 4350 1876 4404 simul
1898 4365 2019 4402 cum

2120 3447 2273 3501 λύσιν
2306 3464 2394 3517 μοι
2421 3446 2688 3515 φαίνεται.
2724 3445 2786 3498 Εἰ
2815 3444 2922 3515 γὰρ
2960 3445 3021 3497 τὸ
3052 3447 3245 3514 μόνον
3282 3446 3573 3513 ἀληθινὸν
3603 3446 3706 3500 ἐπὶ

2120 3537 2213 3590 τοῦ
2248 3536 2462 3607 Πατρὸς
2502 3535 2711 3605 θήσεις,
2756 3534 2859 3587 ποῦ
2908 3534 3091 3604 θήσεις
3132 3534 3233 3606 τὴν
3270 3535 3700 3605 αὐτοαλήθειαν.

2122 3619 2233 3683 καὶ
2261 3629 2369 3700 γὰρ
2398 3629 2445 3682 εί
2477 3625 2557 3691 τῷ
2574 3626 2739 3696 μόνῳ
2764 3624 2932 3693 σοφῷ
2965 3624 3159 3695 Setini}
3196 3625 3275 3689 τῷ
3302 3627 3469 3695 μόνῳ
3495 3627 3703 3694 ἔχοντι

2121 3720 2476 3782 ἀθανασίαν,
2520 3716 2643 3787 φῶς
2678 3716 2937 3770 οικοῦντι
2973 3716 3319 3783 ἀπρόσιτον,
3368 3718 3401 3787 ἢ
3450 3717 3706 3781 ,ϐασιλεῖ

2121 3810 2241 3865 τῶν
2288 3808 2516 3864 αεώνων
2568 3806 2864 3875 ἀφθάρτῳ,
2902 3804 3165 3873 ἀοράτῳ,
3223 3805 3319 3857 καὶ
3530 3807 3709 3874 μόνῳ

2125 3901 2264 3967 Θεῷ,
2301 3901 2515 3970 νοήσεις
2540 3898 2732 3961 οὕτως,
2762 3896 3038 3968 οἰχήσεταί
3070 3913 3151 3949 σοι
3181 3895 3407 3949 Θάνατον
3432 3914 3706 3968 κατακρι-

2123 3993 2233 4057 Gal;
2260 3994 2288 4045 6
2321 3992 2468 4054 Υἱὸς,
2500 3990 2533 4060 ἢ
2566 3991 2775 4055 σκότος,
2807 3988 2925 4058 ἢτὸ
2954 3987 3027 4059 μὴ
3065 3989 3225 4057 σοφὸς
3246 3983 3405 4053 εἶναι,
3441 3989 3575 4059 μηδὲ
3603 3989 3708 4058 βα-

2124 4082 2322 4145 σιλεὺς,
2357 4080 2490 4151 μηδὲ
2526 4080 2776 4150 ἀόρατος,
2817 4078 2951 4149 μηδὲ
2990 4079 3126 4143 ὅλως
3160 4078 3312 4143 Θεὸς,
3347 4078 3374 4130 6
3400 4077 3513 4131 τῶν
3542 4080 3708 4149 εἰρη-

2127 4174 2301 4243 μένων
2331 4172 2641 4240 κεφάλαιον.
2680 4172 2803 4233 Πῶς
2835 4170 2920 4224 δαὶ
2942 4171 3041 4224 οὐκ
3211 4170 3403 4223 ἀπολεί
3430 4170 3565 4240 μετὰ
3592 4170 3710 4223 τῶν

2123 4262 2296 4317 ἄλλων
2326 4262 2417 4314 καὶ
2456 4260 2553 4330 τὴν
2593 4260 2925 4329 ἀγαθότητα,
2966 4260 2998 4329 ἢ
3049 4258 3283 4328 μάλιστα
3328 4258 3489 4328 μόνου
3518 4258 3705 4323 Θεοῦς

2137 4354 2276 4406 Ἂλλ*
2307 4349 2461 4423 οἶμαι
2502 4352 2561 4404 τὸ
2597 4350 2713 4421 μὲν,
2755 4351 2879 4404 Ἵνα
2914 4351 3247 4417 γινώσκωσι
3276 4347 3353 4403 σὲ
3378 4349 3484 4403 τὸν
3504 4351 3712 4418 μόνον

451 4443 662 4496 caneris
686 4442 871 4505 rebus,
894 4442 1155 4496 bonitatis
1183 4458 1419 4511 quoque,
1446 4458 1566 4512 qua:
1598 4442 1829 4496 maxime
1851 4442 2020 4495 solius

2124 4421 2415 4513 ἀληθινόν
2473 4444 2641 4507 Θεὸν,
2692 4443 2776 4495 ἐπ’
2828 4443 3101 4512 ἀναιρέσει
3142 4441 3396 4509 λέγεσθαι
3439 4442 3548 4495 τῶν
3600 4444 3711 4496 οὐκ

453 4533 544 4585 Dei
569 4541 670 4595 est,
724 4532 993 4602 jacturatn
1038 4534 1232 4602 faciat?
1294 4536 1492 4588 Verum
1549 4536 1661 4588 hinc
1708 4536 1912 4588 verba:
1949 4532 2020 4585 Ut

450 4638 762 4693 cognoscant
791 4638 838 4680 te
878 4630 1049 4680 solum
1105 4644 1279 4681 verum
1342 4628 1525 4692 Deum,
1562 4627 1625 4679 ad
1661 4641 1871 4689 eorum,
1905 4625 2018 4693 qui,

452 4734 760 4788 quanquam
793 4719 952 4781 falso,
990 4720 1062 4772 dii
1108 4729 1285 4773 tamen
1342 4719 1704 4787 appellantur,
1756 4718 2019 4770 sublatio-

453 4830 573 4868 nem
604 4812 710 4866 diei
766 4812 1051 4866 existimo:
1082 4825 1256 4878 neque
1302 4809 1443 4863 enim
1500 4806 1763 4875 adjectum
1801 4803 2011 4866 fuisset,

449 4915 493 4959 et
525 4921 675 4974 quem
703 4904 912 4967 misisti,
945 4902 1127 4956 Jesum
1159 4900 1447 4962 Christum,
1484 4898 1551 4959 si,
1585 4897 1651 4949 ad
1686 4910 1807 4949 eum
1840 4906 2010 4959 oppo-

449 5000 551 5052 sita
578 4996 925 5050 distinctione
949 4991 1393 5049 submovendum.
1448 4987 1532 5041 illa
1556 5026 1569 5049 ,
1620 4984 1788 5039 solum
1815 4996 2012 5046 verum,

449 5088 808 5159 pertinerent,
835 5102 900 5139 ac
930 5100 1036 5137 non
1077 5084 1143 5138 de
1174 5080 1446 5137 communi
1486 5080 1765 5146 utriusque
1815 5075 2039 5128 divini-

452 5188 560 5232 tate
601 5192 782 5233 sermo
814 5186 977 5231 esset.
1020 5175 1109 5228 Illa
1165 5184 1342 5230 autem
1379 5171 1577 5225 Christi
1619 5168 1803 5229 verba,
1848 5163 2013 5217 Nemo

455 5268 639 5331 bonus,
675 5282 738 5321 eo
768 5265 1107 5335 spectabant,
1160 5272 1217 5316 ut
1248 5261 1500 5316 tentatori
1547 5259 1876 5327 legisperito,
1925 5252 2015 5322 qui

458 5360 752 5413 bonitatem
786 5358 906 5426 ipsi,
946 5366 1200 5422 lnttqunm
1225 5352 1463 5413 homini,
1512 5349 1803 5409 tribuebat,
1827 5359 2018 5399 occur-

454 5461 615 5504 reret.
656 5452 874 5504 Summe
912 5447 1052 5501 enim
1090 5445 1284 5497 bonum
1314 5456 1453 5507 esse,
1507 5440 1699 5509 inquit,
1732 5438 1897 5493 solius
1926 5432 2018 5488 Dei

540 5630 557 5659 ‘
588 5629 746 5683 lonn.
782 5649 859 5694 Vt,
892 5634 982 5686 58.

1059 5630 1263 5684 ‘Joan.
1298 5645 1379 5687 ιιι,
1409 5628 1498 5681 31.
1577 5628 1595 5657 ³
1625 5625 1765 5678 Pal.
1808 5639 1961 5681 unt.
2005 5622 2021 5674 ι

2136 5624 2159 5656 δ
2200 5623 2336 5678 Itan.
2372 5630 2451 5684 t'x,
2486 5623 2575 5675 18.
2658 5622 2677 5652 '
2711 5622 2869 5675 .loan.
2922 5638 2994 5685 Vt,
3020 5623 3110 5678 ιο.

2124 4538 2295 4591 ὄντων
2333 4537 2431 4606 μὲν
2466 4535 2625 4599 θεῶν,
2658 4533 2967 4603 λεγομένων
3006 4532 3096 4585 δέ·
3148 4533 3209 4585 οὐ
3256 4534 3367 4605 γὰρ
3406 4533 3473 4586 ἂν
3518 4550 3704 4605 προσ-

2124 4630 2319 4689 ἔκειτο,
2339 4627 2433 4680 καὶ
2450 4627 2523 4679 ὃν
2539 4625 2897 4689 ἀπέστειλας
2926 4622 3168 4689 Ἰησοῦν
3189 4622 3463 4689 Χριστὸν,
3487 4622 3538 4674 εί
3563 4622 3714 4691 πρὸς

2124 4720 2327 4771 ἐκεῖνον
2505 4712 2846 4783 ἀντιδιῂρητο
2877 4711 2957 4773 τὸ,
2992 4712 3184 4779 μόνον
3225 4710 3535 4776 ἀληθινὸν,
3562 4711 3713 4763 ἀλλὰ

2132 4803 2205 4874 μὴ
2242 4803 2380 4855 κατὰ
2425 4802 2604 4856 κοινοῦ
2646 4804 2747 4873 τῆς
2793 4804 3044 4873 θεότητος
3095 4800 3167 4874 ἦν
3211 4806 3240 4856 ό
3284 4803 3461 4870 λόγος.
3509 4803 3585 4855 T6
3631 4804 3723 4867 δὲ,

2132 4893 2341 4958 Οὐδεὶς
2367 4893 2601 4961 ἀγαθὸς,
2635 4893 2937 4962 ἀπάντησιν
2957 4891 3069 4961 ἔχει
3090 4891 3227 4961 πρὸς
3249 4890 3340 4942 τὸν
3371 4889 3713 4961 πειράζοντα

2132 4982 2383 5051 νομικὸν,
2434 4982 2509 5044 ὡς
2557 4980 2854 5052 ἀνθρώπῳ,
2912 4980 3010 5051 τὴν
3062 4978 3372 5048 amem;
3424 4981 3715 5050 μαρτυρή-

2132 5087 2315 5124 σαντα.
2349 5071 2421 5124 T6
2441 5070 2548 5141 γὰρ
2570 5071 2751 5140 ἄκρως
2774 5070 2995 5139 ἀγαθὸν,
3029 5071 3160 5139 φησι
3191 5110 3207 5133 ,
3355 5069 3519 5139 μόνον
3541 5068 3708 5132 Θεοῦ,

2118 5164 2233 5233 ,κᾶν
2260 5164 2417 5218 τοῦτο
2458 5165 2551 5217 καὶ
2598 5163 2881 5233 ἄνθρωπος
2912 5162 3243 5231 ὀνομάζηται
3280 5197 3298 5222 .
3487 5159 3561 5222 ὡς
3603 5160 3665 5211 τὸ
3688 5201 3705 5220 ,

2145 5255 2205 5308 ὀ
2246 5252 2470 5322 ἀγαθὸς
2506 5254 2813 5321 ἅνθρωπος
2851 5252 2920 5305 ἐκ
2964 5251 3069 5305 τοῦ
3114 5249 3340 5319 ἀγαθοῦ
3390 5248 3708 5317 θησαυροῦ

2133 5343 2452 5410 προϐάλλει
2477 5342 2543 5395 τὸ
2574 5342 2797 5409 ἀγαθόν
2818 5358 2831 5372 ·
2879 5343 2993 5402 καὶ,
3033 5339 3210 5394 Δώσω
3236 5338 3353 5406 τὴν
3373 5340 3709 5403 ,ϐασιλείαν

2131 5431 2211 5496 τῷ
2242 5430 2437 5502 ἀγαθῷ
2474 5431 2625 5498 ὑπὲρ
2660 5430 2752 5495 σὲ,
2783 5429 2878 5483 τοῦ
2928 5428 3062 5481 Θεοῦ
3104 5428 3261 5495 λόγος
3438 5427 3574 5496 πρὸς
3606 5424 3706 5475 τὸν

3188 5624 3206 5651 ⁶
3235 5619 3392 5676 ,ΙωιιιΔ
3431 5635 3550 5683 stv,
3602 5615 3701 5669 ει.

456 5697 475 5732 ⁷
503 5694 664 5753 Joan.
702 5690 909 5763 ’.τιὴ-5.
985 5703 1004 5733 ⁸
1046 5700 1180 5757 Luc.
1211 5716 1365 5765 xvut,
1401 5698 1488 5751 l9.
1566 5699 1584 5728 ’
1620 5694 1773 5748 δέκα...
1806 5710 1918 5759 (γε,
1944 5695 2034 5746 27.
2117 5694 2156 5725 ”
2190 5696 2207 5748 l
2237 5694 2387 5749 Tim.
2418 5710 2491 5757 vt,
2536 5693 2622 5747 l6.
2702 5690 2796 5743 ¹⁶1
2832 5692 2972 5747 Tim.
3000 5710 3037 5759 t,
3068 5694 3154 5747 17.
