  <div class='ocr_page' id='page_1' title='image "/cluster/home/n/w/nwhite01/storage/ocr_20150623/130/hvd.32044073502387/301.png"; bbox 0 0 4042 6204; ppageno 0'>
   <div class='ocr_carea' id='block_1_1' title="bbox 430 320 527 387">
    <p class='ocr_par' dir='ltr' id='par_1_1' title="bbox 430 320 527 387">
     <span class='ocr_line' id='line_1_1' title="bbox 430 320 527 387; baseline 0.021 -2"><span class='ocrx_word' id='word_1_1' title='bbox 430 320 527 387; x_wconf 73' lang='lat'><strong>591</strong></span> 
     </span>
    </p>
   </div>
   <div class='ocr_carea' id='block_1_2' title="bbox 1682 322 2479 384">
    <p class='ocr_par' dir='ltr' id='par_1_2' title="bbox 1682 322 2479 384">
     <span class='ocr_line' id='line_1_2' title="bbox 1682 322 2479 384; baseline -0.001 0"><span class='ocrx_word' id='word_1_2' title='bbox 1682 323 2067 384; x_wconf 78' lang='lat' dir='ltr'><strong>EUTHYMII</strong></span> <span class='ocrx_word' id='word_1_3' title='bbox 2110 322 2479 384; x_wconf 69' lang='lat' dir='ltr'><strong>ZlGABENI</strong></span> 
     </span>
    </p>
   </div>
   <div class='ocr_carea' id='block_1_3' title="bbox 3587 326 3692 387">
    <p class='ocr_par' dir='ltr' id='par_1_3' title="bbox 3587 326 3692 387">
     <span class='ocr_line' id='line_1_3' title="bbox 3587 326 3692 387; baseline 0.019 -2"><span class='ocrx_word' id='word_1_4' title='bbox 3587 326 3692 387; x_wconf 70' lang='lat'><strong>592</strong></span> 
     </span>
    </p>
   </div>
   <div class='ocr_carea' id='block_1_4' title="bbox 430 457 2027 531">
    <p class='ocr_par' dir='ltr' id='par_1_4' title="bbox 430 458 2010 529">
     <span class='ocr_line' id='line_1_4' title="bbox 430 458 2010 529; baseline 0.001 -16"><span class='ocrx_word' id='word_1_5' title='bbox 430 465 657 514; x_wconf 74' lang='lat' dir='ltr'><strong>articulo</strong></span> <span class='ocrx_word' id='word_1_6' title='bbox 721 470 866 523; x_wconf 90' lang='lat' dir='ltr'><strong>sunt,</strong></span> <span class='ocrx_word' id='word_1_7' title='bbox 932 461 1276 514; x_wconf 71' lang='lat' dir='ltr'><strong>exactissime</strong></span> <span class='ocrx_word' id='word_1_8' title='bbox 1307 459 1465 525; x_wconf 83' lang='lat' dir='ltr'><strong>scire,</strong></span> <span class='ocrx_word' id='word_1_9' title='bbox 1511 458 1680 529; x_wconf 87' lang='lat' dir='ltr'><strong>ipsam</strong></span> <span class='ocrx_word' id='word_1_10' title='bbox 1708 466 1888 512; x_wconf 89' lang='lat' dir='ltr'><strong>autem</strong></span> <span class='ocrx_word' id='word_1_11' title='bbox 1914 458 2010 515; x_wconf 80' lang='lat' dir='ltr'><strong>ho-</strong></span> 
     </span>
    </p>
   </div>
   <div class='ocr_carea' id='block_1_5' title="bbox 2129 457 3692 531">
    <p class='ocr_par' dir='ltr' id='par_1_5' title="bbox 2129 457 3692 531">
     <span class='ocr_line' id='line_1_5' title="bbox 2129 457 3692 531; baseline 0 -16"><span class='ocrx_word' id='word_1_12' title='bbox 2129 461 2174 515; x_wconf 75' lang='grc' dir='ltr'><strong>τά</strong></span> <span class='ocrx_word' id='word_1_13' title='bbox 2202 461 2301 531; x_wconf 84' lang='grc' dir='ltr'>μὲν</span> <span class='ocrx_word' id='word_1_14' title='bbox 2339 459 2444 531; x_wconf 70' lang='grc' dir='ltr'>πρὸ</span> <span class='ocrx_word' id='word_1_15' title='bbox 2472 457 2565 511; x_wconf 80' lang='grc' dir='ltr'><strong>τοῦ</strong></span> <span class='ocrx_word' id='word_1_16' title='bbox 2609 458 2823 529; x_wconf 79' lang='grc' dir='ltr'>τείχους</span> <span class='ocrx_word' id='word_1_17' title='bbox 2866 458 3110 530; x_wconf 77' lang='grc' dir='ltr'>ἀκριϐῶς</span> <span class='ocrx_word' id='word_1_18' title='bbox 3163 458 3490 513; x_wconf 75' lang='grc' dir='ltr'>ἐπίστασθαι</span> <span class='ocrx_word' id='word_1_19' title='bbox 3522 461 3692 529; x_wconf 78' lang='grc' dir='ltr'>λέγοι,</span> 
     </span>
    </p>
   </div>
   <div class='ocr_carea' id='block_1_6' title="bbox 436 551 2007 621">
    <p class='ocr_par' dir='ltr' id='par_1_6' title="bbox 436 551 2007 621">
     <span class='ocr_line' id='line_1_6' title="bbox 436 551 2007 621; baseline 0 -15"><span class='ocrx_word' id='word_1_20' title='bbox 436 568 551 606; x_wconf 92' lang='lat' dir='ltr'><strong>ram</strong></span> <span class='ocrx_word' id='word_1_21' title='bbox 589 553 877 621; x_wconf 79' lang='lat' dir='ltr'><strong>ignorare?</strong></span> <span class='ocrx_word' id='word_1_22' title='bbox 900 551 1196 621; x_wconf 64' lang='lat' dir='ltr'><strong>fEnigmati</strong></span> <span class='ocrx_word' id='word_1_23' title='bbox 1224 551 1419 621; x_wconf 80' lang='lat' dir='ltr'><strong>quippe</strong></span> <span class='ocrx_word' id='word_1_24' title='bbox 1436 565 1521 606; x_wconf 85' lang='lat' dir='ltr'><strong>res</strong></span> <span class='ocrx_word' id='word_1_25' title='bbox 1550 552 1664 607; x_wconf 54' lang='lat' dir='ltr'><strong>have</strong></span> <span class='ocrx_word' id='word_1_26' title='bbox 1685 552 1879 607; x_wconf 83' lang='lat' dir='ltr'><strong>similis</strong></span> <span class='ocrx_word' id='word_1_27' title='bbox 1906 562 2007 608; x_wconf 86' lang='lat' dir='ltr'><strong>est:</strong></span> 
     </span>
    </p>
   </div>
   <div class='ocr_carea' id='block_1_7' title="bbox 431 642 1995 714">
    <p class='ocr_par' dir='ltr' id='par_1_7' title="bbox 431 642 1995 714">
     <span class='ocr_line' id='line_1_7' title="bbox 431 642 1995 714; baseline 0.001 -16"><span class='ocrx_word' id='word_1_28' title='bbox 431 645 651 714; x_wconf 88' lang='lat' dir='ltr'><strong>perinde</strong></span> <span class='ocrx_word' id='word_1_29' title='bbox 703 644 950 697; x_wconf 74' lang='lat' dir='ltr'><strong>videlicet</strong></span> <span class='ocrx_word' id='word_1_30' title='bbox 987 658 1049 698; x_wconf 91' lang='lat' dir='ltr'><strong>ac</strong></span> <span class='ocrx_word' id='word_1_31' title='bbox 1073 642 1116 697; x_wconf 90' lang='lat' dir='ltr'><strong>si</strong></span> <span class='ocrx_word' id='word_1_32' title='bbox 1178 643 1302 712; x_wconf 85' lang='lat' dir='ltr'><strong>quis</strong></span> <span class='ocrx_word' id='word_1_33' title='bbox 1345 658 1429 707; x_wconf 89' lang='lat' dir='ltr'><strong>ea,</strong></span> <span class='ocrx_word' id='word_1_34' title='bbox 1481 658 1601 713; x_wconf 70' lang='lat' dir='ltr'><strong>qua:</strong></span> <span class='ocrx_word' id='word_1_35' title='bbox 1627 654 1750 699; x_wconf 90' lang='lat' dir='ltr'><strong>ante</strong></span> <span class='ocrx_word' id='word_1_36' title='bbox 1780 660 1995 699; x_wconf 78' lang='lat' dir='ltr'><strong>murum</strong></span> 
     </span>
    </p>
   </div>
   <div class='ocr_carea' id='block_1_8' title="bbox 431 733 2009 801">
    <p class='ocr_par' dir='ltr' id='par_1_8' title="bbox 431 733 2009 801">
     <span class='ocr_line' id='line_1_8' title="bbox 431 733 2009 801; baseline -0.001 -12"><span class='ocrx_word' id='word_1_37' title='bbox 431 736 915 797; x_wconf 84' lang='lat' dir='ltr'><strong>sunt,cerlissimc</strong></span> <span class='ocrx_word' id='word_1_38' title='bbox 963 750 1022 789; x_wconf 88' lang='lat' dir='ltr'><strong>se</strong></span> <span class='ocrx_word' id='word_1_39' title='bbox 1081 748 1245 789; x_wconf 85' lang='lat' dir='ltr'><strong>nosse</strong></span> <span class='ocrx_word' id='word_1_40' title='bbox 1293 733 1543 801; x_wconf 78' lang='lat' dir='ltr'><strong>aﬂirmet,</strong></span> <span class='ocrx_word' id='word_1_41' title='bbox 1577 752 1788 788; x_wconf 88' lang='lat' dir='ltr'><strong>tnttrutu</strong></span> <span class='ocrx_word' id='word_1_42' title='bbox 1830 748 2009 788; x_wconf 82' lang='lat' dir='ltr'><strong>autem</strong></span> 
     </span>
    </p>
   </div>
   <div class='ocr_carea' id='block_1_9' title="bbox 432 825 2013 899">
    <p class='ocr_par' dir='ltr' id='par_1_9' title="bbox 432 825 2013 899">
     <span class='ocr_line' id='line_1_9' title="bbox 432 825 2013 899; baseline 0.003 -21"><span class='ocrx_word' id='word_1_43' title='bbox 432 827 610 893; x_wconf 81' lang='lat' dir='ltr'><strong>ipsum</strong></span> <span class='ocrx_word' id='word_1_44' title='bbox 666 827 916 894; x_wconf 87' lang='lat' dir='ltr'><strong>ignorare</strong></span> <span class='ocrx_word' id='word_1_45' title='bbox 963 842 1021 881; x_wconf 86' lang='lat' dir='ltr'><strong>se</strong></span> <span class='ocrx_word' id='word_1_46' title='bbox 1058 825 1291 881; x_wconf 77' lang='lat' dir='ltr'><strong>fateatur</strong></span> <span class='ocrx_word' id='word_1_47' title='bbox 1325 843 1339 880; x_wconf 91' lang='lat'><strong>:</strong></span> <span class='ocrx_word' id='word_1_48' title='bbox 1376 836 1468 881; x_wconf 88' lang='lat' dir='ltr'><strong>aut</strong></span> <span class='ocrx_word' id='word_1_49' title='bbox 1499 826 1603 882; x_wconf 89' lang='lat' dir='ltr'><strong>diei</strong></span> <span class='ocrx_word' id='word_1_50' title='bbox 1640 826 1800 881; x_wconf 81' lang='lat' dir='ltr'><strong>linem</strong></span> <span class='ocrx_word' id='word_1_51' title='bbox 1844 828 2013 899; x_wconf 87' lang='lat' dir='ltr'><strong>probe</strong></span> 
     </span>
    </p>
   </div>
   <div class='ocr_carea' id='block_1_10' title="bbox 431 918 2013 989">
    <p class='ocr_par' dir='ltr' id='par_1_10' title="bbox 431 918 2013 989">
     <span class='ocr_line' id='line_1_10' title="bbox 431 918 2013 989; baseline 0.002 -20"><span class='ocrx_word' id='word_1_52' title='bbox 431 918 628 982; x_wconf 85' lang='lat' dir='ltr'><strong>sciens,</strong></span> <span class='ocrx_word' id='word_1_53' title='bbox 662 919 837 972; x_wconf 85' lang='lat' dir='ltr'><strong>noctis</strong></span> <span class='ocrx_word' id='word_1_54' title='bbox 880 918 1206 987; x_wconf 88' lang='lat' dir='ltr'><strong>principimn</strong></span> <span class='ocrx_word' id='word_1_55' title='bbox 1268 918 1490 972; x_wconf 89' lang='lat' dir='ltr'><strong>minime</strong></span> <span class='ocrx_word' id='word_1_56' title='bbox 1541 928 1830 989; x_wconf 81' lang='lat' dir='ltr'><strong>cognoscat</strong></span> <span class='ocrx_word' id='word_1_57' title='bbox 1868 936 1881 972; x_wconf 89' lang='lat'><strong>:</strong></span> <span class='ocrx_word' id='word_1_58' title='bbox 1923 918 2013 972; x_wconf 92' lang='lat' dir='ltr'><strong>ubi</strong></span> 
     </span>
    </p>
   </div>
   <div class='ocr_carea' id='block_1_11' title="bbox 437 1008 2011 1078">
    <p class='ocr_par' dir='ltr' id='par_1_11' title="bbox 437 1008 2011 1078">
     <span class='ocr_line' id='line_1_11' title="bbox 437 1008 2011 1078; baseline 0.004 -21"><span class='ocrx_word' id='word_1_59' title='bbox 437 1008 664 1063; x_wconf 87' lang='lat' dir='ltr'><strong>alterius</strong></span> <span class='ocrx_word' id='word_1_60' title='bbox 698 1010 937 1078; x_wconf 76' lang='lat' dir='ltr'><strong>cognitio</strong></span> <span class='ocrx_word' id='word_1_61' title='bbox 984 1010 1215 1064; x_wconf 83' lang='lat' dir='ltr'><strong>alterum</strong></span> <span class='ocrx_word' id='word_1_62' title='bbox 1273 1012 1584 1065; x_wconf 88' lang='lat' dir='ltr'><strong>necessario</strong></span> <span class='ocrx_word' id='word_1_63' title='bbox 1627 1026 1812 1066; x_wconf 88' lang='lat' dir='ltr'><strong>secum</strong></span> <span class='ocrx_word' id='word_1_64' title='bbox 1845 1011 2011 1065; x_wconf 89' lang='lat' dir='ltr'><strong>ducit.</strong></span> 
     </span>
    </p>
   </div>
   <div class='ocr_carea' id='block_1_12' title="bbox 437 1099 2012 1172">
    <p class='ocr_par' dir='ltr' id='par_1_12' title="bbox 437 1099 2012 1172">
     <span class='ocr_line' id='line_1_12' title="bbox 437 1099 2012 1172; baseline 0.002 -20"><span class='ocrx_word' id='word_1_65' title='bbox 437 1099 600 1153; x_wconf 85' lang='lat' dir='ltr'><strong>Eccui</strong></span> <span class='ocrx_word' id='word_1_66' title='bbox 633 1101 799 1169; x_wconf 80' lang='lat' dir='ltr'><strong>igitur</strong></span> <span class='ocrx_word' id='word_1_67' title='bbox 834 1102 1053 1155; x_wconf 87' lang='lat' dir='ltr'><strong>dubium</strong></span> <span class='ocrx_word' id='word_1_68' title='bbox 1082 1117 1203 1158; x_wconf 86' lang='lat' dir='ltr'><strong>esse</strong></span> <span class='ocrx_word' id='word_1_69' title='bbox 1247 1114 1446 1172; x_wconf 87' lang='lat' dir='ltr'><strong>potest,</strong></span> <span class='ocrx_word' id='word_1_70' title='bbox 1499 1104 1628 1172; x_wconf 92' lang='lat' dir='ltr'><strong>quin</strong></span> <span class='ocrx_word' id='word_1_71' title='bbox 1664 1105 1852 1157; x_wconf 90' lang='lat' dir='ltr'><strong>horam</strong></span> <span class='ocrx_word' id='word_1_72' title='bbox 1891 1101 2012 1171; x_wconf 87' lang='lat' dir='ltr'><strong>qui-</strong></span> 
     </span>
    </p>
   </div>
   <div class='ocr_carea' id='block_1_13' title="bbox 432 1191 2018 1265">
    <p class='ocr_par' dir='ltr' id='par_1_13' title="bbox 432 1191 2018 1265">
     <span class='ocr_line' id='line_1_13' title="bbox 432 1191 2018 1265; baseline 0.001 -20"><span class='ocrx_word' id='word_1_73' title='bbox 432 1191 577 1256; x_wconf 73' lang='lat' dir='ltr'><strong>dem,</strong></span> <span class='ocrx_word' id='word_1_74' title='bbox 613 1202 670 1244; x_wconf 90' lang='lat' dir='ltr'><strong>nt</strong></span> <span class='ocrx_word' id='word_1_75' title='bbox 702 1193 862 1258; x_wconf 84' lang='lat' dir='ltr'><strong>Deus,</strong></span> <span class='ocrx_word' id='word_1_76' title='bbox 897 1197 1168 1263; x_wconf 73' lang='lat' dir='ltr'><strong>cognitam</strong></span> <span class='ocrx_word' id='word_1_77' title='bbox 1206 1196 1424 1258; x_wconf 88' lang='lat' dir='ltr'><strong>habeat,</strong></span> <span class='ocrx_word' id='word_1_78' title='bbox 1472 1195 1684 1265; x_wconf 82' lang='lat' dir='ltr'><strong>ignoret</strong></span> <span class='ocrx_word' id='word_1_79' title='bbox 1742 1204 1921 1247; x_wconf 90' lang='lat' dir='ltr'><strong>autem</strong></span> <span class='ocrx_word' id='word_1_80' title='bbox 1960 1202 2018 1246; x_wconf 92' lang='lat' dir='ltr'><strong>ut</strong></span> 
     </span>
    </p>
   </div>
   <div class='ocr_carea' id='block_1_14' title="bbox 436 1282 2012 1353">
    <p class='ocr_par' dir='ltr' id='par_1_14' title="bbox 436 1282 2012 1353">
     <span class='ocr_line' id='line_1_14' title="bbox 436 1282 2012 1353; baseline 0.001 -18"><span class='ocrx_word' id='word_1_81' title='bbox 436 1282 621 1346; x_wconf 69' lang='lat' dir='ltr'><strong>homo,</strong></span> <span class='ocrx_word' id='word_1_82' title='bbox 651 1284 693 1337; x_wconf 90' lang='lat' dir='ltr'><strong>si</strong></span> <span class='ocrx_word' id='word_1_83' title='bbox 728 1284 848 1351; x_wconf 87' lang='lat' dir='ltr'><strong>quis</strong></span> <span class='ocrx_word' id='word_1_84' title='bbox 879 1294 1086 1353; x_wconf 89' lang='lat' dir='ltr'><strong>partem</strong></span> <span class='ocrx_word' id='word_1_85' title='bbox 1116 1285 1504 1353; x_wconf 66' lang='lat' dir='ltr'><strong>aspectabilt-m</strong></span> <span class='ocrx_word' id='word_1_86' title='bbox 1536 1285 1602 1338; x_wconf 90' lang='lat' dir='ltr'><strong>ab</strong></span> <span class='ocrx_word' id='word_1_87' title='bbox 1629 1300 1691 1338; x_wconf 88' lang='lat' dir='ltr'><strong>ea</strong></span> <span class='ocrx_word' id='word_1_88' title='bbox 1721 1283 2012 1351; x_wconf 77' lang='lat' dir='ltr'><strong>disjungat,</strong></span> 
     </span>
    </p>
   </div>
   <div class='ocr_carea' id='block_1_15' title="bbox 435 1373 2017 1445">
    <p class='ocr_par' dir='ltr' id='par_1_15' title="bbox 435 1373 2017 1445">
     <span class='ocr_line' id='line_1_15' title="bbox 435 1373 2017 1445; baseline 0.001 -19"><span class='ocrx_word' id='word_1_89' title='bbox 435 1388 560 1440; x_wconf 72' lang='lat' dir='ltr'><strong>qua:</strong></span> <span class='ocrx_word' id='word_1_90' title='bbox 597 1384 779 1427; x_wconf 86' lang='lat' dir='ltr'><strong>mente</strong></span> <span class='ocrx_word' id='word_1_91' title='bbox 805 1373 915 1428; x_wconf 80' lang='lat' dir='ltr'><strong>sola</strong></span> <span class='ocrx_word' id='word_1_92' title='bbox 950 1376 1182 1445; x_wconf 81' lang='lat' dir='ltr'><strong>perspici</strong></span> <span class='ocrx_word' id='word_1_93' title='bbox 1227 1386 1405 1443; x_wconf 78' lang='lat' dir='ltr'><strong>potest</strong></span> <span class='ocrx_word' id='word_1_94' title='bbox 1444 1374 1467 1426; x_wconf 74' lang='lat'><strong>7</strong></span> <span class='ocrx_word' id='word_1_95' title='bbox 1502 1373 1632 1428; x_wconf 82' lang='lat' dir='ltr'><strong>Nam</strong></span> <span class='ocrx_word' id='word_1_96' title='bbox 1683 1374 1808 1443; x_wconf 88' lang='lat' dir='ltr'><strong>quia</strong></span> <span class='ocrx_word' id='word_1_97' title='bbox 1860 1374 2017 1427; x_wconf 80' lang='lat' dir='ltr'><strong>abso-</strong></span> 
     </span>
    </p>
   </div>
   <div class='ocr_carea' id='block_1_16' title="bbox 436 1462 2016 1533">
    <p class='ocr_par' dir='ltr' id='par_1_16' title="bbox 436 1462 2016 1533">
     <span class='ocr_line' id='line_1_16' title="bbox 436 1462 2016 1533; baseline 0.003 -19"><span class='ocrx_word' id='word_1_98' title='bbox 436 1462 547 1517; x_wconf 84' lang='lat' dir='ltr'><strong>lute</strong></span> <span class='ocrx_word' id='word_1_99' title='bbox 582 1463 680 1518; x_wconf 90' lang='lat' dir='ltr'><strong>hoc</strong></span> <span class='ocrx_word' id='word_1_100' title='bbox 714 1462 831 1518; x_wconf 91' lang='lat' dir='ltr'><strong>loco</strong></span> <span class='ocrx_word' id='word_1_101' title='bbox 861 1478 925 1519; x_wconf 89' lang='lat' dir='ltr'><strong>ac</strong></span> <span class='ocrx_word' id='word_1_102' title='bbox 948 1465 1066 1520; x_wconf 85' lang='lat' dir='ltr'><strong>sine</strong></span> <span class='ocrx_word' id='word_1_103' title='bbox 1094 1465 1359 1520; x_wconf 82' lang='lat' dir='ltr'><strong>relatione</strong></span> <span class='ocrx_word' id='word_1_104' title='bbox 1382 1506 1396 1527; x_wconf 88' lang='lat'><strong>,</strong></span> <span class='ocrx_word' id='word_1_105' title='bbox 1462 1465 1583 1519; x_wconf 73' lang='lat' dir='ltr'><strong>Fllli</strong></span> <span class='ocrx_word' id='word_1_106' title='bbox 1633 1480 1826 1519; x_wconf 86' lang='lat' dir='ltr'><strong>nomen</strong></span> <span class='ocrx_word' id='word_1_107' title='bbox 1862 1464 2016 1533; x_wconf 82' lang='lat' dir='ltr'><strong>poni-</strong></span> 
     </span>
    </p>
   </div>
   <div class='ocr_carea' id='block_1_17' title="bbox 2110 548 3691 621">
    <p class='ocr_par' dir='ltr' id='par_1_17' title="bbox 2110 548 3691 621">
     <span class='ocr_line' id='line_1_17' title="bbox 2110 548 3691 621; baseline 0.001 -17"><span class='ocrx_word' id='word_1_108' title='bbox 2110 552 2241 604; x_wconf 76' lang='grc' dir='ltr'>αὐτὸ</span> <span class='ocrx_word' id='word_1_109' title='bbox 2261 550 2317 603; x_wconf 81' lang='grc' dir='ltr'>δὲ</span> <span class='ocrx_word' id='word_1_110' title='bbox 2345 552 2559 618; x_wconf 82' lang='grc' dir='ltr'>ἀγνοεῖν</span> <span class='ocrx_word' id='word_1_111' title='bbox 2584 550 2644 603; x_wconf 75' lang='grc' dir='ltr'>τὸ</span> <span class='ocrx_word' id='word_1_112' title='bbox 2674 552 2853 620; x_wconf 87' lang='grc' dir='ltr'>τεῖχος</span> <span class='ocrx_word' id='word_1_113' title='bbox 2873 567 2886 580; x_wconf 91' lang='grc'><strong>·</strong></span> <span class='ocrx_word' id='word_1_114' title='bbox 2920 549 2953 620; x_wconf 87' lang='grc' dir='ltr'>ἢ</span> <span class='ocrx_word' id='word_1_115' title='bbox 2996 548 3059 602; x_wconf 84' lang='grc' dir='ltr'><strong>τὸ</strong></span> <span class='ocrx_word' id='word_1_116' title='bbox 3081 549 3182 619; x_wconf 81' lang='grc' dir='ltr'>τῆς</span> <span class='ocrx_word' id='word_1_117' title='bbox 3210 550 3425 621; x_wconf 69' lang='grc' dir='ltr'>ἡμέρας</span> <span class='ocrx_word' id='word_1_118' title='bbox 3448 552 3595 615; x_wconf 82' lang='grc' dir='ltr'>τέλος</span> <span class='ocrx_word' id='word_1_119' title='bbox 3630 548 3691 607; x_wconf 75' lang='grc' dir='ltr'>εὖ</span> 
     </span>
    </p>
   </div>
   <div class='ocr_carea' id='block_1_18' title="bbox 2112 639 3690 711">
    <p class='ocr_par' dir='ltr' id='par_1_18' title="bbox 2112 639 3690 711">
     <span class='ocr_line' id='line_1_18' title="bbox 2112 639 3690 711; baseline 0 -16"><span class='ocrx_word' id='word_1_120' title='bbox 2112 643 2491 711; x_wconf 77' lang='grc' dir='ltr'>ἐπιστάμενος,</span> <span class='ocrx_word' id='word_1_121' title='bbox 2524 639 2620 711; x_wconf 80' lang='grc' dir='ltr'>τὴν</span> <span class='ocrx_word' id='word_1_122' title='bbox 2656 639 2831 711; x_wconf 81' lang='grc' dir='ltr'>ἀρχὴν</span> <span class='ocrx_word' id='word_1_123' title='bbox 2860 643 2961 710; x_wconf 84' lang='grc' dir='ltr'><strong>τῆς</strong></span> <span class='ocrx_word' id='word_1_124' title='bbox 3007 639 3200 703; x_wconf 85' lang='grc' dir='ltr'>νυκτὸς</span> <span class='ocrx_word' id='word_1_125' title='bbox 3244 640 3319 711; x_wconf 81' lang='grc' dir='ltr'>μὴ</span> <span class='ocrx_word' id='word_1_126' title='bbox 3361 640 3649 708; x_wconf 79' lang='grc' dir='ltr'>γινώσκειν</span> <span class='ocrx_word' id='word_1_127' title='bbox 3676 660 3690 674; x_wconf 88' lang='grc'><strong>·</strong></span> 
     </span>
    </p>
   </div>
   <div class='ocr_carea' id='block_1_19' title="bbox 2112 730 3697 804">
    <p class='ocr_par' dir='ltr' id='par_1_19' title="bbox 2112 730 3697 804">
     <span class='ocr_line' id='line_1_19' title="bbox 2112 730 3697 804; baseline 0 -18"><span class='ocrx_word' id='word_1_128' title='bbox 2112 732 2239 786; x_wconf 75' lang='grc' dir='ltr'>ἔνθα</span> <span class='ocrx_word' id='word_1_129' title='bbox 2272 735 2304 803; x_wconf 79' lang='grc' dir='ltr'>ἡ</span> <span class='ocrx_word' id='word_1_130' title='bbox 2333 730 2427 785; x_wconf 78' lang='grc' dir='ltr'>τοῦ</span> <span class='ocrx_word' id='word_1_131' title='bbox 2460 730 2646 804; x_wconf 78' lang='grc' dir='ltr'>ἐτέρου</span> <span class='ocrx_word' id='word_1_132' title='bbox 2680 731 2901 799; x_wconf 84' lang='grc' dir='ltr'>γνῶσις,</span> <span class='ocrx_word' id='word_1_133' title='bbox 2947 731 3259 798; x_wconf 70' lang='grc' dir='ltr'><strong>ἀναγκαίως</strong></span> <span class='ocrx_word' id='word_1_134' title='bbox 3292 732 3603 800; x_wconf 78' lang='grc' dir='ltr'>συνεισάγει</span> <span class='ocrx_word' id='word_1_135' title='bbox 3636 733 3697 787; x_wconf 80' lang='grc' dir='ltr'><strong>τὸ</strong></span> 
     </span>
    </p>
   </div>
   <div class='ocr_carea' id='block_1_20' title="bbox 2111 822 3698 898">
    <p class='ocr_par' dir='ltr' id='par_1_20' title="bbox 2111 822 3698 898">
     <span class='ocr_line' id='line_1_20' title="bbox 2111 822 3698 898; baseline 0.001 -20"><span class='ocrx_word' id='word_1_136' title='bbox 2111 826 2315 898; x_wconf 71' lang='grc' dir='ltr'>ἕτερον.</span> <span class='ocrx_word' id='word_1_137' title='bbox 2346 825 2418 876; x_wconf 80' lang='grc' dir='ltr'><strong>’Ἡ</strong></span> <span class='ocrx_word' id='word_1_138' title='bbox 2470 827 2635 879; x_wconf 79' lang='grc' dir='ltr'>πᾶσιν</span> <span class='ocrx_word' id='word_1_139' title='bbox 2685 822 2936 893; x_wconf 70' lang='grc' dir='ltr'>εὔδηλον,</span> <span class='ocrx_word' id='word_1_140' title='bbox 2992 825 3075 876; x_wconf 83' lang='grc' dir='ltr'><strong>ὅτι</strong></span> <span class='ocrx_word' id='word_1_141' title='bbox 3127 825 3387 892; x_wconf 80' lang='grc' dir='ltr'>γινώσκει</span> <span class='ocrx_word' id='word_1_142' title='bbox 3449 826 3570 895; x_wconf 81' lang='grc' dir='ltr'>μὲν,</span> <span class='ocrx_word' id='word_1_143' title='bbox 3619 827 3698 889; x_wconf 80' lang='grc' dir='ltr'><strong>ὡς</strong></span> 
     </span>
    </p>
   </div>
   <div class='ocr_carea' id='block_1_21' title="bbox 2113 914 3696 985">
    <p class='ocr_par' dir='ltr' id='par_1_21' title="bbox 2113 914 3696 985">
     <span class='ocr_line' id='line_1_21' title="bbox 2113 914 3696 985; baseline 0.001 -18"><span class='ocrx_word' id='word_1_144' title='bbox 2113 914 2264 979; x_wconf 84' lang='grc' dir='ltr'><strong>Θεὸς,</strong></span> <span class='ocrx_word' id='word_1_145' title='bbox 2298 916 2509 984; x_wconf 82' lang='grc' dir='ltr'>ἀγνοεῖν</span> <span class='ocrx_word' id='word_1_146' title='bbox 2531 915 2585 967; x_wconf 83' lang='grc' dir='ltr'><strong>δέ</strong></span> <span class='ocrx_word' id='word_1_147' title='bbox 2610 931 2795 984; x_wconf 79' lang='grc' dir='ltr'>φησιν,</span> <span class='ocrx_word' id='word_1_148' title='bbox 2832 914 2907 977; x_wconf 84' lang='grc' dir='ltr'><strong>ώς</strong></span> <span class='ocrx_word' id='word_1_149' title='bbox 2946 915 3251 985; x_wconf 83' lang='grc' dir='ltr'>ἄνθρωπος,</span> <span class='ocrx_word' id='word_1_150' title='bbox 3281 914 3344 967; x_wconf 84' lang='grc' dir='ltr'>ἄν</span> <span class='ocrx_word' id='word_1_151' title='bbox 3374 933 3458 977; x_wconf 86' lang='grc' dir='ltr'><strong>τις</strong></span> <span class='ocrx_word' id='word_1_152' title='bbox 3482 916 3542 969; x_wconf 84' lang='grc' dir='ltr'>τὺ</span> <span class='ocrx_word' id='word_1_153' title='bbox 3570 935 3696 984; x_wconf 73' lang='grc' dir='ltr'>φαιο</span> 
     </span>
    </p>
   </div>
   <div class='ocr_carea' id='block_1_22' title="bbox 2115 1005 3698 1077">
    <p class='ocr_par' dir='ltr' id='par_1_22' title="bbox 2115 1005 3698 1077">
     <span class='ocr_line' id='line_1_22' title="bbox 2115 1005 3698 1077; baseline 0.001 -17"><span class='ocrx_word' id='word_1_154' title='bbox 2115 1006 2340 1077; x_wconf 86' lang='grc' dir='ltr'>νόμενον</span> <span class='ocrx_word' id='word_1_155' title='bbox 2384 1005 2595 1077; x_wconf 84' lang='grc' dir='ltr'>χωρίσῃ</span> <span class='ocrx_word' id='word_1_156' title='bbox 2630 1005 2725 1058; x_wconf 83' lang='grc' dir='ltr'>τοῦ</span> <span class='ocrx_word' id='word_1_157' title='bbox 2777 1005 3100 1076; x_wconf 84' lang='grc' dir='ltr'>νοουμένου;</span> <span class='ocrx_word' id='word_1_158' title='bbox 3146 1005 3219 1057; x_wconf 87' lang='grc' dir='ltr'><strong>Τὸ</strong></span> <span class='ocrx_word' id='word_1_159' title='bbox 3270 1006 3379 1076; x_wconf 83' lang='grc' dir='ltr'>γὰρ</span> <span class='ocrx_word' id='word_1_160' title='bbox 3430 1008 3698 1061; x_wconf 84' lang='grc' dir='ltr'>ἀπόλυτον</span> 
     </span>
    </p>
   </div>
   <div class='ocr_carea' id='block_1_23' title="bbox 2116 1093 3701 1167">
    <p class='ocr_par' dir='ltr' id='par_1_23' title="bbox 2116 1093 3701 1167">
     <span class='ocr_line' id='line_1_23' title="bbox 2116 1093 3701 1167; baseline 0.001 -16"><span class='ocrx_word' id='word_1_161' title='bbox 2116 1093 2253 1151; x_wconf 74' lang='grc' dir='ltr'>εἶναι</span> <span class='ocrx_word' id='word_1_162' title='bbox 2282 1096 2375 1151; x_wconf 80' lang='grc' dir='ltr'>τοῦ</span> <span class='ocrx_word' id='word_1_163' title='bbox 2407 1097 2535 1150; x_wconf 79' lang='grc' dir='ltr'>Υίοῦ</span> <span class='ocrx_word' id='word_1_164' title='bbox 2559 1098 2658 1167; x_wconf 79' lang='grc' dir='ltr'><strong>τὴν</strong></span> <span class='ocrx_word' id='word_1_165' title='bbox 2685 1098 3053 1167; x_wconf 79' lang='grc' dir='ltr'>προσηγορίαν</span> <span class='ocrx_word' id='word_1_166' title='bbox 3081 1098 3174 1150; x_wconf 73' lang='grc' dir='ltr'><strong>καὶ</strong></span> <span class='ocrx_word' id='word_1_167' title='bbox 3215 1096 3441 1166; x_wconf 80' lang='grc' dir='ltr'>ἄσχετον</span> <span class='ocrx_word' id='word_1_168' title='bbox 3473 1134 3489 1157; x_wconf 87' lang='grc'><strong>,</strong></span> <span class='ocrx_word' id='word_1_169' title='bbox 3632 1099 3701 1152; x_wconf 78' lang='grc' dir='ltr'><strong>οὐ</strong></span> 
     </span>
    </p>
   </div>
   <div class='ocr_carea' id='block_1_24' title="bbox 2118 1188 3699 1262">
    <p class='ocr_par' dir='ltr' id='par_1_24' title="bbox 2118 1188 3699 1262">
     <span class='ocr_line' id='line_1_24' title="bbox 2118 1188 3699 1262; baseline -0.002 -17"><span class='ocrx_word' id='word_1_170' title='bbox 2118 1189 2517 1262; x_wconf 80' lang='grc' dir='ltr'>προσκειμένου</span> <span class='ocrx_word' id='word_1_171' title='bbox 2558 1190 2635 1259; x_wconf 81' lang='grc' dir='ltr'>τῷ</span> <span class='ocrx_word' id='word_1_172' title='bbox 2672 1188 2786 1259; x_wconf 83' lang='grc' dir='ltr'>Υίῴ</span> <span class='ocrx_word' id='word_1_173' title='bbox 2828 1188 2932 1241; x_wconf 87' lang='grc' dir='ltr'>τοῦ</span> <span class='ocrx_word' id='word_1_174' title='bbox 2975 1189 3141 1254; x_wconf 82' lang='grc' dir='ltr'>τινὸς</span> <span class='ocrx_word' id='word_1_175' title='bbox 3180 1226 3199 1249; x_wconf 82' lang='grc'><strong>,</strong></span> <span class='ocrx_word' id='word_1_176' title='bbox 3342 1188 3545 1259; x_wconf 85' lang='grc' dir='ltr'>ταύτην</span> <span class='ocrx_word' id='word_1_177' title='bbox 3568 1191 3699 1260; x_wconf 72' lang='grc' dir='ltr'>ἡμῖν</span> 
     </span>
    </p>
   </div>
   <div class='ocr_carea' id='block_1_25' title="bbox 2116 1279 3701 1352">
    <p class='ocr_par' dir='ltr' id='par_1_25' title="bbox 2116 1279 3701 1352">
     <span class='ocr_line' id='line_1_25' title="bbox 2116 1279 3701 1352; baseline 0 -18"><span class='ocrx_word' id='word_1_178' title='bbox 2116 1281 2296 1335; x_wconf 88' lang='grc' dir='ltr'>δίδωσι</span> <span class='ocrx_word' id='word_1_179' title='bbox 2326 1280 2423 1352; x_wconf 82' lang='grc' dir='ltr'><strong>τὴν</strong></span> <span class='ocrx_word' id='word_1_180' title='bbox 2450 1280 2725 1344; x_wconf 81' lang='grc' dir='ltr'>ὑπόνοιαν,</span> <span class='ocrx_word' id='word_1_181' title='bbox 2756 1281 2894 1333; x_wconf 81' lang='grc' dir='ltr'>ὥστε</span> <span class='ocrx_word' id='word_1_182' title='bbox 2923 1280 3021 1352; x_wconf 86' lang='grc' dir='ltr'>τὴν</span> <span class='ocrx_word' id='word_1_183' title='bbox 3049 1280 3269 1346; x_wconf 79' lang='grc' dir='ltr'>ἄγνοιαν</span> <span class='ocrx_word' id='word_1_184' title='bbox 3300 1279 3701 1351; x_wconf 68' lang='grc' dir='ltr'>ὑπολαμϐάνειν</span> 
     </span>
    </p>
   </div>
   <div class='ocr_carea' id='block_1_26' title="bbox 2120 1371 3703 1444">
    <p class='ocr_par' dir='ltr' id='par_1_26' title="bbox 2120 1371 3703 1444">
     <span class='ocr_line' id='line_1_26' title="bbox 2120 1371 3703 1444; baseline -0.001 -17"><span class='ocrx_word' id='word_1_185' title='bbox 2120 1375 2212 1427; x_wconf 69' lang='grc' dir='ltr'>ἐπὶ</span> <span class='ocrx_word' id='word_1_186' title='bbox 2238 1373 2297 1426; x_wconf 77' lang='grc' dir='ltr'>τὸ</span> <span class='ocrx_word' id='word_1_187' title='bbox 2321 1372 2729 1441; x_wconf 77' lang='grc' dir='ltr'>εὐσεϐέστερον,</span> <span class='ocrx_word' id='word_1_188' title='bbox 2751 1372 2830 1444; x_wconf 81' lang='grc' dir='ltr'>τῷ</span> <span class='ocrx_word' id='word_1_189' title='bbox 2850 1371 3197 1443; x_wconf 81' lang='grc' dir='ltr'>ἀνθρωπίνῳ,</span> <span class='ocrx_word' id='word_1_190' title='bbox 3227 1371 3302 1442; x_wconf 78' lang='grc' dir='ltr'>μὴ</span> <span class='ocrx_word' id='word_1_191' title='bbox 3323 1372 3400 1442; x_wconf 81' lang='grc' dir='ltr'><strong>τῷ</strong></span> <span class='ocrx_word' id='word_1_192' title='bbox 3420 1372 3548 1444; x_wconf 82' lang='grc' dir='ltr'>θείῳ</span> <span class='ocrx_word' id='word_1_193' title='bbox 3568 1372 3703 1425; x_wconf 82' lang='grc' dir='ltr'><strong>ταὺ-</strong></span> 
     </span>
    </p>
   </div>
   <div class='ocr_carea' id='block_1_27' title="bbox 2119 1462 2649 1534">
    <p class='ocr_par' dir='ltr' id='par_1_27' title="bbox 2119 1462 2649 1534">
     <span class='ocr_line' id='line_1_27' title="bbox 2119 1462 2649 1534; baseline 0 -18"><span class='ocrx_word' id='word_1_194' title='bbox 2119 1480 2218 1533; x_wconf 87' lang='grc' dir='ltr'><strong>την</strong></span> <span class='ocrx_word' id='word_1_195' title='bbox 2248 1462 2649 1534; x_wconf 77' lang='grc' dir='ltr'>λογιζομένους.</span> 
     </span>
    </p>
   </div>
   <div class='ocr_carea' id='block_1_28' title="bbox 438 1557 3693 1632">
    <p class='ocr_par' dir='ltr' id='par_1_28' title="bbox 438 1557 3693 1632">
     <span class='ocr_line' id='line_1_28' title="bbox 438 1557 3693 1632; baseline 0 -19"><span class='ocrx_word' id='word_1_196' title='bbox 438 1570 547 1624; x_wconf 93' lang='lat' dir='ltr'><strong>tur,</strong></span> <span class='ocrx_word' id='word_1_197' title='bbox 576 1576 677 1615; x_wconf 90' lang='lat' dir='ltr'><strong>nec</strong></span> <span class='ocrx_word' id='word_1_198' title='bbox 712 1561 1045 1632; x_wconf 74' lang='lat' dir='ltr'><strong>adiungitur,</strong></span> <span class='ocrx_word' id='word_1_199' title='bbox 1071 1562 1245 1630; x_wconf 83' lang='lat' dir='ltr'><strong>cujus,</strong></span> <span class='ocrx_word' id='word_1_200' title='bbox 1274 1564 1473 1617; x_wconf 80' lang='lat' dir='ltr'><strong>idcirco</strong></span> <span class='ocrx_word' id='word_1_201' title='bbox 1514 1562 1642 1616; x_wconf 90' lang='lat' dir='ltr'><strong>hinc</strong></span> <span class='ocrx_word' id='word_1_202' title='bbox 1686 1561 1844 1616; x_wconf 89' lang='lat' dir='ltr'><strong>nobis</strong></span> <span class='ocrx_word' id='word_1_203' title='bbox 1909 1575 2043 1615; x_wconf 87' lang='lat' dir='ltr'><strong>ansa</strong></span> <span class='ocrx_word' id='word_1_204' title='bbox 2114 1559 2411 1629; x_wconf 82' lang='lat' dir='ltr'><strong>porrigitur</strong></span> <span class='ocrx_word' id='word_1_205' title='bbox 2464 1560 2533 1612; x_wconf 90' lang='lat' dir='ltr'><strong>ita</strong></span> <span class='ocrx_word' id='word_1_206' title='bbox 2589 1557 2975 1620; x_wconf 75' lang='lat' dir='ltr'><strong>existimandi,</strong></span> <span class='ocrx_word' id='word_1_207' title='bbox 3032 1567 3090 1611; x_wconf 92' lang='lat' dir='ltr'><strong>ut</strong></span> <span class='ocrx_word' id='word_1_208' title='bbox 3139 1558 3498 1628; x_wconf 77' lang='lat' dir='ltr'><strong>ignorantiam</strong></span> <span class='ocrx_word' id='word_1_209' title='bbox 3554 1558 3693 1614; x_wconf 90' lang='lat' dir='ltr'><strong>hanc</strong></span> 
     </span>
    </p>
   </div>
   <div class='ocr_carea' id='block_1_29' title="bbox 437 1651 2941 1727">
    <p class='ocr_par' dir='ltr' id='par_1_29' title="bbox 437 1651 2941 1727">
     <span class='ocr_line' id='line_1_29' title="bbox 437 1651 2941 1727; baseline -0.003 -18"><span class='ocrx_word' id='word_1_210' title='bbox 437 1670 598 1711; x_wconf 88' lang='lat' dir='ltr'><strong>sensu</strong></span> <span class='ocrx_word' id='word_1_211' title='bbox 627 1657 860 1711; x_wconf 81' lang='lat' dir='ltr'><strong>maxime</strong></span> <span class='ocrx_word' id='word_1_212' title='bbox 886 1658 973 1725; x_wconf 91' lang='lat' dir='ltr'><strong>pio</strong></span> <span class='ocrx_word' id='word_1_213' title='bbox 1000 1658 1443 1727; x_wconf 87' lang='lat' dir='ltr'><strong>interpretemur,</strong></span> <span class='ocrx_word' id='word_1_214' title='bbox 1476 1671 1706 1725; x_wconf 88' lang='lat' dir='ltr'><strong>eamque</strong></span> <span class='ocrx_word' id='word_1_215' title='bbox 1757 1655 2102 1723; x_wconf 79' lang='lat' dir='ltr'><strong>humanitati,</strong></span> <span class='ocrx_word' id='word_1_216' title='bbox 2128 1669 2234 1709; x_wconf 87' lang='lat' dir='ltr'><strong>non</strong></span> <span class='ocrx_word' id='word_1_217' title='bbox 2270 1653 2547 1708; x_wconf 78' lang='lat' dir='ltr'><strong>divinitati</strong></span> <span class='ocrx_word' id='word_1_218' title='bbox 2582 1651 2941 1706; x_wconf 74' lang='lat' dir='ltr'><strong>ascribamus.</strong></span> 
     </span>
    </p>
   </div>
   <div class='ocr_carea' id='block_1_30' title="bbox 687 1746 2017 1814">
    <p class='ocr_par' dir='ltr' id='par_1_30' title="bbox 687 1746 2017 1814">
     <span class='ocr_line' id='line_1_30' title="bbox 687 1746 2017 1814; baseline -0.001 -15"><span class='ocrx_word' id='word_1_219' title='bbox 687 1746 744 1800; x_wconf 86' lang='lat' dir='ltr'><strong>Si</strong></span> <span class='ocrx_word' id='word_1_220' title='bbox 796 1747 959 1814; x_wconf 80' lang='lat' dir='ltr'><strong>igitur</strong></span> <span class='ocrx_word' id='word_1_221' title='bbox 1004 1747 1118 1801; x_wconf 67' lang='lat' dir='ltr'><strong>haec</strong></span> <span class='ocrx_word' id='word_1_222' title='bbox 1172 1747 1312 1803; x_wconf 85' lang='lat' dir='ltr'><strong>ratio</strong></span> <span class='ocrx_word' id='word_1_223' title='bbox 1359 1747 1688 1803; x_wconf 87' lang='lat' dir='ltr'><strong>adversariis</strong></span> <span class='ocrx_word' id='word_1_224' title='bbox 1721 1746 2017 1810; x_wconf 75' lang='lat' dir='ltr'><strong>satisfecit,</strong></span> 
     </span>
    </p>
   </div>
   <div class='ocr_carea' id='block_1_31' title="bbox 439 1836 2483 1910">
    <p class='ocr_par' dir='ltr' id='par_1_31' title="bbox 439 1836 2483 1910">
     <span class='ocr_line' id='line_1_31' title="bbox 439 1836 2483 1910; baseline 0 -19"><span class='ocrx_word' id='word_1_225' title='bbox 439 1837 527 1891; x_wconf 88' lang='lat' dir='ltr'><strong>hic</strong></span> <span class='ocrx_word' id='word_1_226' title='bbox 564 1837 750 1906; x_wconf 76' lang='lat' dir='ltr'><strong>pedem</strong></span> <span class='ocrx_word' id='word_1_227' title='bbox 792 1838 1037 1906; x_wconf 80' lang='lat' dir='ltr'><strong>tigemus,</strong></span> <span class='ocrx_word' id='word_1_228' title='bbox 1074 1853 1175 1893; x_wconf 89' lang='lat' dir='ltr'><strong>nec</strong></span> <span class='ocrx_word' id='word_1_229' title='bbox 1205 1840 1499 1909; x_wconf 90' lang='lat' dir='ltr'><strong>quidquam</strong></span> <span class='ocrx_word' id='word_1_230' title='bbox 1537 1838 1770 1910; x_wconf 82' lang='lat' dir='ltr'><strong>amplius</strong></span> <span class='ocrx_word' id='word_1_231' title='bbox 1796 1855 1824 1893; x_wconf 91' lang='lat' dir='ltr'><strong>a</strong></span> <span class='ocrx_word' id='word_1_232' title='bbox 1864 1838 2021 1894; x_wconf 85' lang='lat' dir='ltr'><strong>nobis</strong></span> <span class='ocrx_word' id='word_1_233' title='bbox 2054 1846 2095 1900; x_wconf 79' lang='grc' dir='ltr'><strong>Β</strong></span> <span class='ocrx_word' id='word_1_234' title='bbox 2124 1836 2441 1909; x_wconf 82' lang='grc' dir='ltr'>στησόμεθα</span> <span class='ocrx_word' id='word_1_235' title='bbox 2466 1871 2483 1895; x_wconf 79' lang='lat'><strong>.</strong></span> 
     </span>
    </p>
   </div>
   <div class='ocr_carea' id='block_1_32' title="bbox 444 1928 2021 2001">
    <p class='ocr_par' dir='ltr' id='par_1_32' title="bbox 444 1928 2021 2001">
     <span class='ocr_line' id='line_1_32' title="bbox 444 1928 2021 2001; baseline 0.002 -21"><span class='ocrx_word' id='word_1_236' title='bbox 444 1928 772 1996; x_wconf 69' lang='lat' dir='ltr'><strong>inquit-ater.</strong></span> <span class='ocrx_word' id='word_1_237' title='bbox 802 1929 896 1983; x_wconf 90' lang='lat' dir='ltr'><strong>Sin</strong></span> <span class='ocrx_word' id='word_1_238' title='bbox 925 1944 1102 1995; x_wconf 81' lang='lat' dir='ltr'><strong>secus,</strong></span> <span class='ocrx_word' id='word_1_239' title='bbox 1130 1931 1271 1986; x_wconf 85' lang='lat' dir='ltr'><strong>hanc</strong></span> <span class='ocrx_word' id='word_1_240' title='bbox 1301 1931 1593 1987; x_wconf 87' lang='lat' dir='ltr'><strong>secundam</strong></span> <span class='ocrx_word' id='word_1_241' title='bbox 1626 1930 2021 2001; x_wconf 79' lang='lat' dir='ltr'><strong>expositionem</strong></span> 
     </span>
    </p>
   </div>
   <div class='ocr_carea' id='block_1_33' title="bbox 443 2016 2029 2090">
    <p class='ocr_par' dir='ltr' id='par_1_33' title="bbox 443 2016 2029 2090">
     <span class='ocr_line' id='line_1_33' title="bbox 443 2016 2029 2090; baseline 0.004 -21"><span class='ocrx_word' id='word_1_242' title='bbox 443 2016 768 2084; x_wconf 66' lang='lat' dir='ltr'><strong>alierentus;</strong></span> <span class='ocrx_word' id='word_1_243' title='bbox 815 2020 956 2087; x_wconf 89' lang='lat' dir='ltr'><strong>quod</strong></span> <span class='ocrx_word' id='word_1_244' title='bbox 1002 2019 1457 2088; x_wconf 81' lang='lat' dir='ltr'><strong>quemadmodum</strong></span> <span class='ocrx_word' id='word_1_245' title='bbox 1509 2021 1725 2090; x_wconf 80' lang='lat' dir='ltr'><strong>singula</strong></span> <span class='ocrx_word' id='word_1_246' title='bbox 1773 2021 1899 2083; x_wconf 89' lang='lat' dir='ltr'><strong>alia,</strong></span> <span class='ocrx_word' id='word_1_247' title='bbox 1949 2020 2029 2075; x_wconf 81' lang='lat' dir='ltr'><strong>ita</strong></span> 
     </span>
    </p>
   </div>
   <div class='ocr_carea' id='block_1_34' title="bbox 446 2112 2026 2182">
    <p class='ocr_par' dir='ltr' id='par_1_34' title="bbox 446 2112 2026 2182">
     <span class='ocr_line' id='line_1_34' title="bbox 446 2112 2026 2182; baseline 0.002 -20"><span class='ocrx_word' id='word_1_248' title='bbox 446 2125 627 2163; x_wconf 85' lang='lat' dir='ltr'><strong>rerum</strong></span> <span class='ocrx_word' id='word_1_249' title='bbox 678 2125 893 2179; x_wconf 90' lang='lat' dir='ltr'><strong>quoque</strong></span> <span class='ocrx_word' id='word_1_250' title='bbox 951 2112 1314 2166; x_wconf 83' lang='lat' dir='ltr'><strong>maximarum</strong></span> <span class='ocrx_word' id='word_1_251' title='bbox 1351 2112 1587 2182; x_wconf 87' lang='lat' dir='ltr'><strong>cognitio</strong></span> <span class='ocrx_word' id='word_1_252' title='bbox 1638 2112 1691 2167; x_wconf 88' lang='lat' dir='ltr'><strong>in</strong></span> <span class='ocrx_word' id='word_1_253' title='bbox 1747 2112 2026 2169; x_wconf 84' lang='lat' dir='ltr'><strong>Geuitoris</strong></span> 
     </span>
    </p>
   </div>
   <div class='ocr_carea' id='block_1_35' title="bbox 447 2203 2027 2273">
    <p class='ocr_par' dir='ltr' id='par_1_35' title="bbox 447 2203 2027 2273">
     <span class='ocr_line' id='line_1_35' title="bbox 447 2203 2027 2273; baseline 0.002 -17"><span class='ocrx_word' id='word_1_254' title='bbox 447 2203 705 2257; x_wconf 85' lang='lat' dir='ltr'><strong>honorem</strong></span> <span class='ocrx_word' id='word_1_255' title='bbox 744 2203 809 2257; x_wconf 90' lang='lat' dir='ltr'><strong>ad</strong></span> <span class='ocrx_word' id='word_1_256' title='bbox 842 2218 1063 2259; x_wconf 83' lang='lat' dir='ltr'><strong>causam</strong></span> <span class='ocrx_word' id='word_1_257' title='bbox 1116 2204 1286 2273; x_wconf 87' lang='lat' dir='ltr'><strong>ipsam</strong></span> <span class='ocrx_word' id='word_1_258' title='bbox 1333 2205 1616 2260; x_wconf 81' lang='lat' dir='ltr'><strong>referenda</strong></span> <span class='ocrx_word' id='word_1_259' title='bbox 1650 2215 1753 2260; x_wconf 90' lang='lat' dir='ltr'><strong>est.</strong></span> <span class='ocrx_word' id='word_1_260' title='bbox 1788 2205 1927 2272; x_wconf 89' lang='lat' dir='ltr'><strong>Quin</strong></span> <span class='ocrx_word' id='word_1_261' title='bbox 1959 2218 2027 2259; x_wconf 90' lang='lat' dir='ltr'><strong>ne</strong></span> 
     </span>
    </p>
   </div>
   <div class='ocr_carea' id='block_1_36' title="bbox 446 2294 2028 2365">
    <p class='ocr_par' dir='ltr' id='par_1_36' title="bbox 446 2294 2028 2365">
     <span class='ocr_line' id='line_1_36' title="bbox 446 2294 2028 2365; baseline 0.001 -18"><span class='ocrx_word' id='word_1_262' title='bbox 446 2296 697 2365; x_wconf 80' lang='lat' dir='ltr'><strong>exiguum</strong></span> <span class='ocrx_word' id='word_1_263' title='bbox 739 2294 955 2363; x_wconf 86' lang='lat' dir='ltr'><strong>quidem</strong></span> <span class='ocrx_word' id='word_1_264' title='bbox 992 2294 1122 2349; x_wconf 89' lang='lat' dir='ltr'><strong>mihi</strong></span> <span class='ocrx_word' id='word_1_265' title='bbox 1158 2294 1535 2350; x_wconf 85' lang='lat' dir='ltr'><strong>intellecturus</strong></span> <span class='ocrx_word' id='word_1_266' title='bbox 1568 2297 1801 2360; x_wconf 86' lang='lat' dir='ltr'><strong>videtur,</strong></span> <span class='ocrx_word' id='word_1_267' title='bbox 1831 2296 1922 2365; x_wconf 91' lang='lat' dir='ltr'><strong>qui</strong></span> <span class='ocrx_word' id='word_1_268' title='bbox 1948 2296 2028 2349; x_wconf 91' lang='lat' dir='ltr'><strong>sic</strong></span> 
     </span>
    </p>
   </div>
   <div class='ocr_carea' id='block_1_37' title="bbox 448 2386 2025 2458">
    <p class='ocr_par' dir='ltr' id='par_1_37' title="bbox 448 2386 2025 2458">
     <span class='ocr_line' id='line_1_37' title="bbox 448 2386 2025 2458; baseline 0.001 -19"><span class='ocrx_word' id='word_1_269' title='bbox 448 2386 662 2456; x_wconf 88' lang='lat' dir='ltr'><strong>legerit,</strong></span> <span class='ocrx_word' id='word_1_270' title='bbox 692 2395 749 2439; x_wconf 90' lang='lat' dir='ltr'><strong>ut</strong></span> <span class='ocrx_word' id='word_1_271' title='bbox 795 2397 998 2440; x_wconf 76' lang='lat' dir='ltr'><strong>nostra:</strong></span> <span class='ocrx_word' id='word_1_272' title='bbox 1033 2388 1306 2441; x_wconf 81' lang='lat' dir='ltr'><strong>memoria:</strong></span> <span class='ocrx_word' id='word_1_273' title='bbox 1335 2388 1421 2442; x_wconf 87' lang='lat' dir='ltr'><strong>vir</strong></span> <span class='ocrx_word' id='word_1_274' title='bbox 1450 2387 1672 2458; x_wconf 88' lang='lat' dir='ltr'><strong>quidam</strong></span> <span class='ocrx_word' id='word_1_275' title='bbox 1723 2388 2025 2443; x_wconf 88' lang='lat' dir='ltr'><strong>litterarum</strong></span> 
     </span>
    </p>
   </div>
   <div class='ocr_carea' id='block_1_38' title="bbox 447 2474 2029 2544">
    <p class='ocr_par' dir='ltr' id='par_1_38' title="bbox 447 2474 2029 2544">
     <span class='ocr_line' id='line_1_38' title="bbox 447 2474 2029 2544; baseline 0.003 -15"><span class='ocrx_word' id='word_1_276' title='bbox 447 2476 741 2541; x_wconf 89' lang='lat' dir='ltr'><strong>studiosus,</strong></span> <span class='ocrx_word' id='word_1_277' title='bbox 776 2490 968 2544; x_wconf 90' lang='lat' dir='ltr'><strong>nempe</strong></span> <span class='ocrx_word' id='word_1_278' title='bbox 997 2474 1191 2531; x_wconf 86' lang='lat' dir='ltr'><strong>Filium</strong></span> <span class='ocrx_word' id='word_1_279' title='bbox 1233 2492 1337 2530; x_wconf 90' lang='lat' dir='ltr'><strong>non</strong></span> <span class='ocrx_word' id='word_1_280' title='bbox 1368 2478 1524 2533; x_wconf 88' lang='lat' dir='ltr'><strong>aliter</strong></span> <span class='ocrx_word' id='word_1_281' title='bbox 1562 2479 1710 2533; x_wconf 89' lang='lat' dir='ltr'><strong>diem</strong></span> <span class='ocrx_word' id='word_1_282' title='bbox 1764 2479 1911 2533; x_wconf 91' lang='lat' dir='ltr'><strong>illum</strong></span> <span class='ocrx_word' id='word_1_283' title='bbox 1946 2479 2029 2533; x_wconf 89' lang='lat' dir='ltr'><strong>vel</strong></span> 
     </span>
    </p>
   </div>
   <div class='ocr_carea' id='block_1_39' title="bbox 451 2566 2031 2636">
    <p class='ocr_par' dir='ltr' id='par_1_39' title="bbox 451 2566 2031 2636">
     <span class='ocr_line' id='line_1_39' title="bbox 451 2566 2031 2636; baseline 0.003 -17"><span class='ocrx_word' id='word_1_284' title='bbox 451 2566 642 2620; x_wconf 88' lang='lat' dir='ltr'><strong>horam</strong></span> <span class='ocrx_word' id='word_1_285' title='bbox 671 2581 851 2633; x_wconf 88' lang='lat' dir='ltr'><strong>nosse,</strong></span> <span class='ocrx_word' id='word_1_286' title='bbox 880 2582 1044 2636; x_wconf 87' lang='lat' dir='ltr'><strong>quam</strong></span> <span class='ocrx_word' id='word_1_287' title='bbox 1079 2578 1135 2622; x_wconf 92' lang='lat' dir='ltr'><strong>ut</strong></span> <span class='ocrx_word' id='word_1_288' title='bbox 1164 2568 1343 2627; x_wconf 84' lang='lat' dir='ltr'><strong>Pater.</strong></span> <span class='ocrx_word' id='word_1_289' title='bbox 1369 2568 1507 2636; x_wconf 88' lang='lat' dir='ltr'><strong>Quid</strong></span> <span class='ocrx_word' id='word_1_290' title='bbox 1540 2569 1685 2623; x_wconf 90' lang='lat' dir='ltr'><strong>enim</strong></span> <span class='ocrx_word' id='word_1_291' title='bbox 1726 2569 1853 2624; x_wconf 90' lang='lat' dir='ltr'><strong>hinc</strong></span> <span class='ocrx_word' id='word_1_292' title='bbox 1879 2568 2031 2624; x_wconf 88' lang='lat' dir='ltr'><strong>colli-</strong></span> 
     </span>
    </p>
   </div>
   <div class='ocr_carea' id='block_1_40' title="bbox 451 2656 2027 2728">
    <p class='ocr_par' dir='ltr' id='par_1_40' title="bbox 451 2656 2027 2728">
     <span class='ocr_line' id='line_1_40' title="bbox 451 2656 2027 2728; baseline 0.004 -20"><span class='ocrx_word' id='word_1_293' title='bbox 451 2656 639 2727; x_wconf 84' lang='lat' dir='ltr'><strong>gitur?</strong></span> <span class='ocrx_word' id='word_1_294' title='bbox 661 2658 930 2723; x_wconf 83' lang='lat' dir='ltr'><strong>Quoniam</strong></span> <span class='ocrx_word' id='word_1_295' title='bbox 962 2657 1121 2713; x_wconf 86' lang='lat' dir='ltr'><strong>Pater</strong></span> <span class='ocrx_word' id='word_1_296' title='bbox 1138 2661 1438 2728; x_wconf 79' lang='lat' dir='ltr'><strong>cognoscit,</strong></span> <span class='ocrx_word' id='word_1_297' title='bbox 1480 2660 1601 2716; x_wconf 89' lang='lat' dir='ltr'><strong>ideo</strong></span> <span class='ocrx_word' id='word_1_298' title='bbox 1627 2660 1792 2716; x_wconf 89' lang='lat' dir='ltr'><strong>etiam</strong></span> <span class='ocrx_word' id='word_1_299' title='bbox 1816 2659 1986 2714; x_wconf 83' lang='lat' dir='ltr'><strong>Filius</strong></span> <span class='ocrx_word' id='word_1_300' title='bbox 2012 2678 2027 2714; x_wconf 92' lang='lat'><strong>:</strong></span> 
     </span>
    </p>
   </div>
   <div class='ocr_carea' id='block_1_41' title="bbox 453 2748 2032 2821">
    <p class='ocr_par' dir='ltr' id='par_1_41' title="bbox 453 2748 2032 2821">
     <span class='ocr_line' id='line_1_41' title="bbox 453 2748 2032 2821; baseline 0.004 -24"><span class='ocrx_word' id='word_1_301' title='bbox 453 2756 708 2813; x_wconf 71' lang='lat' dir='ltr'><strong>tanquam</strong></span> <span class='ocrx_word' id='word_1_302' title='bbox 757 2748 1007 2804; x_wconf 80' lang='lat' dir='ltr'><strong>videlicet</strong></span> <span class='ocrx_word' id='word_1_303' title='bbox 1042 2766 1201 2805; x_wconf 90' lang='lat' dir='ltr'><strong>nemo</strong></span> <span class='ocrx_word' id='word_1_304' title='bbox 1238 2751 1339 2806; x_wconf 85' lang='lat' dir='ltr'><strong>hoc</strong></span> <span class='ocrx_word' id='word_1_305' title='bbox 1379 2766 1706 2821; x_wconf 79' lang='lat' dir='ltr'><strong>cognoscere</strong></span> <span class='ocrx_word' id='word_1_306' title='bbox 1745 2766 1811 2807; x_wconf 89' lang='lat' dir='ltr'><strong>ac</strong></span> <span class='ocrx_word' id='word_1_307' title='bbox 1857 2750 2032 2821; x_wconf 86' lang='lat' dir='ltr'><strong>perci-</strong></span> 
     </span>
    </p>
   </div>
   <div class='ocr_carea' id='block_1_42' title="bbox 452 2841 2036 2911">
    <p class='ocr_par' dir='ltr' id='par_1_42' title="bbox 452 2841 2036 2911">
     <span class='ocr_line' id='line_1_42' title="bbox 452 2841 2036 2911; baseline 0.002 -20"><span class='ocrx_word' id='word_1_308' title='bbox 452 2851 580 2904; x_wconf 88' lang='lat' dir='ltr'><strong>pere</strong></span> <span class='ocrx_word' id='word_1_309' title='bbox 603 2848 788 2905; x_wconf 85' lang='lat' dir='ltr'><strong>queat,</strong></span> <span class='ocrx_word' id='word_1_310' title='bbox 817 2851 1011 2905; x_wconf 69' lang='lat' dir='ltr'><strong>przeter</strong></span> <span class='ocrx_word' id='word_1_311' title='bbox 1037 2841 1333 2911; x_wconf 86' lang='lat' dir='ltr'><strong>principem</strong></span> <span class='ocrx_word' id='word_1_312' title='bbox 1364 2842 1507 2896; x_wconf 91' lang='lat' dir='ltr'><strong>illam</strong></span> <span class='ocrx_word' id='word_1_313' title='bbox 1533 2852 1802 2896; x_wconf 84' lang='lat' dir='ltr'><strong>naturam.</strong></span> <span class='ocrx_word' id='word_1_314' title='bbox 1834 2841 2036 2911; x_wconf 86' lang='lat' dir='ltr'><strong>Super-</strong></span> 
     </span>
    </p>
   </div>
   <div class='ocr_carea' id='block_1_43' title="bbox 453 2925 2035 2998">
    <p class='ocr_par' dir='ltr' id='par_1_43' title="bbox 453 2925 2035 2998">
     <span class='ocr_line' id='line_1_43' title="bbox 453 2925 2035 2998; baseline 0.003 -18"><span class='ocrx_word' id='word_1_315' title='bbox 453 2938 571 2981; x_wconf 88' lang='lat' dir='ltr'><strong>erat</strong></span> <span class='ocrx_word' id='word_1_316' title='bbox 615 2925 727 2994; x_wconf 85' lang='lat' dir='ltr'><strong>jam</strong></span> <span class='ocrx_word' id='word_1_317' title='bbox 791 2931 857 2984; x_wconf 88' lang='lat' dir='ltr'><strong>de</strong></span> <span class='ocrx_word' id='word_1_318' title='bbox 911 2931 1014 2985; x_wconf 87' lang='lat' dir='ltr'><strong>hoc</strong></span> <span class='ocrx_word' id='word_1_319' title='bbox 1090 2930 1627 2987; x_wconf 80' lang='lat' dir='ltr'><strong>verbonandatum</strong></span> <span class='ocrx_word' id='word_1_320' title='bbox 1694 2932 1817 2998; x_wconf 73' lang='lat' dir='ltr'><strong>est,</strong></span> <span class='ocrx_word' id='word_1_321' title='bbox 1856 2932 1923 2987; x_wconf 84' lang='lat' dir='ltr'><strong>de</strong></span> <span class='ocrx_word' id='word_1_322' title='bbox 1970 2947 2035 2986; x_wconf 90' lang='lat' dir='ltr'><strong>eo</strong></span> 
     </span>
    </p>
   </div>
   <div class='ocr_carea' id='block_1_44' title="bbox 452 3019 2029 3092">
    <p class='ocr_par' dir='ltr' id='par_1_44' title="bbox 452 3019 2029 3092">
     <span class='ocr_line' id='line_1_44' title="bbox 452 3019 2029 3092; baseline 0.004 -22"><span class='ocrx_word' id='word_1_323' title='bbox 452 3019 641 3081; x_wconf 89' lang='lat' dir='ltr'><strong>etiam,</strong></span> <span class='ocrx_word' id='word_1_324' title='bbox 666 3020 807 3087; x_wconf 90' lang='lat' dir='ltr'><strong>quod</strong></span> <span class='ocrx_word' id='word_1_325' title='bbox 841 3019 1020 3075; x_wconf 86' lang='lat' dir='ltr'><strong>Patris</strong></span> <span class='ocrx_word' id='word_1_326' title='bbox 1051 3023 1304 3076; x_wconf 88' lang='lat' dir='ltr'><strong>mandata</strong></span> <span class='ocrx_word' id='word_1_327' title='bbox 1352 3037 1623 3088; x_wconf 86' lang='lat' dir='ltr'><strong>servasse,</strong></span> <span class='ocrx_word' id='word_1_328' title='bbox 1655 3032 1730 3084; x_wconf 89' lang='lat' dir='ltr'><strong>et,</strong></span> <span class='ocrx_word' id='word_1_329' title='bbox 1761 3036 1882 3091; x_wconf 76' lang='lat' dir='ltr'><strong>quae</strong></span> <span class='ocrx_word' id='word_1_330' title='bbox 1917 3021 2029 3092; x_wconf 83' lang='lat' dir='ltr'><strong>pla-</strong></span> 
     </span>
    </p>
   </div>
   <div class='ocr_carea' id='block_1_45' title="bbox 455 3107 2036 3177">
    <p class='ocr_par' dir='ltr' id='par_1_45' title="bbox 455 3107 2036 3177">
     <span class='ocr_line' id='line_1_45' title="bbox 455 3107 2036 3177; baseline 0.003 -21"><span class='ocrx_word' id='word_1_331' title='bbox 455 3107 562 3161; x_wconf 88' lang='lat' dir='ltr'><strong>cita</strong></span> <span class='ocrx_word' id='word_1_332' title='bbox 614 3116 744 3161; x_wconf 88' lang='lat' dir='ltr'><strong>sunt</strong></span> <span class='ocrx_word' id='word_1_333' title='bbox 772 3107 843 3169; x_wconf 91' lang='lat' dir='ltr'><strong>ei,</strong></span> <span class='ocrx_word' id='word_1_334' title='bbox 875 3123 1091 3177; x_wconf 88' lang='lat' dir='ltr'><strong>semper</strong></span> <span class='ocrx_word' id='word_1_335' title='bbox 1129 3108 1326 3165; x_wconf 81' lang='lat' dir='ltr'><strong>fecisse</strong></span> <span class='ocrx_word' id='word_1_336' title='bbox 1374 3109 1571 3163; x_wconf 87' lang='lat' dir='ltr'><strong>dicitur</strong></span> <span class='ocrx_word' id='word_1_337' title='bbox 1613 3113 1665 3172; x_wconf 75' lang='grc' dir='ltr'><strong>ις</strong></span> <span class='ocrx_word' id='word_1_338' title='bbox 1697 3124 1762 3161; x_wconf 90' lang='lat' dir='ltr'><strong>ac</strong></span> <span class='ocrx_word' id='word_1_339' title='bbox 1810 3108 2036 3177; x_wconf 89' lang='lat' dir='ltr'><strong>insuper</strong></span> 
     </span>
    </p>
   </div>
   <div class='ocr_carea' id='block_1_46' title="bbox 454 3195 2035 3266">
    <p class='ocr_par' dir='ltr' id='par_1_46' title="bbox 454 3195 2035 3266">
     <span class='ocr_line' id='line_1_46' title="bbox 454 3195 2035 3266; baseline 0.003 -15"><span class='ocrx_word' id='word_1_340' title='bbox 454 3195 522 3251; x_wconf 54' lang='lat' dir='ltr'><strong>ds-</strong></span> <span class='ocrx_word' id='word_1_341' title='bbox 551 3202 1019 3255; x_wconf 88' lang='lat' dir='ltr'><strong>consummatione</strong></span> <span class='ocrx_word' id='word_1_342' title='bbox 1039 3210 1093 3256; x_wconf 87' lang='lat' dir='ltr'><strong>et</strong></span> <span class='ocrx_word' id='word_1_343' title='bbox 1120 3200 1472 3266; x_wconf 83' lang='lat' dir='ltr'><strong>exaltatione,</strong></span> <span class='ocrx_word' id='word_1_344' title='bbox 1500 3214 1567 3254; x_wconf 91' lang='lat' dir='ltr'><strong>ac</strong></span> <span class='ocrx_word' id='word_1_345' title='bbox 1595 3199 1661 3254; x_wconf 87' lang='lat' dir='ltr'><strong>de</strong></span> <span class='ocrx_word' id='word_1_346' title='bbox 1682 3212 1767 3263; x_wconf 88' lang='lat' dir='ltr'><strong>eo,</strong></span> <span class='ocrx_word' id='word_1_347' title='bbox 1804 3201 1948 3265; x_wconf 90' lang='lat' dir='ltr'><strong>quod</strong></span> <span class='ocrx_word' id='word_1_348' title='bbox 1968 3215 2035 3255; x_wconf 81' lang='lat' dir='ltr'><strong>ex</strong></span> 
     </span>
    </p>
   </div>
   <div class='ocr_carea' id='block_1_47' title="bbox 457 3288 2039 3358">
    <p class='ocr_par' dir='ltr' id='par_1_47' title="bbox 457 3288 2039 3358">
     <span class='ocr_line' id='line_1_47' title="bbox 457 3288 2039 3358; baseline 0 -15"><span class='ocrx_word' id='word_1_349' title='bbox 457 3289 571 3356; x_wconf 85' lang='lat' dir='ltr'><strong>his,</strong></span> <span class='ocrx_word' id='word_1_350' title='bbox 606 3303 726 3358; x_wconf 73' lang='lat' dir='ltr'><strong>qua:</strong></span> <span class='ocrx_word' id='word_1_351' title='bbox 761 3304 953 3356; x_wconf 82' lang='lat' dir='ltr'><strong>passus</strong></span> <span class='ocrx_word' id='word_1_352' title='bbox 987 3296 1091 3351; x_wconf 89' lang='lat' dir='ltr'><strong>est,</strong></span> <span class='ocrx_word' id='word_1_353' title='bbox 1143 3288 1509 3344; x_wconf 86' lang='lat' dir='ltr'><strong>obedientiam</strong></span> <span class='ocrx_word' id='word_1_354' title='bbox 1554 3288 1810 3344; x_wconf 83' lang='lat' dir='ltr'><strong>didicisse</strong></span> <span class='ocrx_word' id='word_1_355' title='bbox 1842 3289 2039 3346; x_wconf 82' lang='lat' dir='ltr'><strong>scribi-</strong></span> 
     </span>
    </p>
   </div>
   <div class='ocr_carea' id='block_1_48' title="bbox 461 3377 2041 3445">
    <p class='ocr_par' dir='ltr' id='par_1_48' title="bbox 461 3377 2041 3445">
     <span class='ocr_line' id='line_1_48' title="bbox 461 3377 2041 3445; baseline 0 -14"><span class='ocrx_word' id='word_1_356' title='bbox 461 3388 552 3431; x_wconf 90' lang='lat' dir='ltr'><strong>tur</strong></span> <span class='ocrx_word' id='word_1_357' title='bbox 581 3379 623 3443; x_wconf 81' lang='grc'>³,</span> <span class='ocrx_word' id='word_1_358' title='bbox 659 3380 729 3432; x_wconf 89' lang='lat' dir='ltr'><strong>de</strong></span> <span class='ocrx_word' id='word_1_359' title='bbox 763 3378 1074 3433; x_wconf 86' lang='lat' dir='ltr'><strong>sacerdotio</strong></span> <span class='ocrx_word' id='word_1_360' title='bbox 1107 3377 1127 3408; x_wconf 89' lang='grc'><em>³</em></span> <span class='ocrx_word' id='word_1_361' title='bbox 1154 3378 1305 3443; x_wconf 85' lang='lat' dir='ltr'><strong>item,</strong></span> <span class='ocrx_word' id='word_1_362' title='bbox 1338 3389 1393 3434; x_wconf 90' lang='lat' dir='ltr'><strong>et</strong></span> <span class='ocrx_word' id='word_1_363' title='bbox 1430 3380 1707 3436; x_wconf 86' lang='lat' dir='ltr'><strong>oblatione</strong></span> <span class='ocrx_word' id='word_1_364' title='bbox 1739 3380 1781 3445; x_wconf 71' lang='grc'>⁸,</span> <span class='ocrx_word' id='word_1_365' title='bbox 1834 3390 1889 3433; x_wconf 89' lang='lat' dir='ltr'><strong>et</strong></span> <span class='ocrx_word' id='word_1_366' title='bbox 1925 3393 2041 3433; x_wconf 82' lang='lat' dir='ltr'><strong>tra-</strong></span> 
     </span>
    </p>
   </div>
   <div class='ocr_carea' id='block_1_49' title="bbox 457 3471 2034 3538">
    <p class='ocr_par' dir='ltr' id='par_1_49' title="bbox 457 3471 2034 3538">
     <span class='ocr_line' id='line_1_49' title="bbox 457 3471 2034 3538; baseline 0.001 -14"><span class='ocrx_word' id='word_1_367' title='bbox 457 3471 662 3525; x_wconf 88' lang='lat' dir='ltr'><strong>ditione</strong></span> <span class='ocrx_word' id='word_1_368' title='bbox 691 3477 734 3534; x_wconf 80' lang='lat'><strong>&#39;,</strong></span> <span class='ocrx_word' id='word_1_369' title='bbox 764 3479 823 3525; x_wconf 85' lang='lat' dir='ltr'><strong>et</strong></span> <span class='ocrx_word' id='word_1_370' title='bbox 860 3473 1110 3526; x_wconf 87' lang='lat' dir='ltr'><strong>oratione</strong></span> <span class='ocrx_word' id='word_1_371' title='bbox 1139 3472 1206 3525; x_wconf 88' lang='lat' dir='ltr'><strong>ad</strong></span> <span class='ocrx_word' id='word_1_372' title='bbox 1243 3486 1370 3526; x_wconf 88' lang='lat' dir='ltr'><strong>eum</strong></span> <span class='ocrx_word' id='word_1_373' title='bbox 1406 3472 1497 3538; x_wconf 90' lang='lat' dir='ltr'><strong>qui</strong></span> <span class='ocrx_word' id='word_1_374' title='bbox 1536 3487 1564 3525; x_wconf 88' lang='lat' dir='ltr'><strong>a</strong></span> <span class='ocrx_word' id='word_1_375' title='bbox 1605 3482 1781 3526; x_wconf 90' lang='lat' dir='ltr'><strong>morte</strong></span> <span class='ocrx_word' id='word_1_376' title='bbox 1821 3472 2034 3526; x_wconf 76' lang='lat' dir='ltr'><strong>salvum</strong></span> 
     </span>
    </p>
   </div>
   <div class='ocr_carea' id='block_1_50' title="bbox 454 3560 2036 3631">
    <p class='ocr_par' dir='ltr' id='par_1_50' title="bbox 454 3560 2036 3631">
     <span class='ocr_line' id='line_1_50' title="bbox 454 3560 2036 3631; baseline 0.001 -17"><span class='ocrx_word' id='word_1_377' title='bbox 454 3575 581 3614; x_wconf 88' lang='lat' dir='ltr'><strong>eum</strong></span> <span class='ocrx_word' id='word_1_378' title='bbox 615 3561 793 3616; x_wconf 80' lang='lat' dir='ltr'><strong>facere</strong></span> <span class='ocrx_word' id='word_1_379' title='bbox 826 3572 1076 3630; x_wconf 86' lang='lat' dir='ltr'><strong>poterat;</strong></span> <span class='ocrx_word' id='word_1_380' title='bbox 1119 3561 1187 3617; x_wconf 84' lang='lat' dir='ltr'><strong>ad</strong></span> <span class='ocrx_word' id='word_1_381' title='bbox 1222 3560 1337 3616; x_wconf 62' lang='lat' dir='ltr'><strong>hac</strong></span> <span class='ocrx_word' id='word_1_382' title='bbox 1363 3562 1431 3617; x_wconf 87' lang='lat' dir='ltr'><strong>de</strong></span> <span class='ocrx_word' id='word_1_383' title='bbox 1460 3563 1678 3630; x_wconf 86' lang='lat' dir='ltr'><strong>agonia,</strong></span> <span class='ocrx_word' id='word_1_384' title='bbox 1711 3572 1765 3616; x_wconf 90' lang='lat' dir='ltr'><strong>et</strong></span> <span class='ocrx_word' id='word_1_385' title='bbox 1816 3563 2036 3631; x_wconf 88' lang='lat' dir='ltr'><strong>sangui-</strong></span> 
     </span>
    </p>
   </div>
   <div class='ocr_carea' id='block_1_51' title="bbox 457 3654 2038 3724">
    <p class='ocr_par' dir='ltr' id='par_1_51' title="bbox 457 3654 2038 3724">
     <span class='ocr_line' id='line_1_51' title="bbox 457 3654 2038 3724; baseline 0.003 -20"><span class='ocrx_word' id='word_1_386' title='bbox 457 3666 559 3705; x_wconf 89' lang='lat' dir='ltr'><strong>neo</strong></span> <span class='ocrx_word' id='word_1_387' title='bbox 581 3654 803 3714; x_wconf 87' lang='lat' dir='ltr'><strong>sudore,</strong></span> <span class='ocrx_word' id='word_1_388' title='bbox 839 3663 1006 3722; x_wconf 87' lang='lat' dir='ltr'><strong>atque</strong></span> <span class='ocrx_word' id='word_1_389' title='bbox 1031 3656 1281 3710; x_wconf 88' lang='lat' dir='ltr'><strong>oratione</strong></span> <span class='ocrx_word' id='word_1_390' title='bbox 1308 3657 1350 3720; x_wconf 80' lang='grc'>⁸,</span> <span class='ocrx_word' id='word_1_391' title='bbox 1396 3663 1451 3708; x_wconf 91' lang='lat' dir='ltr'><strong>et</strong></span> <span class='ocrx_word' id='word_1_392' title='bbox 1480 3654 1526 3710; x_wconf 89' lang='lat' dir='ltr'><strong>si</strong></span> <span class='ocrx_word' id='word_1_393' title='bbox 1560 3655 1688 3724; x_wconf 89' lang='lat' dir='ltr'><strong>quid</strong></span> <span class='ocrx_word' id='word_1_394' title='bbox 1723 3654 1864 3707; x_wconf 89' lang='lat' dir='ltr'><strong>aliud</strong></span> <span class='ocrx_word' id='word_1_395' title='bbox 1888 3654 2038 3722; x_wconf 86' lang='lat' dir='ltr'><strong>ejus-</strong></span> 
     </span>
    </p>
   </div>
   <div class='ocr_carea' id='block_1_52' title="bbox 2353 1734 3708 1815">
    <p class='ocr_par' dir='ltr' id='par_1_52' title="bbox 2353 1734 3708 1815">
     <span class='ocr_line' id='line_1_52' title="bbox 2353 1734 3708 1815; baseline -0.002 -18"><span class='ocrx_word' id='word_1_396' title='bbox 2353 1745 2417 1797; x_wconf 83' lang='lat' dir='ltr'><strong>Ei</strong></span> <span class='ocrx_word' id='word_1_397' title='bbox 2455 1744 2552 1815; x_wconf 84' lang='grc' dir='ltr'><strong>μὲν</strong></span> <span class='ocrx_word' id='word_1_398' title='bbox 2588 1738 2680 1797; x_wconf 78' lang='grc' dir='ltr'><strong>οὖν</strong></span> <span class='ocrx_word' id='word_1_399' title='bbox 2718 1734 2875 1805; x_wconf 76' lang='grc' dir='ltr'>οὗτος</span> <span class='ocrx_word' id='word_1_400' title='bbox 2900 1740 3182 1812; x_wconf 81' lang='grc' dir='ltr'>αὐτάρκης</span> <span class='ocrx_word' id='word_1_401' title='bbox 3208 1742 3236 1794; x_wconf 99' lang='lat'><strong>6</strong></span> <span class='ocrx_word' id='word_1_402' title='bbox 3260 1740 3436 1810; x_wconf 86' lang='grc' dir='ltr'>λόγος,</span> <span class='ocrx_word' id='word_1_403' title='bbox 3471 1740 3708 1794; x_wconf 74' lang='grc' dir='ltr'>ἐνταῦθα</span> 
     </span>
    </p>
   </div>
   <div class='ocr_carea' id='block_1_53' title="bbox 2661 1833 3709 1905">
    <p class='ocr_par' dir='ltr' id='par_1_53' title="bbox 2661 1833 3709 1905">
     <span class='ocr_line' id='line_1_53' title="bbox 2661 1833 3709 1905; baseline -0.001 -17"><span class='ocrx_word' id='word_1_404' title='bbox 2661 1835 2756 1888; x_wconf 73' lang='grc' dir='ltr'><strong>καὶ</strong></span> <span class='ocrx_word' id='word_1_405' title='bbox 2794 1834 2960 1905; x_wconf 79' lang='grc' dir='ltr'>μηδὲν</span> <span class='ocrx_word' id='word_1_406' title='bbox 3000 1834 3162 1887; x_wconf 85' lang='grc' dir='ltr'>πλέον</span> <span class='ocrx_word' id='word_1_407' title='bbox 3209 1833 3606 1903; x_wconf 77' lang='grc' dir='ltr'>ἑπιξητείσθω·</span> <span class='ocrx_word' id='word_1_408' title='bbox 3656 1834 3709 1887; x_wconf 79' lang='grc' dir='ltr'>εἰ</span> 
     </span>
    </p>
   </div>
   <div class='ocr_carea' id='block_1_54' title="bbox 2120 1922 3703 2002">
    <p class='ocr_par' dir='ltr' id='par_1_54' title="bbox 2120 1922 3703 2002">
     <span class='ocr_line' id='line_1_54' title="bbox 2120 1922 3703 2002; baseline -0.004 -17"><span class='ocrx_word' id='word_1_409' title='bbox 2120 1932 2177 1985; x_wconf 74' lang='grc' dir='ltr'>δὲ</span> <span class='ocrx_word' id='word_1_410' title='bbox 2203 1929 2297 2002; x_wconf 81' lang='grc' dir='ltr'><strong>μὴ,</strong></span> <span class='ocrx_word' id='word_1_411' title='bbox 2323 1930 2383 1982; x_wconf 88' lang='grc' dir='ltr'><strong>τό</strong></span> <span class='ocrx_word' id='word_1_412' title='bbox 2425 1944 2490 1996; x_wconf 89' lang='grc' dir='ltr'><strong>γε</strong></span> <span class='ocrx_word' id='word_1_413' title='bbox 2530 1927 2802 1998; x_wconf 81' lang='grc' dir='ltr'>δεύτερον,</span> <span class='ocrx_word' id='word_1_414' title='bbox 2844 1922 3032 1997; x_wconf 81' lang='grc' dir='ltr'>ὥσπερ</span> <span class='ocrx_word' id='word_1_415' title='bbox 3080 1926 3186 1979; x_wconf 83' lang='grc' dir='ltr'>τῶν</span> <span class='ocrx_word' id='word_1_416' title='bbox 3227 1926 3402 1980; x_wconf 75' lang='grc' dir='ltr'>ἄλλων</span> <span class='ocrx_word' id='word_1_417' title='bbox 3451 1926 3703 1988; x_wconf 76' lang='grc' dir='ltr'>ἕκαστον,</span> 
     </span>
    </p>
   </div>
   <div class='ocr_carea' id='block_1_55' title="bbox 2121 2016 3707 2090">
    <p class='ocr_par' dir='ltr' id='par_1_55' title="bbox 2121 2016 3707 2090">
     <span class='ocr_line' id='line_1_55' title="bbox 2121 2016 3707 2090; baseline -0.004 -15"><span class='ocrx_word' id='word_1_418' title='bbox 2121 2022 2264 2075; x_wconf 75' lang='grc' dir='ltr'>οὕτω</span> <span class='ocrx_word' id='word_1_419' title='bbox 2293 2020 2357 2090; x_wconf 83' lang='grc' dir='ltr'>δὴ</span> <span class='ocrx_word' id='word_1_420' title='bbox 2534 2020 2626 2073; x_wconf 73' lang='grc' dir='ltr'><strong>καὶ</strong></span> <span class='ocrx_word' id='word_1_421' title='bbox 2668 2021 2701 2090; x_wconf 81' lang='grc' dir='ltr'>ἡ</span> <span class='ocrx_word' id='word_1_422' title='bbox 2746 2018 2946 2087; x_wconf 83' lang='grc' dir='ltr'>γνῶσις</span> <span class='ocrx_word' id='word_1_423' title='bbox 2996 2017 3103 2071; x_wconf 82' lang='grc' dir='ltr'><strong>τῶν</strong></span> <span class='ocrx_word' id='word_1_424' title='bbox 3147 2017 3439 2088; x_wconf 76' lang='grc' dir='ltr'>μεγίστων,</span> <span class='ocrx_word' id='word_1_425' title='bbox 3479 2019 3571 2069; x_wconf 74' lang='grc' dir='ltr'>ἐπὶ</span> <span class='ocrx_word' id='word_1_426' title='bbox 3607 2016 3707 2084; x_wconf 76' lang='grc' dir='ltr'>τὴν</span> 
     </span>
    </p>
   </div>
   <div class='ocr_carea' id='block_1_56' title="bbox 2124 2108 3709 2183">
    <p class='ocr_par' dir='ltr' id='par_1_56' title="bbox 2124 2108 3709 2183">
     <span class='ocr_line' id='line_1_56' title="bbox 2124 2108 3709 2183; baseline -0.004 -17"><span class='ocrx_word' id='word_1_427' title='bbox 2124 2114 2303 2167; x_wconf 80' lang='grc' dir='ltr'>αἰτίαν</span> <span class='ocrx_word' id='word_1_428' title='bbox 2347 2111 2699 2183; x_wconf 77' lang='grc' dir='ltr'>άναφερέσθω</span> <span class='ocrx_word' id='word_1_429' title='bbox 2751 2113 2882 2180; x_wconf 85' lang='grc' dir='ltr'>τιμῇ</span> <span class='ocrx_word' id='word_1_430' title='bbox 2930 2109 3023 2162; x_wconf 77' lang='grc' dir='ltr'>τοῦ</span> <span class='ocrx_word' id='word_1_431' title='bbox 3077 2110 3420 2179; x_wconf 80' lang='grc' dir='ltr'>γεννήτορος.</span> <span class='ocrx_word' id='word_1_432' title='bbox 3468 2110 3624 2160; x_wconf 85' lang='grc' dir='ltr'><strong>Δοκεῖ</strong></span> <span class='ocrx_word' id='word_1_433' title='bbox 3648 2108 3709 2161; x_wconf 82' lang='grc' dir='ltr'><strong>δέ</strong></span> 
     </span>
    </p>
   </div>
   <div class='ocr_carea' id='block_1_57' title="bbox 2128 2198 3707 2276">
    <p class='ocr_par' dir='ltr' id='par_1_57' title="bbox 2128 2198 3707 2276">
     <span class='ocr_line' id='line_1_57' title="bbox 2128 2198 3707 2276; baseline -0.005 -18"><span class='ocrx_word' id='word_1_434' title='bbox 2128 2205 2218 2276; x_wconf 89' lang='grc' dir='ltr'><strong>μοί</strong></span> <span class='ocrx_word' id='word_1_435' title='bbox 2250 2222 2354 2267; x_wconf 87' lang='grc' dir='ltr'>τις,</span> <span class='ocrx_word' id='word_1_436' title='bbox 2388 2204 2510 2274; x_wconf 76' lang='grc' dir='ltr'>μηδ’</span> <span class='ocrx_word' id='word_1_437' title='bbox 2532 2201 2597 2255; x_wconf 80' lang='grc' dir='ltr'><strong>ἂν</strong></span> <span class='ocrx_word' id='word_1_438' title='bbox 2628 2201 2848 2263; x_wconf 76' lang='grc' dir='ltr'>ἐκείνως</span> <span class='ocrx_word' id='word_1_439' title='bbox 2871 2201 3160 2269; x_wconf 80' lang='grc' dir='ltr'>ἀναγνοὺς.</span> <span class='ocrx_word' id='word_1_440' title='bbox 3185 2200 3259 2262; x_wconf 85' lang='grc' dir='ltr'>ὡς</span> <span class='ocrx_word' id='word_1_441' title='bbox 3284 2199 3393 2252; x_wconf 81' lang='grc' dir='ltr'>τῶν</span> <span class='ocrx_word' id='word_1_442' title='bbox 3421 2198 3541 2252; x_wconf 82' lang='grc' dir='ltr'>καθ’</span> <span class='ocrx_word' id='word_1_443' title='bbox 3560 2200 3707 2268; x_wconf 73' lang='grc' dir='ltr'>ἡμᾶς</span> 
     </span>
    </p>
   </div>
   <div class='ocr_carea' id='block_1_58' title="bbox 2125 2290 3710 2368">
    <p class='ocr_par' dir='ltr' id='par_1_58' title="bbox 2125 2290 3710 2368">
     <span class='ocr_line' id='line_1_58' title="bbox 2125 2290 3710 2368; baseline -0.007 -16"><span class='ocrx_word' id='word_1_444' title='bbox 2125 2297 2425 2368; x_wconf 82' lang='grc' dir='ltr'>φιλολόγων</span> <span class='ocrx_word' id='word_1_445' title='bbox 2449 2312 2533 2357; x_wconf 87' lang='grc' dir='ltr'><strong>τις</strong></span> <span class='ocrx_word' id='word_1_446' title='bbox 2561 2293 2694 2364; x_wconf 80' lang='grc'>(56),</span> <span class='ocrx_word' id='word_1_447' title='bbox 2723 2292 2919 2363; x_wconf 81' lang='grc' dir='ltr'>μικρὸν</span> <span class='ocrx_word' id='word_1_448' title='bbox 2953 2292 3223 2361; x_wconf 74' lang='grc' dir='ltr'>ἐννοῆσαι,</span> <span class='ocrx_word' id='word_1_449' title='bbox 3257 2292 3339 2343; x_wconf 84' lang='grc' dir='ltr'>ὅτι</span> <span class='ocrx_word' id='word_1_450' title='bbox 3365 2291 3488 2343; x_wconf 82' lang='grc' dir='ltr'>οὐδὲ</span> <span class='ocrx_word' id='word_1_451' title='bbox 3516 2292 3544 2342; x_wconf 89' lang='lat'><strong>6</strong></span> <span class='ocrx_word' id='word_1_452' title='bbox 3580 2290 3710 2351; x_wconf 75' lang='grc' dir='ltr'><strong>Υἱὸς</strong></span> 
     </span>
    </p>
   </div>
   <div class='ocr_carea' id='block_1_59' title="bbox 2126 2377 3713 2455">
    <p class='ocr_par' dir='ltr' id='par_1_59' title="bbox 2126 2377 3713 2455">
     <span class='ocr_line' id='line_1_59' title="bbox 2126 2377 3713 2455; baseline -0.009 -11"><span class='ocrx_word' id='word_1_453' title='bbox 2126 2390 2299 2452; x_wconf 83' lang='grc' dir='ltr'>ἄλλως</span> <span class='ocrx_word' id='word_1_454' title='bbox 2332 2384 2439 2441; x_wconf 83' lang='grc' dir='ltr'>οἶδε</span> <span class='ocrx_word' id='word_1_455' title='bbox 2466 2387 2567 2455; x_wconf 81' lang='grc' dir='ltr'>τὴν</span> <span class='ocrx_word' id='word_1_456' title='bbox 2602 2384 2836 2454; x_wconf 84' lang='grc' dir='ltr'>ἡμέραν,</span> <span class='ocrx_word' id='word_1_457' title='bbox 2875 2383 2909 2453; x_wconf 79' lang='grc' dir='ltr'>ἦ</span> <span class='ocrx_word' id='word_1_458' title='bbox 2943 2380 3041 2452; x_wconf 81' lang='grc' dir='ltr'>τὴν</span> <span class='ocrx_word' id='word_1_459' title='bbox 3070 2380 3243 2451; x_wconf 84' lang='grc' dir='ltr'>ὥραν,</span> <span class='ocrx_word' id='word_1_460' title='bbox 3290 2381 3323 2452; x_wconf 77' lang='grc' dir='ltr'>ἢ</span> <span class='ocrx_word' id='word_1_461' title='bbox 3369 2381 3445 2444; x_wconf 85' lang='grc' dir='ltr'><strong>ὡς</strong></span> <span class='ocrx_word' id='word_1_462' title='bbox 3630 2377 3713 2430; x_wconf 82' lang='grc' dir='ltr'>ὅτι</span> 
     </span>
    </p>
   </div>
   <div class='ocr_carea' id='block_1_60' title="bbox 2127 2471 3712 2550">
    <p class='ocr_par' dir='ltr' id='par_1_60' title="bbox 2127 2471 3712 2550">
     <span class='ocr_line' id='line_1_60' title="bbox 2127 2471 3712 2550; baseline -0.008 -16"><span class='ocrx_word' id='word_1_463' title='bbox 2127 2483 2157 2534; x_wconf 89' lang='lat'><strong>6</strong></span> <span class='ocrx_word' id='word_1_464' title='bbox 2196 2480 2407 2550; x_wconf 87' lang='grc' dir='ltr'>Πατήρ.</span> <span class='ocrx_word' id='word_1_465' title='bbox 2446 2476 2519 2529; x_wconf 89' lang='grc' dir='ltr'><strong>Τὸ</strong></span> <span class='ocrx_word' id='word_1_466' title='bbox 2557 2476 2663 2547; x_wconf 74' lang='grc' dir='ltr'><strong>γὰρ</strong></span> <span class='ocrx_word' id='word_1_467' title='bbox 2716 2473 3112 2543; x_wconf 80' lang='grc' dir='ltr'>συναγόμενον,</span> <span class='ocrx_word' id='word_1_468' title='bbox 3171 2474 3387 2536; x_wconf 82' lang='grc' dir='ltr'>ὁποῖον;</span> <span class='ocrx_word' id='word_1_469' title='bbox 3431 2471 3650 2541; x_wconf 77' lang='grc' dir='ltr'>Ἐπειδὴ</span> <span class='ocrx_word' id='word_1_470' title='bbox 3684 2471 3712 2521; x_wconf 86' lang='lat'><strong>6</strong></span> 
     </span>
    </p>
   </div>
   <div class='ocr_carea' id='block_1_61' title="bbox 2128 2561 3711 2641">
    <p class='ocr_par' dir='ltr' id='par_1_61' title="bbox 2128 2561 3711 2641">
     <span class='ocr_line' id='line_1_61' title="bbox 2128 2561 3711 2641; baseline -0.009 -16"><span class='ocrx_word' id='word_1_471' title='bbox 2128 2570 2320 2641; x_wconf 85' lang='grc' dir='ltr'>Πατὴρ</span> <span class='ocrx_word' id='word_1_472' title='bbox 2378 2566 2656 2637; x_wconf 82' lang='grc' dir='ltr'>γινώσκει,</span> <span class='ocrx_word' id='word_1_473' title='bbox 2695 2564 2783 2617; x_wconf 80' lang='grc' dir='ltr'>διὰ</span> <span class='ocrx_word' id='word_1_474' title='bbox 2822 2562 2979 2616; x_wconf 81' lang='grc' dir='ltr'>τοῦτο</span> <span class='ocrx_word' id='word_1_475' title='bbox 3026 2563 3119 2616; x_wconf 74' lang='grc' dir='ltr'><strong>καὶ</strong></span> <span class='ocrx_word' id='word_1_476' title='bbox 3160 2564 3189 2615; x_wconf 90' lang='lat'><strong>6</strong></span> <span class='ocrx_word' id='word_1_477' title='bbox 3229 2562 3384 2624; x_wconf 78' lang='grc' dir='ltr'>Υἱὸς,</span> <span class='ocrx_word' id='word_1_478' title='bbox 3418 2562 3492 2623; x_wconf 81' lang='grc' dir='ltr'>ὡς</span> <span class='ocrx_word' id='word_1_479' title='bbox 3529 2561 3711 2630; x_wconf 77' lang='grc' dir='ltr'>δῆλον,</span> 
     </span>
    </p>
   </div>
   <div class='ocr_carea' id='block_1_62' title="bbox 2130 2651 3714 2730">
    <p class='ocr_par' dir='ltr' id='par_1_62' title="bbox 2130 2651 3714 2730">
     <span class='ocr_line' id='line_1_62' title="bbox 2130 2651 3714 2730; baseline -0.008 -17"><span class='ocrx_word' id='word_1_480' title='bbox 2130 2662 2211 2714; x_wconf 86' lang='grc' dir='ltr'>ὅτι</span> <span class='ocrx_word' id='word_1_481' title='bbox 2250 2658 2436 2730; x_wconf 76' lang='grc' dir='ltr'>μηδενὶ</span> <span class='ocrx_word' id='word_1_482' title='bbox 2472 2654 2712 2725; x_wconf 68' lang='grc' dir='ltr'>γνωστὸν</span> <span class='ocrx_word' id='word_1_483' title='bbox 2748 2653 2925 2714; x_wconf 73' lang='grc' dir='ltr'>τοῦτο.</span> <span class='ocrx_word' id='word_1_484' title='bbox 2971 2652 3105 2724; x_wconf 80' lang='grc' dir='ltr'>μηδὲ</span> <span class='ocrx_word' id='word_1_485' title='bbox 3160 2651 3386 2722; x_wconf 79' lang='grc' dir='ltr'>ληπτὸν,</span> <span class='ocrx_word' id='word_1_486' title='bbox 3428 2651 3565 2721; x_wconf 74' lang='grc' dir='ltr'>πλὴν</span> <span class='ocrx_word' id='word_1_487' title='bbox 3610 2651 3714 2719; x_wconf 84' lang='grc' dir='ltr'>τῆς</span> 
     </span>
    </p>
   </div>
   <div class='ocr_carea' id='block_1_63' title="bbox 2132 2742 3716 2823">
    <p class='ocr_par' dir='ltr' id='par_1_63' title="bbox 2132 2742 3716 2823">
     <span class='ocr_line' id='line_1_63' title="bbox 2132 2742 3716 2823; baseline -0.007 -18"><span class='ocrx_word' id='word_1_488' title='bbox 2132 2751 2356 2823; x_wconf 86' lang='grc' dir='ltr'>πρώτης</span> <span class='ocrx_word' id='word_1_489' title='bbox 2383 2748 2617 2818; x_wconf 78' lang='grc' dir='ltr'>φύσεως.</span> <span class='ocrx_word' id='word_1_490' title='bbox 2668 2746 2946 2799; x_wconf 81' lang='grc' dir='ltr'>Ἐλείπετο</span> <span class='ocrx_word' id='word_1_491' title='bbox 2980 2746 3107 2815; x_wconf 71' lang='grc' dir='ltr'>περὶ</span> <span class='ocrx_word' id='word_1_492' title='bbox 3129 2743 3223 2797; x_wconf 79' lang='grc' dir='ltr'>τοῦ</span> <span class='ocrx_word' id='word_1_493' title='bbox 3264 2743 3594 2807; x_wconf 72' lang='grc' dir='ltr'>ἐντετάλθαι,</span> <span class='ocrx_word' id='word_1_494' title='bbox 3618 2742 3716 2795; x_wconf 73' lang='grc' dir='ltr'>καὶ</span> 
     </span>
    </p>
   </div>
   <div class='ocr_carea' id='block_1_64' title="bbox 2132 2832 3717 2912">
    <p class='ocr_par' dir='ltr' id='par_1_64' title="bbox 2132 2832 3717 2912">
     <span class='ocr_line' id='line_1_64' title="bbox 2132 2832 3717 2912; baseline -0.007 -17"><span class='ocrx_word' id='word_1_495' title='bbox 2132 2840 2493 2912; x_wconf 83' lang='grc' dir='ltr'>τετηρηκέναι</span> <span class='ocrx_word' id='word_1_496' title='bbox 2528 2837 2627 2900; x_wconf 79' lang='grc' dir='ltr'><strong>τὰς</strong></span> <span class='ocrx_word' id='word_1_497' title='bbox 2669 2836 2908 2899; x_wconf 81' lang='grc' dir='ltr'>ἐντολὰς,</span> <span class='ocrx_word' id='word_1_498' title='bbox 2935 2835 3029 2889; x_wconf 69' lang='grc' dir='ltr'><strong>καὶ</strong></span> <span class='ocrx_word' id='word_1_499' title='bbox 3056 2834 3127 2887; x_wconf 85' lang='grc' dir='ltr'>τὰ</span> <span class='ocrx_word' id='word_1_500' title='bbox 3160 2832 3367 2905; x_wconf 83' lang='grc' dir='ltr'>ἀρεστά</span> <span class='ocrx_word' id='word_1_501' title='bbox 3390 2832 3717 2900; x_wconf 83' lang='grc' dir='ltr'>αὐτῷ.πάν-</span> 
     </span>
    </p>
   </div>
   <div class='ocr_carea' id='block_1_65' title="bbox 2133 2920 3718 2993">
    <p class='ocr_par' dir='ltr' id='par_1_65' title="bbox 2133 2920 3718 2993">
     <span class='ocr_line' id='line_1_65' title="bbox 2133 2920 3718 2993; baseline -0.005 -13"><span class='ocrx_word' id='word_1_502' title='bbox 2133 2943 2254 2980; x_wconf 84' lang='grc' dir='ltr'>τοτε</span> <span class='ocrx_word' id='word_1_503' title='bbox 2307 2923 2687 2993; x_wconf 80' lang='grc' dir='ltr'>πεποιηκέναι,</span> <span class='ocrx_word' id='word_1_504' title='bbox 2734 2922 3008 2979; x_wconf 76' lang='grc' dir='ltr'>διαλαϐεῖν</span> <span class='ocrx_word' id='word_1_505' title='bbox 3060 2924 3207 2993; x_wconf 75' lang='grc' dir='ltr'>ἡμᾶς</span> <span class='ocrx_word' id='word_1_506' title='bbox 3233 2939 3247 2952; x_wconf 88' lang='grc'><strong>·</strong></span> <span class='ocrx_word' id='word_1_507' title='bbox 3285 2922 3364 2974; x_wconf 75' lang='grc' dir='ltr'><strong>ἔτι</strong></span> <span class='ocrx_word' id='word_1_508' title='bbox 3403 2921 3461 2974; x_wconf 87' lang='grc' dir='ltr'>δὲ</span> <span class='ocrx_word' id='word_1_509' title='bbox 3500 2920 3718 2973; x_wconf 77' lang='grc' dir='ltr'>τελειώ·</span> 
     </span>
    </p>
   </div>
   <div class='ocr_carea' id='block_1_66' title="bbox 2140 3002 3716 3084">
    <p class='ocr_par' dir='ltr' id='par_1_66' title="bbox 2140 3002 3716 3084">
     <span class='ocr_line' id='line_1_66' title="bbox 2140 3002 3716 3084; baseline -0.005 -13"><span class='ocrx_word' id='word_1_510' title='bbox 2140 3034 2302 3081; x_wconf 87' lang='grc' dir='ltr'>σεως,</span> <span class='ocrx_word' id='word_1_511' title='bbox 2330 3017 2425 3070; x_wconf 75' lang='grc' dir='ltr'><strong>καὶ</strong></span> <span class='ocrx_word' id='word_1_512' title='bbox 2471 3002 2753 3084; x_wconf 61' lang='grc' dir='ltr'>ὑψώσείυς,</span> <span class='ocrx_word' id='word_1_513' title='bbox 2799 3014 2894 3067; x_wconf 78' lang='grc' dir='ltr'>καὶ</span> <span class='ocrx_word' id='word_1_514' title='bbox 2939 3012 3034 3066; x_wconf 80' lang='grc' dir='ltr'>τοῦ</span> <span class='ocrx_word' id='word_1_515' title='bbox 3084 3013 3296 3083; x_wconf 83' lang='grc' dir='ltr'>μαθεῖν,</span> <span class='ocrx_word' id='word_1_516' title='bbox 3338 3011 3397 3076; x_wconf 78' lang='grc' dir='ltr'>ἐξ</span> <span class='ocrx_word' id='word_1_517' title='bbox 3427 3005 3716 3071; x_wconf 77' lang='grc' dir='ltr'>ὧνὲπαθε,</span> 
     </span>
    </p>
   </div>
   <div class='ocr_carea' id='block_1_67' title="bbox 2084 3104 3717 3180">
    <p class='ocr_par' dir='ltr' id='par_1_67' title="bbox 2084 3104 3717 3180">
     <span class='ocr_line' id='line_1_67' title="bbox 2084 3104 3717 3180; baseline -0.005 -17"><span class='ocrx_word' id='word_1_518' title='bbox 2084 3161 2099 3179; x_wconf 70' lang='grc'><strong>,</strong></span> <span class='ocrx_word' id='word_1_519' title='bbox 2138 3110 2238 3180; x_wconf 82' lang='grc' dir='ltr'>τὴν</span> <span class='ocrx_word' id='word_1_520' title='bbox 2271 3107 2541 3177; x_wconf 80' lang='grc' dir='ltr'>ὑπακοὴν,</span> <span class='ocrx_word' id='word_1_521' title='bbox 2577 3107 2672 3159; x_wconf 71' lang='grc' dir='ltr'><strong>καὶ</strong></span> <span class='ocrx_word' id='word_1_522' title='bbox 2705 3104 3114 3178; x_wconf 80' lang='grc' dir='ltr'>ἀρχιερωσύνης</span> <span class='ocrx_word' id='word_1_523' title='bbox 3144 3122 3205 3157; x_wconf 90' lang='grc' dir='ltr'><strong>τε</strong></span> <span class='ocrx_word' id='word_1_524' title='bbox 3237 3104 3332 3159; x_wconf 75' lang='grc' dir='ltr'>καὶ</span> <span class='ocrx_word' id='word_1_525' title='bbox 3376 3106 3717 3174; x_wconf 73' lang='grc' dir='ltr'>προσφορᾶς,</span> 
     </span>
    </p>
   </div>
   <div class='ocr_carea' id='block_1_68' title="bbox 2141 3194 3717 3269">
    <p class='ocr_par' dir='ltr' id='par_1_68' title="bbox 2141 3194 3717 3269">
     <span class='ocr_line' id='line_1_68' title="bbox 2141 3194 3717 3269; baseline -0.006 -15"><span class='ocrx_word' id='word_1_526' title='bbox 2141 3201 2235 3254; x_wconf 76' lang='grc' dir='ltr'><strong>καὶ</strong></span> <span class='ocrx_word' id='word_1_527' title='bbox 2262 3198 2610 3269; x_wconf 85' lang='grc' dir='ltr'>παραδόσεως</span> <span class='ocrx_word' id='word_1_528' title='bbox 2644 3235 2663 3263; x_wconf 91' lang='grc'><strong>,</strong></span> <span class='ocrx_word' id='word_1_529' title='bbox 2795 3197 2890 3250; x_wconf 77' lang='grc' dir='ltr'>καὶ</span> <span class='ocrx_word' id='word_1_530' title='bbox 2921 3196 3157 3265; x_wconf 87' lang='grc' dir='ltr'>δεήσεως</span> <span class='ocrx_word' id='word_1_531' title='bbox 3200 3198 3300 3265; x_wconf 83' lang='grc' dir='ltr'>τῆς</span> <span class='ocrx_word' id='word_1_532' title='bbox 3344 3195 3478 3265; x_wconf 75' lang='grc' dir='ltr'>πρὸς</span> <span class='ocrx_word' id='word_1_533' title='bbox 3511 3194 3601 3247; x_wconf 73' lang='grc' dir='ltr'><strong>τὸν</strong></span> <span class='ocrx_word' id='word_1_534' title='bbox 3631 3194 3717 3246; x_wconf 72' lang='grc' dir='ltr'>δυο</span> 
     </span>
    </p>
   </div>
   <div class='ocr_carea' id='block_1_69' title="bbox 2143 3286 3718 3358">
    <p class='ocr_par' dir='ltr' id='par_1_69' title="bbox 2143 3286 3718 3358">
     <span class='ocr_line' id='line_1_69' title="bbox 2143 3286 3718 3358; baseline 0.003 -18"><span class='ocrx_word' id='word_1_535' title='bbox 2143 3287 2378 3354; x_wconf 86' lang='grc' dir='ltr'>νάμενον</span> <span class='ocrx_word' id='word_1_536' title='bbox 2406 3286 2599 3351; x_wconf 81' lang='grc' dir='ltr'>σώζειν</span> <span class='ocrx_word' id='word_1_537' title='bbox 2631 3288 2795 3341; x_wconf 85' lang='grc' dir='ltr'>αὐτὸν</span> <span class='ocrx_word' id='word_1_538' title='bbox 2824 3290 2889 3341; x_wconf 70' lang='grc' dir='ltr'>ἐκ</span> <span class='ocrx_word' id='word_1_539' title='bbox 2919 3288 3174 3353; x_wconf 81' lang='grc' dir='ltr'>θανάτου,</span> <span class='ocrx_word' id='word_1_540' title='bbox 3204 3291 3301 3345; x_wconf 80' lang='grc' dir='ltr'>καὶ</span> <span class='ocrx_word' id='word_1_541' title='bbox 3322 3291 3590 3358; x_wconf 67' lang='grc' dir='ltr'>ἀγωνίαξ,</span> <span class='ocrx_word' id='word_1_542' title='bbox 3621 3293 3718 3345; x_wconf 73' lang='grc' dir='ltr'>καὶ</span> 
     </span>
    </p>
   </div>
   <div class='ocr_carea' id='block_1_70' title="bbox 2146 3378 3718 3450">
    <p class='ocr_par' dir='ltr' id='par_1_70' title="bbox 2146 3378 3718 3450">
     <span class='ocr_line' id='line_1_70' title="bbox 2146 3378 3718 3450; baseline 0.003 -19"><span class='ocrx_word' id='word_1_543' title='bbox 2146 3378 2425 3448; x_wconf 74' lang='grc' dir='ltr'>θρόμ6ων,</span> <span class='ocrx_word' id='word_1_544' title='bbox 2472 3380 2568 3432; x_wconf 70' lang='grc' dir='ltr'>καὶ</span> <span class='ocrx_word' id='word_1_545' title='bbox 2602 3380 2938 3450; x_wconf 79' lang='grc' dir='ltr'>προσευχῆς,</span> <span class='ocrx_word' id='word_1_546' title='bbox 2971 3382 3064 3434; x_wconf 75' lang='grc' dir='ltr'><strong>καὶ</strong></span> <span class='ocrx_word' id='word_1_547' title='bbox 3112 3381 3165 3433; x_wconf 75' lang='grc' dir='ltr'>εἷ</span> <span class='ocrx_word' id='word_1_548' title='bbox 3192 3399 3249 3435; x_wconf 77' lang='grc' dir='ltr'><strong>τι</strong></span> <span class='ocrx_word' id='word_1_549' title='bbox 3276 3381 3406 3435; x_wconf 82' lang='grc' dir='ltr'>ἄλλο</span> <span class='ocrx_word' id='word_1_550' title='bbox 3437 3383 3681 3436; x_wconf 76' lang='grc' dir='ltr'>τοιοῦτον</span> <span class='ocrx_word' id='word_1_551' title='bbox 3703 3401 3718 3415; x_wconf 74' lang='grc' dir='ltr'><strong>ο</strong></span> 
     </span>
    </p>
   </div>
   <div class='ocr_carea' id='block_1_71' title="bbox 2144 3469 3717 3545">
    <p class='ocr_par' dir='ltr' id='par_1_71' title="bbox 2144 3469 3717 3545">
     <span class='ocr_line' id='line_1_71' title="bbox 2144 3469 3717 3545; baseline 0.003 -20"><span class='ocrx_word' id='word_1_552' title='bbox 2144 3474 2194 3526; x_wconf 82' lang='grc' dir='ltr'><strong>εί</strong></span> <span class='ocrx_word' id='word_1_553' title='bbox 2251 3472 2326 3542; x_wconf 80' lang='grc' dir='ltr'>μὴ</span> <span class='ocrx_word' id='word_1_554' title='bbox 2374 3474 2512 3526; x_wconf 83' lang='grc' dir='ltr'>πᾶσι</span> <span class='ocrx_word' id='word_1_555' title='bbox 2553 3472 2821 3540; x_wconf 85' lang='grc' dir='ltr'>πρόδηλον</span> <span class='ocrx_word' id='word_1_556' title='bbox 2862 3469 2952 3544; x_wconf 82' lang='grc' dir='ltr'>ἦν,</span> <span class='ocrx_word' id='word_1_557' title='bbox 2984 3475 3066 3527; x_wconf 85' lang='grc' dir='ltr'>ὃτι</span> <span class='ocrx_word' id='word_1_558' title='bbox 3112 3478 3243 3545; x_wconf 72' lang='grc' dir='ltr'>περὶ</span> <span class='ocrx_word' id='word_1_559' title='bbox 3285 3475 3348 3527; x_wconf 82' lang='grc' dir='ltr'>τὸ</span> <span class='ocrx_word' id='word_1_560' title='bbox 3389 3477 3603 3545; x_wconf 78' lang='grc' dir='ltr'>πάσχον</span> <span class='ocrx_word' id='word_1_561' title='bbox 3650 3480 3717 3529; x_wconf 73' lang='grc' dir='ltr'>τὶ</span> 
     </span>
    </p>
   </div>
   <div class='ocr_carea' id='block_1_72' title="bbox 2143 3561 3719 3636">
    <p class='ocr_par' dir='ltr' id='par_1_72' title="bbox 2143 3561 3719 3636">
     <span class='ocr_line' id='line_1_72' title="bbox 2143 3561 3719 3636; baseline 0.003 -21"><span class='ocrx_word' id='word_1_562' title='bbox 2143 3561 2368 3616; x_wconf 83' lang='grc' dir='ltr'>τοιαῦτα</span> <span class='ocrx_word' id='word_1_563' title='bbox 2398 3564 2507 3616; x_wconf 84' lang='grc' dir='ltr'><strong>τῶν</strong></span> <span class='ocrx_word' id='word_1_564' title='bbox 2542 3562 2847 3632; x_wconf 84' lang='grc' dir='ltr'>ὀνομάτων,</span> <span class='ocrx_word' id='word_1_565' title='bbox 2878 3564 2941 3617; x_wconf 89' lang='grc' dir='ltr'><strong>οὐ</strong></span> <span class='ocrx_word' id='word_1_566' title='bbox 2984 3566 3114 3634; x_wconf 61' lang='grc' dir='ltr'><strong>περ)¹</strong></span> <span class='ocrx_word' id='word_1_567' title='bbox 3157 3566 3256 3634; x_wconf 80' lang='grc' dir='ltr'>τὴν</span> <span class='ocrx_word' id='word_1_568' title='bbox 3300 3566 3574 3636; x_wconf 73' lang='grc' dir='ltr'>ἄτρεπτον</span> <span class='ocrx_word' id='word_1_569' title='bbox 3620 3568 3719 3635; x_wconf 80' lang='grc' dir='ltr'><strong>φύ-</strong></span> 
     </span>
    </p>
   </div>
   <div class='ocr_carea' id='block_1_73' title="bbox 2146 3654 3153 3726">
    <p class='ocr_par' dir='ltr' id='par_1_73' title="bbox 2146 3654 3153 3726">
     <span class='ocr_line' id='line_1_73' title="bbox 2146 3654 3153 3726; baseline 0.005 -20"><span class='ocrx_word' id='word_1_570' title='bbox 2146 3671 2251 3718; x_wconf 87' lang='grc' dir='ltr'>σιν,</span> <span class='ocrx_word' id='word_1_571' title='bbox 2280 3656 2374 3708; x_wconf 70' lang='grc' dir='ltr'><strong>καὶ</strong></span> <span class='ocrx_word' id='word_1_572' title='bbox 2402 3654 2496 3708; x_wconf 83' lang='grc' dir='ltr'>τοῦ</span> <span class='ocrx_word' id='word_1_573' title='bbox 2528 3654 2762 3725; x_wconf 82' lang='grc' dir='ltr'>πάσχειν</span> <span class='ocrx_word' id='word_1_574' title='bbox 2793 3656 3153 3726; x_wconf 78' lang='grc' dir='ltr'>ὑψηλοτέραν.</span> 
     </span>
    </p>
   </div>
   <div class='ocr_carea' id='block_1_74' title="bbox 455 3739 3713 3815">
    <p class='ocr_par' dir='ltr' id='par_1_74' title="bbox 455 3739 3713 3815">
     <span class='ocr_line' id='line_1_74' title="bbox 455 3739 3713 3815; baseline 0.002 -20"><span class='ocrx_word' id='word_1_575' title='bbox 455 3739 580 3795; x_wconf 85' lang='lat' dir='ltr'><strong>dem</strong></span> <span class='ocrx_word' id='word_1_576' title='bbox 613 3751 695 3797; x_wconf 84' lang='lat' dir='ltr'><strong>est</strong></span> <span class='ocrx_word' id='word_1_577' title='bbox 724 3742 961 3809; x_wconf 84' lang='lat' dir='ltr'><strong>generis,</strong></span> <span class='ocrx_word' id='word_1_578' title='bbox 998 3752 1337 3811; x_wconf 86' lang='lat' dir='ltr'><strong>pertractare</strong></span> <span class='ocrx_word' id='word_1_579' title='bbox 1380 3760 1394 3797; x_wconf 86' lang='lat'><strong>:</strong></span> <span class='ocrx_word' id='word_1_580' title='bbox 1432 3742 1535 3796; x_wconf 85' lang='lat' dir='ltr'><strong>nisi</strong></span> <span class='ocrx_word' id='word_1_581' title='bbox 1580 3742 1754 3798; x_wconf 78' lang='lat' dir='ltr'><strong>cuivis</strong></span> <span class='ocrx_word' id='word_1_582' title='bbox 1782 3742 2127 3811; x_wconf 80' lang='lat' dir='ltr'><strong>exploratum</strong></span> <span class='ocrx_word' id='word_1_583' title='bbox 2218 3754 2362 3798; x_wconf 88' lang='lat' dir='ltr'><strong>esset</strong></span> <span class='ocrx_word' id='word_1_584' title='bbox 2394 3786 2408 3809; x_wconf 90' lang='lat'><strong>,</strong></span> <span class='ocrx_word' id='word_1_585' title='bbox 2445 3744 2753 3815; x_wconf 82' lang='lat' dir='ltr'><strong>hujustnndi</strong></span> <span class='ocrx_word' id='word_1_586' title='bbox 2802 3746 3021 3799; x_wconf 86' lang='lat' dir='ltr'><strong>nomina</strong></span> <span class='ocrx_word' id='word_1_587' title='bbox 3078 3746 3400 3814; x_wconf 89' lang='lat' dir='ltr'><strong>perpetienti</strong></span> <span class='ocrx_word' id='word_1_588' title='bbox 3455 3748 3713 3803; x_wconf 75' lang='lat' dir='ltr'><strong>humani~</strong></span> 
     </span>
    </p>
   </div>
   <div class='ocr_carea' id='block_1_75' title="bbox 458 3833 3549 3905">
    <p class='ocr_par' dir='ltr' id='par_1_75' title="bbox 458 3833 3549 3905">
     <span class='ocr_line' id='line_1_75' title="bbox 458 3833 3549 3905; baseline 0.001 -18"><span class='ocrx_word' id='word_1_589' title='bbox 458 3834 554 3887; x_wconf 88' lang='lat' dir='ltr'><strong>tali</strong></span> <span class='ocrx_word' id='word_1_590' title='bbox 585 3837 931 3891; x_wconf 84' lang='lat' dir='ltr'><strong>attribuenda</strong></span> <span class='ocrx_word' id='word_1_591' title='bbox 960 3851 1101 3899; x_wconf 84' lang='lat' dir='ltr'><strong>esse.</strong></span> <span class='ocrx_word' id='word_1_592' title='bbox 1154 3851 1260 3891; x_wconf 89' lang='lat' dir='ltr'><strong>non</strong></span> <span class='ocrx_word' id='word_1_593' title='bbox 1292 3843 1475 3889; x_wconf 88' lang='lat' dir='ltr'><strong>autem</strong></span> <span class='ocrx_word' id='word_1_594' title='bbox 1509 3833 1829 3888; x_wconf 85' lang='lat' dir='ltr'><strong>immutabili</strong></span> <span class='ocrx_word' id='word_1_595' title='bbox 1873 3833 1949 3889; x_wconf 86' lang='lat' dir='ltr'><strong>illi</strong></span> <span class='ocrx_word' id='word_1_596' title='bbox 1982 3842 2215 3898; x_wconf 74' lang='lat' dir='ltr'><strong>naturae.</strong></span> <span class='ocrx_word' id='word_1_597' title='bbox 2256 3844 2420 3905; x_wconf 88' lang='lat' dir='ltr'><strong>atque</strong></span> <span class='ocrx_word' id='word_1_598' title='bbox 2453 3836 2601 3889; x_wconf 91' lang='lat' dir='ltr'><strong>omni</strong></span> <span class='ocrx_word' id='word_1_599' title='bbox 2629 3835 2815 3890; x_wconf 89' lang='lat' dir='ltr'><strong>dolore</strong></span> <span class='ocrx_word' id='word_1_600' title='bbox 2837 3844 2891 3890; x_wconf 91' lang='lat' dir='ltr'><strong>et</strong></span> <span class='ocrx_word' id='word_1_601' title='bbox 2927 3838 3173 3891; x_wconf 83' lang='lat' dir='ltr'><strong>cruciatu</strong></span> <span class='ocrx_word' id='word_1_602' title='bbox 3219 3837 3549 3892; x_wconf 89' lang='lat' dir='ltr'><strong>sublimiori.</strong></span> 
     </span>
    </p>
   </div>
   <div class='ocr_carea' id='block_1_76' title="bbox 567 3948 1932 4022">
    <p class='ocr_par' dir='ltr' id='par_1_76' title="bbox 567 3948 1932 4022">
     <span class='ocr_line' id='line_1_76' title="bbox 567 3948 1932 4022; baseline -0.001 -16"><span class='ocrx_word' id='word_1_603' title='bbox 567 3951 820 4022; x_wconf 73' lang='lat' dir='ltr'><strong>Ejusdem</strong></span> <span class='ocrx_word' id='word_1_604' title='bbox 860 3953 924 4007; x_wconf 80' lang='lat' dir='ltr'><strong>de</strong></span> <span class='ocrx_word' id='word_1_605' title='bbox 969 3952 1213 4021; x_wconf 77' lang='lat' dir='ltr'><strong>dogmate</strong></span> <span class='ocrx_word' id='word_1_606' title='bbox 1245 3961 1293 4004; x_wconf 83' lang='lat' dir='ltr'><strong>et</strong></span> <span class='ocrx_word' id='word_1_607' title='bbox 1342 3950 1678 4004; x_wconf 78' lang='lat' dir='ltr'><strong>ordinatione</strong></span> <span class='ocrx_word' id='word_1_608' title='bbox 1728 3948 1932 4017; x_wconf 76' lang='lat' dir='ltr'><strong>episco-</strong></span> 
     </span>
    </p>
   </div>
   <div class='ocr_carea' id='block_1_77' title="bbox 1164 4037 1369 4089">
    <p class='ocr_par' dir='ltr' id='par_1_77' title="bbox 1164 4037 1369 4089">
     <span class='ocr_line' id='line_1_77' title="bbox 1164 4037 1369 4089; baseline 0.01 -16"><span class='ocrx_word' id='word_1_609' title='bbox 1164 4037 1369 4089; x_wconf 87' lang='lat' dir='ltr'><strong>porum.</strong></span> 
     </span>
    </p>
   </div>
   <div class='ocr_carea' id='block_1_78' title="bbox 534 4109 2042 4181">
    <p class='ocr_par' dir='ltr' id='par_1_78' title="bbox 534 4109 2042 4181">
     <span class='ocr_line' id='line_1_78' title="bbox 534 4109 2042 4181; baseline -0.001 -16"><span class='ocrx_word' id='word_1_610' title='bbox 534 4113 695 4167; x_wconf 90' lang='lat' dir='ltr'><strong>Pater</strong></span> <span class='ocrx_word' id='word_1_611' title='bbox 739 4112 956 4181; x_wconf 90' lang='lat' dir='ltr'><strong>quidem</strong></span> <span class='ocrx_word' id='word_1_612' title='bbox 1006 4112 1127 4166; x_wconf 90' lang='lat' dir='ltr'><strong>sine</strong></span> <span class='ocrx_word' id='word_1_613' title='bbox 1167 4112 1436 4179; x_wconf 87' lang='lat' dir='ltr'><strong>principio</strong></span> <span class='ocrx_word' id='word_1_614' title='bbox 1464 4120 1571 4174; x_wconf 84' lang='lat' dir='ltr'><strong>est,</strong></span> <span class='ocrx_word' id='word_1_615' title='bbox 1621 4120 1675 4164; x_wconf 89' lang='lat' dir='ltr'><strong>et</strong></span> <span class='ocrx_word' id='word_1_616' title='bbox 1709 4109 2042 4179; x_wconf 86' lang='lat' dir='ltr'><strong>principatus</strong></span> 
     </span>
    </p>
   </div>
   <div class='ocr_carea' id='block_1_79' title="bbox 458 4202 2039 4271">
    <p class='ocr_par' dir='ltr' id='par_1_79' title="bbox 458 4202 2039 4271">
     <span class='ocr_line' id='line_1_79' title="bbox 458 4202 2039 4271; baseline -0.001 -14"><span class='ocrx_word' id='word_1_617' title='bbox 458 4216 582 4257; x_wconf 83' lang='lat' dir='ltr'><strong>esse</strong></span> <span class='ocrx_word' id='word_1_618' title='bbox 611 4202 931 4270; x_wconf 80' lang='lat' dir='ltr'><strong>intelligitur</strong></span> <span class='ocrx_word' id='word_1_619' title='bbox 958 4216 1023 4255; x_wconf 84' lang='lat' dir='ltr'><strong>ac</strong></span> <span class='ocrx_word' id='word_1_620' title='bbox 1050 4203 1287 4267; x_wconf 86' lang='lat' dir='ltr'><strong>dicitur;</strong></span> <span class='ocrx_word' id='word_1_621' title='bbox 1319 4202 1664 4271; x_wconf 82' lang='lat' dir='ltr'><strong>principium,</strong></span> <span class='ocrx_word' id='word_1_622' title='bbox 1699 4203 1939 4270; x_wconf 91' lang='lat' dir='ltr'><strong>inquam,</strong></span> <span class='ocrx_word' id='word_1_623' title='bbox 1980 4210 2039 4256; x_wconf 88' lang='lat' dir='ltr'><strong>ut</strong></span> 
     </span>
    </p>
   </div>
   <div class='ocr_carea' id='block_1_80' title="bbox 2161 3946 3723 4020">
    <p class='ocr_par' dir='ltr' id='par_1_80' title="bbox 2161 3946 3723 4020">
     <span class='ocr_line' id='line_1_80' title="bbox 2161 3946 3723 4020; baseline 0.007 -21"><span class='ocrx_word' id='word_1_624' title='bbox 2161 3946 2261 3999; x_wconf 77' lang='grc' dir='ltr'>Ἐκ</span> <span class='ocrx_word' id='word_1_625' title='bbox 2290 3946 2397 3999; x_wconf 84' lang='grc' dir='ltr'>τοῦ</span> <span class='ocrx_word' id='word_1_626' title='bbox 2422 3947 2611 4001; x_wconf 85' lang='grc' dir='ltr'>αὐτοῦ</span> <span class='ocrx_word' id='word_1_627' title='bbox 2640 3949 2830 4020; x_wconf 74' lang='grc' dir='ltr'>λόγου</span> <span class='ocrx_word' id='word_1_628' title='bbox 2858 3948 2966 4002; x_wconf 82' lang='grc' dir='ltr'>τοῦ</span> <span class='ocrx_word' id='word_1_629' title='bbox 2993 3952 3125 4016; x_wconf 71' lang='grc' dir='ltr'>περὶ</span> <span class='ocrx_word' id='word_1_630' title='bbox 3156 3950 3451 4020; x_wconf 77' lang='grc' dir='ltr'>δόγματος</span> <span class='ocrx_word' id='word_1_631' title='bbox 3483 3955 3584 4008; x_wconf 78' lang='grc' dir='ltr'>καί</span> <span class='ocrx_word' id='word_1_632' title='bbox 3612 3973 3723 4011; x_wconf 74' lang='grc' dir='ltr'>κα-</span> 
     </span>
    </p>
   </div>
   <div class='ocr_carea' id='block_1_81' title="bbox 2555 4019 3303 4084">
    <p class='ocr_par' dir='ltr' id='par_1_81' title="bbox 2555 4019 3303 4084">
     <span class='ocr_line' id='line_1_81' title="bbox 2555 4019 3303 4084; baseline 0.007 -14"><span class='ocrx_word' id='word_1_633' title='bbox 2555 4019 2903 4084; x_wconf 78' lang='grc' dir='ltr'>ταστάσεως</span> <span class='ocrx_word' id='word_1_634' title='bbox 2929 4020 3303 4075; x_wconf 81' lang='grc' dir='ltr'>ἐπισκόπων.</span> 
     </span>
    </p>
   </div>
   <div class='ocr_carea' id='block_1_82' title="bbox 2219 4109 3721 4190">
    <p class='ocr_par' dir='ltr' id='par_1_82' title="bbox 2219 4109 3721 4190">
     <span class='ocr_line' id='line_1_82' title="bbox 2219 4109 3721 4190; baseline 0.007 -27"><span class='ocrx_word' id='word_1_635' title='bbox 2219 4109 2433 4180; x_wconf 59' lang='grc' dir='ltr'>Πατρὶς</span> <span class='ocrx_word' id='word_1_636' title='bbox 2463 4111 2582 4179; x_wconf 69' lang='grc' dir='ltr'>μὶν,</span> <span class='ocrx_word' id='word_1_637' title='bbox 2622 4112 2715 4165; x_wconf 75' lang='grc' dir='ltr'>καὶ</span> <span class='ocrx_word' id='word_1_638' title='bbox 2756 4113 3018 4183; x_wconf 80' lang='grc' dir='ltr'>ἀνάρχου,</span> <span class='ocrx_word' id='word_1_639' title='bbox 3060 4116 3158 4169; x_wconf 72' lang='grc' dir='ltr'><strong>καὶ</strong></span> <span class='ocrx_word' id='word_1_640' title='bbox 3189 4118 3363 4187; x_wconf 83' lang='grc' dir='ltr'>ἀρχῆς</span> <span class='ocrx_word' id='word_1_641' title='bbox 3391 4119 3721 4190; x_wconf 83' lang='grc' dir='ltr'>ὲπινοουμέ-</span> 
     </span>
    </p>
   </div>
   <div class='ocr_carea' id='block_1_83' title="bbox 2144 4203 3723 4278">
    <p class='ocr_par' dir='ltr' id='par_1_83' title="bbox 2144 4203 3723 4278">
     <span class='ocr_line' id='line_1_83' title="bbox 2144 4203 3723 4278; baseline 0.006 -25"><span class='ocrx_word' id='word_1_642' title='bbox 2144 4219 2235 4255; x_wconf 89' lang='grc' dir='ltr'><strong>νου</strong></span> <span class='ocrx_word' id='word_1_643' title='bbox 2267 4205 2362 4255; x_wconf 78' lang='grc' dir='ltr'>καὶ</span> <span class='ocrx_word' id='word_1_644' title='bbox 2388 4203 2687 4272; x_wconf 79' lang='grc' dir='ltr'>λεγομένου</span> <span class='ocrx_word' id='word_1_645' title='bbox 2720 4203 2918 4275; x_wconf 82' lang='grc' dir='ltr'>(ἀρχῆς</span> <span class='ocrx_word' id='word_1_646' title='bbox 2946 4206 3024 4269; x_wconf 84' lang='grc' dir='ltr'><strong>δὲ,</strong></span> <span class='ocrx_word' id='word_1_647' title='bbox 3050 4205 3127 4269; x_wconf 85' lang='grc' dir='ltr'><strong>ώς</strong></span> <span class='ocrx_word' id='word_1_648' title='bbox 3156 4208 3359 4272; x_wconf 83' lang='grc' dir='ltr'>αἰτίου,</span> <span class='ocrx_word' id='word_1_649' title='bbox 3385 4210 3477 4261; x_wconf 68' lang='grc' dir='ltr'>καὶ</span> <span class='ocrx_word' id='word_1_650' title='bbox 3508 4212 3586 4274; x_wconf 78' lang='grc' dir='ltr'>ὡς</span> <span class='ocrx_word' id='word_1_651' title='bbox 3613 4230 3723 4278; x_wconf 83' lang='grc' dir='ltr'>πη-</span> 
     </span>
    </p>
   </div>
   <div class='ocr_carea' id='block_1_84' title="bbox 458 4290 2027 4373">
    <p class='ocr_par' dir='ltr' id='par_1_84' title="bbox 458 4290 2027 4362">
     <span class='ocr_line' id='line_1_84' title="bbox 458 4290 2027 4362; baseline 0.001 -16"><span class='ocrx_word' id='word_1_652' title='bbox 458 4306 623 4346; x_wconf 83' lang='lat' dir='ltr'><strong>causa</strong></span> <span class='ocrx_word' id='word_1_653' title='bbox 656 4302 710 4346; x_wconf 90' lang='lat' dir='ltr'><strong>et</strong></span> <span class='ocrx_word' id='word_1_654' title='bbox 765 4291 888 4347; x_wconf 79' lang='lat' dir='ltr'><strong>fons</strong></span> <span class='ocrx_word' id='word_1_655' title='bbox 917 4291 1143 4347; x_wconf 89' lang='lat' dir='ltr'><strong>luminis</strong></span> <span class='ocrx_word' id='word_1_656' title='bbox 1166 4293 1507 4362; x_wconf 91' lang='lat' dir='ltr'><strong>sempiterni.</strong></span> <span class='ocrx_word' id='word_1_657' title='bbox 1539 4290 1712 4346; x_wconf 90' lang='lat' dir='ltr'><strong>Filius</strong></span> <span class='ocrx_word' id='word_1_658' title='bbox 1726 4305 1906 4349; x_wconf 84' lang='lat' dir='ltr'><strong>autem</strong></span> <span class='ocrx_word' id='word_1_659' title='bbox 1931 4309 2027 4347; x_wconf 83' lang='lat' dir='ltr'><strong>non</strong></span> 
     </span>
    </p>
   </div>
   <div class='ocr_carea' id='block_1_85' title="bbox 2129 4290 3725 4373">
    <p class='ocr_par' dir='ltr' id='par_1_85' title="bbox 2142 4295 3725 4373">
     <span class='ocr_line' id='line_1_85' title="bbox 2142 4295 3725 4373; baseline -0.005 -10"><span class='ocrx_word' id='word_1_660' title='bbox 2142 4296 2265 4362; x_wconf 71' lang='grc' dir='ltr'><strong>γῆς,</strong></span> <span class='ocrx_word' id='word_1_661' title='bbox 2307 4296 2403 4348; x_wconf 76' lang='grc' dir='ltr'><strong>καὶ</strong></span> <span class='ocrx_word' id='word_1_662' title='bbox 2444 4295 2520 4357; x_wconf 83' lang='grc' dir='ltr'>ὡς</span> <span class='ocrx_word' id='word_1_663' title='bbox 2569 4296 2743 4348; x_wconf 81' lang='grc' dir='ltr'>ἀϊδίου</span> <span class='ocrx_word' id='word_1_664' title='bbox 2783 4297 2982 4365; x_wconf 75' lang='grc' dir='ltr'>φωτός)</span> <span class='ocrx_word' id='word_1_665' title='bbox 3015 4315 3028 4327; x_wconf 95' lang='grc'><strong>·</strong></span> <span class='ocrx_word' id='word_1_666' title='bbox 3076 4298 3206 4351; x_wconf 84' lang='grc' dir='ltr'>Υίοῦ</span> <span class='ocrx_word' id='word_1_667' title='bbox 3243 4301 3318 4365; x_wconf 79' lang='grc' dir='ltr'><strong>δὲ,</strong></span> <span class='ocrx_word' id='word_1_668' title='bbox 3351 4302 3594 4371; x_wconf 86' lang='grc' dir='ltr'>ἁνάρχου</span> <span class='ocrx_word' id='word_1_669' title='bbox 3622 4306 3725 4373; x_wconf 74' lang='grc' dir='ltr'>μὲν</span> 
     </span>
    </p>
   </div>
   <div class='ocr_carea' id='block_1_86' title="bbox 460 4382 2035 4452">
    <p class='ocr_par' dir='ltr' id='par_1_86' title="bbox 460 4382 2035 4452">
     <span class='ocr_line' id='line_1_86' title="bbox 460 4382 2035 4452; baseline 0 -15"><span class='ocrx_word' id='word_1_670' title='bbox 460 4392 547 4437; x_wconf 86' lang='lat' dir='ltr'><strong>est</strong></span> <span class='ocrx_word' id='word_1_671' title='bbox 583 4382 671 4437; x_wconf 84' lang='lat' dir='ltr'><strong>ille</strong></span> <span class='ocrx_word' id='word_1_672' title='bbox 710 4383 928 4451; x_wconf 76' lang='lat' dir='ltr'><strong>quidem</strong></span> <span class='ocrx_word' id='word_1_673' title='bbox 991 4384 1217 4437; x_wconf 92' lang='lat' dir='ltr'><strong>omnino</strong></span> <span class='ocrx_word' id='word_1_674' title='bbox 1248 4385 1365 4437; x_wconf 91' lang='lat' dir='ltr'><strong>sine</strong></span> <span class='ocrx_word' id='word_1_675' title='bbox 1404 4383 1672 4452; x_wconf 87' lang='lat' dir='ltr'><strong>principo,</strong></span> <span class='ocrx_word' id='word_1_676' title='bbox 1706 4383 1799 4438; x_wconf 92' lang='lat' dir='ltr'><strong>sed</strong></span> <span class='ocrx_word' id='word_1_677' title='bbox 1855 4394 2035 4438; x_wconf 88' lang='lat' dir='ltr'><strong>tamen</strong></span> 
     </span>
    </p>
   </div>
   <div class='ocr_carea' id='block_1_87' title="bbox 459 4474 2038 4544">
    <p class='ocr_par' dir='ltr' id='par_1_87' title="bbox 459 4474 2038 4544">
     <span class='ocr_line' id='line_1_87' title="bbox 459 4474 2038 4544; baseline 0.001 -18"><span class='ocrx_word' id='word_1_678' title='bbox 459 4482 541 4529; x_wconf 82' lang='lat' dir='ltr'><strong>est</strong></span> <span class='ocrx_word' id='word_1_679' title='bbox 572 4488 752 4528; x_wconf 90' lang='lat' dir='ltr'><strong>rerum</strong></span> <span class='ocrx_word' id='word_1_680' title='bbox 782 4474 1021 4527; x_wconf 88' lang='lat' dir='ltr'><strong>onmium</strong></span> <span class='ocrx_word' id='word_1_681' title='bbox 1056 4474 1385 4543; x_wconf 89' lang='lat' dir='ltr'><strong>principium</strong></span> <span class='ocrx_word' id='word_1_682' title='bbox 1414 4493 1429 4540; x_wconf 87' lang='lat'><strong>;</strong></span> <span class='ocrx_word' id='word_1_683' title='bbox 1490 4475 1813 4544; x_wconf 91' lang='lat' dir='ltr'><strong>principium</strong></span> <span class='ocrx_word' id='word_1_684' title='bbox 1875 4491 2038 4544; x_wconf 86' lang='lat' dir='ltr'><strong>porro</strong></span> 
     </span>
    </p>
   </div>
   <div class='ocr_carea' id='block_1_88' title="bbox 462 4566 2037 4638">
    <p class='ocr_par' dir='ltr' id='par_1_88' title="bbox 462 4566 2037 4638">
     <span class='ocr_line' id='line_1_88' title="bbox 462 4566 2037 4638; baseline -0.001 -18"><span class='ocrx_word' id='word_1_685' title='bbox 462 4581 587 4620; x_wconf 90' lang='lat' dir='ltr'><strong>cum</strong></span> <span class='ocrx_word' id='word_1_686' title='bbox 618 4566 763 4631; x_wconf 89' lang='lat' dir='ltr'><strong>dico,</strong></span> <span class='ocrx_word' id='word_1_687' title='bbox 797 4582 866 4620; x_wconf 89' lang='lat' dir='ltr'><strong>ne</strong></span> <span class='ocrx_word' id='word_1_688' title='bbox 910 4576 1124 4634; x_wconf 89' lang='lat' dir='ltr'><strong>tempus</strong></span> <span class='ocrx_word' id='word_1_689' title='bbox 1159 4566 1479 4632; x_wconf 87' lang='lat' dir='ltr'><strong>interjicias,</strong></span> <span class='ocrx_word' id='word_1_690' title='bbox 1516 4583 1615 4621; x_wconf 92' lang='lat' dir='ltr'><strong>nec</strong></span> <span class='ocrx_word' id='word_1_691' title='bbox 1639 4568 1782 4621; x_wconf 88' lang='lat' dir='ltr'><strong>inter</strong></span> <span class='ocrx_word' id='word_1_692' title='bbox 1827 4569 2037 4638; x_wconf 85' lang='lat' dir='ltr'><strong>genito-</strong></span> 
     </span>
    </p>
   </div>
   <div class='ocr_carea' id='block_1_89' title="bbox 459 4657 2040 4729">
    <p class='ocr_par' dir='ltr' id='par_1_89' title="bbox 459 4657 2040 4729">
     <span class='ocr_line' id='line_1_89' title="bbox 459 4657 2040 4729; baseline -0.001 -18"><span class='ocrx_word' id='word_1_693' title='bbox 459 4672 575 4711; x_wconf 89' lang='lat' dir='ltr'><strong>rem</strong></span> <span class='ocrx_word' id='word_1_694' title='bbox 613 4667 665 4711; x_wconf 88' lang='lat' dir='ltr'><strong>ct</strong></span> <span class='ocrx_word' id='word_1_695' title='bbox 692 4659 941 4728; x_wconf 87' lang='lat' dir='ltr'><strong>genitum</strong></span> <span class='ocrx_word' id='word_1_696' title='bbox 980 4657 1215 4711; x_wconf 88' lang='lat' dir='ltr'><strong>medium</strong></span> <span class='ocrx_word' id='word_1_697' title='bbox 1250 4657 1453 4724; x_wconf 86' lang='lat' dir='ltr'><strong>aliquid</strong></span> <span class='ocrx_word' id='word_1_698' title='bbox 1479 4660 1921 4719; x_wconf 86' lang='lat' dir='ltr'><strong>constituas.nec</strong></span> <span class='ocrx_word' id='word_1_699' title='bbox 1946 4674 2040 4729; x_wconf 87' lang='lat' dir='ltr'><strong>per</strong></span> 
     </span>
    </p>
   </div>
   <div class='ocr_carea' id='block_1_90' title="bbox 460 4750 2035 4821">
    <p class='ocr_par' dir='ltr' id='par_1_90' title="bbox 460 4750 2035 4821">
     <span class='ocr_line' id='line_1_90' title="bbox 460 4750 2035 4821; baseline -0.003 -16"><span class='ocrx_word' id='word_1_700' title='bbox 460 4753 535 4817; x_wconf 88' lang='lat' dir='ltr'><strong>id,</strong></span> <span class='ocrx_word' id='word_1_701' title='bbox 563 4752 705 4821; x_wconf 89' lang='lat' dir='ltr'><strong>quod</strong></span> <span class='ocrx_word' id='word_1_702' title='bbox 766 4751 910 4804; x_wconf 88' lang='lat' dir='ltr'><strong>inter</strong></span> <span class='ocrx_word' id='word_1_703' title='bbox 936 4765 1022 4814; x_wconf 87' lang='lat' dir='ltr'><strong>ea,</strong></span> <span class='ocrx_word' id='word_1_704' title='bbox 1060 4765 1179 4817; x_wconf 77' lang='lat' dir='ltr'><strong>qua:</strong></span> <span class='ocrx_word' id='word_1_705' title='bbox 1219 4750 1466 4803; x_wconf 83' lang='lat' dir='ltr'><strong>eamdem</strong></span> <span class='ocrx_word' id='word_1_706' title='bbox 1519 4751 1879 4804; x_wconf 71' lang='lat' dir='ltr'><strong>mlernitatem</strong></span> <span class='ocrx_word' id='word_1_707' title='bbox 1941 4752 2035 4801; x_wconf 85' lang='lat' dir='ltr'><strong>ha-</strong></span> 
     </span>
    </p>
   </div>
   <div class='ocr_carea' id='block_1_91' title="bbox 458 4840 2035 4911">
    <p class='ocr_par' dir='ltr' id='par_1_91' title="bbox 458 4840 2035 4911">
     <span class='ocr_line' id='line_1_91' title="bbox 458 4840 2035 4911; baseline -0.004 -14"><span class='ocrx_word' id='word_1_708' title='bbox 458 4843 609 4903; x_wconf 87' lang='lat' dir='ltr'><strong>bent.</strong></span> <span class='ocrx_word' id='word_1_709' title='bbox 643 4850 696 4895; x_wconf 90' lang='lat' dir='ltr'><strong>et</strong></span> <span class='ocrx_word' id='word_1_710' title='bbox 732 4841 1020 4911; x_wconf 80' lang='lat' dir='ltr'><strong>conjuncta</strong></span> <span class='ocrx_word' id='word_1_711' title='bbox 1058 4850 1206 4905; x_wconf 83' lang='lat' dir='ltr'><strong>sunt,</strong></span> <span class='ocrx_word' id='word_1_712' title='bbox 1245 4840 1382 4895; x_wconf 88' lang='lat' dir='ltr'><strong>male</strong></span> <span class='ocrx_word' id='word_1_713' title='bbox 1430 4841 1749 4909; x_wconf 81' lang='lat' dir='ltr'><strong>interponis,</strong></span> <span class='ocrx_word' id='word_1_714' title='bbox 1782 4850 2035 4893; x_wconf 88' lang='lat' dir='ltr'><strong>naturam</strong></span> 
     </span>
    </p>
   </div>
   <div class='ocr_carea' id='block_1_92' title="bbox 459 4930 2035 5002">
    <p class='ocr_par' dir='ltr' id='par_1_92' title="bbox 459 4930 2035 5002">
     <span class='ocr_line' id='line_1_92' title="bbox 459 4930 2035 5002; baseline -0.001 -14"><span class='ocrx_word' id='word_1_715' title='bbox 459 4933 695 4988; x_wconf 87' lang='lat' dir='ltr'><strong>dividas.</strong></span> <span class='ocrx_word' id='word_1_716' title='bbox 730 4930 865 4986; x_wconf 86' lang='lat' dir='ltr'><strong>Nam</strong></span> <span class='ocrx_word' id='word_1_717' title='bbox 908 4933 952 4987; x_wconf 89' lang='lat' dir='ltr'><strong>si</strong></span> <span class='ocrx_word' id='word_1_718' title='bbox 988 4943 1201 5001; x_wconf 87' lang='lat' dir='ltr'><strong>tempus</strong></span> <span class='ocrx_word' id='word_1_719' title='bbox 1232 4932 1368 4988; x_wconf 75' lang='lat' dir='ltr'><strong>Filio</strong></span> <span class='ocrx_word' id='word_1_720' title='bbox 1402 4943 1486 4985; x_wconf 89' lang='lat' dir='ltr'><strong>est</strong></span> <span class='ocrx_word' id='word_1_721' title='bbox 1538 4931 1843 5002; x_wconf 88' lang='lat' dir='ltr'><strong>antiquius,</strong></span> <span class='ocrx_word' id='word_1_722' title='bbox 1886 4932 2035 4986; x_wconf 90' lang='lat' dir='ltr'><strong>illius</strong></span> 
     </span>
    </p>
   </div>
   <div class='ocr_carea' id='block_1_93' title="bbox 398 5023 2035 5095">
    <p class='ocr_par' dir='ltr' id='par_1_93' title="bbox 398 5023 2035 5095">
     <span class='ocr_line' id='line_1_93' title="bbox 398 5023 2035 5095; baseline -0.004 -14"><span class='ocrx_word' id='word_1_723' title='bbox 398 5040 410 5056; x_wconf 75' lang='grc' dir='ltr'><strong><em>ο</em></strong></span> <span class='ocrx_word' id='word_1_724' title='bbox 456 5026 646 5095; x_wconf 82' lang='lat' dir='ltr'><strong>procul</strong></span> <span class='ocrx_word' id='word_1_725' title='bbox 671 5025 832 5081; x_wconf 88' lang='lat' dir='ltr'><strong>dubio</strong></span> <span class='ocrx_word' id='word_1_726' title='bbox 857 5025 1092 5095; x_wconf 90' lang='lat' dir='ltr'><strong>primum</strong></span> <span class='ocrx_word' id='word_1_727' title='bbox 1113 5026 1275 5081; x_wconf 87' lang='lat' dir='ltr'><strong>Pater</strong></span> <span class='ocrx_word' id='word_1_728' title='bbox 1300 5040 1461 5081; x_wconf 88' lang='lat' dir='ltr'><strong>causa</strong></span> <span class='ocrx_word' id='word_1_729' title='bbox 1491 5023 1655 5079; x_wconf 83' lang='lat' dir='ltr'><strong>fuerit</strong></span> <span class='ocrx_word' id='word_1_730' title='bbox 1684 5038 1908 5078; x_wconf 88' lang='lat' dir='ltr'><strong>necesse</strong></span> <span class='ocrx_word' id='word_1_731' title='bbox 1929 5031 2035 5078; x_wconf 79' lang='lat' dir='ltr'><strong>est.</strong></span> 
     </span>
    </p>
   </div>
   <div class='ocr_carea' id='block_1_94' title="bbox 459 5115 2036 5189">
    <p class='ocr_par' dir='ltr' id='par_1_94' title="bbox 459 5115 2036 5189">
     <span class='ocr_line' id='line_1_94' title="bbox 459 5115 2036 5189; baseline -0.002 -18"><span class='ocrx_word' id='word_1_732' title='bbox 459 5118 614 5183; x_wconf 83' lang='lat' dir='ltr'><strong>Quod</strong></span> <span class='ocrx_word' id='word_1_733' title='bbox 639 5117 683 5172; x_wconf 87' lang='lat' dir='ltr'><strong>si</strong></span> <span class='ocrx_word' id='word_1_734' title='bbox 715 5120 787 5173; x_wconf 86' lang='lat' dir='ltr'><strong>ita</strong></span> <span class='ocrx_word' id='word_1_735' title='bbox 844 5128 946 5185; x_wconf 90' lang='lat' dir='ltr'><strong>est,</strong></span> <span class='ocrx_word' id='word_1_736' title='bbox 981 5134 1087 5189; x_wconf 89' lang='lat' dir='ltr'><strong>quo</strong></span> <span class='ocrx_word' id='word_1_737' title='bbox 1119 5120 1334 5174; x_wconf 87' lang='lat' dir='ltr'><strong>tandem</strong></span> <span class='ocrx_word' id='word_1_738' title='bbox 1382 5121 1544 5173; x_wconf 84' lang='lat' dir='ltr'><strong>modo</strong></span> <span class='ocrx_word' id='word_1_739' title='bbox 1592 5127 1895 5187; x_wconf 89' lang='lat' dir='ltr'><strong>temporum</strong></span> <span class='ocrx_word' id='word_1_740' title='bbox 1956 5115 2036 5171; x_wconf 77' lang='lat' dir='ltr'><strong>fa-</strong></span> 
     </span>
    </p>
   </div>
   <div class='ocr_carea' id='block_1_95' title="bbox 458 5209 2036 5281">
    <p class='ocr_par' dir='ltr' id='par_1_95' title="bbox 458 5209 2036 5281">
     <span class='ocr_line' id='line_1_95' title="bbox 458 5209 2036 5281; baseline -0.001 -19"><span class='ocrx_word' id='word_1_741' title='bbox 458 5218 579 5262; x_wconf 89' lang='lat' dir='ltr'><strong>ctor</strong></span> <span class='ocrx_word' id='word_1_742' title='bbox 603 5210 707 5263; x_wconf 88' lang='lat' dir='ltr'><strong>erit</strong></span> <span class='ocrx_word' id='word_1_743' title='bbox 736 5211 779 5274; x_wconf 88' lang='lat'><strong>&#39;,</strong></span> <span class='ocrx_word' id='word_1_744' title='bbox 818 5212 907 5280; x_wconf 91' lang='lat' dir='ltr'><strong>qui</strong></span> <span class='ocrx_word' id='word_1_745' title='bbox 950 5210 1051 5265; x_wconf 91' lang='lat' dir='ltr'><strong>sub</strong></span> <span class='ocrx_word' id='word_1_746' title='bbox 1082 5223 1291 5281; x_wconf 88' lang='lat' dir='ltr'><strong>tempus</strong></span> <span class='ocrx_word' id='word_1_747' title='bbox 1316 5210 1498 5265; x_wconf 80' lang='lat' dir='ltr'><strong>cadit?</strong></span> <span class='ocrx_word' id='word_1_748' title='bbox 1532 5210 1651 5277; x_wconf 83' lang='lat' dir='ltr'><strong>Quo</strong></span> <span class='ocrx_word' id='word_1_749' title='bbox 1692 5209 1820 5264; x_wconf 88' lang='lat' dir='ltr'><strong>itctu</strong></span> <span class='ocrx_word' id='word_1_750' title='bbox 1879 5210 2036 5263; x_wconf 86' lang='lat' dir='ltr'><strong>modo</strong></span> 
     </span>
    </p>
   </div>
   <div class='ocr_carea' id='block_1_96' title="bbox 461 5301 2032 5372">
    <p class='ocr_par' dir='ltr' id='par_1_96' title="bbox 461 5301 2032 5372">
     <span class='ocr_line' id='line_1_96' title="bbox 461 5301 2032 5372; baseline -0.001 -18"><span class='ocrx_word' id='word_1_751' title='bbox 461 5301 724 5358; x_wconf 88' lang='lat' dir='ltr'><strong>Dominus</strong></span> <span class='ocrx_word' id='word_1_752' title='bbox 755 5305 995 5357; x_wconf 88' lang='lat' dir='ltr'><strong>ouminm</strong></span> <span class='ocrx_word' id='word_1_753' title='bbox 1032 5303 1074 5367; x_wconf 86' lang='grc'>⁸,</span> <span class='ocrx_word' id='word_1_754' title='bbox 1114 5303 1157 5358; x_wconf 88' lang='lat' dir='ltr'><strong>si</strong></span> <span class='ocrx_word' id='word_1_755' title='bbox 1220 5318 1342 5356; x_wconf 90' lang='lat' dir='ltr'><strong>eum</strong></span> <span class='ocrx_word' id='word_1_756' title='bbox 1412 5313 1621 5372; x_wconf 85' lang='lat' dir='ltr'><strong>tempus</strong></span> <span class='ocrx_word' id='word_1_757' title='bbox 1663 5302 2032 5371; x_wconf 64' lang='lat' dir='ltr'><strong>praecesserit,</strong></span> 
     </span>
    </p>
   </div>
   <div class='ocr_carea' id='block_1_97' title="bbox 455 5390 2030 5461">
    <p class='ocr_par' dir='ltr' id='par_1_97' title="bbox 455 5390 2030 5461">
     <span class='ocr_line' id='line_1_97' title="bbox 455 5390 2030 5461; baseline 0.003 -19"><span class='ocrx_word' id='word_1_758' title='bbox 455 5392 618 5460; x_wconf 83' lang='lat' dir='ltr'><strong>eique</strong></span> <span class='ocrx_word' id='word_1_759' title='bbox 652 5393 999 5447; x_wconf 75' lang='lat' dir='ltr'><strong>dominetur?</strong></span> <span class='ocrx_word' id='word_1_760' title='bbox 1021 5392 1283 5461; x_wconf 85' lang='lat' dir='ltr'><strong>Principii</strong></span> <span class='ocrx_word' id='word_1_761' title='bbox 1320 5393 1487 5460; x_wconf 79' lang='lat' dir='ltr'><strong>igitur</strong></span> <span class='ocrx_word' id='word_1_762' title='bbox 1504 5407 1703 5460; x_wconf 81' lang='lat' dir='ltr'><strong>expers</strong></span> <span class='ocrx_word' id='word_1_763' title='bbox 1723 5402 1805 5446; x_wconf 84' lang='lat' dir='ltr'><strong>est</strong></span> <span class='ocrx_word' id='word_1_764' title='bbox 1826 5390 1982 5444; x_wconf 81' lang='lat' dir='ltr'><strong>Pater</strong></span> <span class='ocrx_word' id='word_1_765' title='bbox 2015 5406 2030 5447; x_wconf 88' lang='lat'><strong>:</strong></span> 
     </span>
    </p>
   </div>
   <div class='ocr_carea' id='block_1_98' title="bbox 462 5480 2030 5550">
    <p class='ocr_par' dir='ltr' id='par_1_98' title="bbox 462 5480 2030 5550">
     <span class='ocr_line' id='line_1_98' title="bbox 462 5480 2030 5550; baseline 0.002 -18"><span class='ocrx_word' id='word_1_766' title='bbox 462 5496 565 5536; x_wconf 88' lang='lat' dir='ltr'><strong>nec</strong></span> <span class='ocrx_word' id='word_1_767' title='bbox 592 5483 736 5537; x_wconf 87' lang='lat' dir='ltr'><strong>enim</strong></span> <span class='ocrx_word' id='word_1_768' title='bbox 768 5485 1007 5547; x_wconf 87' lang='lat' dir='ltr'><strong>aliunde,</strong></span> <span class='ocrx_word' id='word_1_769' title='bbox 1037 5498 1140 5538; x_wconf 92' lang='lat' dir='ltr'><strong>uec</strong></span> <span class='ocrx_word' id='word_1_770' title='bbox 1174 5498 1205 5537; x_wconf 88' lang='lat' dir='ltr'><strong>a</strong></span> <span class='ocrx_word' id='word_1_771' title='bbox 1240 5499 1300 5538; x_wconf 80' lang='lat' dir='ltr'><strong>se</strong></span> <span class='ocrx_word' id='word_1_772' title='bbox 1337 5484 1455 5550; x_wconf 83' lang='lat' dir='ltr'><strong>ipso</strong></span> <span class='ocrx_word' id='word_1_773' title='bbox 1475 5497 1596 5537; x_wconf 85' lang='lat' dir='ltr'><strong>esse</strong></span> <span class='ocrx_word' id='word_1_774' title='bbox 1631 5483 1816 5536; x_wconf 89' lang='lat' dir='ltr'><strong>habet.</strong></span> <span class='ocrx_word' id='word_1_775' title='bbox 1854 5480 2030 5535; x_wconf 78' lang='lat' dir='ltr'><strong>Filius</strong></span> 
     </span>
    </p>
   </div>
   <div class='ocr_carea' id='block_1_99' title="bbox 461 5574 2031 5643">
    <p class='ocr_par' dir='ltr' id='par_1_99' title="bbox 461 5574 2031 5643">
     <span class='ocr_line' id='line_1_99' title="bbox 461 5574 2031 5643; baseline 0.001 -18"><span class='ocrx_word' id='word_1_776' title='bbox 461 5581 667 5637; x_wconf 84' lang='lat' dir='ltr'><strong>autem,</strong></span> <span class='ocrx_word' id='word_1_777' title='bbox 698 5576 743 5630; x_wconf 86' lang='lat' dir='ltr'><strong>si</strong></span> <span class='ocrx_word' id='word_1_778' title='bbox 775 5576 988 5643; x_wconf 87' lang='lat' dir='ltr'><strong>quidem</strong></span> <span class='ocrx_word' id='word_1_779' title='bbox 1022 5574 1236 5630; x_wconf 86' lang='lat' dir='ltr'><strong>Patrem</strong></span> <span class='ocrx_word' id='word_1_780' title='bbox 1271 5583 1329 5629; x_wconf 91' lang='lat' dir='ltr'><strong>ut</strong></span> <span class='ocrx_word' id='word_1_781' title='bbox 1360 5590 1580 5631; x_wconf 88' lang='lat' dir='ltr'><strong>causam</strong></span> <span class='ocrx_word' id='word_1_782' title='bbox 1618 5575 1877 5643; x_wconf 77' lang='lat' dir='ltr'><strong>accipias,</strong></span> <span class='ocrx_word' id='word_1_783' title='bbox 1940 5587 2031 5627; x_wconf 59' lang='lat' dir='ltr'><strong>ne.</strong></span> 
     </span>
    </p>
   </div>
   <div class='ocr_carea' id='block_1_100' title="bbox 529 5688 2027 5813">
    <p class='ocr_par' dir='ltr' id='par_1_100' title="bbox 529 5688 2027 5813">
     <span class='ocr_line' id='line_1_100' title="bbox 529 5688 2027 5759; baseline -0.001 -16"><span class='ocrx_word' id='word_1_784' title='bbox 529 5692 544 5720; x_wconf 81' lang='grc'>⁸</span> <span class='ocrx_word' id='word_1_785' title='bbox 575 5688 729 5745; x_wconf 79' lang='lat' dir='ltr'><strong>Joan.</strong></span> <span class='ocrx_word' id='word_1_786' title='bbox 770 5710 823 5753; x_wconf 77' lang='grc' dir='ltr'>ιι.</span> <span class='ocrx_word' id='word_1_787' title='bbox 862 5695 958 5759; x_wconf 88' lang='lat' dir='ltr'><strong>l8;</strong></span> <span class='ocrx_word' id='word_1_788' title='bbox 993 5709 1079 5759; x_wconf 76' lang='lat' dir='ltr'><strong>xv,</strong></span> <span class='ocrx_word' id='word_1_789' title='bbox 1120 5694 1229 5757; x_wconf 71' lang='lat'><strong>10;</strong></span> <span class='ocrx_word' id='word_1_790' title='bbox 1262 5709 1376 5755; x_wconf 77' lang='lat' dir='ltr'>VIII.</span> <span class='ocrx_word' id='word_1_791' title='bbox 1417 5693 1508 5749; x_wconf 61' lang='lat' dir='ltr'><strong>Q9.</strong></span> <span class='ocrx_word' id='word_1_792' title='bbox 1587 5695 1606 5724; x_wconf 79' lang='lat'><strong><em>‘</em></strong></span> <span class='ocrx_word' id='word_1_793' title='bbox 1645 5692 1807 5746; x_wconf 85' lang='lat' dir='ltr'><strong>llebr.</strong></span> <span class='ocrx_word' id='word_1_794' title='bbox 1837 5706 1886 5752; x_wconf 84' lang='grc' dir='ltr'><strong>ν,</strong></span> <span class='ocrx_word' id='word_1_795' title='bbox 1922 5690 1953 5743; x_wconf 89' lang='grc'>9</span> <span class='ocrx_word' id='word_1_796' title='bbox 2013 5704 2027 5741; x_wconf 77' lang='grc' dir='ltr'>ε</span> 
     </span>
     <span class='ocr_line' id='line_1_101' title="bbox 535 5757 2021 5813; baseline 0 0"><span class='ocrx_word' id='word_1_797' title='bbox 535 5800 548 5813; x_wconf 94' lang='grc'><strong>.</strong></span> <span class='ocrx_word' id='word_1_798' title='bbox 590 5774 649 5813; x_wconf 90' lang='grc' dir='ltr'><strong>ιι.</strong></span> <span class='ocrx_word' id='word_1_799' title='bbox 678 5761 764 5813; x_wconf 69' lang='grc'><strong>20.</strong></span> <span class='ocrx_word' id='word_1_800' title='bbox 844 5766 862 5793; x_wconf 76' lang='grc'>⁸</span> <span class='ocrx_word' id='word_1_801' title='bbox 896 5763 1027 5813; x_wconf 87' lang='lat' dir='ltr'><strong>Luc.</strong></span> <span class='ocrx_word' id='word_1_802' title='bbox 1065 5780 1197 5813; x_wconf 75' lang='lat' dir='ltr'><strong>uti.</strong></span> <span class='ocrx_word' id='word_1_803' title='bbox 1236 5765 1303 5813; x_wconf 69' lang='lat'><strong>41</strong></span> <span class='ocrx_word' id='word_1_804' title='bbox 1356 5780 1470 5813; x_wconf 82' lang='lat' dir='ltr'><strong>seu.</strong></span> <span class='ocrx_word' id='word_1_805' title='bbox 1547 5764 1565 5794; x_wconf 92' lang='grc'><strong>⁷</strong></span> <span class='ocrx_word' id='word_1_806' title='bbox 1595 5761 1761 5813; x_wconf 82' lang='lat' dir='ltr'><strong>Hebr.</strong></span> <span class='ocrx_word' id='word_1_807' title='bbox 1797 5777 1836 5813; x_wconf 86' lang='grc' dir='ltr'><strong>ι.</strong></span> <span class='ocrx_word' id='word_1_808' title='bbox 1867 5763 1920 5813; x_wconf 72' lang='lat'><strong>2.</strong></span> <span class='ocrx_word' id='word_1_809' title='bbox 2001 5757 2021 5788; x_wconf 85' lang='grc'>⁸</span> 
     </span>
    </p>
   </div>
   <div class='ocr_carea' id='block_1_101' title="bbox 2129 5688 2406 5813">
    <p class='ocr_par' dir='ltr' id='par_1_101' title="bbox 2129 5688 2406 5813">
     <span class='ocr_line' id='line_1_102' title="bbox 2129 5688 2406 5755; baseline -0.011 -14"><span class='ocrx_word' id='word_1_810' title='bbox 2129 5702 2251 5755; x_wconf 87' lang='lat' dir='ltr'><strong>eqq.</strong></span> <span class='ocrx_word' id='word_1_811' title='bbox 2330 5688 2406 5739; x_wconf 70' lang='lat' dir='ltr'><strong>&#39;l?</strong></span> 
     </span>
     <span class='ocr_line' id='line_1_103' title="bbox 2129 5758 2406 5813; baseline -0.007 -3"><span class='ocrx_word' id='word_1_812' title='bbox 2129 5775 2215 5811; x_wconf 84' lang='lat' dir='ltr'><strong>un.</strong></span> <span class='ocrx_word' id='word_1_813' title='bbox 2252 5773 2306 5813; x_wconf 66' lang='grc' dir='ltr'>ς.</span> <span class='ocrx_word' id='word_1_814' title='bbox 2344 5758 2406 5810; x_wconf 74' lang='grc'><strong>12</strong></span> 
     </span>
    </p>
   </div>
   <div class='ocr_carea' id='block_1_102' title="bbox 2181 5776 2429 5823">
    <p class='ocr_par' dir='ltr' id='par_1_102' title="bbox 2181 5776 2429 5823">
     <span class='ocr_line' id='line_1_104' title="bbox 2181 5776 2429 5823; baseline 0.008 -12"><span class='ocrx_word' id='word_1_815' title='bbox 2181 5776 2215 5811; x_wconf 88' lang='grc' dir='ltr'><strong>ι.</strong></span> <span class='ocrx_word' id='word_1_816' title='bbox 2252 5776 2306 5823; x_wconf 74' lang='lat' dir='ltr'><strong>x,</strong></span> <span class='ocrx_word' id='word_1_817' title='bbox 2344 5776 2429 5813; x_wconf 70' lang='lat' dir='ltr'><strong>xz.</strong></span> 
     </span>
    </p>
   </div>
   <div class='ocr_carea' id='block_1_103' title="bbox 454 5758 1920 5833">
    <p class='ocr_par' dir='ltr' id='par_1_103' title="bbox 454 5758 1920 5833">
     <span class='ocr_line' id='line_1_105' title="bbox 454 5758 1920 5833; baseline 0.001 -21"><span class='ocrx_word' id='word_1_818' title='bbox 454 5758 548 5815; x_wconf 84' lang='lat' dir='ltr'><strong>lat.</strong></span> <span class='ocrx_word' id='word_1_819' title='bbox 590 5774 649 5823; x_wconf 90' lang='grc' dir='ltr'><strong>ιι,</strong></span> <span class='ocrx_word' id='word_1_820' title='bbox 678 5761 764 5816; x_wconf 70' lang='grc'><strong>20.</strong></span> <span class='ocrx_word' id='word_1_821' title='bbox 844 5766 862 5793; x_wconf 77' lang='grc'>⁸</span> <span class='ocrx_word' id='word_1_822' title='bbox 896 5763 1027 5817; x_wconf 88' lang='lat' dir='ltr'><strong>Luc.</strong></span> <span class='ocrx_word' id='word_1_823' title='bbox 1065 5758 1197 5829; x_wconf 66' lang='lat' dir='ltr'><strong>un,</strong></span> <span class='ocrx_word' id='word_1_824' title='bbox 1236 5765 1303 5817; x_wconf 63' lang='lat' dir='ltr'><strong>ii</strong></span> <span class='ocrx_word' id='word_1_825' title='bbox 1356 5780 1470 5833; x_wconf 84' lang='lat' dir='ltr'><strong>seq.</strong></span> <span class='ocrx_word' id='word_1_826' title='bbox 1547 5764 1565 5794; x_wconf 91' lang='grc'><strong>⁷</strong></span> <span class='ocrx_word' id='word_1_827' title='bbox 1595 5761 1761 5817; x_wconf 84' lang='lat' dir='ltr'><strong>Hebr.</strong></span> <span class='ocrx_word' id='word_1_828' title='bbox 1797 5777 1836 5815; x_wconf 90' lang='grc' dir='ltr'><strong>ι.</strong></span> <span class='ocrx_word' id='word_1_829' title='bbox 1867 5763 1920 5813; x_wconf 73' lang='lat'><strong>2.</strong></span> 
     </span>
    </p>
   </div>
   <div class='ocr_carea' id='block_1_104' title="bbox 2140 4387 3721 4461">
    <p class='ocr_par' dir='ltr' id='par_1_104' title="bbox 2140 4387 3721 4461">
     <span class='ocr_line' id='line_1_106' title="bbox 2140 4387 3721 4461; baseline 0.005 -23"><span class='ocrx_word' id='word_1_830' title='bbox 2140 4387 2413 4457; x_wconf 83' lang='grc' dir='ltr'>οὐδαμῶς,</span> <span class='ocrx_word' id='word_1_831' title='bbox 2452 4389 2627 4459; x_wconf 82' lang='grc' dir='ltr'>ἀρχῆς</span> <span class='ocrx_word' id='word_1_832' title='bbox 2660 4389 2717 4441; x_wconf 81' lang='grc' dir='ltr'>δὲ</span> <span class='ocrx_word' id='word_1_833' title='bbox 2758 4392 2866 4442; x_wconf 80' lang='grc' dir='ltr'><strong>τῶν</strong></span> <span class='ocrx_word' id='word_1_834' title='bbox 2896 4391 3036 4444; x_wconf 77' lang='grc' dir='ltr'>ὅλων</span> <span class='ocrx_word' id='word_1_835' title='bbox 3060 4409 3072 4422; x_wconf 90' lang='grc'><strong>·</strong></span> <span class='ocrx_word' id='word_1_836' title='bbox 3104 4392 3276 4461; x_wconf 78' lang='grc' dir='ltr'>ἀρχὴν</span> <span class='ocrx_word' id='word_1_837' title='bbox 3306 4393 3364 4446; x_wconf 81' lang='grc' dir='ltr'>δὲ</span> <span class='ocrx_word' id='word_1_838' title='bbox 3388 4396 3519 4447; x_wconf 83' lang='grc' dir='ltr'>ὅταν</span> <span class='ocrx_word' id='word_1_839' title='bbox 3556 4396 3721 4459; x_wconf 70' lang='grc' dir='ltr'>εἴπω,</span> 
     </span>
    </p>
   </div>
   <div class='ocr_carea' id='block_1_105' title="bbox 2142 4478 3725 4557">
    <p class='ocr_par' dir='ltr' id='par_1_105' title="bbox 2142 4478 3725 4557">
     <span class='ocr_line' id='line_1_107' title="bbox 2142 4478 3725 4557; baseline 0.007 -28"><span class='ocrx_word' id='word_1_840' title='bbox 2142 4478 2216 4546; x_wconf 82' lang='grc' dir='ltr'>μὴ</span> <span class='ocrx_word' id='word_1_841' title='bbox 2261 4479 2451 4548; x_wconf 85' lang='grc' dir='ltr'>χρόνον</span> <span class='ocrx_word' id='word_1_842' title='bbox 2489 4480 2786 4549; x_wconf 80' lang='grc' dir='ltr'>παρενθῇς,</span> <span class='ocrx_word' id='word_1_843' title='bbox 2823 4482 2957 4552; x_wconf 82' lang='grc' dir='ltr'>μηδὲ</span> <span class='ocrx_word' id='word_1_844' title='bbox 3011 4485 3176 4553; x_wconf 79' lang='grc' dir='ltr'>μέσον</span> <span class='ocrx_word' id='word_1_845' title='bbox 3207 4502 3258 4537; x_wconf 88' lang='grc' dir='ltr'><strong>τι</strong></span> <span class='ocrx_word' id='word_1_846' title='bbox 3296 4486 3465 4557; x_wconf 77' lang='grc' dir='ltr'>τάξῃς</span> <span class='ocrx_word' id='word_1_847' title='bbox 3498 4488 3590 4540; x_wconf 81' lang='grc' dir='ltr'>τοῦ</span> <span class='ocrx_word' id='word_1_848' title='bbox 3625 4506 3725 4554; x_wconf 86' lang='grc' dir='ltr'>γε-</span> 
     </span>
    </p>
   </div>
   <div class='ocr_carea' id='block_1_106' title="bbox 2138 4572 3723 4650">
    <p class='ocr_par' dir='ltr' id='par_1_106' title="bbox 2138 4572 3723 4650">
     <span class='ocr_line' id='line_1_108' title="bbox 2138 4572 3723 4650; baseline 0.003 -29"><span class='ocrx_word' id='word_1_849' title='bbox 2138 4573 2460 4638; x_wconf 77' lang='grc' dir='ltr'>γεννηκότος</span> <span class='ocrx_word' id='word_1_850' title='bbox 2506 4572 2602 4624; x_wconf 80' lang='grc' dir='ltr'>καὶ</span> <span class='ocrx_word' id='word_1_851' title='bbox 2648 4574 2744 4625; x_wconf 82' lang='grc' dir='ltr'><strong>τοῦ</strong></span> <span class='ocrx_word' id='word_1_852' title='bbox 2795 4574 3159 4644; x_wconf 82' lang='grc' dir='ltr'>γεννήματος,</span> <span class='ocrx_word' id='word_1_853' title='bbox 3217 4577 3352 4646; x_wconf 77' lang='grc' dir='ltr'>μηδὲ</span> <span class='ocrx_word' id='word_1_854' title='bbox 3389 4579 3569 4650; x_wconf 73' lang='grc' dir='ltr'>διέλης</span> <span class='ocrx_word' id='word_1_855' title='bbox 3620 4580 3723 4649; x_wconf 74' lang='grc' dir='ltr'><strong>τὴ)</strong></span> 
     </span>
    </p>
   </div>
   <div class='ocr_carea' id='block_1_107' title="bbox 2139 4652 3721 4735">
    <p class='ocr_par' dir='ltr' id='par_1_107' title="bbox 2139 4665 3721 4735">
     <span class='ocr_line' id='line_1_109' title="bbox 2139 4665 3721 4735; baseline 0.006 -20"><span class='ocrx_word' id='word_1_856' title='bbox 2139 4666 2303 4732; x_wconf 84' lang='grc' dir='ltr'>φύσιν</span> <span class='ocrx_word' id='word_1_857' title='bbox 2348 4665 2424 4734; x_wconf 83' lang='grc' dir='ltr'>τῷ</span> <span class='ocrx_word' id='word_1_858' title='bbox 2470 4666 2655 4726; x_wconf 82' lang='grc' dir='ltr'>κακῶς</span> <span class='ocrx_word' id='word_1_859' title='bbox 2689 4668 3077 4735; x_wconf 86' lang='grc' dir='ltr'>παρεντεθέντι</span> <span class='ocrx_word' id='word_1_860' title='bbox 3117 4672 3229 4732; x_wconf 82' lang='grc' dir='ltr'>τοῖς</span> <span class='ocrx_word' id='word_1_861' title='bbox 3278 4671 3573 4734; x_wconf 81' lang='grc' dir='ltr'>συναῖδίοις</span> <span class='ocrx_word' id='word_1_862' title='bbox 3623 4675 3721 4725; x_wconf 72' lang='grc' dir='ltr'>καὶ</span> 
     </span>
    </p>
   </div>
   <div class='ocr_carea' id='block_1_108' title="bbox 2139 4757 3717 4834">
    <p class='ocr_par' dir='ltr' id='par_1_108' title="bbox 2139 4757 3717 4834">
     <span class='ocr_line' id='line_1_110' title="bbox 2139 4757 3717 4834; baseline 0.004 -25"><span class='ocrx_word' id='word_1_863' title='bbox 2139 4757 2530 4826; x_wconf 81' lang='grc' dir='ltr'>συνημμένοις.</span> <span class='ocrx_word' id='word_1_864' title='bbox 2594 4758 2655 4810; x_wconf 82' lang='lat' dir='ltr'><strong>Ei</strong></span> <span class='ocrx_word' id='word_1_865' title='bbox 2705 4757 2815 4827; x_wconf 81' lang='grc' dir='ltr'>γὰρ</span> <span class='ocrx_word' id='word_1_866' title='bbox 2868 4760 3059 4827; x_wconf 85' lang='grc' dir='ltr'>χρόνος</span> <span class='ocrx_word' id='word_1_867' title='bbox 3129 4759 3263 4815; x_wconf 84' lang='grc' dir='ltr'><strong>Υἱοῦ</strong></span> <span class='ocrx_word' id='word_1_868' title='bbox 3314 4763 3717 4834; x_wconf 68' lang='grc' dir='ltr'>πρεσϐύτερος,</span> 
     </span>
    </p>
   </div>
   <div class='ocr_carea' id='block_1_109' title="bbox 2139 4846 3720 4932">
    <p class='ocr_par' dir='ltr' id='par_1_109' title="bbox 2139 4846 3720 4932">
     <span class='ocr_line' id='line_1_111' title="bbox 2139 4846 3720 4932; baseline 0.004 -34"><span class='ocrx_word' id='word_1_869' title='bbox 2139 4846 2348 4899; x_wconf 70' lang='grc' dir='ltr'>ἐκείνου</span> <span class='ocrx_word' id='word_1_870' title='bbox 2371 4846 2570 4917; x_wconf 80' lang='grc' dir='ltr'>δηλαδὴ</span> <span class='ocrx_word' id='word_1_871' title='bbox 2607 4846 2840 4932; x_wconf 77' lang='grc' dir='ltr'>πρώτως</span> <span class='ocrx_word' id='word_1_872' title='bbox 2870 4848 2936 4901; x_wconf 80' lang='grc' dir='ltr'><strong>ἂν</strong></span> <span class='ocrx_word' id='word_1_873' title='bbox 2969 4850 3057 4919; x_wconf 75' lang='grc' dir='ltr'>εἴη</span> <span class='ocrx_word' id='word_1_874' title='bbox 3091 4851 3266 4913; x_wconf 79' lang='grc' dir='ltr'>αἴτιος</span> <span class='ocrx_word' id='word_1_875' title='bbox 3299 4855 3326 4903; x_wconf 88' lang='lat'><strong>6</strong></span> <span class='ocrx_word' id='word_1_876' title='bbox 3357 4851 3567 4921; x_wconf 82' lang='grc' dir='ltr'>Πατήρ.</span> <span class='ocrx_word' id='word_1_877' title='bbox 3605 4855 3720 4907; x_wconf 71' lang='grc' dir='ltr'><strong>Καὶ</strong></span> 
     </span>
    </p>
   </div>
   <div class='ocr_carea' id='block_1_110' title="bbox 2141 4938 3717 5011">
    <p class='ocr_par' dir='ltr' id='par_1_110' title="bbox 2141 4938 3717 5011">
     <span class='ocr_line' id='line_1_112' title="bbox 2141 4938 3717 5011; baseline 0.005 -21"><span class='ocrx_word' id='word_1_878' title='bbox 2141 4939 2257 5001; x_wconf 81' lang='grc' dir='ltr'>πῶς</span> <span class='ocrx_word' id='word_1_879' title='bbox 2307 4938 2539 5010; x_wconf 81' lang='grc' dir='ltr'>ποιητὴς</span> <span class='ocrx_word' id='word_1_880' title='bbox 2582 4940 2789 5009; x_wconf 87' lang='grc' dir='ltr'>χρόνων</span> <span class='ocrx_word' id='word_1_881' title='bbox 2837 4943 2865 4994; x_wconf 87' lang='lat'><strong>6</strong></span> <span class='ocrx_word' id='word_1_882' title='bbox 2914 4941 3019 4993; x_wconf 82' lang='grc' dir='ltr'>ὑπὸ</span> <span class='ocrx_word' id='word_1_883' title='bbox 3068 4947 3296 5011; x_wconf 78' lang='grc' dir='ltr'>χρόνονς</span> <span class='ocrx_word' id='word_1_884' title='bbox 3350 4944 3471 5005; x_wconf 84' lang='grc' dir='ltr'>Πῶς</span> <span class='ocrx_word' id='word_1_885' title='bbox 3514 4946 3570 4997; x_wconf 79' lang='grc' dir='ltr'>δὲ</span> <span class='ocrx_word' id='word_1_886' title='bbox 3622 4949 3717 4998; x_wconf 69' lang='grc' dir='ltr'><strong>καὶ</strong></span> 
     </span>
    </p>
   </div>
   <div class='ocr_carea' id='block_1_111' title="bbox 2138 5026 3716 5101">
    <p class='ocr_par' dir='ltr' id='par_1_111' title="bbox 2138 5026 3716 5101">
     <span class='ocr_line' id='line_1_113' title="bbox 2138 5026 3716 5101; baseline 0.005 -21"><span class='ocrx_word' id='word_1_887' title='bbox 2138 5026 2344 5098; x_wconf 80' lang='grc' dir='ltr'>Κύριος</span> <span class='ocrx_word' id='word_1_888' title='bbox 2376 5028 2615 5094; x_wconf 85' lang='grc' dir='ltr'>πάντων,</span> <span class='ocrx_word' id='word_1_889' title='bbox 2646 5031 2694 5081; x_wconf 89' lang='grc' dir='ltr'><strong>εί</strong></span> <span class='ocrx_word' id='word_1_890' title='bbox 2738 5030 2842 5082; x_wconf 79' lang='grc' dir='ltr'><strong>ὐπὸ</strong></span> <span class='ocrx_word' id='word_1_891' title='bbox 2872 5031 3070 5099; x_wconf 82' lang='grc' dir='ltr'>χρόνου</span> <span class='ocrx_word' id='word_1_892' title='bbox 3103 5033 3465 5101; x_wconf 80' lang='grc' dir='ltr'>προείληπταί</span> <span class='ocrx_word' id='word_1_893' title='bbox 3512 5052 3571 5087; x_wconf 87' lang='grc' dir='ltr'><strong>τε</strong></span> <span class='ocrx_word' id='word_1_894' title='bbox 3618 5038 3716 5089; x_wconf 65' lang='grc' dir='ltr'><strong>καὶ</strong></span> 
     </span>
    </p>
   </div>
   <div class='ocr_carea' id='block_1_112' title="bbox 2138 5116 3717 5191">
    <p class='ocr_par' dir='ltr' id='par_1_112' title="bbox 2138 5116 3717 5191">
     <span class='ocr_line' id='line_1_114' title="bbox 2138 5116 3717 5191; baseline 0.005 -23"><span class='ocrx_word' id='word_1_895' title='bbox 2138 5116 2490 5186; x_wconf 78' lang='grc' dir='ltr'>κυριεύεταις</span> <span class='ocrx_word' id='word_1_896' title='bbox 2524 5118 2792 5187; x_wconf 81' lang='grc' dir='ltr'>Ἀναρχος</span> <span class='ocrx_word' id='word_1_897' title='bbox 2824 5118 2920 5171; x_wconf 78' lang='grc' dir='ltr'><strong>οὖν</strong></span> <span class='ocrx_word' id='word_1_898' title='bbox 2948 5121 2976 5173; x_wconf 88' lang='lat'><strong>6</strong></span> <span class='ocrx_word' id='word_1_899' title='bbox 3004 5121 3194 5191; x_wconf 83' lang='grc' dir='ltr'>Πατήρ</span> <span class='ocrx_word' id='word_1_900' title='bbox 3216 5135 3229 5149; x_wconf 94' lang='grc'><strong>·</strong></span> <span class='ocrx_word' id='word_1_901' title='bbox 3265 5123 3326 5174; x_wconf 84' lang='grc' dir='ltr'><strong>οὐ</strong></span> <span class='ocrx_word' id='word_1_902' title='bbox 3370 5122 3479 5191; x_wconf 74' lang='grc' dir='ltr'>γὰρ</span> <span class='ocrx_word' id='word_1_903' title='bbox 3516 5125 3717 5189; x_wconf 79' lang='grc' dir='ltr'>ἑτέρω-</span> 
     </span>
    </p>
   </div>
   <div class='ocr_carea' id='block_1_113' title="bbox 2138 5207 3708 5280">
    <p class='ocr_par' dir='ltr' id='par_1_113' title="bbox 2138 5207 3708 5280">
     <span class='ocr_line' id='line_1_115' title="bbox 2138 5207 3708 5280; baseline 0.006 -22"><span class='ocrx_word' id='word_1_904' title='bbox 2138 5207 2231 5259; x_wconf 84' lang='grc' dir='ltr'><strong>θεν</strong></span> <span class='ocrx_word' id='word_1_905' title='bbox 2275 5207 2443 5277; x_wconf 82' lang='grc' dir='ltr'>αὐτῷ,</span> <span class='ocrx_word' id='word_1_906' title='bbox 2484 5208 2605 5260; x_wconf 72' lang='grc' dir='ltr'>οὐδὲ</span> <span class='ocrx_word' id='word_1_907' title='bbox 2657 5208 2789 5280; x_wconf 79' lang='grc' dir='ltr'>παρ’</span> <span class='ocrx_word' id='word_1_908' title='bbox 2820 5210 3015 5262; x_wconf 75' lang='grc' dir='ltr'>ἑαυτοῦ</span> <span class='ocrx_word' id='word_1_909' title='bbox 3065 5211 3125 5263; x_wconf 82' lang='grc' dir='ltr'><strong>τὸ</strong></span> <span class='ocrx_word' id='word_1_910' title='bbox 3165 5209 3324 5265; x_wconf 73' lang='grc' dir='ltr'>εἶναι.</span> <span class='ocrx_word' id='word_1_911' title='bbox 3368 5212 3430 5265; x_wconf 81' lang='grc' dir='ltr'>Ὀ</span> <span class='ocrx_word' id='word_1_912' title='bbox 3466 5215 3522 5267; x_wconf 83' lang='grc' dir='ltr'>δὲ</span> <span class='ocrx_word' id='word_1_913' title='bbox 3560 5215 3708 5279; x_wconf 78' lang='grc' dir='ltr'>Υἱὸς,</span> 
     </span>
    </p>
   </div>
   <div class='ocr_carea' id='block_1_114' title="bbox 2138 5295 3713 5371">
    <p class='ocr_par' dir='ltr' id='par_1_114' title="bbox 2138 5295 3713 5371">
     <span class='ocr_line' id='line_1_116' title="bbox 2138 5295 3713 5371; baseline 0.006 -25"><span class='ocrx_word' id='word_1_914' title='bbox 2138 5295 2235 5347; x_wconf 74' lang='grc' dir='ltr'><strong>ὲάν</strong></span> <span class='ocrx_word' id='word_1_915' title='bbox 2265 5296 2363 5366; x_wconf 79' lang='grc' dir='ltr'>μὲν</span> <span class='ocrx_word' id='word_1_916' title='bbox 2394 5296 2469 5359; x_wconf 85' lang='grc' dir='ltr'><strong>ώς</strong></span> <span class='ocrx_word' id='word_1_917' title='bbox 2501 5296 2674 5350; x_wconf 84' lang='grc' dir='ltr'>αῐτιον</span> <span class='ocrx_word' id='word_1_918' title='bbox 2698 5299 2792 5349; x_wconf 79' lang='grc' dir='ltr'><strong>τὸν</strong></span> <span class='ocrx_word' id='word_1_919' title='bbox 2832 5299 3051 5369; x_wconf 79' lang='grc' dir='ltr'>Πατέρα</span> <span class='ocrx_word' id='word_1_920' title='bbox 3077 5300 3384 5370; x_wconf 78' lang='grc' dir='ltr'>λαμὸἀνῃς,</span> <span class='ocrx_word' id='word_1_921' title='bbox 3414 5304 3515 5355; x_wconf 82' lang='grc' dir='ltr'><strong>οὐκ</strong></span> <span class='ocrx_word' id='word_1_922' title='bbox 3544 5305 3713 5371; x_wconf 76' lang='grc' dir='ltr'>ἀναρ-</span> 
     </span>
    </p>
   </div>
   <div class='ocr_carea' id='block_1_115' title="bbox 2135 5389 3708 5464">
    <p class='ocr_par' dir='ltr' id='par_1_115' title="bbox 2135 5389 3708 5464">
     <span class='ocr_line' id='line_1_117' title="bbox 2135 5389 3708 5464; baseline 0.003 -23"><span class='ocrx_word' id='word_1_923' title='bbox 2135 5406 2229 5457; x_wconf 90' lang='grc' dir='ltr'><strong>χος</strong></span> <span class='ocrx_word' id='word_1_924' title='bbox 2253 5403 2267 5419; x_wconf 80' lang='grc'><strong><em>⁸</em></strong></span> <span class='ocrx_word' id='word_1_925' title='bbox 2309 5391 2453 5459; x_wconf 84' lang='grc' dir='ltr'>ἀρχὴ</span> <span class='ocrx_word' id='word_1_926' title='bbox 2486 5391 2592 5460; x_wconf 82' lang='grc' dir='ltr'>γὰρ</span> <span class='ocrx_word' id='word_1_927' title='bbox 2640 5389 2770 5443; x_wconf 88' lang='grc' dir='ltr'>Υίοῦ</span> <span class='ocrx_word' id='word_1_928' title='bbox 2806 5392 2993 5461; x_wconf 81' lang='grc' dir='ltr'>Πατὴρ</span> <span class='ocrx_word' id='word_1_929' title='bbox 3021 5395 3096 5456; x_wconf 84' lang='grc' dir='ltr'><strong>ώς</strong></span> <span class='ocrx_word' id='word_1_930' title='bbox 3139 5395 3347 5456; x_wconf 71' lang='grc' dir='ltr'>αἴτιος*</span> <span class='ocrx_word' id='word_1_931' title='bbox 3385 5394 3479 5447; x_wconf 80' lang='grc' dir='ltr'><strong>ἐὰν</strong></span> <span class='ocrx_word' id='word_1_932' title='bbox 3511 5395 3566 5447; x_wconf 78' lang='grc' dir='ltr'>δὲ</span> <span class='ocrx_word' id='word_1_933' title='bbox 3608 5396 3708 5464; x_wconf 77' lang='grc' dir='ltr'><strong>τὴν</strong></span> 
     </span>
    </p>
   </div>
   <div class='ocr_carea' id='block_1_116' title="bbox 2136 5480 3709 5552">
    <p class='ocr_par' dir='ltr' id='par_1_116' title="bbox 2136 5480 3709 5552">
     <span class='ocr_line' id='line_1_118' title="bbox 2136 5480 3709 5552; baseline 0.003 -21"><span class='ocrx_word' id='word_1_934' title='bbox 2136 5480 2245 5532; x_wconf 79' lang='grc' dir='ltr'><strong>ἀπὸ</strong></span> <span class='ocrx_word' id='word_1_935' title='bbox 2280 5480 2475 5549; x_wconf 85' lang='grc' dir='ltr'>χρόνου</span> <span class='ocrx_word' id='word_1_936' title='bbox 2508 5481 2635 5550; x_wconf 81' lang='grc' dir='ltr'>νοῇς</span> <span class='ocrx_word' id='word_1_937' title='bbox 2665 5480 2862 5550; x_wconf 77' lang='grc' dir='ltr'>ἀρχὴν,</span> <span class='ocrx_word' id='word_1_938' title='bbox 2903 5483 3000 5535; x_wconf 75' lang='grc' dir='ltr'>καὶ</span> <span class='ocrx_word' id='word_1_939' title='bbox 3038 5481 3301 5552; x_wconf 80' lang='grc' dir='ltr'>ἄναρχος·</span> <span class='ocrx_word' id='word_1_940' title='bbox 3335 5484 3435 5535; x_wconf 87' lang='grc' dir='ltr'><strong>οὐκ</strong></span> <span class='ocrx_word' id='word_1_941' title='bbox 3476 5483 3709 5552; x_wconf 75' lang='grc' dir='ltr'>ἄρχεται</span> 
     </span>
    </p>
   </div>
   <div class='ocr_carea' id='block_1_117' title="bbox 2134 5571 3223 5643">
    <p class='ocr_par' dir='ltr' id='par_1_117' title="bbox 2134 5571 3223 5643">
     <span class='ocr_line' id='line_1_119' title="bbox 2134 5571 3223 5643; baseline 0.002 -19"><span class='ocrx_word' id='word_1_942' title='bbox 2134 5571 2243 5642; x_wconf 74' lang='grc' dir='ltr'><strong>γὰρ</strong></span> <span class='ocrx_word' id='word_1_943' title='bbox 2270 5572 2374 5623; x_wconf 72' lang='grc' dir='ltr'><strong>ὑπὸ</strong></span> <span class='ocrx_word' id='word_1_944' title='bbox 2410 5572 2606 5642; x_wconf 86' lang='grc' dir='ltr'>χρόνου</span> <span class='ocrx_word' id='word_1_945' title='bbox 2637 5575 2664 5625; x_wconf 92' lang='lat'><strong>6</strong></span> <span class='ocrx_word' id='word_1_946' title='bbox 2688 5574 2893 5641; x_wconf 81' lang='grc' dir='ltr'>χρόνων</span> <span class='ocrx_word' id='word_1_947' title='bbox 2925 5574 3223 5643; x_wconf 80' lang='grc' dir='ltr'>Δεσπότης.</span> 
     </span>
    </p>
   </div>
   <div class='ocr_carea' id='block_1_118' title="bbox 2330 5686 3712 5758">
    <p class='ocr_par' dir='ltr' id='par_1_118' title="bbox 2330 5686 3712 5758">
     <span class='ocr_line' id='line_1_120' title="bbox 2330 5686 3712 5758; baseline 0.001 -19"><span class='ocrx_word' id='word_1_948' title='bbox 2330 5687 2350 5718; x_wconf 84' lang='grc'>⁸</span> <span class='ocrx_word' id='word_1_949' title='bbox 2381 5687 2546 5743; x_wconf 82' lang='lat' dir='ltr'><strong>Hebr.</strong></span> <span class='ocrx_word' id='word_1_950' title='bbox 2582 5703 2674 5754; x_wconf 88' lang='lat' dir='ltr'><strong>vn,</strong></span> <span class='ocrx_word' id='word_1_951' title='bbox 2715 5688 2739 5742; x_wconf 78' lang='lat' dir='ltr'><strong>l</strong></span> <span class='ocrx_word' id='word_1_952' title='bbox 2774 5704 2927 5758; x_wconf 77' lang='lat' dir='ltr'><strong>seqq.</strong></span> <span class='ocrx_word' id='word_1_953' title='bbox 3004 5690 3024 5719; x_wconf 77' lang='grc'><strong>⁸</strong></span> <span class='ocrx_word' id='word_1_954' title='bbox 3060 5687 3214 5742; x_wconf 77' lang='lat' dir='ltr'><strong>Rom.</strong></span> <span class='ocrx_word' id='word_1_955' title='bbox 3248 5704 3322 5755; x_wconf 83' lang='lat' dir='ltr'><strong>tv,</strong></span> <span class='ocrx_word' id='word_1_956' title='bbox 3354 5688 3445 5743; x_wconf 73' lang='lat'><strong>‘25.</strong></span> <span class='ocrx_word' id='word_1_957' title='bbox 3523 5689 3543 5719; x_wconf 85' lang='grc'><strong><em>⁸</em></strong></span> <span class='ocrx_word' id='word_1_958' title='bbox 3593 5686 3712 5742; x_wconf 75' lang='lat' dir='ltr'><strong>Ga—</strong></span> 
     </span>
    </p>
   </div>
  </div>
