4042 6204
301 277 398 342 593

1362 284 1741 345 PANOPLIA
1771 285 2232 346 DOtiMATICA.
2261 307 2330 318 —
2350 283 2497 346 ΤιΤ.
2529 283 2635 345 Χῖ.

296 423 560 480 quaquam
605 409 872 481 principio
913 417 1104 476 caret;
1159 409 1486 480 principium
1527 410 1674 466 enim
1729 408 1852 466 Filii
1919 411 2087 468 Pater
2121 421 2202 468 est
2235 454 2250 479 ,

3445 275 3550 340 594

2335 423 2395 468 ut
2442 427 2641 482 causa;
2677 411 2764 468 sin
2816 412 2882 468 de
2943 421 3184 482 tempore
3231 412 3552 482 principium

300 502 653 568 intellexeris,
705 502 958 573 principii
1022 516 1239 573 quoque
1291 502 1470 559 omnis
1526 511 1610 559 est
1661 518 1877 574 expers.
1916 502 2101 574 Neque
2164 506 2307 560 enim
2374 514 2675 574 temporum
2708 503 2969 561 Dominus
3017 505 3246 575 tempori
3282 505 3556 575 subjectus

298 604 392 652 est.

473 690 541 742 Et
572 689 653 754 δὲ,
685 690 768 743 ὅτι
804 689 873 743 τὰ
915 691 1145 761 σώματα
1183 689 1288 743 ὑπὸ
1329 690 1540 762 χρόνον,
1587 689 1675 743 διὰ
1722 690 1879 746 τοῦτο
1907 695 1951 748 Δ

299 779 548 845 ἀξιώσεις
586 779 800 833 κεῖσθαι
837 780 931 832 καὶ
963 779 1055 832 τὸν
1097 779 1224 832 Yle
1263 780 1369 832 ὑπὸ
1410 781 1621 851 χρόνον,
1653 778 1880 851 περιθή-

302 887 408 936 σεις
440 872 536 927 καὶ
581 872 742 943 σῶμα
786 871 865 942 τῷ
911 871 1222 943 ἀσωμάτῳ·
1271 872 1366 924 καὶ
1409 873 1460 925 εἰ
1503 873 1584 926 ὅτι
1634 871 1705 926 τὰ
1751 871 1878 943 παρ’

301 966 426 1035 ἡμῖν
457 962 778 1033 γεννώμενα
797 1004 812 1026 ,
844 964 943 1016 οὐκ
967 964 1100 1018 ὄντα
1132 963 1284 1028 ποτὲ,
1321 959 1441 1018 εἶτα
1477 963 1756 1035 γινόμενα,
1791 963 1878 1019 διὰ

301 1055 454 1110 τοῦτο
481 1057 576 1108 καὶ
607 1055 703 1108 τὸν
735 1055 866 1107 Υίὺν
897 1055 1230 1124 ἀναγκάσεις
1270 1056 1328 1122 ἐξ
1361 1056 1459 1109 οὐκ
1493 1056 1661 1109 ὄντων
1699 1057 1781 1119 εἰς
1819 1056 1879 1108 τὸ

303 1143 435 1200 εἶναι
477 1145 934 1218 παρεληλυθέναι,
969 1146 1281 1216 συγκρίνεις
1387 1209 1390 1212 ,
1452 1145 1521 1199 τὰ
1551 1144 1876 1216 ἀσύγκριτα,

303 1240 432 1294 Θεὸν
464 1241 560 1293 καὶ
585 1239 893 1311 ἄνθρωπον,
937 1238 1094 1308 σῶμα
1128 1239 1221 1291 καὶ
1245 1238 1306 1291 τὸ
1333 1237 1624 1306 ἀσώματον
1643 1253 1657 1268 ·
1686 1237 1881 1291 οὐκοῦν

305 1334 396 1385 καί
427 1332 676 1383 πείσεται
705 1330 798 1383 καὶ
825 1329 1139 1399 λυθήσεται,
1175 1330 1254 1382 ὅτι
1287 1329 1379 1382 καὶ
1414 1328 1484 1380 τὰ
1511 1329 1755 1401 ἡμέτερα
1779 1327 1883 1382 σώ-

309 1438 471 1492 ματα.
508 1423 581 1474 Σὺ
618 1421 717 1491 μὲν
749 1415 844 1474 οὖν
877 1420 1050 1484 ἀξιοῖς
1086 1419 1174 1473 διὰ
1216 1417 1374 1473 τοῦτο
1412 1417 1556 1472 οὕτω
1591 1417 1882 1487 γεννᾶσθαι

303 1513 456 1576 Θεὸν,
491 1512 626 1566 διότι
659 1511 727 1565 τὰ
757 1509 1005 1582 σώματα·
1037 1509 1146 1579 ἐγὼ
1177 1510 1233 1564 δὲ
1264 1509 1354 1563 διὰ
1379 1509 1536 1563 τοῦτο
1563 1510 1661 1580 οὐχ
1688 1508 1880 1573 οὕτως,

306 1605 386 1656 ὅτι
413 1603 561 1655 οὕτω
591 1603 659 1655 τὰ
693 1601 944 1672 σώματα.
977 1592 1080 1652 Ὧν
1107 1598 1216 1670 γάρ
1260 1598 1317 1652 τὸ
1360 1593 1500 1651 εἶναι
1543 1599 1640 1668 οὐχ
1685 1599 1890 1669 ὅμοιον.

309 1692 514 1746 τούτων
551 1691 676 1744 οὐδὲ
720 1689 783 1743 τὸ
833 1691 1030 1761 γεννᾷν
1087 1690 1306 1760 ὅμοιον
1353 1690 1402 1742 εἰ
1458 1690 1534 1761 μὴ
1590 1706 1684 1744 και
1729 1689 1895 1744 τᾶλλα

313 1781 572 1854 δουλεύσῃ
755 1783 876 1844 ταῖς
916 1780 1089 1843 ὕλαις,
1121 1773 1232 1832 οἷον
1270 1779 1519 1850 πάσχων,
1568 1779 1659 1834 καὶ
1695 1777 1895 1832 λυπού-

321 1891 498 1945 μενος,
530 1873 628 1927 καὶ
657 1872 881 1938 πεινῶν,
918 1873 1012 1926 καὶ
1043 1872 1212 1942 διψῶν
1237 1914 1252 1936 ,
1292 1873 1388 1925 καὶ
1413 1873 1512 1925 ὅσα
1552 1872 1586 1942 ἢ
1624 1872 1896 1944 σώματος,

2219 687 2372 752 Quod
2401 685 2468 749 si,
2502 686 2626 754 quia
2675 699 2903 754 corpora
2965 684 3195 751 tempori
3254 681 3554 757 subjacent,

1986 778 2192 834 idcirco
2251 776 2448 832 Filium
2511 791 2726 847 quoque
2777 775 3006 846 tempori
3058 775 3282 830 subesse
3329 785 3558 839 statuas,

1983 880 2110 926 tunc
2147 870 2222 927 rei
2265 870 2598 938 incorporea:
2632 883 2829 937 corpus
2870 867 3163 932 attribues;
3201 875 3254 921 et
3303 866 3374 931 si,
3420 880 3560 936 quo-

1985 963 2129 1018 niam
2162 977 2223 1016 ea
2263 976 2382 1033 quae
2410 961 2550 1031 apud
2593 975 2693 1015 nos
2749 961 3061 1030 gignuntur,
3095 976 3217 1012 cum
3272 969 3398 1013 ante
3451 975 3556 1014 nou

1983 1064 2185 1118 essent,
2228 1063 2414 1123 postea
2461 1062 2576 1107 orta
2613 1061 2760 1116 sunt,
2805 1053 2925 1104 ideo
2956 1051 3148 1104 Filium
3196 1065 3414 1121 quoque
3461 1064 3558 1104 ne-
3625 1090 3628 1093 -

1983 1148 2221 1203 (εδειιτὶο
2274 1163 2338 1203 ex
2395 1146 2564 1201 nihilo
2627 1146 2679 1200 in
2754 1159 2931 1198 rerum
2992 1153 3239 1196 naturam
3293 1141 3561 1212 prodiisse

1984 1238 2287 1306 contendis,
2325 1252 2608 1308 comparas
2639 1253 2724 1302 ea,
2752 1251 2872 1308 quze
2924 1235 3382 1305 comparationem
3439 1250 3558 1288 om-

1986 1345 2106 1384 nem
2154 1337 2437 1399 respuunt,
2467 1326 2636 1382 Deum
2673 1342 2865 1395 nempe
2903 1336 2957 1380 et
3001 1325 3297 1390 hominem,
3341 1338 3558 1394 corpus,

1981 1433 2036 1476 et
2067 1420 2118 1474 id
2170 1421 2313 1490 quod
2347 1435 2575 1491 corpore
2609 1428 2783 1474 vacat.
2828 1419 2966 1488 Ergo
2997 1426 3050 1472 et
3080 1419 3337 1487 patietur,
3367 1425 3422 1471 et
3450 1415 3561 1469 dis-

1987 1510 2253 1576 solvetur,
2287 1521 2449 1578 atque
2491 1513 2751 1576 interibit,
2793 1512 3242 1582 quemadmodum
3281 1519 3335 1566 et
3377 1519 3560 1564 nostra

1979 1603 2230 1663 corpora.
2266 1595 2342 1648 Tu
2375 1597 2591 1663 quidem
2627 1598 2834 1654 idcirco
2862 1601 3028 1656 Deum
3060 1605 3129 1657 ita
3158 1602 3406 1672 generari
3440 1617 3565 1653 ecu-

1983 1701 2092 1755 ses,
2119 1689 2260 1757 quod
2286 1705 2512 1759 corpora
2537 1690 2608 1744 ita
2642 1704 2970 1761 generentur
3065 1710 3080 1746 :
3218 1708 3317 1763 ego
3343 1707 3474 1745 vero
3502 1693 3572 1745 ob

1985 1780 2038 1836 id
2077 1796 2182 1835 non
2232 1783 2304 1836 ita
2365 1782 2510 1853 gigni
2551 1783 2782 1848 afﬁrmo,
2832 1785 2975 1853 quod
3033 1798 3095 1837 ea
3151 1783 3221 1838 sit
3283 1799 3568 1852 corporum

1988 1874 2380 1946 gignendorum
2443 1875 2583 1930 ratio
2649 1879 2903 1944 (quorum
2940 1877 3084 1930 enim
3133 1885 3324 1929 natura
3360 1874 3571 1926 diversa

316 1966 475 2040 ἢτοῦ
511 1965 922 2036 συναμφοτέρου
958 1963 1128 2031 πάθη.
1176 1962 1338 2016 Ἀλλὰ
1366 1963 1539 2016 ταῦτα
1565 1965 1624 2016 οὐ
1662 1963 1898 2034 παραδέ-

2005 1975 2094 2028 ast,
2133 1967 2323 2020 horum
2373 1967 2556 2036 dispar
2597 1983 2812 2035 quoque
2842 1968 3134 2038 generandi
3180 1967 3430 2034 modus);
3472 1964 3573 2018 nisi

320 2059 474 2131 χεταί
503 2075 598 2112 σου
627 2062 656 2113 ὁ
678 2059 808 2123 νοῦς
827 2077 840 2090 ο
877 2057 1005 2129 περὶ
1037 2055 1174 2112 Θεοῦ
1203 2057 1312 2129 γὰρ
1337 2058 1367 2109 ὁ
1395 2055 1570 2127 λόγος.
1601 2057 1692 2127 Μὴ
1721 2055 1902 2112 τοίνυν

326 2151 460 2222 μηδὲ
505 2149 605 2222 τὴν
647 2151 904 2223 γέννησιν
941 2150 1146 2218 ἄλλως,
1183 2150 1218 2219 ἢ
1280 2149 1356 2212 ὼς
1414 2149 1602 2222 θεῖκὴν
1663 2147 1901 2221 παραδέο

322 2259 439 2312 χου.

1990 2072 2113 2112 eum
2157 2061 2209 2112 in
2238 2057 2491 2112 omnibus
2529 2059 2651 2112 aliis
2682 2074 2896 2128 quoque
2929 2060 3087 2113 rebus
3130 2074 3405 2126 corporea:
3455 2071 3573 2110 ma-

1994 2151 2142 2204 teriae
2170 2149 2380 2204 servire
2408 2150 2731 2214 contendas,
2758 2152 2860 2205 hoc
2893 2161 3000 2215 est,
3033 2159 3090 2204 ut
3144 2150 3405 2220 patiatur,
3438 2158 3490 2202 et
3521 2147 3574 2200 in

1996 2253 2233 2295 mcerore
2268 2252 2534 2306 versetur,
2584 2253 2639 2296 et
2674 2241 2819 2297 fame
2870 2258 2934 2298 ac
2988 2243 3076 2298 siti
3118 2241 3353 2306 laboret,
3387 2252 3579 2296 omnes

322 2333 556 2402 denique
592 2347 689 2389 eas
738 2329 1076 2396 affectiones,
1109 2330 1328 2400 quibus,
1369 2330 1453 2386 vel
1497 2327 1786 2400 corporis,
1839 2305 1938 2379 vel.
1976 2323 2308 2391 coniunctim
2358 2325 2641 2395 utriusque
2694 2327 2864 2396 partis
2915 2338 3109 2383 natura
3171 2305 3412 2398 subjecta
3465 2342 3572 2399 est,

326 2425 656 2493 experiatur.
686 2424 808 2480 ﬂare
856 2425 1000 2480 enim
1059 2439 1186 2480 vero
1232 2438 1389 2479 mens
1436 2435 1522 2478 tua
1562 2436 1666 2477 non
1707 2418 1963 2475 admittit.
2007 2417 2082 2472 De
2149 2417 2258 2472 Deo
2320 2418 2517 2487 quippe
2581 2435 2762 2474 sermo
2795 2431 2898 2476 est.
2961 2421 3036 2476 Ne
3070 2435 3122 2477 tu
3159 2425 3321 2494 igitur
3354 2440 3580 2495 genera-

330 2517 527 2571 tionem
562 2517 722 2571 aliter
747 2531 906 2586 quam
937 2525 995 2570 ut
1025 2515 1262 2571 divinam
1294 2515 1540 2570 admitte.

514 2604 654 2656 Ἀλλ’
688 2606 736 2656 εἰ
774 2605 1118 2676 γεγέννηται,
1153 2607 1270 2671 πῶς
1297 2606 1654 2676 γεγέννηται,
1699 2606 1903 2678 φησίνς

2178 2601 2375 2659 Verum
2402 2605 2445 2661 si
2475 2617 2761 2677 generatus
2784 2615 2884 2665 est.
2905 2610 3107 2679 inquis,
3126 2609 3398 2686 quomodo
3417 2624 3582 2678 gene-

338 2694 658 2766 ’Λπόκριναί
707 2714 818 2768 μοι,
859 2689 906 2749 ὦ
947 2695 1250 2750 διαλεκτικὲ
1297 2698 1362 2750 σὺ
1413 2695 1508 2750 καὶ
1545 2697 1776 2765 ἅφυκτε.
1844 2697 1908 2749 El

2005 2705 2140 2751 ratus
2159 2697 2265 2751 est?
2282 2695 2565 2767 Responde
2590 2709 2642 2753 tu
2666 2715 2882 2771 quoque
2904 2701 3057 2766 mihi,
3078 2715 3110 2756 ο
3137 2711 3290 2755 acute
3309 2712 3356 2755 et
3377 2701 3583 2757 invicte

324 2786 591 2850 ἔκτισται,
626 2787 744 2852 πῶς
773 2787 1052 2852 έκτισται;
1084 2789 1229 2859 κάμὲ
1271 2789 1495 2843 ἀπαίτει
1532 2788 1612 2850 τδ,
1655 2788 1780 2852 Πῶς
1818 2804 1910 2856 γε-

2005 2789 2252 2858 sophista.
2272 2787 2330 2843 Si
2349 2801 2563 2844 creatus
2576 2783 2960 2860 est,quomodo
2984 2800 3196 2845 creatus
3220 2803 3295 2846 εει
3313 2791 3581 2860 ?Acpost-

324 2879 616 2950 γέννηται;
647 2879 827 2944 Πάθος
997 2880 1128 2951 περὶ
1157 2880 1260 2950 τὴν
1285 2880 1574 2951 γέννησιν;
1607 2879 1784 2943 Πάθος
1815 2879 1910 2933 καὶ

2005 2894 2056 2934 ea
2091 2896 2156 2935 ex
2202 2896 2287 2935 me
2331 2881 3228 2953 sciscitare,quomodogeneratus
3246 2883 3357 2938 sit?
3387 2882 3578 2938 Passio

324 2969 450 3040 περὶ
479 2969 577 3039 τὴν
609 2969 819 3022 κτίσινθ
855 2967 888 3040 ἢ
923 2969 1031 3041 γὰρ
1053 2970 1115 3023 οὒ
1153 2969 1325 3034 πάθος
1356 2971 1388 3042 ἡ
1418 2969 1783 3033 ἀνατύπωσις,
1817 2971 1910 3024 καὶ

2005 2981 2098 3036 est,
2124 2972 2358 3042 inquies,
2381 2975 2525 3026 circa
2555 2974 2994 3043 generationem?
3016 2973 3107 3028 Est
3123 2985 3172 3028 et
3200 2973 3378 3042 passio
3394 2975 3580 3038 etiam,

322 3061 354 3129 ἡ
399 3059 643 3130 φροντὶς,
685 3060 780 3113 καὶ
806 3062 838 3131 ή
866 3061 960 3113 τοῦ
987 3060 1275 3132 νοηθέντος
1307 3060 1520 3131 ἀθρόως
1558 3061 1639 3125 είς
1669 3061 1729 3114 τὸ
1773 3061 1910 3114 κατά

2005 3065 2214 3134 inquam
2249 3079 2369 3134 ego,
2412 3063 2553 3118 circa
2595 3064 2954 3119 creationem.
2989 3064 3090 3130 (Au
3135 3080 3240 3119 non
3277 3066 3418 3118 enim
3455 3081 3584 3135 pas-

323 3153 496 3223 μέρος
546 3151 890 3218 ὲξάπλωσις;
942 3152 1148 3224 Χρόνος
1189 3153 1321 3224 περὶ
1353 3152 1452 3223 τὴν
1493 3152 1783 3224 γέννησινς
1825 3153 1910 3206 Ἑν

2005 3157 2172 3213 sionis
2203 3159 2464 3211 rationem
2498 3158 2664 3211 habet
2715 3157 3053 3222 informatio,
3092 3166 3148 3212 et
3187 3171 3341 3221 cura,
3373 3165 3428 3212 et
3471 3159 3586 3225 ejus

323 3238 500 3309 χρόνῳ
549 3239 648 3291 καὶ
693 3237 764 3291 τὰ
814 3239 1130 3310 κτιζόμενα.
1182 3240 1361 3304 Τόπος
1413 3239 1679 3307 ὲνταῦθα;
1737 3241 1910 3304 Τόπος

2005 3252 2100 3314 rei,
2132 3266 2252 3320 qua:
2285 3260 2394 3304 tota
2425 3249 2586 3304 simul
2630 3265 2694 3305 ac
2719 3261 2938 3320 repente
2969 3251 3203 3321 cegitata
3236 3257 3338 3314 est,
3377 3251 3428 3304 in
3465 3266 3588 3320 par-

513 3329 812 3399 ’Δποτυχία
844 3299 983 3401 περὶ·
1010 3331 1110 3400 τὴν
1143 3299 1434 3402 γέννησινς
1475 3299 1772 3402 Ἀποτυχία
1821 3299 1916 3385 καί
1937 3299 1978 3355 C

324 3422 452 3494 περὶ
479 3421 582 3491 τὴν
608 3421 806 3475 κτίσιν.
833 3421 1022 3475 Ταῦτα
1049 3421 1257 3490 ἤκουσα
1283 3421 1714 3493 φιλοσοφούντων
1737 3421 1913 3494 ὑμῶν·

323 3512 359 3565 ἃ
394 3513 508 3584 γὰρ
534 3514 564 3565 ὁ
597 3510 724 3575 νοῦς
761 3510 1067 3583 ὑπέγραψε,
1101 3511 1366 3576 πολλάκις
1396 3513 1569 3568 ταῦτα
1598 3516 1631 3584 ἡ
1665 3514 1787 3586 χεὶρ
1816 3513 1917 3566 οὐκ

323 3605 595 3658 ἐτέλεσεν.
658 3603 822 3657 una
857 3604 1034 3676 λόγῳ,
1068 3605 1224 3677 φησὶ,
1257 3606 1317 3660 τὸ
1351 3607 1458 3659 πᾶν
1497 3605 1777 3677 ὑπέστησε
1822 3606 1918 3659 καὶ

328 3696 655 3768 βουλήματι.
679 3693 871 3762 Αὐτὸς
897 3696 1007 3767 γὰρ
1039 3691 1192 3760 εἷπε,
1223 3695 1326 3750 καὶ
1497 3695 1876 3767 ἐγενήθησαν
1897 3711 1913 3728 ο

324 3789 512 3854 αὐτὸς
567 3787 928 3850 ἐνετείλατο,
982 3788 1082 3842 καὶ
1125 3788 1520 3856 ἐκτίσθησαν.
1549 3789 1719 3842 Ὅταν
1758 3789 1918 3861 εἴπῃς

324 3880 405 3951 τῷ
426 3879 574 3951 λόγῳ
596 3877 691 3934 τοῦ
717 3878 853 3932 Θεοῦ
882 3880 953 3934 τὰ
979 3879 1158 3934 πάντα
1189 3881 1460 3943 ἐκτίσθαι,
1495 3882 1554 3933 οὺ
1580 3879 1679 3952 τὴν
1709 3880 1920 3950 ἀνθρω-

326 3971 496 4041 πίνην
531 3969 708 4022 κτίσιν
745 3969 1016 4037 εἰσάγεις·
1045 3969 1219 4034 οὐδεὶς
1251 3970 1360 4041 γὰρ
1389 3971 1547 4041 ἡμῶν
1572 3970 1716 4042 λόγῳ
1746 3970 1919 4042 πράτ-

328 4076 413 4112 τει
437 4056 510 4112 τά
544 4057 830 4128 γινόμενα.
864 4056 1032 4111 Οὐδὲν
1057 4057 1166 4128 γὰρ
1189 4055 1258 4111 ἂν
1284 4052 1354 4128 ἦν
1380 4056 1712 4128 ὑψηλότερον
1739 4053 1920 4126 ἡμῶν,

325 4151 454 4204 οὐδὲ
487 4133 870 4220 ἀπονώτερον,
909 4149 959 4203 ει
1003 4149 1064 4202 τδ
1107 4149 1288 4217 λέγειν
1330 4147 1494 4219 εργου
1529 4147 1922 4218 συμπλήρωσις

328 4237 399 4313 ἦν
426 4258 442 4272 ο
484 4240 629 4294 ὥστε
683 4241 732 4292 ει
786 4238 880 4294 καὶ
913 4237 1056 4309 λόγῳ
1100 4237 1276 4304 κτίζει
1325 4237 1459 4302 Θεὸς
1498 4238 1567 4292 τὰ
1608 4234 1921 4308 κτιζόμενα,

329 4333 434 4386 οὐκ
465 4329 811 4402 ἀνθρώπινον
839 4328 990 4400 αὐτῷ
1018 4329 1081 4382 τὸ
1107 4328 1340 4394 κτίζειν.
1512 4329 1584 4382 Ἦ
1611 4327 1722 4399 γὰρ
1751 4326 1923 4393 δεῖξον

331 4425 431 4479 καὶ
466 4423 758 4494 ἄνθρωπον
788 4422 932 4493 λόγῳ
971 4440 1026 4476 τι
1055 4421 1400 4493 πράττοντα·
1436 4420 1471 4491 ἢ
1514 4419 1682 4486 δέξαι,
1713 4419 1799 4472 ὅτι
1825 4417 1925 4490 οὺχ

329 4515 409 4578 ὡς
447 4513 741 4583 ἄνθρωπος
776 4513 951 4578 κτίζει
984 4513 1141 4576 Θεός.
1190 4512 1346 4566 Ἑττεὶ⁵
1384 4510 1685 4580 διάγραψον
1730 4509 1925 4582 βουλή-

334 4624 472 4677 ματι
503 4605 685 4671 πόλιν,
715 4605 812 4658 καὶ
843 4605 1181 4676 παραστήτω
1273 4615 1287 4626 ’⁷
1354 4601 1510 4666 πόλις
1531 4618 1546 4632 ο
1577 4601 1802 4665 θέλησον
1829 4617 1926 4670 γε-

331 4692 524 4747 νέσθαι
557 4710 640 4746 σοι

332 4786 464 4840 ἄλλο
503 4803 560 4840 τι
593 4784 702 4839 τῶν
733 4785 1150 4858 πραττομένων.
1192 4786 1288 4838 καὶ
1319 4786 1399 4849 είς
1425 4784 1586 4856 ἔργον
1611 4786 1646 4855 ἡ
1674 4782 1926 4855 βούλησις

335 4877 666 4950 χωρησάτω.
707 4878 771 4930 Εἰ
805 4877 862 4930 δὲ
883 4877 1088 4932 τούτων
1107 4877 1260 4931 οὐδὲν
1285 4877 1483 4930 ἕπεται
1511 4875 1590 4947 τῷ
1619 4873 1925 4946 βούλεσθαι,

335 4970 474 5024 Θεοῦ
516 4971 576 5024 δὲ
603 4970 666 5022 τὸ
705 4968 990 5038 βούλεσθαι
1019 4969 1223 5040 πρᾶξίς
1259 4969 1414 5024 ἐστιν
1435 5009 1450 5032 ,
1481 4967 1659 5031 ἄλλως
1691 4967 1789 5038 μὲν
1829 4966 1927 5020 ἄν-

339 5063 565 5134 θρωπος
612 5061 808 5126 κτίζει,
839 5061 1017 5125 ἄλλως
1060 5061 1119 5115 δὲ
1164 5063 1194 5115 ό
1241 5061 1460 5116 πάντων
1500 5059 1728 5130 κτίστης
1772 5057 1924 5120 Θεός.

340 5155 467 5218 Πῶς
508 5150 605 5208 οὖν
657 5153 833 5219 κτίζει
887 5155 986 5226 μὲν
1033 5155 1136 5208 οὐκ
1184 5151 1574 5224 ἀνθρωπικῶς,
1627 5147 1927 5221 γεννᾷν,δδ

339 5245 716 5315 ἀναγκάζεται
754 5244 1157 5317 άνθρωπικῶςς
1207 5246 1280 5298 Σὺ
1328 5243 1428 5314 μὲν
1465 5242 1566 5296 οὐκ
1611 5241 1708 5305 ὢν,
1738 5241 1930 5294 ἔπειτα

342 5338 558 5405 ἐγένου,
589 5331 712 5390 εἶτα
741 5339 938 5406 γεννᾷς
957 5353 970 5366 '
1006 5336 1094 5391 διὰ
1115 5336 1277 5390 τοῦτο
1309 5335 1408 5389 οὐκ
1435 5334 1564 5390 ὄντα
1589 5334 1671 5397 είς
1695 5333 1757 5386 τὸ
1790 5328 1927 5386 εἶναι

345 5449 642 5518 πιράγεις.
679 5447 774 5511 Ἥ,
822 5445 910 5498 ἵνα
953 5459 1008 5496 τι
1062 5439 1359 5512 βαθύτερον
1407 5439 1574 5505 είπω,
1619 5437 1758 5508 τάχα
1800 5435 1920 5489 οὐδὲ

349 5541 511 5602 αὐτὸς
538 5539 597 5605 ἐξ
626 5538 729 5592 οὐκ
762 5537 934 5590 ὄντων
967 5534 1240 5605 παράγεις
1262 5546 1278 5563 ·
1314 5532 1436 5585 ἐπεὶ
1459 5533 1552 5584 καὶ
1580 5530 1608 5582 6
1636 5528 1788 5593 Aeni,
1816 5545 1920 5598 φη-

355 5631 465 5693 οὶν,
483 5631 565 5684 ἔτι
591 5632 653 5683 ὲν
681 5631 746 5700 τῇ
775 5629 938 5698 ὀσφύϊ
967 5626 1064 5682 τοῦ
1090 5625 1294 5698 πατρὸς
1325 5621 1415 5697 ἦν,
1435 5621 1668 5695 πρὶνεείς
1690 5621 1751 5675 τὸ
1781 5618 1923 5675 εἶναι

424 5732 440 5763 ⁸
473 5729 621 5787 Psal.
649 5745 871 5800 curru,
906 5732 956 5787 5.

2003 3357 2083 3398 tes
2118 3341 2424 3411 extensio?)
2448 3342 2702 3413 Tempus,
2745 3344 2935 3408 addes,
2962 3345 3106 3398 circa
3140 3344 3542 3414 generatiooem
3565 3341 3597 3394 ?'

2001 3431 2060 3486 In
2107 3445 2347 3504 tempore
2378 3436 2541 3490 etiam
2575 3446 2700 3490 sunt
2738 3450 2862 3504 quae
2897 3447 3178 3490 creantur.
3233 3434 3410 3489 Locus
3443 3432 3590 3488 illic?

2001 3526 2102 3581 Hie
2149 3543 2363 3597 quoque
2423 3526 2593 3584 locus.
2639 3526 2761 3596 Spei
2831 3527 3114 3582 frustratio
3153 3527 3298 3580 circa
3353 3511 3632 3595 genera-°

2004 3619 2243 3675 tionem?
2268 3618 2484 3674 Creatio
2514 3633 2729 3688 qucque
2756 3619 3026 3673 interdum
3071 3633 3222 3686 spem
3275 3617 3586 3669 frustratur.

2005 3709 2133 3766 llaec
2183 3725 2212 3764 a
2274 3711 2429 3765 vobis
2482 3709 2878 3764 disserentibos
2936 3707 3158 3774 audivi;
3206 3705 3408 3761 etenim
3471 3720 3592 3774 quze

2007 3818 2161 3858 mens
2187 3800 2499 3867 delineavit,
2530 3815 2592 3854 ea
2622 3800 2943 3867 plerumque
2973 3813 3165 3850 manus
3195 3796 3458 3866 perﬁcere
3484 3811 3590 3849 nou

2008 3894 2203 3968 potuit.
2243 3895 2312 3946 At
2349 3892 2540 3946 dices:
2574 3891 2740 3945 verbo
2780 3900 2832 3945 et
2861 3890 3137 3942 voluntate
3170 3887 3359 3942 omnia
3405 3887 3594 3940 condi-

2008 3987 2088 4042 dit
2120 4004 2134 4039 :
2166 3983 2286 4053 Ipse
2312 3982 2455 4038 enim
2491 3980 2650 4046 dixit,
2693 3991 2744 4036 et
2789 3981 2934 4050 facta
2964 3985 3087 4033 sunt
3117 3993 3135 4032 :
3171 3976 3280 4048 ipse
3304 3976 3600 4039 mandavit,

2008 4085 2056 4130 et
2087 4085 2262 4129 creata
2293 4081 2415 4129 sunt
2468 4069 2513 4130 ’.
2545 4072 2736 4143 Atqui,
2758 4087 2880 4127 cum
2909 4070 2990 4125 ais
3038 4069 3218 4125 omnia
3285 4069 3374 4123 Dei
3429 4066 3600 4121 verbo

2012 4178 2198 4222 creata
2251 4167 2454 4232 fuisse,
2499 4182 2608 4223 non
2659 4167 2951 4220 humanam
3003 4162 3212 4219 scilicet
3263 4161 3594 4220 creationem

2016 4259 2267 4326 inducis;
2325 4273 2427 4314 nec
2473 4258 2616 4312 enim
2659 4257 2946 4327 quisquam
3008 4263 3251 4310 nostrum
3279 4293 3292 4307 .
3345 4267 3433 4317 ea,
3478 4265 3598 4320 qua

2017 4351 2169 4416 liunt,
2208 4350 2375 4403 verbo
2434 4347 2618 4404 eﬁicit.
2671 4345 2816 4402 Nihil
2859 4347 3057 4415 quippe
3111 4342 3266 4399 nobis
3315 4341 3601 4397 sublimius

2016 4461 2080 4500 ac
2139 4443 2486 4514 prastantius
2535 4447 2730 4505 esset,
2796 4437 3086 4507 minusque
3141 4435 3506 4497 laboriosum,
3555 4432 3602 4486 si

2016 4551 2272 4592 sermone
2297 4533 2411 4589 solo
2451 4532 2653 4602 aliquid
2692 4528 2962 4586 coniicere
2997 4541 3300 4599 possemus.
3329 4523 3604 4593 Quamob-

2019 4644 2160 4694 rem,
2205 4626 2306 4681 etsi
2367 4625 2532 4692 Deus,
2570 4639 2662 4688 ea,
2704 4636 2823 4691 quae
2870 4630 3162 4683 creantur,
3211 4619 3377 4673 verbo
3429 4622 3606 4678 creat,

827 4692 964 4757 υἱὸν,
1003 4694 1098 4747 καὶ
1129 4692 1470 4765 παραστήτω
1501 4693 1632 4755 παῖς
1652 4707 1668 4723 ο
1701 4690 1910 4763 θέλησοι

2021 4690 2351 4770 ιιοη’1ιιιιιθιι
2396 4690 2630 4766 humana
2685 4690 2769 4765 est
2825 4707 2943 4779 eius
3001 4706 3222 4762 creamli
3288 4705 3445 4757 ratio.
3499 4704 3606 4755 Aut

2019 4807 2167 4862 enim
2230 4805 2505 4859 hominem
2547 4816 2764 4872 quoque
2812 4815 3066 4856 sermone
3116 4795 3318 4865 aliquid
3369 4792 3606 4848 eﬂicieu-

2026 4906 2132 4952 tem
2166 4897 2394 4954 ostende
2432 4913 2450 4948 :
2479 4905 2571 4947 aut
2603 4893 2732 4946 mihi
2766 4893 3000 4947 concede
3031 4893 3194 4946 Deum
3235 4903 3340 4940 non
3372 4885 3607 4939 humano

2027 5003 2177 5043 more
2216 5001 2428 5042 creare.
2460 4984 2621 5052 Quod
2649 4983 2692 5037 si
2727 4998 2887 5038 secus
2913 4982 3216 5042 existimas,
3247 4991 3366 5046 age,
3413 4974 3608 5028 volun-

2027 5089 2138 5138 tate
2191 5079 2466 5134 civitatem
2510 5075 2778 5142 describe,
2833 5084 2887 5130 et
2938 5073 3124 5128 statim
3171 5070 3363 5125 civitas
3413 5081 3611 5134 reprae-

2029 5182 2291 5234 sentetur.
2333 5170 2468 5238 Opta
2508 5167 2599 5220 tibi
2652 5166 2819 5220 [ilium
2871 5165 3071 5227 nasci,
3111 5172 3164 5218 et
3217 5159 3464 5230 protinus
3515 5155 3610 5210 tibi

2031 5278 2166 5335 puer
2201 5263 2447 5317 etsistat.
2508 5259 2656 5314 Veiis
2699 5257 2842 5312 aliud
2886 5255 3162 5325 quidpiam
3219 5265 3428 5312 eorum,
3493 5263 3615 5316 qua:

2032 5350 2283 5408 manibus
2321 5349 2646 5414 ciliciuntur,
2690 5356 2744 5402 et
2782 5344 3064 5402 confestim
3099 5340 3344 5394 voluntas
3397 5341 3447 5392 in
3480 5353 3616 5406 opus

2033 5449 2278 5520 prodeat.
2315 5443 2468 5512 Quod
2506 5443 2550 5497 si
2589 5440 2807 5511 quidem
2864 5437 2997 5492 nihil
3035 5437 3226 5490 horum
3279 5432 3614 5488 voluntatem

2035 5548 2277 5595 nostram
2341 5542 2623 5603 sequatur,
2681 5529 2770 5584 Dei
2827 5541 2956 5582 vero
3013 5524 3260 5578 voluntas
3312 5523 3456 5576 actio
3507 5521 3613 5586 sit;

2033 5631 2382 5706 perspicuum
2441 5625 2626 5694 utique
2665 5629 2766 5686 est,
2801 5619 2908 5674 alio
2962 5617 3178 5689 quidem
3238 5615 3398 5671 modo
3440 5614 3617 5670 homi—
