4086 6214
349 189 454 254 595

1591 187 1966 248 EU'I‘llYMIl
2008 187 2364 249 ZIGABENI

3481 197 3587 257 5‘36

349 315 472 352 nem
531 312 739 362 creare,
788 295 893 350 alio
948 303 1129 349 autem
1179 309 1358 348 rerum
1413 295 1657 348 omnium
1693 303 1909 349 creato-

2034 299 2326 366 ταρε).θεῖν.
2349 298 2456 349 Καὶ
2490 297 2674 368 μηδεὶς
2708 299 3058 372 ἐπηρεαζέτω
3089 299 3166 369 τῷ
3188 301 3352 373 λόγῳ.
3389 307 3464 358 υὺ
3481 311 3595 372 γάρ

353 407 465 443 rem
525 390 719 444 Deum.
781 389 911 455 Quae
963 389 1129 457 igitur
1179 396 1261 441 est
1313 387 1427 441 tunc
1475 387 1634 454 ratio,
1694 397 1750 441 ut
1789 402 1912 441 cum

2034 385 2188 448 ιῦτως
2218 390 2282 440 ἐκ
2301 388 2395 439 τοῦ
2426 387 2632 457 Πατρός
2664 405 2806 457 φημι
2833 390 2925 442 τὸν
2950 391 3070 443 Υιδν
3103 391 3393 462 ὑπάρχειν,
3425 397 3498 457 ὡς
3533 400 3593 449 ὲν

362 484 502 535 Deus
553 483 660 535 alio
721 497 885 550 quam
956 481 1194 534 humano
1268 494 1421 532 more
1480 487 1750 547 procreet,
1815 479 1917 532 hu-

359 589 518 625 mano
556 582 734 627 tamen
783 588 932 626 more
968 572 1189 640 gignere
1243 571 1509 638 cogatur?
1551 569 1632 624 Tu
1667 570 1911 639 quidem,

2019 479 2094 548 τῷ
2131 480 2306 550 Ιιατρὶ
2331 480 2595 550 πρότερον
2617 480 2765 546 ὄντα,
2797 481 2937 549 μετὰ
2959 482 3014 533 δὲ
3055 482 3213 535 τοῦτο
3246 486 3324 545 είς
3356 486 3416 538 τὸ
3441 481 3591 540 εἶναι

2018 571 2333 624 ὁδεύσανταο
2368 571 2488 624 οὐδὲ
2528 572 2634 639 γὰρ
2660 573 2825 643 ἀτελῆ
2864 573 3152 644 πρότερον,
3208 570 3328 630 εἶτα
3363 578 3596 647 τέλειον,

354 679 478 717 cum
537 664 688 731 prius
748 679 854 715 non
918 676 1095 725 esses,
1144 661 1337 714 deinde
1389 661 1566 716 factus
1612 675 1692 724 es,
1727 670 1916 730 poslca

2034 660 2206 730 ἷισπιρ
2235 663 2394 731 νόμος
2419 662 2520 729 τῆς
2549 663 2820 733 ἡμετέρας
2853 665 3181 733 γεννήσεως.

354 756 565 824 gignis;
601 771 662 807 ac
708 753 956 823 proinde,
1007 768 1128 807 eum
1180 753 1271 821 qui
1320 767 1425 807 non
1472 764 1609 818 erat,
1655 754 1707 807 in
1751 767 1934 807 rerum
1977 760 2229 805 naturam
2275 753 2554 820 producis.
2603 756 2728 816 Aut,
2779 763 2837 806 ut
2886 755 3213 824 profundius
3263 759 3470 829 aliquid
3510 761 3596 814 di-

351 867 496 914 cam,
527 849 758 902 fortasse
814 862 880 901 ne
927 848 1046 915 ipse
1096 847 1316 908 quidem
1367 862 1430 902 ex
1468 847 1640 902 nihilo
1685 847 1974 916 producis;
2007 845 2451 916 quandoquidem
2483 851 2537 899 et
2593 845 2744 910 Levi,
2781 855 2841 907 ut
2883 846 2973 902 ille
3013 849 3110 914 ait,
3143 849 3324 904 adhuc
3365 852 3420 904 in
3447 851 3592 906 lum-

354 948 438 1002 his
486 946 657 1016 patris
704 954 844 1006 erat,
901 954 1201 1015 antequam
1254 946 1307 999 in
1357 945 1533 1000 lucem
1590 945 1831 1014 prodiret
1877 946 1918 1000 ‘.
1951 942 2061 998 Nec
2121 957 2252 997 vero
2279 941 2572 1012 quisquam
2621 943 2748 997 huic
2797 943 3028 999 orationi
3079 945 3407 1000 calumniam
3454 962 3593 1001 cou-

351 1041 464 1093 ﬂet.
499 1037 618 1092 Non
650 1039 793 1092 enim
839 1038 1034 1092 Filium
1083 1038 1156 1091 ita
1198 1053 1264 1092 ex
1296 1037 1455 1092 Patre
1493 1039 1757 1092 exsistere
1821 1037 1968 1102 dico,
2005 1036 2160 1106 quasi
2193 1036 2249 1088 in
2295 1035 2455 1091 Patre
2498 1037 2650 1105 prius
2678 1035 2900 1104 quidem
2958 1035 3147 1109 fuerit,
3173 1046 3364 1106 postea
3397 1048 3586 1092 autem

351 1139 409 1192 in
433 1149 554 1189 esse
606 1134 892 1202 prodierit.
926 1132 1112 1203 Neque
1153 1135 1299 1187 enim
1349 1133 1724 1202 imperfectum
1762 1133 1932 1202 prius,
1973 1146 2036 1185 ac
2087 1140 2276 1198 postea
2327 1129 2630 1199 perfectum
2674 1129 2819 1193 dico,
2859 1130 3316 1199 quemadmodum
3359 1131 3464 1185 fcrt
3497 1134 3584 1188 lex

355 1240 558 1284 nostra:
592 1229 985 1300 generationis.

421 1323 548 1378 Haec
618 1330 746 1374 sunt
817 1335 1028 1383 eorum,
1093 1319 1184 1387 qui
1243 1318 1636 1372 obtrectatione
1704 1327 1757 1372 et
1822 1334 1916 1371 ra-

350 1412 580 1468 lumniis
613 1410 846 1478 gaudent
874 1428 887 1462 :
912 1413 1023 1462 luec
1050 1423 1261 1469 eorum,
1294 1410 1384 1476 qui
1412 1409 1676 1462 adversus
1732 1411 1913 1461 omnia

2097 1316 2281 1370 Ταῦτα
2332 1316 2440 1372 τῶν
2513 1315 2931 1387 ἐπηρεαζόντων
2990 1316 3159 1370 ἐστίν·
3230 1316 3405 1370 ταῦτα
3483 1315 3598 1368 τῶν

2023 1410 2409 1480 ἐπιπηδῶντων
2438 1411 2738 1480 προχείρως
2764 1411 2898 1462 πᾶσι
2916 1411 3025 1472 τοῖς
3043 1410 3376 1477 λεγομένοις.
3402 1405 3599 1477 Ἡμεῖς

350 1523 474 1576 quae
507 1505 764 1560 dicuntur
814 1513 1060 1574 prompte
1124 1502 1394 1555 insiliunt.
1443 1500 1553 1554 Nos
1595 1509 1774 1554 autem
1809 1515 1917 1562 non

2034 1501 2078 1555 5ὲ
2108 1503 2205 1569 οὐχ
2235 1501 2376 1554 οὕτω
2419 1499 2744 1570 φρονοῦμεν,
2785 1501 2880 1570 οὐχ
2922 1498 3066 1553 οὕτω
3112 1499 3431 1568 δοξάζομεν
3481 1499 3599 1553 ἀλλ’

353 1600 427 1653 ita
454 1599 745 1659 sentimus.
776 1612 883 1650 non
932 1599 1002 1648 ita
1035 1610 1323 1649 censemus
1355 1611 1369 1647 :
1404 1610 1590 1648 verum
1626 1595 1728 1648 hoc
1758 1597 1917 1647 doce-

2023 1592 2160 1660 ὁμοῦ
2191 1592 2267 1662 τῷ
2302 1592 2394 1646 τὸν
2421 1594 2637 1663 Πατέρα
2659 1587 2797 1644 εἶναι
2858 1593 3170 1662 άγεννήτως
3225 1591 3335 1661 (ἀεὶ
3393 1591 3449 1643 δὲ
3505 1587 3596 1660 ἦν,

353 1706 494 1757 mus,
539 1701 592 1744 et
625 1689 963 1758 profitemur,
997 1688 1140 1756 quod
1185 1687 1348 1742 simul
1393 1695 1556 1755 atque
1584 1685 1740 1740 Pater
1771 1686 1920 1754 inge-

2034 1687 2128 1755 οὐχ
2180 1685 2512 1753 ὑπερπίπτει
2566 1686 2676 1754 γάρ
2713 1685 2795 1748 εις
2843 1684 2904 1737 τὸ
2937 1684 3010 1754 μὴ
3039 1680 3178 1736 εἷναί
3210 1701 3338 1736 ποτε
3364 1688 3392 1740 ό
3421 1682 3596 1758 νοῦς).

356 1782 470 1835 uito
493 1781 656 1834 modo
687 1788 807 1834 erat
831 1780 1065 1849 (semper
1092 1789 1272 1832 autem
1308 1786 1446 1840 erat,
1485 1792 1583 1831 nec
1623 1778 1766 1830 enim
1792 1792 1918 1830 eum

352 1870 650 1939 aliquando
683 1884 790 1922 non
837 1868 1007 1922 fuisse
1035 1869 1275 1938 concipit
1316 1882 1470 1920 meus
1499 1879 1709 1930 nostra,
1745 1881 1918 1936 quau-

2027 1778 2120 1830 καὶ
2174 1779 2201 1829 ό
2236 1778 2354 1837 Υίδς
2382 1771 2451 1846 ἦν
2479 1776 2775 1846 γεννητῶς.
2828 1776 2989 1828 Ὥστε
3029 1775 3310 1845 συντρέχει
3365 1777 3426 1831 τὸ
3457 1775 3597 1833 εἶναι

2025 1867 2118 1921 τοῦ
2145 1867 2354 1937 Harpe;
2376 1866 2455 1936 τῷ
2480 1866 2840 1937 γεγεννῆσθαι
2878 1865 2971 1920 τοῦ
3007 1865 3365 1932 Μονογενοῦς,
3419 1868 3476 1934 ἐξ
3498 1869 3596 1921 αὑ-

355 1963 558 2016 tumvis
603 1976 662 2015 se
695 1961 958 2015 altissime
999 1959 1230 2030 ell'crat),
1275 1969 1329 2014 et
1362 1957 1536 2014 Filius
1568 1974 1788 2028 quoque
1823 1974 1919 2028 per

2034 1958 2119 2013 τοῦ
2146 1977 2204 2011 τε
2251 1959 2614 2030 ὑπάρχοντος,
2679 1960 2774 2014 καὶ
2810 1960 2871 2013 οὐ
2933 1959 3052 2028 μετ’
3073 1960 3256 2024 αὐτὸν,
3305 1960 3338 2030 ἢ
3385 1961 3591 2033 ἐπινοίᾳ

354 2054 760 2124 generationem
806 2060 956 2117 erat;
984 2051 1058 2105 ita
1091 2060 1147 2105 ut
1186 2049 1368 2103 Patris
1403 2050 1645 2105 essentia
1682 2063 1918 2102 concur-

355 2156 440 2200 rat
477 2161 600 2200 cum
640 2144 915 2214 Unigeniti
942 2143 1314 2213 generatione,
1347 2144 1437 2211 qui
1457 2157 1520 2196 ex
1557 2143 1673 2210 ip<o
1699 2141 1916 2210 quidem

360 2249 466 2300 est,
502 2253 610 2291 non
644 2245 824 2289 autem
861 2246 982 2304 post
1005 2234 1201 2304 ipsum.
1234 2243 1327 2286 aut
1351 2233 1540 2287 saltem
1573 2233 1682 2286 sola
1717 2232 1917 2302 princi-

2029 2053 2165 2122 μόνῃ
2193 2054 2257 2120 τῇ
2288 2052 2387 2118 τῆς
2419 2051 2612 2121 ἀρχῆςο
2645 2051 2820 2121 ἀρχῆς
2843 2051 2923 2114 δὲ,
2981 2051 3055 2115 ὡς
3087 2051 3285 2106 αἰτίου.
3328 2052 3594 2115 Πολλάκις

2024 2145 2133 2211 γάρ
2156 2142 2247 2195 τὸν
2299 2142 2461 2195 αὐτὸν
2497 2144 2822 2211 άναστρέφω
2855 2143 3036 2211 λόγον,
3074 2142 3136 2196 τὸ
3170 2146 3316 2214 παχύ
3374 2159 3471 2196 σου
3506 2148 3602 2198 καὶ

2028 2232 2212 2286 ὑλικὸν
2247 2233 2345 2301 τῆς
2372 2235 2610 2302 διανοίας
2632 2234 2988 2304 φοὸούμενος.

359 2328 435 2394 pii
462 2327 806 2398 cegitatione.
846 2323 1175 2391 Principium
1212 2337 1339 2376 vero
1381 2325 1465 2376 hic
1495 2339 1590 2390 pro
1621 2337 1783 2376 causa
1817 2321 2046 2391 accipio.
2082 2321 2374 2378 ldeutidem
2405 2325 2550 2379 enim
2595 2324 2784 2380 eadem
2811 2327 2973 2380 verba
3007 2335 3209 2396 repeto,
3239 2338 3296 2382 ut
3325 2330 3496 2388 animi
3523 2339 3601 2382 tu:

353 2419 667 2476 hebetudini
700 2427 755 2473 et
791 2415 1055 2472 crassitiei
1089 2429 1391 2469 occurram.

647 2507 900 2577 Ejusdem
941 2521 1006 2560 ex
1049 2505 1284 2558 oratione
1309 2520 1344 2558 ιι
1375 2507 1437 2557 de
1471 2522 1618 2572 pace.

425 2600 615 2671 Magno
659 2599 775 2661 tibi,
811 2605 971 2665 atque
1010 2595 1146 2649 adeo
1204 2595 1441 2646 maximo
1505 2594 1694 2646 honori
1750 2591 1927 2656 ducis,

354 2693 498 2764 quod
538 2692 706 2745 lilium
752 2689 971 2750 habeas,
1012 2702 1183 2754 eoque
1225 2685 1418 2750 magis,
1446 2685 1491 2739 si
1541 2685 1712 2752 patris
1750 2701 1929 2740 mores

353 2799 408 2840 et
446 2786 674 2853 eﬂigiem
734 2792 790 2836 ut
825 2796 948 2835 vera
991 2779 1169 2846 imago
1205 2778 1455 2829 OlllllliHIS
1502 2779 1786 2846 exprimat,
1831 2793 1930 2832 nec

357 2881 402 2932 si
463 2878 622 2930 detur
669 2873 839 2942 optio,
920 2869 1076 2924 malis
1141 2869 1338 2922 habere
1401 2870 1586 2921 decem
1646 2882 1922 2922 servorum

2212 2507 2323 2562 Τοῦ
2354 2506 2542 2562 αὑτοῦ
2573 2507 2643 2562 ἐκ
2674 2508 2780 2562 τοῦ
2801 2509 2864 2574 ,β’
2892 2509 3192 2577 είρηνικοῦ
3216 2512 3421 2579 λόγου.

2115 2596 2278 2652 Ἀλλὰ
2307 2598 2390 2651 σοι
2419 2598 2518 2668 μὲν
2548 2600 2628 2663 είς
2659 2599 2822 2670 τιμὴν
2872 2601 3014 2668 μέγα
3046 2602 3138 2656 καὶ
3172 2601 3422 2672 μέγιστον
3445 2605 3474 2657 ό
3507 2606 3603 2671 σὲις

2029 2689 2166 2753 υἱὸς,
2195 2691 2290 2743 καὶ
2333 2688 2575 2760 τοσούτῳ
2629 2691 2851 2760 μᾶλλον,
2884 2691 2994 2762 ὅσῳ
3047 2709 3157 2762 περ
3205 2692 3270 2746 ἂν
3305 2695 3372 2747 τὰ
3419 2699 3606 2749 πὶντσ.

2031 2782 2317 2852 πατρὼζῃ,
2350 2782 2442 2834 καὶ
2468 2781 2752 2851 χαρακτὴρ
2842 2784 3064 2850 γνήσιος
3099 2783 3194 2836 τοῦ
3219 2787 3604 2854 γεννήσαντος,

2033 2877 2128 2929 καὶ
2155 2874 2255 2928 οὐκ
2289 2874 2354 2926 ἂν
2383 2873 2559 2937 δέξαιο
2595 2874 2801 2943 μυρίων
2830 2874 3182 2944 ἀνδραπόδων
3223 2872 3362 2930 εἶναι
3409 2880 3607 2932 δεσπό-

356 2969 544 3033 millia,
587 2981 747 3036 quam
784 2963 943 3017 unius
1013 2975 1138 3016 esse
1193 2959 1284 3012 lilii
1353 2969 1528 3028 pater,
1597 2971 1650 3013 ct
1714 2961 1764 3013 in
1820 2960 1927 3014 Deo

2034 2984 2129 3039 της
2157 2966 2360 3036 μᾶλλον
2389 2966 2420 3036 ἢ
2452 2965 2570 3024 ἑνὸς
2603 2968 2884 3038 γεννήτωρ
2917 2968 3130 3033 παιδὸς,
3157 2970 3234 3039 τῷ
3257 2969 3374 3040 Θεῷ
3394 2971 3450 3024 δὲ
3477 2972 3608 3026 ἄλλο

358 3062 532 3130 majus
560 3057 763 3126 aliquid
795 3052 1131 3122 cpinaheris,
1164 3066 1326 3120 quam
1356 3051 1496 3120 quod
1536 3051 1607 3106 sit
1638 3051 1796 3104 unius
1838 3067 1927 3118 ge-

2034 3076 2080 3111 τι
2117 3058 2304 3127 μεῖζον
2345 3058 2380 3128 ἢ
2437 3058 2566 3110 Υίοῦ
2617 3059 2903 3128 τυγχάνειν
2959 3058 3203 3129 Πατέρα,
3244 3060 3272 3112 ὃ
3316 3063 3608 3133 προσθήκη

357 3152 502 3204 nitor
533 3147 676 3212 Filii,
712 3145 802 3215 qui
833 3144 1060 3215 gloriam
1127 3141 1202 3196 illi
1249 3158 1356 3196 non
1413 3142 1620 3206 adimit,
1676 3140 1771 3195 sed
1837 3142 1932 3193 ad-

353 3241 551 3314 jungit,
584 3240 835 3309 quodque
876 3235 1028 3291 abeo
1069 3236 1325 3305 procedat
1384 3233 1615 3300 Spiritus
1674 3232 1932 3286 sanctus?

357 3335 545 3390 Nonne
596 3328 1007 3394 animadvertis,
1069 3337 1146 3394 te,
1181 3329 1306 3381 dum
1379 3341 1562 3380 rerum
1624 3334 1931 3378 creatarum

360 3423 680 3493 principium
717 3420 932 3483 statuis,
973 3433 1168 3488 nempe
1203 3416 1325 3471 Filii
1357 3429 1412 3471 et
1474 3416 1732 3484 Spiritus,
1794 3432 1932 3486 quos

358 3528 572 3574 creatos
610 3529 730 3570 esse
779 3512 1084 3574 contendis,
1113 3525 1211 3565 nec
1257 3508 1581 3579 principium
1645 3509 1932 3571 honorare,

358 3623 412 3665 et
443 3627 504 3664 ea
537 3624 656 3678 quae
687 3623 750 3661 ex
788 3607 903 3675 ipso
934 3609 1147 3658 exstant
1202 3601 1486 3671 principio,
1556 3600 1767 3656 allicere
1799 3615 1933 3655 cou-

362 3701 620 3757 tumelia?
648 3699 783 3752 illud
821 3697 1063 3766 quidem,
1115 3693 1372 3763 quoniam
1406 3708 1611 3754 rerum,
1643 3707 1762 3762 qua:
1812 3708 1935 3760 par-

359 3815 459 3858 v:e,
496 3811 594 3850 nec
619 3794 754 3848 satis
781 3793 961 3845 divina
1031 3787 1313 3858 majestate
1361 3797 1487 3841 sunt
1527 3786 1723 3856 dignm,
1789 3786 1938 3855 prin-

361 3889 558 3957 tipium
594 3887 791 3940 asseris
824 3901 837 3937 :
886 3882 1004 3937 illos
1045 3896 1190 3944 vero,
1225 3879 1481 3950 quoniam
1509 3889 1562 3933 et
1593 3893 1783 3948 parvos
1840 3878 1939 3930 iiu-

361 3981 466 4048 gis,
501 3989 555 4033 et
595 3993 701 4032 non
761 3977 934 4029 solum
971 3982 1202 4035 creatos,
1281 3987 1468 4028 verum
1542 3970 1701 4024 etiam
1757 3984 1934 4022 rerum

363 4070 638 4133 onmium,
698 4080 817 4136 quae
885 4073 1080 4118 creatze
1145 4071 1309 4125 sunt,
1370 4061 1802 4129 abiectissimus?
1880 4060 1936 4115 Si

363 4160 584 4226 quidem
618 4167 668 4210 et
699 4169 884 4209 earum
910 4166 1093 4214 causa,
1130 4158 1184 4203 et
1251 4150 1303 4204 in
1353 4162 1614 4218 tempore,
1683 4159 1935 4217 tanquam

364 4251 725 4302 instrumenta
786 4242 978 4298 artilici
1037 4249 1163 4295 ante
1236 4253 1321 4296 res
1373 4256 1508 4310 quas
1564 4255 1628 4294 ex
1680 4250 1794 4293 arte
1862 4239 1940 4292 fa-

2031 3151 2188 3218 δόξης
2239 3152 2415 3217 ἐστὶν,
2465 3150 2562 3220 οὺχ
2618 3151 2920 3220 ὑφαίρεσις,
2958 3149 3033 3213 ὡς
3088 3150 3144 3202 δὲ
3194 3151 3290 3205 καὶ
3335 3153 3607 3222 προὸολέα

2033 3244 2349 3313 Πνεύματος
2370 3261 2387 3310 ;
2411 3245 2480 3295 Ἢ
2505 3243 2739 3309 ἀγνοεῖς,
2771 3244 2851 3296 ὅτι
2883 3243 2946 3296 σὺ
2981 3242 3080 3312 μὲν
3101 3243 3415 3312 κτισμάτων
3439 3245 3607 3307 τιθεὶς

2035 3335 2229 3406 ἀρχὴν.
2267 3337 2366 3406 τὴν
2401 3334 2574 3406 ἀρχὴν
2629 3335 2772 3402 λέγω
2814 3334 2871 3386 δὲ
2918 3333 3050 3386 Υἱοῦ
3109 3335 3205 3388 καὶ
3259 3335 3606 3405 Πνεῦματος,

2035 3428 2160 3482 οὒτε
2197 3428 2296 3498 τὴν
2323 3429 2499 3498 ἀρχὴν
2527 3427 2716 3496 τιμᾷς,
2749 3426 2844 3480 καὶ
2875 3425 3165 3495 ἀτιμάζεις
3205 3427 3272 3478 τὰ
3303 3426 3360 3492 ἐξ
3394 3427 3566 3494 αὐτῆς
3589 3441 3609 3460 ο

2033 3521 2134 3592 τὴν
2171 3520 2290 3590 μὲν,
2317 3521 2399 3573 ὅτι
2451 3520 2664 3589 μικρῶν
2709 3517 2949 3586 εἰσάγεις
2985 3517 3082 3588 τὴν
3117 3518 3311 3587 ἀρχὴν,
3352 3519 3448 3570 καὶ
3479 3520 3612 3571 ἀνα-

2037 3613 2157 3678 ξίαν
2197 3612 2472 3682 Θεότητος,
2512 3612 2578 3664 τὰ
2634 3612 2690 3664 δὲ
2719 3611 2807 3666 ’ὅτι
2850 3609 3042 3680 μικρὰ,
3076 3610 3170 3660 καὶ
3222 3609 3296 3678 μὴ
3336 3611 3611 3676 κτίσμα-εει

2042 3705 2222 3774 μόνον,
2241 3704 2376 3764 ἀλλὰ
2403 3705 2497 3757 καὶ
2519 3703 2734 3756 πάντων
2758 3701 3074 3770 κτισμάτων
3094 3703 3262 3761 ποιεῖς
3287 3701 3607 3769 ἀτιμότερα,

2040 3795 2157 3865 εἴγε
2183 3796 2386 3849 τούτων
2411 3795 2642 3863 ὑπέστη,
2660 3794 2752 3846 καί
2777 3808 2928 3856 ποτε,
2949 3791 3136 3858 ὥσπερ
3154 3791 3363 3858 ὄργανα
3392 3792 3614 3861 τεχνίτῃ

2045 3891 2149 3958 πρὸ
2183 3889 2290 3942 τῶν
2319 3886 2576 3957 τεχνιτῶν
2599 3888 2861 3955 πρότερον
2889 3884 2990 3936 οὐκ
3019 3883 3166 3945 ὄντα,
3197 3881 3306 3934 οὐδ’
3351 3883 3414 3933 ἂν
3435 3882 3614 3944 ἄλλως

2045 3985 2338 4053 γενόμενα,
2368 3983 2416 4034 εί
2442 3982 2516 4052 μή
2545 3998 2598 4034 τι
2627 3980 2810 4034 κτίσαι
2836 3979 2903 4030 δι’
2932 3976 3109 4030 αὐτῶν
3153 3975 3427 4046 ἠϐουλήθη
3455 3976 3610 4040 Θεδς,

2040 4077 2114 4139 ὡς
2163 4076 2263 4129 οὐκ
2291 4073 2589 4144 ἀρκοῦντος
2624 4071 2717 4124 τοῦ
2765 4069 3052 4140 βούλεσθαι
3077 4085 3092 4136 ;
3121 4069 3234 4122 Πᾶν
3266 4068 3373 4136 γάρ
3413 4067 3443 4119 ὃ
3467 4067 3613 4128 τινὸς

2042 4170 2247 4231 ἕνεκεν,
2286 4166 2613 4234 ἀτιμότερον
2658 4162 2887 4227 ἐκείνου,
2917 4161 2986 4214 δι’
3024 4160 3051 4211 δ
3080 4160 3426 4228 γεγέννηται.
3469 4157 3616 4224 Ἐγὼ

2039 4261 2096 4314 δὲ
2130 4261 2382 4331 θεότητος
2407 4258 2580 4329 ἀρχὴν
2614 4257 2850 4323 εἰσάγων
2883 4256 3132 4323 ἄχρονον,
3165 4252 3259 4304 καὶ
3285 4249 3613 4320 ἀχώριστον,

363 4351 553 4395 cturus
610 4347 881 4400 est,cum
928 4333 1073 4404 prius
1134 4347 1239 4387 non
1293 4343 1511 4397 essent,
1543 4333 1612 4385 ob
1666 4333 1717 4386 id
1775 4334 1927 4386 exsti-

2046 4313 2148 4404 itatt
2171 4313 2577 4420 ἀόριστον,⁸
2604 4365 2664 4400 τε
2712 4313 2886 4416 ἀρχὴν
3119 4313 3236 4395 ⁷καὶ.
3297 4313 3365 4394 τά
3407 4313 3480 4392 ψὲκ
3514 4343 3615 4406 τῆς

366 4443 593 4495 teruut,
628 4440 684 4482 ut
738 4445 833 4499 per
884 4427 974 4481 illa
1031 4433 1244 4480 crearet
1296 4433 1350 4479 et
1417 4426 1643 4489 faceret,
1703 4424 1746 4478 si
1807 4425 1927 4495 quid

2039 4439 2214 4508 ἀρχῆς
2271 4439 2504 4504 ἐπίσηςο
2537 4436 2635 4506 τὴν
2680 4435 2799 4506 μὲν,
2841 4436 2922 4487 ὅτι
2945 4434 3200 4486 τοιούτων
3224 4431 3386 4501 ἁρχὴ,
3411 4431 3480 4483 τὰ
3531 4429 3615 4495 δὲ,

367 4523 534 4577 vellet
567 4522 727 4585 Deus,
759 4529 1014 4588 tauquam
1047 4518 1114 4570 ad
1155 4517 1205 4569 id
1261 4517 1623 4585 prmstandum
1684 4521 1927 4569 voluntas

2039 4531 2120 4582 ὅτι
2151 4529 2311 4590 οὕτω,
2366 4529 2460 4580 καὶ
2500 4527 2747 4592 τοιαῦτα,
2801 4525 2894 4578 καὶ
2946 4526 3010 4576 ὲκ
3041 4522 3308 4585 τοιούτου,
3363 4522 3498 4590 μήτε
3536 4522 3616 4590 τῷ

365 4620 483 4683 ejus
563 4632 667 4670 non
733 4621 877 4669 esset
953 4612 1105 4666 satis.
1169 4609 1438 4678 Quidquid
1510 4609 1653 4661 enim
1721 4607 1927 4662 alteriut

2045 4620 2194 4684 ποτὲ,
2229 4619 2370 4688 μήτε
2402 4621 2468 4688 τῇ
2517 4618 2693 4686 φύσει,
2724 4619 2862 4688 μήτε
2890 4616 2966 4686 τῷ
3007 4615 3193 4685 σεπτῷ
3233 4615 3611 4683 διειργόμενα,

364 4725 524 4764 causa
600 4709 678 4768 ﬁt.
739 4721 802 4759 eo
859 4703 1009 4771 cujus
1069 4701 1126 4754 lit
1200 4700 1412 4771 gratia,
1463 4699 1619 4752 vilius
1674 4709 1726 4752 et
1785 4699 1927 4754 deter

2045 4712 2102 4765 ἓν
2129 4711 2259 4764 ὄντα
2289 4710 2656 4781 διῃρημένως,
2688 4710 2783 4762 καὶ
2831 4707 3190 4777 διαιρούμενα
3225 4704 3610 4774 συνημμένως,

369 4807 481 4858 rius
530 4812 632 4857 est.
685 4799 794 4868 Ego
825 4813 973 4861 vero,
1025 4795 1117 4864 qui
1166 4793 1462 4847 divinitatis
1504 4793 1827 4860 principium
1871 4796 1927 4849 ita

2045 4802 2094 4854 εί
2120 4800 2214 4854 καὶ
2247 4800 2548 4870 παράδοξον
2594 4798 2756 4852 τοῦτο
2791 4799 2985 4860 εἰπεῖν,
3015 4798 3112 4865 οὐχ
3151 4791 3314 4868 ἦττον
3348 4801 3617 4855 Enati/8:31

373 4896 669 4954 constituo,
696 4902 752 4944 ut
811 4889 929 4946 siue
977 4897 1220 4956 tempore
1250 4886 1342 4952 sit,
1374 4900 1472 4939 nec
1525 4886 1792 4954 separari,
1852 4903 1916 4940 au

2041 4893 2141 4961 τῆς
2188 4892 2323 4961 πρὸς
2361 4891 2566 4960 ἄλληλα.
2622 4891 2884 4960 σχέσεως,
2932 4889 2964 4960 ἢ
3018 4888 3142 4941 καθ’
3176 4889 3335 4940 ἑαυτὸ
3381 4891 3616 4942 ἕκαστον

365 4987 474 5038 ullo
512 4984 741 5039 termino
773 4974 1145 5034 circttuiscrihi
1195 4987 1380 5047 queat,
1415 4987 1470 5032 et
1507 4978 1857 5046 principium,
1889 4989 1943 5034 et

361 5097 422 5130 ea
465 5092 583 5146 qua:
621 5091 685 5129 ex
730 5075 849 5141 ipso
889 5070 1473 5141 exsistuntprincipio,
1514 5068 1722 5139 pariter
1771 5073 1939 5126 hono-

361 5187 417 5223 te
447 5181 768 5238 prosequor.
802 5163 957 5228 Illud,
995 5164 1119 5232 quia
1175 5163 1360 5215 talium
1424 5163 1747 5232 principium
1813 5169 1925 5234 sit;

361 5264 475 5313 h:ec
505 5257 646 5328 quod
683 5256 755 5309 ita
795 5256 924 5317 sint,
959 5262 1011 5305 et
1040 5251 1189 5314 talia,
1227 5262 1281 5304 et
1343 5266 1402 5304 ex
1470 5251 1581 5314 tali,
1627 5268 1726 5305 nec
1779 5262 1919 5306 lem-

357 5366 506 5421 pwre.
531 5364 630 5403 nec
647 5357 862 5412 natura,
883 5359 981 5398 nec
1002 5342 1288 5413 majestate
1305 5342 1590 5409 disjuncta,
1612 5346 1704 5397 sed
1721 5345 1931 5413 (quam-

350 5446 436 5499 vis
463 5443 564 5496 hoc
605 5441 678 5496 sit
711 5435 1050 5506 admirabile)
1077 5437 1150 5492 ita
1191 5451 1377 5502 unum,
1412 5443 1469 5490 ut
1500 5436 1753 5492 distincta
1777 5438 1882 5493 sint
1911 5453 1926 5492 :

425 5579 440 5610 ²
465 5576 636 5636 Hebr.
653 5590 748 5640 vu,
789 5574 876 5635 10.

2042 4983 2334 5048 νοούμζενόν
2362 4999 2422 5037 τε
2459 4984 2553 5036 καὶ
2601 4983 3039 5052 λαμόανόμενον,
3069 4981 3273 5049 Τριάδα
3303 4981 3516 5034 τελείαν
3547 4985 3614 5036 ὲκ

2037 5076 2262 5131 τελείων
2289 5075 2481 5146 τριῶν,
2511 5076 2738 5145 μονάδος
2772 5075 2874 5142 μὲν
2905 5074 3223 5143 κινηθείσης
3245 5075 3332 5126 διὰ
3357 5074 3418 5124 τὸ
3440 5074 3615 5126 πλού-

2043 5186 2175 5235 σιον,
2221 5168 2412 5230 δυάδος
2457 5168 2513 5221 δὲ
2556 5166 2956 5238 ὁπερὸαθείσης
2982 5183 2995 5196 ·
3038 5167 3175 5235 ὑπὲρ
3205 5165 3312 5234 γὰρ
3341 5167 3440 5233 τὴν
3476 5166 3617 5233 ὓλην

2040 5260 2136 5312 καὶ
2176 5259 2237 5312 τδ
2261 5253 2400 5322 εἶδος
2423 5260 2481 5324 ἐξ
2508 5253 2585 5312 ὧν
2622 5259 2693 5311 τά
2717 5257 2946 5326 σώματα
2966 5274 2981 5290 ο
3016 5258 3246 5327 Τριάδος
3277 5257 3334 5308 δὲ
3363 5256 3614 5323 ὁρισθεί-

2041 5365 2140 5417 σης
2165 5348 2250 5401 διὰ
2283 5348 2341 5400 τὸ
2372 5349 2597 5402 τέλειον.
2633 5349 2828 5418 Πρώτη
2879 5348 2986 5416 γὰρ
3040 5346 3362 5417 ὑπερβαίνει
3414 5346 3612 5409 δυάδος

2040 5437 2306 5507 σύνθεσιν,
2340 5438 2426 5492 ἵνα
2455 5439 2595 5510 μήτε
2625 5438 2786 5509 στενὴ
2831 5421 2972 5510 μένῃ
3016 5439 3052 5508 ἡ
3097 5439 3310 5507 Θεότης,
3353 5436 3492 5507 μήτε
3528 5437 3609 5500 είς
