4042 6204
370 214 469 277 5‘37

1331 224 1705 287 PANOPLIA
1750 226 2209 289 DOGMATICA.
2251 254 2319 264 —
2358 232 2507 292 ΤΙΤ.
2545 233 2647 294 XI.

3500 234 3602 297 593

369 331 599 395 ἄπειρον
626 326 845 396 κέηται.
883 328 958 381 Τὸ
992 329 1091 399 μὲν
1123 330 1230 402 γὰρ
1273 333 1615 403 ἀφιλότιμον,
1643 336 1703 388 τὸ
1729 335 1784 388 δὲ
1812 336 1929 390 ἄτα-

2048 341 2115 393 ita
2141 340 2417 405 distincta,
2453 349 2507 396 ut
2534 356 2697 395 unum
2725 341 2859 407 sint,
2886 355 2985 397 nec
3043 340 3220 397 minus
3266 351 3454 400 mutuo
3501 345 3604 402 hoc

369 437 498 473 κτον
516 434 531 449 ·
569 421 664 472 καὶ
693 420 753 474 τὸ
780 420 881 490 μὲν
920 422 1209 477 Ἰουδαϊκὸν
1238 426 1537 491 παντελῶς,
1569 429 1630 485 τὸ
1657 428 1711 481 δὲ
1753 430 1940 499 Ἐλλη-

364 515 517 566 νικὶν
545 512 641 566 καὶ
670 513 954 570 πολύθεον.
979 516 1173 568 Σκοπῶ
1199 517 1255 570 δὲ
1286 518 1528 582 κάκεῖνο,
1564 518 1657 572 καὶ
1686 522 1814 583 ἴσως
1839 524 1938 575 οὐκ

366 603 731 668 ἀπαιδεύτως,
773 605 895 659 οὐδὲ
923 606 1177 676 ἀμαθῶς,
1206 608 1339 661 ἀλλὰ
1365 611 1461 663 καὶ
1513 611 1634 677 λίαν
1660 614 1937 685 ἐπεσκεμ-

370 693 573 761 μένως,
600 696 682 749 ὅτι
714 697 799 749 σοὶ
829 696 929 766 μὲν
976 697 1217 761 κίνδυνος
1268 701 1389 753 οὐδὲ
1416 698 1495 766 εἷς
1529 705 1789 775 γεννητὸν
1819 708 1937 758 είσ-

365 788 553 853 ἀγοντι
580 787 673 841 τὸν
695 787 824 843 Υίόν
847 804 862 820 ’
891 790 953 842 οὐ
978 789 1089 859 γὰρ
1118 791 1194 861 μὴ
1224 792 1374 864 πάθῃ
1405 812 1457 846 τι
1482 795 1686 863 γεννῶν
1715 797 1743 850 ὁ
1777 798 1937 865 ἀγέν-

366 896 525 948 tri-:0;
553 880 659 933 τῶν
688 883 1015 953 σωματικῶν
1039 902 1095 938 τε
1121 888 1214 940 καὶ
1231 886 1450 950 ὐλικῶν,
1479 889 1562 941 ὅτι
1586 890 1720 959 μηδὲ
1751 890 1930 960 σῶμα⁶

366 972 460 1022 καὶ
492 969 653 1024 τοῦτο
693 972 749 1024 αί
798 974 977 1027 κοιναὶ
1010 975 1139 1045 περὶ
1187 976 1320 1029 Θεοῦ
1349 979 1774 1049 παραχωροῦσιν
1806 981 1936 1033 ὑπο-

364 1059 578 1129 λήψεις,
598 1060 744 1113 ῶστε
774 1062 827 1114 τί
854 1062 1169 1133 φοϐούμεθα
1196 1066 1384 1134 φόϐον,
1405 1060 1466 1119 οὗ
1497 1068 1572 1136 μὴ
1590 1067 1706 1119 ἔστι
1728 1068 1895 1135 φόὄος
1917 1087 1932 1135 ;

362 1152 462 1203 καὶ
490 1151 796 1221 ἀσεῦοῦμεν
852 1154 939 1209 διὰ
987 1156 1171 1223 κενῆς,
1202 1156 1228 1208 δ
1282 1157 1347 1225 δὴ
1396 1157 1647 1225 λέγεται;
1695 1158 1847 1228 Ἑμοὶ
1879 1160 1935 1212 δὲ

364 1242 611 1305 κίνδυνος
642 1242 986 1314 ζημιωθῆναι
1021 1247 1272 1316 θεότητα,
1296 1249 1435 1301 also
1465 1248 1671 1319 κτίσμα
1701 1250 1935 1321 παραδε-

363 1330 584 1401 χοίμην·
609 1332 671 1385 οὐ
690 1332 799 1401 γὰρ
828 1333 963 1395 Θεὸς
1011 1333 1073 1387 τὸ
1100 1333 1438 1404 κτιζόμενον,
1468 1335 1589 1388 οὐδὲ
1619 1335 1934 1388 δεσποτικὸν

362 1420 423 1469 τὸ
446 1419 759 1488 ὁμόδουλον,
794 1423 898 1475 κᾶν
937 1423 1004 1475 τὰ
1039 1423 1233 1492 πρῶτα
1281 1423 1516 1494 φέρηται
1553 1422 1800 1485 δουλείας
1842 1424 1934 1476 καὶ

361 1510 612 1575 κτίσεως,
656 1513 751 1564 καὶ
779 1512 939 1565 τοῦτο
968 1513 1131 1583 μόνον
1161 1513 1676 1585 φιλανθρωπεύηται
1709 1512 1929 1584 ὑϐριζό-

362 1616 544 1668 μενον.
590 1601 651 1654 ’0
678 1602 788 1671 γὰρ
817 1603 917 1671 τῆς
957 1602 1313 1673 ὀφειλομένης
1338 1603 1658 1671 ἀποστερῶν
1682 1605 1846 1674 τιμῆς
1869 1603 1928 1656 οὐ

2044 429 2183 484 inter
2206 446 2266 486 se
2293 430 2477 484 habitu
2505 429 2663 485 simul
2697 429 2875 483 omnia
2903 430 3190 490 laudanda,
3222 444 3379 498 quam
3410 446 3604 484 unum-

2043 524 2291 588 quodque
2316 535 2498 575 eorum
2530 536 2625 589 per
2650 535 2728 585 se,
2773 519 2817 574 si
2856 519 3127 590 sigillatim
3156 520 3481 589 cogitatione
3522 532 3607 575 at-

2041 625 2146 680 que
2182 612 2362 665 animo
2395 613 2943 685 comprehendantur.
2995 612 3229 667 Trinitas
3282 612 3517 680 perfecta
3540 629 3607 670 ex

2042 703 2215 758 tribus
2247 711 2461 757 constat
2493 703 2765 772 perfectis,
2797 720 2864 759 ex
2896 705 3102 759 unitate
3155 714 3422 758 cutnluola
3475 719 3607 774 pro-

2041 802 2159 861 pter
2186 792 2403 847 divitias
2434 793 2690 849 bonitatis
2732 810 2746 849 :
2777 812 2843 850 ex
2873 795 3082 851 binario
3141 796 3605 863 supergredieutes,

2041 893 2325 954 propterea
2360 886 2499 953 quod
2542 900 2704 954 super
2738 887 3016 941 materiam
3050 894 3101 941 et
3126 885 3353 938 formam
3388 900 3455 940 ex
3489 888 3609 953 qni-

2041 975 2141 1026 bus
2167 989 2393 1044 corpora
2416 977 2741 1042 consistunt,
2771 976 3041 1045 egreditur
3068 994 3082 1030 :
3110 990 3170 1029 ex
3201 975 3435 1030 ternario
3466 976 3604 1030 deli-

2041 1066 2154 1120 uito
2179 1080 2398 1135 propter
2425 1068 2807 1137 perfectionem
2836 1070 2852 1135 (
2880 1085 3134 1123 numerus
3197 1069 3341 1121 cnim
3418 1078 3604 1121 terna-

2038 1157 2151 1211 rius
2178 1158 2375 1215 binarii
2438 1160 2887 1227 compositionem
2941 1159 3149 1227 primus
3191 1159 3526 1212 transcendit
3556 1160 3601 1225 ),

2039 1254 2098 1298 ut
2122 1262 2292 1316 nequc
2321 1259 2543 1318 angusta
2581 1248 2846 1303 divinitas
2884 1256 3121 1308 maneat,
3154 1260 3327 1315 neque
3366 1245 3420 1299 in
3481 1245 3605 1299 infi-

2036 1336 2210 1390 nitum
2248 1336 2577 1391 diffundatur
2616 1353 2628 1389 :
2672 1338 2722 1392 id
2764 1338 2909 1393 enim
2940 1345 3080 1392 esset
3126 1335 3462 1400 indecorum,
3504 1336 3607 1389 hoc

2038 1434 2216 1482 autem
2269 1429 2599 1494 confusum;
2637 1426 2767 1481 illud
2838 1426 3145 1482 Iudaeorum
3203 1425 3447 1491 omnino,
3504 1425 3607 1478 hoc

2035 1519 2343 1576 Grecorum
2380 1520 2739 1588 multiplicem
2773 1519 2999 1573 deorum
3036 1519 3243 1572 turbam
3294 1519 3606 1584 contingen-

2038 1614 2191 1667 tium.
2214 1611 2295 1665 Ad
2324 1610 2433 1664 lucc
2465 1625 2569 1665 non
2603 1610 2869 1664 inerudite
2902 1610 3150 1673 fortasse,
3179 1624 3276 1662 nec
3299 1608 3479 1671 stulte,
3512 1608 3606 1661 sed

365 1694 571 1762 μᾶλλον
600 1698 735 1767 τιμᾷ
756 1697 828 1766 τῷ
857 1696 1141 1767 διδομένῳ,
1173 1698 1204 1766 ἢ
1243 1696 1507 1766 ἀτιμάζει
1540 1697 1618 1767 τῷ
1660 1700 1929 1767 ἀφαιρου-

2037 1702 2193 1757 valde
2247 1700 2588 1755 considerate
2618 1701 2891 1771 perpendo
2947 1710 3109 1768 atque
3167 1699 3458 1768 perspicio,
3508 1697 3606 1751 tibi

363 1785 527 1852 μένῳ.
562 1785 665 1839 κᾶν
691 1789 1050 1856 προσποίησιν
1082 1788 1178 1861 ἔχῃ
1205 1790 1375 1858 τιμῆς
1397 1790 1457 1842 τὸ
1492 1789 1796 1857 γινόμενον.
1824 1788 1934 1840 Καὶ

359 1877 412 1929 ετ
440 1892 525 1928 σοι
563 1877 863 1932 πλάττεται
906 1879 1051 1948 πάθη
1104 1881 1230 1949 περὶ¹
1288 1881 1386 1951 τὴν
1441 1882 1716 1949 γέννησιν,
1767 1882 1935 1949 κάμοὶ

358 1969 488 2038 περὶ
515 1969 618 2039 τὴν
668 1969 872 2024 κτίσιν.
912 1971 1050 2024 Οὐδὲ
1089 1971 1200 2042 γὰρ
1249 1972 1312 2026 τὸ
1345 1972 1666 2044 κτιζόμενον
1705 1972 1934 2035 ἀπαθῶς

355 2057 473 2113 εζδα
505 2059 855 2130 κτιζόμενον,
909 2063 959 2114 εί
1019 2064 1112 2115 καὶ
1176 2064 1250 2133 μὴ
1303 2065 1629 2135 γεγέννηται
1664 2064 1807 2117 κατὰ
1844 2064 1928 2126 σὲ,

361 2149 495 2217 μηδὲ
518 2150 772 2203 ἔκτισται
808 2154 948 2205 κατὰ
978 2155 1069 2207 τὸν
1100 2154 1276 2225 ἁληθῆ
1305 2155 1485 2224 λόγον.
1517 2156 1676 2221 Δέξαι
1714 2156 1810 2209 τοῦ
1841 2156 1930 2209 λό-

358 2255 454 2306 γου
479 2257 565 2293 σοι
603 2241 667 2294 τὸ
701 2242 1022 2313 λειπόμενον
1050 2248 1076 2299 ὁ
1111 2246 1310 2318 μικροῦ
1347 2248 1408 2300 τὸ
1451 2249 1567 2301 ῖσον
1608 2248 1787 2317 λέγειν
1812 2248 1928 2302 τολ-

359 2330 476 2398 μῶν
497 2331 588 2384 διὰ
609 2333 712 2401 τῆς
744 2337 1120 2407 προσηγορίας
1139 2337 1235 2391 τοῦ
1260 2338 1572 2402 κτίσαντος.

2031 1794 2273 1863 quidem,
2313 1793 2357 1847 si
2397 1791 2591 1846 Filium
2621 1792 2859 1862 genitum
2894 1791 3170 1857 admittas,
3199 1792 3396 1845 nullum
3453 1789 3597 1858 peri—

2031 1884 2213 1940 culum
2245 1883 2555 1949 imminere,
2588 1894 2643 1937 ut
2684 1883 2773 1951 qui
2812 1892 3057 1953 generat,
3090 1883 3139 1937 in
3164 1898 3349 1937 earuzn
3383 1895 3501 1949 quae
3538 1881 3589 1932 in

2032 1990 2258 2045 corpora
2286 1983 2341 2029 et
2371 1974 2651 2047 materiam
2684 1974 2904 2037 cadunt,
2961 1972 3301 2027 affectionem
3361 1971 3597 2040 aliquam

2030 2064 2298 2129 incurrat,
2326 2079 2449 2119 cum
2480 2079 2585 2118 non
2616 2063 2689 2118 sit
2714 2079 2935 2134 corpus.
2994 2063 3186 2118 Procul
3212 2064 3356 2117 enim
3413 2063 3603 2118 absce-

2035 2157 2185 2221 dant,
2212 2172 2333 2211 cum
2364 2156 2427 2209 de
2454 2155 2559 2209 Deo
2579 2155 2869 2225 loquimur,
2906 2170 3222 2210 communes
3252 2156 3372 2210 istae
3424 2155 3608 2223 suspi-

2033 2250 2240 2313 ciones,
2273 2256 2330 2302 ut
2352 2247 2637 2301 timeamus
2661 2248 2751 2302 ubi
2788 2248 2965 2304 nullus
2994 2258 3078 2304 est
3103 2250 3285 2314 timor,
3339 2255 3392 2303 et
3460 2246 3604 2316 quod

2030 2339 2134 2393 dici
2169 2338 2326 2404 solet,
2363 2339 2559 2393 frustra
2584 2339 2733 2409 impii
2763 2340 2956 2394 simus.
2988 2338 3116 2394 Mihi
3141 2354 3288 2405 vero,
3343 2340 3387 2392 si
3441 2352 3597 2392 crea-

362 2436 472 2478 una
503 2426 807 2493 admisero,
850 2428 981 2482 illud
1012 2430 1220 2483 instare
1281 2429 1585 2499 periculum
1626 2429 1803 2496 video,
1865 2438 1924 2482 ut
1965 2427 2309 2482 divinitatem
2344 2425 2633 2483 offendam.
2700 2426 2886 2498 Neque
2920 2428 3063 2483 enim
3108 2429 3245 2482 Deus
3307 2436 3391 2481 est
3443 2427 3488 2478 is
3513 2422 3605 2493 qui

355 2526 571 2572 creatus
603 2526 712 2584 est,
742 2534 842 2574 nec
872 2520 1147 2586 Dominus,
1171 2520 1263 2590 qui
1314 2534 1633 2587 conservus,
1691 2520 1815 2575 licet
1870 2522 1925 2575 itt
1965 2535 2153 2576 eorum
2208 2519 2300 2591 qui
2362 2520 2529 2574 creati
2558 2529 2612 2574 et
2651 2519 2795 2575 servi
2836 2529 2965 2574 sunt
3009 2534 3238 2575 numero
3278 2517 3481 2587 primas
3537 2516 3610 2568 fe-

356 2627 462 2682 rat,
492 2624 549 2672 et
583 2615 697 2671 hac
723 2631 829 2668 una
856 2630 914 2669 re
965 2631 1023 2671 se
1082 2617 1408 2671 contumelia
1451 2617 1704 2673 affectum
1754 2617 2078 2673 demulceat.
2107 2616 2244 2671 Nam
2290 2615 2381 2685 qui
2415 2604 2597 2671 debito
2664 2616 2868 2671 honore
2939 2614 3171 2683 aliquem
3238 2615 3434 2682 privat,
3497 2625 3607 2664 nou

359 2706 528 2776 magis
551 2721 676 2759 eum
705 2704 953 2773 decorat,
978 2707 1121 2775 quod
1151 2707 1203 2761 ei
1248 2707 1450 2777 aliquid
1494 2707 1641 2763 aliud
1703 2705 2069 2777 impartiatur,
2096 2721 2254 2776 quam
2313 2705 2605 2775 ignominia
2645 2703 2811 2759 allicit
2876 2719 2940 2759 ex
2973 2717 3040 2759 eo
3067 2702 3207 2770 quod
3256 2701 3334 2755 illi
3393 2700 3603 2764 adimit,

355 2803 483 2858 licet
502 2816 568 2857 ea
600 2817 707 2867 res,
738 2817 902 2872 quam
933 2804 1200 2871 attribuit,
1259 2805 1482 2861 honoris
1542 2806 1776 2874 speciem
1833 2804 2100 2873 prmlcl‘al.
2131 2803 2281 2869 Quod
2318 2803 2362 2857 si
2429 2801 2523 2855 tibi
2550 2801 2606 2855 in
2662 2800 3009 2869 generatione
3035 2796 3346 2851 affectiones
3415 2807 3609 2848 occur-

360 2908 508 2961 mut,
538 2908 837 2953 Occurrunt
865 2897 1028 2951 etiam
1057 2899 1189 2953 mihi
1250 2900 1304 2953 in
1340 2900 1636 2965 creatione,
1669 2903 1787 2954 sine
1836 2900 2034 2969 quibus
2096 2898 2230 2951 nihil
2280 2907 2520 2952 creatum
2550 2897 2948 2960 animadverto,
3019 2894 3064 2948 si
3132 2900 3188 2945 tu
3224 2906 3329 2946 non
3355 2903 3474 2944 esse
3511 2903 3602 2957 ge-

360 2987 530 3046 nitum
553 2989 790 3047 aﬂirmas
811 3004 876 3043 ex
916 2990 1173 3059 opinione
1200 3000 1310 3057 tua,
1330 3002 1382 3047 et
1412 3007 1511 3062 ego
1541 3007 1645 3046 non
1688 3007 1807 3047 esse
1841 3002 2080 3045 creatum
2118 3002 2301 3046 assero
2324 3003 2391 3043 ex
2432 2987 2679 3042 veritate.
2711 2986 2816 3041 Sed
2866 2986 2979 3054 jam
3035 2984 3299 3053 reliquam
3351 2981 3606 3038 orationis

361 3096 567 3153 partem
598 3085 785 3153 accipe
809 3094 884 3149 tu,
908 3086 1001 3155 qui
1027 3094 1269 3141 creatum
1300 3088 1577 3156 appellans
1603 3089 1770 3143 audes
1796 3103 1943 3152 eum,
1984 3089 2073 3155 qui
2112 3098 2309 3155 parvus
2334 3090 2437 3148 est,
2474 3083 2736 3151 aequalem
2767 3084 2973 3137 dicere.

467 3176 581 3231 Τοῦ
605 3177 793 3231 αὑτοῦ
822 3178 894 3231 ἐκ
925 3177 1031 3231 τοῦ
1060 3182 1148 3245 εις
1178 3182 1244 3234 τὸ
1274 3181 1489 3251 Πάσχα
1524 3181 1583 3246 ,β’
1618 3186 1825 3252 λόγου.

426 3268 617 3322 Ταῦτα
650 3269 905 3333 ἐγκαλεῖς
938 3270 1101 3341 Θεῷ;
1148 3274 1249 3325 Διὰ
1291 3275 1465 3328 ταῦτα
1520 3276 1933 3347 ὑπολαμϐάνεις

360 3357 598 3427 χείρονα,
630 3359 713 3411 ὅτι
763 3359 955 3432 λεντίῳ
1006 3361 1391 3427 διαζώννυται,
1433 3369 1530 3418 καὶ
1583 3366 1764 3420 νίπτει
1806 3368 1932 3427 τοὺς

361 3447 531 3512 πόδας
570 3450 685 3503 τῶν
736 3452 1018 3521 μαθητῶν,
1066 3454 1162 3507 καὶ
1210 3455 1485 3510 δείκνυσιν
1535 3460 1765 3528 ἀρίστην
1813 3460 1932 3513 ὁδὸν

362 3542 627 3611 ὑψώσεως
661 3544 762 3613 τὴν
795 3546 1158 3616 ταπείνωσιν;
1194 3550 1317 3602 Ὀτι
1342 3550 1430 3603 διὰ
1455 3553 1554 3620 τὴν
1583 3553 1923 3619 συγκύπτου·

362 3653 461 3688 σαν
488 3638 667 3706 χαμαὶ
687 3637 868 3708 ψυχὴν
898 3641 1278 3709 ταπεινοῦται,
1315 3644 1404 3696 ῖνα
1435 3646 1530 3696 καὶ
1553 3643 1847 3715 συνυψῶση
1871 3646 1930 3696 τὸ

334 3728 510 3781 -κατω
542 3729 700 3782 νεῦον
752 3732 857 3784 ὑπὸ
893 3734 990 3803 τῆς
1022 3735 1337 3804 ἀμαρτίαςς
1387 3737 1595 3790 Ἐκεῖνο
1627 3738 1683 3791 δὲ
1716 3737 1832 3799 πῶς
1866 3738 1927 3789 οὐ

360 3823 708 3890 κατηγορεῖς,
741 3822 825 3874 δτι
861 3826 952 3875 καὶ
986 3828 1122 3893 μετὰ
1142 3826 1391 3878 τελωνῶν
1423 3826 1615 3889 ἐσθίει,
1653 3830 1745 3879 καὶ
1778 3827 1930 3895 παρὰ

358 3908 640 3977 τελώναις,
687 3914 783 3965 καὶ
818 3915 1118 3985 μαθητεύει
1151 3917 1409 3979 τελώνας,
1452 3918 1539 3971 ἵνα
1562 3918 1657 3971 καὶ
1688 3917 1850 3981 αὐτός
1876 3936 1929 3971 τι

359 4000 598 4073 κερδάνῃ
626 4020 640 4065 ;
669 4003 736 4055 Τί
765 4002 956 4069 τοῦτος
985 4005 1097 4075 Τὴν
1126 4007 1235 4058 τῶν
1262 4007 1605 4077 ἁμαρτωλῶν
1628 4020 1925 4079 σωτηρίαν·

358 4094 407 4144 εί
450 4091 525 4162 μὴ
574 4094 672 4145 καὶ
698 4094 788 4147 τὸν
842 4096 1026 4165 ἰατρὸν
1064 4096 1283 4165 αίτιῷτό
1343 4115 1447 4163 τις,
1502 4100 1583 4151 ὅτι
1619 4100 1927 4167 συγκύπτει

361 4184 456 4235 ἐπὶ
483 4186 554 4235 τὰ
585 4184 757 4253 πάθη,
797 4185 894 4239 καὶ
954 4186 1220 4240 δυσωδίαν
1250 4189 1523 4258 ἀνέχεται,
1567 4190 1652 4243 τνα
1713 4190 1787 4259 δῷ
1827 4194 1927 4256 τὴν

338 4276 575 4344 ⁸ὑγίειαν
603 4282 714 4341 τοῖς
738 4280 1029 4348 κάμνουσι,
1063 4282 1159 4335 καὶ
1189 4284 1282 4335 τὸν
1310 4282 1721 4353 ἰπικ).ινόμενον
1747 4284 1926 4354 βόθρῳ

354 4368 442 4423 διὰ
474 4370 913 4439 φιλανθρωπίαν,
947 4372 1033 4425 ἵνα
1061 4373 1122 4425 τὸ
1167 4375 1529 4442 ὲμπεπτωκὸς
1553 4374 1752 4444 κτῆνος
1782 4378 1926 4429 κατὰ

355 4461 448 4513 τὸν
485 4462 653 4530 νόμον
705 4463 1081 4534 ἁνασώσηται.
1135 4467 1439 4537 ’Λπεστὰλη
1487 4468 1619 4536 μὲν,
1679 4468 1794 4520 ἀλλ’
1848 4468 1923 4531 ὡς

2294 3176 2552 3247 Ejusdem
2589 3192 2655 3230 ea:
2687 3178 2924 3231 oratione
2949 3191 2985 3231 ιι
3028 3176 3082 3229 in
3112 3175 3337 3230 Pascha.

2106 3271 2229 3327 l‘ltec
2258 3270 2453 3339 obiicis
2488 3270 2634 3325 Deo?
2685 3269 2976 3338 Propterea
3033 3279 3190 3338 putas
3244 3267 3394 3321 illum
3456 3265 3605 3334 abjcc

2031 3365 2283 3427 ctiorem,
2317 3363 2461 3430 quod
2492 3362 2661 3415 linteo
2703 3362 3063 3430 succingitur,
3095 3369 3151 3413 ct
3213 3359 3602 3427 discipulorum

2031 3456 2196 3523 pedes
2228 3454 2369 3507 lavat
2403 3491 2418 3512 ,
2462 3455 2827 3521 optimamque
2857 3452 2924 3505 ad
2954 3451 3335 3504 exultationem
3394 3458 3448 3502 et
3493 3450 3608 3516 glo-

2031 3548 2164 3599 riam
2202 3546 2371 3610 viam,
2413 3544 2795 3608 humilitatem,
2837 3543 3223 3597 demissionem
3269 3555 3389 3593 esse
3424 3539 3605 3594 decla-

2031 3645 2149 3695 rat?
2179 3640 2319 3708 quod
2353 3648 2573 3708 propter
2603 3637 2841 3689 animum
2890 3635 3039 3688 humi
3086 3634 3347 3702 deiectam
3417 3631 3604 3696 depri-

2029 3729 2217 3794 mitur,
2242 3737 2302 3781 ut
2333 3728 2385 3781 id
2414 3728 2558 3795 quod
2592 3735 2816 3795 peccato
2868 3724 3125 3777 alllictum
3163 3724 3417 3774 deorsum
3475 3731 3601 3772 ten-

2027 3823 2209 3889 debat,
2230 3823 2427 3876 excitet
2482 3831 2646 3890 atque
2703 3819 2974 3873 extollat?
3021 3816 3132 3869 Cur
3165 3830 3270 3869 non
3342 3813 3391 3867 ei
3437 3811 3603 3867 simul

2031 3914 2196 3967 etiam
2253 3913 2470 3968 crimini
2544 3912 2733 3977 vertis,
2782 3910 2924 3979 quod
2986 3922 3109 3963 cum
3175 3904 3474 3973 publicanis
3546 3915 3604 3958 et

2028 4007 2167 4074 apud
2214 4004 2528 4075 publicanos
2554 4004 2813 4068 comedit,
2844 4012 2901 4055 ut
2931 4001 3046 4070 ipse
3092 4011 3307 4066 quoque
3361 3997 3602 4049 lucretur

2026 4098 2273 4167 aliquid?
2302 4097 2609 4164 Quidnam?
2640 4095 2877 4150 Salutem
2903 4100 3272 4162 peccatorum.
3307 4088 3371 4142 Ut
3396 4089 3439 4141 si
3476 4088 3602 4155 quis

2027 4189 2292 4243 medicum
2351 4199 2590 4251 accuset,
2625 4188 2770 4257 quod
2818 4186 2887 4239 ad
2951 4183 3325 4253 argrotantiunt
3383 4182 3602 4233 morbus

2020 4292 2077 4334 ‘ct
2107 4282 2323 4336 vulnera
2370 4281 2707 4348 inspicienda
2762 4291 2880 4332 sese
2935 4276 3188 4339 demittit,
3246 4274 3604 4339 fwtorctnque

2026 4374 2249 4444 perfert,
2280 4384 2340 4429 ut
2391 4388 2487 4428 eos
2549 4384 2724 4427 curet.
2796 4371 2903 4423 Aut
2952 4368 2997 4422 si
3054 4368 3177 4436 quis
3242 4366 3605 4434 reprehendat

2025 4481 2146 4519 eum
2177 4466 2267 4536 qtti
2299 4464 2633 4519 humanitate
2662 4461 2974 4527 compulsus
3006 4460 3058 4512 in
3113 4457 3314 4512 fossam
3374 4459 3601 4509 descen-

354 4551 663 4621 ἄνθρωπος.
691 4553 921 4615 Διπλοῦς
947 4556 1054 4626 γὰρ
1082 4550 1171 4625 ἦν.
1209 4556 1366 4611 Ἐπεὶ
1393 4561 1487 4612 καὶ
1509 4559 1796 4625 ἐκοπίασε,
1831 4563 1926 4614 καὶ

2032 4560 2214 4624 dit,ut
2243 4558 2553 4627 iumentum
2612 4555 2944 4626 prolapsum,
3005 4549 3461 4619 quemadmodum
3512 4547 3597 4601 lex

356 4641 637 4711 ἑπείνησε,
675 4645 769 4697 καὶ
802 4646 1047 4714 tam“,
1083 4647 1178 4700 καὶ
1206 4650 1502 4717 ὴγωνίασε,
1530 4651 1625 4703 καὶ
1655 4652 1925 4724 ἐδάκρυσε

353 4732 506 4803 νόμῳ
541 4734 819 4802 σώματος.
864 4739 925 4790 El
961 4738 1018 4791 δὲ
1055 4741 1151 4792 καὶ
1188 4741 1265 4803 ῶς
1291 4742 1445 4808 Θεὸς,
1491 4744 1543 4796 τί
1582 4746 1779 4809 τοῦτο;
1811 4746 1926 4815 Ύὴν

355 4824 607 4878 εὐδικίαν
639 4825 736 4879 τοῦ
793 4828 1004 4898 [ἰατρὸς
1029 4831 1338 4903 ἀποστολὴν
1362 4830 1500 4889 εἶναι
1544 4835 1787 4905 νόμισον,
1840 4838 1926 4907 ἐφ’

352 4913 411 4964 ὃν
446 4915 713 4984 ἀναφέρει
744 4918 810 4969 τὰ
839 4920 1058 4984 ἑαυτοῦ,
1086 4924 1182 4975 καὶ
1208 4923 1285 4987 ὡς
1321 4926 1501 4996 ἀρχὴν
1541 4926 1718 4994 τιμῶν
1760 4927 1925 4996 ἄχροο

354 5022 466 5070 νον,
498 5007 598 5059 καὶ
644 5008 736 5061 τοῦ
785 5011 863 5080 μὴ
905 5010 1083 5065 δοκεῖν
1138 5010 1277 5068 εἶναι
1312 5017 1580 5078 ἀντίθεος.
1630 5017 1783 5070 Ἐπεὶ
1831 5019 1925 5073 καὶ

356 5101 758 5169 παραδεδόσθαι
802 5104 1042 5173 λέγεται,
1075 5107 1211 5161 ἀλλὰ
1245 5110 1339 5161 καὶ
1374 5111 1566 5163 ἑαυτὸν
1610 5110 1926 5180 παραδεδω-

354 5197 506 5246 κέναι
532 5194 866 5264 γέγραπται,
900 5201 995 5252 καὶ
1044 5201 1344 5271 ὲγηγέρθαι
1373 5202 1527 5272 παρὰ
1550 5203 1646 5256 τοῦ
1685 5206 1922 5275 Πατρὸς,

355 5288 446 5336 καὶ
481 5287 824 5356 ἀνειλῆφθαι,
867 5290 1006 5344 ἀλλὰ
1038 5294 1131 5345 καὶ
1175 5294 1366 5346 ἑαυτὸν
1410 5295 1797 5364 ἀνεστηκὼαι,
1828 5296 1924 5351 καὶ

355 5376 744 5446 ἀνεληλυθέναι
794 5380 979 5436 πάλιν.
1048 5383 1266 5438 Ἐκεῖνα
1298 5389 1396 5455 τῆς
1442 5387 1714 5452 εὐδοκίας,
1751 5388 1924 5441 ταῦτα

353 5466 451 5533 τῆς
485 5467 756 5533 ἐξουσίας.
793 5472 864 5525 Σὺ
904 5473 961 5526 δὲ
1007 5474 1073 5527 τὰ
1108 5475 1209 5545 μὲν
1246 5476 1574 5530 ἑλαττοῦντα
1606 5478 1810 5546 λέγεις,
1854 5480 1923 5531 τὰ

356 5558 594 5627 ὕψοῦυτα
621 5562 678 5615 δὲ
707 5566 1099 5637 παρατρέχεις.
1124 5568 1234 5623 Καὶ
1255 5569 1338 5623 ὅτι
1370 5571 1467 5640 μὲν
1490 5571 1678 5636 ἔπαθε,
1704 5573 1920 5643 λογίζῃ,

356 5648 437 5701 ὅτι
474 5649 529 5704 δὶ
561 5652 720 5722 ἑκὼν,
776 5658 835 5710 οὑ
866 5660 1192 5731 προστίθης’
1238 5659 1325 5717 οἷα
1360 5664 1557 5734 πάσχει
1613 5665 1704 5721 καὶ
1750 5666 1843 5718 νῦν
1895 5667 1921 5717 ὁ

2024 4653 2289 4723 praecipit,
2318 4652 2521 4705 excitet
2562 4663 2627 4702 ac
2688 4647 2951 4703 sublevet.
2989 4644 3187 4699 Missus
3241 4643 3330 4696 ille
3380 4640 3597 4710 quidem

2023 4755 2124 4809 est,
2148 4745 2240 4798 sed
2276 4752 2331 4796 ut
2360 4743 2540 4796 homo.
2577 4738 2784 4807 Duplex
2851 4736 2992 4790 enim
3046 4742 3188 4789 erat.
3233 4731 3594 4797 Quamobrem

2021 4848 2077 4893 et
2115 4836 2363 4899 esurivit,
2392 4844 2445 4888 et
2472 4832 2668 4896 sitivit,
2712 4840 2770 4885 et
2813 4841 3050 4883 incerare
3092 4823 3315 4879 allectus
3382 4832 3486 4885 est,
3542 4830 3598 4875 et

2023 4926 2340 4996 Iacrymavit
2369 4921 2619 4991 corporis
2649 4921 2785 4988 lege.
2823 4918 2962 4983 Quid
2989 4916 3035 4972 si
3091 4917 3253 4969 etiam
3316 4922 3373 4967 ut
3421 4910 3598 4964 Deus?

2028 5019 2164 5087 Quid
2198 5016 2351 5071 tum?
2394 5013 2705 5067 Missionem
2738 5025 2800 5064 ac
2840 5010 3161 5077 legationem
3195 5007 3341 5059 illam
3398 5004 3595 5059 bonam

2027 5110 2201 5166 Patris
2228 5109 2554 5162 voluntatem
2593 5105 2968 5171 interpretare,
3023 5100 3108 5153 cui
3159 5113 3253 5153 sua
3302 5095 3390 5150 ille
3425 5094 3595 5149 refert

2028 5210 2269 5270 accepta,
2302 5212 2535 5265 eumque
2567 5205 2808 5258 tempore
2829 5199 3099 5245 carentem
3147 5188 3297 5253 colit,
3330 5195 3387 5239 ut
3448 5184 3597 5253 priu-

2025 5293 2246 5361 cipium,
2286 5304 2351 5343 ne
2384 5293 2451 5341 ab
2490 5287 2609 5357 ipso
2631 5285 2939 5349 discrepare
3004 5282 3271 5334 videatur.
3332 5275 3591 5341 Quando-

2027 5382 2323 5454 quidemet
2371 5379 2604 5433 traditus
2665 5375 2884 5437 dicitur,
2917 5385 2972 5427 et
3017 5386 3076 5425 se
3133 5370 3245 5439 ipse
3308 5365 3594 5420 tradidisse

2030 5475 2285 5530 scribitur
2314 5480 2367 5525 et
2388 5468 2679 5524 suscltatus
2717 5474 2877 5533 atque
2902 5472 3207 5529 assumptus
3239 5475 3267 5513 a
3302 5458 3479 5521 Patre,
3543 5466 3597 5511 et

2031 5583 2091 5623 se
2132 5567 2244 5635 ipse
2276 5563 2589 5625 suscitasse,
2632 5568 2795 5628 atque
2824 5558 2877 5611 in
2913 5555 3108 5610 uelum
3134 5553 3458 5607 ascendisse.
3502 5547 3592 5602 Illa

2030 5664 2183 5718 bona:
2214 5657 2499 5716 voluntatis
2532 5664 2678 5721 sunt,
2734 5654 2845 5715 haec
2901 5649 3207 5723 potestatis.
3270 5645 3349 5699 'l‘u
3413 5650 3601 5699 autem
