4042 6204
392 230 497 289 59)
1636 217 2015 281 ΕΙΠἮΥΜΙΙ
2061 215 2417 277 ΖίΟΔΒΕΧΙ
3540 200 3655 265 6οΊ

393 356 512 401 «tuae
542 341 765 396 humilia
797 351 848 396 ct
884 340 1090 407 abiecta
1129 346 1252 390 sunt
1308 348 1702 389 commemoras
1732 348 1747 395 ;
1804 332 1971 383 subli-

2075 329 2268 395 Λόγος,
2301 326 2405 380 ὑπὸ
2440 327 2539 395 μὲν
2575 326 2685 378 τῶν
2717 325 2793 389 ὡς
2824 326 2958 386 Θεὸς
2984 324 3233 393 τιμᾶται,
3282 318 3378 372 καὶ⁸
3412 316 3659 372 συναλεί-

398 437 501 487 mia
536 451 662 490 vero
686 445 848 504 atque
879 435 1137 504 prmclara
1181 428 1571 500 prmlcrtuittis.
1624 426 1774 491 Quod
1833 438 1975 477 mor-

2073 436 2256 486 φεται,
2284 416 2388 470 ὑπὸ
2412 418 2469 468 δὲ
2503 417 2613 469 τῶν
2638 418 2713 479 ὡς
2752 416 2889 486 σὰρξ
2917 414 3264 484 ἀτιμάζεται,
3292 410 3386 464 καὶ
3421 408 3658 479 χωρίζε-

396 535 520 583 tuus
551 528 619 583 sit
651 503 926 596 expendis.
954 526 1096 597 quod
1131 534 1308 578 autem
1350 520 1491 576 ultro
1532 527 1759 574 mortem
1812 532 1976 587 oppe-

2073 530 2187 567 ται.
2220 511 2376 564 Τίσιν
2403 510 2634 581 ὀργισθῇ
2674 511 2860 574 πλέον,
2898 509 3100 578 μᾶλλον
3128 505 3183 558 δὲ
3207 505 3349 557 τίσιν
3374 504 3511 572 ἀφῇ,
3542 503 3659 563 τοῖς

399 621 566 685 tierit,
596 637 698 674 non
717 621 1053 675 consideras.
1073 616 1221 670 Talia
1251 615 1486 670 Verbum
1530 628 1669 667 nunc
1691 612 1853 667 etiam
1887 626 1978 679 pa-

2077 602 2394 675 συναιροῦσι
2432 602 2639 665 κακῶς.
2693 602 2724 672 ἢ
2776 605 2889 665 τοῖς
2923 603 3218 672 τέμνουσις
3254 598 3364 650 Καὶ
3415 596 3523 665 γὰρ
3557 595 3660 646 κά-

401 715 551 773 t’tur,
584 712 708 766 dum
736 712 803 763 ab
834 710 951 763 aliis
984 720 1041 763 ut
1076 708 1217 762 Deus
1275 706 1469 763 colitur
1529 716 1692 771 alque
1750 702 1975 757 confun-

2075 695 2293 757 κείνους
2328 693 2562 763 διαιρεῖν
2591 692 2720 753 ἔδει,
2763 691 2862 745 καὶ
2904 690 3130 752 τούτους
3167 687 3471 741 συνάπτειν
3494 698 3509 711 ⁸
3531 685 3660 747 τοὺς

400 808 566 867 ditur,
606 807 671 853 ab
700 803 820 855 aliis
873 812 931 855 ιιι
998 816 1125 855 caro
1190 798 1492 868 deSpicitur
1558 805 1613 850 et
1662 802 1971 862 separatur.

2081 786 2182 857 μὲν
2213 784 2293 856 τῷ
2326 784 2568 855 ἀριθμῷ,
2623 786 2749 847 τοὺς
2781 783 2837 836 δὲ
2871 785 2934 853 τῇ
2992 781 3231 849 θεότητι.
3282 776 3661 849 Προσκόπτεις

404 892 553 946 Utris
584 892 751 959 magis
797 892 1083 958 irascatur,
1109 900 1200 944 aut
1236 890 1415 959 potius
1450 886 1737 958 ignoscat?
1771 884 1971 948 illisue,

2074 882 2141 949 τῇ
2179 878 2380 949 σαρκίς
2419 877 2590 930 Τοῦτο
2623 877 2718 929 καὶ
2773 876 3039 930 Ἰουδαῖοι.
3072 874 3143 926 Ἦ
3176 872 3270 925 καὶ
3310 869 3662 940 Σαμαρείτην

401 983 655 1049 aquibus
695 982 831 1035 male
862 984 1224 1045 contrahitur,
1267 996 1332 1034 an
1382 979 1509 1039 illis,
1558 993 1587 1031 a
1644 976 1839 1047 quibus
1897 975 1974 1027 di-

2077 967 2378 1029 ἀποκαλεῖς
2408 984 2424 1032 ;
2484 969 2581 1020 καὶ
2615 966 2675 1019 τὸ
2712 963 2841 1034 ἑξῆς
2870 966 3238 1035 σιωπήσομαι.
3286 961 3561 1021 ’Δπιστεῖς
3596 961 3659 1028 τῇ

405 1074 711 1127 scinditur?
732 1073 1029 1141 Oportebat
1055 1076 1196 1127 enim
1225 1082 1283 1129 ut
1309 1085 1363 1127 et
1394 1072 1470 1126 illi
1503 1084 1763 1140 personas
1786 1082 1977 1123 nume-

2079 1060 2336 1129 θεότητις
2366 1057 2539 1112 Τοῦτο
2589 1058 2710 1111 οὐδὲ
2761 1059 2807 1110 oi
2850 1057 3125 1124 δαίμονες,
3169 1049 3213 1109 ὧ
3264 1052 3359 1107 καὶ
3389 1052 3663 1118 δαιμόνων

404 1179 464 1215 ιο
494 1163 908 1227 distinguerent.
939 1174 991 1217 et
1022 1166 1072 1218 hi
1117 1179 1210 1218 eas
1249 1163 1533 1216 divinitate
1564 1160 1978 1229 coniungerent.

2079 1153 2404 1222 ἀπιπτότερε
2478 1152 2577 1213 σὺ,
2645 1151 2739 1203 καὶ
2819 1148 3096 1202 Ἰουδαίων
3162 1142 3655 1213 ἀγνωμονέστερεί

401 1252 577 1307 Carne
611 1256 1132 1323 ipsius,oll‘enderis?
1167 1255 1221 1307 ld
1251 1253 1453 1308 Judaris
1483 1253 1645 1306 etiam
1674 1248 1974 1304 accidebat.

2096 1247 2326 1298 Ἐκεῖνοι
2358 1243 2458 1310 τὴν
2480 1243 2572 1296 τοῦ
2597 1243 2728 1295 Υίοῦ
2756 1239 3131 1313 προσηγορίαν
3158 1235 3453 1308 ὁμοτιμίας
3482 1232 3665 1300 φωνὴν

404 1346 538 1399 Num
568 1358 621 1399 ct
651 1346 1049 1401 Samaritanum
1084 1349 1101 1417 (
1136 1357 1194 1402 ut
1224 1347 1367 1417 quod
1422 1344 1670 1414 sequitur
1721 1354 1925 1396 taceam
1958 1339 1978 1410 )

2088 1339 2371 1407 ἐνόμισαν,
2403 1331 2549 1389 οῦτοι
2583 1335 2673 1387 τὸν
2709 1334 3001 1388 ἐλαύνοντα
3042 1333 3175 1384 Θεὸν
3203 1330 3423 1400 ᾔδεσαν.
3481 1324 3666 1377 Ἐπεί-

406 1437 557 1491 illum
590 1438 823 1505 appellas
852 1439 875 1490 ?
904 1438 981 1491 Tu
1030 1416 1301 1491 Diviuitati
1330 1452 1435 1490 nun
1470 1434 1665 1491 credis.
1726 1434 1882 1498 Quod
1914 1446 1981 1484 ne

2090 1430 2247 1483 θοντο
2276 1430 2385 1500 γὰρ
2418 1429 2477 1493 ἐξ
2525 1422 2600 1482 ὧν
2645 1428 2904 1495 ἔπασχον.
2940 1426 3012 1477 Σὺ
3045 1423 3100 1476 δὲ
3141 1422 3261 1474 οὐδὲ
3299 1419 3400 1488 τὴν
3446 1416 3670 1483 ἰσότητα

408 1536 680 1585 immunes
707 1532 920 1600 quidem
985 1528 1351 1585 faciebant.0
1413 1528 1747 1582 daemonibus
1810 1523 1983 1590 magis

1534 1528 1747 1581 mnibus
1810 1523 1983 1590 magis
2089 1523 2249 1593 δέγῃ,
2282 1522 2402 1575 οῦδὲ
2429 1521 2712 1591 ὁμολογεῖς
2747 1520 2845 1588 τὴν
2878 1517 3130 1586 θεότητα.

408 1623 1005 1689 ἱιι‹·ι’θι]ιιιιι,οι,ίιιιίαείε
1063 1625 1237 1693 magis
1290 1622 1535 1691 ingrate!
1578 1622 1640 1672 Hi
1694 1619 1812 1672 Filii
1866 1614 2283 1687 appellationem
2356 1615 2579 1683 aequalis
2643 1613 2865 1667 honoris
2900 1626 3085 1665 vorem
3139 1604 3544 1663 existimabant,
3597 1595 3671 1649 illi

407 1732 549 1779 eum,
594 1734 620 1770 a
653 1734 759 1785 quo
794 1692 1173 1785 ejitieliantur,
1227 1716 1392 1767 Deum
1442 1713 1810 1783 agnoscebant
1855 1727 1965 1764 :ex
2036 1711 2105 1764 iis
2151 1710 2293 1762 enim
2340 1722 2461 1777 quae
2511 1706 2875 1775 patiebantur,
2915 1704 2963 1757 id
2996 1701 3096 1755 sibi
3131 1698 3550 1769 persuadebunt.
3593 1692 3671 1747 Tu

408 1794 586 1865 alitem
622 1828 719 1865 nec
773 1812 1129 1879 aequalitatem
1181 1810 1431 1879 suscipis,
1492 1826 1589 1863 nec
1638 1809 1971 1863 divinitatem
2014 1806 2312 1863 conﬁteris.

414 1934 549 1988 Item
581 1936 828 1986 adversus
860 1935 1081 1986 Arianos
1103 1943 1148 1985 et
1176 1931 1535 1985 Eunomianos
1590 1930 1825 1999 Gregorii
1855 1929 1994 1997 Nys-

2066 1972 2067 1975 η
2106 1929 2230 1981 Ἔτι
2262 1924 2413 1979 κατὰ
2476 1918 3057 1999 Ἅρειαὶθῶνῌτςκαὶ
3102 1913 3506 1999 Εἰξιυμιᾳνᾱὲν.
3558 1912 3662 1999 tot?

486 2024 557 2055 διν
602 2005 865 2070 ponii/iris
897 2021 960 2057 ex
1002 2005 1239 2057 oratione
1298 2001 1367 2054 ad
1412 1984 1742 2072 Simpliiiuiu
1797 1984 1996 2067 scripta
2032 1984 2063 1990 '-

2061 1984 2063 1986 ⁷
2171 1998 2425 2061 Nereo-21¢
2614 1994 2717 2072 ζοῦ
2758 1990 2813 2055 β’
2860 1990 3048 2060 λόγου
3089 1988 3194 2041 τοῦ
3242 1988 3393 2054 πρὸς
3425 1984 3657 2052 Σιμπλί-

481 2076 544 2128 de
598 2064 759 2127 Filio.
1530 2064 1539 2072 '
1906 2064 1913 2067 ’

1530 2064 1539 2072 ’
1906 2064 1913 2067 ’
2174 2085 2309 2120 χιον
2338 2064 2472 2134 περὶ
2516 2064 2674 2118 Υίοῠ.

497 2248 635 2300 Deus
663 2258 757 2314 per
784 2242 1107 2312 I’rnplictam
1138 2240 1378 2310 prtecipit
1410 2255 1476 2294 ne
1507 2239 1673 2293 ullum
1700 2240 1863 2293 deum
1894 2253 1991 2292 uo-

2167 2237 2388 2288 Κελεύει
2417 2237 2443 2287 6
2470 2234 2599 2296 Θεὸς
2628 2233 2716 2286 διὰ
2746 2233 2840 2286 τοῦ
2873 2234 3157 2305 Προφήτου
3199 2234 3402 2305 μηδένα
3425 2236 3673 2306 modom-

419 2354 545 2393 vum
586 2336 753 2391 Deum
803 2349 926 2388 esse
959 2332 1358 2394 existimemus,
1406 2345 1578 2399 neque
1608 2329 1767 2383 deum
1803 2329 1997 2383 adore-

2098 2345 2187 2380 τον
2220 2326 2338 2379 θεὸν
2368 2326 2497 2378 Θεὸν
2529 2319 2665 2376 εἶναι
2714 2323 2984 2393 νομίζειν,
3044 2324 3180 2396 μηδὲ
3215 2330 3540 2393 προσκυνεῖν
3579 2329 3676 2383 ἀλθ

425 2446 545 2485 mus
574 2428 807 2482 alienum
836 2426 875 2480 ¹.
922 2422 1268 2476 Manifestum
1296 2429 1380 2476 est
1409 2431 1587 2475 autem
1618 2420 1763 2489 quod
1789 2435 1992 2473 novum

2099 2419 2296 2490 λοτρίῳ
2328 2417 2453 2488 θεῷ.
2505 2415 2715 2469 Οὐκοῦν
2751 2416 2906 2486 δῆλόν
2940 2419 3107 2481 ἐστιν,
3147 2417 3227 2470 ὅτι
3250 2418 3565 2487 πρόσφατον
3586 2420 3665 2473 λέ-

427 2524 624 2577 dicitur
657 2519 708 2573 id
745 2518 887 2587 quod
922 2531 951 2569 a
985 2518 1318 2585 sempiterno
1346 2528 1454 2566 non
1478 2521 1597 2578 est;
1620 2513 1687 2566 'ae
1713 2527 1908 2566 rursus
1930 2527 1997 2566 ex

2097 2527 2250 2577 γεται
2270 2507 2298 2559 6
2323 2509 2397 2578 μὴ
2418 2502 2478 2570 ἐξ
2508 2506 2678 2558 ἀϊδίου
2700 2504 2814 2557 ἐστί
2840 2519 2853 2533 ·
2899 2505 2994 2557 καὶ
3024 2507 3089 2558 ὲκ
3122 2505 3214 2558 τοῦ
3236 2507 3475 2559 ἐναντίου
3504 2510 3672 2564 πάλιν

427 2610 723 2671 contrario,
769 2607 1159 2674 sempiternum
1191 2602 1393 2657 dicitur
1440 2598 1586 2670 quod
1633 2615 1835 2653 novum
1888 2616 1998 2653 non

2100 2602 2266 2655 ἀΐδιον
2295 2600 2511 2668 λέγεται
2550 2598 2578 2651 ὃ
2621 2598 2696 2669 μὴ
2727 2598 3039 2669 πρόσφατόν
3080 2599 3245 2652 ἔστιν.
3286 2599 3344 2650 '0
3379 2599 3563 2654 τοίνυν
3596 2603 3674 2674 μὴ

427 2710 530 2755 est.
586 2700 751 2769 Igitur
805 2698 896 2765 qui
955 2711 1058 2749 non
1119 2710 1181 2751 ex
1250 2694 1583 2763 sempiterno
1648 2691 1998 2762 Uuigenitum

2102 2694 2159 2760 ἐξ
2184 2693 2348 2745 ἀῖδίου
2377 2691 2466 2744 τὸν
2489 2691 2764 2761 Μονογενῆ
2792 2689 2923 2742 Θεὸν
2955 2692 3019 2742 ὲκ
3052 2688 3145 2742 τοῦ
3175 2690 3383 2761 Πατρὸς
3415 2688 3553 2746 εἶναι
3580 2709 3672 2746 πι-

432 2793 599 2845 Deum
633 2806 698 2843 ex
730 2788 891 2841 Patre
927 2803 1049 2842 esse
1086 2787 1281 2849 credit,
1328 2801 1527 2839 novum
1569 2798 1693 2839 eum
1731 2799 1855 2838 esse
1890 2798 1996 2835 non

2105 2786 2327 2848 στεύων,
2350 2784 2661 2856 πρόσφατον
2689 2784 2849 2836 αὑτὸν
2878 2781 3015 2835 εἶναι
3039 2784 3137 2836 οὐκ
3168 2785 3409 2853 ἀρνεῖται
3435 2801 3450 2815 ·
3478 2784 3539 2836 τὸ
3563 2786 3670 2855 γὰρ

431 2890 625 2951 negat;
659 2880 799 2948 quod
830 2879 975 2931 enim
1010 2894 1117 2930 non
1153 2876 1565 2945 sempiternum,
1610 2889 1808 2928 novum
1848 2888 2004 2942 pror—

2108 2881 2179 2949 μὴ
2205 2878 2389 2936 aram.
2423 2878 2731 2945 πρόσφατον
2754 2874 2969 2937 πάντως
2994 2890 3008 2905 ο
3039 2876 3146 2926 πᾶν
3166 2874 3223 2927 δὲ
3246 2874 3307 2926 τὸ
3340 2876 3670 2945 πρόσφατον,

435 2989 530 3028 sus
561 2979 683 3037 est;
719 2970 1083 3040 quodcunque
1117 2979 1295 3021 autem
1330 2983 1532 3021 novum
1565 2975 1673 3029 est,
1722 2964 1866 3020 Deus
1897 2980 2004 3017 nou

2104 2971 2234 3032 Θεὸς
2282 2969 2381 3021 οὐκ
2425 2967 2605 3029 ἔστιν,
2650 2964 2830 3028 καθὼς
2864 2960 3017 3018 εἶπεν
3045 2966 3079 3036 ἡ
3103 2965 3295 3037 Γραφὴ
3318 3004 3335 3030 ,
3385 2967 3466 3019 ὅτι
3515 2985 3533 3018 ι
3562 2969 3675 3021 υύκ

435 3070 539 3122 est,
574 3059 1031 3130 quemadmodum
1077 3056 1210 3109 dicit
1250 3055 1529 3124 Scriptura
1564 3075 1576 3109 :
1614 3075 1631 3106 ι
1658 3054 1776 3109 Non
1814 3056 1917 3110 erit
1953 3056 2007 3108 in

2107 3062 2258 3113 ἔσται
2287 3061 2344 3110 ἐν
2390 3059 2472 3111 σοι
2504 3059 2635 3121 Θεὸς
2680 3058 3004 3127 πρόσφατος.
3034 3076 3051 3108 ι
3112 3060 3252 3127 ’Δρα
3278 3061 3307 3111 6
3335 3058 3538 3125 λέγων,
3594 3060 3674 3112 ὅτι

440 3162 491 3203 te
520 3150 663 3206 Deus
700 3165 895 3203 novus.
930 3149 950 3177 '
991 3165 1008 3197 ι
1051 3145 1195 3216 Ergo
1221 3147 1311 3215 qui
1343 3146 1495 3207 dicit,
1538 3145 1683 3213 quod
1717 3146 2009 3213 aliquando

2108 3151 2236 3203 π’)τὲ
2266 3150 2366 3201 οὐκ
2397 3144 2483 3219 ἦν,
2518 3145 2670 3211 οὗτος
2694 3150 2933 3219 ἀρνεῖται
2960 3147 3122 3200 αὐτοῦ
3148 3148 3244 3218 τὴν
3270 3148 3517 3216 θεότητα.
3571 3151 3671 3202 [Ιά-

442 3240 611 3295 Filius
643 3256 749 3294 non
802 3249 940 3304 erat,
993 3239 1041 3293 is
1090 3247 1250 3307 negat
1290 3238 1409 3307 ejus
1455 3236 1733 3290 deitatem.
1800 3235 2009 3291 Rursus

2108 3243 2188 3293 λιν
2214 3241 2489 3312 ἀλλότριον
2515 3241 2646 3293 Θεὸν
2674 3243 2995 3312 προσκυνεῖν
3021 3240 3217 3292 κωλύει
3238 3243 3266 3293 6
3298 3241 3500 3308 λέγων,
3541 3259 3558 3291 ι
3583 3242 3678 3294 06-

441 3334 677 3385 alicnum
711 3330 879 3384 Deum
908 3338 1059 3385 vetat
1081 3329 1327 3388 adorare,
1351 3328 1445 3397 qui
1477 3327 1609 3381 dicit
1637 3347 1651 3382 :
1681 3347 1699 3379 ι
1724 3326 2009 3394 Nunquam

2108 3335 2296 3386 δὲποτε
2318 3334 2721 3403 προσκυνήσεις
2742 3330 2848 3401 θεῷ
2868 3331 3132 3401 ἀλλοτρίῳ
3148 3346 3162 3361 °
3194 3349 3214 3383 ι
3264 3330 3293 3381 6
3322 3331 3377 3383 δὲ
3401 3331 3680 3402 ἀλλότριος

442 3422 696 3477 adorabis
723 3422 883 3475 deum
914 3423 1153 3475 alienum
1183 3419 1204 3449 ³
1235 3437 1248 3472 :
1286 3436 1305 3468 ι
1354 3421 1568 3473 alienus
1594 3427 1776 3472 autem
1815 3418 2011 3472 collata

2109 3428 2175 3494 τῇ
2210 3424 2346 3492 πρὸς
2374 3425 2463 3477 τὸν
2492 3424 2623 3477 ῖδιον
2646 3424 2803 3494 ήμῶν
2827 3423 2958 3477 Θεὸν
2979 3422 3345 3493 ἀντιδιαστολῇ
3369 3419 3676 3492 θεωρεῖται.

443 3524 567 3559 eum
606 3517 798 3563 nostro
832 3508 1052 3578 proprio
1080 3508 1192 3563 Deo
1218 3510 1575 3567 distinctione
1603 3515 2007 3566 consuleratur.

2107 3497 2202 3558 Τίς
2229 3495 2320 3552 οὖν
2347 3501 2375 3552 6
2400 3500 2527 3565 ἴδιος
2550 3505 2705 3573 ήμῶν
2729 3508 2845 3560 ἐστι
2865 3509 3025 3577 Θεός;
3063 3513 3232 3584 Δῆλον
3257 3516 3340 3568 ὅτι
3371 3517 3401 3569 6
3427 3514 3678 3584 ἀληθινὸς

445 3599 580 3665 Quis
620 3602 782 3671 igitur
808 3616 995 3658 noster
1041 3604 1291 3673 proprius
1333 3612 1417 3659 est
1471 3603 1652 3658 Deus?
1695 3601 1879 3657 Palam
1930 3607 2008 3655 est

2108 3588 2257 3654 Θεάς.
2308 3591 2403 3655 Τίς
2434 3593 2492 3646 δὲ
2522 3596 2553 3648 6
2575 3597 2885 3670 ἀλλότριοςς
2936 3605 3159 3668 Πάντως
3188 3609 3219 3660 ὁ
3247 3608 3346 3677 τῆς
3370 3606 3464 3660 τοῦ
3493 3605 3682 3675 ἀληθι-

443 3694 585 3761 quod
630 3710 792 3749 verus
839 3696 1001 3751 Deus.
1041 3697 1177 3762 Quis
1222 3699 1348 3750 item
1401 3694 1653 3750 alienus?
1690 3708 1918 3763 prorsus
1941 3692 2010 3757 is,

2110 3680 2200 3735 νοῦ
2227 3682 2362 3736 Θεοῦ
2396 3684 2611 3751 φύσεως
2636 3688 2926 3761 ἀλλοτρίως
2950 3695 3109 3763 ἔχων.
3162 3698 3224 3749 Ei
3247 3694 3338 3750 οῦν
3366 3698 3497 3759 ἴδιος
3525 3695 3684 3765 ἡμῶν

442 3784 534 3849 qui
563 3800 592 3836 a
624 3794 817 3839 natura
844 3785 937 3841 Dei
972 3787 1082 3841 veri
1107 3788 1320 3842 alienus
1348 3794 1453 3842 est.
1481 3784 1537 3839 Si
1569 3785 1734 3855 igitur
1759 3784 2011 3853 proprius

2111 3776 2255 3827 ἐστιν
2275 3775 2304 3827 ὁ
2323 3775 2571 3847 ἀληθινὸς
2600 3778 2749 3844 θεὸς.
2775 3782 2841 3836 ἂν
2867 3786 2941 3856 μὴ
3031 3788 3129 3857 τῆς
3153 3786 3245 3841 τοῦ
3279 3786 3533 3857 ἀληθινοῦ
3545 3784 3684 3838 Θεοῦ

445 3884 631 3928 noster
680 3875 840 3939 Deus,
882 3876 1023 3931 Deus
1065 3891 1229 3931 verus
1273 3883 1379 3936 est.
1416 3876 1462 3931 si
1508 3874 1836 3944 Unigenitus
1873 3871 2012 3926 Deus

2112 3864 2323 3931 φύσεως
2345 3870 2373 3920 ὁ
2398 3871 2707 3945 Μονογενὴς
2736 3872 2887 3938 Θεὸς,
2923 3875 3107 3939 καθὼς
3136 3876 3386 3943 λέγουσιν
3408 3877 3457 3929 οἱ
3487 3877 3688 3945 αἱρετι-

442 3980 507 4017 ex
543 3976 735 4018 natura
766 3969 875 4021 veri
913 3968 1003 4023 Dei
1042 3983 1147 4022 non
1194 3967 1286 4032 sit,
1332 3965 1791 4037 quemadmodum
1836 3962 2011 4017 haare~

2112 3956 2228 4017 κοὶ,
2271 3958 2547 4031 ἀλλότριος
2589 3964 2722 4029 Θεός
2762 3967 2899 4029 ἐστι,
2940 3966 3030 4019 καὶ
3060 3967 3159 4036 οὐχ
3199 3966 3488 4035 ἡμέτερος.
3520 3966 3684 4032 Λέγει

444 4056 536 4108 tici
588 4057 795 4118 dicunt,
845 4058 1055 4113 alienus
1097 4059 1241 4113 Deus
1269 4066 1375 4125 est,
1408 4065 1462 4113 et
1496 4065 1686 4117 noster
1727 4054 1868 4109 Deus
1903 4067 2010 4107 non

2111 4044 2166 4098 δὲ
2205 4047 2266 4100 τὸ
2314 4050 2642 4121 Εὑαγγέλιον
2682 4056 2765 4109 ὅτι
2809 4056 2878 4109 τὰ
2919 4057 3164 4127 πρὸὗατα
3197 4057 3460 4127 ἀλλοτρίῳ
3504 4058 3567 4110 οὐ
3612 4056 3686 4127 μὴ

443 4157 547 4199 est.
584 4146 930 4217 Evangelium
959 4162 1140 4205 autem
1185 4149 1321 4204 dicit
1347 4148 1493 4220 quod
1537 4163 1667 4203 oves
1694 4146 1872 4200 alieno
1903 4159 2011 4199 non

2115 4139 2420 4212 ὑπακούσῃ.
2480 4145 2538 4198 '0
2565 4146 2737 4215 λέγων
2768 4149 2985 4202 κτιστὸν
3011 4149 3173 4202 αὐτὸν
3199 4146 3369 4209 εἶναι,
3404 4148 3689 4217 ἀλλότριον

444 4237 701 4290 nbediaut
733 4238 772 4290 ’⁸.
807 4237 906 4304 Qui
940 4250 1183 4293 creatqu
1212 4256 1337 4295 eum
1360 4255 1484 4295 esse
1510 4238 1665 4301 dicit,
1710 4236 1948 4290 alienum
1982 4247 2011 4286 a

2113 4230 2211 4298 τῆς
2243 4231 2335 4284 τοῦ
2370 4233 2621 4303 ἀληθινοῦ
2654 4237 2787 4291 Θεοῦ
2834 4238 3046 4309 φύσεως
3086 4234 3227 4292 εἶναι
3262 4239 3685 4293 κατασκευάσει.

447 4328 557 4379 veri
583 4326 672 4380 Dei
696 4336 887 4383 natura
926 4329 1072 4384 facit.
1100 4329 1239 4396 Quid
1273 4330 1437 4400 igitur
1461 4327 1778 4398 faciuntqui
1801 4326 2012 4388 dicunt,

2116 4320 2179 4374 Τί
2211 4317 2302 4376 οὖν
2329 4323 2571 4378 ποιοῦσιν
2599 4328 2649 4379 oi
2674 4328 2943 4397 λέγοντες,
2977 4332 3062 4384 ὅτι
3094 4332 3309 4394 κτιστός
3338 4333 3492 4395 sort;
3520 4331 3691 4401 Προσο

446 4419 589 4486 quod
631 4428 845 4474 creatus
885 4422 997 4477 sit?
1029 4423 1423 4477 Adorabuutne
1468 4438 1616 4488 eum,
1658 4421 1751 4490 qui
1795 4427 2013 4476 creatus

2116 4413 2336 4467 κυνοῦσι
2374 4416 2467 4468 τὸν
2514 4419 2730 4473 κτιστὸν
2757 4421 2939 4486 αὐτὸν,
2983 4424 3016 4493 ἧ
3054 4423 3211 4493 οὐχί;
3258 4424 3322 4476 El
3345 4422 3443 4492 μὲν
3481 4422 3593 4491 γὰρ
3625 4423 3689 4473 οὺ

446 4508 537 4571 sit,
569 4511 783 4563 annon?
806 4509 937 4565 Nam
969 4512 1013 4567 si
1040 4528 1146 4566 non
1168 4510 1653 4579 adorant,.lud:eos
1684 4518 2011 4582 sequuntur,

2117 4506 2531 4574 προσκυνοῦσιν,
2563 4510 2957 4581 ’ἰουδαΐζουσιν,
2982 4516 3304 4586 ἀρνούμενοι
3331 4513 3425 4567 τοῦ
3447 4510 3690 4583 Χριστοῦ

448 4610 707 4668 negantes
748 4604 1119 4659 adurationem
1147 4605 1391 4672 Christi;
1426 4607 1511 4662 sin
1546 4614 1729 4660 autem
1762 4603 2015 4666 adorant,

2117 4598 2212 4670 τὴν
2270 4602 2666 4674 προσκύνησιν·
2724 4607 2774 4659 εί
2822 4606 2878 4659 δὲ
2931 4606 3358 4678 προσκυνοῦσιν,
3404 4604 3693 4658 εἰδωλολα-

448 4691 746 4746 idnlolatra:
784 4702 934 4758 sunt,
959 4692 1189 4747 adorant
1222 4694 1365 4748 enim
1396 4710 1543 4757 eum,
1568 4695 1661 4764 qui
1702 4692 1915 4746 alienus
1946 4692 2017 4746 sit

2116 4689 2305 4760 τροῦσι
2327 4708 2341 4723 ο
2386 4693 2479 4747 τὸν
2511 4694 2619 4769 γὰρ
2647 4697 2924 4769 ἀλλότριον
2954 4697 3050 4753 τοῦ
3076 4696 3329 4768 ἀληθινοῦ
3353 4696 3489 4750 Θεοῦ
3519 4711 3693 4767 προσ-

448 4795 477 4832 a
513 4778 618 4834 Deo
666 4796 813 4837 vero.
856 4781 1014 4851 Atqui
1056 4796 1210 4851 aeque
1261 4783 1487 4853 impium
1529 4791 1613 4838 est
1658 4782 1739 4837 vel
1774 4797 1881 4837 non
1917 4781 2014 4834 ad-

2120 4780 2391 4837 ιιυνοῦσιν.
2436 4784 2593 4839 Ἀλλά
2625 4787 2730 4856 μὴν
2758 4788 2952 4857 ἐπίσης
2977 4789 3193 4851 ἀσεὸὲς,
3216 4788 3312 4840 καὶ
3344 4787 3418 4858 μὴ
3451 4804 3695 4857 προσκυ-

444 4885 603 4925 orare
651 4869 869 4937 Filium,
899 4874 982 4927 vel
1026 4875 1256 4928 adorare
1284 4874 1449 4929 Deum
1498 4874 1756 4927 alienum.
1793 4872 2017 4941 Oportet

2118 4875 2230 4925 νεῖν
2276 4873 2368 4926 τὸν
2399 4875 2548 4937 Υίὸν,
2593 4878 2686 4933 καὶ
2740 4882 3062 4947 προσκυνεῖν
3098 4880 3189 4933 τὸν
3227 4878 3505 4949 ἀλλότριον
3534 4877 3693 4931 Θεόν.

446 4976 578 5031 ergo
614 4962 728 5016 veri
760 4961 939 5019 Patris
966 4980 1154 5020 verum
1192 4965 1390 5021 Filium
1417 4965 1623 5027 dicere,
1649 4972 1706 5018 ut
1728 4963 2016 5019 adoremus

2118 4962 2235 5031 Χρὴ
2258 4963 2366 5034 ἄρα
2396 4963 2489 5017 τοῦ
2514 4964 2766 5035 ἀληθινοῦ
2790 4969 3003 5038 Πατρὸς
3054 4968 3305 5039 ἀληθινὸν
3337 4968 3431 5021 τὸν
3451 4967 3580 5020 Υἱὸν
3608 4967 3699 5020 λέ-

446 5065 595 5115 eum,
630 5060 685 5105 et
734 5067 841 5106 non
886 5052 1317 5109 condemnemur
1371 5063 1632 5125 tanquam
1689 5052 1857 5109 Deum
1897 5054 2020 5108 alie-

2118 5069 2253 5122 γειν,
2292 5054 2378 5107 ἵνα
2403 5057 2795 5127 προσκυνῶμεν
2817 5058 3005 5123 αὑτὸν,
3030 5059 3126 5114 καὶ
3166 5058 3240 5130 μὴ
3266 5057 3696 5128 κατακριθῶμεν

448 5159 576 5196 num
613 5144 924 5200 adorantes.
979 5145 1261 5202 Adversus
1309 5162 1406 5203 eos
1452 5154 1634 5202 autem
1678 5147 1771 5217 qui
1829 5145 2021 5201 dicunt

2118 5143 2189 5208 ὼς
2210 5145 2483 5217 ἀλλότριον
2506 5149 2936 5219 προσκυνοῦντες
2956 5150 3097 5205 θεόν.
3122 5150 3263 5221 Πρὸς
3282 5150 3339 5203 δὲ
3358 5150 3485 5212 τοὺς
3514 5149 3698 5216 λέγον-

447 5233 579 5288 illud
603 5251 667 5289 ex
694 5233 1016 5303 Proverbio,
1045 5255 1064 5287 ι
1097 5237 1358 5293 Dominus
1385 5239 1695 5294 creavitme
1717 5239 1761 5302 ',
1797 5256 1816 5291 ι
1849 5245 1902 5292 et
1928 5252 2022 5307 per

2116 5254 2214 5300 τας
2242 5238 2383 5306 τὸ,ὲκ
2400 5226 2499 5310 τῆς
2519 5242 2825 5312 Παροιμίας
2838 5242 2922 5295 ὃτι
2945 5262 2962 5293 ι
2989 5241 3191 5313 Κύριος
3218 5240 3399 5295 ἕκτισέ
3422 5257 3490 5310 με
3520 5258 3569 5296 ι.
3602 5239 3697 5293 καὶ

449 5322 553 5379 hoc
590 5333 800 5396 putant,
827 5343 887 5383 se
916 5327 1136 5397 aliquod
1167 5328 1380 5382 firmum
1414 5328 1611 5384 aderre
1638 5336 2018 5399 argumentum

2119 5330 2204 5385 διὰ
2233 5331 2391 5386 τοῦτο
2422 5334 2738 5403 νομίζοντας
2771 5335 2989 5406 ἰσχυρόν
3015 5353 3071 5389 τι
3101 5335 3278 5403 λέγειν
3307 5337 3437 5407 περὶ
3460 5336 3557 5389 τοῦ
3582 5352 3698 5388 κτι-

449 5415 517 5468 ad
559 5415 902 5486 probandum
936 5419 1082 5491 quod
1119 5428 1342 5476 creatus
1387 5421 1459 5476 sit
1489 5421 1733 5475 omnium
1770 5420 2021 5474 conditor

2121 5423 2244 5474 στὸν
2265 5417 2402 5478 εἶναι
2430 5424 2519 5478 τὸν
2542 5424 2756 5480 πάντων
2777 5426 3001 5496 κτίστην
3030 5427 3124 5481 καὶ
3149 5427 3502 5498 δημιουργὸν,
3523 5425 3700 5477 ταῦτα

450 5519 504 5560 et
542 5519 783 5574 creator,
815 5510 930 5569 haec
974 5514 1231 5568 convenit
1260 5511 1461 5578 dicere,
1497 5510 1642 5583 quod
1684 5511 1851 5566 multa
1904 5525 2025 5581 pro-

2121 5516 2387 5585 προσήκει
2419 5514 2618 5583 λέγειν,
2646 5516 2729 5570 ὅτι
2763 5516 2932 5572 πολλά
2957 5517 3023 5573 δι’
3052 5518 3198 5585 ἡμᾶς
3227 5516 3445 5585 ἐγένετο
3469 5518 3499 5570 6
3518 5517 3696 5572 Μονο-

434 5650 437 5653 I
532 5670 550 5704 ⁸
587 5671 730 5728 Psal.
762 5672 928 5739 tm,
954 5673 1035 5728 lO.
1114 5673 1135 5706 ³
1175 5672 1346 5731 Exod.
1380 5686 1569 5739 xxxn',
1598 5669 1683 5725 ll.
1761 5667 1779 5698 ³
1816 5665 1983 5728 ΕιιυιΙΔ
2029 5692 2030 5726 :

1678 5709 1683 5723 .
1761 5667 1779 5698 ³
1816 5665 1983 5728 ΕιιυιΙΔ
2029 5671 2201 5741 ιι,5.
2283 5668 2483 5726 ‘Joan.
2527 5685 2581 5735 ι,
2620 5667 2714 5725 27.
2790 5666 2993 5725 'Prov.
3038 5669 3274 5737 “11,22.

1858 5804 1867 5835 \
