4042 6204
289 264 389 329 611

1204 283 1584 349 PANOPLIA
1628 291 2094 361 DOGMATICA.
2137 327 2210 338 —
2245 303 2399 368 TlT.
2442 308 2549 370 XI.

3466 325 3634 389 602’

295 389 461 495 γενὴς
697 397 810 495 lici-
837 399 947 471 γὰρ
985 401 1273 472 καὶἉόγος
1308 406 1407 472 ὢν,
1461 408 1595 480 σὰρξ
1623 412 1838 480 ἐγένετο
1864 430 1878 443 ·

1989 417 2107 479 pter
2140 428 2239 468 nos
2273 417 2449 476 factus
2495 423 2569 475 sit
2612 422 2933 495 [Inigenitus
2981 429 3143 485 Deus.
3186 431 3395 491 Etenim
3435 454 3558 494 cum

297 485 390 536 καὶ
416 483 556 548 Θεὸς
581 483 681 549 ὢν,
716 486 1003 561 ἄνθρωπος
1033 492 1251 563 ἐγένετο
1272 513 1288 529 ο
1336 499 1432 551 καὶ⁵
1463 499 1752 571 ἀσώματος
1781 502 1879 570 ὢν,

299 576 457 646 σῶμα
494 578 755 647 ἐγένετο·
801 584 897 637 καὶ
927 583 1011 639 ἔτι
1055 587 1194 658 πρὸς
1233 589 1447 656 τούτοις
1485 594 1581 647 καὶ
1609 594 1880 666 ἁμαρτία,

298 668 389 720 καὶ
421 669 662 741 κατάρα,
697 673 795 726 καὶ
835 673 1012 742 λίθος,
1058 680 1152 733 καὶ
1194 680 1373 752 ἀξίνη,
1417 684 1511 737 καὶ
1550 684 1735 756 ἄρτος,
1784 690 1883 743 καὶ

297 761 594 831 πρόϐατον,
624 765 717 818 καὶ
740 766 878 832 ὁδὸς,
909 769 1002 824 καὶ
1024 769 1183 843 θύρα,
1231 775 1326 828 καὶ
1357 776 1553 848 πέτρα,
1587 782 1683 834 καὶ
1707 780 1878 835 πολλὰ

294 853 522 908 τοιαῦτα
545 856 783 926 ἐγένετο,
814 859 966 915 οὐδὲν
985 862 1191 919 τούτων
1225 868 1293 937 τῇ
1323 869 1482 938 φύσει
1510 868 1608 937 ὢν,
1643 872 1782 927 ἀλλὰ
1811 872 1879 927 δι’

296 944 445 1015 ἡμᾶς
465 946 590 1001 κατ’
626 949 939 1022 οἰκονομίαν
967 955 1276 1027 γενόμενος.

369 1296 589 1369 Ὠσπερ
610 1295 707 1355 οὖν
736 1302 908 1372 Λόγος
929 1303 1026 1371 ὢν,
1058 1307 1128 1361 δι’
1162 1310 1311 1381 ἡμᾶς
1336 1313 1552 1382 ἐγένετο
1578 1316 1745 1389 σάρξο
1788 1324 1882 1376 καὶ

299 1388 433 1482 θεὸς
461 1389 561 1453 ὢν,
597 1392 883 1466 ἄνθρωπος
919 1398 1170 1466 ἐγένετοο
1219 1401 1363 1458 οὕτω
1389 1409 1484 1461 καὶ
1517 1388 1747 1482 κτίστης
1778 1414 1874 1479 ὢν,

298 1479 364 1572 δι’
388 1482 540 1553 ἡμᾶς
568 1484 776 1556 κτίσμα
797 1487 1033 1557 ἐγένετο,
1057 1493 1248 1567 κτιστὴ
1271 1496 1379 1570 γὰρ
1403 1499 1438 1570 ή
1470 1498 1631 1572 σάρξ.
1670 1479 1759 1568 Ὦς
1781 1500 1875 1559 οὖν

301 1566 457 1668 εἶπεν
480 1574 568 1631 διὰ
596 1576 692 1632 τοῦ
720 1583 1021 1653 προφήτου,
1063 1585 1149 1639 ὅτι
1203 1605 1224 1639 ι
1256 1566 1444 1653 Οὕτως
1467 1566 1615 1661 λέγει
1647 1566 1873 1668 Κύριος,

300 1664 330 1717 6
357 1664 573 1732 πλάσας
600 1686 669 1739 με
697 1672 764 1725 ἐκ
802 1674 1009 1740 κοιλίας
1034 1676 1221 1733 δοῦλον
1251 1681 1436 1750 αὐτοῦ,
1469 1703 1486 1737 ι
1527 1683 1702 1751 οὕτως
1728 1664 1880 1745 εἴπεν

304 1756 401 1858 καὶ
425 1758 517 1858 δια
550 1761 647 1815 τοῦ
680 1763 1052 1837 Σολομῶντος,
1072 1770 1134 1823 τὸ
1181 1790 1202 1823 ι
1236 1772 1446 1847 Κύριος
1477 1775 1657 1832 ἔκτισέ
1694 1797 1761 1851 με
1783 1783 1880 1855 ἀρ·
1910 1804 1951 1858 Β

299 1848 399 1919 χήν
420 1849 559 1905 ὁδῶν
586 1853 773 1917 αὑτοῦ,
804 1857 886 1920 είς
924 1857 1058 1930 ἔργα
1082 1861 1311 1917 αὑτοῦ.»
1371 1867 1582 1922 Οὐκοῦν
1610 1848 1706 1924 καί
1746 1874 1776 1925 6
1821 1848 1880 1929 ἓν

298 1941 364 2010 τῇ
390 1939 570 2013 κοιλίᾳ
589 1941 693 2014 τῆς
716 1945 988 2015 παρθένου
1015 1949 1277 2016 πλασθεὶς
1303 1956 1445 2011 κατὰ
1482 1957 1573 2013 τὸν
1599 1960 1757 2029 λόγον
1781 1964 1876 2018 τοῦ

300 2028 603 2118 προφήτου,
641 2033 669 2085 ε
697 2031 881 2098 δοῦλός
906 2036 1073 2103 ἐστιν,
1107 2040 1204 2111 οὐχ
1235 2042 1265 2094 6
1294 2043 1537 2116 Κύριος’
1578 2028 1875 2118 τουτέστιν,

298 2117 327 2170 6
359 2118 504 2216 κατὰ
546 2121 727 2216 fama:
765 2123 1047 2198 ἄνθρωπος
1099 2132 1159 2185 ὲν
1204 2125 1250 2201 ᾧ
1294 2136 1324 2188 6
1362 2137 1496 2201 Θεὸς
1534 2140 1873 2216 ἐφανερώθη,

298 2208 390 2306 καὶ
414 2211 650 2267 ἐνταῦθα
689 2216 721 2268 6
757 2217 998 2285 κτισθεὶς
1035 2224 1116 2287 είς
1150 2225 1325 2296 ἀρχὴν
1348 2227 1480 2282 ὁδῶν
1511 2208 1876 2306 abtum—06x6

298 2299 629 2397 εεάςεστιν,
663 2306 781 2361 ἀλλ’
804 2311 834 2363 6
856 2311 1184 2383 ἄνθρωπος·
1220 2320 1278 2371 ἐν
1304 2312 1349 2388 ᾧ
1379 2321 1512 2392 ἡμῖν
1538 2324 1567 2376 6
1594 2324 1726 2389 Θεὸς
1746 2299 1876 2397 te}:-

297 2392 534 2484 νερώθη,
562 2396 658 2451 ἐπὶ
681 2399 744 2451 τὸ
782 2399 883 2472 τὴν
914 2405 1356 2475 καταφθαρεῖσαν
1394 2411 1513 2465 ὁδὸν
1541 2414 1641 2484 τῆς
1664 2392 1878 2480 ἀνθρω-

297 2482 462 2574 ξείνης
511 2489 789 2560 σωτηρίας
820 2491 982 2549 πάλιν
1019 2494 1449 2553 ἀνανεώσασθαι.
1502 2482 1664 2555 Ὥστε
1692 2502 1879 2574 ἐπειδὴ

299 2569 393 2624 δύο
426 2577 559 2644 περὶ
594 2577 689 2629 τοῦ
729 2580 967 2650 Χριστοῦ
997 2582 1363 2656 γινώσκομεν,
1391 2586 1454 2641 τὸ
1504 2586 1605 2658 μὲν
1636 2586 1803 2648 θεῖον,
1826 2569 1888 2636 το

301 2665 358 2721 δὲ
387 2668 768 2740 ἀνθρώπινον,
816 2674 876 2726 ἐν
908 2673 1009 2744 μὲν
1034 2678 1103 2748 τῇ
1144 2676 1307 2747 φύσει
1332 2677 1395 2733 τὸ
1423 2677 1590 2742 θεῖον,
1623 2679 1682 2733 ὲν
1727 2676 1787 2731 δὲ
1818 2681 1885 2749 τῇ

303 2759 582 2832 οἰκονομίᾳ
596 2759 658 2815 τὸ
677 2762 819 2817 κατὰ
854 2762 1159 2836 ἄνθρωπον,
1177 2767 1487 2836 ἀκολούθως
1515 2771 1577 2825 τὸ
1602 2770 1701 2842 μὲν
1719 2771 1888 2827 ἀΐδιον

302 2849 370 2919 τῇ
399 2847 618 2921 θεότητι
650 2854 1206 2928 πῳσμαρτυροῦμεν,
1237 2858 1300 2913 τὸ
1337 2859 1396 2913 δὲ
1444 2859 1664 2914 κτιστδν
1701 2863 1766 2931 τῇ
1794 2860 1887 2915 ἁν-

305 2937 554 3012 ορωπίνῃ
584 2939 917 3014 λογιζόμεθα
951 2944 1132 3014 φύσει.
1188 2946 1277 3011 Ὠς
1307 2945 1417 3020 γὰρ
1446 2948 1590 3001 κατὰ
1614 2948 1708 3002 τὸν
1749 2965 1882 3019 προ-

306 3030 483 3100 φήτην
516 3032 575 3084 ὲν
602 3035 668 3104 τῇ
702 3033 879 3107 κοιλία
906 3035 1150 3108 ἐπλάσθη
1179 3037 1385 3107 δοῦλος,
1424 3037 1600 3103 οὕτως
1627 3038 1889 3093 καὶκατὰ

305 3121 395 3177 τὸν
420 3122 765 3194 Σολομῶντσ,
797 3125 885 3180 διὰ
910 3128 1009 3198 τῆς
1050 3128 1304 3200 δουλικῆς
1341 3129 1547 3199 ταύτης
1572 3129 1801 3193 κτίσεως
1827 3133 1884 3184 ὲν

308 3214 471 3284 σαρκὶ
499 3213 836 3287 ἐφανερώθη.
873 3218 1040 3272 Ὅταν
1060 3218 1117 3272 δὲ
1143 3219 1373 3289 λέγωσιν
1399 3236 1411 3255 ·
1438 3220 1501 3273 El
1523 3215 1720 3290 ἦν,οὐκ
1745 3221 1888 3288 ὲγεν·
1908 3203 1949 3256 (λ

306 3302 440 3375 νήθη
470 3320 484 3334 ·
538 3303 654 3370 καὶ,
704 3306 767 3358 Ei
796 3306 1079 3380 ἐγεννήθη,
1111 3308 1211 3362 οὐκ
1249 3304 1339 3379 ἦν,
1371 3307 1774 3381 διδαχθήτωσαν
1806 3310 1889 3364 ὅτι

306 3394 366 3448 οὗ
389 3394 499 3467 χρὴ
525 3393 597 3448 τὰ
622 3395 725 3467 τῆς
748 3400 1014 3471 σαρκικῆς
1030 3400 1338 3471 γεννήσεως
1361 3398 1628 3472 ἰδιώματα
1644 3401 1889 3473 ἐφαρμό-

307 3486 420 3552 ζειν
451 3490 520 3559 τῇ
560 3486 681 3558 θείᾳ
715 3488 896 3558 φύσει.
960 3490 1196 3562 Σώματα
1230 3492 1330 3563 μὲν
1368 3491 1478 3564 γὰρ
1509 3493 1586 3565 μὴ
1615 3492 1746 3549 ὄντα.
1769 3511 1892 3563 γεν-

307 3582 465 3636 visat
495 3596 511 3610 ·
549 3581 579 3634 6
602 3580 659 3634 δὲ
684 3581 819 3647 Θεὸς
847 3582 916 3636 τὰ.
943 3585 1019 3656 μὴ
1048 3582 1179 3639 ὄντα
1206 3579 1346 3638 εἶναι
1379 3588 1522 3640 ποιεί
1546 3604 1561 3620 ο
1602 3587 1702 3640 οὐκ
1729 3584 1891 3649 αὐτὸς

307 3674 371 3725 ἐκ
403 3671 504 3726 τοῦ
539 3672 616 3745 μὴ
638 3673 791 3738 ὄντος
815 3675 1046 3743 γίνεται.
1095 3676 1189 3730 Διὸ
1210 3677 1306 3731 καὶ
1336 3679 1364 3731 6
1394 3677 1610 3742 Παῦλος
1638 3678 1891 3748 ἀπαύγα-

307 3780 419 3833 σμα
439 3763 601 3834 δόξης
624 3764 788 3818 αὐτὸν
808 3766 1083 3837 ὀνομάζει,
1109 3767 1195 3822 ἵνα
1214 3767 1571 3841 amotam,
1596 3771 1681 3824 ὅτι.
1702 3769 1891 3840 ὥσπερ

306 3854 367 3906 τὸ
406 3856 471 3908 ἐκ
500 3855 595 3908 τοῦ
620 3855 816 3926 λύχνου
847 3857 963 3927 φῶς
991 3858 1086 3912 καὶ
1139 3859 1206 3913 ὲκ
1234 3862 1333 3932 τῆς
1365 3858 1582 3931 φύσεώς
1625 3861 1744 3913 ἐστι
1795 3858 1890 3913 τοῦ

304 3943 738 4013 ἀπαυγάζοντος,
769 3947 863 4002 καὶ
894 3950 1012 4020 μετ’
1047 3948 1255 4035 ὲκείνιιυ
1282 3950 1433 4007 ἐστὶν
1473 3948 1631 4023 (ὁμοῦ
1683 3968 1744 4005 τε
1783 3949 1891 4023 γὰρ

305 4035 540 4108 ἐξεφάνη
572 4038 603 4090 6
626 4036 835 4110 λύχνος,
864 4041 959 4093 καὶ
987 4041 1047 4094 τὸ
1069 4040 1186 4111 φῶς
1213 4040 1272 4095 τὺ
1295 4041 1355 4108 ἐξ
1377 4041 1544 4096 αὐτοῦ
1564 4041 1892 4114 συνεξέλαμ-

305 4126 449 4199 ψεν),
483 4128 628 4183 οὕτω
654 4128 865 4184 κελεύει
901 4131 995 4185 καὶ
1040 4131 1277 4187 ἐνταῦθα
1303 4135 1445 4186 νοεῖν
1483 4135 1513 4188 6
1546 4134 1890 4198 Ἀπόστολος,

305 4218 384 4273 ὅτι
407 4223 504 4277 καὶ
524 4223 590 4275 ὲκ
615 4221 711 4276 τού
726 4222 938 4294 [ἰατρὸς
964 4225 993 4278 6
1017 4223 1164 4290 Υἱὸς,
1193 4225 1287 4279 καὶ
1313 4225 1567 4279 οὐδέποτε
1598 4227 1768 4298 χωρὶς
1796 4225 1892 4281 τοῦ

308 4312 440 4367 Υἱοῦ
492 4315 522 4367 6
561 4314 790 4386 Πατήρο
844 4315 945 4368 οὐκ
994 4316 1230 4388 ἐγχωρεῖ
1280 4316 1388 4389 γὰρ
1452 4317 1680 4388 ἀλαμπῆ
1729 4312 1870 4372 εῖναι

306 4405 407 4475 τὴν
455 4403 658 4471 δόξαν,
728 4404 805 4470 ὡς
857 4405 957 4459 οὐκ
996 4406 1232 4477 ἐγχωρεῖ
1283 4406 1412 4462 ἄνευ
1467 4406 1894 4478 ἀπαυγάσματος

308 4492 447 4550 εἶναι
470 4496 565 4550 τὸν
588 4496 799 4568 λύχνον.
830 4496 1001 4568 Δῆλον
1036 4497 1093 4550 δὲ
1124 4499 1207 4552 ὅτι
1229 4497 1420 4572 ὥσπερ
1451 4497 1513 4552 τὸ
1537 4494 1677 4553 εἶναι
1706 4498 1893 4552 ἀπαύ-

308 4606 501 4661 γασμα
535 4587 814 4661 μαρτυρία
842 4589 959 4643 ἐστὶ
994 4588 1091 4644 τοῦ
1129 4589 1272 4643 κατὰ
1309 4589 1408 4662 τὴν
1436 4589 1592 4658 δόξαν
1617 4586 1757 4646 εἶναι
1782 4591 1800 4645 (
1818 4591 1893 4664 μή

309 4678 421 4750 γὰρ
448 4675 620 4748 οὔσης
645 4677 745 4748 τῆς
776 4676 933 4748 δόξης
960 4678 1061 4732 οὐκ
1089 4677 1155 4732 ἂν
1189 4677 1275 4751 εἴη
1304 4677 1365 4732 τὸ
1390 4680 1455 4733 ὲκ
1481 4679 1687 4749 ταύτης
1714 4679 1893 4734 ἀπαυ-

309 4768 657 4840 γαζόμενον),
685 4768 855 4834 οὓτως
883 4771 945 4824 τὸ
968 4769 1153 4842 λέγειν
1181 4770 1257 4843 μὴ
1282 4766 1419 4826 εἷναί
1450 4790 1509 4826 τε
1530 4772 1894 4845 ἀπαύγασμα,

1988 502 2225 594 γεισιιυιη
2257 509 2348 577 sit,
2381 526 2511 568 caro
2543 513 2721 571 factus
2750 529 2853 585 est,
2878 527 3077 575 etcum
3110 522 3250 582 Deus
3277 529 3369 594 sit,
3398 529 3561 585 homo

1988 590 2163 650 factus
2220 608 2336 666 est;
2384 611 2438 657 et
2506 619 2631 660 cum
2700 607 3058 679 incorporalis
3113 623 3280 680 esset,
3360 633 3561 688 corpus

1986 686 2170 778 factus
2195 699 2280 778 est
2305 710 2319 758 ;
2349 703 2509 765 alque
2556 698 2642 754 his
2679 702 2840 755 etiam
2876 704 3108 774 amplius
3158 717 3211 760 et
3252 686 3559 778 peccatum,

1984 781 2038 828 et
2067 776 2400 844 maledictio,
2428 792 2482 838 et
2510 784 2671 855 lapis,
2702 796 2754 842 ct
2785 792 3016 854 securis,
3047 800 3101 847 et
3128 776 3307 863 panis,
3337 806 3389 851 et
3416 798 3555 861 ovis,

1984 876 2038 921 ct
2074 868 2179 935 via,
2215 879 2271 926 et
2310 875 2532 940 ostium,
2572 886 2626 934 et
2656 889 2827 950 petra,
2868 891 2921 938 et
2964 885 3231 955 ejusmodi
3271 891 3438 943 multa
3480 892 3560 944 fa-

1987 967 2108 1014 ctus
2145 968 2250 1026 est,
2282 978 2405 1018 cum
2443 975 2637 1023 natura
2669 972 2801 1026 nihil
2832 974 3024 1031 horum
3067 978 3156 1044 sit,
3215 979 3307 1034 sed
3340 990 3560 1052 propter

1988 1063 2089 1104 nos
2138 1066 2234 1120 per
2279 1053 2744 1126 dispensationem
2776 1073 2828 1117 et
2860 1062 3388 1123 administrationem
3433 1072 3558 1125 talis

1985 1145 2243 1198 evaserit.

2054 1318 2524 1385 Quemadmodum
2567 1324 2733 1396 igitur
2765 1344 2886 1383 cum
2936 1328 3175 1385 Verbum
3211 1333 3299 1392 sit.
3335 1342 3558 1403 propter

1984 1424 2084 1465 nos
2117 1425 2248 1466 caro
2280 1412 2454 1470 factus
2487 1425 2599 1482 est;
2632 1427 2685 1473 et
2716 1420 2858 1474 Dens
2888 1437 3010 1475 cum
3050 1424 3141 1489 sit,
3175 1425 3337 1479 homo
3378 1424 3557 1478 fartus

1983 1508 2068 1555 est
2107 1519 2120 1555 :
2160 1504 2230 1556 ita
2254 1513 2470 1561 creator
2495 1522 2617 1562 cum
2650 1509 2741 1571 sit,
2783 1521 3001 1581 propter
3043 1528 3144 1568 nos
3189 1523 3437 1569 creatura
3473 1516 3556 1569 fa-

1982 1603 2103 1650 ctus
2142 1603 2247 1661 est,
2279 1598 2482 1669 quippe
2528 1615 2651 1655 cum
2688 1618 2816 1656 caro
2847 1620 2935 1659 res
2983 1614 3163 1661 creata
3215 1609 3303 1662 sit.
3352 1607 3556 1673 Quem-

1982 1684 2273 1740 admodum
2327 1688 2493 1758 igitur
2540 1704 2638 1759 per
2671 1692 2989 1761 prophetam
3025 1694 3195 1747 dixit:
3233 1715 3250 1747 ι
3292 1693 3381 1749 Sic
3422 1697 3555 1750 dicit

1982 1775 2265 1843 Dominus,
2283 1779 2375 1848 qui
2396 1779 2649 1835 formavit
2665 1798 2749 1837 me
2765 1798 2827 1837 ex
2846 1791 3035 1838 ventre
3057 1799 3272 1838 servum
3294 1800 3452 1839 suum
3478 1789 3518 1850 ί,
3532 1802 3549 1835 ι

1981 1867 2059 1922 ita
2106 1870 2271 1924 etiam
2313 1870 2451 1925 dixit
2483 1872 2617 1926 illud
2659 1889 2758 1943 per
2800 1872 3147 1930 Salomonem
3184 1893 3199 1931 :
3236 1895 3254 1927 ι
3294 1875 3559 1932 Dominus

1979 1958 2188 2013 creavit
2208 1973 2296 2013 me
2313 1960 2643 2032 principium
2669 1962 2879 2017 viarum
2902 1979 3126 2020 suarum
3153 1963 3217 2018 ad
3242 1979 3405 2034 opera
3468 1968 3513 2021 ’.
3530 1983 3550 2017 ι

1979 2048 2169 2104 Omnis
2205 2051 2351 2106 enim
2487 2060 2735 2109 creatura
2761 2054 2950 2119 servit,
2974 2064 3033 2109 ut
3051 2055 3546 2125 inquitApostolus.

1976 2139 2215 2197 Proinde
2263 2150 2318 2196 et
2367 2142 2414 2198 is
2446 2143 2539 2213 qui
2584 2144 2637 2197 in
2670 2152 2858 2198 ventre
2884 2146 3111 2214 virginis
3150 2146 3415 2201 formatus
3444 2153 3550 2209 est,

1978 2231 2276 2286 secundum
2324 2233 2549 2287 verbum
2584 2234 2890 2302 prophetae,
2932 2249 3123 2288 servus
3159 2241 3265 2299 est,
3301 2249 3408 2289 non
3448 2233 3552 2289 Do-

1978 2324 2161 2379 minus
2202 2341 2217 2376 :
2253 2323 2358 2377 hoc
2411 2330 2515 2385 est,
2566 2323 2613 2379 is
2657 2324 2750 2394 qui
2790 2324 3090 2379 secundum
3132 2340 3352 2380 carnem
3389 2326 3552 2379 homo

1979 2423 2085 2480 cst,
2121 2416 2174 2470 in
2209 2430 2320 2485 quo
2356 2414 2499 2471 Deus
2526 2418 2905 2473 manifestatus
2962 2426 3066 2480 est,
3110 2428 3165 2472 et
3207 2417 3275 2480 is,
3318 2418 3410 2487 qui
3443 2416 3554 2471 illic

1981 2515 2199 2563 creatus
2238 2514 2323 2563 est
2364 2505 2420 2562 in
2462 2508 2784 2579 principium
2829 2510 3038 2564 viarum
3070 2509 3222 2580 ejus.
3262 2524 3370 2563 non
3408 2506 3554 2562 Dens

1980 2598 2082 2650 est,
2110 2590 2204 2642 sed
2233 2588 2398 2645 homo
2428 2608 2443 2646 :
2476 2591 2532 2645 in
2552 2606 2662 2661 quo
2687 2593 2846 2648 nobis
2873 2593 3016 2649 Deus
3046 2595 3429 2650 manifestatus
3450 2604 3556 2661 est,

1981 2684 2042 2732 ut
2076 2686 2334 2749 corrupta
2364 2695 2429 2736 ac
2470 2681 2794 2738 labefactata
2829 2684 2915 2739 via
2946 2685 3141 2741 salutis
3181 2686 3436 2743 humanae
3461 2687 3562 2742 ite—

1981 2783 2105 2825 rum
2168 2779 2542 2827 renovaretur.
2595 2771 2783 2843 ltaque
2832 2773 3094 2845 quoniam
3156 2790 3247 2832 res
3306 2777 3447 2833 duas
3493 2776 3563 2832 de

1979 2859 2205 2917 Christo
2233 2863 2529 2920 statuimus
2558 2872 2614 2919 et
2644 2865 2934 2931 sentimus,
2972 2882 3143 2921 unum
3179 2868 3401 2937 quidem
3421 2868 3563 2922 divi-

1982 2968 2138 3017 num,
2191 2954 2420 3009 alterum
2460 2970 2589 3011 vero
2630 2956 2955 3025 humanum,
2997 2958 3053 3012 in
3092 2968 3290 3014 natura
3342 2959 3559 3030 quidem

1982 3043 2255 3109 divinum,
2307 3048 2361 3101 in
2404 3049 2887 3107 administratione
2940 3066 3005 3108 ac
3053 3051 3466 3123 dispensatione
3505 3054 3559 3109 id

1984 3136 2130 3206 quod
2162 3137 2463 3194 secundum
2498 3140 2771 3198 hominem
2805 3151 2888 3199 est
2923 3162 2938 3201 :
2977 3153 3381 3215 consequenter
3414 3160 3560 3201 sem-

1987 3230 2257 3299 piternum
2290 3230 2478 3286 deitati
2503 3240 2848 3298 attestamur,
2887 3242 3130 3290 creatum
3154 3250 3283 3291 vero
3314 3236 3565 3292 humana:

1985 3328 2195 3375 natura
2240 3322 2606 3392 assignamus.
2653 3323 3121 3391 Quemadmodum
3171 3327 3317 3382 enim
3369 3343 3568 3383 secun-

1984 3410 2117 3465 dum
2146 3413 2470 3482 prophetam
2507 3414 2562 3469 in
2610 3425 2802 3471 ventre
2834 3415 3103 3473 formatus
3123 3427 3211 3474 est
3244 3433 3458 3480 servus,
3491 3421 3567 3473 ita

1987 3503 2150 3558 etiam
2189 3503 2493 3560 secundum
2537 3503 2912 3572 Salomonem,
2962 3523 3059 3577 per
3106 3508 3252 3566 hanc
3312 3511 3567 3565 servilem

1992 3600 2305 3652 creaturam
2346 3595 2402 3650 in
2448 3610 2616 3653 carne
2660 3598 3048 3656 manifestatus
3089 3610 3193 3656 est.
3229 3600 3403 3655 Porro
3442 3617 3567 3656 cum

1987 3684 2178 3738 dicunt
2207 3703 2221 3739 :
2251 3685 2309 3740 Si
2336 3697 2475 3749 erat,
2508 3702 2619 3741 non
2648 3695 2735 3743 est
2779 3690 2996 3758 genitus
3019 3705 3036 3754 ;
3059 3697 3135 3754 et,
3177 3689 3233 3745 Si
3266 3700 3430 3746 natus
3462 3700 3566 3757 est,

1988 3788 2100 3829 non
2133 3784 2253 3829 erat
2297 3794 2314 3832 :
2358 3777 2665 3832 doceantur
2697 3777 2844 3848 quod
2884 3793 2995 3833 non
3037 3788 3285 3850 oporteat
3329 3782 3570 3837 carnalis

1989 3864 2299 3922 nativitatis
2348 3867 2714 3938 proprietates
2764 3870 3186 3927 accommodare
3226 3872 3429 3927 divinae
3464 3887 3570 3927 na-

1988 3962 2148 4011 turae.
2202 3954 2338 4011 Nam
2394 3972 2626 4027 corpora
2675 3958 2897 4029 quidem
2949 3975 3074 4030 qua:
3107 3975 3214 4015 non
3248 3969 3426 4026 erant,
3479 3962 3567 4032 gi-

1991 4053 2239 4117 gnuntur
2276 4066 2291 4102 :
2326 4047 2472 4106 Deus
2503 4056 2688 4107 autem
2722 4048 2885 4105 eﬂicit
2920 4059 2986 4106 ut
3017 4065 3083 4106 ea
3119 4066 3244 4122 quae
3280 4066 3391 4107 non
3440 4062 3572 4109 sunt

1990 4140 2269 4197 exsistant
2301 4158 2317 4195 :
2345 4155 2457 4196 non
2489 4140 2610 4212 ipse
2653 4156 2719 4197 es
2741 4157 2810 4198 eo
2841 4143 2991 4213 quod
3036 4158 3146 4198 non
3190 4150 3277 4199 est
3328 4145 3569 4201 exsistit.

1994 4231 2204 4288 Idcirco
2258 4230 2465 4289 Paulus
2517 4248 2739 4304 quoque
2793 4248 2919 4290 eum
2977 4234 3328 4305 splendorem
3382 4236 3575 4308 gloriae

1995 4326 2240 4383 nominat
2258 4321 2303 4391 θ,
2351 4333 2413 4381 ιιι
2468 4325 2787 4393 doceamur,
2817 4326 2966 4396 quod
3004 4328 3146 4383 sicut
3170 4327 3365 4382 lumelr
3387 4327 3457 4383 de
3492 4329 3577 4383 lu-

1993 4431 2159 4472 cerna
2189 4424 2246 4473 et
2276 4422 2343 4473 ex
2375 4425 2574 4473 natura
2608 4418 2792 4473 lumen
2830 4417 3050 4475 edentis
3089 4428 3195 4484 est,
3225 4426 3280 4474 et
3309 4434 3419 4474 una
3449 4434 3575 4474 cum

1928 4533 1969 4588 ο
1997 4505 2089 4560 illa
2127 4512 2213 4563 est
2245 4505 2434 4577 (simul
2462 4505 2612 4561 enim
2649 4514 2817 4577 atque
2843 4507 3074 4563 emicuit
3106 4508 3357 4573 lucerna,
3393 4509 3578 4564 lumen

1996 4611 2217 4669 quoque
2262 4597 2412 4669 quod
2443 4597 2514 4653 ab
2543 4611 2610 4653 ea
2646 4598 2869 4654 exsistit
2921 4598 3131 4670 pariter
3178 4597 3447 4669 en‘ulget),
3502 4598 3578 4652 ita

1998 4692 2089 4748 hic
2115 4706 2337 4762 quoque
2364 4690 2523 4761 jubet
2556 4691 2856 4762 Apostolus
2895 4691 3203 4762 intelligam
3235 4696 3381 4762 quod
3426 4698 3484 4745 et
3509 4704 3578 4744 ex

1998 4782 2159 4840 Patre
2186 4786 2261 4841 sit
2284 4782 2478 4848 Filius,
2502 4790 2556 4839 et
2578 4783 2791 4853 absque
2808 4781 2953 4838 Filio
2974 4796 3256 4853 nunquam
3286 4783 3359 4837 sit
3381 4778 3577 4834 Pater:

310 4860 588 4928 ἀπόδειξίς
615 4862 733 4914 ἐστι.
770 4860 864 4915 τοῦ
903 4862 1037 4933 μηδὲ
1065 4862 1163 4934 τήν
1193 4862 1351 4931 δόξαν
1386 4859 1547 4931 εἶναι,
1576 4866 1666 4919 ὅτε
1698 4866 1799 4919 οὐκ
1830 4859 1887 4937 ἦν

2002 4891 2124 4933 nam
2145 4876 2263 4934 fieri
2289 4892 2399 4931 non
2424 4882 2627 4947 potest,
2652 4883 2712 4931 ut
2733 4873 2907 4945 gloria
2934 4874 3009 4929 sit
3029 4874 3240 4943 absque
3264 4869 3579 4942 splendore,

308 4960 372 5007 τὸ
401 4952 747 5023 ἀπαύγασμα
771 4969 785 4983 ·
836 4953 934 5026 τὴν
961 4957 1069 5028 γὰρ
1094 4956 1252 5024 δόξαν
1293 4956 1423 5012 ἄνευ
1465 4958 1887 5028 ἀπαυγάσματος

2000 4967 2463 5040 quemadmodum
2511 4967 2631 5022 fieri
2676 4980 2788 5021 non
2820 4975 3021 5036 potest,
3061 4973 3120 5021 ut
3153 4965 3363 5034 absque
3395 4963 3584 5033 splen-

311 5038 453 5099 εῖναι
480 5046 787 5117 ἀμήχανον.
816 5046 1026 5118 Ὥσπερ
1062 5043 1156 5102 οὖν
1183 5049 1283 5103 οὐκ
1307 5048 1454 5103 ἐστιν
1480 5049 1572 5104 ἐπὶ
1598 5048 1692 5103 τοῦ
1723 5050 1887 5102 ἁπαυ‹

2003 5038 2137 5116 dore
2165 5058 2393 5114 lucerna
2418 5057 2511 5114 sit.
2545 5054 2894 5112 Manifestum
2915 5064 3003 5111 est
3031 5061 3212 5111 autem
3238 5053 3388 5124 quod
3417 5053 3583 5108 sicuti

311 5139 599 5211 γάσματος
627 5138 807 5208 λέγειν
832 5140 935 5208 ὅτι,
953 5141 1018 5195 Et
1043 5137 1233 5215 ἧκ’,δύκ
1262 5144 1499 5213 ἐγένετο,
1534 5145 1648 5209 καὶ,
1678 5145 1743 5199 Ei
1782 5144 1887 5213 ἐγέ-

2004 5148 2356 5222 splendorem
2411 5162 2559 5212 esse,
2610 5145 2989 5202 testimonium
3036 5153 3125 5201 est
3156 5146 3279 5215 ejus
3327 5144 3474 5213 quod
3530 5144 3585 5199 in

310 5228 670 5306 νετο,ούκῆν,
701 5233 874 5301 οὕτως
902 5234 1131 5305 μάταιόν
1154 5239 1269 5290 ἐστι
1299 5238 1540 5312 περὶτοῦ
1570 5236 1703 5294 Υἱοῦ
1728 5238 1887 5294 ταῦτς

2005 5241 2179 5314 gloria
2214 5248 2303 5297 est
2329 5239 2399 5310 (si
2422 5235 2714 5295 enimnon
2745 5238 2819 5294 sit
2842 5238 3041 5309 gloria,
3071 5252 3182 5291 non
3213 5235 3379 5291 fuerit
3419 5235 3586 5307 imui

313 5322 518 5392 λέγειν.
545 5325 683 5379 διότι
711 5326 741 5379 6
768 5327 898 5392 Υἱός
931 5330 1049 5382 ἐστι
1081 5328 1142 5382 τὸ
1162 5330 1522 5400 ἀπαύγασμα.

2008 5337 2077 5390 ab
2111 5335 2216 5389 hac
2247 5331 2431 5388 editur
2484 5332 2788 5405 splendor),
2840 5334 2916 5389 ita
2966 5332 3013 5388 si
3065 5330 3195 5400 quis
3233 5330 3382 5385 dicat
3434 5329 3582 5398 quod

318 5426 601 5482 nunquam
649 5419 770 5468 erat
819 5412 1101 5484 splendor,
1137 5413 1482 5472 demonstrat
1527 5418 1675 5489 quod
1756 5435 1938 5491 neque
1973 5421 2146 5493 gloria
2216 5432 2384 5487 esset,
2437 5436 2563 5477 cum
2614 5436 2725 5478 non
2766 5430 2914 5481 esset
2948 5421 3241 5494 splendor;
3281 5421 3397 5478 fieri
3441 5421 3588 5478 enim

317 5523 430 5563 non
470 5516 672 5578 potest,
724 5517 784 5561 ut
842 5507 1017 5579 gloria
1074 5508 1149 5564 sit
1205 5509 1416 5581 absque
1457 5512 1770 5582 splendore.
1834 5513 1904 5570 Ut
1945 5515 2114 5589 igitur
2178 5516 2246 5573 de
2311 5515 2605 5589 splendore
2635 5516 2743 5572 dici
2788 5533 2896 5571 non
2946 5523 3133 5589 potest
3165 5535 3183 5573 :
3213 5517 3272 5574 Si
3302 5524 3442 5585 erat,
3478 5533 3589 5573 non

322 5602 505 5659 editus
536 5611 643 5667 est,
676 5610 751 5671 et,
776 5602 832 5659 Si
878 5604 1065 5660 editus
1098 5613 1206 5671 est,
1235 5619 1345 5660 non
1377 5615 1532 5678 erat;
1571 5606 1647 5663 ita
1679 5623 1879 5666 vanum
1909 5620 1965 5668 et
2001 5611 2301 5670 absurdum
2350 5619 2436 5671 est
2483 5610 2598 5668 haec
2640 5607 2710 5667 de
2765 5608 2909 5667 Filio
2953 5611 3161 5679 dicere,
3211 5611 3421 5684 quippe
3462 5624 3591 5669 cum

324 5690 496 5751 Filius
519 5694 590 5751 sit
623 5696 901 5766 splendor.
1764 5712 1769 5715 '

414 5804 431 5837 ‘
463 5802 573 5863 ba.
600 5820 749 5875 nix,
774 5807 829 5867 5.
907 5810 928 5843 ’
950 5805 1114 5866 Prov.
1144 5822 1265 5881 vni,
1294 5810 1384 5871 22.
1462 5809 1483 5843 ³
1510 5808 1675 5871 Hebr.
1708 5829 1752 5885 ι,
1779 5814 1835 5872 3.
