2021 3102
216 119 269 153 603

836 117 1027 148 EUTHYMH
1055 118 1236 149 ZiGABENI

1791 114 1847 146 6οι

246 182 383 210 (ἔπιθι-ιω]
403 181 450 217 qui
465 181 557 209 minus
573 184 601 209 et
620 180 709 216 majus
728 180 763 208 de
786 180 857 209 Filio
873 185 901 209 et
924 180 1003 209 Patre

1087 181 1118 208 Ui
1129 181 1157 207 δὲ
1173 181 1204 207 τδ
1215 180 1375 216 μικρότερον
1391 180 1439 207 καὶ
1454 180 1485 207 τὸ
1498 179 1589 216 μεῖζον
1601 179 1648 207 ἐπὶ
1663 179 1710 207 τοῦ
1723 179 1788 207 Υἱοῦ
1798 181 1848 208 καὶ

211 227 317 260 dicunt,
333 227 443 255 discam
454 234 469 253 a
489 226 574 254 Paulo
589 234 624 254 ne
639 226 789 254 metiantur
805 234 836 254 ea
850 235 911 262 qua)
924 234 1003 254 nemo

211 277 300 308 potest
320 273 410 301 metiri
431 273 439 288 ¹
462 280 548 307 ;nam
569 273 719 307 Apostolus
737 271 835 300 Filium
861 272 929 300 dicit
947 272 1004 300 eiii-

212 320 280 355 giem
296 327 358 348 esse
373 319 462 346 Patris
474 319 643 346 substantiae.
655 318 769 346 Planum
784 323 826 347 est
836 319 917 355 igitur
931 320 1003 355 quod

212 368 316 399 quanta
342 363 424 391 fuerit
445 363 601 390 substantia
623 363 722 398 Patris,
754 367 831 391 tanta
858 367 901 392 est
920 364 1004 391 etiam

211 410 318 445 efﬁgies
338 409 522 437 substantiae:
543 408 599 436 ﬁeri
618 409 690 436 enim
713 416 767 436 non
785 413 887 444 potest,
907 414 936 436 ut
952 410 1004 437 mi-

211 464 262 483 nor
276 456 311 483 sit
330 455 434 491 efﬁgies
457 464 539 491 quam
558 456 713 484 substantia
728 464 789 492 quae
804 464 851 491 per
865 464 924 485 eam
937 464 1004 484 con-

212 501 358 529 sideratur.
371 500 442 534 Quin
454 502 535 528 etiam
552 509 668 536 magnus
678 500 798 529 Joannes
814 501 909 529 eadem
924 501 1003 529 docet

211 555 273 574 cum
289 546 368 579 dicit,
388 556 396 573 ι
416 547 445 574 1η
464 547 602 583 principio
617 551 676 575 erat
692 547 823 581 Verbum,
838 551 865 575 et
882 546 1003 575 Verbum

211 598 271 620 erat
297 592 370 627 apud
397 593 480 620 Deum
508 594 529 621 ‘.
551 602 560 618 ι
586 594 624 620 Ex
642 601 675 620 eo
693 601 810 628 namque
829 593 903 628 quod
923 593 1002 625 dixit,

211 638 285 674 quod
310 638 337 665 in
360 638 497 674 principio
515 642 586 670 erat,
611 644 639 666 et
660 646 714 665 non
742 643 803 673 post
826 638 1003 673 principium,

211 685 332 713 ostendit
356 685 430 720 quod
445 692 584 719 nunquam
599 685 704 720 absque
727 684 816 712 Vel-bo
839 684 1004 720 principium

212 736 281 759 erat.
314 730 354 758 Ex
376 738 409 759 eo
437 739 502 758 vero
521 731 593 766 quod
628 732 762 764 ostendit,
789 731 861 766 quod
887 731 1003 758 Verbum

214 777 296 803 etiam
313 780 371 803 erat
386 776 456 811 apud
469 775 563 807 Deum,
580 775 745 810 signiﬁcavit
760 775 834 809 quod
846 774 913 801 nihil
934 774 1004 801 desit

214 867 270 894 Deo
296 871 383 894 totum
411 867 494 894 simul
518 866 711 894 consideratur
739 865 868 893 Verbum.
886 866 954 893 Nam
980 866 1004 895 si

214 912 280 947 quid
308 911 397 940 Verbo
417 912 525 940 deesset
550 912 577 939 in
598 918 647 939 sua
675 911 873 947 magnitudine,
896 916 926 939 ut
948 919 1003 939 non

213 963 308 993 posset
332 958 405 993 apud
431 962 517 986 totum
534 965 596 986 esse
618 957 715 990 Deum,
748 966 864 993 prorsus
892 966 1005 987 necesse

214 1009 289 1032 esset
322 1009 352 1031 ut
378 1004 601 1032 cxistimaremus
628 1004 733 1039 absque
749 1003 840 1032 Verbo
860 1012 922 1032 esse
943 1011 1003 1031 eam

215 1050 262 1077 Dei
289 1053 406 1085 partem,
424 1057 477 1085 qua
495 1048 584 1077 Verbo
612 1050 739 1084 superior
762 1057 794 1077 ac
810 1049 899 1084 major
920 1053 1002 1077 esset.

214 1095 296 1129 Atqui
311 1102 372 1121 cum
391 1098 446 1120 tota
460 1094 488 1120 Dn
500 1094 507 1121 i
526 1094 668 1128 majestate
682 1093 765 1121 Verbi
778 1094 908 1128 majestas
921 1094 1003 1121 simul

214 1139 413 1167 consideratur.
434 1139 504 1175 Ergo
524 1140 551 1167 in
571 1140 673 1167 divinis
688 1139 822 1167 doctrinis
837 1140 926 1167 locum
948 1147 1003 1168 non

216 1186 307 1219 habet,
323 1189 351 1213 ut
366 1186 409 1213 Vel
431 1186 520 1220 majus
535 1186 578 1214 vel
595 1186 688 1216 minus
706 1193 768 1214 esse
784 1185 918 1213 dicamus.
934 1185 1002 1213 Nam

214 1232 262 1267 qui
281 1231 376 1259 dicunt
395 1231 467 1267 quod
486 1231 606 1267 genitum
624 1240 680 1259 non
695 1232 789 1267 genito
804 1236 903 1259 natura
921 1231 1004 1260 dissi-

215 1277 280 1305 mile
294 1277 340 1308 sit,
351 1281 378 1304 et
390 1277 570 1305 similitudine
581 1282 609 1305 et
623 1278 748 1313 exemplo
761 1277 853 1305 Abelis
866 1281 893 1305 et
907 1277 1004 1304 Adami

215 1322 322 1350 discant
336 1322 409 1350 haud
423 1323 651 1357 stultejudicare.
673 1323 778 1351 Etenim
796 1323 881 1350 Adam
895 1330 1005 1358 quoque

215 1368 367 1396 secundum
380 1368 532 1396 naturalem
547 1367 688 1396 hominum
703 1369 871 1398 nativitatem
886 1375 939 1396 non
957 1374 1005 1400 ge-

218 1415 293 1443 nitus
308 1414 357 1442 fuit
374 1415 465 1443 :Abel
480 1423 547 1443 vero
562 1422 595 1441 ex
615 1414 720 1441 Adsmo
743 1413 853 1449 genitus
873 1416 925 1439 est.
955 1410 1007 1438 Sed

1052 226 1100 254 τοῦ
1114 226 1220 262 Πατρὸς
1234 226 1369 261 λέγοντες,
1386 226 1591 261 διδαχθήτωσαν
1612 225 1689 260 παρὰ
1712 226 1760 252 τοῦ
1774 226 1849 253 Παύ-

1052 273 1098 300 λου
1116 273 1153 308 μὴ
1167 274 1276 308 μετρεῖν
1291 273 1325 300 τὰ
1338 273 1481 308 ἁμέτρητα
1491 281 1498 288 ·
1521 273 1535 299 6
1549 273 1604 308 γὰρ
1625 272 1788 304 ’Λπόστολυς
1802 273 1850 299 τὸν

1054 320 1118 348 Υίδν
1133 319 1297 355 χαρακτῆρα
1310 319 1385 353 λέγει
1408 319 1457 354 τῆς
1470 318 1518 345 τοῦ
1534 318 1640 354 Πατρδς
1659 319 1849 350 ὑποστάσεως.

1054 366 1138 402 Δῆλον
1152 363 1198 393 οὖν
1213 366 1253 392 ὅτι
1317 366 1366 400 ὅση
1381 365 1414 392 ἂν
1428 365 1445 400 ἡ
1461 365 1609 396 ὑπόστασις
1663 364 1711 391 τοῦ
1730 365 1850 401 Πατρὺς,

1055 411 1183 441 τοσοῦτος
1197 411 1243 437 καὶ
1254 410 1268 437 6
1281 411 1424 446 χαρακτήρ
1431 411 1489 437 ἐστι
1498 411 1547 445 τῆς
1556 410 1742 442 ὑποστάσεως·
1754 406 1785 437 οὗ
1796 411 1852 446 γὰρ

1057 457 1194 492 ἐνδέχεται
1211 454 1280 483 εἶναι
1297 456 1458 492 μικρότερον
1479 456 1525 483 τὸν
1544 458 1707 492 χαρακτῆρα
1723 458 1775 492 τῆς
1786 456 1853 483 θευ-

1058 502 1193 537 ρουμένης
1209 502 1237 528 ἐν
1251 501 1325 537 αὺτῷ
1340 501 1524 533 ὑποστάσεως.
1557 501 1637 527 Ἀλλὰ
1660 501 1706 528 καὶ
1728 502 1743 527 6
1764 501 1853 536 μέγας

1063 547 1190 582 Ἰωάννης
1213 547 1300 574 ταῦτα
1327 547 1446 573 διδάσκει
1474 547 1572 580 λέγων,
1607 555 1617 571 ι
1635 546 1679 572 'Ev
1693 547 1764 582 ἀρχῇ
1779 544 1814 581 ἦν
1837 547 1853 572 6

1057 594 1154 627 Λόγος,
1171 593 1218 620 καὶ
1234 594 1248 620 ὁ
1263 592 1348 627 Λόγος
1360 590 1394 628 ἦν
1411 592 1480 628 πρὸς
1496 592 1541 619 τὸν
1554 591 1630 619 Θεόν.
1646 601 1656 617 υ
1676 592 1722 618 Ἐκ
1735 592 1790 627 γὰρ
1803 591 1852 618 τοῦ

1057 640 1155 670 εἰπεῖν,
1171 639 1213 665 ὅτι
1230 648 1240 664 ι
1253 640 1282 665 ὲν
1302 639 1372 674 ἀρχῇ
1388 637 1450 673 iv,»
1476 638 1521 665 καὶ
1538 639 1567 664 οὐ
1595 639 1665 674 μετὰ
1683 639 1731 672 τὴν
1751 639 1850 672 ἀρχὴν,

1058 685 1158 718 ἔδειξεν
1177 685 1218 712 ὅτι
1238 685 1367 712 οὐδέποτε
1391 686 1486 718 ἄλογος
1507 683 1572 720 ἦνὴ
1597 685 1677 720 ἀρχή.
1701 686 1747 710 Ἐκ
1762 685 1789 711 δὲ
1803 685 1851 710 τοῦ

1058 730 1197 763 ἀποδεῖξαι
1207 731 1248 757 ὅτι
1263 732 1310 758 καὶ
1323 732 1337 757 6
1349 732 1434 764 Λόγος
1446 729 1480 765 ἦν
1494 731 1561 765 πρὸς
1578 731 1623 757 τὸν
1636 731 1712 761 Θεὸν,
1727 731 1757 756 τὸ
1775 730 1853 756 ἀνελ-

1064 773 1141 806 λιπὲς
1162 774 1209 800 τοῦ
1224 773 1290 800 Υῑοῦ
1309 773 1347 806 ὡς
1361 773 1428 808 πρὸς
1445 774 1490 799 τὸν
1506 773 1614 807 Πατέρα
1631 774 1777 808 ἐσήμανεν,
1801 774 1854 809 ὅλῳ

159 851 160 854 η
216 821 283 849 Filio
310 822 338 848 in
364 822 569 857 comparatione
593 820 700 853 Patris;
721 827 783 847 cum
803 825 859 848 toto
886 827 1004 855 namque

1064 821 1117 855 γὰρ
1133 819 1171 855 τῷ
1186 819 1243 854 Θεῷ
1257 819 1326 851 ὅλως
1337 818 1528 853 συνθεωρεῖται
1539 820 1552 845 ό
1569 818 1664 852 Λόγος.
1692 819 1724 845 Εἰ
1741 818 1796 852 γὰρ
1811 819 1855 844 ὲλ-

1065 865 1145 901 λιπὴς
1160 862 1195 900 ἦν
1211 866 1239 891 ἐν
1255 864 1294 900 τῷ
1306 864 1363 899 ἰδίῳ
1380 864 1488 899 μεγέθει
1500 866 1513 891 ό
1533 864 1628 898 Λόγος,
1644 864 1712 890 ὥστε
1728 865 1765 899 μὴ
1776 865 1857 890 δύνα-

1066 911 1127 938 σθαι
1141 911 1209 946 πρὸς
1223 910 1284 938 ὅλον
1303 910 1348 937 τὸν
1366 910 1430 936 Θεὸν
1445 908 1514 936 εἶναι
1524 929 1531 942 ,
1550 910 1655 945 ἀνάγκη
1671 911 1746 936 πᾶσα
1759 910 1857 943 ἄλο-,ιον

1064 955 1133 984 εἷναι
1151 956 1198 983 τοῦ
1221 956 1289 983 Θεοῦ
1311 956 1430 991 νομίζειν
1455 953 1484 982 τδ
1506 956 1676 991 ὑπερπίπτον
1691 954 1738 981 τοῦ
1756 955 1855 988 Λόγου.

1070 1002 1150 1029 Ἀλλὰ
1163 1002 1216 1038 μὴν
1232 1003 1306 1038 πάσῃ
1319 1002 1366 1029 τοῦ
1388 1001 1455 1028 Θεοῦ
1473 1001 1662 1037 μεγαλειότητι
1679 1002 1695 1036 ἡ
1707 1000 1755 1026 τοῦ
1769 1001 1857 1033 Λόγου

1067 1047 1243 1082 μεγαλειότης
1262 1046 1465 1082 συνθεωρείται.
1493 1047 1563 1081 ’Δρα
1576 1047 1627 1073 οὑκ
1638 1046 1693 1081 ἔχει
1707 1045 1799 1081 χώραν
1810 1047 1858 1072 ἐπὶ

1064 1093 1117 1119 τῶν
1130 1092 1209 1119 θείων
1226 1092 1368 1127 δογμάτων
1388 1092 1419 1118 τδ
1434 1092 1525 1127 μεῖζον
1540 1092 1629 1126 λέγειν
1646 1091 1693 1118 καὶ
1714 1091 1745 1117 τὸ
1759 1090 1859 1126 μικρό-

1064 1146 1153 1174 τερον.
1171 1138 1203 1164 Οί
1217 1137 1246 1163 δὲ
1265 1138 1387 1172 λέγοντες
1407 1138 1436 1164 τὸ
1452 1137 1582 1172 γεννητὸν
1605 1136 1644 1172 τῷ
1662 1137 1801 1172 ἀγεννήτῳ
1815 1135 1857 1163 εἷ-

1065 1193 1110 1212 ναι
1125 1184 1197 1211 κατὰ
1210 1183 1259 1219 τὴν
1271 1183 1351 1218 φύσιν
1371 1184 1507 1219 ἀνόμοιον,
1526 1183 1729 1219 διδαχθήτωσαν
1744 1183 1782 1218 μὴ
1799 1192 1858 1218 μω-

1067 1230 1167 1266 ραίνειν
1180 1231 1212 1256 ὲκ
1224 1229 1271 1259 τοῦ
1284 1229 1355 1257 κατὰ
1369 1229 1414 1256 τὸν
1430 1229 1513 1256 Ἀϐελ
1525 1230 1573 1256 καὶ
1588 1230 1634 1256 τὸν
1657 1229 1741 1264 Ἀδὰμ
1755 1229 1860 1256 ὑποδεί-

1065 1284 1178 1312 γματος.
1197 1276 1253 1302 Καὶ
1268 1275 1321 1311 γὰρ
1332 1275 1378 1302 καὶ
1394 1276 1408 1301 6
1423 1275 1509 1310 Ἀδὰμ
1525 1276 1595 1303 κατὰ
1608 1275 1658 1306 τὴν
1673 1275 1792 1311 φυσικὴν
1803 1275 1860 1303 τῶν

1063 1322 1217 1357 ἀνθρώπων
1234 1322 1364 1358 γέννησιν
1389 1323 1441 1351 οὐκ
1461 1323 1610 1358 ιγιννήθηθ
1628 1326 1642 1351 6
1665 1324 1694 1351 δὲ
1714 1325 1798 1351 ’Δδελ
1822 1328 1857 1353 ἐκ

1062 1368 1109 1395 τοῦ
1132 1369 1218 1404 ’Δδὰμ
1233 1369 1378 1405 ἐγεννήθη.
1404 1369 1490 1397 Οὐδὲν
1505 1370 1533 1397 δὲ
1554 1370 1678 1397 ἐκώλυσε
1695 1372 1740 1398 τὸν
1764 1372 1857 1405 Ἀδὰμ

1061 1415 1092 1441 τὸ
1114 1414 1153 1450 μὴ
1173 1416 1337 1451 γεννηθῆναι
1362 1416 1432 1450 πρὸς
1447 1416 1477 1443 τὸ
1492 1416 1638 1452 ἄνθρωπον
1653 1416 1741 1444 εἶναι·
1756 1418 1819 1445 οὐδὲ
1838 1420 1856 1455 ὴ

217 1459 286 1488 nihil
304 1459 443 1495 prohibuit
455 1461 590 1491 Adamum
606 1467 667 1488 esse
678 1459 831 1489 hominem.
842 1457 914 1492 quod
928 1457 1004 1491 geni-

1061 1460 1188 1497 γέννησις
1204 1462 1250 1488 τὸν
1269 1462 1352 1488 ’Λὸελ
1376 1462 1441 1489 ἄλλο
1458 1471 1484 1489 τι
1501 1463 1577 1498 παρὰ
1599 1463 1649 1498 τὴν
1675 1463 1856 1499 ἀνθρωπίνην

219 1510 263 1532 tus
279 1512 331 1532 non
347 1510 426 1538 erat;
443 1512 533 1540 neque
553 1504 683 1532 nativitas
697 1503 809 1531 Abelem
826 1503 899 1530 aliud
915 1510 948 1530 ac
969 1502 1009 1530 di-

217 1558 328 1578 versum
337 1551 465 1587 quiddam
481 1552 514 1579 ab
532 1551 650 1578 humana
676 1550 794 1578 reddidit
810 1554 928 1583 natura,
959 1548 1006 1575 sed

217 1602 273 1624 tam
294 1596 339 1625 hic
352 1604 435 1632 quam
446 1597 490 1625 ille
506 1597 589 1625 homo
601 1596 664 1630 fuit,
677 1596 728 1625 etsi
743 1597 788 1625 hic
801 1596 912 1631 quidem
928 1599 1009 1623 natus

216 1648 287 1678 erat,
300 1644 346 1672 ille
358 1651 422 1672 vero
437 1644 541 1679 absque
552 1643 695 1672 nativitate
707 1643 862 1672 exstiterat.

253 1690 339 1725 Igitur
351 1690 379 1718 in
394 1690 496 1718 divinis
507 1690 799 1725 quoquedogmatibus’
813 1690 915 1718 nullam
925 1695 1006 1718 natu-

218 1745 256 1765 rae
265 1737 446 1765 diﬂ‘erentiam
455 1736 536 1765 edicit
542 1738 663 1773 genitum
671 1738 712 1766 vel
729 1745 784 1765 non
798 1738 919 1773 genitum
932 1745 1006 1771 esse,

216 1781 265 1810 sed
278 1782 507 1816 quemadmodum
520 1783 546 1810 in
561 1783 665 1811 Adamo
677 1787 704 1810 et
716 1783 800 1811 Abele
814 1791 867 1811 una
878 1783 1006 1811 humani-

220 1833 273 1860 tas,
301 1828 359 1855 sive
373 1833 470 1855 natura
494 1828 627 1861 humana,
656 1829 750 1856 eodem
776 1828 857 1856 modo
881 1829 909 1856 in
928 1829 1008 1856 Patre

216 1881 326 1909 quoque
339 1882 371 1902 ac
387 1874 456 1902 Filio
471 1874 569 1908 deitas,
583 1882 629 1903 seu
646 1875 737 1902 divina
762 1880 858 1903 natura
878 1883 931 1903 una
955 1880 1008 1903 est.

218 1931 345 1967 Ejmdem
365 1939 398 1960 ea:
410 1933 532 1960 oratione
546 1932 578 1961 de
595 1931 660 1960 Filii
677 1938 701 1961 et
715 1933 832 1969 Spiritus
859 1933 1007 1961 divinitate.

250 2011 377 2040 Eunomii
406 2011 540 2046 discipuli.
567 2012 663 2046 Filius,
696 2012 832 2048 inquiunt,
862 2013 1006 2048 aliquando

217 2065 270 2086 non
285 2063 354 2086 erat.
375 2057 404 2085 Si
430 2058 515 2086 Filius
530 2067 583 2086 non
605 2064 674 2091 erat,
689 2067 722 2086 ne
736 2059 817 2087 Pater
828 2060 935 2094 quidem
945 2067 1006 2087 om-

217 2104 290 2131 nino.
308 2104 337 2131 Si
348 2103 475 2138 splendor
492 2112 545 2132 non
563 2109 631 2137 erat,
648 2112 683 2132 ne
708 2105 854 2139 splendens
882 2106 1003 2140 quidem.

216 2149 245 2176 Si
269 2149 353 2182 ﬁgura
369 2157 423 2176 non
440 2154 510 2182 erat,
525 2158 558 2177 ne
572 2150 724 2178 substantia
737 2151 857 2186 quidem.
871 2151 899 2179 Si
910 2156 1005 2185 poten-

216 2195 253 2222 tia
270 2202 322 2222 non
335 2197 406 2226 erat.
420 2195 442 2222 si
459 2195 590 2230 sapientia
605 2203 656 2223 non
675 2201 744 2228 erat,
760 2195 819 2223 sine
827 2197 927 2231 quibus
952 2204 1003 2224 non

214 2243 256 2266 est
272 2238 353 2272 Deus,
369 2248 402 2267 ne
419 2239 489 2268 Deus
504 2241 612 2274 quidem
626 2245 696 2269 erat.
713 2241 805 2277 Neque
832 2242 905 2270 enim
927 2243 1002 2277 cogi-

216 2290 273 2313 tare
290 2292 436 2320 possumus
448 2286 561 2320 gloriam
577 2287 637 2315 sine
652 2288 803 2323 splendore,
817 2293 863 2316 aut
879 2288 1005 2316 substan-

216 2333 281 2360 tiam
312 2333 371 2360 sine
399 2332 495 2368 ﬁgura,
524 2337 572 2361 aut
597 2334 656 2362 siue
673 2335 807 2370 sapientia
840 2334 1003 2369 sapientem,

213 2378 334 2406 autsine
350 2378 471 2413 potentia
487 2382 636 2412 potentem,
662 2385 709 2407 aut
722 2380 840 2414 denique
865 2381 925 2409 sine
949 2381 1005 2409 ﬁlio

215 2429 329 2456 patrem.
352 2424 390 2452 Ex
405 2424 446 2452 his
460 2425 551 2460 igitur,
566 2433 625 2460 qua
638 2426 708 2453 dicta
722 2431 796 2459 sunt,
825 2427 1004 2455 demonstra-

213 2473 271 2497 tum
286 2475 338 2503 est,
356 2478 417 2498 eum
433 2472 479 2506 qui
503 2470 601 2499 Filium
617 2472 696 2505 tollit,
712 2477 740 2500 et
754 2473 864 2500 Patrem
897 2471 1002 2501 tollere.

212 2517 264 2545 Ubi
286 2522 376 2544 autem
394 2517 479 2545 Filius
496 2525 549 2545 non
564 2518 672 2551 colitur,
686 2525 735 2545 nec
748 2518 828 2545 Pater
848 2526 908 2546 esse
942 2525 1005 2546 cre-

214 2563 299 2596 ditur,
317 2568 372 2591 tota
394 2564 526 2591 Divinitas
542 2565 676 2592 aufertur.
709 2565 795 2593 Porro
828 2565 1004 2592 Divinitatem

213 2609 323 2637 auferre
339 2610 440 2637 nullius
451 2614 504 2645 est,
522 2610 574 2637 nisi
593 2610 731 2645 Epicurei.
747 2611 824 2639 Patet
840 2619 906 2647 ergo
927 2611 1006 2639 istius

214 2655 349 2690 opinionis
364 2660 490 2684 auctores
508 2663 569 2685 esse
583 2656 741 2692 Epicureos.

465 2713 508 2741 Ea:
522 2713 612 2741 eadem
621 2714 752 2741 oratione.

249 2757 402 2787 Sententiae
420 2760 550 2795 quasdam
568 2761 729 2788 abscindunt
744 2768 758 2787 e
774 2759 925 2796 Scriptura,
938 2769 1006 2796 quas

215 2804 430 2839 imperitioribus
440 2806 582 2842 objieiant.
601 2807 697 2834 Dicunt
719 2807 803 2841 enim,
824 2807 911 2843 ipsum
949 2808 1003 2836 Du-

251 2873 259 2888 ¹
279 2873 358 2904 Rom.
374 2882 413 2907 li.
425 2876 470 2905 34.
510 2877 519 2894 '
537 2876 615 2906 Joan.
632 2877 691 2910 1,1.

1061 1506 1145 1540 φύσιν
1158 1507 1298 1542 εποίησεν,
1312 1507 1381 1534 ἀλλὰ
1396 1507 1443 1535 καὶ
1455 1504 1533 1539 οὗτος
1548 1508 1694 1543 ἄνθρωπος
1712 1509 1853 1541 κάκεῖνος,

1061 1553 1085 1579 εί
1100 1552 1146 1579 καὶ
1158 1553 1171 1579 6
1185 1553 1234 1588 μὲν
1249 1553 1392 1588 γεννηθεὶς
1404 1551 1451 1589 ἦν,
1466 1554 1480 1580 6
1495 1553 1524 1581 δὲ
1539 1554 1600 1589 δίχα
1615 1555 1785 1591 γεννήσεως.

1097 1694 1170 1729 Ἀρα
1187 1693 1234 1720 καὶ
1251 1694 1298 1721 ἐπὶ
1315 1695 1369 1722 τῶν
1388 1696 1469 1722 θείων
1486 1696 1632 1730 δογμάτων
1649 1697 1680 1723 τὸ
1699 1697 1738 1732 μὴ
1753 1706 1854 1733 γεννη-

1058 1739 1137 1775 θῆναι
1157 1740 1205 1767 καὶ
1227 1740 1259 1767 τὸ
1275 1741 1438 1777 γεννηθῆναι
1453 1742 1586 1777 διαφορὰν
1600 1742 1650 1769 οὐκ
1667 1743 1849 1778 ἐξεργάζεται

1059 1786 1178 1820 φύσεως,
1201 1787 1368 1824 ἁλλ’ὦσπερ
1389 1789 1434 1815 ἐπὶ
1456 1789 1503 1816 τοῦ
1524 1790 1610 1824 ’Λδὲμ
1624 1790 1672 1816 καὶ
1692 1791 1739 1816 τοῦ
1764 1792 1851 1817 Ἅϐελ

1059 1833 1240 1869 ἀνθρωπότης
1256 1835 1316 1870 μία,
1330 1835 1402 1862 οὕτω
1415 1836 1462 1862 καὶ
1474 1836 1520 1862 ἐπὶ
1539 1836 1586 1862 τοῦ
1601 1837 1707 1871 Πατρός
1730 1837 1778 1863 καὶ
1799 1838 1849 1864 ἐπὶ

1058 1879 1105 1906 τοῦ
1119 1880 1185 1907 Υίόῦ
1203 1881 1298 1916 θεότης
1314 1882 1374 1916 μία.

1060 1936 1116 1964 Τοῦ
1136 1937 1230 1965 αὑτοῦ
1245 1937 1279 1965 ἐκ
1295 1938 1347 1965 τοῦ
1361 1939 1455 1975 λόγου
1470 1939 1523 1967 τοῦ
1537 1940 1603 1975 περὶ
1620 1941 1761 1975 θεότητος
1775 1941 1850 1969 Υίοῦ

1321 1974 1370 2000 καὶ
1396 1974 1581 2009 Πνεύματοςζ

1090 2017 1225 2051 Λέγουσιν
1241 2019 1266 2044 οἱ
1283 2019 1350 2054 περὶ
1370 2020 1416 2046 τὸν
1434 2021 1578 2056 Εὐνόμιον,
1595 2021 1637 2048 ὅτι
1658 2023 1673 2048 6
1692 2022 1756 2054 Υἱός
1781 2032 1851 2049 ποτε

1053 2064 1105 2091 οὐκ
1120 2061 1166 2099 ἦν.
1183 2065 1212 2091 Εἰ
1223 2065 1273 2092 οὐκ
1287 2063 1321 2100 ἦν
1340 2065 1354 2091 6
1369 2065 1443 2098 Υἱὸς,
1461 2066 1570 2098 πάντως
1586 2067 1646 2095 οὐδὲ
1661 2069 1675 2095 6
1693 2069 1789 2104 Πατὴρ
1801 2067 1850 2104 ἢν.

1055 2111 1086 2137 Εἰ
1102 2111 1152 2137 οὐκ
1164 2108 1198 2146 ἦν
1216 2111 1230 2137 6
1245 2111 1399 2148 χαρακτὴρ.
1414 2113 1475 2140 οὐδὲ
1492 2114 1508 2148 ἡ
1522 2114 1673 2146 ὑπόστασις
1685 2112 1728 2150 ἦν.
1747 2116 1778 2141 Ei
1797 2116 1851 2143 οὐκ

1054 2153 1088 2191 ἦν
1104 2157 1134 2183 τὸ
1149 2157 1332 2193 ἀπαύγασμα,
1358 2159 1419 2186 οὐδὲ
1440 2159 1471 2186 τὸ
1497 2160 1662 2194 ἀπαυγάζον
1679 2159 1723 2196 ἦν.
1745 2161 1777 2187 Εἰ
1795 2162 1851 2188 οὐκ

1054 2201 1088 2239 ἦν
1107 2202 1235 2239 δύναμις,
1258 2205 1283 2231 εί
1301 2206 1351 2232 οὐκ
1381 2203 1416 2242 ἧν
1437 2206 1529 2241 σοφία,
1554 2204 1592 2234 ὦν
1617 2208 1683 2235 ἄνευ
1700 2208 1766 2240 Θεὸς
1795 2209 1850 2236 οὐκ

1054 2249 1140 2283 ἔστιν,
1158 2250 1219 2277 οὐδὲ
1247 2250 1314 2284 Θεὸς
1329 2250 1374 2287 ἦν.
1391 2253 1428 2279 Οὐ
1451 2253 1508 2288 γὰρ
1532 2254 1608 2282 ἔστιν
1623 2255 1749 2290 ἐννοῆσαι
1766 2255 1850 2287 δόξαν

1054 2295 1178 2331 ἀλαμπῆ,
1191 2296 1207 2331 ἢ
1222 2297 1371 2325 ὑπόστασιν
1383 2299 1632 2335 ἀχαρακτήριστον,
1644 2300 1659 2336 ἦ
1673 2301 1737 2328 ἄνευ
1751 2303 1850 2336 σοφίας

1055 2344 1147 2378 σοφὸν,
1164 2344 1179 2380 ἤ
1193 2344 1257 2372 ἄνευ
1274 2346 1416 2380 δυνάμεως
1433 2346 1560 2382 δύναμιν,
1576 2348 1592 2383 ἢ
1612 2348 1712 2375 ἄπαιδα
1726 2349 1846 2382 πατέρα.

1055 2390 1162 2417 Οὐκοῦν
1176 2391 1368 2419 ἀποδέδεικται
1388 2392 1434 2419 διὰ
1457 2392 1512 2420 τῶν
1529 2394 1694 2430 εἰρημένων,
1710 2395 1751 2421 ὄτι
1769 2395 1783 2420 6
1799 2396 1850 2422 τὸν

1054 2435 1118 2462 Υἱὺν
1132 2436 1240 2464 ἀθετῶν
1262 2439 1408 2466 συναθετεῖ
1426 2440 1474 2466 καὶ
1497 2440 1543 2466 τὸν
1566 2441 1691 2476 Πατέρα.
1709 2441 1799 2467 Ὅπου
1818 2441 1849 2468 δὲ

1053 2482 1116 2509 οὔτε
1124 2483 1138 2509 6
1150 2483 1214 2516 Υεὺς
1224 2484 1377 2518 δοξάζεται,
1387 2485 1450 2513 οὔτε
1460 2487 1473 2513 6
1483 2487 1579 2522 Πατὴρ
1589 2485 1660 2513 εἷναι
1673 2488 1847 2520 πιστεύεται,

1055 2530 1169 2557 καθόλου
1182 2532 1199 2566 ἡ
1212 2523 1307 2568 θεότης
1318 2532 1448 2568 ἡθέωται.
1461 2533 1497 2560 Τὸ
1508 2533 1536 2560 δὲ
1546 2534 1652 2561 ἀθετεῖν
1666 2534 1715 2570 τὴν
1729 2535 1848 2568 θεότητα

1054 2577 1161 2610 οὐδενὸς
1175 2578 1256 2606 ἄλλον
1285 2578 1301 2615 ἢ
1331 2579 1496 2616 Ἐπικούρου
1521 2581 1607 2608 ἐστίν.
1633 2581 1738 2608 Οὐκοῦν
1766 2581 1848 2608 Ἐπι-

1056 2624 1178 2660 κούρειοι
1195 2626 1219 2652 oi
1240 2625 1289 2653 νῦν
1312 2626 1499 2663 δογματισταὶ
1518 2628 1567 2664 τῆς
1590 2629 1721 2660 ἁσεὸείσς
1740 2629 1848 2655 ἀναπε-

1056 2671 1183 2706 φήνασιν.

1274 2719 1325 2747 Ἐκ
1345 2720 1399 2747 τοῦ
1416 2721 1509 2748 αὑτοῦ
1528 2722 1632 2757 λόγου.

1091 2764 1174 2797 Τινὰς
1197 2765 1291 2801 ῥήσεις
1318 2767 1351 2793 ἐκ
1377 2767 1428 2802 τῆς
1455 2768 1568 2803 Γραφῆς
1581 2768 1850 2804 ἀποσπαράσςοντες

1057 2811 1113 2845 τοῖς
1131 2811 1256 2848 ἀνοήτοις
1271 2813 1471 2849 προτείνονται,
1486 2815 1533 2842 καί
1550 2824 1632 2850 φασιν
1654 2815 1734 2843 αὑτὸν
1750 2815 1853 2851 όμολο·
