4042 6204
490 286 595 349 {07

558 488 624 522 ea:
654 469 1083 528 interpretatione
1116 466 1331 520 illorum
1372 467 1668 532 uerborum,
1734 485 1753 518 ι
1787 465 2071 524 Faciamus

562 540 823 593 hominem
850 539 888 589 ¹.
923 556 941 589 ι

567 650 665 704 llic
690 660 742 701 et
774 648 887 702 Arii
916 646 1225 714 Opinionem
1280 646 1705 715 approbantibus
1735 648 1933 703 lethale
1957 649 2076 704 vul-

493 757 595 795 nus
633 740 842 809 inﬂigit.
868 735 983 791 Non
1015 738 1158 791 enim
1194 736 1518 806 imperantis
1550 752 1701 793 more
1765 739 1933 793 dixit:
1968 737 2075 792 Fa-

490 834 620 897 cito,
672 842 924 897 tauquam
984 830 1272 894 minorem,
1333 840 1426 882 aut
1472 829 1706 883 essentia
1761 829 2073 885 inferiorem

493 923 887 988 all0qneretur,
942 919 1035 972 sed
1089 932 1273 985 parem
1330 917 1552 972 honoris
1617 920 1841 988 gradum
1887 929 2074 973 osten-

489 1014 623 1065 dens
657 1028 670 1065 :
704 1008 1015 1075 Faciamus,
1054 1009 1250 1078 inquit.
1284 1010 1346 1063 Et
1376 1024 1494 1079 qnte
1531 1011 1785 1082 deinceps
1830 1026 2072 1078 sequun.

491 1111 583 1155 tur
620 1117 870 1169 magnam
896 1101 1053 1154 nobis
1108 1102 1360 1154 essentia:
1409 1100 1691 1155 declarant
1764 1100 2076 1156 similitudi-

495 1209 638 1248 nent.

491 1306 744 1375 Ejusdem
780 1322 846 1359 ex
874 1307 1307 1376 interpretatione
1337 1308 1551 1361 illorum
1595 1310 1867 1363 verborum
1898 1324 1917 1363 :
1954 1327 1973 1360 ι
2009 1308 2073 1361 Et

560 1382 847 1446 assumpsit
912 1378 1052 1431 Deus
1112 1379 1397 1443 hominem,
1430 1395 1582 1447 quem
1609 1382 1928 1449 formaverat
1960 1379 1981 1409 ’
2018 1398 2079 1434 ,ιν

568 1490 629 1543 ln
671 1491 787 1558 ipso
819 1490 1001 1545 statim
1031 1492 1297 1561 principio
1338 1494 1445 1546 duo
1470 1494 1672 1562 posuit.
1704 1492 1893 1563 Neque
1923 1493 2072 1548 enim

490 1580 630 1634 dixit
669 1598 684 1635 :
723 1580 999 1646 Dominus,
1026 1593 1080 1635 et
1110 1583 1295 1649 tacuit,
1326 1585 1419 1637 sed
1448 1584 1647 1650 adjecit
1684 1601 1697 1637 :
1743 1585 1905 1649 Deus,
1935 1586 2073 1639 duo-

489 1673 593 1727 bus
631 1673 777 1726 hisce
820 1674 1004 1728 verbis
1043 1691 1057 1727 :
1096 1674 1349 1727 Dominus
1406 1675 1569 1739 Deus,
1629 1676 1964 1730 reconditum
2019 1687 2071 1730 et

1714 283 2099 346 EUTHYMII
2143 284 2504 347 ZlGABENI

492 398 627 453 Item
653 408 833 451 contra
870 387 1130 450 'Arianos.
1189 395 1374 461 Magni
1410 394 1637 449 Joannis
1697 395 2063 464 Chrysostomi

2190 396 2299 452 Ἐτι
2346 400 2499 453 κατὰ
2528 390 2837 465 Ἀρειανῶν
2878 395 2986 449 τοῦ
3028 411 3104 464 με

3652 280 3757 344 608

3112 394 3297 462 γάλου
3331 391 3606 462 ἰωᾴννου
3650 394 3758 447 τοῦ

2247 461 2681 536 Χρυσοστόλιου
2729 470 2798 521 ἐκ
2841 467 2953 535 τῆς
2995 461 3313 534 ἐρμηνείας
3360 461 3473 529 τῆς
3521 464 3609 529 εις
3654 466 3758 518 τό’

2254 560 2273 592 ι
2312 539 2668 608 Ποιήσωμεν
2695 538 3030 607 ἄνθρωπον.
3062 553 3082 588 ι

2261 654 2536 709 Ἐνταῦθα
2578 653 2678 707 καὶ
2715 653 2826 716 τοῖς
2868 649 2938 703 τὰ
2974 648 3188 718 ’Λρείου
3236 645 3496 719 φρονοῦσι
3539 646 3763 716 καιρίαν

2175 750 2359 804 δεδωσι
2399 750 2502 819 τὴν
2543 746 2786 817 πληγήν.
2812 746 2948 800 Οὐδὲ
2989 745 3098 815 γὰρ
3135 740 3559 812 προστακτικῶς
3601 736 3761 793 εἴπεο

2176 841 2412 910 Ποίησον
2432 880 2446 904 ,
2482 840 2558 905 ὡς
2597 837 2978 909 ὑποδεεστέρῳ
3008 836 3042 907 ἢ
3083 832 3329 889 ἐλάττονι
3362 833 3510 886 κατὰ
3542 831 3645 900 τὴν
3672 831 3763 884 οὐ-

2178 934 2300 988 σίαν
2321 974 2336 995 ,
2371 932 2509 986 ἀλλὰ
2532 932 2671 1003 μετὰ
2708 929 2909 1000 πολλῆς
2928 929 3030 999 τῆς
3062 927 3355 995 ἰσοτιμίας,
3384 923 3760 991 Ποιήσωμεν.

2178 1034 2288 1087 Καὶ
2313 1031 2528 1106 «sese;
2556 1029 2613 1083 δὲ
2639 1027 2844 1098 πολλὴν
2866 1025 3144 1080 δείκνυσιν
3168 1024 3305 1093 ἡμῖν
3327 1022 3425 1091 τῆς
3452 1020 3642 1083 οὐσίας
3669 1019 3763 1088 τὴν

2176 1126 2499 1197 ὁμοιότητα.

2191 1329 2291 1382 Ἐκ
2315 1325 2424 1394 τῆς
2457 1321 2776 1394 ἑρμηνείας
2810 1318 2922 1394 τῆς
2951 1318 3038 1381 εἰς
3066 1316 3155 1394 rp,
3184 1333 3215 1394 ι⁸
3238 1313 3459 1394 ’ξλασε
3491 1311 3706 1378 Κύριος
3734 1312 3762 1363 ὀ

2424 1386 2569 1459 Θέιῖἷς
2592 1386 2707 1447 τὸν
2739 1390 3055 1457 ἄνθρωπον
3085 1386 3158 1439 ὃν
3186 1386 3479 1437 ἔπλασεν.
3512 1402 3529 1433 ι

2247 1510 2464 1571 Εὐθέως
2501 1510 2563 1559 ἐκ
2599 1501 2903 1576 προοιμίων
2935 1500 3003 1553 τὰ
3062 1498 3156 1552 δύο
3191 1498 3457 1549 τέθεικεν.
3491 1495 3627 1547 Οὐδὲ
3661 1492 3765 1562 γὰρ

2176 1596 2297 1652 εἶπε
2329 1618 2346 1650 ι
2381 1598 2606 1666 Κύριος,
2639 1614 2656 1647 s
2685 1594 2776 1645 καὶ
2801 1592 3077 1659 ἐσίγησεν,
3103 1588 3237 1641 ἀλλὰ
3266 1585 3577 1657 προσέθηκε
3607 1602 3627 1635 ι
3662 1586 3767 1636 Κύ-

2180 1711 2291 1765 ριος
2326 1695 2354 1745 ὀ
2389 1691 2543 1754 Θεὸς,
2570 1708 2587 1740 ι
2608 1687 2867 1740 λανθάνον
2901 1701 2953 1736 τι
2987 1682 3081 1735 καὶ
3100 1681 3486 1750 κεκρυμμένον
3520 1677 3766 1730 ἐντεῦθεν

490 1779 749 1817 arcanum
779 1766 1031 1833 quiddam
1068 1782 1162 1819 nos
1194 1768 1414 1831 docens,
1486 1778 1546 1820 ut
1574 1769 1717 1821 scire
1778 1768 2075 1837 possimus,

2190 1750 2447 1839 διδασκων
2477 1750 2649 1851 ἡμᾶς,
2684 1779 2771 1831 ἵνα
2804 1776 3004 1829 εἰδέναι
3040 1775 3273 1844 ἔχωμεν,
3308 1773 3390 1824 ὅτι
3426 1772 3527 1826 κᾶν
3556 1787 3614 1823 τε
3653 1769 3767 1822 K6-

490 1857 606 1910 sive
634 1857 1079 1917 Dominum,sive
1112 1863 1278 1912 Deum
1329 1859 1719 1928 audiverimtts,
1768 1861 1915 1915 inter
1963 1861 2079 1915 lucc

491 1950 598 2003 duo
662 1950 879 2003 nomina
935 1950 1071 2004 nihil
1141 1951 1421 2005 interesse.
1484 1951 1559 2006 Ne
1630 1952 1795 2021 igitur
1852 1953 2079 2007 audiens

495 2039 722 2093 Paulum
757 2042 827 2092 ita
863 2040 1132 2094 dicentem
1169 2059 1183 2095 ι
1244 2039 1393 2095 Unus
1431 2042 1570 2095 Deus
1626 2041 1812 2105 Pater,
1859 2058 1924 2095 ea:
1977 2058 2079 2110 quo

492 2134 690 2195 omnia,
728 2142 777 2185 et
808 2149 942 2186 unus
971 2132 1224 2187 Dominus
1269 2133 1426 2188 Jesus
1486 2136 1754 2201 Christus,
1789 2153 1884 2206 per
1927 2152 2081 2206 quem

493 2222 671 2277 omnia
694 2222 715 2253 ³
742 2265 756 2289 ,
790 2234 945 2291 putes
980 2224 1033 2277 in
1065 2224 1153 2279 his
1185 2224 1408 2280 vocibus
1439 2227 1732 2282 discrimen
1756 2227 2003 2297 aliquod,
2026 2235 2081 2281 et

493 2330 600 2369 una
626 2316 845 2384 quidem
878 2317 1075 2386 majus,
1113 2318 1283 2372 altera
1316 2319 1498 2373 minus
1553 2320 1801 2375 indicari.
1869 2318 2079 2375 Idcirco

494 2416 723 2477 utraque
764 2415 1071 2478 promiscue
1093 2420 1146 2463 et
1170 2411 1537 2465 communiter
1603 2413 1777 2467 utitur
1837 2412 2085 2480 Scriptu-

494 2514 575 2566 ra,
605 2514 674 2553 ne
699 2500 859 2555 liceat
885 2501 1193 2557 hominibus
1222 2504 1562 2573 pugnacibus
1623 2517 1822 2559 rectam
1870 2505 2084 2560 doctri-

496 2607 622 2647 nam
646 2593 1089 2649 contentionibus
1112 2594 1226 2650 suis
1257 2605 1569 2666 pervertere
1609 2606 1663 2650 et
1727 2601 2080 2653 conturbare.

498 2786 749 2857 Ejusdem
781 2806 845 2845 ea:
878 2792 1307 2860 interpreta'ione
1332 2795 1400 2863 in
1433 2793 1527 2846 illa
1555 2795 1707 2847 verba
1745 2808 1764 2848 :
1814 2794 1910 2848 «In
1934 2811 2083 2863 prtu-

981 2864 1118 2928 cipiu
1152 2874 1267 2917 erat
1305 2862 1528 2917 Verbum
1548 2870 1593 2918 ⁵.
1629 2883 1648 2916 ι

570 2968 707 3025 Illud
741 2988 758 3027 :
793 2971 853 3025 In
890 2974 1151 3042 principio
1185 2984 1297 3028 erat
1326 2972 1573 3040 Verbum,
1627 2992 1733 3030 non
1786 2977 2079 3045 significat,

2182 1893 2297 1947 ριον
2324 1874 2670 1942 ἀκούσωμεν,
2700 1871 2801 1925 κᾶν
2826 1867 3066 1930 τενΘεὸν,
3095 1865 3321 1933 οὐδεμία
3351 1867 3409 1916 ὲν
3434 1866 3547 1925 τοῖς
3575 1864 3767 1931 ὀνόμα-

2182 1971 2267 2023 σίν
2299 1973 2416 2022 ἐστι
2445 1968 2699 2036 διαφορά.
2739 1965 2931 2017 Γούτου
2964 1961 3021 2013 δὲ
3054 1959 3150 2013 νῦν
3180 1960 3277 2027 οὐχ
3310 1956 3500 2019 ἁπλῶς
3529 1956 3770 2025 ἐμνημό-

2179 2079 2366 2125 νευσα,
2400 2060 2515 2114 ἀλλ’
2540 2060 2648 2123 ἴνα,
2680 2059 2806 2111 ὅταν
2837 2053 3080 2123 ἀκούσῃς
3113 2050 3326 2104 Παύλου
3356 2049 3636 2115 λέγοντοςσ
3668 2041 3768 2108 Εἷς

2183 2156 2327 2222 Θεὸς
2364 2159 2395 2209 ό
2439 2153 2660 2220 Πατὴρ,
2702 2150 2769 2213 ἐξ
2806 2144 2877 2204 οὗ
2922 2150 2991 2200 τὰ
3030 2144 3249 2207 πάντα,
3292 2142 3388 2195 καὶ
3432 2136 3519 2206 εἷς
3563 2140 3771 2207 Κύριος

2191 2246 2434 2315 Ἰησοῦς
2459 2242 2735 2312 Χριστὸς,
2763 2240 2837 2293 δι’
2865 2233 2936 2293 οὗ
2965 2236 3037 2291 τὰ
3058 2234 3275 2294 πάντα,
3300 2234 3377 2303 μὴ
3405 2230 3637 2300 νομίσῃς
3664 2230 3774 2282 δια-

2183 2341 2359 2410 φορὰν
2399 2333 2539 2390 εἶναι
2581 2338 2637 2388 ὲν
2676 2334 2797 2395 ταῖς
2832 2330 3036 2395 λέξεσι,
3078 2327 3174 2380 καὶ
3212 2327 3312 2394 τὴν
3357 2325 3455 2394 μὲν
3499 2321 3687 2393 μεῖζόν
3722 2338 3768 2372 τ;

2183 2432 2378 2502 δηλοῦν
2400 2471 2414 2497 ,
2445 2430 2547 2499 τὴν
2574 2427 2630 2479 δὲ
2666 2424 2908 2478 ἔλαττον.
2943 2420 3043 2474 Διὰ
3071 2418 3233 2471 τοῦτο
3267 2416 3362 2469 καὶ
3395 2414 3707 2483 ἀδιαφόρως
3740 2413 3771 2481 ἡ

2182 2523 2375 2594 Γραφὴ
2408 2520 2619 2582 τούτοις
2651 2516 2920 2587 κέχρηται
2953 2515 3066 2575 τοῖς
3099 2510 3397 2579 ὀνόμασιν,
3433 2507 3523 2559 ἶνα
3561 2505 3640 2574 μὴ
3679 2504 3769 2573 ἐξῇ

2182 2621 2296 2679 τοῖς
2332 2612 2655 2684 φιλονείκως
2685 2607 3057 2677 διακειμένοις
3087 2603 3155 2656 τὰ
3188 2601 3247 2665 ἐξ
3280 2598 3484 2662 οίκείας
3520 2597 3772 2659 ὑπονοίας

2183 2708 2537 2777 ἐπεισφέρειν
2566 2706 2632 2775 τῇ
2665 2701 2776 2755 τῶν
2806 2698 3100 2769 δογμάτων
3128 2695 3402 2766 ὀρθότητι.

2188 2819 2303 2874 Τοῦ
2333 2816 2519 2872 αὐτοῦ
2536 2816 2605 2869 ἐκ
2634 2813 2743 2883 τῆς
2764 2810 3084 2883 ἑρμηνείας
3108 2806 3219 2873 τῆς
3235 2807 3321 2870 είς
3348 2804 3431 2856 τό’
3455 2822 3472 2854 ι
3496 2803 3599 2855 Ἐν
3618 2796 3775 2869 ἀρχῇ

2748 2880 2841 2954 ἦνί
2860 2887 2890 2936 ό
2927 2884 3139 2948 Λόγος.
3182 2897 3199 2928 ι

2256 2981 2349 3045 Τὸ,
2385 2982 2487 3035 Ἑν
2514 2976 2671 3047 ἀρχῇ
2699 2972 2779 3046 ἦν
2813 2977 2845 3029 ό
2872 2976 3083 3042 Λόγος,
3104 2969 3165 3023 οὐ
3184 2967 3243 3020 τὸ
3263 2965 3458 3025 ἀΐδιον,
3482 2962 3645 3026 φασὶ,
3669 2962 3775 3012 δεί-

499 3062 767 3132 inqttiunt,
796 3065 1149 3120 aeternitatem
1180 3082 1195 3119 :
1238 3066 1378 3119 idem
1411 3067 1556 3122 enim
1606 3068 1673 3122 de
1709 3069 1847 3125 caelo
1875 3080 1929 3123 et
1978 3078 2082 3123 ter-

2190 3089 2371 3126 κνυσι.
2408 3071 2518 3123 Καὶ
2555 3070 2664 3139 γὰρ
2699 3066 2795 3120 καὶ
2830 3063 2961 3133 περὶ⁵
2994 3057 3227 3130 οὐρανοῦ
3260 3056 3419 3110 τοῦτο
3453 3054 3651 3123 ἐλέχθη
3687 3052 3777 3105 καὶ

500 3172 558 3208 ra
582 3157 784 3212 dictum
814 3168 915 3212 est.
979 3158 1323 3227 Oinsignem
1380 3159 1798 3228 impudentiam,
1860 3176 1915 3216 et
1970 3178 2085 3215 ma-

499 3263 665 3316 gnam
701 3248 1099 3303 temeritatem!
1132 3247 1244 3319 Ego
1271 3248 1366 3304 tibi
1396 3250 1461 3304 de
1493 3248 1603 3303 Deo
1642 3250 1855 3318 loquor,
1904 3262 1958 3306 et
2026 3261 2081 3305 tu

502 3338 635 3394 mihi
662 3348 864 3394 terram
895 3350 948 3394 et
982 3339 1228 3397 homines
1276 3355 1307 3396 e
1361 3348 1508 3395 terra
1545 3341 1809 3398 conﬂatos
1868 3344 1922 3397 in
1973 3358 2085 3399 me-

500 3429 651 3484 dium
684 3429 1049 3501 aﬂ'ersHErgo
1073 3432 1331 3501 quoniam
1393 3434 1641 3487 homines
1692 3432 1789 3488 tibi
1848 3434 1942 3489 Dei
2000 3436 2085 3490 tli-

500 3530 697 3576 cuntur
753 3531 807 3577 et
836 3522 907 3576 dii
941 3538 958 3577 :
997 3522 1109 3594 Ego
1157 3529 1318 3591 enim,
1350 3524 1542 3594 inquit,
1570 3526 1705 3593 dixi,
1745 3525 1833 3580 Dii
1863 3528 2008 3592 estis,
2036 3537 2086 3581 et

501 3615 603 3683 ﬁlii
631 3612 847 3669 Excetsi
891 3631 1067 3670 omnes
1095 3614 1138 3682 ⁸,
1177 3616 1455 3687 Unigeniti
1515 3616 1860 3673 divinitatem
1900 3621 1951 3673 in
1988 3620 2088 3674 du-

503 3706 650 3761 bium
675 3707 913 3773 vocabis,
945 3724 1176 3778 eumque
1200 3710 1332 3764 nihil
1362 3708 1596 3780 amplius
1651 3714 1871 3779 habere,
1923 3729 2086 3784 quam

505 3807 578 3862 te,
610 3798 799 3854 dices?
824 3797 1045 3854 Minime
1076 3813 1228 3864 vero,
1270 3799 1472 3871 inquis.
1509 3800 1674 3871 Atqui
1710 3803 1789 3856 sic
1848 3803 1985 3873 agis,
2024 3804 2089 3859 li-

502 3897 588 3939 cet
613 3888 796 3941 verbis
828 3887 972 3942 haud
1009 3888 1080 3942 ita
1110 3888 1371 3958 loquaris.
1399 3889 1534 3944 Cum
1569 3891 1716 3946 enim
1754 3892 1931 3963 ipsum
1986 3909 2087 3947 na-

506 3988 629 4032 tura
655 3976 848 4032 Ftlium
882 3992 1068 4049 neges,
1103 3981 1234 4050 quid
1261 3981 1407 4035 aliud
1454 3982 1684 4048 moliris,
1722 3984 1825 4038 nisi
1880 3992 1941 4039 ut
2000 3984 2092 4039 Fi-

504 4070 634 4125 limn
661 4084 782 4126 esse
811 4084 907 4140 per
966 4073 1198 4140 gratiam
1272 4074 1542 4142 probest.
1580 4074 1689 4128 Sed
1754 4075 2086 4142 testimonia,

504 4176 627 4229 quae
656 4162 726 4215 ab
781 4161 903 4216 istis
956 4161 1282 4230 aﬂarnntur,
1341 4164 1767 4221 consideremus.
1824 4166 1894 4222 In
1946 4169 2092 4236 prin-

2189 3162 2320 3231 περὶ
2354 3160 2477 3229 γῆς.
2504 3159 2569 3210 Ὢ
2596 3158 2693 3225 τῆς
2727 3153 3117 3224 ἀναισχυντίας
3151 3152 3245 3201 καὶ⁵
3275 3147 3378 3216 τῆς
3412 3144 3777 3204 ἀνευλασείας

2187 3251 2286 3320 τῆς
2322 3248 2556 3317 πολλῆςι
2596 3246 2734 3316 Περὶ
2766 3242 2904 3297 Θεοῦ
2942 3258 3027 3295 σοι
3058 3240 3379 3309 διαλέγομαι
3402 3275 3418 3299 ,
3453 3238 3547 3289 καὶ
3581 3235 3654 3288 σύ
3692 3250 3779 3303 μοι

2186 3342 2286 3411 τὴν
2316 3340 2421 3408 γῆν
2452 3340 2640 3408 φέρεις
2669 3337 2750 3398 είς
2786 3335 2971 3406 μέσον,
3003 3333 3094 3385 καὶ
3122 3333 3249 3395 τοὺς
3277 3329 3387 3385 ἀπὸ
3415 3329 3515 3399 τῆς
3547 3326 3659 3396 γῆς
3688 3328 3781 3378 ἁν-

2188 3434 2437 3506 θρώπους
2463 3450 2478 3499 ;
2511 3429 2723 3485 Οὐκοῦν
2758 3427 2947 3505 ἐπειδὴ
2978 3425 3074 3479 καὶ
3105 3427 3134 3478 ὁ
3168 3422 3458 3494 ἄνθρωπος
3492 3421 3610 3483 υίὸς
3642 3416 3781 3472 Θεοῦ

2186 3530 2426 3598 λέγεται,
2474 3527 2572 3580 καὶ
2617 3522 2774 3589 Θεδς,
2808 3519 2956 3591 Ἐγὼ
3004 3517 3136 3589 γὰρ,
3189 3517 3382 3586 φησῖν,
3433 3509 3599 3578 εἶπα,
3655 3511 3783 3566 θεοί

2189 3621 2353 3685 ἐστε,
2373 3618 2471 3673 και
2499 3615 2937 3682 υίοιὙψίστου
2962 3610 3209 3675 πάντες,
3251 3607 3663 3677 φιλονεικήσεις
3704 3603 3784 3671 τῷ

2188 3711 2485 3779 Μονογενεῖ
2505 3708 2605 3777 τῆς
2627 3705 2899 3774 υἱότητος,
2924 3702 3020 3757 καὶ
3044 3701 3197 3755 οὐδὲν
3222 3701 3416 3769 φήσεις
3440 3696 3608 3750 αὐτὸν
3637 3696 3786 3767 ἔχειν

2188 3804 2331 3857 κατὰ
2354 3801 2513 3856 τοῦτο
2538 3798 2630 3853 σοῦ
2658 3797 2856 3863 πλέονς
2880 3794 3168 3863 Οὐδαμῶς,
3196 3791 3325 3863 φῄς.
3350 3791 3463 3846 Καὶ
3490 3791 3599 3859 μὴν
3623 3786 3786 3843 τοῦτο

2190 3897 2384 3956 ποιεῖς,
2422 3891 2527 3945 κᾶν
2566 3889 2641 3959 μὴ
2678 3888 2757 3956 τῷ
2793 3887 2939 3957 λόγῳ
2981 3885 3169 3958 λέγῃς.
3207 3885 3299 3953 Τῷ
3340 3884 3453 3953 γὰρ
3498 3882 3574 3952 μὴ
3623 3882 3789 3951 φύσςι

2190 3982 2329 4040 εἶναι
2363 3983 2542 4052 λέγειν
2576 3981 2739 4034 αὐτὸν
2772 3979 2903 4031 Υίδν
2937 3978 3088 4031 οὐδὲν
3123 3977 3313 4048 ἕτερον
3346 3975 3379 4045 ἢ
3416 3974 3606 4045 χάριτι
3644 3971 3793 4027 εἶναι

2189 4078 2379 4132 τοῦτον
2426 4073 2883 4137 κατασκευάζεις,
2938 4070 3086 4143 Πλὴν
3139 4070 3256 4124 ἀλλ’
3283 4069 3484 4138 ῐδωμεν
3536 4068 3641 4121 καὶ
3689 4068 3793 4129 τὰς

2194 4163 2522 4236 μαρτυρίας,
2554 4161 2617 4225 ἃς
2645 4162 2990 4233 παράγουσιν
3031 4161 3186 4231 ἡμῖν.
3226 4160 3324 4213 Ἐν
3349 4157 3539 4227 ἀρχῇ,
3582 4158 3793 4227 φησιν,

502 4253 666 4319 cipio,
693 4253 888 4321 inquit,
940 4254 1062 4321 fecit
1087 4254 1224 4308 Deus
1285 4256 1468 4309 caelum
1519 4268 1566 4312 et
1630 4266 1850 4315 terram.
1926 4259 2082 4315 Terra

2191 4263 2485 4329 ἐποίησεν
2511 4262 2543 4314 ό
2577 4258 2722 4323 Θεὸς
2747 4257 2855 4311 τὸν
2878 4256 3145 4324 οὐρανὸν
3173 4254 3271 4309 καί
3303 4253 3418 4322 τὴν
3446 4251 3589 4324 γῆν.
3633 4254 3701 4307 Ἡ
3727 4251 3800 4303 δὲ

504 4353 684 4399 autem
708 4353 823 4398 erat
870 4345 1145 4399 invisibilis
1176 4356 1229 4401 et
1285 4348 1637 4417 incomposita
1669 4351 1690 4382 '
1718 4388 1734 4404 .
1801 4352 1895 4419 Et,
1956 4351 2082 4407 Fuit

2192 4353 2269 4423 τῆ
2290 4349 2367 4423 ἦν
2385 4353 2642 4420 ἀόρατος
2662 4350 2759 4403 καὶ
2783 4349 3344 4413 ἁκατασκεύαστος.
3370 4347 3506 4399 Kuh
3529 4340 3662 4399 Ἠν
3689 4344 3800 4396 ἀν-

504 4437 585 4491 vir
625 4436 692 4491 de
721 4435 1231 4491 Ramathaimsobim
1260 4438 1302 4492 '.
1341 4413 1473 4494 Haec
1503 4440 1590 4495 isti
1650 4451 1844 4512 putant
1879 4413 2082 4500 vadmo-

2196 4413 2430 4518 θρωπος
2454 4413 2535 4511 ⁷ἐξ
2569 4413 2890 4515 Ἅρμαθαιμ
2926 4440 3102 4512 Σιφά.
3135 4440 3323 4495 Ταῦτά
3357 4441 3527 4502 ἔστιν,
3560 4437 3601 4491 ἃ
3640 4437 3803 4507 νομί-

508 4530 638 4584 dum
671 4529 823 4583 ﬁrma
859 4536 916 4584 et
958 4528 1135 4585 valida
1161 4540 1499 4599 argumenta,
1562 4543 1617 4589 et
1653 4545 1780 4589 sunt
1831 4535 1921 4591 illa
1958 4551 2082 4595 sane

2195 4539 2383 4605 ζουσιν
2428 4532 2646 4609 ἰσχυρά.
2692 4535 2803 4591 Καὶ
2843 4534 3061 4605 ισχυρὰ,
3101 4532 3218 4588 ἀλλ’
3244 4533 3325 4596 είς
3361 4530 3423 4583 τὸ
3464 4530 3650 4596 δεῖξαι
3697 4532 3801 4598 τὴν

511 4621 666 4674 tirma
732 4628 789 4675 et
853 4618 1033 4674 valida
1058 4620 1126 4674 sd
1179 4620 1481 4675 doctrinam
1532 4633 1778 4679 nostram
1836 4642 2082 4694 compro-

2192 4633 2325 4701 παρ’
2345 4630 2503 4701 ἡμῶν
2524 4628 2796 4699 ὀρθότητα
2815 4626 2925 4681 τῶν
2948 4626 3241 4695 δογμάτων
3261 4622 3639 4693 ἀσθενέστερα
3666 4624 3805 4675 δντα

507 4710 765 4767 Dandum.
791 4708 925 4764 Nam
956 4711 1022 4764 ad
1054 4709 1485 4767 conﬁrmandam
1533 4714 1906 4769 detestabilem
1940 4717 2082 4785 ipso-

2191 4726 2438 4786 πάντων,
2469 4721 2606 4790 πρὸς
2641 4720 2702 4773 τὸ
2736 4721 2933 4787 στῆσαι
2960 4718 3064 4787 τὴν
3096 4715 3452 4785 βλασφημίαν
3484 4714 3703 4766 αὐτῶν.
3736 4714 3804 4765 Τί

509 4821 627 4861 rum
655 4803 962 4889 Opinionem
988 4801 1125 4857 nihil
1151 4811 1326 4872 potest
1381 4802 1647 4859 inﬁrmius
1678 4806 1928 4873 cogitari.
1989 4808 2082 4863 Dic

2190 4818 2320 4887 Tito,
2340 4814 2461 4867 είπὲ
2491 4829 2600 4884 μοι,
2619 4812 2797 4865 κοινὸν
2824 4811 2937 4882 ἔχει
2963 4810 3101 4880 πρὸς
3123 4811 3184 4863 τὸ
3209 4809 3465 4876 ἐποίησε
3490 4808 3549 4859 τὸ
3580 4804 3711 4877 ἤθη
3739 4808 3807 4861 Τί

506 4896 678 4962 enim,
712 4895 960 4960 obsecro,
988 4893 1118 4963 quid
1145 4908 1435 4949 commune
1487 4895 1650 4949 habet
1698 4895 1846 4959 illttd,
1917 4894 2082 4962 Ferit,

2192 4911 2247 4964 δὲ
2289 4912 2316 4963 ὁ
2358 4908 2493 4971 Θεὸς
2532 4905 2670 4975 πρὸς
2712 4906 2804 4959 τὸν
2847 4904 3171 4976 ἂνθρωπονς
3217 4903 3284 4956 Τί
3326 4906 3399 4956 τὰ
3445 4902 3667 4971 ἄμικτα
3717 4920 3809 4971 μι-

508 5007 631 5046 eum
668 4990 770 5046 hoc
807 4988 1030 5046 :Erat?
1072 4990 1210 5055 Quid
1245 5004 1457 5044 rursum
1496 4989 1635 5045 Deus
1688 5004 1809 5044 cum
1843 4990 2082 5045 homine?

2193 5000 2399 5069 γνύεις,
2447 4999 2543 5051 καὶ
2591 4998 2812 5068 συγχεῖς
2862 4997 2932 5049 τὰ
2980 4993 3363 5067 διαιρούμενα,
3416 4994 3511 5044 καὶ
3554 4992 3633 5043 τὰ
3689 4992 3810 5044 ἄνω

509 5099 606 5138 cur
631 5084 950 5138 commisces
980 5097 1041 5137 ea
1073 5096 1194 5151 qua:
1243 5081 1458 5138 misceri
1512 5082 1838 5151 nequeunt?
1883 5097 1982 5137 cur
2033 5097 2082 5138 es

2195 5094 2348 5148 κάτω
2378 5092 2588 5156 ποιεῖς;
2625 5088 2892 5143 Ἐνταῦθα
2920 5088 3029 5158 γὰρ
3057 5086 3121 5140 οὐ
3151 5085 3214 5138 τδ
3240 5081 3318 5154 ἦν
3341 5083 3585 5136 δείκνυσι
3618 5085 3687 5135 τὸ
3718 5084 3808 5135 αῖ-

507 5190 631 5244 quse
663 5184 791 5229 sunt
825 5176 993 5229 divisa
1031 5173 1349 5239 eonfundis,
1408 5183 1465 5229 et
1508 5189 1583 5231 ea
1640 5190 1762 5245 qua
1816 5176 2082 5246 superior:

2195 5187 2309 5240 διον
2333 5187 2514 5255 μόνον,
2543 5183 2681 5238 ἀλλὰ
2704 5182 2801 5236 καὶ
2828 5180 2910 5245 τὸ,
2938 5180 3044 5234 Ἔν
3074 5175 3234 5246 ὀρχῇ
3262 5172 3361 5246 ἦν.
3384 5176 3608 5244 Ὠσπερ
3625 5171 3729 5227 οὖν
3747 5172 3811 5225 τὸ

511 5279 662 5333 sunt,
694 5270 949 5325 inferiora
990 5271 1317 5326 constituis?
1348 5269 1445 5326 llic
1471 5272 1616 5327 enim
1657 5287 1766 5327 non
1797 5272 1971 5327 solum
2030 5272 2096 5327 il-

512 5366 603 5418 lud
638 5381 656 5420 :
692 5365 846 5429 Erat,
876 5363 1082 5419 indicat
1139 5363 1520 5428 aeternitatem,
1553 5364 1648 5419 sed
1694 5364 1856 5420 etiam
1913 5363 2039 5418 illttd
2077 5383 2091 5421 :

518 5454 735 5510 Verbum
793 5468 943 5524 erat;
976 5465 1031 5511 et
1067 5456 1231 5513 illud:
1271 5456 1339 5511 In
1368 5457 1627 5526 principio
1659 5466 1793 5512 erat.
1826 5458 2097 5525 Quemad-

509 5552 727 5605 modum
756 5554 902 5606 enim
932 5550 1067 5608 illud
1101 5570 1115 5607 :
1156 5550 1261 5618 Qui
1300 5559 1399 5617 est,
1424 5565 1545 5606 cum
1594 5551 1662 5607 de
1706 5551 1925 5606 homine
1954 5550 2092 5606 diei-

585 5663 772 5737 ?_Gen.
802 5682 842 5732 ι,
876 5666 973 5726 ‘26.
1047 5668 1067 5701 ’
1102 5666 1237 5725 Gen.
1285 5681 1347 5737 tt,
1412 5664 1498 5724 15.
1606 5663 1809 5722 ³16οι-
1842 5666 1984 5731 'vnt,
2026 5663 2079 5720 6.

515 5734 534 5766 ¹
573 5733 593 5791 1
629 5734 758 5805 Reg.
791 5752 830 5807 l,
871 5739 923 5793 1.

2201 5278 2288 5331 ὢν
2316 5278 2444 5332 ὅταν
2476 5276 2578 5345 μὲν
2609 5276 2742 5346 περὶ
2777 5270 3069 5342 ἀνθρώπου
3101 5271 3355 5338 λέγηται.
3389 5269 3483 5321 τὸν
3516 5266 3806 5319 ἐνεστῶτα

2204 5370 2397 5440 χρόνον
2431 5369 2582 5440 δηλοῖ
2624 5369 2819 5438 μόνον,
2858 5368 2989 5420 ὅταν
3026 5364 3084 5418 δδ
3126 5364 3256 5433 περὶ
3297 5360 3433 5414 Θεοῦ
3459 5400 3475 5426 ,
3516 5360 3580 5413 τὸ
3622 5359 3812 5413 ἀΐδιον

2201 5457 2504 5511 δείκνυσινο
2536 5457 2680 5512 οῦτω
2715 5458 2811 5511 καὶ
2842 5457 2904 5509 τὸ
2934 5451 3033 5526 ἦν,
3072 5455 3205 5525 περὶ
3242 5452 3343 5521 μὲν
3374 5452 3477 5521 τῆς
3509 5452 3810 5520 ἡμετέρας

2200 5551 2494 5623 λεγόμενον
2524 5551 2761 5623 φύσεως,
2790 5550 2882 5605 τὸν
2914 5548 3257 5619 παρελθόντα
3293 5548 3486 5617 χρὸνον
3523 5544 3809 5616 σημαίνει

2184 5663 2391 5722 ‘Joan.
2446 5680 2485 5731 t,
2546 5664 2597 5721 ί.
2675 5663 2863 5719 'l’:al.
2912 5676 3093 5727 μιν,
3135 5659 3188 5717 6.
3265 5659 3284 5692 '
3327 5658 3464 5715 Gen.
3522 5672 3560 5724 ι,
3627 5659 3693 5723 1,
3738 5656 3803 5713 ‘2.
