4042 6204
302 349 406 412 609

1280 361 1661 426 PANOPLIA
1704 365 2170 432 DOGMATICA.
2205 395 2269 404 —
2305 371 2457 434 TlT.
2496 371 2604 432 XI.

3465 371 3568 433 610

305 470 459 537 ἡμῖν,
486 468 585 526 καὶ
611 469 804 525 τοῦτον
831 477 1296 547 πεπερατωμένον
1319 497 1334 511 ο
1362 481 1490 536 ὅταν
1515 483 1572 536 δὲ
1601 485 1732 556 περὶ
1758 484 1894 538 Θεοῦ

2010 496 2108 553 Iur,
2130 487 2338 541 instans
2370 490 2633 542 duntaxat
2662 497 2873 556 tempus
2899 487 3190 564 significat,
3220 501 3338 541 cum
3391 496 3570 538 autem

304 561 534 632 ῥηθείη,
560 564 622 615 τὸ
653 563 826 618 ἀΐδιον
855 566 1135 636 ἐμφαίνει.

2004 577 2070 631 de
2102 578 2209 632 Deo
2235 579 2590 632 aeternitatem
2651 571 2912 642 declarat,
2943 578 3022 631 sic
3054 585 3106 630 et
3137 576 3287 636 illud,
3323 572 3475 635 Erat,
3523 572 3571 624 si

305 659 371 713 ad
405 666 654 712 naturam
695 670 940 717 nostram
974 663 1265 735 referatur,
1312 678 1528 741 tempus
1593 673 1925 743 prateritum
1969 674 2132 746 idque
2191 675 2536 731 terminatum
2568 675 2821 742 ostendit,
2854 675 2936 730 sin
2975 674 3240 730 referatur
3267 671 3334 726 ad
3384 670 3575 734 Deum,

304 753 690 809 :eternitatcm.

656 847 758 902 Ἐκ
790 849 900 917 τῆς
930 854 1124 922 αὐτῆς
1159 858 1553 926 ἀκολουθίας.

376 937 507 1001 Ναὶ,
549 939 747 1008 φησιν,
788 943 904 996 ἀλλ’
930 946 960 998 δ
999 948 1205 1018 Πέτρος
1242 949 1364 1005 εῐπε
1403 953 1562 1009 τοῦτο
1590 958 1779 1027 σαφῶς
1804 961 1898 1014 καὶ

305 1030 630 1102 διαρρήδην.
662 1033 794 1098 Ποῦ,
827 1038 925 1090 καὶ
952 1040 1118 1108 πότε;
1146 1042 1320 1099 Ὅταν
1350 1045 1626 1112 Ἰουδαίοις
1655 1051 1901 1121 διαλεγό-

309 1140 471 1191 μενος
501 1125 712 1194 ἔλεγεν,
743 1128 826 1183 ὃτι
844 1133 1068 1201 Κύριον
1094 1137 1284 1192 αὑτὸν
1299 1140 1395 1193 καί
1416 1141 1676 1210 Χριστὸν
1703 1147 1737 1199 d
1755 1145 1900 1212 Θεὸς

305 1213 582 1280 ἐποίησε.
608 1216 674 1271 Τί
701 1217 794 1272 οὖν
823 1224 918 1276 καὶ
942 1223 1003 1276 τὸ
1025 1225 1154 1294 ἑξῆς
1175 1227 1239 1280 οὐ
1261 1231 1637 1302 προσέθηκας,
1653 1234 1734 1288 ὅτι
1764 1233 1902 1291 Τοῦ·

307 1323 414 1360 τον
435 1311 544 1362 τὸν
557 1310 803 1377 Ἰησοῦν
817 1313 891 1366 δν
904 1315 1075 1384 ὑμεῖς
1089 1317 1516 1389 ἐσταυρώσατε
1529 1341 1551 1389 ς
1571 1326 1641 1378 Ἦ
1658 1327 1898 1395 ἀγνοεῖς,

308 1399 392 1452 δτι
417 1399 530 1452 τῶν
558 1400 870 1474 λεγομένων
894 1405 966 1459 τὰ
1000 1409 1100 1477 μὲν
1124 1412 1224 1481 τῆς
1251 1413 1533 1484 ἀκηράτου
1564 1417 1804 1485 φύσεως,
1831 1421 1902 1475 τά

308 1489 366 1544 δὲ
393 1491 494 1562 τῆς
522 1496 838 1566 οἰκονομίας
865 1500 1048 1568 ὲστίνς
1079 1503 1141 1557 Εἰ
1167 1503 1222 1558 δὲ
1255 1508 1329 1577 μὴ
1358 1507 1525 1574 ἐστιν,
1556 1510 1695 1564 ἀλλὰ
1721 1511 1903 1569 πάντα

311 1582 501 1646 ἁπλῶς
533 1587 628 1640 ἐπὶ
659 1588 758 1659 τῆς
791 1589 1046 1660 θεότητος
1078 1595 1305 1667 εκδέξῃ,
1359 1601 1454 1653 καὶ
1488 1603 1731 1674 παθητὸν
1783 1607 1902 1659 εισ-

309 1677 466 1744 άγεις
488 1679 553 1732 τὸ
572 1679 749 1734 Θεϊον.
771 1683 830 1735 Ei
853 1683 908 1737 δὲ
929 1683 1006 1755 μὴ
1019 1685 1290 1757 παθητὸν,
1309 1691 1430 1744 οὐδὲ
1446 1697 1692 1764 ποιητόν.
1715 1697 1774 1748 El
1802 1697 1903 1764 μὲν

890 1775 902 1792 ο
983 1775 1006 1786 φ

2578 865 2664 919 Ex
2686 865 2864 920 eodem
2901 865 3033 921 loco.

2069 956 2184 1023 Nae,
2213 958 2313 1023 ait,
2340 959 2432 1015 sed
2465 959 2656 1015 Petrus
2678 957 2810 1012 dixit
2841 959 2943 1012 hoc
2985 959 3142 1027 plane
3171 952 3440 1022 etpalam.
3474 950 3578 1004 Ubi

1995 1058 2053 1104 et
2073 1051 2329 1118 quando?
2357 1051 2489 1106 Cum
2524 1051 2742 1105 Judaaos
2771 1049 3056 1116 alloquens
3097 1066 3112 1102 :
3151 1047 3437 1099 Dominum
3491 1043 3579 1108 ip-

1998 1155 2135 1206 sum,
2167 1141 2363 1211 inquit,
2393 1155 2439 1197 et
2481 1141 2748 1198 Christum
2780 1141 2920 1195 Deus
2977 1139 3101 1210 fecit
3134 1139 3176 1191 ⁸.
3206 1135 3317 1192 Cur
3361 1150 3467 1188 non
3524 1143 3581 1187 et

1998 1231 2074 1296 id,
2108 1236 2250 1302 quod
2277 1234 2467 1290 ordine
2495 1234 2678 1289 statim
2710 1233 2961 1302 sequitur
3012 1228 3301 1293 addidisti,
3366 1239 3581 1295 nempe,

2005 1323 2163 1379 Hunc
2192 1323 2560 1395 lesum'quem
2605 1341 2692 1380 vos
2747 1323 3090 1393 cruciﬁxistis
3121 1324 3142 1354 ³
3171 1322 3194 1374 ‘I
3222 1320 3302 1374 An
3364 1319 3584 1386 ignoras

1998 1431 2064 1471 ea
2128 1433 2248 1488 quae
2305 1419 2449 1473 dicta
2499 1427 2630 1473 sunt
2695 1417 2892 1487 partim
2956 1415 3021 1470 ad
3076 1413 3438 1469 immortalem
3488 1425 3586 1464 na-

2003 1520 2202 1578 turam,
2235 1513 2430 1580 partim
2464 1514 2529 1566 ad
2558 1513 2816 1566 curanda:
2863 1511 3056 1564 salutis
3111 1509 3362 1563 humana:
3407 1503 3586 1558 consi-

2001 1599 2129 1653 lium
2170 1601 2474 1666 pertinere?
2507 1601 2638 1668 Quze
2676 1603 2720 1657 si
2751 1615 2908 1656 secus
2949 1600 3174 1661 habent.
3211 1607 3264 1654 et
3301 1607 3354 1650 tu
3377 1594 3588 1662 simpli-

2000 1693 2137 1747 citer
2162 1693 2342 1746 omnia
2370 1693 2542 1748 refers
2582 1694 2648 1747 ad
2684 1686 3043 1750 divinita’iem.
3076 1691 3243 1744 Deum
3277 1689 3438 1741 etiam
3477 1686 3586 1754 pati
3669 1687 3672 1690 ’

445 1771 512 1822 ἐκ
537 1769 636 1840 τῆς
669 1771 818 1836 θείας
845 1775 1010 1828 αὐτοῦ
1039 1781 1135 1830 καὶ
1161 1780 1407 1852 ἀρρήτου
1435 1783 1650 1852 φύσεως
1674 1786 1735 1839 τὸ
1761 1783 1902 1858 αἷμα

2010 1785 2122 1850 vis;
2179 1785 2261 1839 sin
2316 1785 2425 1853 pati
2485 1784 2635 1838 illum
2669 1798 2856 1853 negas,
2884 1797 2950 1836 ne
2985 1781 3188 1836 factum
3217 1779 3434 1848 quidem
3467 1792 3591 1831 esse

310 1858 565 1931 ἐρῤευσε,
604 1866 701 1917 xal
743 1865 867 1919 ἀντὶ
907 1867 1008 1937 τῆς
1048 1873 1252 1942 σαρκὸς
1292 1873 1431 1945 αὐτὴ
1471 1877 1586 1940 τοῖς
1626 1879 1769 1931 κατὰ
1806 1881 1900 1934 τὸν

315 1953 550 2022 σταυρὸν
579 1954 734 2024 ἥλοις
767 1957 1010 2029 διῃρεῖτο
1040 1962 1138 2015 καὶ
1189 1964 1469 2033 ἐτέμνετο,
1503 1967 1660 2036 λόγον
1690 1969 1757 2024 ἂν
1787 1967 1902 2040 εῐχέ

315 2059 412 2096 σου
460 2047 605 2100 κατὰ
651 2047 813 2104 τοῦτο
860 2052 921 2104 τὸ
969 2053 1235 2125 σόφισμα.
1280 2058 1344 2110 El
1391 2059 1447 2112 δὲ
1495 2060 1656 2115 τοῦτο
1698 2062 1808 2117 οὐδ’
1837 2064 1903 2118 ἂν

314 2133 482 2200 αὐτὸς
515 2139 543 2188 ὀ
573 2137 822 2205 διάδολος
855 2141 1309 2216 βλασφημήσειε,
1344 2149 1490 2214 τίνος
1523 2151 1712 2207 ἕνεκεν
1741 2155 1904 2219 αὐτὸς

313 2227 534 2296 ἀγνοεῖν
565 2236 864 2304 προσποιῇ,
899 2236 1287 2306 άσύγγνωστον
1319 2239 1494 2306 οὕτως
1515 2243 1773 2311 ἄγνοιαν,
1812 2248 1906 2300 καὶ

316 2321 382 2389 ἣν
423 2321 628 2377 οὐδ’ἂν
665 2326 718 2378 oi
761 2326 1020 2396 δαίμονες
1061 2331 1458 2402 ὑπεκρίναντο;
1491 2335 1700 2401 ’Ἄλλως
1743 2355 1803 2392 τε
1846 2339 1907 2393 τὸ

314 2413 537 2481 Κύριος
555 2419 650 2471 καί
669 2419 928 2486 Χριστὸς
956 2421 1058 2475 οὐκ
1087 2423 1238 2477 ἔστιν
1265 2425 1477 2492 οὐσίας,
1510 2427 1625 2480 ἀλλ’
1648 2427 1896 2498 ἀξιώμα-

315 2523 430 2570 τος.
457 2509 529 2561 Τὸ
557 2510 656 2580 μὲν
683 2511 792 2583 γὰρ
817 2513 914 2582 τῆς
939 2513 1193 2581 ἔξουσίας
1217 2518 1360 2582 ἐστὶ,
1387 2519 1446 2572 τὸ
1473 2519 1529 2572 δὲ
1553 2519 1649 2573 τοῦ
1677 2521 1906 2592 χρισθῆ·

317 2618 430 2655 ναι.
467 2602 534 2655 Τί
576 2599 672 2657 οὖν
704 2604 774 2659 ἂν
807 2607 987 2672 εἴποις
1028 2611 1159 2680 περὶ
1192 2611 1288 2664 τοῦ
1331 2611 1462 2665 Υίοῦ
1496 2611 1589 2666 τοῦ
1629 2613 1807 2679 Θεοῦς
1848 2613 1908 2667 Ei

316 2694 430 2761 γὰρ
474 2697 570 2746 καὶ
614 2698 828 2762 κτιστὺς
868 2695 940 2770 ἦν
980 2701 1107 2754 καθ’
1135 2703 1304 2772 ὑμᾶς,
1348 2702 1506 2757 τοῦτο
1547 2705 1648 2758 οὐκ
1689 2704 1755 2758 ἂν
1793 2705 1909 2776 ἔχοι

320 2783 530 2854 χώραν.
562 2788 637 2840 Οὐ
666 2789 777 2861 γὰρ
805 2791 870 2861 δὴ
901 2792 1172 2863 πρότερον
1201 2794 1436 2861 ἐγένετο,
1473 2797 1566 2850 καὶ
1593 2797 1716 2849 τότε
1747 2796 1911 2850 αὑτὸν

323 2877 735 2951 δχειροτόνησεν
756 2883 786 2934 ὸ
811 2882 963 2948 Θεὸς,
986 2883 1108 2938 οὐδὲ
1132 2885 1427 2957 ἀπίκτητον
1449 2886 1564 2958 ἔχει
1586 2887 1686 2957 τὴν
1709 2887 1910 2958 ἀρχὴν,

324 2967 464 3020 ἀλλὰ
491 2970 651 3037 φύσει
676 2973 770 3026 καὶ
798 2973 1163 3045 οὕσιωμένην.
1198 2975 1534 3048 Ἐρωτηθεὶς
1562 2979 1695 3049 γὰρ,
1729 2980 1777 3030 εί
1810 2978 1909 3049 βα-

326 3060 508 3123 σιλεὺς
540 3063 649 3132 εἵη,
679 3065 831 3135 Ἐγὼ
867 3070 955 3133 εις
988 3067 1167 3123 τοῦτο
1194 3068 1556 3139 γεγέννημαι
1578 3111 1593 3136 ,
1624 3072 1810 3141 φησίν.
1853 3071 1912 3126 ὐ

2005 1875 2282 1930 concedis.
2315 1874 2370 1929 Si
2396 1874 2538 1929 enim
2571 1890 2639 1929 ex
2669 1874 2847 1928 divina
2874 1873 2962 1926 illa
3019 1878 3232 1933 natura,
3292 1882 3411 1938 qua:
3469 1883 3594 1922 ver-

2004 1969 2088 2024 bis
2116 1968 2376 2040 explicari
2406 1983 2511 2022 non
2546 1977 2746 2036 potest,
2780 1965 3003 2035 sanguis
3030 1963 3301 2027 fluxisset,
3361 1971 3416 2016 et
3475 1961 3590 2028 ipsa

2005 2075 2104 2129 pro
2155 2075 2322 2114 carne
2356 2059 2524 2114 clavis
2568 2059 2621 2113 in
2684 2073 2847 2114 cruce
2901 2056 3161 2111 dilaniata
3209 2063 3265 2110 et
3316 2053 3594 2108 conscissa

2005 2161 2572 2218 esset,argumeutum
2620 2159 2769 2204 tuum
2805 2150 2908 2202 hoc
2958 2149 3077 2202 loco
3107 2144 3384 2215 probabile
3436 2142 3587 2197 vidc-

2007 2252 2180 2296 retur.
2211 2241 2361 2308 Quod
2388 2242 2432 2295 si
2484 2241 2601 2295 hare
2663 2250 2772 2294 tam
2828 2236 3162 2293 exsecranda
3224 2249 3292 2289 ne
3343 2231 3592 2286 diabolus

2007 2334 2222 2402 quidem
2254 2331 2370 2399 ipse
2397 2332 2625 2397 diceret,
2657 2346 2757 2384 cur
2787 2329 2944 2384 istam
3013 2337 3068 2380 lu
3094 2324 3236 2380 nulla
3297 2323 3453 2378 venia
3516 2321 3596 2374 di-

2007 2440 2166 2493 gnam
2201 2424 2359 2491 fingis
2404 2423 2788 2493 ignorantiam,
2821 2435 2983 2490 quam
3021 2434 3088 2473 ne
3142 2420 3416 2472 daemones
3468 2414 3593 2483 qui-

2008 2518 2131 2572 dem
2169 2517 2270 2586 ipsi
2307 2533 2416 2585 pra:
2444 2531 2502 2571 se
2545 2514 2801 2570 ferrent?
2851 2514 3172 2582 Quanquam
3228 2509 3394 2563 verba
3451 2508 3539 2561 illa
3576 2521 3592 2560 :

2011 2609 2268 2663 Dominus
2289 2620 2346 2664 et
2377 2607 2643 2672 Christus,
2674 2620 2779 2660 non
2821 2605 3073 2659 essentia:
3104 2611 3253 2663 sunt,
3282 2600 3382 2656 sed
3413 2598 3598 2666 digni-

2013 2701 2163 2754 tatis.
2196 2700 2456 2753 Dominus
2485 2699 2629 2752 enim
2662 2705 3016 2766 potestatem,
3073 2693 3328 2747 Christus
3382 2690 3595 2743 unctio-

2013 2805 2134 2844 nem
2163 2790 2456 2858 signiﬁcat.
2487 2788 2624 2853 Quid
2653 2787 2817 2856 igitur
2847 2787 2996 2839 dices
3021 2784 3088 2838 de
3140 2781 3277 2837 Fdio
3335 2781 3468 2835 Dei?
3536 2778 3595 2833 Si

2011 2882 2183 2946 enim,
2212 2879 2673 2949 quemadmodum
2728 2892 2824 2932 vos
2853 2875 3092 2939 sentitis,
3153 2885 3370 2929 creatus
3426 2883 3596 2937 esset,

2015 2975 2118 3030 hoc
2159 2989 2266 3028 non
2293 2973 2520 3028 haberet
2563 2969 2907 3027 locum.Non
2963 2971 3106 3024 enim
3137 2984 3258 3023 cum
3318 2968 3469 3037 prius
3520 2967 3603 3019 fa-

2017 3073 2157 3131 ctus,
2218 3064 2382 3134 elegit
2439 3074 2566 3118 tunc
2647 3063 2810 3118 Deus.
2870 3059 2980 3115 Nec
3053 3057 3410 3114 adventitium
3487 3057 3599 3123 ille,

325 3152 383 3206 δὲ
408 3154 634 3226 Πέτρος,
653 3158 728 3218 ὠς
758 3161 891 3231 περί
925 3179 1071 3225 τινος
1104 3163 1600 3235 χειροτονηθέντος,
1623 3163 1769 3218 οὕτω
1791 3165 1907 3218 δια-

2015 3160 2107 3215 sed
2160 3173 2261 3228 per
2340 3168 2592 3211 naturam
2671 3163 2727 3210 et
2803 3155 3094 3210 essentiam
3168 3150 3332 3207 habet
3427 3149 3604 3220 impec

323 3246 571 3316 λέγεται.
592 3251 724 3319 Περὶ
758 3253 871 3322 γὰρ
898 3257 998 3322 τῆς
1031 3246 1349 3325 οίκονόμίας
1378 3257 1406 3308 δ
1437 3255 1596 3323 λόγος
1629 3257 1776 3327 αὐτῷ
1807 3258 1912 3312 πά·

325 3357 452 3408 της.
471 3341 643 3394 Καὶτί
665 3343 966 3413 θαυμάζεις
985 3345 1035 3399 ει
1056 3346 1215 3398 τοῦτο
1232 3347 1262 3398 δ
1294 3347 1500 3416 Πέτρος
1525 3350 1693 3417 φησίν
1717 3349 1913 3420 ;⁹Αθη-

325 3431 497 3492 ναίοις
520 3432 630 3502 γάρ
656 3433 1039 3502 διαλεγόμενος
1058 3436 1088 3487 ό
1111 3434 1342 3500 Παῦλος,
1367 3435 1539 3505 ἄνδρα
1563 3437 1725 3492 καλεῖ
1751 3440 1912 3510 μόνον

323 3522 470 3576 οὕτω
498 3521 694 3592 λέγων·
722 3527 828 3580 Ἐν
852 3527 1027 3597 ἀνδρὶ
1057 3522 1108 3596 ᾧ
1133 3527 1318 3596 ὥρισε
1343 3531 1552 3585 πίστιν
1579 3536 1915 3603 ,παρασχὼν

323 3613 543 3680 πᾶσιν,
568 3617 931 3686 ἀναστήσας
973 3622 1166 3676 αὐτόν
1199 3623 1269 3676 ἐκ
1315 3621 1577 3691 νεκρῶν,
1637 3626 1732 3678 καὶ
1760 3628 1914 3681 οὐδὲν

326 3706 584 3777 περντῆς
608 3709 704 3762 τοῦ
732 3710 873 3763 θεοῦ
900 3711 1048 3779 λέγει
1081 3713 1318 3783 μορφῆς.
1343 3713 1466 3766 οὐδὲ
1485 3713 1568 3768 δτι
1592 3715 1708 3780 ῐσος
1737 3717 1910 3788 αὐτῷ,

326 3798 440 3851 οὐδ’
462 3801 545 3852 δτι
570 3801 919 3874 ἀπαύγασμα
939 3804 1041 3875 τῆς
1071 3805 1230 3878 δόξης
1260 3807 1448 3875 αὑτοῦ,
1472 3809 1913 3872 εἰκότωςροῦπω

322 3890 438 3962 γάρ
462 3893 653 3964 καιρὸς
671 3895 879 3949 τούτων
896 3897 1005 3951 τῶν
1027 3900 1098 3971 ρη
1105 3899 1290 3967 μάτων
1309 3898 1398 3974 ἦν.
1443 3903 1753 3972 ’Δγαπητὺν
1770 3903 1826 3958 δὲ
1847 3900 1916 3976 ἦν

319 3985 532 4048 αὐτοὺς
562 3987 974 4058 παραδέξασθαι
997 3993 1134 4054 τέως
1154 4030 1169 4056 .
1199 3994 1281 4046 ὅτι
1309 3994 1598 4065 ἄνθωπρός
1631 3998 1748 4049 ἐστι
1771 4036 1788 4061 ,
1824 3998 1917 4050 καὶ

316 4075 412 4128 ὅτι
437 4075 664 4148 ἀνέστη.
689 4078 851 4134 Οὕτω
877 4082 972 4135 καὶ
999 4084 1163 4146 αὐτὸς
1190 4083 1218 4135 ὁ
1246 4083 1482 4153 Χριστὸς
1512 4085 1759 4156 ἐποίησε,
1787 4087 1917 4157 παρ’

318 4163 388 4221 οὒ
421 4169 517 4222 καὶ
544 4170 756 4234 Παῦλος
783 4171 993 4242 μαθὼν,
1019 4174 1162 4228 οὕτω
1186 4177 1258 4230 τὰ
1286 4177 1590 4247 πράγματα
1619 4181 1914 4249 οἰκονομεῖ.

321 4259 408 4313 οὗ
435 4259 548 4329 γὰρ
569 4260 773 4324 εὐθέως
802 4265 932 4333 ἡμῖν
957 4265 1153 4319 ἑαυτοῦ
1178 4267 1278 4338 τὴν
1305 4268 1537 4340 θεότητα
1563 4268 1917 4342 ὲξεκάλυψεν,

317 4352 468 4406 ἀλλὰ
502 4354 722 4423 πρῶτον
754 4356 856 4424 μὲν
885 4358 1169 4428 ἐνομίζετο
1200 4363 1522 4433 προφήτης,
1557 4363 1654 4416 καὶ
1684 4365 1920 4435 Χριστὸς

2017 3253 2180 3307 rium.
2281 3251 2654 3319 Interrogatus
2751 3250 2898 3304 enim
2935 3287 2953 3314 ,
3044 3262 3113 3301 an
3207 3254 3357 3302 esset
3458 3261 3597 3308 rex,

2018 3343 2152 3413 Ego,
2203 3343 2399 3414 inquit,
2435 3342 2506 3396 ad
2538 3345 2636 3396 hoc
2681 3353 2835 3396 natus
2886 3358 3002 3395 sum
3033 3341 3073 3395 ⁸.
3111 3338 3304 3395 Petrus
3330 3350 3508 3395 autem
3537 3341 3606 3392 de

2018 3435 2109 3491 illo
2143 3445 2399 3505 tanquam
2448 3435 2619 3490 electo
2667 3442 2722 3489 et
2752 3443 3006 3502 cooptato
3041 3433 3201 3487 verba
3265 3430 3416 3486 facit.
3467 3431 3603 3486 Tota

2015 3527 2160 3582 enim
2190 3525 2334 3580 illius
2379 3526 2555 3581 oratio
2591 3525 2657 3579 ad
2698 3523 3076 3593 explicandum
3131 3523 3374 3576 divinum
3415 3523 3609 3578 salutis

2016 3617 2266 3672 humanae
2295 3617 2582 3672 consilium
2619 3616 2873 3684 pertinet.
2911 3609 3030 3666 Jam
3062 3612 3192 3681 quid
3226 3613 3444 3666 miraris
3505 3612 3608 3665 Pe-

2019 3719 2158 3763 trum
2235 3709 2306 3762 ita
2379 3708 2549 3776 loqui,
2622 3720 2745 3760 cum
2811 3703 3006 3757 Paulus
3076 3703 3358 3772 alloquens
3437 3701 3659 3756 Δήλιε-ε

2019 3803 2234 3857 nienses
2301 3817 2426 3856 eum
2473 3801 2748 3856 hominem
2827 3799 3001 3853 solmn
3047 3797 3321 3866 appellet:
3375 3793 3440 3849 In
3475 3796 3605 3859 viro,

2019 3895 2295 3962 inquiens,
2356 3909 2509 3964 quem
2548 3901 2828 3955 statuerat,
2867 3891 3023 3957 (idem
3063 3889 3303 3944 erunibus
3353 3891 3606 3958 prwbens,

2018 4005 2135 4042 cum
2195 3986 2346 4041 illum
2377 4004 2408 4040 a
2445 3987 2666 4040 mortuis
2724 3983 3000 4038 suscitarit
3027 3982 3069 4038 ⁸.
3125 3979 3272 4036 Nihil
3305 3992 3482 4035 autem
3543 3983 3611 4034 do

2019 4084 2192 4137 forma
2236 4081 2328 4136 Dei
2383 4081 2645 4150 loquitur,
2679 4095 2777 4134 nec
2844 4093 2970 4133 cum
3033 4078 3131 4146 ipsi
3171 4076 3456 4147 (aqualem,
3511 4092 3611 4133 nec

2019 4175 2205 4246 gloria:
2255 4175 2594 4244 splendorem
2651 4174 2823 4240 ipsum
2864 4185 2982 4227 esse
3014 4172 3166 4234 dicit,
3220 4185 3284 4224 ac
3325 4171 3520 4223 merito
3557 4170 3610 4223 id

2020 4268 2238 4337 quidem
2302 4266 2450 4321 facit.
2504 4264 2686 4333 Neque
2718 4266 2858 4318 enim
2891 4276 3099 4333 tempus
3157 4262 3418 4331 ejusmodi
3448 4263 3612 4316 verba

2021 4360 2355 4430 postulabat,
2391 4375 2508 4413 cum
2539 4360 2671 4414 satis
2702 4366 2828 4411 tunc
2858 4368 3003 4412 esset
3038 4356 3223 4420 Paulo,
3272 4358 3315 4412 si
3351 4356 3454 4410 illis
3492 4371 3615 4425 pet-

321 4445 520 4508 ἁπλῶς
557 4445 850 4518 ἄνθρωπος
871 4461 884 4476 ·
921 4449 1146 4521 ὕστερον
1175 4453 1234 4507 δὲ
1268 4454 1444 4524 ἐφάνη
1479 4454 1569 4508 διὰ
1599 4454 1709 4508 τῶν
1741 4455 1907 4524 ἐργωι

2025 4454 2304 4516 suasisset,
2339 4468 2462 4506 eum
2495 4463 2548 4506 ct
2575 4453 2848 4506 hominem
2895 4466 3036 4516 esse,
3069 4460 3123 4504 et
3159 4450 3482 4506 surrexisse.
3519 4448 3613 4504 Sic

320 4539 427 4592 καὶ
461 4538 573 4591 τῶν
610 4540 876 4610 ῥημάτων
913 4542 1072 4597 τοῦτο
1108 4547 1248 4616 ὅπερ
1286 4542 1376 4618 ἦν.
1417 4548 1520 4602 Διὰ
1557 4547 1720 4602 τοῦτο
1757 4551 1853 4603 καὶ
1891 4552 1907 4602 ί

2029 4549 2136 4618 egit
2167 4558 2220 4603 et
2249 4548 2364 4616 ipse
2391 4545 2664 4612 Christus,
2715 4561 2745 4598 a
2777 4559 2881 4613 quo
2913 4545 3111 4598 Paulus
3136 4547 3358 4600 edoctus
3393 4545 3466 4599 ita
3498 4560 3611 4598 rem

326 4631 542 4702 Πέτρος
570 4633 631 4684 ὲν
660 4633 802 4704 ἀρχῇ
831 4634 1006 4706 τούτῳ
1030 4637 1303 4708 κέχρηται
1331 4640 1408 4710 τῷ
1436 4640 1642 4712 τρόπῳ.
1675 4642 1785 4695 Kal
1811 4643 1907 4713 γὰρ

2027 4643 2188 4713 gerit.
2264 4639 2452 4710 Neque
2498 4640 2642 4693 enim
2681 4641 2864 4693 statim
2897 4639 3234 4693 divinitatem
3266 4653 3416 4692 suam
3457 4637 3612 4691 nobis

325 4723 543 4792 ταύτην
571 4724 804 4795 πρώτην
838 4727 975 4796 πρὸς
1007 4728 1300 4793 Ἰουδαίους
1335 4731 1668 4802 ἐδημηγόρει
1699 4733 1797 4805 τὴν
1829 4734 1907 4804 δη

2027 4733 2318 4802 patefecit;
2350 4731 2445 4787 sed
2478 4733 2656 4800 primo
2699 4732 2916 4802 quidem
2974 4731 3264 4800 putabatur
3311 4741 3432 4784 esse
3489 4742 3616 4795 pro-

333 4815 634 4885 μηγορίαν.
662 4818 775 4871 Kal
802 4819 992 4891 ἐπειδὴ
1017 4821 1173 4875 οὐδὲν
1199 4823 1327 4896 περὶ
1351 4823 1454 4894 τῆς
1479 4824 1730 4894 θεότητος
1756 4826 1907 4880 αὐτοί

2027 4827 2208 4895 pheta,
2227 4833 2282 4881 et
2311 4824 2561 4880 Christus
2574 4824 2892 4893 simpliciter
2919 4824 3113 4888 homo;
3145 4821 3340 4876 deinde
3371 4835 3431 4874 ex
3459 4817 3616 4873 fat-tis

332 4909 510 4977 σαφὲς
546 4909 744 4979 μαθεῖν
776 4911 966 4982 ἴσχυον
985 4952 1000 4978 ,
1034 4911 1126 4966 διὰ
1153 4914 1312 4968 τοῦτο
1339 4918 1455 4979 τοῖς
1487 4915 1616 4987 περὶ
1643 4915 1744 4986 τῆς
1775 4917 1907 4971 οίκο-

2023 4927 2078 4972 et
2135 4916 2317 4970 verbis
2379 4917 2628 4985 apparuit
2679 4915 2731 4968 id
2782 4914 2924 4984 quod
2956 4923 3091 4967 erat.
3118 4911 3322 4967 Idcirco
3348 4919 3400 4964 et
3424 4910 3615 4963 Petrus

329 5002 532 5071 νομίας
570 5003 902 5073 ἐνδιατρίϐει
945 5005 1146 5074 λόγοις,
1189 5007 1277 5061 ἵνα
1317 5009 1534 5072 τούτοις
1570 5011 1603 5080 ἠ
1644 5011 1781 5081 ἀκοὴ
1825 5027 1894 5078 γυ

2028 5007 2294 5077 principio
2318 5007 2421 5062 hac
2453 5009 2665 5061 ratione
2694 5006 2883 5059 utitur.
2921 5003 3070 5058 lianc
3113 5003 3256 5058 enim
3291 5001 3520 5070 primam
3545 5000 3614 5054 ad

338 5094 647 5163 μνασθεῖσα
665 5097 731 5167 τῇ
759 5096 919 5168 λοιπῇ
947 5099 1350 5172 προοδοποιήσῃ
1372 5101 1715 5174 διδασκαλίᾳ.
1741 5103 1852 5156 Kal
1876 5119 1901 5155 ε

2027 5097 2243 5154 Judaeos
2274 5099 2591 5154 concionem
2625 5097 2835 5152 habuit.
2891 5095 2956 5150 Et
2989 5097 3113 5165 quia
3144 5093 3276 5149 nihil
3313 5093 3380 5148 de
3416 5092 3620 5146 divini-

337 5184 584 5253 βούλοιτό
614 5203 698 5248 τις
727 5186 827 5257 τὴν
855 5188 1202 5260 δημηγορίαν
1230 5192 1410 5244 πᾶσαν
1437 5191 1644 5246 ἄνωθεν
1673 5192 1902 5246 διελθεῖν

2032 5199 2143 5244 tate
2169 5189 2514 5258 perspicuum
2550 5187 2762 5243 discere
2799 5195 3072 5256 poterant.
3106 5186 3175 5238 ob
3203 5184 3254 5239 id
3285 5183 3338 5238 in
3369 5197 3434 5236 eo
3463 5196 3615 5237 corn-

337 5278 565 5350 εὑρήσει
603 5278 762 5334 τοῦτο
799 5282 829 5333 ὃ
871 5282 1014 5351 λέγω
1055 5283 1262 5356 σφόδρα
1299 5285 1630 5354 διαλάμπον.
1672 5286 1783 5340 Kal
1823 5288 1907 5357 γὰι

2034 5290 2296 5344 moratur,
2330 5291 2386 5333 ut
2415 5279 2655 5332 divinum
2687 5279 2906 5333 humani
2932 5277 3146 5349 generis
3193 5275 3449 5331 servandi
3477 5289 3616 5330 con-

338 5370 514 5440 ἄνδρα
551 5369 716 5425 αὑτὸν
751 5373 912 5428 καλεῖ
950 5378 1045 5430 καὶ
1083 5377 1270 5439 αὐτὸς,
1309 5377 1406 5430 xal
1440 5380 1553 5439 τοίς
1584 5377 1681 5430 τοῦ
1723 5377 1907 5431 πάθουη

2041 5373 2223 5429 silium
2252 5372 2504 5442 explicet,
2530 5388 2636 5443 quo
2675 5372 2777 5428 sibi
2812 5373 2877 5426 ad
2910 5371 3114 5440 reliqua
3146 5370 3384 5424 docenda
3413 5367 3619 5422 aditqu

317 5449 442 5516 ’καὶ
466 5464 569 5533 τῆς
597 5465 950 5530 ἀναστάσεως
978 5468 1074 5521 καὶ
1101 5469 1217 5531 τοῖς
1242 5469 1386 5521 κατὰ
1415 5469 1596 5539 σάρκα
1631 5471 1904 5538 γεννήσεω

2045 5465 2352 5539 patefacial.
2382 5468 2458 5519 Ac
2523 5466 2568 5519 si
2599 5465 2721 5535 quis
2771 5472 2940 5517 totam
2991 5462 3306 5517 concionem
3353 5460 3523 5530 ipsam
3589 5473 3620 5512 ιι

344 5555 675 5626 ἐνδιατρίϐει
713 5559 914 5626 λόγοις.
953 5561 1063 5615 Kal
1103 5559 1316 5624 Παῦλος
1351 5561 1408 5614 δὲ
1445 5561 1577 5615 ὅταν
1614 5560 1782 5634 λέγῃ.
1825 5564 1907 5614 Τοῖ

2048 5557 2316 5628 principio
2351 5553 2609 5623 perlegat,
2644 5553 2875 5622 reperiet
2907 5552 2956 5604 id
3005 5549 3149 5620 quod
3215 5549 3448 5604 dicimus
3503 5562 3625 5602 esse

348 5649 682 5716 γενομένου
713 5651 780 5704 ἐκ
813 5651 1160 5722 σπέρματος
1191 5652 1369 5707 Aucta
1402 5652 1552 5708 κατὰ
1581 5653 1780 5721 σάρκα
1800 5693 1816 5718 ,
1847 5653 1907 5705 οὐ

2050 5648 2434 5705 clarissimum.
2475 5643 2608 5700 Nam
2639 5655 2693 5700 et
2724 5644 2838 5714 ipse
2887 5644 3064 5699 virum
3097 5658 3219 5699 eum
3252 5653 3432 5707 vocat,
3461 5649 3513 5695 et
3569 5643 3626 5695 in

351 5740 441 5792 δὶιν
467 5741 660 5812 ἕτερον
686 5743 833 5812 ἡμᾶς
859 5745 1126 5813 παιδεύει,
1159 5745 1272 5799 ἀλλ’
1296 5745 1330 5816 ῆ
1363 5747 1444 5799 ὅτι
1472 5744 1533 5799 τὸ
1562 5745 1818 5816 ἐποίησεν
1845 5744 1907 5796 ar.

2047 5744 2164 5812 ejus
2179 5751 2371 5809 morte,
2393 5737 2942 5804 etresurrectionc,et
2965 5737 3202 5794 humano
3219 5725 3340 5793 lortu
3353 5749 3414 5789 ιτι
3423 5735 3633 5806 plican-

431 5836 450 5868 ‘
489 5838 614 5892 Act.
647 5851 708 5906 ιι,
737 5837 826 5894 56.
903 5840 923 5873 ’
948 5841 1086 5898 ibid.
1165 5843 1187 5877 ³
1212 5840 1371 5898 Joan.
1393 5857 1546 5910 χχιιι,
1580 5841 1669 5898 57.
1747 5839 1770 5872 ⁸
1793 5839 1912 5896 Act.
1945 5855 2076 5911 xvn,
2105 5837 2197 5893 51.
