4042 6204
298 365 400 426 613

1254 377 1633 439 PANOPLIA
1679 381 2143 449 DOGMATICA.
2174 412 2242 421 ·--
2282 389 2433 453 TlT.
2470 391 2570 455 XI.

3432 402 3541 467 6M

300 475 428 542 ἡμῖν
449 487 461 500 ’
495 472 550 524 τί
573 473 707 528 ποτέ
728 476 845 528 ἐστι
873 476 933 530 τὸ
962 478 1114 552 παρὰ
1148 482 1224 549 τῷ
1256 488 1512 559 προφήτῃ
1544 487 1863 557 λεγόμενον,

1973 490 2100 555 quid
2124 493 2223 546 si!.i
2267 496 2428 550 velint
2469 513 2529 551 ea
2576 500 2853 569 pmph‘etas
2899 502 3062 557 verita
3106 503 3286 558 :Ante
3321 521 3398 560 me
3442 526 3546 563 nou

299 573 375 636 τὸ,
410 572 798 641 Ἐμπροσθέν
828 591 946 643 μου
979 579 1091 631 οὐκ
1137 579 1376 649 ἐγένετο
1444 582 1637 648 ἄλλος
1700 583 1867 650 Θεὸς,

298 668 390 715 καὶ
419 662 551 730 μετ’
577 663 685 731 ἐμὲ
708 667 820 718 οὐκ
847 666 1020 720 ἕσται
1040 683 1060 731 ;
1083 664 1229 741 Ἀρα
1268 674 1598 743 ἀναιρήσετε
1646 675 1740 728 καὶ
1768 676 1870 728 αὐ-

296 754 392 822 τὴν
433 753 531 806 τοῦ
579 754 928 823 Μονογενοῦς
972 761 1071 830 τὴν
1124 761 1347 829 οὐσίανς
1399 765 1641 837 Ἀνάγκη
1695 768 1867 839 γὰρῆ

294 843 455 896 τοῦτο
484 844 719 916 τολμᾷν,
772 848 802 916 ἢ
857 848 988 917 μίαν
1044 853 1455 921 παραδέξασθαι
1496 857 1594 926 τὴν
1637 859 1869 931 θεότητα

294 939 353 988 ὲν
389 934 547 999 ἰδίαις
579 937 912 992 ὑποστάσεσι
946 941 1157 1013 Πατρδς
1192 945 1289 998 καὶ
1329 947 1487 1004 Υἱοῦ.
1519 950 1629 1004 Ποῦ
1651 952 1707 1004 δὲ
1734 953 1870 1017 ὅλως

292 1033 353 1084 τό
374 1048 387 1060 ο
417 1032 622 1086 Πάντα
647 1034 722 1088 δι’
747 1035 935 1089 αὐτοῦ
956 1036 1214 1105 ἐγένετο,
1231 1041 1431 1110 ἀληθές
1457 1060 1471 1108 ;
1499 1043 1562 1097 Et
1584 1046 1692 1112 γάρ
1722 1047 1869 1101 ἐστιν

293 1125 430 1178 αἰὼν
470 1125 637 1178 αὐτοῦ
689 1128 1081 1199 πρεσϐύτερος,
1115 1132 1233 1195 πῶς
1262 1135 1329 1187 ἂν
1362 1138 1389 1188 6
1443 1136 1550 1207 πρὸ
1602 1138 1769 1191 αὐτοῦ
1801 1140 1870 1193 δι’

294 1216 459 1269 αὐτοῦ
490 1220 857 1288 γεγενημένος
884 1222 969 1291 εἴη
999 1238 1014 1286 ;
1058 1221 1246 1293 Ὁρᾶτε
1279 1227 1357 1289 si;
1382 1227 1511 1297 ὅσην
1539 1229 1744 1299 τόλμαν
1766 1232 1867 1283 αὐ-

294 1306 438 1368 τοὺς,
478 1306 631 1372 ἇπαξ
683 1310 1154 1381 παρακινηθείσης
1187 1314 1286 1383 τῆς
1322 1315 1601 1385 ἀληθείας,
1629 1320 1657 1371 6
1712 1320 1869 1388 λόγος

294 1397 533 1467 ἐξήγαγε
559 1416 575 1465 ;
606 1399 759 1452 Aturi
796 1403 904 1471 γὰρ
937 1404 1036 1455 οὐκ
1071 1399 1225 1457 εἶπεν
1268 1407 1295 1459 6
1325 1410 1739 1481 εὐαγγελιστὴς.
1786 1415 1868 1468 ὅτι

295 1487 352 1552 ἐξ
386 1488 486 1539 οὐκ
517 1488 684 1542 ὄντων
716 1492 952 1560 ιγένετο,
980 1494 1231 1562 καθάπερ
1255 1499 1384 1570 περὶ
1421 1501 1639 1555 πάντων
1661 1506 1687 1556 6
1725 1506 1872 1559 Παῦ-

293 1576 380 1638 λος
398 1580 759 1647 ἀποφαίνεται
779 1581 950 1650 λέγων
966 1584 1160 1649 οὕτως’
1176 1586 1239 1640 '0
1259 1589 1523 1657 καλέσας
1543 1596 1613 1646 τὰ
1630 1594 1771 1648 ὄντα
1787 1595 1869 1662 ὡς

290 1667 374 1735 μὴ
404 1669 571 1734 ὄντα,
593 1671 733 1738 ἀλλ’,
751 1674 853 1728 Ἔν
884 1674 1043 1745 ἀρχῇ
1070 1673 1169 1746 ἦν,
1198 1680 1365 1750 φησίς
1391 1682 1561 1736 Τοῦτο
1587 1685 1694 1755 γὰρ
1717 1689 1867 1741 ἐναν-

294 1759 406 1811 τίον
431 1760 649 1831 ἐκείνῳ,
678 1763 773 1816 καὶ
796 1764 939 1833 μάλα
971 1768 1219 1831 εἰκότως.
1254 1770 1385 1832 Θεὸς
1416 1772 1524 1844 γὰρ
1568 1773 1692 1828 οὔτε
1722 1777 1867 1841 γίνε-

292 1866 404 1910 ται,
439 1849 562 1903 οὔτε
587 1852 700 1921 ἔχει
730 1871 783 1907 τι
838 1857 1230 1930 πρεσϐύτερον.
1272 1863 1434 1918 Ἀλλὰ
1468 1866 1644 1921 ταῦτα
1679 1870 1865 1936 Ἐλλή-

298 1960 398 2032 νιρν
427 1943 677 2012 ῥήματα.
720 1946 855 2000 Εἰπὲ
884 1950 946 2020 δή
979 1967 1068 2019 μοι
1103 1957 1348 2022 κακεῖνο,
1374 1958 1466 2010 τὸν
1496 1960 1719 2032 κτίστην
1757 1964 1866 2014 τῶν

296 2024 469 2102 ἔργων
506 2037 855 2107 ἀσυγκρὶτως
881 2041 1173 2113 ὑπερέχειν
1219 2047 1395 2112 εἴποις
1421 2051 1523 2116 ἄν;
1562 2044 1732 2108 Ὅταν
1773 2051 1867 2110 οὖν

296 2125 481 2187 αὐτοῖς
511 2126 698 2194 ὅμοιον
739 2124 773 2200 ᾖ
814 2130 876 2183 τὸ
904 2132 963 2197 ἐξ
990 2132 1089 2188 οὐκ
1121 2136 1312 2202 ὄντων,
1341 2140 1443 2193 ποῦ
1470 2143 1504 2213 ἡ
1536 2144 1869 2215 ἀσύγκριτος

297 2216 578 2287 {inspexi};
629 2220 687 2271 Et
747 2221 847 2275 οὐκ
902 2223 1019 2278 ἔστι
1072 2231 1337 2294 συναΐδιος
1377 2232 1453 2302 τῷ
1496 2237 1692 2308 Πατρὶ,
1751 2242 1868 2303 πῶς

297 2305 528 2375 ἄπειρον
558 2310 725 2363 αὐτοῦ
752 2313 850 2382 τὴν
881 2314 1028 2384 ζωὴν
1048 2320 1194 2389 ἐρεῖς
1220 2338 1235 2385 ;
1268 2323 1328 2376 Et
1360 2326 1471 2396 γὰρ
1519 2305 1695 2399 ἀργὴν
1729 2332 1868 2385 ἄνω-

295 2396 385 2450 Θεν
411 2399 547 2468 ἔχει,
578 2400 682 2454 κᾶν
703 2403 1061 2477 ἀτελεύτητος
1092 2408 1148 2483 ᾖ,
1178 2411 1405 2485 ἄπειρος
1429 2396 1580 2487 ὅμως
1593 2396 1702 2475 οῦκ
1726 2422 1841 2477 ἔστι

293 2490 364 2543 T6
396 2493 506 2564 γὰρ
534 2494 763 2566 ἄπειρον
798 2500 1136 2575 ἑκατέρωθεν
1179 2504 1317 2564 εἶναι
1350 2514 1477 2584 χρή.
1510 2515 1689 2588 Ὅπερ
1713 2519 1807 2573 οῦν
1838 2522 1867 2574 6

298 2584 509 2648 Παῦλος
552 2588 727 2658 δηλῶν
756 2591 909 2661 ἔλεγε
934 2612 949 2625 ο
992 2597 1147 2669 Μήτι
1205 2601 1382 2672 ἀρχὴν
1426 2584 1672 2676 ἡμερῶν,
1729 2614 1866 2682 μήτε

298 2675 441 2770 ςιιιῆς
475 2678 630 2743 τέλος
685 2681 843 2754 ἔχων,
879 2686 939 2738 τό
982 2694 1041 2740 τε
1086 2690 1321 2763 ἄναρχον
1366 2697 1459 2749 καὶ
1505 2675 1868 2770 ἀτελεύτητιν

296 2766 487 2836 δηλῶν.
527 2772 738 2842 Ὠσπερ
771 2774 881 2846 γὰρ
936 2778 1098 2833 τοῦτο
1148 2784 1247 2837 οὐκ
1293 2784 1408 2855 ἔχει
1452 2789 1649 2859 πέρας,
1696 2766 1868 2858 οὕτως

297 2860 418 2941 οὐδὶ
452 2862 656 2918 δκεῖνο.
695 2866 834 2919 Οὔτε
893 2869 1003 2937 γᾶρ
1056 2873 1289 2929 ἐνταῦθα
1334 2879 1512 2942 τέλος,
1575 2882 1701 2935 οὔτε
1756 2886 1871 2938 ἐκεῖ

295 2950 458 3050 apri}.
508 2954 633 3016 Πῶς
679 2954 735 3050 δε
767 2957 881 3028 ζωὴ
932 2960 1028 3029 ὣν,
1070 2959 1141 3035 ἦν
1182 2967 1270 3020 ὅτε
1324 2969 1424 3022 οὐκ
1458 2967 1566 3041 ἦν;
1601 2974 1712 3045 Τὴν
1760 2978 1868 3050 γὰρ

296 3041 444 3113 ζωὴν
473 3045 563 3097 ἀεῖ
588 3064 646 3098 τε
679 3043 839 3115 εἶναι,
868 3055 965 3107 καὶ
1014 3057 1265 3131 ἁνάρχως
1293 3058 1457 3126 εἶναι,
1498 3068 1593 3119 καὶ¹
1643 3041 1870 3121 ατελῂενζ

1974 581 2075 648 [uit
2098 583 2236 637 alius
2262 586 2417 653 Deus,
2437 606 2530 643 nec
2550 593 2647 645 erit
2673 602 2789 656 post
2810 609 2890 647 me
2910 594 2949 646 ⁸.
2976 594 3113 648 Num
3137 597 3427 653 essentiam
3453 618 3548 653 nec

1973 674 2166 740 gabitis
2224 675 2542 749 Unigeniti?
2609 680 2841 738 Necesse
2869 685 3012 738 enim
3060 694 3141 740 est
3197 696 3256 741 ut
3313 689 3393 743 vel
3444 690 3547 743 huc

1973 767 2233 831 audeatis,
2265 769 2345 821 vel
2380 785 2541 822 unam
2593 772 2902 841 suscipiatis
2954 773 3005 825 in
3040 778 3283 841 personis
3313 778 3545 846 propriis

1974 857 2150 913 Patris
2179 871 2230 913 et
2261 860 2377 913 Pilii
2414 861 2779 918 divinitatem.
2811 864 2929 930 Quo
2958 876 3133 920 autem
3163 880 3318 936 pacto
3351 885 3542 923 verum

1972 941 2100 995 illud
2129 961 2142 996 :
2177 943 2366 999 Omnia
2407 962 2500 1014 per
2535 950 2701 1015 ipsum
2751 951 2894 1021 facta
2945 956 3103 1007 sunt‘l
3132 955 3154 1007 ἲ
3210 957 3342 1009 Nam
3376 957 3418 1011 si
3455 958 3547 1011 illo

1970 1034 2226 1089 saeculum
2258 1049 2338 1091 est
2369 1040 2659 1108 antiquius,
2688 1048 2955 1111 quomodo
3018 1049 3157 1114 quod
3188 1056 3313 1103 ante
3368 1050 3542 1120 ipsum

1970 1133 2075 1187 est.
2112 1142 2206 1194 per
2233 1142 2354 1181 eum
2385 1128 2498 1184 ﬁeri
2547 1133 2763 1199 potuit?
2804 1132 2991 1190 Videte
3022 1137 3087 1191 ad
3134 1151 3389 1205 quantam
3446 1156 3546 1192 au-

1971 1219 2176 1272 daciam
2210 1221 2373 1274 semel
2409 1238 2438 1275 a
2466 1225 2709 1279 veritatis
2739 1229 2945 1282 ratione
2980 1229 3311 1284 declinantes
3362 1246 3551 1300 pet-ve-

1972 1311 2167 1367 nerint.
2202 1312 2315 1366 Cur
2348 1315 2489 1368 enim
2521 1318 2849 1387 evangelista
2887 1335 2990 1375 non
3048 1322 3206 1387 dixit,
3260 1339 3382 1377 eum
3427 1340 3548 1379 cum

1969 1411 2125 1456 antea
2160 1420 2261 1457 non
2286 1416 2450 1470 esset,
2484 1405 2649 1463 fuisse
2679 1409 2921 1464 factum?
2952 1413 3003 1466 id
3063 1415 3206 1483 quod
3242 1417 3308 1470 de
3373 1419 3553 1469 amni—

1970 1494 2069 1549 bus
2099 1500 2404 1565 pronuntiat
2428 1500 2652 1556 Paulus:
2690 1502 2911 1569 Vocans,
2942 1506 3210 1575 inquiens,
3239 1525 3299 1561 ea
3322 1524 3553 1577 quwnon

1970 1596 2113 1649 sunt,
2143 1597 2388 1657 tanquam
2408 1594 2507 1643 sint
2526 1592 2589 1644 ³2
2616 1594 2710 1647 sed
2741 1597 2884 1662 quod
2913 1597 3036 1650 huic
3065 1600 3393 1652 contrarium
3427 1609 3508 1654 est
3534 1616 3549 1651 :

1976 1676 2037 1730 In
2092 1682 2370 1747 principio,
2410 1682 2601 1751 inquit,
2643 1688 2799 1739 erat?
2846 1688 2979 1752 Quia
3020 1702 3103 1743 res
3144 1690 3216 1743 ila
3276 1688 3553 1759 poscebat.

1975 1769 2112 1824 Deus
2144 1774 2284 1825 enim
2346 1789 2443 1828 nec
2498 1777 2577 1840 lit,
2611 1792 2709 1831 nec
2741 1778 2902 1833 habet
2931 1780 3223 1850 quidquam
3257 1784 3552 1853 antiquius.

1971 1861 2075 1916 Sed
2110 1865 2220 1919 haec
2245 1863 2558 1922 Gracorum
2590 1878 2717 1924 sunt
2747 1873 2930 1927 verba.
2988 1872 3081 1927 Dic
3117 1873 3281 1943 igitur
3310 1884 3363 1929 et
3420 1875 3556 1930 illud

1971 1955 2099 2008 mihi
2135 1975 2149 2010 :
2188 1955 2378 2013 Nonne
2410 1971 2728 2029 procreatur
2793 1964 2956 2018 rebus
2992 1967 3287 2033 procreatis
3318 1968 3397 2021 sic
3450 1982 3554 2022 at:-

1972 2048 2187 2111 tecellit,
2227 2058 2285 2103 ut
2332 2054 2454 2104 cum
2504 2051 2608 2105 illis
2641 2067 2870 2125 nequeat
2927 2050 3279 2127 compafari?
3323 2057 3554 2113 Ubinam

1968 2138 2135 2208 igitur
2161 2140 2263 2195 erit
2300 2142 2411 2196 haec
2434 2146 2773 2212 excellentia,
2804 2147 2848 2201 si
2878 2148 3021 2217 quod
3057 2165 3120 2201 ex
3154 2150 3318 2203 nihilo
3347 2148 3551 2203 factum

1969 2239 2070 2287 est.
2103 2231 2149 2286 ei
2183 2233 2392 2286 dicatur
2418 2235 2629 2289 simile?
2650 2237 2705 2291 Si
2732 2237 2900 2293 Filius
2930 2255 3035 2293 non
3066 2250 3146 2293 est
3173 2250 3404 2295 aeternus
3429 2256 3553 2296 cum

1970 2314 2150 2385 Patre,
2179 2322 2446 2393 qnomndo
2483 2324 2745 2380 inﬁnitam
2789 2344 2908 2382 esse
2962 2329 3109 2382 dices
3168 2330 3328 2382 vitam
3358 2329 3500 2384 illius
3531 2330 3555 2384 ἲ

1973 2414 2027 2470 St
2060 2418 2201 2470 enim
2236 2432 2266 2469 a
2296 2428 2446 2487 parte
2487 2419 2755 2488 superiori
2800 2421 3122 2490 principium
3180 2422 3362 2487 habet,
3428 2426 3556 2479 licet

1972 2523 2075 2562 non
2110 2510 2303 2564 habeat
2330 2513 2511 2576 linem,
2544 2528 2648 2566 non
2679 2522 2763 2568 εει
2795 2512 3052 2567 inﬁnitus.
3099 2512 3372 2568 inﬁnitum
3404 2517 3550 2571 enim

1972 2600 2225 2669 utrinque
2250 2604 2481 2657 termino
2514 2614 2720 2667 careat,
2752 2620 2972 2660 necesse
3001 2616 3104 2658 est.
3146 2607 3299 2671 Quod
3325 2608 3546 2678 quidem

1973 2690 2168 2747 Paulus
2215 2694 2531 2758 declaravit,
2576 2712 2695 2749 cum
2722 2696 2963 2750 diceret:
3000 2695 3182 2767 Neque
3204 2700 3417 2755 initium
3435 2702 3547 2756 die-

1972 2800 2083 2836 rum
2113 2800 2275 2852 neque
2316 2787 2433 2839 vita:
2464 2788 2619 2856 finem
2644 2786 2833 2841 habens
2872 2789 2916 2843 ⁸.
2954 2788 3045 2844 Sic
3073 2790 3217 2844 enim
3250 2790 3545 2858 inﬁnitum,

1971 2877 2114 2944 quod
2155 2890 2207 2928 ct
2233 2877 2479 2946 principii
2509 2888 2561 2932 et
2591 2880 2708 2932 ﬁnis
2738 2894 2928 2949 expers
2961 2892 3103 2936 esset
3133 2884 3393 2948 ostendit,
3422 2899 3543 2938 cum

1974 2978 2161 3020 neutra
2202 2983 2265 3021 ex
2308 2978 2462 3037 parte
2500 2970 2726 3025 termino
2767 2973 3139 3039 concludatur,
3196 2977 3452 3045 quoniam
3477 2990 3547 3028 ex

1973 3060 2139 3115 altera
2167 3062 2287 3125 ﬁne,
2328 3078 2393 3117 ex
2418 3063 2582 3118 altera
2612 3067 2878 3138 principio
2907 3081 3107 3123 careat.
3137 3069 3253 3124 iam
3288 3084 3411 3124 cum
3440 3074 3550 3125 vita

295 3135 496 3232 τὴτως,
525 3139 727 3204 πάντες
755 3144 821 3198 ἂν
847 3144 1261 3232 ὁμολογήσαιεν,
1284 3155 1337 3206 ετ
1353 3171 1414 3222 γε
1435 3154 1601 3221 ὅντως
1624 3160 1707 3229 εἴη
1731 3159 1865 3232 ζωὴ,

1972 3152 2062 3219 sit,
2095 3153 2364 3223 quomodo
2399 3154 2498 3210 fuit
2542 3135 2805 3227 unquam
2838 3175 2960 3213 cum
2998 3175 3101 3214 non
3132 3161 3318 3216 esset?
3372 3163 3544 3216 Vitam

297 3224 483 3309 ὥσπερ
512 3229 604 3283 οῦν
631 3233 729 3285 καὶ
761 3234 930 3291 ἔστιν.
969 3239 1030 3292 Et
1067 3240 1122 3293 δὲ
1151 3230 1319 3309 ἔστιν,
1346 3246 1435 3298 ὅτε
1462 3247 1560 3300 οὐκ
1588 3224 1725 3313 ἔστι,
1752 3224 1869 3319 παῖ,

295 3317 361 3411 ἂν
383 3318 470 3388 εἴη
504 3320 617 3393 ζωὴ
647 3325 756 3377 τῶν
789 3326 965 3383 ἄλλων
1021 3332 1158 3405 αὑτὴ
1220 3336 1351 3388 ποτὲ
1382 3339 1481 3392 οὐκ
1518 3335 1649 3395 οὖσα
1676 3360 1691 3410 ;
1740 3317 1869 3411 ηοξ

293 3407 408 3501 οὖν,
455 3412 643 3480 φησὶν,
701 3416 873 3488 ἀρχὴν
906 3419 1104 3489 ἔθηκεν
1145 3424 1173 3478 6
1202 3426 1596 3501 εὐαγγελιστὴς
1654 3407 1860 3487 simini;

305 3500 409 3552 Ἐν
438 3502 600 3572 ἀρχῇ
620 3501 739 3576 ἦν;
765 3509 835 3561 Τὸ
857 3509 926 3563 ἐν
946 3510 1108 3582 ἀρχῇ
1128 3517 1452 3590 προσέσχες,
1488 3500 1582 3575 καὶ
1612 3525 1671 3576 τὸ
1694 3526 1790 3579 καὶ
1827 3531 1862 3581 ό

291 3593 485 3688 derat:
508 3592 585 3665 ἦν
618 3597 718 3650 οὐκ
747 3598 971 3665 ἐννοεῖς.
1009 3604 1074 3657 Τί
1106 3605 1184 3673 δὲ,
1221 3609 1350 3665 ὅταν
1376 3613 1501 3681 περὶ
1530 3614 1623 3667 τοῦ
1653 3617 1865 3688 Πατρὸς

291 3682 318 3733 6
353 3685 647 3775 lipoeﬁtq;
681 3689 811 3763 λέγῃ
835 3708 848 3725 ο
895 3696 1028 3752 Ἀπὸ
1076 3700 1183 3755 τοῦ
1212 3702 1427 3772 αἰῶνος
1458 3708 1554 3761 καὶ
1608 3708 1718 3775 ἕως
1759 3682 1865 3765 τοῦ

288 3773 505 3842 αἰῶνος
535 3780 619 3832 σὺ
653 3778 725 3847 sl,
760 3778 868 3855 ἆρα
894 3787 1053 3859 ὅρους
1103 3793 1253 3864 αὑτῷ
1284 3796 1454 3860 τιθεὶς
1491 3797 1635 3852 οὕτω
1660 3773 1859 3871 acciri;

287 3867 582 3937 Οὐδαμῶς,
615 3873 756 3928 ἀλλὰ
808 3877 869 3931 τὸ
897 3880 1069 3933 ἀΐδιον
1121 3882 1315 3954 δηλῶν.
1364 3885 1523 3942 Οὕτω
1549 3867 1732 3943 τοινῦν
1769 3867 1864 3946 καλ.

281 3958 529 4052 ενταῦθα
568 3964 703 4035 νόει.
757 3969 831 4021 Οὐ
866 3969 974 4040 γὰρ
1013 3972 1172 4043 ὅρους
1226 3977 1398 4042 τιθεὶς
1429 3979 1590 4034 τοῦτο
1617 3982 1861 4052 εἴρηκεν.

279 4050 429 4103 Οὐδὲ
462 4054 573 4124 γὰρ
609 4054 784 4124 εἶπεν,
829 4061 1028 4133 Ἀρχὴν
1060 4065 1240 4136 ἔσχεν,
1289 4069 1424 4136 ἀλλ’,
1470 4072 1557 4124 Ἐν
1583 4050 1736 4145 ἀρχῇ*
1770 4071 1861 4145 ἦν,

278 4144 685 4212 παραπέμπων
724 4166 784 4202 σε
841 4152 931 4205 ἐπὶ
964 4154 1025 4207 τὸ
1067 4154 1306 4228 ἄναρχον
1338 4160 1540 4214 ἑννοεῖν
1572 4162 1664 4216 τὸν
1714 4144 1859 4221 Υἱόν.

292 4235 448 4288 Ἀλλ’
480 4238 613 4300 ἰδοὺ,
648 4242 832 4311 φησιν,
868 4245 895 4296 6
922 4245 1109 4318 Πατὴρ
1135 4248 1268 4312 Θεὸς
1324 4254 1462 4320 μετὰ
1493 4254 1594 4323 τῆς
1632 4256 1726 4309 τοῦ
1757 4259 1862 4327 ἄρ-

280 4330 427 4397 θρου
457 4332 779 4403 προσθήκης
804 4336 1047 4417 εἴρηται,
1085 4340 1112 4390 6
1139 4339 1196 4392 δὲ
1236 4341 1363 4404 Υἱὸς
1406 4346 1578 4415 χωρὶς
1629 4348 1855 4420 ταύτης.

278 4423 353 4473 Ti
421 4420 553 4487 οὖνς
587 4423 714 4476 ὅταν
760 4428 785 4479 6
843 4430 1161 4494 Ἀπόστολος
1210 4434 1380 4506 λέγῃο
1424 4439 1532 4491 Τοῦ
1585 4442 1857 4509 μεγάλου
1893 4470 1935 4529 ι)

279 4513 444 4565 Θεοῦ
475 4513 575 4565 καὶ
627 4515 901 4586 Σωτῆρος
953 4520 1123 4590 ἡμῶν
1173 4525 1378 4594 Ἰησοῦ
1429 4531 1730 4598 Χριστοῦ·
1768 4538 1863 4589 καὶ

277 4605 479 4669 πάλιν,
524 4606 587 4660 '0
614 4608 700 4664 ὢν
729 4611 824 4663 ἐπὶ
858 4614 1101 4669 πάντων
1134 4620 1297 4685 Θεός.
1337 4622 1467 4676 Ἰδοὺ
1490 4623 1598 4694 γὰρ
1633 4628 1863 4681 ἐνταῦθα

274 4700 343 4750 οὐ
387 4699 561 4769 χωρὶς
599 4702 694 4783 τοῦ
728 4703 931 4773 ἄρθρου
960 4708 1055 4761 τοῦ
1094 4694 1225 4762 Υιοῦ
1278 4711 1682 4783 ἐμνημόνευσε.
1714 4723 1868 4776 Ποιεϊ

273 4794 338 4844 δὲ
372 4794 468 4845 καὶ
507 4782 669 4847 τοῦτο
702 4798 795 4849 καὶ
825 4800 917 4852 ἐπὶ
948 4800 1042 4854 τοῦ
1068 4802 1307 4874 Πατρός.
1339 4808 1644 4880 Τοιγαροῦν
1673 4808 1865 4869 Φιλιπ-

274 4884 509 4951 πησίοις
534 4888 867 4963 ἐπιστέλλων
900 4888 1044 4946 οὕτω
1067 4900 1234 4965 φησιν
1253 4915 1267 4930 ο
1300 4901 1395 4963 '0;
1424 4902 1483 4975 ἐν
1511 4907 1693 4976 μορφῇ
1725 4907 1861 4960 Θεοῦ

274 4976 575 5046 ὑπάρχων,
617 4978 717 5047 οὐχ
748 4981 1041 5053 ἁρπαγμὸν
1075 4989 1321 5057 ἡγήσατο
1350 4991 1411 5043 τὸ
1440 4988 1579 5047 εἶναι
1607 4996 1695 5049 ἴσα
1716 4998 1859 5069 Θεῷ.

273 5066 396 5119 Καὶ
448 5067 743 5137 Ῥωμαίοις
788 5070 843 5122 δὲ
878 5072 1074 5125 πάλινο
1102 5074 1284 5144 Χάρις
1317 5078 1462 5146 ὑμῖν
1507 5081 1605 5135 καὶ
1651 5066 1860 5154 siprius)

272 5158 401 5211 ἀπὸ
431 5158 583 5212 Θεοῦ
613 5163 845 5228 Πατρός
877 5163 1069 5231 ἡμῶν,
1094 5167 1189 5219 καὶ
1222 5170 1444 5237 Κυρίου
1496 5174 1699 5240 Ἰησοῦ
1725 5178 1858 5245 Χρι-

272 5251 456 5305 στοῦ.
503 5251 715 5316 ’Δλλως
764 5271 827 5309 τι
874 5256 971 5308 καὶ
1035 5261 1289 5328 περιττὸν
1326 5258 1394 5332 ἦν
1450 5265 1687 5321 ἐνταῦθα
1726 5269 1860 5324 αὐτὸ

273 5340 657 5412 προστεθῆναι
726 5344 839 5398 ἄνω
898 5346 1141 5415 συνεχῶς
1205 5352 1503 5419 προστεθὲν
1556 5355 1633 5425 τῷ
1689 5356 1854 5428 λόγῳ.

273 5432 499 5502 Ὠσπερ
532 5435 642 5503 γὰρ
667 5438 793 5506 περὶ
822 5437 917 5489 τοῦ
958 5439 1170 5510 Πατρὸς
1195 5441 1372 5509 λέγων
1412 5449 1544 5516 φησι
1564 5466 1577 5478 ·
1612 5452 1857 5520 Πνεῦμα

274 5526 307 5573 ό
343 5522 516 5587 Θεὸς.
545 5525 763 5598 καὶρὺκ
815 5527 1005 5597 ἐπειδὴ
1039 5529 1117 5598 τῷ
1152 5530 1428 5602 Πνεῦματι
1472 5534 1532 5587 τὸ
1567 5538 1767 5607 ἄρθρον
1794 5538 1856 5592 οὗ

275 5613 635 5681 πρόσκειται,
675 5614 979 5688 ἀθετοῦμεν
1023 5621 1113 5673 διὰ
1156 5620 1317 5675 τοῦτο
1348 5625 1408 5677 τὸ
1438 5625 1730 5697 ἀσώματον
1760 5630 1855 5684 τοῦ

348 5756 365 5783 ι
391 5752 501 5805 lsa.
536 5766 687 5825 xtttt,
718 5753 809 5825 κιο.
900 5757 1094 5815 'Joan.
1132 5776 1169 5825 ι,
1202 5760 1255 5815 3.

280 5827 412 5893 lipp.
438 5836 496 5885 tt,
520 5824 573 5874 6.
663 5826 683 5855 ⁸
714 5824 867 5879 llum.
900 5847 934 5895 ι,
970 5834 1019 5883 7.

1352 5763 1369 5793 ³
1395 5759 1551 5818 Rom.
1582 5780 1655 5830 tv,
1688 5764 1773 5822 17.
1857 5768 1875 5799 δ
1901 5767 2067 5824 Hebr.
2096 5783 2188 5834 vn,
2230 5768 2281 5823 5.

1972 3245 2113 3298 enim
2148 3254 2203 3298 et
2251 3260 2463 3316 semper
2489 3264 2630 3313 esse,
2664 3258 2718 3305 et
2785 3252 3046 3323 principio
3096 3267 3159 3309 ac
3200 3254 3304 3309 ﬁne
3359 3268 3549 3310 careto

1970 3351 2160 3392 omnes
2188 3339 2612 3395 conﬁtebuntur.
2651 3341 2753 3408 Qui
2784 3343 2926 3396 enim
2954 3353 3099 3399 esset
3145 3344 3373 3401 aliorum
3413 3346 3549 3410 vita,

1968 3427 2015 3481 si
2042 3429 2157 3497 ipsa
2189 3430 2476 3498 aliquando
2506 3448 2608 3485 non
2633 3434 2812 3487 esset?
2838 3434 2945 3487 Cur
2969 3436 3147 3505 igitur,
3178 3436 3378 3505 inquis.
3405 3437 3556 3507 prin-

1968 3520 2164 3589 cipiunt
2191 3523 2381 3577 Statuit
2407 3525 2737 3591 evangelista
2775 3542 2788 3577 :
2810 3524 2873 3578 In
2892 3528 3149 3593 principio
3172 3538 3307 3594 erat,
3331 3529 3556 3583 dicens?

1968 3608 2045 3662 Tu
2078 3626 2261 3665 vocem
2301 3612 2442 3665 illam
2480 3630 2495 3666 :
2530 3613 2594 3666 In
2620 3618 2901 3685 principio,
2934 3620 3265 3688 consideras,
3316 3635 3413 3675 nec
3465 3628 3553 3673 at-
3654 3696 3657 3697 ν

1969 3701 2144 3755 tendis
2179 3703 2308 3772 quid
2333 3715 2612 3772 seqnatur.
2646 3705 2712 3761 In
2737 3710 2992 3776 principio
3018 3710 3183 3773 enim,
3221 3710 3414 3778 inquit,
3435 3720 3554 3763 erat

1983 3790 2224 3847 Verbum.
2260 3794 2439 3859 Quid?
2491 3813 2613 3853 cum
2654 3798 2721 3853 de
2784 3796 2944 3852 Patre
2984 3797 3253 3868 Pmpheta
3308 3801 3476 3857 dicit:
3505 3805 3550 3857 Α

1965 3880 2157 3935 sarculo
2190 3900 2347 3953 usque
2374 3884 2427 3938 in
2453 3885 2704 3939 sarculum
2736 3894 2790 3938 tu
2822 3902 2877 3939 es
2911 3888 2954 3952 ',
2995 3903 3123 3940 num
3158 3888 3423 3943 terminos
3470 3890 3555 3946 illi

1964 3984 2209 4027 statuens
2240 3974 2312 4027 ita
2344 3974 2622 4044 loquitur?
2687 3973 2908 4032 Minime
2965 3992 3113 4044 vero,
3142 3980 3237 4033 sed
3285 3991 3549 4034 atternum

1965 4068 2256 4137 signiﬁcat.
2290 4069 2383 4123 Sic
2413 4070 2576 4122 etiam
2608 4070 2710 4125 hoc
2743 4071 2863 4127 loco
2910 4073 3109 4143 cogita.
3150 4072 3337 4129 Nullos
3401 4077 3548 4130 cnim

1965 4161 2099 4215 ﬁnes
2126 4160 2483 4230 praescribens
2508 4161 2577 4213 ita
2601 4160 2807 4216 locutus
2837 4174 2939 4218 est.
2976 4164 3157 4234 Neque
3188 4166 3333 4223 enim
3368 4168 3549 4223 dixit:

1964 4248 2207 4307 Habebat
2262 4244 2605 4323 principium,
2637 4256 2727 4309 sed
2771 4274 2785 4311 :
2847 4256 2911 4310 In
2967 4260 3223 4329 principio
3280 4270 3418 4327 erat,
3450 4264 3552 4317 du-

1964 4360 2093 4401 cens
2129 4356 2179 4400 le
2209 4345 2357 4408 illuc,
2392 4356 2449 4399 ut
2482 4346 2598 4399 sine
2629 4348 2891 4418 principio
2923 4348 3116 4403 Filium
3150 4353 3377 4419 cogites.
3448 4353 3557 4409 Sed

1966 4453 2115 4501 ecce,
2149 4438 2347 4504 inquis,
2383 4452 2503 4491 cum
2553 4437 2765 4493 Patrem
2824 4442 2958 4495 dicit
3020 4442 3208 4507 Deum,
3264 4446 3554 4500 articulum

1968 4530 2136 4593 addit,
2180 4544 2339 4598 quem
2385 4529 2451 4583 de
2482 4527 2618 4584 Filio
2678 4531 2906 4600 loquens
2952 4535 3336 4601 praetermittit.
3364 4536 3501 4602 Quid
3530 4538 3557 4590 ἲ

1967 4638 2091 4677 eum
2123 4621 2411 4691 Apostolus
2453 4622 2606 4688 dicit,
2644 4625 2819 4692 magni
2851 4625 2944 4678 Des'
2973 4632 3023 4678 et
3050 4624 3351 4680 Servatoris
3388 4630 3553 4681 nostri

1965 4712 2095 4768 Iesu
2124 4714 2321 4769 Christi
2342 4715 2383 4777 ⁸,
2413 4725 2467 4768 et
2494 4729 2706 4769 rursum
2742 4730 2757 4769 :
2790 4716 2892 4780 Qui
2918 4727 2995 4770 est
3025 4717 3078 4769 in
3112 4718 3350 4771 omnibus
3388 4717 3551 4781 Deus,

1968 4823 2147 4863 nonne
2190 4809 2478 4863 articulum
2540 4806 2779 4876 adjnngit
2823 4809 2888 4861 de
2916 4807 3050 4862 Filio
3085 4808 3356 4877 loquens?
3411 4809 3553 4863 Cou-

1968 4910 2048 4955 tra
2081 4901 2145 4954 de
2175 4901 2334 4956 Patre
2381 4900 2542 4955 verba
2582 4900 2788 4955 faciens
2852 4900 3001 4953 illum
3035 4901 3255 4964 omittit,
3303 4909 3363 4954 ut
3423 4916 3545 4955 cum

1966 4992 2031 5044 ad
2054 4989 2425 5059 Philippense:
2456 4989 2642 5044 scribit
2674 4991 2738 5042 ad
2768 4988 2913 5042 hunc
2944 4989 3191 5043 modum:
3226 4989 3330 5054 Qui
3354 5007 3469 5045 cum
3492 4992 3550 5044 in

1968 5084 2138 5154 [arma
2178 5085 2268 5138 Dei
2302 5094 2451 5149 esset,
2486 5098 2587 5137 nats
2618 5085 2858 5152 rapinam
2884 5083 3168 5137 arbitratus
3199 5092 3276 5137 est
3331 5099 3440 5138 esse
3491 5099 3551 5137 se

1968 5175 2222 5247 a’quaiem
2242 5175 2349 5229 Deo
2364 5175 2404 5226 ν.
2439 5174 2507 5228 Ει
2535 5173 2602 5229 ad
2620 5172 2933 5230 Romanos:
2961 5174 3147 5229 Gratia
3177 5176 3334 5241 vobis,
3355 5175 3547 5243 inquit.

1965 5280 2012 5323 et
2041 5284 2147 5337 pax
2169 5287 2200 5323 a
2224 5266 2330 5322 Deo
2363 5266 2525 5322 Patre
2548 5274 2748 5333 nostra,
2772 5279 2819 5322 et
2843 5267 3065 5321 Domino
3090 5266 3217 5323 Iesu
3266 5267 3472 5320 Christo
3500 5266 3545 5320 ⁸.

1967 5358 2280 5426 Quanquam
2307 5366 2364 5412 et
2411 5371 2868 5427 supervacaneum
2919 5366 3059 5419 erat.
3112 5358 3201 5411 hic
3254 5355 3544 5411 articulum

1964 5462 2235 5519 apponere
2281 5462 2403 5502 eum
2440 5457 2596 5501 antea
2642 5460 2856 5516 setnpcr
2909 5446 3194 5516 adjunctus
3237 5445 3309 5500 sit
3352 5446 3545 5502 verbo.

1964 5538 2420 5608 Quemadmodum
2456 5539 2598 5593 enim
2636 5552 2759 5591 cmn
2810 5540 2874 5593 de
2907 5530 3065 5592 Patre
3106 5535 3333 5607 loquens
3390 5538 3545 5603 dicit,

1966 5632 2201 5701 Spiritus
2224 5640 2297 5684 est
2328 5629 2492 5694 Deus,
2523 5628 2771 5698 quamvis
2814 5630 2877 5683 ad
2929 5629 3073 5681 illam
3121 5642 3333 5696 Vocem,
3365 5629 3544 5699 Spiri-

2358 5769 2378 5799 '
2407 5768 2550 5821 Psal.
2585 5783 2806 5835 Lxxxrx,
2828 5769 2882 5823 2.
2958 5771 2977 5800 ⁶
3002 5767 3106 5821 Tit.
3134 5784 3192 5835 ιι,
3230 5770 3314 5825 Ην.
3368 5771 3387 5802 ⁷
3416 5770 3546 5823 Phi-
