4042 6204
531 271 637 331 (τις)

1767 275 2149 336 EUTHYMH
2191 276 2550 336 ZIGABENI

3677 255 3788 346 6:20

527 382 735 437 habes:
773 381 886 438 Non
913 385 1202 453 gravabor,
1236 383 1431 452 inquit,
1465 381 1678 451 aliquod
1703 385 1862 438 (‘lialtt
1897 386 2095 440 verbun

2222 389 2346 441 πεῖν
2372 389 2614 458 περὶτοῦ
2645 388 2802 455 Θεοῦ,
2845 388 2941 459 τὴν
2971 386 3065 444 τοῦ
3095 389 3297 442 κόλπου
3322 389 3463 460 λέγω
3492 396 3669 463 μόνον,
3696 396 3788 449 ἵνα

529 473 838 532 hominibus
883 488 1186 543 congruens
1219 488 1502 542 usurpare,
1533 475 1778 542 quamvis
1812 476 2000 546 loquar
2041 478 2107 532 de

525 567 654 622 Deo.
689 572 960 633 Attamen,
995 581 1062 624 ue
1091 566 1217 634 quid
1248 566 1450 620 humile
1475 565 1853 636 abiectumque
1875 568 2104 638 cogites,

527 660 579 714 in
617 660 734 715 sinu
769 669 976 714 tantum
1007 659 1205 713 dicam.

593 769 729 822 Item
761 771 812 821 in
862 768 1110 833 Arianos,
1147 770 1316 822 sancti
1332 769 1533 839 βψὶΗί
1560 771 1916 827 Alexandrini.
1956 773 2036 828 1εέ

698 841 1087 895 commentariis
1105 840 1218 908 ejus
1243 841 1294 894 in
1311 837 1536 894 Joannis
1566 840 1926 912 Evangelt'um.

579 1003 719 1070 Quid
770 1003 836 1059 ad
887 1004 1002 1058 haec
1047 1005 1250 1068 dicitis,
1289 1007 1383 1076 qui
1439 1021 1643 1061 novum
1700 1009 1859 1063 nobis
1900 1023 1965 1062 ac
2004 1025 2092 1064 re-

512 1108 723 1153 centem
759 1097 1018 1153 inducitis
1046 1096 1259 1160 Filium,
1298 1106 1449 1153 utne
1471 1099 1697 1153 omnino
1727 1100 1948 1169 quidem
1981 1100 2095 1170 jam

511 1189 750 1258 amplius
771 1189 1032 1244 credatur
1059 1187 1244 1245 Deus?
1283 1208 1301 1241 ι
1335 1188 1454 1244 Non
1486 1193 1631 1245 enim
1662 1193 1768 1246 erit
1791 1193 1844 1246 in
1881 1203 1931 1248 le
1954 1192 2097 1248 Deus

510 1297 779 1346 recens,»
834 1282 912 1335 ait
966 1280 1254 1351 Scriptura
1315 1285 1354 1335 '.
1405 1284 1692 1349 Quomodo
1746 1296 1928 1341 autem
1987 1303 2096 1342 non

510 1374 614 1426 erit
649 1387 863 1437 recens,
918 1373 964 1426 si
1014 1374 1330 1428 novissimis
1385 1381 1550 1430 natus
1589 1383 1676 1430 est
1721 1377 2098 1446 temporibus?

511 1465 797 1531 Quomodo
823 1480 956 1520 vero
988 1481 1098 1521 non
1126 1467 1388 1521 mentitus
1423 1467 1493 1520 sit
1527 1467 1595 1522 ad
1629 1465 1850 1524 Judaeos
1879 1469 2092 1525 dicens:

520 1578 535 1610 ι
574 1560 747 1616 Amen
778 1559 902 1615 dico
939 1560 1116 1628 vobis,
1145 1567 1442 1630 antequam
1471 1559 1751 1618 Abraham
1788 1561 1961 1629 ﬁeret,
1993 1578 2096 1635 ego

2223 479 2392 550 μηδὲν
2431 481 2788 554 ὑποπτεύσῃς
2812 485 3095 537 ταπεινόν.

2219 770 2347 843 Ἔτι
2371 770 2534 843 fani
2584 769 2903 835 Ἀρειίινών
2927 789 2990 823 τε
3022 774 3115 824 καὶ
3167 772 3555 843 Bormum-(Br
3586 775 3690 828 τοῦ
3717 777 3791 828 ἐν

2284 840 2471 910 ᾀγιοις
2515 843 2819 906 Κυρίλλου
2866 840 3335 910 Ἀλεξανδρείας(
3356 846 3424 898 ὲκ
3464 843 3583 898 τῶν
3635 849 3791 900 κατὰ

2297 908 2578 975 Ἰωάννην
2608 910 2984 980 Εὑαγγέλιον
3009 908 3411 983 ἐξητὴτικῶν.

2269 1011 2334 1065 Τί
2375 1010 2510 1081 πρὸς
2539 1009 2695 1063 τοῦτό
2729 1026 2890 1077 φατε,
2931 1010 2980 1062 οἱ
3031 1009 3149 1063 νέον
3185 1009 3318 1078 ἡμῖν
3348 1007 3442 1060 καὶ
3475 1016 3794 1077 πρόσφατον

2195 1103 2546 1174 εἰσφέροντες
2587 1102 2675 1155 τὸν
2707 1101 2834 1155 Υἱὸν
2855 1139 2870 1164 ,
2912 1101 3000 1153 ἵνα
3055 1099 3190 1170 μηδὲ
3222 1099 3358 1160 ὅλως
3391 1099 3655 1170 ὑπάρχειν
3705 1100 3792 1152 ἔτι

2201 1197 2524 1265 πιστεύηται
2552 1194 2722 1257 Θεὸς;
2760 1213 2778 1246 ι
2815 1193 2891 1246 Οὑ
2931 1192 3042 1261 γὰρ
3084 1193 3260 1256 ἔσται,
3290 1210 3307 1242 ι
3347 1192 3533 1262 φησὶν,
3565 1210 3586 1245 ι
3611 1193 3671 1245 ὲν
3704 1193 3792 1245 σοὶ

2200 1288 2334 1352 Θεὸς
2367 1288 2679 1358 πρόσφατος
2705 1327 2717 1346 ,
2749 1307 2766 1338 ι
2803 1289 2837 1355 ἡ
2867 1285 2988 1339 θεία
3015 1285 3228 1355 Γραφή.
3263 1284 3387 1348 Πῶς
3412 1281 3507 1338 οὖν
3535 1285 3597 1337 οὑ
3625 1285 3792 1354 πρόσ-

2206 1399 2402 1450 φατος,
2433 1383 2482 1433 εἰ
2512 1383 2569 1432 ἐν
2601 1378 2846 1449 ὑστέροις
2869 1377 3131 1447 ἐγεννήθη
3171 1379 3419 1447 καιροίςς
3452 1372 3575 1438 Πῶς
3605 1376 3663 1429 δὲ
3687 1377 3792 1429 οὑκ

2204 1474 2458 1544 ἐψεύδετο
2512 1471 2686 1538 λέγων
2743 1469 2880 1540 πρὸς
2943 1468 3230 1530 Ἰουδαίους
3262 1483 3276 1498 ·
3336 1487 3355 1518 ι
3417 1466 3588 1537 Ἀμὴν
3643 1467 3791 1534 λέγω

2203 1567 2353 1638 ὑμῖν,
2385 1566 2516 1635 πρὶν
2562 1561 2815 1633 Ἁϐραάμ
2841 1559 3117 1629 γενέσθαι,
3140 1557 3250 1628 ἐγώ
3277 1560 3395 1628 εἰμι
3416 1578 3430 1591 ·
3462 1576 3481 1609 ι
3520 1558 3790 1629 πρόδηλον

514 1666 639 1705 sum
666 1653 686 1682 ¹
731 1651 797 1704 ⁸3»
836 1650 1120 1706 Neminem
1158 1651 1305 1706 enim
1332 1651 1472 1722 fugit
1493 1653 1683 1710 multis
1711 1662 1836 1723 post
1873 1655 2092 1714 beatum

2204 1660 2314 1732 γὰρ
2350 1658 2524 1730 δήπου
2571 1656 2666 1710 καὶ
2717 1657 2888 1710 πᾶσιν
2927 1652 3395 1724 ὁμολογούμενον,
3431 1651 3508 1714 ὡς
3573 1650 3788 1714 πολλοῖς

509 1740 791 1798 Abraham
838 1742 1056 1798 sarcutis
1089 1741 1367 1798 Christum
1415 1758 1484 1800 ex
1527 1751 1721 1800 sancta
1748 1744 1972 1816 Virgine
2001 1762 2095 1817 ge—

2204 1729 2430 1824 ὕστερον
2457 1752 2673 1822 χρόνοις
2723 1748 2865 1820 μετὰ
2888 1749 2982 1802 τὸν
3033 1747 3303 1818 μακάριον
3346 1743 3597 1816 Ἀϐραὰμ
3633 1745 3784 1813 ἄγεν.

518 1836 716 1891 nitum.
745 1833 1029 1902 Quomodo
1052 1833 1289 1904 denique
1305 1833 1494 1898 illud,t
1523 1833 1579 1888 in
1601 1836 1877 1908 principio
1894 1845 2038 1902 erat,
2070 1857 2088 1891 ι

515 1927 759 1982 manebit
794 1927 1088 1992 incolume,
1128 1933 1184 1981 et
1231 1932 1382 1984 recte
1431 1927 1766 1996 quadrabit,
1815 1928 1863 1985 si
1903 1929 1957 1983 in
1989 1929 2097 1985 line

515 2019 843 2076 saeculorum
871 2027 1033 2078 natus
1059 2026 1145 2076 est
1175 2017 1545 2090 Unigenitus?
1575 2018 1709 2076 Vide
1734 2020 1881 2078 enim
1918 2022 2002 2076 vel
2030 2037 2096 2079 ex

515 2115 585 2170 iis
609 2127 734 2183 qua:
756 2119 1081 2181 sequuntur,
1098 2118 1320 2182 quanta;
1351 2111 1424 2168 sit
1445 2111 1812 2170 absurditatis
1836 2120 2098 2172 aeternam

517 2205 641 2262 Filii
679 2205 1067 2268 exsistuntiam
1102 2205 1381 2270 mutitare,
1424 2214 1479 2260 et
1517 2206 1840 2264 novissimis
1884 2215 2102 2277 tempe-

519 2300 673 2356 ribus
713 2300 893 2370 ipsum
936 2307 1121 2354 natum
1175 2298 1478 2369 suspicari.
1509 2298 1648 2354 illud
1681 2314 1813 2356 vero
1845 2300 2102 2356 subtilius

520 2407 716 2448 rursus
745 2391 1132 2461 explicandum
1167 2392 1326 2446 nobis
1357 2393 1506 2450 venit
1535 2391 1685 2462 quod
1733 2392 1875 2448 dixit
1907 2393 2100 2449 beatus

518 2483 850 2554 evangelista
883 2501 895 2536 :

912 2573 976 2629 In
1007 2576 1268 2644 principio
1301 2584 1416 2628 erat
1462 2575 1708 2629 Verbum.

589 2668 872 2740 Principio
902 2668 1040 2724 nihil
1071 2677 1155 2724 est
1193 2668 1498 2737 antiquius,
1541 2669 1587 2724 si
1619 2669 1876 2738 principii
1911 2669 2102 2727 delini-

521 2763 724 2818 tionem
770 2761 826 2816 in
875 2775 935 2817 se
977 2761 1237 2817 retineat.
1292 2761 1632 2831 Principium
1663 2763 1810 2816 enim
1841 2761 2096 2830 principii

518 2859 790 2914 nusquam
838 2845 1036 2900 fuerit:
1073 2855 1167 2900 aut
1197 2848 1243 2901 si
1286 2848 1547 2915 quiddam
1576 2847 1724 2900 aliud
1757 2860 1882 2900 ante
1915 2848 2094 2915 ipsum

522 2937 862 3010 intelligatur
903 2940 1208 3001 oriaturve,
1265 2956 1391 2995 vere
1450 2940 1784 3018 principium
1833 2956 1950 2995 esse
2000 2941 2095 2994 de-

523 3029 686 3084 sinet.
726 3030 968 3101 Alioqui,
1001 3030 1045 3085 si
1077 3031 1190 3087 ﬁeri
1223 3041 1403 3102 potest
1438 3041 1496 3087 ut
1540 3034 1746 3104 aliquid
1791 3043 1916 3088 ante
1959 3034 2092 3088 illud

521 3120 667 3190 quod
718 3135 849 3176 vero
900 3121 1230 3192 principium
1271 3132 1353 3178 est
1406 3126 1658 3191 exsistat,
1711 3126 1765 3179 in
1815 3125 2091 3179 inﬁnitum

523 3220 713 3267 nostra
747 3211 816 3267 de
845 3213 938 3268 illo
971 3213 1184 3269 abitura
1206 3223 1290 3271 est
1320 3217 1522 3280 oratio,
1560 3217 1670 3270 alio
1693 3217 1843 3285 prius
1877 3231 2094 3286 semper

522 3304 826 3370 exoriente,
843 3315 898 3361 et
917 3314 1041 3377 post
1065 3322 1124 3362 se
1141 3307 1427 3377 rejieiente
1561 3307 1693 3361 illud
1717 3309 1860 3377 quod
1879 3323 2091 3378 quaere-

522 3405 634 3449 tur.
679 3396 866 3467 Itaque
909 3399 1242 3470 principium
1275 3399 1494 3468 quidem
1541 3399 1792 3469 principii
1829 3417 1935 3454 non
1965 3401 2092 3470 erit,

521 3489 566 3544 si
598 3501 724 3544 vere
779 3498 833 3545 et
871 3499 1062 3545 exacte
1111 3491 1428 3545 ratiocinari
1475 3492 1750 3558 volumus,
1793 3493 1884 3548 sed
1929 3493 1980 3546 in
2013 3492 2096 3547 in-

521 3576 734 3631 ﬁnitum
775 3590 827 3634 et
870 3580 1424 3650 incomprelicnsibile
1472 3582 1734 3651 procedet
1767 3583 1818 3637 id
1851 3585 1998 3654 quod
2029 3586 2096 3641 de

521 3669 642 3738 ipso
694 3671 928 3726 dicetur.
964 3674 1212 3744 Curaque
1249 3672 1353 3727 line
1409 3682 1596 3730 careat
1635 3676 1725 3728 illa
1774 3684 1922 3731 retro
1972 3685 2092 3729 acta

519 3771 786 3831 perpetuo
823 3767 1133 3830 conversio,
1151 3773 1206 3818 et
1237 3767 1433 3821 szecula
1460 3775 1768 3835 percurrat,
1799 3783 1907 3823 non
1946 3767 2094 3823 exsi—

519 3862 668 3907 stere
704 3855 758 3908 in
801 3862 1049 3924 tempoue
1076 3854 1269 3922 Filius,
1303 3858 1398 3912 sed
1437 3859 1505 3913 ab
1539 3868 1745 3913 aeterno
1768 3860 1950 3929 potius
1977 3873 2096 3913 esse

521 3961 643 3999 cum
695 3946 853 4003 Patre
906 3949 1299 4018 comperietur.
1341 3949 1465 4003 Erat
1514 3952 1659 4005 enim
1707 3952 1761 4006 in
1802 3951 2092 4020 principio.

519 4034 678 4100 Quod
707 4037 751 4090 si
792 4049 909 4092 erat
953 4038 1008 4091 in
1041 4039 1339 4109 principio,
1381 4055 1503 4109 qua!
1529 4055 1702 4103 mens,
1737 4041 1951 4104 amabo,
1993 4059 2093 4111 pu-

520 4129 650 4178 terit
681 4128 788 4180 vim
835 4128 982 4183 illius
1027 4131 1214 4194 verbi,
1258 4140 1394 4196 erat,
1443 4132 1817 4185 transvolare?
1864 4132 2096 4198 Quando

517 4217 752 4286 denique
793 4219 946 4283 illud,
992 4229 1126 4285 erat,
1163 4224 1313 4276 velut
1361 4224 1416 4276 in
1469 4224 1576 4276 line
1628 4225 1916 4290 consistet,
1967 4239 2092 4280 cum

516 4317 940 4378 prosequentem
1003 4293 1391 4381 c'ogitationem
1467 4329 1684 4382 semper
1749 4316 2087 4382 antecedat,

2203 1847 2344 1918 νήθη
2370 1842 2608 1916 Χριστὸς
2639 1841 2732 1896 διὰ
2774 1841 2874 1912 τῆς
2897 1839 3060 1908 ἁγίας
3082 1837 3382 1909 Παρθένου.
3408 1835 3518 1891 Ποῦ
3548 1837 3607 1896 δὲ
3649 1836 3783 1899 ὅλως

2196 1938 2279 2002 τὸ,
2316 1955 2335 1989 ι
2359 1937 2455 2006 Ἑν
2487 1937 2631 2007 ἀρχῇ
2662 1929 2753 2006 ἦν,
2782 1951 2801 1985 ι
2821 1931 3128 2002 σωθήσεται
3163 1929 3258 1984 καὶ
3301 1930 3550 2001 χωρήσει
3572 1928 3776 1992 καλῶς.

2204 2028 2364 2098 εἰπερ
2401 2025 2496 2078 ἐπὶ
2526 2025 2669 2079 τέλει
2719 2023 2829 2078 τῶν
2855 2022 3066 2078 αἰώνων
3100 2021 3324 2089 γέγονεν
3367 2020 3397 2073 6
3429 2020 3770 2090 Μονογενήςς

2201 2117 2346 2187 Ὅρα
2373 2115 2484 2186 γάρ
2525 2132 2618 2186 μοι
2667 2114 2762 2178 καὶ
2799 2113 2887 2176 διὰ
2935 2114 3046 2167 τῶν
3074 2112 3302 2182 ἐφεξῆς,
3336 2112 3472 2181 ὅσην
3527 2110 3639 2181 ἔχει
3677 2110 3768 2182 τὴν

2195 2207 2426 2263 ἀτοπίαν
2460 2207 2521 2261 τὸ
2558 2205 2813 2262 κολοϐοὖν
2867 2203 2964 2258 τοῦ
3010 2202 3144 2256 Υἱοῦ
3181 2203 3281 2273 τὴν
3322 2203 3492 2258 ἀΐδιον
3523 2200 3770 2272 ὓπαρξιν,

2198 2297 2293 2350 καὶ
2346 2298 2406 2350 ὲν
2439 2295 2684 2367 ὑστέροις
2734 2294 2898 2349 αὑτὸν
2945 2293 3200 2364 γενέσθαι
3240 2293 3457 2364 χρόνοις
3505 2293 3771 2346 ὑπονοεῖν.

2198 2391 2340 2445 Αὐτὸ
2384 2391 2440 2444 δὲ
2474 2390 2540 2462 δὴ
2582 2390 2745 2444 πάλιν
2790 2391 2922 2460 ἡμῖν
2964 2391 3044 2452 εἰς
3077 2388 3406 2458 λεπτοτέραν
3451 2387 3781 2458 παρακείσε-

2198 2503 2288 2538 ται
2331 2483 2583 2554 βάσανον,
2619 2485 2756 2554 ὅπερ
2791 2483 2895 2552 ἔφη
2928 2484 2956 2536 6
2985 2481 3254 2551 μακάριος
3286 2479 3709 2548 εὐαγγελιστής’

2634 2576 2736 2628 Ἐν
2772 2572 2930 2642 ἀρχῇ
2957 2569 3037 2641 ἦν
3077 2576 3110 2627 ὀ
3142 2572 3348 2640 Λόπυς.

2271 2668 2382 2736 Τῆς
2405 2665 2581 2736 ἀρχῆς
2611 2665 2762 2718 οὐδέν
2792 2666 2908 2730 ἐστι
2941 2664 3002 2717 τὸ
3039 2663 3427 2736 πρεσϐύτατον,
3467 2663 3627 2734 εἴπερ
3658 2662 3778 2734 ἔχοι

2206 2757 2512 2824 σωζόμενον
2566 2758 2649 2823 ἐφ’
2705 2757 2871 2826 ἑαυτῇ
2910 2755 3002 2808 τὸν
3046 2755 3146 2825 τῆς
3199 2754 3371 2824 ἀρῂς
3412 2755 3553 2824 ὅρον.
3599 2754 3776 2825 Ἀρχὴ

2197 2842 2306 2912 γὰρ
2342 2840 2518 2910 ἀρχῆς
2553 2842 2652 2893 οὑκ
2700 2839 2764 2894 ἂν
2807 2843 2890 2912 εἴη
2939 2845 3093 2908 ποτὲ,
3157 2844 3188 2914 ἢ
3222 2843 3436 2907 πάντως
3473 2845 3774 2915 ἐκϐήσεται

2201 2937 2256 2989 τὸ
2284 2932 2585 2989 εἷναικατὰ
2619 2936 2871 3006 ἀλήθειαν
2905 2938 3067 3008 ἀρχὴ,
3103 2937 3598 3008 προεπινοουμένου
3629 2939 3774 3002 τινὸς

2157 3081 2168 3097 η
2199 3026 2384 3097 ἐτέρου
2434 3029 2526 3080 οιαὶ
2557 3028 2977 3098 προανίσχοντος
3024 3030 3194 3099 αὐτῆς
3216 3047 3229 3060 ·
3290 3030 3465 3094 ἄλλως
3514 3048 3573 3084 τε
3609 3033 3655 3085 si
3688 3033 3774 3085 ὲνο

2198 3115 2413 3186 δέχεταί
2441 3135 2492 3170 τι
2516 3117 2889 3188 προϋπάρχειν
2920 3119 3019 3186 τῆς
3044 3119 3214 3184 ὅντως
3243 3120 3418 3191 ἀρχῆς
3441 3161 3454 3182 ,
3494 3121 3580 3174 ἐπ’
3620 3123 3775 3176 ἄπει-

2203 3225 2295 3278 ρον
2325 3210 2452 3278 ἡμῖν
2479 3211 2508 3261 6
2537 3209 2663 3278 περὶ
2685 3211 2854 3281 αὑτῆς
2883 3211 3158 3281 οἰχήσεται
3185 3211 3370 3278 λόγος,
3401 3212 3488 3264 ἀεὶ
3531 3231 3773 3282 προανα-

2199 3299 2492 3371 τελλούσης
2516 3302 2710 3372 ἑτέρας
2731 3343 2744 3366 ,
2795 3303 2890 3355 καὶ
2942 3302 3200 3372 δευτέραν
3238 3301 3648 3371 άποφαινοὺσης
3674 3303 3775 3373 τὴν

2200 3393 2285 3461 ἐφ’
2318 3387 2462 3464 ᾖπερ
2489 3392 2553 3445 ἂν
2590 3394 2622 3461 ἡ
2661 3394 2788 3462 παρ’
2827 3391 2984 3461 ἡμῶν
3023 3393 3234 3459 γένοιτο
3267 3389 3516 3460 ζήτησις.
3565 3393 3776 3445 Οὐκοῦν

2203 3485 2345 3553 ἀρχὴ
2372 3485 2470 3553 μὲν
2497 3484 2673 3554 ἀρχῆς
2702 3486 2802 3537 οὑκ
2831 3485 3004 3547 ἔσται,
3036 3483 3177 3537 κατὰ
3220 3483 3314 3536 τὺν
3360 3483 3564 3552 ἀκριϐῆ
3597 3501 3654 3535 τε
3683 3501 3776 3538 και

2203 3573 2378 3644 ἀληθῆ
2430 3574 2725 3643 λογισμὸν,
2792 3573 2908 3628 ἀλλ’
2949 3577 3028 3637 εις
3077 3576 3356 3645 ἀμήρυτον
3426 3575 3610 3644 μέντοι
3682 3575 3776 3628 καὶ

2203 3667 2586 3736 ἀκατάληπτον
2619 3669 2648 3719 6
2687 3669 2812 3737 περὶ
2837 3667 3008 3736 αὐτῆς
3043 3667 3386 3737 άποδημήσει
3412 3668 3589 3736 λόγος.
3613 3668 3777 3731 Τέλος

2202 3760 2258 3813 δὲ
2289 3761 2390 3812 οὑκ
2421 3761 2651 3831 ἐχούσης
2679 3761 2777 3830 τῆς
2801 3759 2890 3814 ἀεὶ
2923 3760 3059 3830 πρός
3098 3761 3158 3812 τὸ
3190 3759 3383 3814 ὰνόπιν
3417 3761 3594 3830 φυγῆς
3619 3799 3634 3822 ,
3683 3759 3780 3814 καὶ

2205 3850 2265 3903 τὸ
2293 3852 2398 3903 τῶν
2438 3851 2650 3905 αἰώνων
2679 3851 3055 3920 ἀναφοιτώσης
3096 3851 3330 3921 μέτρον,
3359 3852 3458 3904 οὑκ
3501 3852 3562 3902 ὲν
3601 3850 3784 3920 χρόνῳ

2205 3940 2443 4010 γεγονὼς
2489 3945 2517 3995 6
2553 3943 2715 4004 Υἱὸς,
2768 3943 2950 4004 άῑδὶως
2995 3943 3049 3995 δὲ
3100 3942 3298 4010 μᾶλλον
3343 3941 3604 4011 ὑπάρχων
3641 3941 3788 4009 μετὰ

2207 4033 2418 4104 Πατρὸς
2445 4034 2821 4104 εὑρεθήσεται.
2857 4030 2964 4086 ἾΙν
3001 4036 3109 4103 γὰρ
3137 4036 3192 4085 ἐν
3239 4034 3401 4103 ἀρχῇ.
3438 4033 3499 4085 Εἰ
3531 4031 3587 4083 δὲ
3618 4027 3690 4098 ἦν
3729 4033 3786 4083 ὲν

2203 4127 2343 4196 ἀρχῇ
2371 4165 2386 4186 ,
2421 4128 2603 4188 ποῖος,
2635 4125 2756 4178 ειπέ
2791 4142 2900 4194 μοι,
2931 4124 3215 4194 δυνήσεται
3254 4124 3375 4185 νοῦς
3419 4124 3516 4192 τὴν
3558 4121 3652 4174 τοῦ
3711 4119 3791 4190 ἦν

2207 4215 2673 4286 ὑπερανιπτασοαι
2699 4215 2953 4286 δύναμιν;
2988 4217 3119 4268 Πότε
3147 4216 3203 4267 δὲ
3231 4215 3364 4274 ὅλως
3396 4214 3456 4265 τὸ
3487 4211 3566 4280 ἦν
3599 4214 3677 4277 ὡς
3733 4216 3793 4266 ὲν

2205 4308 2346 4360 τέλει
2400 4309 2686 4377 στήσεται,
2735 4307 3140 4377 προανατρέχον
3199 4306 3284 4358 ἀεὶ
3344 4303 3436 4356 τοῦ
3493 4303 3791 4368 διώκοντος

517 4406 866 4468 mentemque
908 4405 1254 4470 prazcurrat?
1299 4403 1472 4470 Quam
1525 4405 1598 4458 ob
1651 4419 1766 4459 rem
1831 4407 2094 4463 attonitus

2205 4398 2467 4468 λογισμοῦ
2497 4441 2510 4464 ,
2570 4401 2663 4454 καὶ
2707 4398 2810 4468 τῆς
2863 4399 3133 4470 ἑπομένης
3184 4397 3333 4467 αὑτῷ
3387 4397 3795 4465 προαναπηδῶν

519 4489 787 4559 propheta
827 4490 995 4547 Isaias
1038 4492 1217 4562 inquit
1256 4512 1269 4547 :
1307 4513 1324 4543 ι
1364 4494 1784 4551 Generationem
1819 4499 1940 4567 ejus
1971 4499 2094 4567 quis

514 4581 996 4649 enarrahittQuia
1029 4585 1244 4638 tollitur
1269 4599 1297 4638 a
1329 4593 1475 4640 terra
1513 4592 1619 4640 vita
1653 4589 1774 4654 ejus
1829 4589 1868 4643 ³.
1911 4607 1927 4640 ›
1967 4587 2094 4644 Tol-

517 4671 647 4726 litur
683 4671 832 4726 enim
866 4672 1113 4742 proiecto
1144 4689 1173 4725 a
1213 4683 1359 4728 terra
1399 4678 1772 4746 generationis
1814 4677 2090 4749 Unigeniti

516 4762 680 4828 ratio,
713 4763 816 4819 hoc
843 4771 948 4829 est,
992 4765 1238 4820 omnium
1284 4768 1597 4822 mortalium
1644 4779 1878 4824 mentem
1931 4787 2092 4827 exce-

511 4854 614 4916 dit,
643 4870 978 4926 omnemque
1013 4861 1283 4912 rationem
1313 4871 1556 4927 superat,
1585 4861 1721 4915 adeo
1755 4869 1808 4913 ut
1843 4864 2091 4916 enarrari

515 4954 768 5016 nequeat.
811 4949 966 5014 Quod
1021 4949 1065 5005 si
1111 4959 1346 5005 mentem
1410 4960 1464 5006 et
1517 4954 1785 5006 rationem
1844 4961 2088 5007 nostram

513 5041 750 5106 excedit,
792 5043 1072 5112 quomodo
1103 5052 1323 5098 creatus
1351 5045 1474 5109 erit,
1505 5060 1626 5098 cum
1672 5055 1726 5098 et
1759 5054 2006 5116 tempore
2037 5054 2093 5102 et

489 5133 727 5189 ratione
763 5133 1224 5190 circumscribere
1271 5151 1359 5188 res
1405 5145 1621 5190 creatas
1665 5138 1870 5205 ingenii
1914 5137 2088 5193 nostri

516 5225 658 5279 vires
691 5239 803 5278 non
839 5225 1112 5278 excedat?

705 5403 828 5458 Alia
860 5403 1174 5464 obseruatio,
1206 5405 1256 5455 in
1290 5404 1445 5467 illud,
1489 5423 1507 5453 ι
1548 5404 1608 5456 In
1642 5406 1901 5473 principio

1075 5485 1189 5527 erat
1223 5473 1460 5528 Verbum.
1508 5492 1524 5522 ι

586 5563 920 5634 Principium
977 5566 1166 5636 utique
1208 5565 1340 5619 illud
1369 5566 1516 5636 quod
1556 5567 1608 5621 in
1649 5575 1896 5637 tempore
1932 5570 2092 5624 intel-

595 5706 608 5735 '
644 5703 786 5761 Psal.
816 5721 976 5774 Lux,
1018 5709 1102 5762 l0.
1183 5711 1200 5740 ²
1231 5709 1389 5766 Joan.
1428 5725 1544 5774 rm,
1576 5707 1662 5763 58.
1745 5711 1763 5741 ³
1798 5709 1897 5763 lsa.
1928 5725 2045 5778 ιιιι,
2086 5712 2138 5767 8.

2207 4491 2452 4554 ὲννοίαςς
2501 4493 2622 4544 Ἐπὶ
2670 4491 2844 4561 τούτῳ
2893 4491 2956 4561 δὴ
3015 4493 3122 4563 ἄρα
3181 4487 3718 4557 καταπεπληγμένος
3771 4492 3794 4540 ἐ

2209 4585 2492 4652 προφήτης
2527 4585 2692 4653 φησιν
2752 4585 3008 4645 Ἡσαΐας·
3067 4603 3082 4633 ι
3119 4584 3231 4652 Τὴν
3277 4580 3468 4648 γενεὰν
3501 4579 3673 4632 αὑτοῦ
3710 4579 3789 4642 τίς

2206 4676 2556 4746 διηγήσεται;
2585 4679 2668 4730 ότι
2693 4676 2905 4748 αἴρεται
2935 4677 3041 4734 ἀπὸ
3073 4675 3173 4744 τῆς
3204 4675 3308 4744 γῆς
3329 4675 3362 4740 ἡ
3389 4671 3500 4741 ζωὴ
3530 4670 3733 4723 αὑτοῦ.
3774 4689 3788 4719 ι

2209 4766 2429 4836 Αἴρεται
2454 4767 2563 4836 γὰρ
2585 4766 2756 4830 ὅντως
2773 4767 2880 4820 ἀπὸ
2907 4766 3005 4836 τῆς
3027 4767 3131 4835 γῆς
3163 4767 3192 4817 6
3211 4783 3274 4817 πε
3285 4766 3335 4835 pi.
3357 4763 3456 4831 τῆς
3482 4763 3793 4830 γεννήσεως

2211 4859 2363 4925 Λόγος
2393 4858 2488 4911 τοῦ
2518 4861 2853 4929 Μονογενοῦς
2877 4902 2890 4919 .
2924 4860 3068 4912 τοῦτ’
3091 4858 3256 4920 ἔστιν,
3287 4856 3424 4926 ὑπὲρ
3457 4853 3641 4907 πᾶσάν
3679 4856 3798 4906 ἐστι

2208 4947 2449 5000 διάνοιαν
2479 4949 2588 5001 τῶν
2630 4950 2798 5002 όντων
2850 4948 2942 5000 ἐπὶ
2979 4949 3078 5018 τῆς
3126 4949 3262 5018 γῆς,
3296 4945 3389 5000 καὶ
3433 4945 3577 5013 ὑπὲρ
3615 4943 3800 4995 πάντα

2210 5041 2366 5109 λόγον
2388 5085 2401 5107 ,
2436 5041 2510 5104 ὡς
2538 5037 2675 5095 εἶναι
2707 5042 2892 5094 λοιπὸν
2918 5041 3277 5110 ἀνεξήγητον·
3311 5040 3358 5090 εἰ
3397 5037 3454 5088 δὲ
3492 5037 3637 5106 ὑπὲρ
3671 5035 3800 5089 νοῦν

2211 5134 2327 5186 ἐστι
2371 5135 2466 5186 καὶ
2519 5133 2710 5202 λόγους
2736 5135 2863 5196 τοὺς
2897 5135 2956 5184 ὲν
2994 5135 3147 5202 ἡμῖν,
3185 5132 3300 5194 πῶς
3329 5130 3394 5184 ἂν
3430 5130 3513 5196 εἴη
3543 5129 3794 5196 γενητὸς,

2211 5226 2310 5278 οὑκ
2337 5225 2630 5295 ἀτονοὺσης
2655 5226 2754 5296 τῆς
2783 5226 3007 5294 ἐνούσης
3033 5228 3166 5295 ἡμῖν
3204 5222 3464 5287 διανοῖας,
3501 5223 3596 5274 καὶ
3619 5222 3798 5291 χρόνῳ

2212 5321 2306 5372 καὶ
2330 5318 2473 5389 λόγῳ
2506 5317 2838 5390 περιορίζειν
2868 5318 2936 5370 τὰ
2966 5317 3204 5387 γενητὰς

2224 5410 2472 5477 Ἑτέρως
2513 5413 2598 5476 εις
2633 5410 2698 5464 τὸ
2741 5409 2890 5531 αὐτὲ
2918 5408 3264 5531 θῖἓιρητὲωο.
3301 5425 3319 5460 ι
3371 5406 3476 5462 Ἐν
3517 5402 3678 5472 ἀρχῇ
3720 5398 3799 5471 ἦν

2938 5513 2951 5531 .
3025 5496 3146 5531 γορ.
3180 5498 3196 5527 ι

2938 5496 3146 5546 Λογος.
3180 5498 3196 5527 ι

2299 5573 2495 5645 ’Δρχὴν
2544 5573 2678 5638 ὅλως
2722 5573 2818 5640 τὴν
2856 5575 2913 5626 ἐν
2961 5572 3138 5642 χρόνῳ
3186 5567 3483 5636 νοουμένην
3528 5566 3630 5620 οὑκ
3679 5563 3799 5615 ἔστι
