2021 3102
245 115 296 146 623

853 119 1041 150 EUTHYMH
1065 119 1246 150 ZIGABENI

1820 118 1873 150 694

245 183 332 210 nostri
348 182 506 213 Servatoris
532 184 677 213 adventrum
697 187 939 222 prtenuntiantem.
956 195 983 218 et
998 200 1023 218 at

1085 187 1130 213 διὰ
1141 186 1187 213 τοῦ
1200 186 1278 221 ἁγίου
1297 185 1455 222 Ηνεύματος
1469 188 1703 223 προκηρύττοντος
1716 207 1723 219 ,
1739 187 1786 213 καὶ
1806 187 1875 223 πρὸς

244 229 333 263 ipsum
364 229 462 258 Filium
487 231 643 260 dicentem:
664 241 674 259 ι
691 233 794 262 Tecum
818 235 983 271 principium
1002 237 1030 265 in

244 275 287 303 die
320 277 430 304 virtutis
456 281 529 309 tuae.
562 278 589 305 in
615 279 761 313 splendore
788 286 944 310 sanctorum
970 287 1032 310 tuo-

244 328 303 348 rum
332 322 351 350 ‘.
370 332 379 348 ι
406 322 468 350 Dies
485 323 559 350 enim
583 324 695 352 virtutis
711 325 772 353 Filii
789 334 820 354 ea
834 332 887 360 est,
904 336 957 363 qua
971 329 1033 357 uni-

243 373 353 395 versum
371 367 465 395 orbem
488 367 665 402 judicaturus
679 374 732 403 est,
750 375 777 399 et
792 372 945 408 unicuique
960 381 1031 402 mer-

241 411 335 439 cedem
362 412 517 440 secundum
543 420 627 448 opera
658 422 707 442 sua
737 416 908 446 redditurus.
934 417 1032 447 Veniet

241 461 332 484 autem
358 458 474 486 omnino
500 458 584 486 etiam
608 459 667 495 ipse
690 462 831 491 exsistens
852 463 880 491 in
898 464 988 497 Patre,
1004 468 1032 492 et

241 503 345 531 habens
368 503 395 530 in
423 504 515 539 seipso
541 504 664 537 Patrem,
689 514 747 533 sua:
764 511 871 535 natura!
894 508 1031 543 quodam-

241 549 321 576 modo
338 550 467 585 principii
484 558 581 586 expers
606 552 784 586 principium,
802 553 910 581 scilicet
923 561 957 581 ex
972 562 1027 589 quo

241 595 387 626 duntaxat.
404 601 549 631 propterea
563 597 636 632 quod
651 601 737 625 estex
753 597 842 626 Patre.

443 647 475 675 In
495 649 626 683 principio
651 653 709 676 erat
732 649 854 678 Verbum.

277 690 409 727 Principii
425 692 459 720 de
476 701 532 729 quo
549 694 595 722 hic
613 695 773 730 quaerimus,
793 697 885 724 multa:
901 705 934 725 ac
950 700 1031 727 variae

240 737 455 768 significationes
466 745 495 766 se
511 738 592 766 nobis
603 738 724 767 olIerunt
739 741 861 775 undique
873 749 936 776 qua:
951 743 1030 770 utilia

240 783 295 809 sint
315 783 558 819 investigantibus,
573 789 601 813 et
621 793 722 813 canum
739 786 826 813 instar
843 795 936 815 veram
957 790 1029 817 divi-

240 836 337 855 norum
350 828 510 864 dogmatum
527 831 814 866 comprehensionem.
827 837 855 860 et
867 827 1026 863 accuratam

239 873 432 907 mysteriorum
444 874 579 901 rationem
589 874 799 911 indagantibus:
812 886 820 902 ι
833 876 1003 907 Scrutatuini
1015 889 1024 906 ιι
1046 873 1066 901 Β

239 919 311 946 cnim
328 928 338 945 ι
355 924 468 947 sanctas
492 919 667 956 Scripturas,
684 931 693 948 ι
709 923 811 950 alicubi
838 922 965 953 Salvator
977 926 1028 958 ait,

240 973 250 990 ι
266 964 331 999 quia
347 972 395 992 vos
413 965 516 1000 putatis
530 966 557 993 in
573 966 640 1001 ipsis
654 967 738 995 vitam
754 972 885 996 aeternam
902 970 1003 999 habere
1019 981 1026 999 :

237 1015 263 1037 et
277 1010 330 1037 illae
347 1014 412 1038 sunt
426 1018 488 1046 qua!
500 1012 689 1039 testimonium
706 1013 850 1048 perhibent
864 1014 899 1042 de
914 1023 958 1043 me
978 1015 1001 1044 '.
1016 1026 1025 1043 ι

236 1054 353 1083 Videtur
368 1056 462 1091 itaque
480 1056 578 1085 beatus
593 1058 762 1093 evangelista
778 1059 906 1095 principii
918 1060 1029 1090 nomine

236 1101 283 1129 hic
305 1105 468 1137 potestatem
493 1109 578 1137 supra
599 1103 690 1130 omnia
716 1104 835 1138 positam
861 1105 1027 1140 signiﬁcare,

235 1148 346 1177 Patrem
374 1149 522 1181 nimirum,
554 1153 584 1177 ut
609 1153 638 1178 et
664 1157 746 1185 supra
774 1151 867 1178 omnia
894 1152 1027 1181 collocata

235 1198 333 1220 natura
348 1193 441 1221 divina
457 1198 606 1229 appareat,
621 1203 682 1230 qua:
704 1196 888 1231 quodcunque
903 1202 1025 1226 creatum

234 1243 277 1267 est
296 1239 348 1267 sub
374 1239 491 1275 pedibus
510 1239 606 1273 habet,
625 1245 651 1268 et
674 1241 755 1268 rebus
783 1249 797 1267 ει
821 1250 851 1269 se
878 1242 905 1269 in
932 1251 1025 1271 rerum

236 1290 362 1312 naturam
377 1285 461 1313 editis
480 1286 679 1320 propemodum
701 1286 809 1314 insidet.
832 1288 860 1314 ln
878 1288 930 1316 hoc
943 1289 1026 1324 igitur

236 1331 372 1367 principio
388 1331 461 1366 quod
479 1336 521 1359 est
538 1332 566 1359 in
582 1339 678 1360 omnes
693 1337 721 1359 et
742 1340 826 1368 supra
842 1341 951 1366 omnes,
966 1340 1026 1363 erat

238 1376 365 1410 Verbum,
381 1385 435 1404 non
454 1384 517 1405 cum
535 1378 665 1405 omnibus
685 1379 738 1406 sub
756 1379 871 1413 pedibus
886 1380 958 1414 ejus.
975 1382 1022 1409 sed

239 1425 316 1448 extra
331 1422 423 1449 omnia
439 1423 465 1450 in
481 1423 541 1458 ipso
557 1425 733 1458 naturaliter,
755 1432 804 1452 ceu
831 1426 936 1453 fructus
952 1434 1024 1455 cote-

240 1470 353 1499 ternus.
372 1468 478 1500 locum.
501 1473 531 1496 ut
561 1469 597 1496 ita
629 1469 734 1503 dicam,
765 1469 868 1499 habens
896 1473 1025 1500 omnihtts

239 1512 435 1547 antiquiorem.
466 1513 556 1541 Patris
586 1514 715 1542 nimirum
750 1520 886 1544 naturam.
921 1517 1024 1545 idcirco
1039 1532 1059 1547 ις

238 1557 319 1585 etiam
343 1557 411 1586 liber
436 1559 521 1587 libero
536 1559 617 1588 Patre
632 1561 758 1595 genitus,
786 1561 907 1589 universi
936 1563 1023 1597 impe-

237 1601 307 1629 rium
326 1610 380 1630 una
399 1610 461 1631 cum
480 1604 541 1639 ipso
559 1605 651 1633 habet.
670 1605 800 1638 Quaenam
810 1613 876 1641 ergo
891 1606 927 1633 sit
944 1606 1023 1634 dein-

236 1654 301 1682 ceps
324 1647 420 1675 borum
448 1650 593 1677 verborum
610 1655 767 1683 structura,
785 1659 874 1686 opera:
899 1653 1017 1687 pretium

235 1696 279 1720 est
300 1693 529 1722 animadvertere.
556 1695 686 1723 Nonnulli
710 1696 859 1728 audacter,
886 1702 916 1724 ut
940 1702 1020 1725 antea

235 1737 366 1769 diximus,
381 1738 428 1767 Dei
441 1739 562 1768 Verbum
578 1746 634 1768 tum
653 1742 772 1776 primunt
790 1742 817 1769 in
832 1750 923 1770 rerum
938 1748 1022 1771 natu-

235 1791 293 1810 ram
317 1783 422 1811 editum
447 1785 625 1818 asserebant,
656 1794 719 1814 cum
747 1792 890 1822 assumpto
918 1793 1021 1817 sancite

234 1829 356 1865 Virginis
373 1831 476 1866 templo
489 1836 601 1866 propter
617 1839 668 1860 nos
683 1832 774 1861 factus
784 1837 827 1860 est
842 1833 934 1861 homo.
949 1833 1019 1867 Quid

232 1882 298 1909 ergo
318 1874 429 1902 demum
454 1874 525 1906 erit,
545 1876 568 1903 si
593 1879 641 1903 aut
660 1881 771 1905 creatus
790 1881 839 1904 aut
863 1876 967 1909 factus.
994 1883 1020 1906 rt

231 1919 355 1954 ejusdem
375 1926 438 1947 cum
454 1919 515 1947 aliis
536 1920 666 1948 omnibus
685 1925 799 1954 naturae,
816 1922 850 1949 de
869 1922 970 1957 quibus
993 1928 1019 1950 et

212 1973 246 1991 .e
267 1964 354 1991 nihilo
377 1965 498 1997 ereatio,
519 1970 546 1992 et
569 1965 712 1993 servitutis
732 1974 832 1994 nomen
849 1971 877 1994 et
901 1974 945 1994 res
961 1967 1019 2002 ipsa

230 2010 291 2044 jure
310 2009 461 2037 dicuntur?
482 2010 554 2042 Quid
576 2011 649 2038 enim
672 2015 795 2038 creatum
820 2011 1020 2046 cunctipotenti

232 2055 287 2082 Deo
302 2055 408 2083 servire
421 2055 533 2090 impune
552 2056 736 2084 detrcctabit?
751 2056 822 2090 Quid
837 2061 927 2084 autem
950 2066 1018 2085 cun-

232 2100 374 2135 ctipotenti
396 2100 541 2136 principio,
559 2102 698 2137 potestati,
718 2106 745 2130 et
764 2102 947 2131 dominationi
964 2112 1018 2132 non

231 2146 402 2181 subjarebit,
430 2155 512 2182 quant
532 2148 591 2183 ipse
618 2148 720 2176 alicubi
745 2156 856 2183 quoque
881 2148 1017 2184 signiﬁcat

232 2191 362 2221 Salomon
378 2193 474 2222 dicens
491 2203 497 2221 :
519 2203 529 2219 ι
549 2194 617 2222 Cum
630 2194 739 2228 justitia
754 2194 828 2222 enim
845 2198 1018 2230 praeparatur

231 2238 330 2266 solium
351 2239 496 2274 potestatis
511 2239 522 2254 ³
538 2258 545 2266 .
565 2248 575 2265 ι
593 2238 710 2268 Paratus
726 2239 798 2267 enim
822 2244 865 2268 est
886 2240 1018 2275 preclare

230 2283 262 2311 ad
275 2284 412 2318 justitiam
425 2284 471 2312 ille
490 2285 607 2313 thronus
625 2285 686 2320 ejus
702 2285 833 2313 nimirum
847 2293 909 2321 quae
933 2294 1016 2321 supra

229 2336 325 2357 omnes
343 2334 384 2357 est
404 2330 560 2365 potestatis.
588 2331 622 2358 Et
636 2330 699 2367 quis
723 2331 768 2359 ille
788 2331 904 2360 thronus
921 2332 968 2365 sit,
984 2331 1017 2359 de

228 2383 283 2411 quo
297 2375 343 2404 hic
359 2374 511 2411 loquimur,
524 2376 588 2405 audi
601 2376 687 2406 Deum
700 2384 750 2413 per
759 2385 845 2405 unum
858 2382 1015 2406 sanctorum

228 2420 364 2450 dicentem
389 2431 396 2449 :
425 2431 435 2449 ι
452 2422 557 2451 Ctelum
582 2423 648 2451 mihi
671 2423 828 2452 thronus!»
851 2423 944 2459 itaque
968 2431 1016 2459 pa-

228 2470 318 2494 ratum
335 2471 378 2495 est
395 2467 428 2495 ad
445 2467 581 2503 justitiam
594 2468 709 2500 celum,
725 2468 779 2496 boc
794 2472 845 2501 est,
862 2469 909 2504 qui
930 2470 1016 2497 malos

227 2511 352 2540 incolunt
377 2513 464 2541 sancti
490 2513 616 2549 spiritus.
651 2513 788 2547 Quoniam
811 2521 878 2550 ergo
903 2522 1016 2542 necesse

226 2563 286 2585 erat
302 2559 426 2586 conﬁteri
445 2566 498 2587 una
521 2567 584 2587 cum
602 2559 665 2587 aliis
680 2560 824 2592 creaturis]
837 2560 937 2596 subjici
960 2559 1015 2588 Deo

226 2611 259 2632 ac
277 2603 350 2632 Patri
370 2604 488 2637 Filium,
507 2609 637 2640 tanquam
658 2605 751 2632 servili
768 2606 927 2634 conditione
943 2613 1014 2641 prae-

226 2649 328 2683 ditum,
350 2656 377 2680 et
400 2650 528 2685 principii
553 2650 682 2686 potestati
770 2651 884 2686 perinde
906 2659 938 2679 ac
962 2652 1014 2679 alia

226 2696 378 2726 subditum,
392 2696 427 2728 si,
444 2699 475 2723 ut
489 2696 529 2724 illi
547 2696 653 2729 volunt,
667 2703 731 2724 sero
747 2697 866 2732 genitus,
877 2701 905 2725 et
918 2705 1013 2725 eorum

226 2742 273 2776 qui
300 2742 328 2771 in
353 2747 476 2776 tempore
500 2743 565 2772 l'aeti
583 2747 649 2771 sunt
676 2751 749 2772 unus
772 2748 815 2773 est
833 2754 839 2772 :
857 2745 1014 2773 necessario

270 2822 276 2836 ‘
294 2819 367 2848 Psal.
382 2828 437 2855 cu,
455 2821 482 2849 5.
522 2823 532 2837 ¹
550 2820 618 2849 Joau
649 2830 675 2856 ν,
692 2821 737 2850 59.
778 2821 788 2837 ³
804 2820 884 2848 Prov.
905 2827 960 2853 ενι,
979 2820 1023 2848 ιε.

1084 231 1164 259 αὑτὸν
1183 231 1308 267 λέγοντος
1334 231 1380 257 τὸν
1405 231 1486 258 Υἱόν·
1520 242 1528 257 ι
1547 232 1626 259 Μετὰ
1647 232 1695 258 σοῦ
1711 233 1728 266 ἡ
1751 233 1821 267 ἀρχὴ
1845 233 1875 260 ἐν

1084 276 1175 312 ἡμέρᾳ
1198 276 1248 311 τῆς
1270 275 1410 310 δυνάμεώς
1426 283 1474 301 σου
1487 295 1495 306 ,
1520 276 1549 301 ὲν
1571 277 1605 311 τῇ
1629 275 1803 311 λαμπρότητι
1819 276 1875 302 τῶν

1084 323 1169 357 ἁγίων
1195 330 1253 348 σου.
1269 331 1278 348 ι
1295 321 1404 357 Ἡμέρα
1422 321 1476 356 γὰρ
1492 321 1634 356 δυνάμεως
1656 322 1703 348 τοῦ
1723 321 1798 353 Υίοῡ,
1814 322 1874 348 καθ’

1083 369 1117 405 ἢν
1132 368 1196 402 ὅλην
1213 369 1302 402 κρινεί
1313 366 1362 403 τὴν
1377 367 1451 394 οἰκου
1457 366 1552 402 μένην,
1570 366 1621 393 καὶ
1635 367 1798 393 ἀποδίδωσιν
1811 366 1873 393 ἑκά-

1084 423 1139 450 στῳ
1159 414 1228 441 κατὰ
1244 414 1279 441 τὰ
1303 413 1371 448 ἔργα
1387 412 1486 440 αὐτοῦ’
1504 413 1564 448 ἥξει
1584 413 1612 439 δὲ
1630 413 1738 444 πάντως
1752 413 1799 440 καὶ
1813 413 1874 439 τότε

1084 460 1165 492 αὑτός
1181 468 1210 486 τε
1233 459 1270 486 ὢν
1287 460 1315 485 ὲν
1335 458 1433 494 Πατρὶ,
1453 458 1501 485 καὶ
1517 458 1586 493 ἔχων
1600 459 1629 484 ἐν
1647 458 1737 493 ἑαυτῷ
1753 458 1799 484 τὸν
1818 458 1874 484 lla.-

1083 505 1162 540 τέρα,
1184 504 1233 539 τὴν
1250 504 1368 539 ἄναρχον
1384 504 1432 539 τῆς
1451 504 1554 535 οἰκείας
1580 503 1688 537 φύσεως
1710 504 1790 530 οἱονεί
1816 512 1874 535 πως

1083 552 1182 587 ἀρχὴν,
1196 551 1267 578 κατὰ
1287 550 1366 586 μόνον
1393 549 1436 583 τὸ,
1462 549 1492 582 ἐξ
1509 546 1538 577 οὗ
1550 568 1557 581 ,
1572 550 1617 576 διὰ
1639 550 1668 576 τὺ
1685 550 1817 584 ὑπάρχειν
1841 550 1874 576 ἐκ

1085 598 1142 624 Πατ
1147 597 1202 632 ρός.

1306 651 1356 678 Ἐν
1372 649 1451 685 ἀρχῇ
1462 648 1502 685 ἦν
1515 651 1532 677 ὁ
1543 650 1646 684 Λόγος.

1119 698 1166 729 El;
1180 696 1279 728 πολλὰς
1294 697 1360 732 ἡμῖν
1377 696 1425 723 καὶ
1439 696 1586 732 διαφόρους
1599 695 1702 726 ἐννοίας
1716 697 1730 722 ὁ
1745 696 1809 731 περὶ
1823 696 1874 730 τῆς

1083 743 1177 770 ἐνθάδε
1194 741 1396 777 σημαινομένης
1417 741 1506 777 ἀρχῆς
1529 741 1769 768 καταποικίλλεται
1784 742 1871 775 λόγος,

1084 787 1250 822 πανταχόθεν
1278 786 1413 822 θηρᾶσθαι
1443 785 1602 818 σπουδάζων
1629 786 1664 812 τὰ
1688 787 1728 818 είς
1742 786 1873 820 ὠφέλειαν

1080 833 1261 865 συντείνοντα,
1277 833 1323 859 καὶ
1335 831 1488 867 κατάληψιν
1503 831 1591 867 ἀληθῆ
1610 831 1665 857 τῶν
1677 831 1756 857 θείων
1770 832 1872 867 δογμά-

1080 887 1145 909 των,
1172 878 1220 905 καὶ
1246 878 1296 913 τὴν
1318 878 1347 904 ὲν
1364 878 1420 909 τοῖς
1445 877 1605 912 μυστηρίοις
1626 877 1769 913 ἀκρίϐειαν
1792 878 1873 909 κυνὸς

1081 924 1159 960 δίκην
1190 923 1356 959 ίχνηλατῶν·
1384 933 1393 950 ι
1417 923 1634 958 Ἐρευνᾶτεξγάρ
1651 931 1698 949 που
1717 922 1767 954 τὰς
1789 923 1873 956 ἁγίας

1081 969 1202 1004 Γραφὰς,
1240 969 1323 1004 φησὶν
1344 969 1359 996 ὀ
1390 969 1495 1004 Σωτήρ·
1524 969 1565 995 ὅτι
1596 969 1625 995 ὲν
1653 968 1746 999 αὐταῖς
1788 969 1871 1004 ὑμεῖς

1080 1015 1182 1042 δοκεῖτε
1196 1014 1268 1050 ζωὴν
1281 1014 1388 1041 αἰώνιον
1405 1014 1476 1050 ἔχειν
1487 1034 1494 1045 .
1513 1015 1560 1041 καὶ
1576 1014 1655 1041 αὐταί
1671 1015 1739 1040 εἰσιν
1752 1015 1780 1040 αἱ
1798 1023 1870 1049 μαρ-

1078 1061 1209 1097 τυροῦσαι
1242 1060 1307 1096 περὶ
1338 1060 1417 1095 ἐμοῦ.
1435 1070 1445 1086 ι
1466 1059 1559 1087 Ἐοικε
1585 1059 1676 1086 τοίνυν
1698 1061 1713 1086 ὸ
1736 1059 1873 1095 μακάριος

1078 1106 1275 1141 εὑαγγελιστὴς
1290 1106 1377 1141 ἀρχὴν
1390 1105 1494 1138 ἐνθάδε,
1508 1105 1558 1141 τὴν
1573 1105 1643 1132 κατὰ
1658 1105 1768 1132 πάντων
1794 1105 1872 1138 ἐξου-

1079 1153 1150 1184 σίαν,
1168 1152 1239 1179 τοῦτ’
1262 1152 1331 1183 ἔστι,
1345 1152 1390 1179 τὸν
1406 1152 1519 1187 Πατέρα
1539 1152 1694 1187 σημαίνειν
1713 1151 1758 1178 ἵνα
1772 1151 1806 1187 δὴ
1826 1152 1872 1178 καὶ

1076 1199 1169 1225 ἐπάνω
1181 1198 1289 1226 πάντων
1302 1199 1318 1232 ἡ
1335 1198 1395 1225 θεία
1409 1198 1538 1233 φαίνηται
1553 1198 1644 1233 φύσις,
1659 1198 1713 1224 πᾶν
1729 1198 1799 1233 ὅπερ
1813 1197 1872 1224 ἐστι

1076 1244 1188 1279 γενητὸν
1210 1244 1262 1270 ὑπὸ
1271 1243 1354 1275 πόδας
1363 1243 1476 1278 ἔχουσα,
1487 1244 1627 1279 μονονουχὶ
1640 1244 1687 1271 καὶ
1700 1244 1870 1279 ἐποχουμένη

1074 1291 1130 1322 τοῖς
1145 1290 1178 1316 δι’
1190 1290 1275 1324 αὐτῆς
1296 1290 1337 1321 είς
1368 1290 1399 1316 τδ
1424 1287 1495 1316 εἷναι
1511 1289 1702 1325 κεκλημένοις.
1723 1290 1767 1315 Ἐν
1782 1289 1870 1325 ταύτῃ

1077 1336 1221 1372 τοιγαροῦν
1230 1337 1264 1372 τῇ
1280 1336 1363 1372 ἀρχῇ,
1380 1337 1413 1371 τῇ
1427 1336 1498 1362 κατὰ
1512 1337 1620 1363 πάντων
1636 1342 1683 1371 και
1694 1336 1740 1360 {at
1752 1335 1867 1364 πάντας.

1075 1381 1110 1418 ἦν
1123 1384 1138 1408 ὁ
1151 1382 1246 1416 Λόγος,
1259 1382 1289 1408 οὐ
1303 1382 1372 1416 μετὰ
1394 1382 1502 1407 πάντων
1522 1381 1573 1407 ὐπδ
1598 1380 1681 1411 πόδας
1695 1380 1790 1413 αὐτῆς,
1808 1377 1869 1405 ἀλλ’

1080 1421 1132 1454 ιξω
1145 1421 1251 1447 πάντων
1264 1421 1293 1447 ὲν
1309 1420 1378 1455 αὐτῇ
1391 1420 1523 1454 φυσικῶς,
1544 1420 1581 1452 ὡς
1599 1420 1702 1456 καρπὸς
1718 1421 1864 1451 συναῗὸιος.

1080 1464 1161 1492 τόπον
1173 1464 1267 1500 ὥσπερ
1275 1464 1345 1500 ἔχων
1357 1464 1410 1491 τῶν
1432 1465 1558 1491 ἁπάντων
1570 1465 1746 1500 ἀρχαιότερον
1759 1466 1808 1499 τὴν
1820 1464 1867 1490 τοῦ

1080 1511 1260 1546 γεννήσαντος
1273 1511 1364 1545 φύσιν.
1380 1511 1425 1538 Διὸ
1446 1511 1478 1547 δὴ
1502 1512 1548 1538 καὶ
1567 1511 1709 1547 ἐλεύθερος
1722 1511 1867 1546 ἐλευθέρου

1081 1557 1186 1593 Πατρὸς
1198 1556 1337 1592 πεφυκὼς,
1351 1557 1400 1592 τὴν
1417 1557 1486 1584 κατὰ
1507 1557 1616 1591 πᾴντων
1630 1557 1717 1592 ἀρχὴν
1734 1558 1782 1583 σὺν
1793 1556 1869 1591 αὐτῷ

1080 1604 1254 1638 κεκτήσεται.
1282 1603 1330 1635 Τίς
1356 1600 1402 1630 οὖν
1426 1603 1480 1638 ἄρα
1507 1603 1554 1630 καὶ
1570 1602 1618 1629 νῦν
1640 1603 1654 1629 ό
1668 1602 1716 1636 τῆς
1733 1603 1762 1628 ὲν
1779 1602 1868 1637 τούτῳ

1081 1649 1253 1683 κατασκευῆς
1265 1649 1408 1684 γενήσεται
1423 1649 1510 1683 λόγος,
1521 1648 1666 1675 ἀκόλουθον
1678 1648 1804 1675 συνιδεῖν.
1814 1649 1868 1674 Ῥι-

1086 1693 1246 1728 ἶροκινδύνως
1261 1693 1343 1726 τινὲς,
1361 1694 1486 1729 καθάπερ
1499 1693 1603 1728 ἔφημεν
1618 1694 1647 1720 ὲν
1660 1694 1716 1725 τοῖς
1727 1693 1864 1728 ἀνωτέρω,

1086 1739 1125 1765 τὸν
1137 1738 1183 1765 τοῦ
1198 1738 1265 1765 θεοῦ
1293 1739 1378 1773 Λόγον
1400 1739 1459 1766 τότε
1472 1738 1503 1773 δὴ
1516 1739 1622 1774 πρῶτον
1641 1739 1680 1770 είς
1690 1738 1722 1765 τὺ
1735 1736 1803 1764 εἶναι
1821 1746 1864 1764 κε-

1081 1784 1194 1820 κλῆσθαι
1211 1784 1414 1820 διισχυρίζοντο,
1428 1785 1471 1811 ὅτε
1488 1784 1533 1812 τὸν
1551 1784 1584 1811 ὲκ
1600 1784 1650 1818 τῆς
1666 1783 1747 1818 ἁγίας
1761 1783 1864 1818 Παρθί-

1080 1839 1126 1857 νου
1153 1830 1216 1857 ναδν
1239 1829 1340 1861 λαϐὼν,
1356 1829 1498 1865 ἄνθρωπος
1512 1829 1607 1863 γέγονε
1627 1829 1660 1855 δι’
1672 1829 1747 1863 ἡμᾶς
1762 1829 1807 1855 Τ.ί
1822 1825 1867 1854 οὖν

1081 1875 1169 1910 ἆνετη
1195 1875 1297 1906 λοιπὸν,
1316 1875 1395 1910 εἴπερ
1422 1873 1569 1911 ᾖγενητδς
1597 1874 1644 1900 καὶ
1671 1873 1865 1908 πεποιημένος,

1080 1922 1126 1948 καὶ
1140 1922 1195 1953 τοῖς
1208 1921 1298 1952 ἄλλοις
1311 1921 1413 1948 ἅπασιν
1433 1920 1564 1955 ὁμοφυὴς,
1582 1916 1621 1951 οἷς
1637 1919 1667 1951 ἐξ
1682 1919 1732 1945 οὐκ
1749 1919 1836 1945 ὅντων
1851 1918 1867 1953 ἡ

1080 1968 1195 2001 γένεσις,
1211 1966 1257 1993 καὶ
1276 1966 1305 1993 τὸ
1319 1967 1368 2001 τῆς
1382 1966 1503 1997 δουλείας
1520 1965 1606 2000 ὖνομά
1628 1973 1658 1990 τε
1683 1964 1731 1991 καὶ
1747 1965 1868 1999 πρᾶγμα

1079 2012 1191 2044 δικαίως
1204 2012 1416 2047 ὲπαληθεύεται;
1432 2011 1465 2037 Τί
1478 2010 1531 2046 γὰρ
1546 2010 1599 2037 τῶν
1612 2009 1804 2045 πεποιημένων
1820 2009 1869 2044 τὴν

1080 2059 1131 2085 ὑπὸ
1143 2058 1181 2094 τῷ
1199 2058 1306 2086 πάντων
1332 2056 1477 2092 κρατοῦντι
1498 2056 1557 2091 Θεῷ
1571 2055 1695 2082 δουλείαν
1718 2054 1869 2086 ἀκινδύνως

1079 2103 1298 2138 παραιτήσεταις
1328 2102 1354 2129 τί
1369 2102 1397 2128 δὲ
1410 2102 1458 2136 οὐχ
1472 2100 1605 2135 ὑποκύψει
1624 2101 1657 2136 τῇ
1671 2100 1742 2127 κατὰ
1760 2099 1870 2126 πάντων

1078 2151 1150 2186 ἀρχῇ
1164 2158 1194 2176 τε
1222 2149 1270 2176 καὶ
1295 2148 1415 2183 ἐξουσίᾳ,
1440 2147 1487 2174 καὶ
1503 2146 1653 2183 κυριότητι,
1673 2145 1705 2180 ἥν
1719 2145 1767 2171 καὶ
1787 2145 1871 2177 αὐτός

1079 2204 1129 2222 που
1146 2193 1273 2230 σημαίνει
1286 2193 1373 2227 λέγων
1383 2194 1397 2220 ὁ
1413 2192 1538 2227 Σολομῶν
1548 2200 1554 2207 ·
1574 2201 1582 2217 ι
1601 2190 1678 2218 Μετὰ
1693 2190 1747 2226 γὰρ
1767 2190 1873 2217 δικαιο-

1080 2242 1162 2275 σύνης
1192 2239 1365 2275 ἑτοιμάζεται
1391 2238 1484 2274 θρόνος
1507 2238 1615 2274 ἀρχῆς;
1633 2245 1642 2262 ι
1658 2236 1789 2271 Ἕτοιμος
1814 2235 1873 2271 γὰρ

1079 2288 1126 2315 καὶ
1141 2287 1207 2314 πολὺ
1220 2286 1280 2313 λίαν
1297 2284 1437 2320 εὐπρεπὴς
1452 2285 1492 2316 είς
1505 2283 1700 2317 δικαιοσύνηνό
1714 2282 1764 2318 τῆς
1781 2281 1874 2316 ἀρχῆς

1079 2333 1183 2369 θρόνος,
1193 2334 1242 2368 τῆς
1257 2331 1304 2359 ἐπὶ
1317 2331 1420 2363 πάντας
1434 2330 1545 2365 δηλαδή.
1557 2329 1612 2357 Καὶ
1627 2328 1689 2361 τίςό
1700 2328 1796 2363 θρόνος
1807 2326 1875 2362 πρ).

1079 2373 1109 2403 οὗ
1129 2376 1176 2404 νῦν
1190 2377 1206 2404 ό
1218 2376 1306 2411 λόγος,
1321 2375 1404 2403 ἄκουε
1419 2374 1544 2409 λέγοντος
1558 2375 1606 2401 τοῦ
1622 2373 1688 2401 Θεοῦ
1698 2373 1732 2401 δι’
1743 2373 1802 2404 ἐνὸς
1815 2372 1874 2398 τῶν

1079 2422 1175 2457 ἁγίων-
1195 2431 1204 2448 ι
1227 2422 1256 2449 ’0
1284 2421 1398 2457 οὐρανός
1428 2429 1473 2456 μοι
1488 2420 1592 2456 θρόνος.
1611 2429 1621 2447 ι
1636 2418 1741 2447 οὐκοῦν
1760 2418 1874 2453 ἕτοιμος

1079 2468 1118 2500 είς
1131 2467 1303 2502 δικαιοσύνην
1317 2467 1332 2494 ό
1345 2466 1467 2503 οὐρανὸς,
1478 2466 1551 2493 τοῦτ’
1566 2466 1633 2498 ἐστι,
1650 2466 1685 2493 τὰ
1704 2465 1734 2492 ὲν
1745 2465 1803 2496 τοῖς
1823 2464 1875 2490 οὐ-

1080 2515 1170 2551 ρανοῖς
1186 2514 1251 2549 ἆγια
1278 2513 1430 2549 πνεύματα.
1458 2513 1567 2549 Ἐπειδὴ
1595 2512 1684 2539 τοίνυν
1706 2510 1740 2547 ἦν
1763 2510 1873 2545 ἀνάγκη
1910 2518 1914 2522 ·

1080 2560 1280 2596 συνομολογεῖν,
1293 2560 1363 2595 μετὰ
1372 2559 1426 2587 τῶν
1439 2559 1527 2587 ἄλλων
1541 2559 1701 2594 ποιημάτων
1709 2558 1873 2585 ὑποκεῖσθαι

1079 2606 1117 2642 τῷ
1127 2606 1185 2642 Θεῷ
1201 2606 1247 2633 καὶ
1273 2606 1361 2643 Πατρὶ
1378 2605 1424 2633 τδν
1451 2605 1527 2637 Υίδν,
1557 2605 1595 2637 ὡς
1618 2605 1755 2639 οἰκετικὴν
1775 2603 1874 2639 ἔχοντα

1078 2653 1164 2687 τάξιν,
1193 2653 1241 2680 καὶ
1263 2652 1316 2680 ὕπδ
1340 2652 1389 2688 τὴν
1413 2651 1464 2687 τῆς
1497 2651 1585 2688 ἀρχῆς
1614 2650 1736 2683 ἐξουσίαν
1770 2650 1873 2685 όμοίως

1080 2699 1212 2726 πίπτοντα
1225 2699 1281 2731 τοῖς
1297 2698 1398 2731 ἄλλοις,
1424 2698 1504 2733 ειπερ
1524 2697 1583 2724 ἐστὶ
1600 2696 1660 2723 κατ’
1675 2695 1797 2727 ἐκείνους
1808 2695 1873 2728 ὀψι-

1079 2745 1171 2781 γενὴς,
1187 2745 1234 2772 καὶ
1243 2743 1297 2773 τῶν
1311 2744 1340 2772 ὲν
1352 2744 1441 2780 χρόνῳ
1447 2742 1640 2779 πεποιημένων
1649 2739 1699 2774 εἷς·
1715 2739 1874 2776 ἀναγκαίως
