4042 6204
416 297 525 361 625

1374 297 1760 363 PANOPLIA
1798 296 2263 362 DOGMATICA.
2301 322 2367 336 ·-
2408 297 2559 359 ΤΙΤ.
2601 297 2710 359 XI.

3555 295 3663 359 626

413 437 443 489 δ
473 433 742 504 μακάριος
783 431 1179 505 εύαγγελιστὴς
1225 433 1550 507 δριμύτερον
1597 439 1709 500 τοῖς
1765 439 1984 509 ἑτεροδι-

2099 432 2292 487 beatus
2330 430 2669 501 evangelista
2697 428 2879 485 acrius
2908 428 3135 486 insultat
3173 428 3467 493 haereticis.
3496 438 3551 485 et
3596 432 3666 485 ali

412 525 773 580 δασκαλοῦσιν
801 526 1060 598 ὲπιπηδᾷ·
1117 527 1210 581 καὶ
1252 528 1497 593 δουλείας
1545 530 1642 600 μὲν
1669 530 1885 602 ἀπάσης
1912 533 1997 597 ἐξ·

411 618 676 672 ἐλκειτδν
708 618 875 673 Υίόν⁶
934 621 998 673 ὲκ
1043 618 1101 673 δὲ
1154 620 1254 692 τῆς
1305 622 1594 696 ἐλευθέρας
1624 625 1719 678 καὶ
1776 625 1996 680 πάντων

412 708 687 779 ἀρχούσης
739 711 928 776 οὐσίας
970 712 1317 784 ὲκπεφηνότα
1356 716 1611 778 δεικνύει,
1639 720 1734 772 καὶ
1766 720 1825 772 ὲν
1855 719 1992 791 αὐτῇ

412 800 662 867 φυσικῶς
684 802 949 875 ὑπάρχειν
974 805 1330 878 ἰσχυρίζεται,
1357 806 1552 877 λέγων·
1573 809 1677 864 Ἔν
1710 810 1868 880 ἀρχῇ
1912 807 1993 880 ἦν

414 894 449 944 ό
478 893 691 959 Λόγος.

495 979 809 1034 Ἐπιπλέκει
852 981 910 1037 δὲ
967 983 1046 1053 τῷ
1067 986 1169 1053 τῆς
1214 987 1409 1056 ἀρχῆς
1453 987 1676 1059 ὀνόματι
1705 992 1992 1063 χρησίμως

410 1069 472 1124 τὸ
501 1066 600 1140 ἦν,
629 1071 717 1124 ἴνα
745 1071 820 1144 μὴ
850 1072 1014 1144 μόνον
1041 1075 1290 1149 εὐκλεὴς,
1328 1079 1464 1134 ἀλλὰ
1501 1080 1692 1149 νοῆται
1739 1083 1832 1136 καί
1860 1101 1981 1151 προσ

410 1159 624 1225 αιώνιος
647 1176 662 1192 ⁸
683 1161 920 1218 τέθειται
944 1163 1054 1235 γὰρ
1104 1169 1163 1220 ὲν
1184 1168 1395 1233 τούτοις
1434 1170 1494 1223 τὸ
1517 1167 1617 1240 ἦν,
1652 1172 1731 1235 είς
1766 1172 1987 1242 βαθεῖάν

405 1266 550 1344 fma,
584 1250 679 1303 καὶ
695 1250 1114 1344 ἀκατάληπτον,
1143 1257 1240 1311 καὶ
1263 1256 1363 1329 τὴν
1392 1257 1498 1323 ἔξω
1523 1259 1729 1329 χρόνων
1751 1261 1990 1333 ἄρρητον

402 1339 662 1429 ἐγέννησιν
684 1341 961 1396 ἀνατεῖνον
1020 1344 1114 1398 τοῦ
1163 1346 1495 1418 (θεωροῦντος
1524 1350 1624 1422 τὴν
1661 1351 1887 1409 ἔννοιαν.
1917 1354 1990 1408 Τὸ

413 1432 517 1501 γὰρ
547 1428 646 1501 ἦν,
671 1432 995 1502 ἀδιορίστως
1018 1436 1354 1509 ὲκφωνηθὲν,
1381 1444 1461 1506 είς
1492 1446 1642 1498 ποῖον
1663 1448 1797 1516 ἡμῖν
1815 1464 1987 1500 κατα-

407 1521 558 1593 λήξει
638 1523 824 1587 τόπον,
867 1524 953 1577 ἀεὶ
1004 1527 1358 1597 προελαύνειν
1411 1532 1505 1585 τοῦ
1549 1532 1833 1600 διώκοντος
1893 1536 1986 1590 νοῦ

408 1613 676 1681 πεφυκὸς,
714 1614 809 1667 καὶ
833 1615 902 1684 ἢν
928 1614 1106 1686 οἴηταί
1125 1636 1207 1682 τις
1235 1618 1380 1690 ἔχειν
1404 1623 1568 1677 αὑτοῦ
1584 1625 1684 1695 τὴν
1702 1628 1986 1681 κατάπαυ-

2095 520 2247 577 omni
2276 520 2499 591 quidem
2532 518 2797 575 servitute
2821 518 3020 573 Filium
3056 518 3319 588 vindicat,
3355 527 3409 574 et
3442 519 3509 573 ab
3544 534 3663 571 om-

2095 611 2375 681 nipoteute
2426 609 2734 665 substantia
2786 622 3010 663 manare
3058 608 3330 673 ostendit,
3387 608 3444 662 in
3494 623 3666 677 eaque

2094 701 2424 755 naturaliter
2468 700 2647 769 ipsum
2702 697 2973 754 exsistere
3030 700 3252 765 asserit,
3306 699 3497 756 dicens
3538 716 3554 755 :
3599 697 3664 753 In

2091 791 2348 860 principio
2378 799 2493 844 erat
2542 788 2788 843 Verbum.

2168 965 2428 1033 Principii
2456 974 2636 1021 autem
2671 965 2941 1021 vocabulo
3000 965 3157 1031 illud,
3184 976 3322 1029 erat,
3357 964 3660 1035 sulijungit,

2091 1063 2150 1109 ut
2176 1071 2284 1109 non
2327 1056 2505 1110 soluat
2544 1055 2843 1125 gloriosus,
2884 1071 3072 1111 verum
3100 1054 3262 1110 etiam
3288 1064 3413 1110 ante
3461 1059 3662 1111 saecula

2086 1147 2307 1219 genitus
2339 1146 2696 1218 intelligatur.
2732 1145 2869 1203 illud
2901 1146 3081 1211 enim,
3125 1157 3239 1201 erat
3260 1188 3275 1213 ,
3307 1147 3397 1202 hic
3422 1149 3661 1217 positum

2089 1248 2210 1303 est,
2279 1252 2389 1307 quo
2452 1237 2877 1307 contemplantis
2938 1238 3159 1293 animus
3215 1238 3271 1292 in
3336 1239 3660 1308 profundam

2086 1329 2380 1400 quamdam
2428 1337 2482 1385 et
2520 1327 3162 1398 incomprehensibilem,
3214 1336 3269 1384 et
3334 1327 3661 1383 ineffabilem

2085 1436 2206 1489 qua:
2237 1428 2439 1475 cuncta
2481 1430 2707 1490 superat
2738 1428 2986 1489 tempora
3032 1420 3445 1491 generationem
3478 1421 3662 1475 inten-

2084 1514 2269 1568 datur.
2308 1530 2327 1564 ι
2362 1511 2495 1566 Erat
2525 1530 2543 1562 ι
2571 1511 2741 1577 enim;
2773 1509 3057 1565 indefinite
3092 1509 3386 1579 prolatum,
3419 1524 3658 1579 quonam

2086 1600 2141 1654 in
2190 1600 2309 1654 loco
2359 1614 2462 1653 nos
2512 1599 2702 1664 sistet,
2762 1612 2888 1652 cum
2949 1604 3368 1668 prosequentem
3426 1609 3659 1653 mentem

408 1723 515 1769 σιν,
541 1705 746 1775 ταύτην
764 1705 858 1760 τοῦ
884 1706 1139 1763 ἐπέκεινα
1167 1688 1367 1783 δρόμου
1409 1688 1729 1785 ποιούμενον
1762 1719 1939 1789 ἀρχήν
1961 1738 1977 1784 ;

2086 1697 2282 1746 natura
2308 1704 2407 1744 sua
2436 1703 2657 1759 semper
2685 1697 3009 1752 antevertat,
3040 1698 3095 1742 et
3125 1704 3288 1757 quam
3322 1689 3468 1743 illius
3502 1688 3662 1758 quic-

411 1817 430 1850 ι
466 1794 575 1851 Ἦν
628 1793 722 1851 οὖν
765 1800 793 1851 ὀ
847 1798 1018 1868 Λόγος
1048 1801 1106 1853 ὲν
1144 1802 1308 1873 ἀρχῇ,
1344 1823 1361 1857 ι
1392 1806 1535 1860 τοῦτ’
1587 1808 1763 1875 ἔστιν,
1792 1809 1868 1873 ὡς
1923 1813 1982 1865 ὲν

404 1890 550 1960 ἀρχῇ
579 1892 646 1961 τῇ
673 1890 767 1943 ἐπὶ
795 1890 992 1959 πάντα,
1019 1893 1115 1947 καὶ
1143 1892 1204 1959 ἐξ
1246 1896 1417 1967 αὐτῆς
1443 1898 1704 1971 ὑπάρχων
1734 1902 1978 1969 φυσικῶς

403 1981 465 2034 τὸ
488 1981 807 2035 δεσποτικὸν
834 1979 973 2051 ἔχων
1010 1982 1248 2055 ἀξίωμα.
1278 1987 1340 2039 Ei
1358 1987 1415 2041 δὲ
1438 1988 1596 2043 τοῦτο
1623 1990 1839 2064 ἀληθὲς,
1863 1994 1979 2058 πῶς

403 2071 487 2125 ἔτι
538 2072 784 2143 γενητὸς,
819 2074 852 2145 ἢ
887 2075 1285 2147 πεποιημένος;
1323 2079 1497 2133 Ὅπου
1531 2081 1587 2135 δὲ
1627 2083 1761 2147 ὅλως
1788 2084 1848 2137 τὸ
1876 2084 1976 2153 ἦν,

405 2162 549 2216 κατά
569 2163 692 2216 τίνα
718 2166 918 2235 τρόπον
960 2167 1022 2220 τὸ
1079 2170 1199 2223 οὐκ
1251 2165 1327 2239 ἧν
1371 2172 1720 2244 είσϐήσεται;
1759 2176 1791 2247 ἦ
1828 2178 1983 2229 ποῖον

409 2251 522 2317 {Est
545 2252 730 2308 λοιπὸν
754 2255 846 2310 τὸν
874 2257 1014 2312 κατὰ
1037 2259 1132 2313 τοῦ
1160 2260 1289 2314 Υίοῦ
1324 2263 1515 2329 τόπονς

573 2511 691 2566 Τοῦ
720 2510 907 2565 αὐτοῦ
935 2510 1003 2563 ἐκ
1033 2508 1139 2564 τοῦ
1163 2509 1297 2577 περὶ
1326 2507 1569 2577 Τριόδος
1607 2508 1816 2576 λόγου.

476 2602 648 2674 Εἴπερ
679 2602 751 2673 μὴ
779 2598 847 2673 ἦν
888 2592 1016 2655 ποτε
1045 2603 1133 2655 ὅτε
1160 2602 1261 2655 οὐκ
1297 2597 1385 2672 ἦν,
1420 2600 1607 2671 φησιν,
1646 2598 1784 2654 ἀλλὰ
1812 2598 1979 2662 ἀΐδιός

404 2697 563 2753 ἀστιν
578 2697 607 2750 δ
631 2694 780 2762 Υἱὸς,
802 2693 895 2748 καὶ
919 2694 1252 2765 συνυπάρχει
1275 2692 1355 2763 τῷ
1381 2694 1577 2765 Πατρὶ,
1599 2692 1701 2746 οὐκ
1721 2691 1799 2747 ἔτι
1829 2691 1979 2757 Υἱδν,

409 2789 520 2843 ἀλλ’
554 2786 783 2857 ἀδελφὸν
813 2787 937 2850 λέγε
971 2784 1179 2853 τοῦτον,
1212 2786 1490 2841 συναϊδιον
1529 2784 1671 2840 εἶναι
1704 2785 1977 2854 λέγοντες,

406 2883 502 2935 καὶ
532 2882 661 2935 Υίὸν
691 2876 831 2934 εἶναι
880 2897 1083 2949 φαμεν.
1138 2880 1202 2933 Ei
1229 2882 1329 2948 μὲν
1355 2879 1450 2934 οὖν
1488 2878 1674 2942 ἁπλῶς
1698 2873 1767 2949 ἦν
1796 2876 1980 2930 συνατ-

402 2976 537 3040 διος,
595 2975 689 3027 καὶ
742 2973 865 3045 οὐχὶ
896 2974 1049 3041 Υἱὸς,
1080 2972 1264 3045 χώραν
1315 2969 1463 3043 εἶχεν
1492 2971 1646 3043 ὑμῶν
1666 2973 1700 3042 ἡ
1726 2971 1976 3024 ὑπόνοια.

2082 1790 2189 1836 tem
2228 1795 2353 1835 esse
2394 1780 2709 1850 putaveris,
2757 1780 2899 1832 hanc
2942 1778 3225 1832 ulterioris
3263 1792 3464 1835 cursus
3498 1777 3663 1834 faciat

2081 1870 2331 1929 initium?
2368 1888 2387 1922 ι
2419 1870 2548 1926 Erat
2586 1889 2604 1923 ι
2640 1870 2807 1941 igitur
2844 1888 2862 1921 ι
2894 1869 3134 1926 Verbum
3184 1870 3239 1924 in
3288 1870 3594 1941 principio,
3638 1890 3656 1923 ι

2084 1965 2191 2020 hoc
2221 1974 2336 2029 est,
2383 1962 2438 2016 in
2475 1969 2747 2033 potestate
2779 1975 2901 2031 qua?
2938 1968 3022 2016 est
3067 1977 3232 2031 supra
3267 1963 3471 2027 omnia,
3514 1970 3567 2016 et
3595 1978 3659 2017 ex

2083 2058 2200 2128 ipsa
2248 2057 2520 2112 exsistens
2576 2053 2937 2117 naturaliter,
2994 2050 3321 2121 Dominique
3373 2053 3661 2120 majestate

2082 2150 2392 2218 praeditum.
2445 2144 2603 2211 Quod
2632 2144 2678 2198 si
2715 2144 2789 2196 ita
2822 2150 2938 2206 est,
2978 2143 3256 2211 quomodo
3291 2152 3513 2198 creatus
3563 2146 3630 2198 de

2086 2254 2237 2294 mum
2278 2246 2374 2293 aut
2421 2238 2599 2291 factus
2625 2234 2768 2289 erit?
2802 2232 2905 2287 Ubi
2929 2233 3167 2304 denique
3217 2233 3350 2288 illud
3399 2246 3514 2287 erat
3553 2235 3653 2288 ali-

2082 2344 2196 2401 quo
2219 2328 2382 2385 modo
2407 2344 2509 2382 non
2538 2332 2676 2390 erat,
2705 2324 2884 2384 inibit.
2916 2331 3011 2377 aut
3036 2339 3197 2394 quem
3226 2322 3449 2378 tandem
3477 2324 3655 2378 locum

2085 2419 2311 2476 habebit
2332 2402 2395 2472 in
2426 2415 2605 2470 Filio?

2407 2506 2661 2571 Eiusdem
2689 2523 2755 2563 ea:
2787 2508 2921 2563 libro
2960 2508 3023 2561 de
3053 2508 3339 2565 Trinitate.

2158 2597 2218 2654 Si
2265 2614 2545 2669 nunquam
2580 2598 2705 2663 fuit,
2734 2598 3008 2668 inquiunt,
3059 2614 3181 2654 cum
3222 2616 3330 2656 non
3364 2613 3527 2665 esset.
3562 2605 3655 2660 sed

2086 2690 2346 2760 proprius
2375 2698 2462 2745 est
2485 2688 2678 2754 Filius,
2701 2698 2755 2744 et
2780 2691 2941 2746 simul
2964 2691 3176 2747 exsistit
3205 2707 3327 2747 cum
3359 2694 3534 2759 Patre,
3561 2711 3659 2749 cur

2085 2782 2262 2838 Filius
2313 2798 2379 2839 ac
2410 2796 2521 2837 non
2565 2781 2737 2837 frater
2776 2784 2956 2853 potius
2982 2785 3326 2852 appellatur?
3364 2784 3501 2840 Eum
3533 2802 3656 2840 cum

2084 2873 2247 2929 Patre
2302 2881 2563 2929 aeternum
2618 2874 2898 2941 dicentes,
2942 2874 3137 2930 Filium
3178 2876 3344 2931 etiam
3399 2874 3658 2929 dicimus.

2086 2968 2144 3022 Si
2176 2976 2438 3022 aeternum
2465 2966 2636 3039 igitur
2657 2968 2823 3022 simul
2848 2982 2972 3021 cum
3011 2966 3172 3023 Patre
3197 2968 3523 3033 diceremus,
3552 2985 3657 3023 non

417 3066 632 3137 Ἐπειδὴ
662 3066 721 3120 δὲ
758 3068 895 3138 πρὸς
945 3066 1023 3139 τῷ
1070 3066 1225 3136 ἀϊδίῳ
1278 3066 1375 3121 καὶ
1423 3065 1557 3120 Υἱδν
1586 3063 1978 3135 ὁμολογοῦμεν,

2086 3071 2263 3117 autem
2300 3061 2521 3127 Filium,
2547 3060 2729 3116 locum
2766 3060 2991 3116 haberet
3022 3070 3199 3117 vestra
3231 3060 3493 3131 suspicio.
3523 3060 3660 3116 Cum

405 3158 573 3223 πῶςιὸ
600 3158 729 3224 Υἱὸς
757 3159 987 3227 ἀδελφός
1013 3161 1131 3213 ιστι
1168 3157 1265 3213 τοῦ
1301 3160 1699 3228 γεννήσαντοςς

844 3355 946 3411 Ἐκ
978 3355 1086 3411 τοῦ
1121 3356 1311 3411 αὑτοῦ
1342 3357 1552 3426 λόγου.

474 3450 648 3517 Εἴπερ
685 3450 719 3520 η
750 3448 933 3512 πίστις
959 3448 1119 3520 ημῶν
1169 3449 1250 3511 εἰς
1294 3449 1514 3520 Πατέρα
1561 3450 1657 3505 καὶ
1685 3447 1816 3506 Υῑόν
1842 3451 1979 3519 ἐστι,

405 3544 501 3599 καὶ
535 3541 680 3597 οὕτω
710 3540 1111 3612 βαπτιζόμεθα,
1175 3541 1303 3595 ποία
1361 3543 1660 3615 ἀδελφότης
1715 3545 1775 3598 ἐν
1803 3543 1980 3615 τούτῳ

410 3634 749 3706 educaui)
782 3635 899 3699 πῶς
931 3638 959 3689 ὁ
990 3634 1165 3704 Λόγος
1198 3635 1427 3705 ἀδελφὸς
1464 3633 1607 3691 εἶναι
1640 3635 1864 3690 δύναται
1917 3630 1980 3692 οὖ

408 3728 520 3781 ἐστι
555 3728 729 3795 Λόγος
755 3742 773 3792 ;

1022 3838 1130 3894 Καὶ
1163 3838 1361 3893 τοῦτο.

480 3934 598 3989 οὑκ
632 3932 697 3987 ἐκ
723 3949 867 3996 τινος
897 3931 1074 4003 ἀρχῆς
1111 3928 1581 4002 προϋπαρχούσης
1612 3931 1982 4005 ἐγεννήθησαν

408 4030 437 4081 ὸ
465 4028 656 4100 Πατὴρ
713 4031 810 4084 καὶ
861 4030 891 4082 ὁ
921 4028 1073 4093 Υἱὸς,
1111 4027 1200 4080 ἴνα
1247 4026 1341 4080 καὶ
1365 4026 1588 4096 ἀδελφοὶ
1626 4024 1981 4096 νομισθῶσιν,

406 4118 519 4171 ἀλλ’
551 4122 582 4171 ὁ
606 4119 801 4187 Πατὴρ
850 4117 995 4189 ἀρχὴ
1055 4115 1152 4170 τοῦ
1183 4115 1338 4181 Υίοῦ,
1385 4116 1481 4170 καὶ
1509 4118 1685 4171 τίκτει
1708 4115 1799 4171 τὸν
1829 4118 1980 4182 Υἱδν,

406 4211 500 4264 καὶ
527 4210 679 4279 μένιι
711 4208 927 4281 Πατὴρ,
948 4206 1065 4263 ’καὶ
1092 4208 1192 4278 οὐχ
1242 4208 1371 4273 Υἱός
1412 4226 1558 4273 τινος
1604 4210 1854 4279 λέγεται*
1886 4210 1984 4264 καὶ

406 4303 436 4354 6
468 4302 596 4364 Υίὸς
627 4302 741 4365 υἱός
772 4302 913 4366 ἐστι,
947 4302 1041 4354 καὶ
1063 4302 1199 4372 ὅπερ
1228 4301 1348 4355 ἐστὶ
1385 4302 1561 4372 μένει,
1592 4304 1687 4356 καὶ
1707 4302 1809 4357 οὑκ
1832 4302 1985 4357 ἀδελ-

2082 3164 2264 3211 autem
2327 3155 2532 3226 pariter
2583 3163 2637 3209 et
2688 3161 2977 3220 aeternum,
3010 3162 3066 3208 et
3113 3152 3311 3207 Filium
3368 3151 3658 3218 fateamur,

2083 3247 2360 3318 quomodo
2390 3244 2564 3303 Filius
2597 3246 2864 3316 genitoris
2886 3246 3057 3302 frater
3094 3259 3216 3302 esse
3253 3244 3450 3316 queat?

2529 3358 2597 3413 Et
2622 3359 2733 3414 haec
2755 3376 2819 3415 ea:
2849 3361 3029 3415 eodem
3062 3359 3220 3416 libro.

2157 3454 2215 3511 Si
2248 3453 2384 3511 (Ides
2414 3461 2601 3509 nostra
2628 3453 2681 3508 iu
2708 3455 2923 3510 Patrem
2948 3463 3001 3507 et
3024 3449 3222 3508 Filium
3255 3461 3360 3518 est,
3394 3462 3557 3521 atque
3583 3452 3655 3506 ita

2085 3549 2459 3618 baptizauiur,
2490 3561 2738 3617 quaenam
2767 3546 2859 3600 hic
2892 3545 3230 3610 fraternitas,
3266 3552 3327 3600 ut
3358 3544 3430 3598 ita
3458 3544 3659 3607 dicam,

2085 3639 2346 3709 apparet?
2379 3642 2487 3693 Aut
2520 3636 2800 3707 quomodo
2831 3635 3071 3692 Verbum
3125 3638 3295 3691 frater
3323 3649 3445 3692 esse
3476 3640 3656 3704 potest

2084 3730 2254 3795 illius,
2283 3730 2443 3799 cujus
2471 3738 2555 3786 est
2575 3727 2855 3785 Verbum?

2755 3840 2825 3895 Et
2852 3841 2962 3895 Ιιωο

2157 3937 2274 3993 Non
2327 3951 2394 3992 ex
2446 3935 2559 3991 ullo
2596 3932 2957 3990 antecedente
3000 3930 3270 4002 principio
3304 3928 3471 4002 geniti
3528 3936 3658 3984 sunt

2087 4031 2245 4086 Pater
2269 4039 2323 4085 et
2353 4028 2549 4097 Filius,
2577 4035 2638 4084 ut
2671 4027 2869 4082 fratres
2888 4025 3053 4081 etiam
3085 4024 3300 4096 possint
3324 4022 3650 4081 existimari.

2087 4126 2193 4183 Sed
2221 4126 2383 4181 Pater
2412 4133 2499 4182 est
2529 4124 2653 4180 Filii
2692 4121 3045 4194 principium,
3082 4129 3137 4176 et
3166 4118 3368 4175 Filium
3400 4118 3569 4187 parit,
3601 4127 3658 4173 et

2061 4229 2269 4290 .mauet
2306 4217 2489 4281 Pater,
2525 4228 2629 4270 nec
2657 4213 2824 4269 ullius
2855 4226 2977 4268 esse
3011 4210 3186 4267 Filius
3213 4211 3433 4266 dicitur.
3481 4208 3658 4264 Filius

2087 4312 2214 4364 item
2269 4307 2443 4363 Filius
2488 4316 2597 4371 est,
2642 4314 2697 4362 et
2748 4304 2894 4375 quod
2939 4311 3025 4360 est
3073 4312 3277 4368 manet,
3332 4292 3433 4359 nec
3486 4302 3659 4357 frater

407 4394 505 4461 φός
532 4409 677 4455 τινος
703 4393 845 4446 κατά
890 4392 1056 4463 φύσιν
1086 4393 1329 4462 λέγεται,
1372 4394 1526 4447 ποῖον
1554 4392 1648 4448 οὖν
1677 4393 1793 4460 ἔξει
1818 4394 1984 4450 τόπον

2092 4400 2421 4469 cuiusquam
2476 4408 2671 4454 natura
2706 4395 2930 4453 dicitur.
2982 4395 3119 4463 Quis
3143 4395 3308 4463 igitur
3341 4394 3397 4451 in
3434 4394 3521 4451 bis
3554 4395 3662 4451 I’ra-

405 4484 710 4555 ἀδελφότης
741 4484 801 4536 ιν
833 4484 1043 4547 τούτοις
1064 4499 1081 4549 ς

1023 4598 1135 4655 Καὶ
1164 4598 1363 4653 τοῦτο.

484 4693 546 4744 El
575 4692 779 4755 τέλειος
798 4691 827 4743 ὁ
854 4690 1064 4762 Πατὴρ,
1098 4693 1303 4747 τέλειον
1322 4693 1479 4750 ἔσται
1512 4694 1607 4748 καὶ
1630 4695 1689 4747 τὸ
1714 4692 1773 4759 ἐξ
1793 4693 1985 4747 αὑτοῦ.

412 4787 523 4839 Καὶ
554 4786 604 4839 ει
654 4785 789 4855 πρὸς
817 4784 993 4855 τούτῳ
1019 4785 1080 4838 τὺ
1129 4785 1300 4841 ἀῖδιον
1331 4787 1471 4859 ἔχει,
1504 4787 1675 4841 ἀΐδιον
1705 4788 1861 4841 ἔσται
1893 4789 1988 4840 καὶ

408 4881 475 4931 τὸ
504 4874 563 4941 ἐξ
616 4877 788 4930 ἀϊδίου
843 4877 1076 4946 Πατρος,
1136 4878 1238 4933 οὑκ
1290 4878 1738 4950 ἐπισυμεεὸηκδς
1785 4882 1851 4950 τῇ
1891 4878 1986 4932 τοῦ

408 4970 774 5038 γεννήσαντος
796 4968 976 5041 οὐσίᾳ,
1004 4969 1118 5023 ἀλλ’
1148 4970 1237 5023 ἀεὶ
1287 4972 1641 5042 συνυπάρχον
1672 4972 1835 5042 αὐτῇ,
1891 4971 1987 5024 καὶ

406 5060 509 5111 οὑκ
562 5058 752 5121 ἀτελὲς
790 5059 881 5113 διά
930 5059 995 5112 τὸ
1029 5061 1089 5113 ἑν
1113 5061 1293 5131 χρόνῳ
1348 5061 1607 5130 γενέσθαι
1639 5065 1782 5116 κατά
1807 5078 1982 5125 τινας.

406 5151 545 5204 ἀλλά
571 5150 777 5205 τέλειον
800 5151 892 5204 διά
927 5151 988 5205 τὸ
1023 5151 1132 5222 πρὸ
1156 5154 1358 5217 παντὸς
1394 5149 1538 5207 εἶναι
1563 5153 1775 5224 χρόνον.

1021 5350 1132 5405 Καὶ
1170 5351 1367 5406 τοῦτο.

492 5438 795 5502 Ἀντίοεσις
851 5440 954 5494 οὐκ
1001 5442 1209 5514 ἀληθὴς
1253 5445 1585 5515 ἀνατρέπειν
1631 5448 1865 5505 δοκοῦσα
1888 5450 1985 5504 τοῦ

406 5528 545 5587 Υίοῦ
576 5530 639 5582 τδ
670 5531 844 5585 ἀΐδιον
864 5533 1061 5598 οὕτως.
1095 5536 1158 5590 Ei
1190 5537 1368 5608 τομήν
1406 5555 1574 5609 φησιν
1607 5540 1641 5612 ἡ
1682 5540 1805 5596 θεία
1825 5542 1986 5612 φύσις

406 5624 509 5676 οὐκ
540 5621 874 5693 ἐπιδέχεται,
904 5625 992 5680 διὰ
1020 5627 1082 5681 τὸ
1111 5628 1187 5697 μὴ
1208 5624 1348 5683 εῖναι
1376 5630 1584 5694 πάθους
1605 5632 1855 5702 δεκτική.
1888 5628 1984 5697 Οἷς

408 5718 517 5787 γὰρ
542 5718 602 5769 τὸ
647 5717 875 5787 πάσχειν
904 5722 1045 5777 κατὰ
1096 5723 1255 5791 φύσιν
1291 5723 1548 5794 ὑπάρχει,
1600 5726 1812 5789 τούτοις
1837 5727 1982 5780 ἐστὶν

2090 4493 2331 4574 ιρι-υἱιδιί
2358 4492 2554 4548 locus?

2758 4603 2824 4658 Et
2854 4604 2987 4658 ha’c.

2162 4696 2217 4751 Si
2247 4696 2523 4766 perfectus
2544 4708 2631 4753 est
2663 4697 2843 4762 Pater,
2879 4695 3183 4767 perfectum
3209 4703 3315 4749 erit
3342 4703 3397 4749 et
3421 4692 3567 4763 quod
3591 4706 3658 4746 ex

2091 4790 2209 4859 ipso
2248 4799 2352 4846 est.
2387 4788 2446 4845 Si
2472 4799 2709 4845 aeternus
2739 4797 2998 4859 praeterea
3031 4796 3141 4849 est,
3173 4794 3432 4840 aeternum
3468 4785 3574 4838 erit
3606 4788 3662 4835 et

2089 4883 2163 4945 id,
2216 4883 2360 4952 quod
2414 4900 2480 4939 ex
2532 4882 2692 4937 Patre
2724 4891 2930 4937 aeterno
2987 4886 3093 4935 est.
3149 4877 3333 4948 Neque
3388 4875 3661 4947 gignentis

2088 4973 2406 5042 adjunctum
2441 4975 2715 5040 essentiae,
2745 4975 2837 5029 sed
2867 4988 2992 5029 cum
3026 4973 3143 5043 ipsa
3172 4970 3335 5028 simul
3362 4969 3659 5032 exsistens,

2095 5081 2221 5130 nec,
2256 5074 2313 5119 ut
2362 5065 2585 5134 quidam
2618 5067 2826 5127 volunt,
2884 5063 3262 5134 imperfectum
3312 5062 3441 5127 erit,
3476 5066 3662 5128 utpote

2093 5153 2299 5210 factum
2328 5156 2380 5209 in
2413 5163 2657 5224 tempore
2697 5155 2789 5211 sed
2823 5154 3148 5224 perfectum,
3174 5151 3318 5223 quod
3350 5159 3479 5206 ante
3500 5161 3660 5204 omne

2087 5256 2299 5315 tempus
2330 5247 2583 5302 exsistat.

2764 5359 2827 5413 Et
2859 5360 2989 5412 Iuro.

2159 5454 2519 5523 Argumenta,
2575 5452 2775 5522 quibus
2828 5451 2947 5506 Filii
2983 5458 3252 5506 conantur
3299 5452 3659 5507 aeternitatem

2085 5555 2349 5603 evertere.
2403 5544 2538 5602 falsa
2589 5555 2739 5599 sunt.
2778 5541 2835 5597 Si
2870 5543 3076 5608 divina,
3133 5544 3413 5611 inquiunt,
3465 5555 3659 5599 natura

2086 5639 2260 5693 secari
2296 5654 2402 5693 nou
2458 5646 2657 5709 potest,
2710 5636 2835 5705 quia
2877 5635 2931 5689 in
2990 5636 3138 5691 illam
3188 5637 3506 5696 aﬂ'emioues
3555 5656 3663 5692 non

2090 5729 2476 5797 caduntQuaa
2531 5731 2675 5788 enim
2738 5742 2932 5787 natura
2989 5735 3308 5792 alie-ctione:
3347 5737 3666 5801 admittunt,
