4086 6214
417 288 516 354 631
1658 283 2042 345 EU'l‘llYMII
2098 282 2459 346 ZlGABENl
3574 279 3679 343 632

417 408 770 476 claratusque
794 413 881 463 est
904 408 1068 468 etiam
1105 406 1220 476 ipse
1242 420 1364 469 esse
1388 403 1679 474 Christus;
1724 408 1769 463 si
1805 422 1934 463 vero
1956 420 1988 460 a

2117 406 2283 475 νέγονε
2316 404 2427 458 τῶν
2461 403 2541 464 εἰς
2572 401 2737 455 αὑτὸν
2777 398 3192 458 πιστευσάντων
3223 397 3457 470 Κύριος.
3494 400 3673 472 ἐφάνη

420 500 530 553 Ι)ρο
578 495 759 554 factus
785 513 906 555 csse
938 497 1203 555 Dominus
1242 496 1466 562 dicitur,
1492 498 1655 553 etiam
1710 498 1813 554 hoc
1843 506 1991 553 recte

2117 502 2148 554 ῑὲ
2176 501 2273 554 καὶ
2315 496 2476 559 αὐτὸς
2526 495 2604 550 ὣν
2647 495 2677 548 ὁ
2716 493 2954 567 Χριστός
2979 510 2994 524 ·
3040 494 3092 546 εί
3132 492 3191 547 δὲ
3221 494 3373 563 παρᾶ
3405 493 3543 547 Θεοῦ
3574 513 3684 547 πε-

418 592 603 646 habet.
644 590 910 663 Cognitus
940 591 1084 645 enim
1117 605 1213 660 per
1244 604 1409 660 opera
1439 606 1562 645 esse
1593 607 1750 646 terus
1779 592 1871 646 Dei
1898 590 1991 647 Fi-

2117 592 2354 664 ιοιῆσθαι
2400 591 2607 661 Κύριος
2661 587 2901 656 λέγεται,
2954 585 3050 641 καὶ
3100 585 3258 640 τοῦτο
3305 587 3419 656 ἔχει
3476 585 3682 649 καλῶς.

420 685 547 752 lius,
583 684 902 738 dominatur
932 681 987 737 in
1027 695 1125 737 eos
1158 680 1254 751 qui
1292 682 1423 736 olim
1449 678 1577 737 'non
1610 682 1989 748 crediderunt,

2117 683 2635 754 Ἐπιγινωσκόμενος
2687 683 2794 751 γὰρ
2840 682 2930 736 διὰ
2978 679 3086 733 τῶν
3131 680 3312 752 ἔργων
3363 678 3587 750 γνήσιόν
3619 696 3685 733 τε

420 776 636 845 propria
663 791 760 831 sua
788 772 1051 843 dignitate
1096 785 1151 829 et
1179 774 1362 831 Patris
1393 775 1676 831 nobilitate
1704 775 1808 847 ipsi
1837 775 1994 831 testi-

2117 779 2189 834 ιαὶ
2213 776 2465 847 ἀληθινὸν
2498 774 2595 830 τοῦ
2631 774 2767 830 Θεοῦ
2801 775 3070 843 γέννημα,
3113 771 3362 843 κυριεύει
3386 772 3499 824 τῶν
3524 771 3689 824 ἀπει-

421 868 663 924 monium
708 867 1031 937 perhibente
1088 876 1149 923 ut
1204 867 1339 924 Deo.
1399 868 1537 926 Cum
1586 870 1731 924 enim
1769 870 1997 925 omnino

420 958 673 1029 cognitus
702 959 775 1015 sit
806 974 929 1018 esse
968 958 1142 1023 Filius
1170 959 1288 1027 Dei,
1328 958 1505 1016 factus
1553 961 1716 1016 etiam
1751 972 1839 1017 est
1892 960 1999 1015 Do-

426 1051 606 1106 minus
639 1065 655 1105 :
693 1065 803 1106 non
826 1050 971 1120 quod
1006 1061 1135 1115 tunc
1164 1052 1402 1122 primum
1443 1051 1744 1108 exsistendi
1776 1052 1995 1107 initium

420 1145 694 1215 acceperit
721 1145 961 1216 (semper
994 1145 1140 1200 enim
1164 1154 1285 1200 erat
1315 1156 1370 1200 et
1399 1145 1540 1202 Deus
1600 1155 1655 1200 et
1688 1144 1997 1213 Dominus),

422 1237 516 1291 sed
552 1236 773 1306 quando
812 1252 840 1291 a
884 1236 1235 1298 credentibus
1266 1239 1522 1308 cognitus
1545 1246 1657 1300 est.
1683 1248 1796 1293 tum
1823 1237 1999 1293 factus

422 1338 508 1383 est
540 1328 622 1384 eis
651 1326 935 1385 Dominus.

561 1537 643 1595 Et:
676 1542 1022 1616 eudemlibrg
1064 1546 1119 1598 in
1163 1547 1261 1600 illa
1306 1548 1464 1602 verba
1501 1562 1518 1601 :
1562 1566 1579 1598 ι
1617 1547 1871 1616 Clariﬁca

975 1614 1175 1673 Filium
1224 1626 1394 1672 tuum.
1422 1635 1444 1669 ι

494 1710 755 1766 Servatur
785 1708 987 1771 alicubi
1016 1710 1081 1761 ad
1105 1708 1322 1764 Patrem
1356 1725 1515 1765 suum
1542 1708 1617 1764 ita
1643 1710 1758 1765 ait:
1796 1727 1816 1762 ι
1846 1708 2029 1775 Pater,

427 1802 577 1856 venit
634 1802 792 1869 hora,
849 1802 1091 1872 gloriﬁca
1149 1799 1350 1857 Filium
1404 1812 1557 1865 tuum
1588 1804 1628 1857 ¹.
1689 1822 1706 1855 ι
1765 1803 1823 1859 Si
1872 1820 2003 1874 ergo

426 1902 620 1949 exacte
646 1893 795 1948 novit
826 1894 1039 1958 horam,
1064 1908 1228 1964 quam
1254 1893 1470 1955 venisse
1486 1893 1645 1959 dicit,
1671 1894 1802 1963 quid
1823 1896 2009 1951 obstat

429 1984 728 2054 quominus
756 1995 809 2039 et
839 1984 988 2038 illam
1021 1984 1190 2051 norit,
1218 1999 1406 2055 quam,
1444 1992 1503 2038 ut
1534 1986 1720 2052 homo,
1753 1984 2009 2055 ignorare

429 2093 490 2134 se
519 2079 872 2147 iuquit,qnod
894 2077 948 2141 id
973 2077 1300 2139 humanitati
1323 2078 1633 2139 conveniat,
1660 2079 1806 2132 norit
1826 2087 2008 2133 autem

430 2173 656 2226 onminu
690 2180 750 2225 ut
783 2169 969 2224 Deus?
996 2171 1068 2232 At
1122 2185 1228 2224 non
1268 2179 1484 2239 oportet
1520 2171 1593 2224 ob
1642 2170 1782 2224 haue
1814 2185 2000 2225 vocem

433 2261 677 2318 Verbum
722 2261 815 2315 Dei
874 2261 1155 2326 incusare,
1186 2270 1242 2317 et
1280 2262 1644 2333 ignorantiam
1691 2272 1897 2316 temere
1931 2260 2012 2317 illi

435 2358 673 2429 objicere
694 2372 711 2423 ;
746 2355 839 2409 sed
862 2356 1045 2426 potius
1068 2355 1253 2417 mirari
1276 2368 1513 2408 amorcm
1539 2368 1650 2424 quo
1673 2370 1800 2425 erga
1818 2354 2014 2409 Imma-

439 2470 567 2507 uum
593 2466 768 2523 genus
791 2449 1064 2520 ﬂagravit,
1086 2465 1196 2519 quo
1216 2448 1485 2518 impulsus
1512 2463 1621 2503 non
1645 2447 1921 2503 recusavit
1943 2449 2012 2503 ad

437 2554 650 2600 tantam
687 2543 1052 2608 humilitatem
1077 2558 1195 2599 sese
1211 2542 1520 2610 demittere,
1546 2542 1805 2595 utomnia
1828 2549 2015 2596 nostra

438 2638 763 2708 susciperet,
798 2650 1028 2707 quorum
1056 2635 1220 2691 etiam
1258 2650 1429 2690 unum
1455 2644 1542 2691 est
1558 2632 1887 2706 ignorantia.

511 2814 891 2887 Interrogandi
937 2828 1065 2876 sunt
1126 2818 1313 2875 hostes
1361 2818 1609 2885 Christi,
1658 2819 2015 2891 quamobrem

445 2910 846 2973 Servatorcum
875 2913 1096 2981 angelos
1116 2922 1172 2969 et
1198 2911 1397 2968 Filiqu
1431 2912 1752 2979 nominarit,
1778 2911 2019 2983 Spiritus

2098 870 2337 927 θούντων
2372 870 2562 935 πάλαι,
2595 867 2679 939 τῷ
2706 884 2769 923 τε
2815 866 3004 938 οἰκείῳ
3047 865 3319 935 ἀξιώματι
3368 863 3464 919 καὶ
3510 866 3578 935 τῇ
3618 868 3689 920 ὲκ

2100 962 2312 1036 Πατρός
2348 962 2603 1034 εὐγενείᾳ
2640 959 3095 1031 μαρτυρούμενος
3139 958 3216 1022 ὡς
3253 958 3414 1020 Θεός.
3455 957 3687 1029 Ἐπειδὴ

2099 1055 2210 1125 γὰρ
2240 1055 2377 1117 ὅλως
2408 1052 2655 1125 ἐγνώσθη
2701 1051 2843 1106 Θεοῦ
2873 1049 3143 1122 ὑπάρχων
3177 1050 3325 1116 Υίδς,
3364 1050 3557 1117 γέγονε
3588 1048 3693 1103 λαὶ

2102 1147 2329 1218 Κύριος,
2357 1146 2421 1201 ού
2448 1145 2568 1200 τότε
2597 1144 2814 1215 πρώτον
2837 1144 2933 1198 τοῦ
2972 1140 3111 1196 εἶναι
3144 1142 3348 1212 Κύριος
3374 1141 3691 1212 ἀρξάμενος

2105 1237 2194 1313 (ἦν
2233 1243 2343 1311 γὰρ
2380 1240 2468 1294 ἀεὶ
2509 1240 2606 1291 καλ⁹
2634 1237 2771 1301 Θεὸς
2820 1237 2917 1291 καὶ
2956 1236 3207 1306 Κύριος),
3246 1234 3363 1291 ἀλλ’
3400 1237 3488 1288 ὅτε
3528 1234 3690 1305 παρά

2103 1336 2219 1397 τοῖς
2258 1332 2684 1387 πεπιστευκόειν
2723 1329 2993 1399 ἐγνώσθη,
3022 1329 3145 1383 τότε
3195 1326 3437 1398 γεγονὼς
3468 1327 3565 1382 καὶ
3594 1327 3689 1380 ἐπ’

2108 1428 2304 1491 αὐτοὺς
2333 1425 2561 1498 Κύριος.

2120 1542 2219 1597 Ἐκ
2257 1542 2366 1598 τοῦ
2398 1539 2589 1596 αὐτοῦ
2621 1540 3006 1666 ,βιϐέίνουῃὲίς
3035 1539 3106 1593 τό
3129 1553 3145 1569 ’
3204 1553 3226 1589 t
3254 1536 3531 1601 Δόξασόν
3569 1550 3695 1593 σου

2702 1628 2732 1665 τ
2958 1627 3014 1665 ν.
3056 1627 3076 1663 ι

2702 1627 2808 1665 τον
2856 1627 3014 1665 [ιον.
3056 1627 3076 1663 ι

2181 1704 2346 1774 Λέγει
2372 1721 2476 1763 που
2504 1705 2643 1775 πρὸς
2674 1706 2765 1758 τὸν
2792 1701 2988 1757 ἑαυτοῦ
3020 1703 3237 1774 Πατέρα
3263 1701 3652 1770 διαλεγόμενος
3674 1712 3694 1731 ⁸

2036 1763 2081 1823 Β
2114 1814 2134 1847 ε
2178 1763 2383 1864 ῐιάὲερ,
2421 1763 2681 1867 ἐλήλυθεν
2710 1794 2746 1863 ἡ
2785 1792 2928 1865 ὥρα,
2959 1763 3189 1859 δόξασόν
3224 1808 3319 1845 σου
3355 1763 3447 1843 τδη)
3486 1763 3643 1844 an;
3668 1809 3689 1843 ι

2113 1888 2177 1942 Εἰ
2210 1887 2391 1943 τοίνυν
2439 1883 2583 1942 οἶδεν
2620 1886 2872 1956 ἀκριϐῶς
2915 1886 3015 1957 την
3044 1886 3218 1955 ὥραν,
3251 1885 3319 1957 ἢν
3371 1884 3696 1956 ἐληλυθέναι

2111 1981 2348 2050 λέγει,τί
2368 1978 2430 2033 τὸ
2454 1979 2665 2033 κωλύον
2689 1979 2888 2033 εἰδέναι
2912 1980 3195 2047 κάκείνην,
3213 1979 3280 2051 ἢν
3305 1978 3383 2041 ὡς
3404 1978 3697 2050 ἄνθρωπος

2114 2075 2333 2143 ἀγνοεῖν
2382 2073 2482 2144 μέν
2512 2089 2649 2143 φησι
2682 2072 2770 2125 διὰ
2811 2072 2874 2125 τὸ
2910 2075 2979 2143 τῇ
3028 2070 3415 2143 ἀνθρωπότητι
3458 2072 3687 2141 πρέπον,

2114 2164 2223 2222 οἶδε
2254 2168 2312 2223 δὲ
2340 2168 2559 2233 πάντως
2593 2167 2669 2230 ὡς
2699 2166 2870 2232 Θεόςς
2918 2166 3042 2237 Χρὴ
3069 2165 3126 2219 δὲ
3152 2166 3213 2219 ού
3250 2165 3342 2220 διὰ
3374 2164 3477 2237 τὴν
3509 2165 3689 2219 τοιαύ-

2115 2282 2216 2335 την
2244 2261 2428 2334 φωνὴν
2459 2262 2785 2331 κατηγορεῖν
2814 2259 2908 2313 τοῦ
2933 2259 3069 2313 Θεοῦ
3099 2259 3300 2325 Δό,·ου,
3321 2261 3421 2314 καὶ
3448 2258 3700 2330 ῥιψοκιν-

2115 2359 2287 2420 δύνως
2320 2357 2545 2425 ἄγνοιαν
2572 2353 2722 2424 αὐτῷ
2756 2354 3096 2424 προσάπτειν
3138 2352 3261 2406 τινά
3284 2369 3300 2384 ·
3324 2351 3460 2405 ἀλλά
3487 2352 3699 2421 μᾶλλον

2120 2447 2425 2517 θαυμάζειν
2454 2446 2620 2501 αὑτοῦ
2654 2445 2753 2517 τὴν
2781 2444 3224 2515 φιλανθρωπίαν,
3255 2445 3317 2498 ού
3350 2460 3699 2514 παραιτησα-

2121 2543 2287 2613 μένου
2317 2541 2407 2595 διὰ
2434 2539 2533 2611 τὴν
2558 2540 2637 2603 είς
2666 2540 2814 2610 ἡμᾶς
2840 2538 3124 2607 ἀγάπησιν
3155 2538 3238 2601 είς
3269 2536 3533 2606 τοσαύτην
3559 2536 3696 2590 ἑαυ-

2119 2640 2212 2691 τὸν
2254 2635 2588 2690 ταπείνωσιν
2621 2633 2979 2702 καταγαγεῖν,
3007 2631 3085 2693 ὡς
3125 2631 3303 2685 πάντα
3350 2632 3581 2701 φορέσαι
3619 2627 3696 2685 τὰ

2123 2731 2302 2802 ἡμῶν,
2329 2726 2405 2784 ὧν
2436 2729 2495 2782 ἓν
2518 2728 2761 2799 ὑπάρχει
2793 2728 2890 2780 καὶ
2920 2727 2953 2797 ἡ
2984 2726 3200 2795 ἄγνοια.

2207 2819 2545 2891 Ἐρωτητέον
2583 2819 2712 2879 τοὺς
2742 2817 3171 2887 χριπομάχους,
3198 2817 3324 2872 ὅτου
3358 2816 3422 2889 δὴ
3472 2818 3581 2888 χάρ
3607 2838 3636 2873 ν
3667 2819 3698 2871 ὁ

2123 2914 2317 2982 Σωτὴρ
2352 2911 2614 2980 ἀγγέλους
2667 2910 2759 2964 καὶ
2799 2908 2927 2962 Υίὸν
2968 2909 3269 2977 ὀνομάσας,
3322 2909 3559 2977 οὐδαμοῦ
3600 2907 3701 2963 τοῦ

446 3002 775 3057 mentionem
821 3014 1090 3075 nusquam
1160 2998 1393 3053 fecerit?
1452 2997 1566 3052 Non
1634 2998 1776 3052 enim
1829 2997 2011 3053 dixit:

2118 2995 2435 3068 Πνεύματος
2462 2998 2754 3066 ἐποιήσατο
2783 2996 3039 3066 μνήμην;
3069 2996 3144 3050 Ub
3172 2996 3281 3067 γὰρ
3304 2998 3523 3068 εἴρηκεν
3542 3013 3556 3027 ·
3586 2999 3705 3051 Οὐκ

445 3090 562 3147 Non
627 3091 777 3147 novit
833 3090 1091 3163 Spiritus,
1113 3092 1232 3157 sed,
1263 3110 1279 3141 ι
1319 3088 1434 3144 Νοι.
1464 3098 1662 3144 norunt
1687 3088 1887 3160 angeli,
1920 3104 2016 3144 ne-

445 3199 553 3250 que
599 3184 749 3237 norit
783 3183 983 3251 Filius;
1022 3192 1225 3251 ratque
1269 3184 1369 3237 hoc
1409 3180 1625 3250 quidem
1661 3180 2015 3251 simpliciter:

446 3289 554 3327 non
586 3275 729 3328 enim
754 3274 971 3345 adjecit,
1008 3274 1123 3329 Dei.
1160 3274 1502 3331 Manifestum
1547 3277 1711 3346 igitur
1737 3282 1823 3328 est
1873 3270 2015 3342 quod

445 3361 666 3431 angelos
698 3361 977 3433 ignorasse
1005 3363 1223 3429 dixerit,
1262 3372 1320 3418 ut
1362 3373 1666 3419 creaturas.
1697 3361 1836 3418 Cum
1888 3373 2017 3416 vero

447 3454 729 3524 discipulis
760 3455 813 3509 id
836 3454 1017 3511 dicere
1059 3450 1246 3522 n'ollet,
1275 3453 1344 3508 ob
1371 3453 1697 3510 ineffabilem
1728 3454 2014 3523 quamdam

448 3544 643 3599 divime
664 3544 1150 3609 administrationis
1176 3555 1229 3601 et
1261 3544 1475 3605 consilii
1505 3543 1809 3600 rationem:
1834 3561 1853 3594 ι
1884 3539 2019 3609 Quis

447 3637 589 3688 enim
638 3635 787 3697 novit
833 3648 1066 3692 mentem
1115 3634 1350 3700 Domini,
1384 3644 1477 3695 aut
1509 3635 1631 3706 quis
1676 3633 2019 3691 consiliarius

446 3726 563 3793 ejus
606 3725 707 3786 l'uit
758 3723 825 3781 'l
863 3746 881 3779 ι
931 3743 999 3782 ne
1048 3730 1318 3784 rideretur
1363 3727 1483 3783 illos
1517 3727 1619 3783 hoc
1662 3727 1843 3782 celare
1882 3724 2018 3780 velle

445 3832 617 3886 eoque
644 3818 860 3874 nomine
887 3818 1007 3875 illos
1024 3834 1259 3875 mcerore
1281 3819 1517 3886 allicere,
1550 3818 1709 3884 dixit,
1732 3833 1799 3873 ne
1821 3816 2015 3871 Filiqu

445 3909 663 3979 quidem
699 3909 799 3964 hoc
831 3924 1032 3977 nosse;
1062 3909 1300 3964 humano
1334 3924 1485 3964 more
1512 3910 1579 3965 de
1605 3923 1667 3966 se
1690 3908 1934 3978 loquens,
1961 3915 2018 3960 nt

448 4001 608 4053 homo
633 4017 646 4055 :
674 4008 728 4053 et
752 4000 994 4054 omnium
1025 3999 1242 4053 interim
1274 3998 1523 4053 notitiam
1551 3998 1655 4053 sibi
1685 4011 1931 4061 servans,
1961 4006 2019 4051 ut

451 4089 609 4143 Deus.
640 4090 847 4145 Idcirco
894 4089 1039 4144 enim
1084 4105 1190 4145 non
1238 4090 1403 4154 dixit,
1443 4089 1707 4158 Spiritum
1740 4090 2014 4160 ignorare.

447 4180 580 4234 Nam
608 4181 653 4234 si
682 4182 904 4249 spiritus
934 4180 1116 4237 omnia
1142 4191 1437 4243 scrutatur.
1460 4182 1624 4236 etiam
1658 4182 1869 4236 occulta
1901 4181 2019 4250 Dei,

447 4282 504 4326 ut
534 4272 792 4340 scriptum
824 4282 909 4339 est
973 4272 1025 4337 ',
1056 4276 1203 4329 norit
1234 4274 1474 4343 profecto
1492 4273 1673 4327 omnia
1688 4288 1809 4343 quae
1827 4273 1878 4328 in
1904 4275 2020 4344 ipso

2118 3083 2223 3140 οἶδε
2254 3086 2315 3140 τὺ
2351 3086 2596 3157 Πνεῦμα,
2638 3086 2753 3140 ἀλλ’
2786 3106 2804 3139 ι
2832 3087 2946 3140 Οὐκ
2995 3087 3174 3141 ἴσασιν
3202 3089 3253 3141 oi
3296 3087 3549 3156 ἄγγελοι.
3590 3089 3705 3143 οὐδ’

2117 3173 2255 3231 οἶδεν
2301 3178 2330 3231 ὁ
2380 3177 2537 3241 Υίόςσ
2573 3196 2591 3230 ι
2649 3178 2743 3231 καὶ⁸
2786 3177 2944 3231 τοῦτο
2988 3178 3408 3251 ἀπολελυμὲνως
3432 3197 3446 3212 ι
3485 3180 3546 3234 οὐ
3593 3180 3704 3253 γάρ

2119 3267 2494 3339 προστέθεικε,
2523 3269 2618 3322 τοῦ
2650 3268 2806 3324 Θεοῦ.
2838 3270 3009 3339 Δῆλον
3037 3267 3131 3323 οὖν
3163 3271 3247 3324 ὅτι
3278 3271 3550 3341 ἀγγέλους
3593 3272 3699 3342 μὲν

2118 3359 2318 3430 ἔφησεν
2360 3361 2577 3430 ἀγνοεῖν
2603 3360 2681 3425 ὡς
2707 3359 3002 3432 χτίσματα.
3048 3363 3237 3417 Eia-etv
3269 3362 3328 3417 δὶ
3373 3366 3487 3429 τοῖς
3520 3364 3705 3435 μαθηο

2117 3455 2236 3517 ταῖς
2261 3453 2323 3507 ού
2351 3451 2605 3523 θελήσας,
2632 3453 2722 3509 διά
2750 3471 2876 3508 τινα
2916 3454 3075 3523 λόγον
3102 3455 3418 3525 οἰκονομίας
3457 3456 3706 3526 ἀπόρρη·

2117 3560 2228 3597 τον*
2269 3562 2288 3597 ι
2316 3542 2412 3607 Τίς
2432 3543 2540 3616 γάρ
2578 3544 2719 3615 ἔγνω
2750 3543 2875 3599 νοῦν
2918 3544 3148 3617 Κυρίου,
3191 3547 3225 3617 ἢ
3269 3546 3355 3610 τίς
3400 3546 3711 3617 σύμϐουλος

2118 3632 2283 3689 αὑτοῦ
2326 3634 2576 3702 ἐγένετο,
2610 3654 2628 3689 ι
2661 3637 2750 3691 ἶνα
2784 3637 2861 3708 μὴ
2895 3637 3157 3709 φαίνηται
3186 3637 3445 3708 κρύπτων
3473 3639 3706 3703 αὐτοὺς.

2119 3728 2213 3782 καὶ
2242 3725 2330 3781 διὰ
2358 3727 2518 3782 τοῦτο
2544 3728 2786 3801 λυπήσῃ,
2826 3728 2923 3784 καὶ
2962 3729 3055 3784 τὸν
3092 3729 3221 3783 Υίδν
3275 3730 3448 3801 ἔφησε
3505 3732 3582 3801 μὴ
3628 3733 3711 3784 εί-

2117 3819 2283 3881 δέναι,
2300 3817 2784 3892 ἀνθρωπινώτερον
2809 3820 2906 3889 μὲν
2929 3820 3058 3890 περὶ
3078 3820 3275 3875 ἑαυτοῦ
3298 3822 3496 3890 λέγων,
3518 3822 3709 3893 ὥσπερ

2119 3909 2249 3981 περὶ
2273 3909 2561 3980 ἀνθρώπου
2581 3928 2594 3942 ·
2629 3910 2913 3981 φυλάττων
2937 3911 2994 3966 δὲ
3019 3912 3199 3983 ἐαυτῷ
3223 3913 3285 3967 τὸ
3311 3914 3514 3969 εἰδέναι
3543 3915 3710 3971 πάλιν

2119 4002 2298 4057 πάντα
2318 4000 2393 4065 ὡς
2418 4002 2572 4065 Θεός.
2597 4002 2697 4057 Διά
2722 4004 2831 4074 γὰρ
2854 4002 3010 4058 τοῦτο
3039 4004 3159 4058 οὐδὲ
3183 4004 3246 4058 τὸ
3265 4007 3491 4079 Πνεῦμα
3506 4007 3711 4078 ἔφησεν

2120 4093 2358 4161 ἀγνοεῖν.
2394 4095 2458 4148 Εἰ
2493 4094 2602 4167 γὰρ
2630 4094 2693 4149 τὸ
2744 4094 2971 4166 Πνεῦμα
3014 4095 3193 4152 πάντα
3229 4098 3454 4169 ἐρευνᾷ,
3499 4099 3595 4153 καὶ
3639 4099 3713 4153 τά

2121 4183 2259 4255 βάθη
2291 4186 2387 4239 τοῦ
2415 4186 2571 4251 Θεοῦ,
2601 4187 2745 4242 καθά
2781 4187 3111 4257 γέγραπται,
3129 4184 3238 4243 οἶδε
3265 4189 3506 4260 δηλονότι
3528 4189 3711 4244 πάντα

2119 4276 2189 4330 τά
2232 4277 2290 4329 ἐν
2317 4275 2483 4346 αὐτῷ.
2528 4278 2639 4333 Καὶ
2667 4279 2800 4333 εἰτὸ
2829 4280 3054 4350 Πνεῦμα
3088 4279 3151 4334 τὸ
3192 4281 3369 4335 πάντα
3401 4280 3567 4345 εἱδὸς,
3614 4284 3713 4336 καὶ

448 4375 589 4417 sunt.
635 4363 784 4430 Quod
830 4363 875 4419 si
914 4362 1149 4434 Spiritus
1185 4366 1273 4435 qui
1332 4365 1514 4419 omnia
1557 4363 1682 4442 scit,
1728 4366 2014 4434 omniaque

2120 4368 2189 4422 τά
2220 4368 2398 4423 πάντα
2426 4368 2889 4440 περιεργάζεσθαι
2920 4369 3239 4439 δυνάμενον,
3269 4371 3422 4438 παρά
3454 4369 3549 4423 τοῦ
3578 4370 3711 4424 Υἱοῦ

448 4454 723 4523 inquirere
769 4463 971 4525 potest,
1002 4471 1032 4508 a
1069 4454 1207 4510 Filio
1238 4456 1436 4526 accipit
1471 4472 1485 4508 :
1530 4474 1549 4507 ι
1590 4456 1683 4510 Ille
1725 4456 1893 4519 enim,
1932 4456 2016 4509 iu-

332 4618 337 4623 1
449 4544 665 4613 qnit,de
694 4559 814 4599 meo
837 4543 1064 4614 accipiet
1092 4542 1145 4615 ⁸,
1175 4564 1194 4599 ι
1215 4546 1485 4615 quomodo
1513 4545 1683 4603 Filius
1710 4538 2020 4601 censebitur

449 4634 720 4707 ignorare,
745 4637 835 4701 qui
866 4636 1092 4707 Spiritui
1127 4641 1306 4695 omnia
1339 4638 1533 4695 scienti
1561 4639 1915 4708 suppeditat?

529 4736 613 4792 Ex
637 4740 819 4792 eodem
850 4734 984 4789 libro
1012 4734 1066 4787 in
1104 4749 1166 4787 ea
1200 4730 1400 4795 verba:
1448 4751 1467 4784 ι
1523 4730 1600 4786 De
1647 4729 1743 4784 illa
1780 4741 1955 4784 autent

997 4804 1081 4858 die
1116 4814 1207 4856 aut
1240 4802 1393 4855 hora.
1439 4821 1457 4853 ι

529 4900 585 4956 Si
613 4898 800 4955 omnia
853 4911 977 4969 qua:
1026 4896 1190 4955 habet
1240 4894 1427 4961 Pater,
1464 4903 1595 4950 sunt
1629 4894 1777 4963 Filii,
1824 4908 1885 4950 ut
1914 4894 2032 4964 ipse

453 5000 729 5047 testatur:
760 4997 815 5043 at
849 4986 1009 5043 Pater
1060 4989 1314 5042 ultimum
1355 4988 1509 5049 illum
1557 4990 1700 5043 diem
1735 4995 1793 5043 et
1834 4987 2030 5043 horam

456 5085 646 5140 novit:
691 5093 840 5139 certe
863 5083 1024 5137 etiam
1055 5080 1228 5136 Filius
1245 5081 1409 5137 norit.
1449 5082 1525 5136 lta
1551 5081 1698 5136 enim
1728 5095 1858 5137 vere
1882 5081 2034 5137 dixe-

457 5176 530 5233 rit
562 5194 576 5232 :
620 5195 638 5229 ι
683 5174 881 5232 Omnia
918 5190 1039 5246 qua:
1067 5174 1232 5230 habet
1259 5172 1445 5240 Pater,
1477 5188 1595 5228 mea
1626 5178 1835 5228 sunth

539 5379 623 5437 Ea:
644 5380 826 5437 eodem
854 5378 989 5435 libro
1014 5380 1076 5464 in
1106 5397 1170 5435 ea
1217 5382 1407 5463 verba:
1449 5402 1467 5440 ι
1508 5381 1575 5436 Et
1606 5382 1787 5436 omnia
1817 5384 1963 5437 dedit

1008 5467 1064 5507 ιη
1091 5468 1252 5506 manu
1287 5468 1425 5521 ejus.
1470 5471 1489 5505 ι

532 5542 654 5599 Non
684 5543 808 5599 ideo
855 5544 1058 5600 dicitur
1092 5544 1265 5602 Filius
1300 5562 1329 5598 a
1360 5543 1524 5600 Patre
1551 5548 1850 5616 accepisse,
1891 5547 2037 5617 quod

466 5646 623 5697 antea
650 5650 763 5689 non
795 5637 1064 5693 habuerit.
1089 5638 1264 5694 Habet
1282 5640 1427 5703 enim
1450 5642 1794 5702 naturaliter.
1818 5658 1941 5695 cum
1966 5642 2038 5696 sit

538 5737 550 5765 ¹
592 5735 750 5800 Joan.
790 5753 919 5793 ιιι-ιι.
959 5741 1007 5793 ι.
1089 5741 1107 5771 ’
1147 5740 1247 5798 lsa.
1280 5759 1369 5811 XL,
1403 5743 1505 5811 15;
1544 5745 1700 5800 llom.
1737 5761 1811 5813 ιι,
1841 5747 1928 5802 ει.
2010 5747 2014 5776 λ

2117 5743 2229 5802 lor.
2265 5764 2329 5816 tt,
2363 5749 2447 5805 lt).
2528 5748 2724 5806 ‘Joan.
2758 5767 2873 5821 xw,
2905 5753 2989 5809 14.

2122 4457 2409 4528 λαμϐάνει·
2452 4476 2471 4509 ι
2508 4459 2715 4513 Ἐκεῖνο
2755 4458 2886 4532 γὰρ,
2926 4460 3111 4530 φησιν,
3141 4459 3199 4525 ἐξ
3230 4461 3364 4529 ἐμοῦ
3396 4460 3622 4531 λήψεται
3643 4477 3657 4491 ·
3685 4478 3705 4512 ε

2124 4549 2242 4614 πῶς
2277 4550 2306 4601 ὁ
2338 4549 2509 4618 Λόγος
2535 4550 2739 4620 ἀγνοεῖ,
2764 4551 2794 4603 ὁ
2821 4550 2913 4605 τοῦ
2946 4552 3124 4605 πάντα
3153 4550 3351 4615 εἰδότος
3393 4552 3713 4622 Πνεύματος

2126 4642 2395 4712 χορηγόςς

2149 4735 2244 4787 Ἐκ
2275 4731 2381 4787 τοῦ
2410 4732 2597 4807 αὐτοῦ
2619 4732 2865 4807 ,βιϐλίου
2892 4734 2981 4807 είς
3002 4733 3147 4807 Ῑὸχι
3172 4735 3314 4804 Περὶ
3348 4735 3457 4805 τῆς
3486 4734 3717 4807 ἡμέρας

2523 4802 2765 4872 ἐκείνης
2821 4803 2918 4856 καί
2955 4802 3064 4872 τῆς
3091 4802 3267 4875 ὥρας-ζ
3300 4824 3319 4857 ι

2212 4898 2271 4952 ει
2299 4897 2480 4952 πάντα
2523 4899 2624 4951 ὅσα
2669 4899 2785 4968 ἔχει
2814 4899 2843 4952 ὁ
2872 4900 3063 4969 Πατὴρ
3097 4897 3194 4952 τοῦ
3234 4898 3366 4955 Υίοῦ
3400 4899 3539 4966 ἔστι,
3567 4899 3717 4955 καθά

2140 5009 2307 5061 φησιν
2332 4991 2517 5060 αὐτὸς,
2538 4993 2651 5063 ἔχει
2676 4993 2730 5046 δὲ
2761 4992 2788 5045 ὁ
2815 4990 3004 5062 Πατὴρ
3027 4991 3123 5063 τὴν
3152 4993 3357 5060 γνῶσιν
3379 4991 3480 5064 τῆς
3500 4992 3719 5062 ἡμέρας

2142 5082 2367 5151 καὶτῆς
2403 5082 2553 5153 ὥρας
2586 5083 2826 5151 ἐκείνης,
2857 5082 2972 5152 ἔχει
3011 5082 3260 5153 δηλονότι
3305 5083 3517 5154 ταύτην
3564 5084 3660 5136 καὶ
3691 5085 3722 5137 ὁ

2146 5174 2294 5239 Υἱός.
2321 5175 2480 5229 Οὕτω
2514 5174 2624 5247 γάρ
2650 5174 2945 5245 ἀληθεύσει
2974 5178 3146 5246 λέγων
3170 5192 3185 5209 ·
3214 5194 3234 5229 ι
3264 5175 3451 5231 Πάντα
3480 5177 3581 5231 ὅσα
3606 5176 3722 5247 ἔχει

2146 5272 2174 5323 ὁ
2203 5269 2412 5341 Πατὴρ,
2443 5271 2552 5338 ὲμά
2583 5272 2753 5327 ἐστιν.
2792 5290 2813 5325 ι

2150 5382 2261 5438 Τοῦ
2294 5383 2484 5439 αὐτοῦ
2501 5382 2747 5448 βιϐλίου
2774 5385 2863 5448 είς
2891 5385 2961 5437 τό
2979 5401 2993 5415 ·
3030 5404 3051 5436 ι
3083 5384 3193 5439 Καὶ
3226 5384 3431 5441 πάντα
3458 5382 3716 5439 δέδωκεν

2602 5454 2672 5508 ἐν
2697 5452 2770 5522 τῇ
2803 5453 2955 5523 χειρί
2989 5455 3198 5510 αὑτοῦ.
3240 5474 3260 5508 ι

2214 5549 2290 5601 Οὐ
2324 5547 2415 5601 διὰ
2461 5547 2523 5601 τὸ
2569 5548 2644 5618 μὴ
2687 5546 2834 5617 ἔχειν
2884 5550 2915 5601 ὁ
2961 5548 3111 5615 Υίὸς,
3160 5551 3447 5621 εἰληφέναι
3499 5549 3725 5618 λέγεται

2145 5641 2298 5719 παρὰ
2323 5640 2417 5694 τοῦ
2442 5640 2678 5711 Πατρός.
2697 5642 2851 5713 Ἔχει
2872 5644 2980 5713 γὰρ
3008 5644 3275 5719 φυσικῶς,
3296 5645 3427 5708 εδιος
3451 5643 3527 5698 ὢν
3550 5640 3727 5701 αὐτοῦ

3094 5753 3113 5784 ⁵
3134 5750 3271 5809 ibid.
3309 5743 3397 5806 15.
