4086 6214
446 284 558 349 638

1419 294 1795 357 PANOPLIA
1833 294 2298 359 DOGMATICA.
2322 320 2392 331 ·-·
2427 297 2583 362 ΤΙΤ.
2614 298 2723 361 XI.

3588 299 3694 365 63S

439 422 611 492 Λόγος
644 423 742 478 καὶ
767 423 1132 497 ἀπαύγασμα,
1165 426 1343 482 πάντα
1369 426 1439 482 τὰ
1471 428 1662 493 αὑτοῦ,
1703 430 1827 500 δίχα
1861 430 2000 501 μόνω

2124 434 2398 503 proprium
2429 433 2545 502 ejus
2580 434 2810 491 Verbum
2838 445 2893 490 et
2919 434 3204 504 splendor,
3233 435 3414 489 omnia
3440 449 3558 504 quae
3590 430 3694 488 Pa-

438 516 532 569 τοῦ
560 511 701 570 εἶναι
732 518 827 572 καὶ
875 518 1130 588 λέγεσθαι
1178 520 1389 592 Πατήρ.
1418 520 1581 589 Λέγει
1627 522 1685 575 δὲ
1741 522 2024 592 εἰληφέναι

440 608 592 679 παρὰ
611 607 707 662 τοῦ
746 609 981 680 Πατρὸς,
1018 612 1366 682 προαναιρῶν
1408 611 1483 676 ὡς
1509 612 1641 676 Θεὸς
1671 612 1772 677 τὰς
1803 613 1912 666 τῶν
1939 613 2024 665 αἱ·

442 704 672 774 ρετικῶν
702 703 971 768 ὑπονοίας.
1004 702 1118 758 Ἰνα
1145 703 1253 775 γὰρ
1294 706 1367 776 μή
1406 722 1489 769 τις
1526 706 1615 759 τὴν
1640 705 1769 758 Υίδν
1804 704 2023 777 θεωρῶν

438 798 618 851 πάντα
658 796 727 851 τὰ
773 798 869 851 τοῦ
922 797 1133 869 [ἰατρὸς
1166 797 1359 868 ἔχοντα
1401 799 1467 851 ἐκ
1509 799 1607 868 τῆς
1653 799 1855 867 πολλῆς
1899 797 2022 852 λίαν

435 889 753 959 ὁμοιότητος
779 890 872 942 καὶ
904 888 1330 959 ἀπαραλλάκτου
1360 889 1687 959 ταυτότητος
1709 889 1907 960 νομίσῃ
1928 888 2019 943 τὸν

434 979 601 1031 αὑτὸν
628 976 766 1032 εῖναι
800 979 1019 1050 Πατέρα
1049 980 1144 1033 καὶ
1172 978 1319 1045 Υίὸν,
1372 980 1467 1034 καὶ
1488 981 1571 1044 είς
1598 982 1696 1052 τὴν
1731 981 2019 1035 ὶῖαόελλίου

436 1069 649 1139 πλάνην
685 1070 915 1144 ὶκπὲσῃ.
973 1071 1293 1139 ἀναγκαίως
1349 1072 1629 1143 εἰληφέναι
1680 1074 1817 1143 φησὶ
1867 1073 2021 1146 παρὰ

433 1160 673 1231 Πατρδς,
706 1161 953 1229 φυσικῶς
1010 1160 1169 1215 τοῦτο
1199 1161 1357 1233 ἔχων·
1391 1163 1456 1217 ἵν’
1479 1164 1508 1217 6
1548 1163 1707 1230 λόγος
1746 1164 2019 1236 εἰσφέρων

431 1255 531 1308 ἕνα
561 1254 658 1323 μὲν
699 1254 790 1308 τὸν
837 1254 1066 1319 διδόντα,
1109 1254 1359 1325 δεύτερον
1391 1254 1448 1308 δὲ
1486 1255 1577 1309 τὸν
1600 1255 1907 1327 δεχόμενον,
1961 1258 2019 1311 ὲν

435 1344 765 1409 ἰδιαζούσαις
796 1345 1123 1399 ὑποστάσεσι
1146 1345 1311 1400 δυάδα
1334 1346 1554 1417 δεικνύῃ
1592 1347 1652 1399 ού
1690 1347 1870 1417 μόνοις
1896 1348 2017 1401 ὀνό-

433 1453 570 1505 μασι
600 1436 1071 1506 διαστελλομένην.
1098 1437 1256 1499 Ἵδιος
1301 1437 1359 1491 δὲ
1389 1436 1465 1490 ὣν
1501 1437 1596 1490 τοῦ
1630 1439 1841 1507 Πατρὸς
1865 1441 1894 1493 6
1916 1439 2018 1492 Λό-

2125 524 2259 579 tris:
2288 533 2516 594 excepto
2534 540 2600 579 eo
2619 526 2758 593 quod
2775 540 2949 595 neque
2968 526 3062 592 sit,
3082 540 3259 594 neque
3277 525 3493 579 dicatur
3511 524 3693 577 Pater.

2123 613 2265 670 Ilicit
2296 624 2475 669 autem
2500 631 2558 669 se
2582 617 2859 685 accepisse
2892 632 2923 671 a
2971 615 3154 680 Patre,
3202 629 3593 685 praoccupaus
3639 622 3695 668 et

2124 703 2334 769 tollens,
2364 714 2423 758 ut
2450 707 2609 770 Deus,
2638 706 3013 761 lucreticorum
3045 707 3433 773 suspicionem.
3465 704 3598 758 Nam
3628 718 3695 759 ne

2120 796 2422 865 quispiam,
2461 797 2658 851 Filium
2688 800 3058 867 contemplans
3073 798 3357 853 habentem
3372 796 3547 849 omnia
3574 810 3694 862 qua:

2119 886 2302 951 Pater,
2331 889 2605 942 existimet
2635 890 2703 943 ob
2734 905 2999 944 summam
3028 892 3164 945 hanc
3200 887 3613 944 similitudinem
3639 894 3694 937 ct

2119 979 2488 1034 omnimodam
2521 979 2862 1035 identitatem
2896 981 3072 1051 ipsum
3115 995 3236 1036 esse
3277 979 3493 1034 Patrem
3526 976 3691 1031 simul

2117 1078 2172 1123 et
2204 1066 2420 1135 Filium,
2470 1078 2525 1124 et
2569 1068 2622 1122 in
2672 1067 2892 1125 Sabellii
2928 1084 3171 1125 errorem
3220 1066 3446 1129 incidat,
3484 1065 3691 1119 utiliter

2117 1160 2405 1214 admodum
2432 1173 2491 1215 se
2520 1175 2549 1214 a
2577 1159 2736 1215 Patre
2764 1160 3041 1229 accepisse
3084 1158 3219 1211 dicit
3242 1195 3258 1219 ,
3306 1172 3429 1210 cum
3466 1164 3689 1209 natura-

2119 1250 2242 1305 liter
2278 1250 2327 1304 id
2364 1251 2577 1316 habeat,
2606 1260 2667 1305 ut
2699 1252 2838 1306 ratio
2861 1252 2975 1319 ipsa
3010 1249 3252 1304 inferens
3280 1262 3447 1303 unum
3469 1246 3687 1316 quidem

2116 1354 2237 1395 esse
2268 1339 2358 1410 qui
2383 1339 2499 1403 dat,
2524 1340 2756 1395 alterum
2793 1341 2882 1409 qui
2924 1340 3171 1408 suscipit,
3209 1336 3530 1391 dualitatem
3565 1350 3689 1405 per-

2117 1444 2375 1483 sonarum
2410 1431 2699 1486 manifeste
2745 1430 3001 1485 ostendat
3055 1446 3161 1485 non
3211 1429 3343 1483 solis
3378 1426 3690 1481 nominibus

428 1542 548 1590 γος,
581 1526 677 1577 καὶ
706 1526 771 1578 ὲκ
801 1525 901 1594 τῆς
933 1525 1123 1589 οὐσίας
1158 1525 1325 1579 αὐτοῦ
1359 1523 1659 1597 προελθὼν,
1703 1527 1882 1579 πάντα
1917 1527 2000 1595 μὲι

2119 1523 2449 1577 distinctam.
2490 1521 2627 1577 Cum
2651 1537 2780 1577 vero
2805 1523 2874 1576 sit
2898 1524 3176 1590 proprium
3211 1521 3388 1575 Patris
3419 1517 3686 1581 Verbum,

427 1614 501 1667 τὰ
527 1615 621 1669 τοῦ
648 1614 861 1685 Πατρδς
893 1615 1076 1678 ἀϊδίως
1102 1614 1235 1685 ἔχει.
1273 1618 1411 1686 Παρ’
1438 1615 1604 1669 αὑτοῦ
1639 1616 1696 1669 δέ
1732 1633 1899 1685 φησιν
1933 1620 2013 1671 εί-

427 1702 663 1773 ληφέναι
694 1705 783 1759 διὰ
810 1705 873 1758 τὸ
899 1704 957 1773 ἐξ
992 1705 1158 1760 αὑτοῦ
1185 1705 1492 1778 προελθεῖν,
1515 1706 1762 1776 φυσικῶς
1782 1706 1922 1778 ἔχων
1946 1708 2015 1764 τὰ

429 1796 609 1852 πάντα
640 1797 911 1867 προσόντα
938 1796 1108 1869 αὐτῷ.

1044 1974 1151 2030 Kal
1181 1977 1377 2032 τοῦτο.

500 2064 831 2134 Εὑρίσκεταί
859 2083 960 2119 που
999 2067 1175 2136 λέγων
1209 2069 1239 2121 6
1271 2070 1464 2140 Σωτήρ
1486 2086 1499 2100 ·
1539 2090 1556 2123 ι
1591 2072 1798 2143 Ὠσπερ
1829 2076 1857 2126 6
1888 2076 2000 2127 Πα-

421 2157 529 2228 τὴρ
562 2159 676 2228 ἔχει
708 2157 855 2229 ζωὴν
888 2162 946 2213 ὲν
980 2160 1178 2230 ἐαυτῷ,
1209 2160 1354 2215 οὕτω
1403 2165 1496 2217 καὶ
1528 2164 1604 2234 τῷ
1634 2164 1750 2235 Υίῴ
1795 2167 1997 2220 δέδωκε

421 2250 569 2322 ζωὴν
607 2250 753 2321 ἔχειν
778 2252 839 2305 ἐν
869 2251 1049 2323 ἑαυτῷ
1068 2270 1082 2285 ·
1116 2272 1135 2306 ι
1162 2254 1299 2325 ὅπερ
1325 2254 1621 2308 ἀκόλουθον
1652 2255 1799 2310 οὕτω
1828 2259 1992 2312 νοεῖν.

391 2345 526 2396 -Δια
565 2344 663 2413 μὲν
692 2346 799 2416 γὰρ
828 2344 923 2398 τοῦ
949 2346 1152 2415 λέγειν,
1197 2365 1218 2401 ι
1267 2349 1499 2413 Δέδωκε,
1542 2368 1561 2402 s
1590 2350 1648 2402 τὸ
1679 2351 1743 2404 lx
1783 2351 1999 2420 Πατρδς

424 2439 573 2507 ἔχειν
602 2441 847 2508 φυσικῶς
873 2441 1148 2510 σημαίνει,
1179 2443 1272 2495 καὶ
1308 2444 1433 2496 καθ’
1459 2443 1761 2497 ὑπόστασιν
1800 2444 1993 2514 ἕτερον

423 2532 618 2584 ἑαυτὸν
647 2532 783 2602 πρὸς
821 2532 911 2584 τὸν
942 2533 1209 2586 δεδωκότα
1247 2533 1483 2588 δεικνύει
1509 2552 1524 2567 ⁵
1548 2534 1734 2604 ἕτερον
1762 2534 1819 2588 δὲ
1845 2535 1987 2603 λέγω

421 2627 583 2691 μὸνον
612 2624 692 2695 τῷ
732 2624 975 2694 ἀριθμῷ.
1000 2626 1100 2677 Διά
1133 2625 1189 2679 δὲ
1213 2625 1309 2679 τοῦ
1339 2627 1539 2696 λέγειν,
1579 2645 1598 2679 ι
1632 2628 1845 2696 ’Ὥσπερ
1880 2627 1995 2697 ἔχει

418 2721 448 2773 6
484 2718 693 2789 Πατὴρ,
710 2718 883 2780 οὕτως
907 2718 1021 2788 ἔχει
1048 2720 1140 2773 καὶ
1169 2721 1197 2773 6
1228 2719 1374 2783 Υἱὸς,
1407 2739 1426 2773 ι
1456 2719 1613 2790 δῆλός
1644 2722 1793 2774 ἔστιν
1818 2722 1995 2774 ἐκεῖνο

418 2812 712 2878 διδάσκων,
740 2813 822 2866 δτι
860 2810 1049 2881 ὥσπερ
1074 2812 1260 2875 ἀϊδίως
1289 2814 1403 2883 ἔχει
1442 2815 1469 2866 6
1502 2814 1694 2883 Πατὴρ
1726 2814 1784 2866 ιν
1815 2812 1995 2884 ἑαυτῷ

416 2907 519 2977 τὴν
570 2907 735 2980 ζωὴν,
765 2908 907 2963 οὕτω
961 2911 1058 2965 καὶ
1110 2909 1139 2961 6
1188 2909 1317 2972 Υἱὸς
1369 2908 1554 2971 ἀῖδίως
1589 2906 1705 2978 ἔχει
1754 2907 1902 2979 ζωὴν
1935 2910 1993 2961 ἐν

419 3000 621 3070 ἑαυτῷ.

1037 3089 1144 3148 Καὶ
1176 3091 1376 3146 τοῦτο.

496 3183 561 3238 Εἴ
593 3200 677 3247 τις
721 3184 801 3254 τῷ
836 3186 894 3238 ὲν
930 3184 1024 3238 τοῦ
1066 3184 1248 3255 φωτὸς
1292 3185 1694 3254 ἁπαυγάσματι
1738 3186 1997 3255 περιθείη

421 3272 630 3343 φωνὴν,
657 3271 775 3327 εἶτα
806 3275 965 3329 τοῦτο
996 3275 1143 3343 λόγοι
1168 3292 1179 3304 ’
1217 3268 1400 3330 Πάντα
1430 3293 1523 3347 μοι
1554 3275 1757 3331 δέδωκε
1786 3277 1846 3330 τὸ
1880 3278 1997 3347 φῶς

417 3367 489 3419 τὰ
518 3366 737 3430 ἑαυτοῦ,
767 3368 987 3435 φωτίζω
1024 3369 1132 3439 γὰρ
1154 3368 1344 3436 ῶσπερ
1369 3370 1546 3422 ἐκεῖνο
1572 3382 1589 3400 ⁸
1626 3365 1718 3439 ἄρ’
1757 3369 1995 3437 εὐλόγως

416 3458 486 3512 ἂν
515 3462 660 3514 εῐποι
688 3459 763 3530 μὴ
798 3461 1092 3531 ἐσχηκέναι
1118 3461 1249 3515 ποτὶ
1272 3462 1332 3513 τὸ
1363 3460 1712 3530 ἀπαύγασμα
1749 3462 1845 3516 τοῦ
1883 3479 1997 3529 φω-

420 3552 594 3615 τίζειν
619 3552 719 3617 τὴν
751 3552 1022 3621 δύναμιν;
1054 3552 1147 3605 καὶ⁸
1175 3552 1291 3615 πῶς
1339 3552 1683 3623 ἀπαύγασμα
1707 3547 1811 3624 ἧν;
1848 3552 1911 3606 El
1938 3553 1995 3606 δὲ

416 3646 513 3697 καὶ
548 3645 803 3713 φωτίζειν
830 3644 1127 3713 δυνάμενον
1151 3644 1240 3697 διὰ
1267 3644 1328 3697 τὸ
1357 3645 1535 3698 πάντα
1581 3645 1649 3699 τὰ
1686 3645 1782 3698 τοῦ
1815 3644 1996 3714 φωτὸς

418 3739 585 3808 ἔχειν,
614 3740 709 3791 καὶ
744 3738 1036 3803 γεννᾶσθαι
1063 3740 1225 3791 πάλιν
1263 3739 1323 3803 ἑξ
1346 3737 1568 3804 ἑαυτοῦ,
1595 3738 1875 3808 εἰληφέναι
1902 3739 1991 3791 λὲο

417 3848 504 3900 γει
543 3831 672 3901 παρ’
707 3833 896 3895 αὑτοῦ,
935 3831 1050 3894 πῶς
1097 3831 1197 3884 οὐκ
1243 3832 1445 3885 ἄτοπον
1480 3832 1557 3900 μὴ
1602 3833 1694 3884 καὶ
1747 3832 1909 3884 πλέον
1939 3848 1992 3884 τι

413 3920 511 3974 τοῦ
542 3921 980 3992 παραδείγματος
1002 3925 1143 3975 νοεῖν
1170 3924 1262 3975 ἐπὶ
1289 3922 1383 3977 τοῦ
1408 3924 1542 3976 Θεοῦ
1570 3922 1744 3992 Λόγου
1768 3940 1783 3987 ;
1809 3924 1995 3977 Πάντα

414 4013 527 4083 γὰρ
565 4012 703 4083 ἔχων
742 4014 988 4080 φυσικῶς
1018 4014 1085 4067 ix
1125 4015 1359 4086 Πατρδς,
1396 4015 1678 4087 sumptu:
1727 4016 1893 4084 φησιν
1935 4015 1995 4083 ἐξ

412 4104 583 4179 αὐτοῦ
613 4104 705 4157 διὰ
735 4104 799 4157 τὸ
836 4103 896 4171 ἐξ
941 4106 1106 4159 αὑτοῦ
1152 4107 1539 4177 γεγεννῆσθαι,
1588 4109 1728 4177 μετὰ
1772 4108 1993 4163 πάντων

411 4187 489 4249 ὧν
524 4191 655 4263 ἔχει.

430 4381 529 4431 Ἐκ
563 4380 669 4435 τοῦ
698 4379 886 4435 αὑτοῦ
927 4379 1174 4445 βιϐλίου
1202 4378 1511 4443 ἀντίθεσις
1555 4378 1868 4447 Ἀρειανῶν
1902 4380 1990 4445 εις

492 4452 559 4573 sed
586 4469 605 4535 ς
638 4452 803 4504 «Ἵνα
854 4450 1199 4519 γινώσκωσι
1224 4466 1298 4503 σε
1327 4449 1433 4502 τὸν
1453 4449 1651 4517 μόνον
1692 4448 1991 4517 ἀληθινὸν

539 4535 663 4573 εον.
696 4539 715 4572 s

539 4535 663 4576 εον.
696 4539 715 4572 ι

505 4633 657 4698 Ἰδοὺ,
693 4634 879 4702 φασὶν,
907 4633 1071 4696 αὐτος
1091 4635 1119 4686 6
1151 4634 1278 4695 Υἱὸς
1314 4632 1475 4700 μόνον
1506 4628 1647 4687 εἶναι
1693 4633 1827 4687 Θεὸν
1853 4633 1991 4704 ἁλη-

422 4724 568 4776 θινδν
599 4724 855 4793 ὁμολογεῖ
886 4724 978 4777 τὸν
1010 4725 1249 4795 Πατέρα.
1303 4724 1414 4777 Καὶ
1450 4724 1612 4787 αὐτὸς
1661 4724 1717 4778 δὲ
1745 4724 1980 4795 εὑρίσκει

417 4832 508 4867 ται
538 4817 566 4867 6
603 4816 790 4886 Πατὴρ
816 4818 989 4884 λέγων
1019 4834 1034 4849 υ
1075 4816 1225 4886 Ἐγὼ
1261 4816 1406 4883 Θεὸς
1436 4816 1689 4884 πρῶτος,
1748 4815 1863 4885 ἐγὼ
1889 4817 1989 4871 καὶ

412 4908 563 4975 μετὰ
588 4908 797 4970 ταῦτα.
830 4908 928 4962 καὶ
958 4909 1070 4962 οὐκ
1098 4908 1234 4962 ἐστι
1286 4907 1431 4974 Θεὸς
1472 4908 1639 4976 πλὴν
1660 4908 1824 4978 ἐμοῦ.
1868 4908 1993 4973 Πῶς

416 4998 509 5052 οὖν
536 5000 788 5066 είσάγετε
815 4999 893 5069 τῷ
926 5000 1128 5071 πρώτῳ
1148 5001 1245 5054 καὶ
1277 5000 1428 5070 μόνῳ
1451 5001 1543 5053 καὶ
1571 5000 1710 5053 κατὰ
1729 5000 1992 5069 ἀλήθειαν

413 5092 531 5145 ὄντι
554 5092 673 5163 Θεῷ
703 5092 799 5145 καὶ
818 5094 994 5162 Πατρὶ
1021 5094 1113 5147 τὸν
1138 5094 1266 5146 Υίδν
1286 5093 1361 5155 ὡς
1388 5092 1517 5145 ὄντα
1536 5093 1630 5144 καὶ
1650 5091 1815 5145 αὐτὸν
1846 5093 1990 5146 κατὰ

414 5183 583 5251 φύσιν
609 5184 778 5249 Θεόν;
836 5184 1053 5238 Είδὲναι
1099 5184 1207 5256 χρὴ
1266 5184 1507 5253 πρῶτον,
1540 5185 1735 5253 ὅτιπερ
1780 5183 1880 5236 οὐκ
1909 5184 1990 5245 είς

414 5275 700 5345 ἀναίρεσιν
728 5276 823 5329 τοῦ
860 5276 991 5330 Υἱοῦ
1020 5278 1090 5330 τὰ
1131 5273 1357 5328 τοιαῦτά
1387 5289 1551 5343 φησιν
1603 5274 1631 5325 6
1664 5274 1878 5343 Πατήρ.
1922 5274 1988 5326 Τί

412 5364 526 5436 γὰρ
558 5364 628 5439 ἧν
672 5369 735 5421 τὸ
768 5370 847 5432 εἰς
886 5368 1058 5422 ταῦτα
1090 5368 1265 5419 ἐλθεῖν
1308 5364 1652 5434 παροτρύνον
1702 5366 1897 5430 adadv;
1926 5366 1990 5418 Εί

415 5456 516 5524 μὲν
542 5457 651 5528 γὰρ
678 5459 755 5520 ὡς
776 5460 1065 5531 ἄνθρωπος
1090 5456 1167 5528 τῷ
1193 5456 1252 5523 ἐξ
1282 5454 1446 5509 αὑτοῦ
1476 5454 1793 5524 προελθόντι
1839 5455 1992 5523 φιλο-

412 5550 610 5615 νεικεῖ,
665 5550 856 5622 ὥσπερ
898 5554 927 5605 6
972 5550 1138 5604 Δασὶδ
1201 5545 1608 5617 πολεμούμενος
1639 5546 1744 5599 ὑπὸ
1771 5547 1881 5599 τῶν
1908 5548 1989 5600 ol-

506 5692 519 5719 ‘
549 5684 712 5753 Joau.
738 5708 786 5755 ν,
814 5692 902 5749 ‘26.
982 5692 1001 5722 ’
1029 5688 1184 5745 Joau.
1217 5699 1347 5749 xm,
1377 5684 1431 5739 5.
1510 5684 1530 5715 ³
1560 5682 1665 5741 lsa.
1707 5701 1873 5754 sunt,
1908 5688 1992 5741 ιυ.

982 5692 1001 5722 ’
1029 5688 1184 5745 Joau.
1217 5699 1347 5749 xm,
1377 5684 1431 5739 5.

2023 3017 2070 3078 ϐ

2114 1623 2171 1668 et
2194 1628 2259 1667 ex
2302 1614 2543 1668 essentia
2593 1613 2763 1681 ipsius
2801 1614 3094 1682 procedat,
3138 1621 3287 1666 certe
3335 1610 3518 1665 omnia
3568 1623 3690 1677 qum

2114 1702 2295 1758 Patris
2325 1712 2475 1768 sunt,
2500 1703 2570 1758 ab
2616 1714 2820 1758 aeterno
2861 1705 3046 1758 habet.
3094 1703 3234 1757 Dicit
3284 1711 3465 1756 autem
3513 1715 3571 1754 se
3620 1701 3688 1752 ab

2114 1793 2208 1848 illo
2228 1793 2526 1859 accepisse,
2562 1792 2688 1860 quia
2724 1805 2790 1845 ex
2829 1790 2944 1859 ipso
2984 1788 3266 1859 procedit:
3313 1802 3435 1841 cum
3484 1783 3688 1853 alioqui

2113 1881 2436 1936 naturaliter
2460 1879 2660 1935 habeat
2688 1879 2869 1934 omnia
2901 1892 3020 1948 qua:
3042 1877 3187 1932 Patri
3217 1877 3422 1931 insunt.

2774 1987 2841 2042 Ει
2870 1989 3001 2044 Ita’c.

2169 2082 2433 2135 Servatur
2490 2080 2692 2137 alicubi
2740 2084 2942 2151 inquit,
3006 2100 3025 2134 ι
3089 2084 3243 2140 Sicut
3299 2084 3463 2140 Pater
3522 2086 3686 2143 habet

2097 2171 2261 2225 vitam
2294 2171 2349 2224 in
2382 2171 2590 2240 seipso,
2633 2171 2715 2226 sic
2742 2171 2894 2227 dedit
2937 2181 2990 2228 et
3034 2171 3175 2228 Filio
3202 2174 3403 2230 habere
3428 2177 3594 2231 vitam
3623 2180 3687 2232 iu

2096 2262 2277 2330 seipso
2301 2263 2317 2295 ⁸
2344 2277 2359 2315 :
2395 2282 2414 2315 ι
2453 2264 2597 2333 quod
2622 2263 2702 2319 sic
2726 2262 2954 2335 intelligi
2980 2280 3077 2335 par
3100 2277 3203 2321 est.
3222 2264 3357 2321 Nam
3382 2284 3507 2323 cum
3533 2269 3688 2334 dicit,

2112 2372 2132 2407 ι
2169 2355 2338 2423 dedit,
2382 2374 2402 2409 ι
2435 2357 2582 2427 quod
2612 2374 2676 2412 cx
2708 2355 2871 2413 Patre
2903 2360 3230 2413 naturaliter
3262 2360 3465 2416 habeat
3494 2362 3683 2432 signi-

2108 2446 2251 2513 licat,
2287 2456 2343 2502 et
2390 2447 2728 2519 hypostatice
2759 2448 2828 2503 ab
2878 2463 2945 2503 eo
2982 2450 3076 2520 qui
3110 2449 3261 2505 dedit
3303 2450 3470 2503 alium
3512 2468 3633 2507 esse
3665 2470 3679 2505 :

2106 2541 2299 2607 alium,
2336 2540 2582 2610 inquam,
2646 2555 2873 2595 numero
2911 2541 3110 2596 solum.
3149 2542 3286 2596 Cum
3350 2560 3478 2599 vero
3527 2544 3681 2612 dicit,

2110 2650 2129 2685 ι
2168 2631 2319 2687 Sicut
2351 2632 2515 2689 habet
2530 2632 2711 2696 Pater,
2742 2634 2817 2687 ita
2838 2633 3002 2688 habet
3024 2645 3078 2689 et
3098 2633 3304 2699 Filius,
3346 2654 3367 2688 ι
3397 2635 3685 2691 manifeste

2111 2724 2213 2780 hoc
2241 2723 2537 2795 signiﬁcat,
2562 2725 2731 2793 quod,
2761 2726 3221 2795 quemadmodum
3256 2727 3418 2782 Pater
3441 2729 3604 2782 habet
3632 2729 3684 2780 in

2102 2830 2161 2871 se
2200 2816 2363 2872 vitam
2404 2819 2476 2875 ab
2527 2826 2753 2885 aeterno,
2790 2818 2865 2872 ita
2898 2826 2955 2875 et
2981 2817 3152 2875 Filius
3189 2819 3355 2873 vitam
3388 2819 3456 2874 ab
3481 2828 3689 2874 aeterno

2102 2910 2157 2966 iu
2188 2924 2247 2965 se
2277 2910 2459 2965 habet.

2779 3092 2849 3147 Et
2884 3094 3017 3149 hac.

2180 3180 2237 3237 Si
2272 3183 2393 3252 quis
2429 3183 2707 3253 splendori
2756 3184 2985 3239 luminis
3029 3196 3344 3239 sermonem
3376 3183 3603 3249 tribunal,
3632 3193 3688 3239 et

2099 3275 2286 3331 dicat:
2322 3274 2530 3331 Lumen
2566 3274 2698 3332 mihi
2749 3276 2901 3331 dedit
2941 3276 3128 3332 omnia
3160 3291 3281 3347 qua:
3310 3276 3474 3332 habet
3504 3294 3518 3331 :
3557 3276 3683 3331 illu-

2099 3368 2251 3422 mino
2273 3367 2421 3424 enim
2446 3368 2671 3439 perinde
2693 3378 2860 3439 atque
2883 3369 3016 3424 illud
3038 3386 3053 3438 ;
3075 3386 3217 3426 anne
3244 3382 3393 3426 recte
3411 3370 3683 3441 quispiam

2099 3460 2301 3516 dixerit
2334 3459 2685 3531 splendorem
2726 3461 2877 3516 illum
2921 3463 3219 3534 aliquando
3271 3480 3377 3517 non
3423 3462 3684 3518 habuisse

2097 3550 2446 3607 illumiuaudi
2479 3550 2836 3607 facultatem?
2857 3562 2910 3608 et
2933 3554 3211 3624 quomodo
3236 3555 3493 3625 splendor
3517 3555 3685 3610 erat?

2100 3640 2158 3694 Si
2189 3656 2319 3696 vero
2347 3657 2473 3697 cum
2492 3658 2713 3713 semper
2737 3643 3078 3699 illuminandi
3106 3644 3421 3701 facultatem
3456 3646 3674 3710 habeat,

2098 3730 2229 3800 quia
2261 3734 2445 3787 omnia
2472 3749 2591 3802 qua:
2628 3734 2682 3787 in
2713 3735 2922 3789 lumine
2951 3743 3106 3803 sunt,
3137 3737 3319 3800 habet,
3366 3748 3419 3790 et
3463 3740 3554 3806 qui
3596 3738 3676 3804 gi-

2097 3824 2282 3895 gnitur
2310 3840 2376 3879 ex
2406 3824 2546 3893 ipso,
2575 3826 2853 3894 accepisse
2883 3829 2950 3881 ab
2982 3827 3101 3895 ipso
3134 3826 3366 3880 dicitur:
3397 3827 3673 3897 quomodo

2097 3933 2205 3973 non
2229 3917 2529 3973 absurdum
2548 3916 2712 3972 fuerit
2742 3918 2886 3972 nolle
2912 3919 3144 3989 amplius
3166 3918 3369 3989 aliquid
3402 3919 3469 3974 de
3492 3917 3672 3973 Verbo

2098 4007 2215 4076 Dei,
2251 4023 2414 4079 quam
2445 4009 2514 4065 de
2547 4010 2650 4065 hoc
2671 4011 2930 4081 esctnplo
2972 4010 3276 4081 intelligere
3300 4010 3325 4065 2
3353 4011 3487 4065 Cum
3523 4011 3669 4066 enim

2096 4101 2280 4157 omnia
2312 4102 2637 4158 naturaliter
2666 4104 2867 4159 habeat
2893 4120 2959 4160 ex
2993 4102 3173 4169 Patre,
3205 4107 3485 4175 accepisse
3512 4120 3572 4160 se
3594 4119 3665 4162 es

2097 4194 2217 4262 ipso
2253 4192 2408 4259 dicit,
2438 4197 2569 4264 quia
2595 4211 2663 4251 es
2696 4197 2812 4266 ipso
2838 4200 3052 4266 genitus
3081 4207 3193 4261 est,
3246 4214 3371 4252 cum
3413 4197 3671 4253 omnibus

2096 4301 2218 4355 qua:
2248 4286 2429 4342 habet.

2096 4378 2180 4433 Ea:
2207 4381 2386 4435 eodem
2415 4382 2551 4452 libro
2584 4383 2835 4439 adversus
2869 4384 3097 4440 Ars'anos
3150 4385 3420 4452 responsio
3445 4401 3509 4439 ca:
3542 4385 3663 4440 istis

2147 4452 2312 4504 verbis
2337 4466 2358 4505 :
2401 4469 2421 4505 ι
2458 4450 2529 4507 Ut
2552 4464 2862 4524 cognoscant
2893 4464 2941 4508 te
2965 4455 3135 4509 solum
3164 4450 3334 4510 rerum
3370 4455 3533 4509 Deum
3552 4460 3625 4511 ’.ι

2162 4630 2320 4693 Ecce,
2364 4631 2558 4699 inquit,
2585 4630 2754 4686 Filius
2781 4631 2894 4702 ipse
2928 4631 3100 4687 solum
3135 4648 3255 4687 esse
3285 4646 3469 4687 verum
3494 4631 3658 4686 Deum

2090 4723 2309 4778 Patrem
2335 4724 2508 4792 ipsum
2539 4726 2846 4779 confitetur.
2894 4724 3031 4790 Quin
3060 4724 3223 4779 etiam
3254 4724 3414 4776 Pater
3442 4724 3554 4793 ipse
3588 4724 3658 4776 ita

2089 4814 2300 4871 locutus
2344 4818 2656 4885 reperitur:
2710 4818 2818 4887 Ego
2870 4817 3007 4869 Deus
3053 4818 3295 4886 primus;
3343 4831 3437 4884 ego
3464 4824 3513 4867 et
3547 4825 3659 4879 post

2089 4908 2222 4973 hac,
2253 4918 2300 4962 et
2340 4925 2445 4961 non
2468 4920 2543 4962 est
2597 4908 2734 4962 Deus
2762 4918 2951 4977 praeter
2988 4924 3071 4962 me
3106 4911 3151 4961 ³.
3197 4906 3476 4973 Quomodo
3498 4906 3661 4975 igitur

2092 5013 2184 5055 vos
2215 5001 2412 5069 primo,
2447 5009 2501 5055 et
2534 5001 2657 5063 soli,
2697 5008 2749 5053 et
2779 5013 2908 5055 vero
2962 5000 3071 5055 Deo
3092 5042 3107 5065 ,
3135 5008 3191 5053 et
3236 4996 3406 5062 Patri,
3440 4996 3657 5063 Filium,

2092 5099 2347 5162 tanquam
2375 5102 2431 5148 et
2458 5091 2572 5159 ipse
2600 5092 2672 5147 sit
2710 5090 2872 5156 Deus,
2908 5089 3245 5160 adjungitis?
3266 5089 3400 5144 lllud
3426 5088 3658 5156 primum

2088 5185 2368 5240 sciendum
2393 5192 2498 5248 est,
2530 5182 2745 5237 Patrem
2788 5196 2889 5236 non
2917 5184 3035 5237 ideo
3061 5183 3130 5235 ita
3162 5184 3404 5236 locutum
3426 5194 3570 5243 esse,
3600 5185 3660 5233 ut

2089 5276 2284 5331 Filium
2314 5275 2545 5329 tolleret.
2573 5274 2688 5341 Qua
2721 5273 2867 5327 enim
2903 5274 3113 5328 ratione
3145 5282 3305 5343 queat
3336 5270 3403 5325 ad
3435 5270 3536 5324 hoc
3558 5270 3656 5324 iu-

2089 5370 2247 5423 citari
2272 5367 2297 5420 2
2326 5367 2438 5421 Nisi
2467 5366 2608 5421 forte
2633 5364 2909 5422 hominum
2943 5380 3092 5421 more
3114 5380 3233 5419 cum
3267 5363 3404 5417 Filio
3433 5369 3657 5432 pugnat,

2092 5468 2151 5511 ut
2186 5456 2353 5511 David
2383 5471 2508 5511 cum
2549 5456 2674 5512 (iliis
2710 5458 2848 5513 suis.
2880 5455 3031 5510 Tunc
3058 5454 3201 5509 enim
3223 5452 3489 5523 ejusmodi
3518 5451 3659 5507 iudi-

2090 5550 2274 5621 gnatio
2301 5552 2595 5622 probabilis
2628 5553 2895 5609 videatur.
2928 5548 3083 5620 Quod
3111 5550 3158 5605 si
3192 5550 3334 5605 nulla
3364 5550 3417 5605 in
3462 5558 3655 5606 natura
