4042 6204
453 237 562 302 635

1682 239 2065 300 ΕΙΠῊΥΜΙΙ
2105 241 2466 302 ZlGABENI

3597 251 3713 316 636

455 353 632 407 divina
667 351 883 419 seditio,
911 352 1053 408 nulla
1102 368 1276 423 pugna
1324 367 1446 406 esse
1474 359 1674 420 potest,
1718 354 1810 407 sed
1842 357 2021 424 potius

2126 357 2286 409 κείων
2319 357 2548 419 παίδων,
2576 354 2688 425 ἔχει
2713 353 2838 414 τινὰ,
2853 353 3011 424 λόγον
3039 353 3168 418 ἴσως
3197 355 3224 408 6
3253 355 3488 422 τοιοῦτος
3515 356 3708 428 θυμός·

455 453 695 512 apparet,
723 443 916 498 Filium
949 461 1160 513 semper
1190 445 1428 497 tribuere
1451 445 1671 512 gloriam
1708 445 1876 510 l’atri,
1908 464 2024 516 qua:

453 539 589 590 ratio
628 546 732 601 est,
763 548 816 589 ut
852 536 1086 597 Patrem,
1126 553 1230 604 quo
1268 536 1458 589 Filium
1495 536 1724 596 tolleret,
1761 556 1819 590 ea
1863 542 2021 591 verba

453 629 650 681 dixisse
697 629 1053 696 suspicemur,
1091 643 1153 679 ac
1188 644 1290 681 non
1342 629 1536 696 potius,
1581 638 1634 679 ut
1686 630 1846 682 falsos
1897 631 2024 681 Ilt‘OS

452 729 717 773 everteret
755 721 824 770 ita
856 721 1089 771 locutum
1122 734 1241 772 esse
1276 719 1582 772 fateamur?
1661 721 1841 784 Quid?
1871 720 2022 784 Quod

452 815 731 876 Serrator,
794 829 915 866 cunt
987 814 1212 867 dixisset
1245 832 1256 866 :
1320 813 1387 867 Ut
1426 825 1742 883 cognoscant
1774 828 1820 867 te
1848 832 2023 868 verum

452 905 636 962 Dauni,
663 909 727 956 de
757 921 812 957 se
833 907 1015 958 statim
1040 906 1254 975 subjicit
1285 927 1296 960 :
1325 907 1390 959 Et
1417 924 1566 976 quem
1593 910 1809 972 misisti,
1839 907 2022 961 Iesum

448 996 736 1055 Christum,
794 1007 851 1050 ut
881 997 970 1065 qui
1014 1013 1114 1050 non
1147 997 1217 1051 sit
1253 1013 1278 1049 a
1312 997 1486 1050 Patris
1535 1000 1770 1053 essentia
1800 1013 2020 1068 separa-

451 1097 556 1147 tus,
605 1098 862 1154 quantum
907 1088 969 1138 ad
1029 1087 1322 1140 divinitatis
1362 1089 1624 1142 rationein
1665 1088 1888 1154 attinet,
1929 1091 2023 1144 sed

448 1187 657 1241 semper
691 1189 810 1225 trum
833 1173 989 1227 Patre
1027 1177 1386 1244 conjunctus?

450 1466 533 1520 hic
571 1467 748 1520 eodem
785 1469 918 1523 libra
955 1475 1006 1527 in
1054 1475 1328 1556 illa_t.-erba
1355 1490 1376 1528 .’
1404 1495 1420 1527 ι
1467 1477 1623 1532 Jews
1664 1491 1837 1534 autem
1861 1483 2024 1551 proﬁ-

1119 1555 1311 1598 ctelmt.
1352 1567 1366 1597 ι

523 1631 672 1693 Quoi
707 1633 758 1685 in
783 1634 958 1702 aliqua
1010 1649 1068 1688 re
1103 1637 1335 1704 proiicit,
1366 1639 1432 1692 ab
1462 1639 1547 1692 illa
1594 1642 1866 1694 diversum
1914 1652 2020 1697 est.

2130 450 2175 499 si
2206 448 2259 499 δὲ
2293 445 2601 510 στασιάζειν
2635 446 2755 498 καθ’
2790 447 2987 515 ἑαυτῆς
3019 448 3051 516 ἡ
3084 445 3204 498 θεία
3236 445 3397 514 φύσις
3436 448 3534 500 οὐκ
3577 444 3707 514 οἶδε,

2128 539 2378 605 φαίνεται
2414 538 2469 592 δὲ
2501 537 2703 608 μᾶλλον
2738 539 2764 588 ὁ
2806 537 2932 600 Υἰός
2967 538 3053 588 ἀεὶ
3084 536 3162 605 τῷ
3195 537 3371 607 llatth
3411 537 3508 606 τὴν
3542 536 3703 602 δόξαν

2126 630 2437 692 ἀποδιδοὺς,
2473 634 2622 682 ποῖον
2657 630 2770 700 ἔχει
2811 628 2967 696 λόγον
2991 630 3052 682 τὸ
3085 631 3164 692 εἰς
3212 625 3492 699 ἀναίρεσιῦ
3536 629 3705 682 αὑτοῦ

2125 722 2350 775 τοιαῦτα
2376 723 2541 790 φάναι
2569 722 2659 775 τὸν
2691 707 3188 791 Πατέραξυὺκοῦν
3225 722 3361 791 πρὸς
3395 723 3712 794 ἀνατροπὴν

2129 814 2330 882 μᾶλλον
2366 815 2473 868 τῶν
2505 814 2878 883 ψευδωνύμων
2907 805 3057 867 Ὀέὧν
3091 814 3344 885 εἰρῆσθαι
3377 814 3445 869 τὰ
3480 816 3706 869 τοιαῦτα

2125 905 2390 971 δώσομεν.
2448 901 2579 959 Εἶτα
2616 906 2749 975 πρὸς
2775 901 3010 979 ε’τούτοις
3052 906 3228 974 λέγων
3263 907 3290 958 6
3323 907 3538 978 Σωτὴρ,
3572 909 3710 963 Ἵνα

2125 995 2466 1063 γινώσκωσι
2495 1011 2568 1048 σε
2599 984 2945 1063 tos-.41de
2979 997 3274 1064 ἀληθινὸν
3304 998 3478 1058 Θεὸν,
3514 1000 3708 1052 ἑαυτὸν

2123 1087 2286 1148 εὐθὺς
2327 1086 2613 1147 συνάπτει.
2648 1087 2754 1140 Kal
2783 1086 2854 1138 ὃν
2882 1087 3252 1153 ἀπέστειλας
3286 1087 3536 1154 ἰησοῦν
3572 1091 3707 1155 Χρι-

2123 1179 2294 1242 στὸν,
2354 1178 2428 1240 ὡς
2479 1179 2576 1246 τῆς
2623 1178 2718 1231 τοῦ
2764 1177 2976 1250 Harpe;
3017 1178 3203 1241 οὐσίας
3236 1178 3543 1248 ἀδιαίρετος
3599 1179 3704 1245 ὢν,

2123 1275 2247 1326 ὅσον
2271 1267 2406 1342 ἧκεν
2432 1272 2511 1333 είς
2547 1271 2801 1341 θεότητος
2830 1272 3007 1340 λόγον,
3036 1274 3129 1326 καὶ
3163 1271 3376 1336 πάντως
3407 1276 3545 1341 μετὰ
3592 1275 3706 1327 Πα-

2122 1383 2152 1417 τ
2160 1366 2249 1435 ρὸς
2277 1364 2398 1417 νοού
2407 1381 2586 1433 μενος.
3347 1349 3349 1352 ι

2127 1476 2237 1531 Τοῦ
2259 1475 2444 1530 αὐτοῦ
2463 1475 2708 1539 ,βισλίου
2739 1479 2826 1541 εις
2849 1476 2941 1529 τό·
2975 1496 2992 1526 ι
3017 1475 3256 1543 Ἰησοῦς
3287 1450 3647 1545 spadica-ste.
3679 1497 3700 1528 ι

2195 1637 2268 1688 Τὸ
2307 1637 2363 1689 ἔν
2406 1653 2510 1690 τινι
2559 1635 2868 1704 προκόπτον
2906 1636 3092 1706 ἔτερόν
3138 1638 3254 1689 ἐστι
3310 1636 3442 1704 παρ’
3471 1633 3699 1706 έκεῖνο.

449 1719 628 1784 Quare
681 1724 723 1773 si
771 1723 823 1774 in
874 1723 1138 1792 sapientia
1186 1728 1449 1794 prolicere
1501 1730 1721 1794 dicitur,
1767 1747 1874 1785 non
1910 1733 2021 1800 ipsa

2126 1730 2180 1781 ὲν
2209 1720 2254 1795 ᾧ
2281 1728 2618 1797 προκόπτειν
2647 1713 2887 1792 λέγεται.
2930 1728 2992 1778 El
3031 1727 3210 1780 τοίνυν
3257 1730 3314 1781 ὲν
3357 1722 3519 1805 σοφία
3557 1745 3700 1802 προ-

452 1813 736 1865 erescebat
765 1814 1052 1881 sapientia,
1086 1819 1176 1870 sed
1210 1818 1260 1871 in
1291 1834 1356 1871 ea
1387 1821 1658 1874 crescebat
1688 1823 1807 1889 ejus
1834 1823 2026 1877 buma-

449 1902 610 1956 nitas.
658 1907 790 1957 tium
828 1908 969 1959 enim
1003 1909 1245 1976 quotidie
1299 1911 1466 1978 magis
1513 1913 1562 1964 in
1611 1915 1728 1980 ipso
1770 1915 2024 1969 divinitas

451 1991 726 2058 pateﬁeret
754 2005 803 2048 et
840 1998 1228 2063 declararetur,
1266 2005 1378 2069 ipse
1417 2018 1630 2073 semper
1655 2005 2026 2061 admirabilior

451 2083 827 2148 spectantibus
863 2087 1166 2142 videbatur.
1221 2090 1332 2144 Hoc
1377 2103 1555 2146 autem
1589 2095 1896 2164 signiﬁcant
1935 2099 2024 2152 illa

449 2175 614 2226 Verba
650 2193 664 2228 :
706 2175 1028 2243 Proﬁciebat
1060 2181 1112 2232 in
1149 2183 1415 2243 sapientia
1450 2184 1489 2237 ¹.

992 2268 1022 2322 Ι
1028 2289 1056 2322 ιι
1082 2274 1260 2326 eadem
1295 2277 1467 2329 verba.

522 2361 577 2413 in
629 2364 890 2431 sapientia
929 2367 1247 2432 proﬁciebat
1296 2369 1605 2426 humanitas
1654 2373 1754 2428 hoc
1809 2376 1964 2429 modo
2003 2393 2020 2431 ε

452 2451 726 2524 Sapientia
751 2457 824 2526 (id
861 2468 942 2513 est
976 2459 1068 2512 Dei
1101 2457 1363 2529 Verbum)
1399 2464 1636 2520 hominis
1663 2474 1910 2523 naturam
1939 2470 2020 2522 in-

452 2547 578 2599 duta
632 2546 788 2602 factis
828 2557 881 2603 et
927 2551 1182 2620 operibus
1228 2555 1562 2611 admirandis
1595 2558 1852 2628 templum
1887 2575 1918 2613 α
1964 2576 2022 2615 se

450 2637 741 2704 delectum,
774 2650 825 2696 et
860 2655 1192 2711 assumptum
1225 2646 1395 2700 oculis
1421 2648 1744 2705 intuentium
1773 2650 2017 2706 divinum

453 2732 706 2798 reddens,
739 2736 1002 2802 proiicere
1050 2736 1301 2791 faciebat.
1364 2739 1537 2808 Atque
1591 2733 1665 2795 ita
1714 2742 2022 2800 humanitas

453 2823 633 2877 divina
668 2840 762 2893 per
793 2827 1115 2895 sapientiam
1146 2826 1336 2883 eﬂ‘ccta
1366 2831 1702 2900 proficiebat.

1125 3002 1194 3058 Et
1225 3003 1355 3060 Ιιωο.

523 3092 789 3158 Quoniam
819 3109 1070 3151 crescere
1115 3093 1299 3155 carnis
1338 3110 1422 3158 est
1453 3105 1755 3174 proprium,
1799 3106 1853 3161 in
1903 3103 2016 3176 ipsa

453 3185 652 3257 dicitur
697 3201 968 3253 crescere,
1015 3189 1167 3257 cujus
1205 3191 1524 3250 all‘ectiones
1570 3198 1816 3267 proprias
1864 3213 2022 3252 acce-

454 3282 639 3339 perat;
681 3273 877 3330 nullius
926 3277 1094 3341 enim,
1126 3280 1226 3335 nisi
1270 3284 1436 3351 ipsius
1471 3281 1657 3351 Verbi,
1703 3295 1822 3340 erat
1867 3301 2018 3342 caro.

452 3364 812 3430 Quamobrem
847 3377 903 3420 ut
953 3370 1126 3438 ipsum
1169 3372 1395 3428 dicimus
1422 3393 1586 3432 carne
1621 3393 1858 3446 passum,
1895 3379 2023 3434 licet

451 3474 580 3512 caro
604 3460 714 3513 sola
745 3475 899 3528 passa
931 3451 1022 3525 sit,
1050 3463 1174 3532 quia
1193 3481 1499 3536 quanquam
1533 3473 1605 3522 uti
1631 3468 1772 3522 Deus
1803 3485 2018 3539 passum

453 3568 557 3604 non
590 3565 692 3618 est,
730 3569 858 3608 caro
893 3563 1090 3620 tamen,
1129 3567 1246 3626 quas
1265 3574 1423 3627 passa
1453 3570 1556 3626 est,
1597 3562 1764 3630 ipsius
1787 3563 1918 3630 fuit;
1942 3565 2023 3620 sic

450 3649 611 3699 etiam
658 3648 853 3702 dicitur
882 3663 1150 3714 crescere,
1188 3651 1389 3707 nullum
1432 3655 1509 3708 uti
1561 3647 1702 3710 Deus
1749 3657 2022 3725 accipiens

452 3740 872 3806 incrementum.
920 3745 1015 3800 sed
1048 3747 1301 3815 quoniam
1335 3747 1389 3801 in
1432 3749 1546 3818 ipso
1587 3749 1866 3819 proprium
1899 3763 2020 3805 cre-

449 3831 549 3884 scit
569 3847 762 3903 corpus
782 3833 969 3904 ipsius.

489 4013 572 4069 Ex
593 4015 767 4071 eodem
799 4016 955 4083 libro,
990 4019 1042 4070 in
1073 4035 1132 4071 ea
1158 4017 1364 4085 verba,t
1386 4017 1564 4084 Pater,
1584 4017 1824 4084 clari/ica
1846 4035 1939 4074 me.
1961 4037 1979 4072 ι

521 4114 589 4161 At
623 4126 729 4178 quo
762 4121 938 4177 pacto,
966 4109 1238 4177 inquiunt.
1265 4128 1371 4166 non
1402 4116 1472 4168 sit
1501 4113 1801 4168 absurdum
1834 4112 2019 4190 dicere

451 4191 651 4254 Filium
711 4204 1011 4254 secundum
1065 4204 1358 4258 essentiam
1409 4204 1640 4258 similem
1689 4220 1814 4258 esse
1845 4205 2016 4268 Patri,

451 4309 576 4346 cum
602 4295 715 4361 ipse
742 4294 966 4362 gloriam
992 4308 1019 4346 a
1041 4294 1201 4350 Patre
1224 4297 1402 4367 petat?
1425 4297 1561 4350 Dicit
1590 4298 1732 4349 enim
1760 4317 1810 4350 τι
1837 4298 2017 4360 Pater,

2123 1822 2352 1874 κόπτειν
2378 1820 2618 1889 εἴρηται,
2653 1819 2752 1890 οὐχ
2815 1820 2846 1888 ἡ
2881 1819 3045 1886 σοφία
3086 1815 3448 1887 προέκοπτεν,
3497 1821 3614 1873 ἀλλ’
3645 1825 3704 1873 ἐν

2123 1913 2264 1983 αὐτῇ
2324 1911 2386 1964 τὸ
2433 1913 2796 1980 ἀνθρώπινον.
2849 1910 3408 1980 Ἀποκαλυπτομένης
3461 1915 3570 1982 γάρ
3607 1918 3702 1966 καὶ

2123 2002 2540 2073 φανερουμένης
2575 2003 2847 2073 ὁσημέραι
2887 2001 2985 2070 τῆς
3015 2000 3268 2070 θεότητος
3298 2003 3354 2053 ὲν
3385 2003 3562 2070 αὐτῷ,
3616 2007 3701 2057 ἀεὶ

2123 2094 2566 2163 θαυμαστότερος
2598 2095 2750 2162 παρὰ
2772 2097 2883 2155 τοῖς
2915 2097 3112 2164 ὁρῶσιν
3137 2096 3370 2163 ἐγίνετο.
3407 2099 3519 2150 Καὶ
3551 2100 3704 2152 τοῦτό

2121 2186 2239 2236 ἐστι
2265 2184 2321 2237 τὸ
2345 2183 2726 2252 Προέκοπτεν
2758 2185 2827 2236 ἑν
2853 2187 3063 2261 σοφίᾳ.

2548 2342 2552 2345 1
2717 2278 2814 2342 Ek
2847 2278 2912 2330 τὸ
2933 2279 3104 2352 αὐτό.

2205 2370 2297 2424 Ἐν
2338 2371 2502 2441 copi;
2543 2363 2850 2439 προέκοπτε
2893 2371 2952 2423 τὸ
2993 2371 3331 2443 ἀνθρώπινον
3377 2373 3517 2425 κατὰ
3554 2373 3738 2426 τόνδε

2120 2461 2211 2512 τὸν
2243 2461 2468 2530 τρόπον.
2507 2460 2616 2529 Τὴν
2647 2461 2751 2512 τοῦ.
2777 2459 3064 2531 ἀνθρώπου
3099 2461 3262 2530 φύσιν
3297 2462 3628 2534 ἐνδυσαμὲνη
3672 2467 3707 2534 ἡ

2123 2553 2302 2621 σοφία,
2343 2552 2617 2624 τουτέστιν
2647 2537 2674 2604 6
2713 2551 2804 2605 τοῦ
2838 2553 2974 2605 Θεοῦ
3009 2555 3201 2622 Λόγος,
3238 2555 3374 2608 κατὰ
3407 2554 3580 2624 βραχὺ
3608 2555 3701 2608 διὰ

2120 2644 2230 2697 τῶν
2262 2644 2436 2714 ἔργων
2468 2644 2562 2696 καὶ
2593 2643 2701 2704 τῶν
2734 2644 3054 2715 παραδόξων
3083 2645 3530 2715 ἀποτελεσμάτων
3567 2645 3700 2698 θεο-

2120 2734 2353 2786 ποιοῦσα
2376 2734 2526 2805 παρὰ
2550 2735 2661 2796 τοῖς
2682 2723 2849 2804 ὁρῶσι
2877 2733 2965 2788 τδν
2993 2736 3369 2806 ἀναληφθέντα
3393 2737 3542 2798 ναδν.
3568 2753 3706 2806 προ-

2119 2825 2344 2879 κόπτειν
2402 2826 2566 2878 αὐτὸν
2619 2827 2816 2879 ἐποίει.
2869 2825 3024 2880 Κατὰ
3068 2829 3226 2881 τοῦτο
3281 2824 3372 2880 οὖν
3425 2831 3482 2881 ὲν
3539 2830 3708 2900 σοφίᾳ

2121 2919 2460 2986 προέκοπτεν
2491 2917 2523 2988 ἡ
2545 2919 2900 2988 ἀνθρωπότης
2933 2919 3329 2989 θεοποιουμένη
3346 2915 3415 2973 δι”
3441 2920 3633 2990 αὐτῆς.

2745 3008 2850 3063 Kal
2881 3009 3079 3066 τοῦτο.

2206 3101 2425 3172 Ἐπειδὴ
2464 3101 2528 3171 τῇ
2560 3100 2721 3178 σαρκὶ
2759 3100 2818 3152 τὸ
2856 3100 3190 3170 προκόπτειν
3215 3101 3512 3170 ὀφείλεται,
3545 3101 3705 3170 λέγε-

2119 3210 2213 3248 ται
2239 3193 2572 3264 προκόπτειν
2601 3193 2674 3255 ὡς
2707 3191 2936 3262 ὲνιαύτῇ
2967 3194 3283 3263 γενόμενος,
3323 3197 3417 3247 καὶ
3440 3194 3506 3247 τὰ
3537 3194 3708 3260 αὐτῆς

2127 3283 2552 3352 Ξδιοποιούμενος
2582 3283 2752 3354 πάθη.
2781 3282 2855 3335 Οὐ
2879 3285 2988 3353 γάρ
3013 3285 3203 3352 ἐτέρου
3223 3285 3371 3347 τινὸς
3394 3280 3463 3355 ἦν
3489 3287 3522 3354 ή
3547 3284 3704 3352 σὰρξ,

2122 3375 2238 3429 ἁλλ’
2286 3374 2450 3426 αὑτοῦ
2499 3375 2593 3426 τοῦ
2635 3375 2830 3443 Λόγου.
2874 3374 2986 3427 Καὶ
3029 3371 3217 3446 ὥςπερ
3264 3376 3496 3445 λέγομεν
3540 3376 3705 3428 αὑτὸν

2125 3466 2455 3519 πεπονθέναι
2521 3468 2725 3532 σαρκὶ,
2794 3469 2972 3518 καίτοι
3037 3465 3206 3535 μόνης
3264 3465 3544 3534 παθούσης
3603 3464 3716 3540 τῆς,

2124 3561 2350 3631 σαρκὸς,
2396 3561 2696 3630 ἐπειδήπερ
2727 3561 2820 3614 καὶ
2838 3562 2884 3612 εί
2914 3562 2990 3631 μὴ
3009 3561 3277 3614 πέπονθεν
3301 3562 3377 3624 ὡς
3403 3560 3560 3627 Θεὸς,
3586 3561 3706 3613 ἀλλ’

2123 3655 2256 3709 ῐδιον
2287 3649 2355 3726 ἦν
2393 3651 2559 3707 αὐτοῦ
2590 3653 2649 3706 τὸ
2678 3653 2885 3721 πάσχον
2927 3652 3088 3720 σῶμα
3108 3694 3123 3718 ,
3156 3651 3328 3715 οὕτω,
3368 3652 3471 3705 κᾶν
3498 3652 3704 3722 προκό-

2123 3765 2281 3801 πτειν
2323 3748 2549 3818 λέγηται
2585 3744 2869 3817 προκοπὴν
2911 3744 3170 3815 οὐδεμίαν
3207 3745 3589 3814 ὶπιδεχόμενος
3625 3743 3706 3806 ὡς

2121 3839 2276 3903 Θεὸς,
2319 3837 2408 3891 διὰ
2451 3837 2512 3889 τὸ
2542 3837 2877 3905 προκόπτειν
2916 3837 2974 3889 ὲν
3019 3837 3164 3907 αὑτῷ
3193 3834 3290 3906 τῆν
3338 3835 3474 3888 ἰδίαν
3521 3837 3706 3906 σάρκα

2125 3927 2460 3999 προκόπτειν
2477 3927 2716 3994 λέγεται.

2129 4017 2239 4076 Τοῦ
2262 4019 2449 4074 αὑτοῦ
2479 4019 2727 4084 βιϐλίου
2753 4019 2840 4084 εις
2870 4017 2938 4070 τό
2956 4033 2970 4048 ο
2993 4016 3234 4086 «Πάτερ,
3269 4015 3538 4080 δόξασόν
3562 4033 3696 4082 με.»

2193 4115 2306 4168 Καὶ
2332 4114 2470 4176 πῶς,
2505 4111 2694 4180 φασὶν.
2731 4110 2833 4164 οὐκ
2867 4110 3068 4164 ἄτοπον
3095 4109 3278 4176 ὅμοιον
3329 4101 3470 4161 εἶναι
3517 4105 3704 4186 λέγειν

2123 4206 2244 4260 κατ’
2274 4204 2463 4258 οὐσίαν
2491 4202 2582 4255 τὸν
2620 4201 2749 4254 Υῑδν
2796 4201 2874 4271 τῷ
2908 4198 3107 4267 Πατρὶ,
3143 4199 3200 4260 ὅς
3246 4213 3310 4264 γε
3337 4196 3498 4260 δόξαν
3531 4191 3704 4250 ali:ti

2125 4298 2442 4370 εὑρίσκεται
2470 4296 2603 4364 παρ’
2637 4292 2804 4346 αὑτοῦ
2830 4310 2844 4359 ;
2879 4292 3044 4360 Λέγει
3068 4290 3211 4360 γάρ·
3249 4309 3268 4341 ι
3309 4289 3514 4356 Πάτερ,
3542 4287 3706 4353 δόξα-

451 4385 693 4454 gloriﬁca
718 4405 800 4440 me
823 4404 884 4441 ea
918 4388 1088 4458 gloria
1120 4406 1283 4458 quam
1320 4389 1582 4444 habebam
1616 4390 1754 4458 apud
1782 4402 1832 4444 te
1865 4400 2020 4444 antc-

2128 4367 2220 4446 σόν
2251 4408 2318 4461 με
2372 4392 2439 4459 τῇ
2479 4386 2604 4458 ᾶόξῃ
2719 4381 2863 4454 εἶχον
2895 4385 3001 4453 πρὸ
3048 4381 3138 4435 τοῦ
3183 4383 3276 4434 τὸν
3313 4381 3517 4449 κόσμον
3551 4373 3702 4431 εἶναι.

451 4493 616 4546 quam
653 4481 890 4533 mundus
922 4491 1063 4535 esset
1083 4481 1155 4534 ’.ι
1183 4478 1316 4532 Nam
1345 4481 1388 4534 si
1410 4480 1612 4535 habens
1638 4484 1790 4550 petit,
1815 4491 2018 4536 temere

449 4585 515 4625 ac
545 4585 952 4639 supervacaneo
982 4571 1030 4624 id
1059 4571 1236 4626 facere
1268 4571 1514 4636 videtur;
1551 4571 1596 4624 si
1623 4587 1751 4626 vero
1783 4588 1887 4626 non
1919 4572 2017 4626 ha—

449 4661 603 4726 bens,
637 4662 924 4716 manifeste
965 4663 1068 4716 hoc
1109 4663 1228 4730 ipso
1276 4662 1516 4718 declarat
1560 4677 1617 4717 se
1662 4678 1773 4716 non
1808 4671 2018 4718 tantum

447 4772 571 4810 esse
602 4769 767 4826 atque
799 4764 885 4810 est
914 4756 1139 4826 largitor
1171 4755 1258 4809 ille
1287 4770 1314 4808 a
1353 4771 1460 4821 quo
1503 4755 1605 4809 sibi
1647 4757 1761 4810 dari
1795 4759 1925 4825 petit

520 4853 620 4917 Qui
661 4853 933 4907 nominum
963 4856 1346 4910 vim-accurate
1371 4851 1665 4919 inquirunt,
1692 4866 1742 4906 et
1770 4853 2022 4907 uniuscu-

444 4944 645 5015 jusque
699 4947 1144 5015 signiﬁcationem
1193 4949 1480 5017 diligenter
1519 4944 1816 5007 excutiunt,
1865 4943 2024 5014 δόξης

449 5053 648 5092 nomen
687 5037 972 5105 dupliciter
995 5041 1291 5107 accipiunt.
1328 5039 1630 5107 Aliquando
1657 5035 1802 5088 enim
1839 5037 1889 5089 id
1928 5051 2026 5104 pro

453 5127 658 5186 honore
682 5127 852 5196 accipi
873 5127 1070 5183 debere
1095 5136 1339 5192 censent,
1356 5126 1641 5195 aliquando
1660 5139 1756 5192 pro
1777 5124 2026 5189 opinione

448 5218 562 5272 sive
588 5218 778 5272 notitia
818 5234 832 5269 :
875 5227 934 5271 ut
974 5219 1018 5272 si
1051 5219 1171 5287 quis
1205 5228 1357 5286 roget
1400 5216 1525 5285 quid
1557 5216 1750 5284 aliquis
1782 5212 2022 5278 δοξάσαι,

454 5309 558 5364 hoc
581 5317 686 5371 est,
714 5308 968 5376 Opinetur
992 5307 1278 5361 acsentiat
1298 5308 1362 5359 de
1392 5305 1524 5371 sole,
1553 5313 1643 5358 aut
1665 5304 1770 5358 alio
1788 5306 2020 5374 qundam

455 5399 752 5464 elemento,
787 5409 966 5453 utrum
997 5406 1180 5452 creata
1209 5399 1323 5452 inec
1351 5397 1458 5451 sint
1487 5411 1684 5462 necne,
1730 5397 1872 5450 dicet
1903 5411 2025 5464 pro-

455 5489 620 5556 iecto,
647 5492 739 5561 qui
771 5499 916 5546 recte
943 5491 1196 5562 opinatur
1215 5503 1280 5544 ac
1309 5489 1490 5555 sentit,
1513 5502 1632 5544 esse
1657 5499 1855 5544 creata.
1893 5488 2030 5557 Ergo

528 5689 543 5720 ¹
581 5686 717 5744 Luc.
763 5704 822 5755 It,
858 5687 911 5742 5.

2118 4484 2268 4554 παρὰ
2299 4482 2403 4535 σοί.
2443 4500 2461 4532 ι
2498 4480 2559 4532 Εἰ
2591 4480 2688 4548 μὲν
2715 4477 2824 4548 γὰρ
2856 4476 2994 4546 ἔχων
3022 4475 3185 4538 αἰτεῖ,
3230 4474 3503 4540 περιττῶς
3535 4471 3704 4524 τοῦτο

2117 4577 2368 4644 φανεῖται
2433 4572 2639 4624 ποιῶν’
2699 4573 2750 4624 εἰ
2781 4571 2836 4624 δὲ
2895 4570 2970 4640 μὴ
3005 4568 3166 4639 ἔχων,
3225 4568 3385 4634 δῆλος
3444 4563 3703 4618 ἐντεῦθέν

2119 4667 2290 4726 ἐστιν.
2343 4664 2442 4716 οὐκ
2487 4661 2562 4715 ὢν
2620 4661 2875 4723 τοσοῦτος
2924 4661 3047 4730 duo;
3083 4661 3110 4712 6
3140 4660 3375 4728 χορηγὸς
3401 4655 3480 4710 ὢν
3511 4654 3700 4727 ἐξῄτει

2117 4756 2323 4809 λαϐεῖν.

2196 4859 2264 4911 Οῑι
2309 4856 2418 4909 τῶν
2462 4853 2740 4923 ὀνομάτων
2787 4849 3034 4921 ἀκριϐεῖς
3067 4843 3374 4912 ἐξετασταὶ,
3403 4841 3499 4898 καὶ
3537 4839 3598 4893 τὸ
3639 4838 3705 4906 ἐξ

2126 4949 2356 5004 ἑκάστου
2409 4943 2807 5015 σημαινόμενον
2841 4939 3027 5008 σαφῶς
3066 4936 3472 5006 δοκιμάζοντες,
3507 4932 3570 4983 τὸ
3599 4930 3702 5000 τῆς

2125 5042 2281 5111 δόξης
2311 5040 2479 5107 ὄνομα
2511 5035 2688 5090 νοοῦσι
2709 5033 2991 5104 διχῶς,Πῆ
3021 5031 3116 5101 μὲν
3139 5029 3246 5099 γὰρ
3271 5027 3364 5080 ἐπὶ
3384 5024 3548 5094 τιμῆς
3569 5022 3704 5074 αὐτὸ

2127 5135 2426 5204 λαμϐάνειν
2480 5129 2810 5196 ὑπειλήφασι
2858 5125 2990 5188 δεῖν,
3029 5122 3102 5192 πῆ
3145 5121 3201 5174 δὲ
3252 5119 3412 5172 πάλιν
3457 5114 3552 5167 ἐπὶ
3602 5114 3703 5182 τῆς

2127 5225 2380 5294 γνώσεως
2411 5222 2698 5275 τάττουσιν
2722 5237 2732 5248 -
2760 5216 2946 5285 ὥσπερ
2972 5213 3037 5268 ἂν
3075 5212 3233 5274 εἴτις
3265 5209 3431 5275 λέγοι,
3454 5205 3506 5258 τί
3538 5204 3605 5257 ἂν
3621 5219 3705 5263 τις

2128 5317 2346 5381 δοξάσαι
2375 5313 2504 5382 περὶ
2545 5311 2637 5365 τοῦ
2686 5310 2836 5379 ἡλίου
2882 5305 3064 5376 τυχὸν,
3091 5304 3124 5374 ἢ
3154 5301 3282 5373 περί
3327 5315 3472 5360 τινος
3515 5294 3700 5365 ἑτέρου

2134 5409 2418 5479 στοιχείου,
2461 5406 2688 5474 πότερον
2730 5400 2933 5472 γενητὰ
2977 5399 3152 5452 ταῦτα
3201 5395 3234 5465 ἢ
3279 5392 3548 5461 ἀχένητω
3593 5387 3709 5479 ἐρεῖ

2132 5478 2267 5570 γοῦν
2296 5499 2512 5562 πάντως
2550 5499 2579 5550 6
2604 5493 2840 5562 δοξάζων
2869 5489 3066 5561 ὀρθῶς,
3093 5488 3169 5553 ὡς
3197 5486 3281 5554 εἴη
3312 5481 3534 5553 γενητὰ.
3563 5478 3704 5533 Οὐκ-
