4042 6204
533 262 641 326 639

1753 254 2139 317 EUTHYMH
2182 256 2357 316 ZlGA
2372 250 2551 314 BENI

3670 244 3780 311 610

532 374 696 430 (icare
721 371 822 427 soli
848 369 957 426 Deo
973 370 1250 434 convenit,
1276 366 1543 439 justiﬁcat
1594 374 1778 420 autem
1817 366 2091 428 Christus,

2203 371 2347 420 καιοί
2376 368 2433 420 δὲ
2474 368 2618 435 Χρισ
2640 364 2732 426 ὸς,
2765 362 2881 427 πῶς
2913 361 3015 416 οὑκ
3052 359 3170 414 εστι
3224 358 3390 430 φύσει
3424 358 3594 426 Θεός;
3622 360 3688 413 Εἰ
3720 361 3777 414 δέ

528 465 801 536 quomodo
834 480 940 518 non
969 464 1072 517 erit
1094 472 1287 515 natura
1307 458 1487 513 Deus?
1516 459 1607 523 At,
1639 460 1683 513 si
1712 458 1814 512 hoc
1838 468 1944 521 est,
1964 472 2098 526 quo-

530 556 694 611 modo
726 570 834 608 non
873 556 944 609 sit
971 561 1220 607 creatura
1245 551 1267 603 ἲ

599 646 799 700 Paulus
820 644 1025 699 alicubi
1072 644 1138 696 de
1185 652 1409 712 parente
1459 650 1648 696 nostro
1692 640 1968 695 Abraham
2021 640 2095 694 ita

530 739 701 792 dicit:
742 755 761 788 ι
792 736 893 801 Qui
926 742 1011 791 est
1049 745 1201 804 pater
1252 733 1499 789 omnium
1548 743 1822 797 nostrum,
1874 742 1936 785 ut
1960 732 2097 786 scri-

530 831 675 884 bitur
706 828 721 858 ¹
753 844 767 881 :
803 826 929 895 quia
962 825 1173 880 Patrem
1212 826 1503 879 multarum
1535 825 1777 895 gentium
1830 824 1986 894 posui
2042 833 2093 877 te

529 932 713 972 coram
758 917 865 969 Deo
904 919 997 985 qui
1049 914 1289 968 vivificat
1325 924 1571 969 mortuos
1600 916 1643 967 ⁸.
1681 932 1700 966 ι
1740 914 1876 968 Cum
1930 913 2097 982 igitur

2197 459 2376 520 τοῦτο,
2408 459 2468 509 οὑ
2498 458 2705 525 ποίημα
2730 472 2746 522 ;

2264 638 2402 707 Φησὶ
2444 654 2546 690 που
2585 637 2747 690 πάλιν
2775 636 2803 689 6
2839 634 3050 697 Παῦλος
3114 633 3244 704 περὶ
3299 632 3395 687 τοῦ
3430 634 3781 705 προπάτορος

2192 732 2353 801 ἡμῶν
2380 730 2639 799 Ἀϐραάμ
2658 745 2672 759 ·
2701 746 2720 780 ι
2749 728 2848 791 ’ος
2875 731 2993 780 ἐστι
3019 727 3208 796 πατὴρ
3230 725 3451 781 πάντων
3478 725 3660 796 ἡμῶν,
3686 742 3787 780 κα-

2193 820 2302 883 θὼς
2330 823 2680 890 γέγραπται,
2734 818 2818 871 ὅτι
2849 816 3072 885 Πατέρα
3098 814 3313 868 πολλῶν
3343 814 3517 868 ἐθνῶν
3550 815 3779 869 τέθεικὰ

2194 929 2253 965 σε
2283 912 2573 965 κατέναντι
2598 908 2736 963 Θεοῦ
2769 908 2865 961 τοῦ
2888 906 3280 969 ζωοποιοῦντος
3306 908 3436 970 τοὺς
3466 906 3718 975 νεκρούς.
3748 926 3767 959 ι

510 1008 673 1079 ξυευε
701 1006 913 1061 dicatur
936 1006 1215 1060 viviﬁcare
1246 1015 1515 1072 mortuos,
1552 1019 1789 1075 cumque
1823 1002 1995 1060 Filius
2017 1003 2093 1058 di-

2203 1001 2331 1057 Θεοῦ
2357 999 2652 1071 τοιγαροῦν
2688 998 2976 1065 ζωογονεῖν
3022 995 3151 1060 τοὺς
3199 996 3430 1066 νεκροὺς
3461 995 3782 1064 λεγομένου,

527 1108 652 1154 cat:
695 1117 715 1152 ι
748 1100 858 1170 Ego
880 1114 1001 1155 sum
1026 1099 1136 1153 vita
1155 1107 1177 1141 ³
1208 1117 1227 1151 ι
1255 1110 1330 1167 et,
1360 1119 1377 1150 ι
1402 1098 1505 1166 Qui
1524 1099 1699 1154 credit
1722 1101 1776 1153 in
1800 1114 1905 1166 me,
1939 1099 2093 1153 habet

2203 1092 2317 1150 ιῐτα
2342 1093 2439 1148 τοῦ
2470 1091 2599 1147 Υίοῦ
2632 1091 2936 1161 φάσκοντος
2959 1105 2975 1121 ο
3005 1104 3025 1141 ι
3053 1088 3197 1157 Ἐγὼ
3225 1090 3343 1159 ειμι
3368 1089 3400 1158 ἡ
3427 1086 3545 1158 ζωή
3570 1104 3585 1119 ο
3616 1105 3637 1139 ι
3677 1087 3788 1140 πά-

527 1189 694 1245 vitam
724 1199 1069 1256 aeternam,“
1092 1204 1193 1260 ego
1213 1191 1554 1244 resuscitabo
1575 1206 1700 1244 eum
1726 1189 1781 1243 in
1798 1190 2093 1246 novissimo

2203 1188 2305 1252 λιν,
2332 1204 2351 1240 ι
2396 1185 2455 1239 '0
2475 1182 2752 1237 πιστεύων
2774 1181 2857 1244 εις
2890 1180 3010 1250 ἐμὲ,
3036 1179 3150 1250 ἔχει
3181 1177 3330 1250 ζωὴν
3356 1177 3602 1244 αἰώνιον,
3622 1178 3781 1246 κάγὼ

524 1286 655 1341 die‘
700 1302 716 1350 ;
771 1301 789 1335 ι
843 1294 898 1336 et
948 1295 1162 1336 rursum
1208 1295 1223 1331 :
1278 1295 1297 1329 ι
1350 1276 1461 1345 Ego
1509 1290 1626 1331 sum
1681 1277 2009 1331 resurrectio
2053 1286 2093 1331 et

2208 1278 2500 1351 ἀναστήσω
2531 1278 2695 1333 αὐτὸν
2730 1278 2789 1331 ἐν
2818 1279 2886 1349 τῇ
2922 1275 3126 1347 ἐσχάτῃ
3158 1277 3373 1350 ἡμέραι
3417 1295 3438 1330 ι
3478 1279 3574 1333 καὶ
3603 1280 3790 1344 πάλιν,

524 1380 633 1432 vita
675 1383 733 1443 ις
777 1397 795 1429 ι
834 1376 955 1444 quis
995 1389 1100 1427 nou
1139 1371 1485 1430 conﬁteatur,
1521 1367 1681 1423 modo
1720 1383 1868 1423 sanae
1906 1369 2093 1424 menti:

2214 1387 2233 1421 ι
2280 1370 2421 1439 Ἐγώ
2461 1372 2577 1441 είμι
2606 1372 2639 1440 ἠ
2668 1370 2966 1433 ἀνάστασις
2997 1368 3093 1423 καὶ
3140 1371 3173 1439 ἡ
3229 1367 3380 1441 ζωή·
3419 1389 3439 1422 ι
3487 1370 3570 1433 τίς
3591 1371 3691 1424 οὑκ
3725 1372 3794 1424 ἂν

524 1470 626 1536 sit,
656 1470 829 1537 ipsum
858 1482 921 1521 cx
952 1465 1185 1521 essentia
1220 1462 1402 1517 Patris
1429 1475 1581 1527 esse,
1613 1461 1891 1530 proprium
1922 1474 1985 1513 ac
2014 1473 2093 1513 ve-

2209 1458 2631 1531 ὁμολογήσειεν,
2695 1459 2749 1512 ετ
2781 1475 2844 1528 γε
2901 1458 3026 1512 νοῦν
3081 1458 3228 1529 ἔχοι,
3258 1459 3359 1529 τῆς
3411 1459 3601 1523 οὐσίας
3628 1460 3794 1514 αὑτὸν

526 1576 645 1615 rum
678 1560 849 1630 ipsius
877 1557 1105 1625 Filium,
1133 1570 1321 1610 omnes
1349 1553 1527 1608 Patris
1557 1551 1911 1621 pmprietates
1941 1560 2093 1603 uatu-

2210 1549 2475 1621 ὑπάρχειν
2502 1550 2601 1621 τῆς
2620 1548 2715 1602 τοῦ
2750 1550 2962 1619 Πατρὸς
3008 1549 3229 1619 γνήσιόν
3256 1566 3318 1601 τε
3371 1548 3466 1603 καὶ
3492 1549 3791 1620 ἀληθέστα-

529 1651 714 1705 raliter
753 1652 805 1706 in
849 1666 909 1706 se
949 1648 1285 1721 gestantem?
1327 1645 1481 1713 Quod
1520 1645 1566 1699 si
1607 1659 1791 1700 verum
1831 1652 1937 1709 est,
1976 1658 2093 1714 ergo

2206 1658 2298 1695 τον
2327 1642 2593 1714 γέννημα,
2624 1641 2801 1695 πάντα
2822 1640 2988 1711 φέρον
3010 1640 3067 1693 ἐν
3099 1639 3278 1710 ἐαυτῷ
3325 1640 3568 1709 φυσικῶς
3600 1639 3669 1692 τὰ
3697 1639 3794 1692 τοῦ

529 1743 671 1798 Deus
699 1758 766 1798 ex
796 1743 905 1797 Deo
935 1752 1045 1808 est,
1077 1755 1186 1795 non
1213 1753 1342 1793 vero
1371 1752 1506 1806 opus
1533 1737 1615 1791 vel
1644 1746 1913 1791 creatura.

2206 1733 2569 1802 γεννήσαντος
2600 1733 2738 1796 tota;
2770 1733 2832 1785 Ei
2856 1732 2915 1785 δὲ
2944 1731 3122 1793 τοῦτο,
3148 1730 3279 1794 Θεὸς
3305 1732 3412 1801 ἄρα
3434 1731 3495 1784 τὸ
3524 1732 3587 1784 ἐκ
3611 1729 3749 1783 Θεοῦ
3774 1771 3789 1795 ,

2206 1824 2302 1877 καὶ
2326 1824 2386 1879 οὑ
2421 1824 2625 1892 κτίσμα
2653 1824 2687 1893 ἢ
2718 1824 2947 1894 ποίημα.

599 1913 798 1967 Paulus
818 1914 1119 1968 divinorum
1157 1929 1482 1971 arcanorum
1506 1916 2011 1971 administratorem
2040 1931 2106 1972 ac

526 2007 831 2063 ministrqu
870 2005 1106 2072 seipsum
1142 2020 1267 2059 esse
1297 2005 1621 2062 declarans:
1655 2024 1673 2057 ι
1701 2006 1997 2070 Audacius,
2024 2006 2109 2060 in-

527 2096 666 2165 quit,
691 2097 885 2165 scripsi
916 2095 1068 2150 vobis
1099 2112 1165 2150 ex
1190 2106 1342 2165 parte
1369 2097 1421 2150 in
1465 2097 1780 2151 memoriam
1821 2112 1918 2153 vos
1948 2097 2093 2153 redu-

2209 2106 2395 2176 φησὶν,
2418 2105 2634 2177 ἔγραψα
2663 2107 2790 2178 ὑμῖν
2811 2108 2918 2161 ἀπὸ
2943 2110 3165 2181 μέρους,
3186 2111 3261 2175 ὡς
3287 2100 3786 2186 ἐπαναμιμνήσκων

528 2203 658 2241 ecus
695 2204 790 2256 per
819 2187 1049 2255 gratiam
1086 2187 1271 2240 datam
1304 2188 1433 2244 mihi
1463 2202 1494 2239 a
1519 2186 1650 2253 Deo,
1679 2196 1740 2248 ut
1783 2202 1960 2244 essem
2000 2188 2093 2244 mi-

2210 2198 2353 2267 ὑμᾶς
2392 2197 2478 2251 διὰ
2512 2197 2610 2269 τὴν
2640 2200 2800 2269 χάριν
2822 2200 2921 2271 τὴν
2947 2200 3192 2256 δοθεῖσάν
3224 2220 3313 2273 μοι
3347 2204 3452 2257 ὑπὸ
3483 2205 3580 2258 τοῦ
3621 2208 3755 2261 Θεοῦ
3774 2249 3790 2273 ,

528 2280 699 2331 nister
727 2276 854 2330 Jestt
880 2276 1083 2331 Christi
1116 2277 1184 2329 ad
1210 2288 1433 2346 gentes,
1491 2278 1806 2334 ministrans
1860 2280 2093 2351 Evange-

2205 2288 2284 2351 είς
2306 2288 2365 2340 τὸ
2384 2283 2524 2342 εἷναί
2557 2306 2625 2359 με
2656 2289 2968 2361 λειτουργὸν
2998 2292 3173 2362 Ἰησοῦ
3190 2294 3451 2365 Χριστοῦ,
3475 2298 3555 2360 είς
3573 2297 3643 2351 τὰ
3664 2298 3793 2370 ἔθνη

526 2369 659 2423 lium
690 2369 806 2433 Dei,
848 2378 904 2421 ut
937 2370 1031 2423 ﬁat
1068 2369 1273 2424 oblatio
1294 2370 1534 2439 gentium
1573 2370 1940 2441 acceptabilis,
1978 2386 2093 2427 san-

2208 2378 2591 2449 ἱερουργοῦντα
2618 2379 2680 2432 τὸ
2712 2380 3044 2450 Εὑαγγέλιον
3074 2382 3168 2435 τοῦ
3202 2383 3358 2450 Θεοῦ,
3390 2385 3474 2439 ἵνα
3506 2387 3733 2455 γένηται

529 2458 765 2511 ctiﬁcata
794 2458 845 2511 iu
876 2458 1081 2527 Spiritu
1110 2467 1304 2517 sancte
1345 2452 1386 2510 ⁸.
1432 2476 1450 2509 ι
1490 2458 1628 2515 Ecce
1651 2461 1813 2514 etiam
1846 2461 1935 2516 hic
1983 2476 2093 2517 ma-

2203 2469 2492 2540 προσφορὰ
2541 2470 2652 2523 τῶν
2701 2471 2870 2525 ἐθνῶν
2915 2472 3314 2542 εὐπρόσδεκτος
3376 2452 3683 2547 ἡγιασμένη
3737 2452 3798 2532 ἐν

526 2548 725 2603 niieste
751 2563 809 2602 se
838 2563 933 2617 per
985 2548 1214 2618 gratiam
1275 2546 1508 2603 aﬂirmat
1566 2565 1602 2603 va
1661 2551 1770 2605 Deo
1826 2553 2093 2622 accepisse

2203 2560 2482 2631 Πνεύματι
2506 2562 2664 2633 ἁγίῳ.
2692 2582 2712 2615 ι
2745 2563 2875 2617 Ἰδοὺ
2901 2563 3064 2617 πάλιν
3087 2565 3275 2621 ἐνθάδε
3302 2568 3481 2637 σαφῶς
3500 2546 3795 2640 είληφέναι

526 2637 669 2704 quod
708 2636 781 2689 sit
810 2634 1199 2691 ministet'Jesu
1226 2634 1454 2691 Christi.
1483 2637 1687 2692 Deinde
1714 2641 1852 2694 sacri
1887 2643 1970 2695 sui
1998 2643 2093 2697 mi-

2204 2651 2304 2721 μὲν
2342 2653 2400 2703 ἐν
2425 2652 2644 2724 χάριτος
2688 2652 2845 2724 μέρει
2880 2655 3033 2726 παρὰ
3066 2655 3161 2709 τοῦ
3210 2657 3339 2711 Θεοῦ
3379 2634 3793 2731 ’διῖσχυρ-ίξεται

526 2729 736 2783 uisterii
758 2729 1023 2783 rationem
1053 2728 1360 2795 declarans,
1389 2747 1407 2781 ι
1442 2730 1494 2785 in
1516 2731 1884 2801 Evangelium,
1905 2733 2093 2803 inquit,

2203 2740 2262 2793 τὸ
2289 2738 2429 2795 εἶναι
2466 2742 2779 2814 λειτουργὸς
2806 2745 2980 2815 Ἰησοῦ
2996 2746 3256 2817 Χριστοῦ.
3282 2745 3413 2803 Εἶτα
3436 2750 3535 2823 τῆς
3567 2728 3796 2825 ίερουρ-

527 2821 621 2874 Dei
674 2821 694 2851 "
726 2861 741 2875 .
778 2838 797 2872 ι
857 2821 1019 2890 Atqui
1048 2819 1323 2875 Christum
1361 2820 1544 2877 Jesum
1592 2823 1895 2892 praedicans
1938 2835 2093 2895 atque

2203 2831 2323 2899 γίας
2355 2832 2446 2885 τὸν
2485 2834 2687 2904 τρόπον
2725 2834 3109 2907 ἐξηγούμενος,
3149 2857 3168 2890 ι
3209 2840 3290 2903 είς
3328 2841 3391 2894 τὸ
3414 2819 3792 2911 Εὐαγγέλιον,

524 2910 925 2979 cvangelizaus,
941 2911 1013 2964 ita
1037 2911 1187 2965 novit
1204 2910 1401 2965 Filium
1426 2912 1745 2967 naturaliter
1771 2916 1935 2969 Deum
1958 2928 2093 2971 esse.

2203 2923 2358 2991 φησι,
2384 2923 2477 2977 τοῦ
2514 2924 2671 2979 Θεοῦ.
2700 2944 2720 2978 ι
2756 2927 2949 2980 Καίτοι
2976 2928 3210 2999 Χριστὸν
3264 2930 3469 3002 Ἰησοῦν
3498 2934 3794 3004 κηρύσσων

2280 1912 2402 1977 Τῶν
2457 1923 2616 1977 θείων
2658 1925 2975 1995 μυστηρίων
3007 1926 3287 1997 οἰκονόμον
3326 1928 3419 1981 καὶ
3476 1928 3795 2000 λειτουργὸν

2208 2012 2400 2066 ἐαυτὸν
2427 2012 2789 2066 ἀναδεικνύων
2818 2015 2845 2065 6
2875 2014 3104 2080 Παῦλος,
3169 2035 3187 2067 ι
3228 2016 3643 2089 Τολμηρότερον
3694 2022 3783 2088 δέ,

522 2998 710 3068 Neque
751 3001 895 3054 enim
957 3001 1283 3056 nominasset
1344 3000 1535 3067 Deum,
1574 3004 1665 3073 qui
1715 3004 1765 3057 id
1800 2997 2099 3061 ex'natura

523 3105 622 3146 sua
650 3106 755 3145 non
780 3101 957 3157 esset;
995 3106 1171 3160 neque
1202 3091 1306 3147 hac
1335 3092 1402 3147 de
1433 3110 1491 3148 re
1520 3103 1801 3164 tantopere
1838 3096 2099 3167 gloriare-

525 3192 613 3234 tur
687 3180 873 3238 diceus
921 3200 936 3236 :
983 3200 1002 3234 ι
1038 3180 1438 3253 Beneplaeitum
1496 3186 1599 3239 fuit
1668 3186 1777 3243 Deo
1853 3189 2097 3245 revelare

523 3269 905 3331 Filium‘suum
936 3285 1034 3340 per
1078 3286 1164 3326 me
1236 3279 1256 3311 ι
1278 3313 1294 3341 ,
1316 3290 1335 3324 ι
1368 3273 1415 3329 si
1446 3284 1694 3330 creatura
1720 3286 1775 3332 et
1798 3290 1935 3347 opus
1962 3276 2099 3336 fuis-

595 3460 659 3517 δι
673 3462 806 3516 enim
824 3462 1971 3535 cognovissent,inquit,nunquamDominum
1985 3466 2096 3538 glo-

522 3558 619 3610 riae
636 3554 1017 3620 cruciﬁxissent
1033 3559 1077 3621 ';
1098 3557 1143 3610 si
1162 3556 1349 3626 gloriae
1364 3555 1627 3613 Dominus
1644 3573 1786 3625 esse,
1814 3560 1906 3629 qui
1933 3561 2088 3615 cruci

521 3639 742 3697 animus
783 3641 886 3696 fuit
933 3657 1031 3711 pro
1082 3643 1263 3707 nobis,
1308 3645 1576 3713 quomodo
1629 3661 1733 3701 non
1784 3657 1839 3703 et
1890 3655 2084 3703 natura

523 3735 661 3787 Deus
695 3735 817 3789 est?
838 3735 944 3789 Aut
972 3738 1241 3804 quomodo
1270 3745 1507 3802 creatus,
1533 3747 1627 3791 aut
1662 3738 1836 3795 iactus
1860 3750 1941 3794 est
1970 3739 2081 3802 ille,

520 3842 678 3888 quiem
715 3828 999 3898 Seraphim
1050 3828 1362 3897 decantaut,
1409 3840 1463 3887 et
1503 3832 1804 3900 celebrant,
1840 3834 2085 3889 dicentes

523 3918 737 3983 plenum
771 3933 890 3974 esse
914 3922 1134 3986 caelum,
1161 3932 1214 3977 et
1253 3933 1450 3978 terram
1478 3924 1653 3992 gloria
1677 3924 1818 3994 ejus,
1854 3939 2086 3995 eumque

523 3996 806 4064 Dominum
849 4010 1087 4067 Sabaoth
1130 4013 1461 4081 appellantes
1494 4016 1561 4069 ’°.
1612 4015 1746 4070 Nam
1777 4017 1919 4086 quod
1969 4018 2086 4072 hac

519 4101 585 4153 de
616 4102 728 4169 ipso
753 4103 955 4168 dicant,
979 4119 1086 4159 non
1106 4114 1191 4159 est
1215 4104 1457 4172 dubium,
1481 4106 1765 4177 siquidem,
1801 4113 1859 4162 ut
1884 4105 2085 4164 Paulus

521 4192 617 4254 ait,
651 4199 732 4244 est
760 4192 943 4259 gloria:
976 4193 1255 4250 Dominus.

2199 3013 2293 3064 καὶ
2315 3014 2817 3086 εὐαγγελιζόμενος,
2843 3016 3016 3082 οὕτως
3046 3016 3154 3073 οἶδε
3176 3020 3339 3091 φύσει
3366 3022 3501 3078 Θεὸν
3538 3024 3668 3078 ὄντα
3698 3027 3793 3081 τὸν

2200 3102 2348 3157 Υίόν.
2383 3107 2457 3157 Οὑ
2489 3105 2597 3175 γὰρ
2624 3106 2691 3160 ἂν
2725 3107 2976 3178 ὠνόμασε
3006 3109 3138 3163 Θεὸν
3165 3110 3241 3183 μὴ
3269 3111 3430 3166 τοῦτο
3457 3115 3601 3168 κατὰ
3627 3117 3791 3185 φύσιν

2198 3188 2533 3260 ὑπάρχοντα’
2553 3192 2661 3244 οὐδ’
2682 3192 2749 3247 ἂν
2771 3194 2858 3264 ἐφ’
2886 3194 3067 3265 ἐαυτῷ
3106 3198 3241 3252 πολὺ
3275 3198 3398 3253 λίαν
3441 3202 3790 3275 ἐκαυχήσατο

2194 3280 2419 3350 λέγων,ι
2446 3282 2752 3355 Εὑδόκησεν
2776 3287 2804 3339 6
2833 3286 2965 3351 Θεὸς
2982 3288 3331 3360 ἀποκαλύψαι
3360 3291 3453 3345 τὸν
3469 3294 3595 3348 Υίὸν
3619 3298 3786 3353 αὑτοῦ

2193 3370 2263 3426 δι’
2300 3373 2457 3442 ἐμοῦ,
2495 3392 2514 3426 ι
2548 3373 2710 3446 εἴπερ
2752 3371 2821 3447 ἦν
2855 3377 3060 3448 κτίσμα
3096 3379 3191 3434 καὶ
3223 3380 3455 3451 ποίημα.

2284 3469 2350 3524 El
2364 3468 2473 3537 γὰρ
2490 3469 2787 3538 ἔγνωσαν,
2800 3471 2989 3541 φησὶν,
3003 3473 3117 3527 οὐκ
3135 3473 3551 3544 ἆντὸνιίύριον
3564 3474 3675 3544 τῆς
3686 3477 3790 3533 δό-

2210 3557 2324 3626 ξης
2344 3559 2757 3629 ἐσταύρωσαν.
2779 3561 2992 3617 Οὐκοῦν
3016 3563 3067 3617 εί
3094 3566 3196 3633 τῆς
3218 3566 3377 3638 δόξης
3402 3568 3607 3638 Κύριός
3634 3570 3790 3625 ἐστιν

2210 3651 2240 3701 6
2278 3650 2366 3705 τὸν
2399 3651 2634 3723 σταυρὸν
2664 3651 2965 3722 ὑπομείνας
2993 3655 3134 3726 ὑπὲρ
3161 3657 3321 3727 ἡμῶν
3352 3658 3500 3724 Υίὸς,
3530 3661 3651 3723 πῶς
3681 3660 3789 3714 οὑκ

2212 3740 2327 3794 ἐστι
2372 3740 2532 3810 φύσει
2573 3740 2737 3807 Θεό;;
2779 3743 2897 3807 πῶς
2933 3743 2990 3797 δέ
3025 3744 3249 3817 κτίσμα,
3289 3748 3323 3819 ἢ
3368 3750 3577 3819 ποίημα
3622 3751 3652 3803 6
3690 3752 3794 3805 καὶ

2213 3830 2316 3882 ὑπὸ
2339 3830 2448 3883 τῶν
2472 3830 2723 3902 Σεραφὶμ
2745 3832 3113 3904 ὑμνούμενοςς
3143 3836 3327 3908 πλήρη
3353 3838 3461 3910 γὰρ
3488 3837 3627 3893 εἷναί
3646 3857 3796 3909 φασι

2212 3921 2302 3975 τόν
2330 3938 2393 3973 τε
2421 3921 2652 3991 οὐρανὸν
2671 3964 2687 3988 ,
2725 3924 2821 3977 καὶ
2856 3924 2954 3995 τὴν
2987 3930 3093 3997 γῆν
3130 3929 3230 3998 τῆς
3256 3929 3415 4001 δόξης
3442 3930 3610 3985 αὑτοῦ
3631 3971 3649 3994 .
3690 3936 3800 3987 καὶ

2214 4009 2418 4083 Κύριον
2447 4011 2675 4066 Σαϐαὼθ
2697 4014 3046 4082 ὀνομάζουσι.
3075 4016 3246 4087 Δῆλον
3270 4020 3399 4089 γὰρ,
3425 4022 3507 4075 ὅτι
3528 4024 3660 4088 περὶ
3686 4024 3800 4077 αὑ-

2209 4103 2307 4158 τοῦ
2337 4104 2406 4159 τὰ
2432 4102 2661 4159 τοιαῦτά
2687 4120 2887 4173 φασιν,
2917 4107 3079 4179 είπέρ
3107 4111 3221 4164 ἐστι
3259 4112 3360 4181 τῆς
3391 4112 3549 4185 δόξης
3580 4113 3800 4185 Κύριος

2213 4196 2474 4281 κατὰῗτζὴν
2503 4195 2599 4250 τοῦ
2625 4196 2840 4281 Παύλου
2868 4201 3077 4271 φωνήν.

598 4303 618 4335 ε
658 4284 979 4354 lta,inquit,
1013 4300 1111 4340 nos
1140 4284 1415 4338 existimet
1471 4282 1636 4338 homo
1702 4289 1763 4336 ut
1816 4280 2093 4339 ministros

2275 4296 2297 4330 ε
2348 4278 2536 4343 Οὕτω,
2592 4278 2779 4350 φησιν,
2829 4282 2977 4353 ἡμᾶς
3029 4284 3332 4355 λογιζέσθω
3387 4285 3675 4360 ἄνθρωπος
3710 4286 3800 4353 ὡς

522 4373 748 4439 Christi,
783 4383 835 4429 et
863 4376 1266 4442 dispensatores
1297 4371 1680 4443 mysteriorum
1734 4373 1827 4428 Dei
1881 4373 1947 4428 ¹¹.
1984 4392 2005 4425 ι
2035 4372 2094 4428 Si

523 4479 651 4533 ergo
688 4465 1003 4537 mysterium
1034 4464 1175 4526 Filii,
1212 4462 1530 4533 mysterium
1569 4462 1660 4518 Dei
1692 4461 1890 4519 Paulus
1914 4472 2093 4530 vocat,

523 4557 793 4624 quomodo
820 4570 924 4611 non
950 4554 1057 4609 erit
1090 4563 1287 4607 natura
1322 4553 1485 4620 Deus,
1512 4562 1608 4608 aut
1653 4553 1926 4622 quomodo
1942 4568 2094 4609 crea-

526 4649 660 4702 turis
716 4645 1162 4703 annumerabitur
1208 4646 1256 4701 is
1318 4646 1404 4701 cui
1467 4646 1697 4715 apostoli
1745 4645 2094 4701 ministrant?

524 4738 803 4805 Quomodo
838 4747 1018 4792 autem
1051 4754 1156 4793 non
1197 4753 1385 4792 verum
1434 4738 1596 4804 dicat,
1631 4736 1725 4792 Dei
1777 4736 2094 4806 mysterium

490 4812 491 4817 Ἴ
524 4831 800 4900 appellans
828 4829 1176 4901 Evangelium
1221 4827 1449 4894 Christi,
1482 4830 1683 4898 quique
1706 4841 1898 4896 magna
1931 4825 2095 4881 animi

526 4922 719 4976 ﬁducia
773 4922 948 4977 dixit:
983 4939 1003 4973 ι
1037 4921 1145 4991 Ego
1173 4920 1317 4974 enim
1371 4934 1474 4975 non
1527 4920 1706 4988 accepi
1762 4920 1829 4973 ab
1858 4919 2094 4983 homine,

526 5030 699 5082 neque
718 5014 909 5067 doctus
939 5014 1190 5078 sum,sed
1226 5027 1254 5065 a
1284 5012 1391 5067 Deo
1413 5007 1497 5064 "?
1524 5030 1542 5064 ι
1575 5008 1709 5067 Cum
1734 5010 1897 5079 igitur
1923 5025 1952 5064 a
1989 5009 2099 5065 Deo

525 5110 771 5171 eductus,
800 5106 992 5160 Filiqu
1022 5107 1189 5160 Deum
1219 5120 1338 5159 esse
1366 5112 1646 5175 agnoscat,
1669 5103 1790 5171 quis
1816 5103 2100 5159 latereticos

526 5198 747 5251 audiat?

602 5380 623 5413 ι
660 5362 950 5426 Quocirca,
985 5359 1185 5428 inquit.
1228 5356 1396 5413 nolite
1427 5366 1559 5415 ante
1612 5368 1829 5432 tempus
1880 5362 2089 5432 aliquid

525 5457 796 5528 judicare,
825 5455 1002 5509 donec
1022 5449 1233 5507 venerit
1256 5450 1537 5522 Dominus,
1576 5454 1670 5524 qui
1699 5455 2097 5512 etilluminabit

601 5636 619 5667 ¹
652 5636 789 5692 Cen.
824 5654 956 5699 xvu,
982 5638 1034 5690 4.
1108 5638 1131 5671 ⁸
1162 5636 1319 5691 Rom.
1351 5634 1530 5698 ".16.
1556 5634 1642 5687 17.
1717 5635 1737 5666 ³
1762 5632 1918 5689 JOan.
1945 5649 2054 5696 xw,
2095 5632 2149 5687 6.
2206 5632 2227 5664 δ
2255 5632 2411 5688 Joan.
2458 5647 2532 5693 vt.
2570 5633 2657 5690 ιο.

530 5708 549 5741 ⁷
585 5705 744 5769 llum,
771 5726 805 5777 ι,
832 5709 882 5763 1.
933 5706 1149 5763 'Gaiat.
1183 5725 1221 5775 t,
1258 5706 1435 5761 ιδ-ισ.
1512 5707 1531 5738 ⁹
1557 5704 1573 5758 Ι
1603 5704 1727 5759 Cor.
1763 5720 1819 5772 ιι,
1852 5704 1902 5757 8.
1981 5706 2024 5736 ³⁸
2049 5703 2091 5758 Π

2217 5719 2311 5766 xu,
2346 5705 2379 5756 ει
2421 5718 2434 5766 ;

2198 4368 2479 4440 ὑπηρέτας
2499 4370 2762 4440 Χριστοῦ,
2794 4372 2887 4425 καὶ
2910 4374 3227 4445 οἰκονόμους
3250 4375 3563 4447 μυστηρίων
3588 4376 3749 4432 Θεοῦ.
3769 4397 3793 4431 ι

2198 4462 2262 4515 El
2293 4462 2472 4515 τοίνυν
2510 4462 2569 4515 τὸ
2600 4463 2729 4535 περὶ
2775 4463 2872 4516 τοῦ
2896 4464 3027 4518 Υίοῦ
3066 4467 3383 4537 μυστήριον,
3408 4466 3543 4520 Θεοῦ
3572 4469 3799 4540 μυστή-

2201 4569 2314 4623 ριον
2339 4553 2368 4605 6
2395 4551 2608 4617 Παῦλος
2641 4555 2927 4621 ἀποκαλεῖ,
2963 4556 3081 4621 πῶς
3115 4558 3213 4610 οὑκ
3240 4556 3390 4610 ἔσται
3425 4557 3585 4626 φύσει
3609 4558 3748 4622 Θεὸς
3778 4603 3794 4627 ,

2197 4639 2232 4711 ἢ
2273 4640 2391 4703 πῶς
2429 4644 2486 4695 ἐν
2520 4643 2791 4715 ποιήμασι
2824 4644 3107 4710 τετάξεται
3135 4648 3164 4699 6
3192 4646 3280 4700 διὰ
3318 4646 3428 4700 τῶν
3466 4648 3799 4702 ἀποστόλων

2196 4730 2670 4803 ὑπηρετούμενος;
2704 4734 2832 4799 Πῶς
2883 4735 2941 4789 δὲ
2987 4737 3090 4789 οὐκ
3136 4736 3447 4810 ἀληθεύσει,
3486 4737 3622 4790 Θεοῦ
3682 4755 3797 4808 μυ-

2199 4823 2418 4891 στήριον
2443 4823 2725 4895 ὀνομάζων
2767 4826 2827 4880 τὸ
2880 4828 3213 4897 Εύαγγὲλιον
3265 4829 3539 4903 Χριστοῦ,
3571 4830 3601 4883 6
3646 4833 3795 4901 μετὰ

2196 4912 2399 4983 πολλῆς
2435 4917 2747 4988 παρρησίας
2774 4916 2964 4972 εἰπών’
3005 4938 3023 4971 ι
3048 4920 3181 4974 Οὐδὲ
3212 4920 3320 4993 γὰρ
3345 4921 3454 4990 ἐγὼ
3482 4922 3634 4994 παρὰ
3688 4923 3792 4975 ἀν-

2196 5002 2417 5075 θρώπου
2449 5006 2759 5077 παρέλαϐον
2800 5008 2951 5076 αὑτὸ,
3008 5010 3131 5063 οὑδὲ
3175 5011 3459 5082 ἐδιδάχθην
3482 5053 3497 5077 ,
3530 5013 3649 5066 ἀλλ’
3679 5015 3793 5069 ὑπὸ

2193 5092 2288 5145 τοῦ
2317 5093 2453 5148 Θεοῦ
2480 5095 2712 5166 δηλαδή;
2737 5115 2755 5148 ι
2792 5097 2921 5150 Ὀτε
2951 5099 3133 5152 τοίνυν
3159 5098 3497 5162 θεοδίδακτος
3532 5098 3631 5165 ὢν,
3650 5102 3791 5157 Θεὸν

2194 5178 2322 5233 δντα
2358 5182 2448 5234 τὸν
2472 5182 2600 5235 Υἱὸν
2625 5184 3001 5253 ἐπιγινώσκει,
3036 5186 3121 5251 τίς
3152 5186 3263 5241 τῶν
3304 5189 3469 5261 ἔτερα
3497 5191 3787 5247 διδασκόν-

2195 5285 2302 5323 των
2328 5272 2577 5338 ἀνέξεται
2601 5292 2617 5340 ;

2277 5322 2295 5415 ι
2322 5322 2699 5433 έοᾷξὲξνξρἦσι,
2747 5359 2823 5432 μὴ
2864 5360 2972 5432 πρὸ
3005 5362 3202 5431 καιροῦ
3234 5378 3289 5415 τι
3317 5361 3555 5433 κρίνετε,
3583 5361 3694 5427 ἓως
3720 5367 3792 5417 ἂν

2202 5456 2330 5527 ἔλθῃ
2360 5459 2387 5509 ὁ
2419 5455 2646 5528 Κύριος,
2672 5456 2732 5520 ὂς
2759 5455 2854 5508 καὶ
2884 5454 3113 5525 φωτίσει
3162 5454 3231 5508 τὰ
3276 5455 3500 5526 κρυπτὰ
3528 5455 3622 5509 τοῦ
3658 5462 3788 5509 ax:-

2734 5634 2756 5667 ⁸
2789 5633 2950 5690 Joan.
2975 5651 3048 5699 vr,
3095 5633 3187 5689 25.
3231 5632 3427 5688 ‘Rom.
3475 5633 3657 5697 xv,l5,
3694 5636 3782 5687 l6.

2513 5704 2616 5760 lsa.
2652 5706 2799 5772 v1.3.
2842 5707 2875 5736 ¹¹
2906 5704 2924 5758 ι
2958 5707 3165 5771 Cor.tv,
3201 5706 3247 5762 l.
3330 5706 3373 5737 "
3403 5705 3581 5761 Galat.
3617 5721 3656 5770 t,
3684 5704 3780 5760 li.
