4086 6214
367 279 471 347 641

1339 274 1716 348 PANOPLIA
1759 286 2223 353 DOGMATICA.
2262 314 2327 327 *-
2370 293 2520 355 ΤιΤ.
2562 292 2667 355 Xl-

3523 296 3631 360 6i?

371 431 516 477 τους,
547 412 643 466 καὶ
687 410 993 482 φανερώσει
1044 408 1143 472 τὰς
1193 407 1388 478 βουλὰς
1433 409 1542 463 τῶν
1572 409 1832 481 καρδιῶν,
1866 412 1960 464 καὶ

2065 420 2270 475 occulta
2300 420 2667 481 tenebrarum,
2734 429 2786 473 et
2840 418 3205 476 manifestabit
3261 422 3485 478 consilia
3514 439 3637 479 cor-

370 505 493 558 τότε
525 506 554 557 6
586 504 809 565 ἔπαινος
845 502 1134 571 γενήσεται
1189 500 1408 571 ἑκάστῳ
1436 500 1545 554 ἀπὸ
1586 500 1680 554 τοῦ
1734 501 1892 557 Θεοῦ.
1932 520 1952 554 ι

383 595 473 647 Ἐν
499 594 558 649 δὲ
583 596 697 654 τοῖς
747 589 1123 659 Εὐαγγελίοις,
1164 590 1384 658 στήσειν
1417 589 1517 660 μὲν
1558 591 1623 643 ἐκ
1677 589 1866 654 δεξιῶν
1891 589 1962 644 τά

370 683 641 754 πρόϐατα,
682 680 743 745 ἐξ
767 680 1064 749 εὐωνύμων
1092 680 1149 732 δὲ
1182 682 1249 733 τά
1287 680 1476 751 ἐρίφια
1518 681 1754 751 Χριστὸς
1785 684 1959 751 ἐπαγ-

370 775 645 843 τέλλεται,
675 772 818 826 κατὰ
843 772 935 825 τὸν
951 772 1141 841 καιρὸν
1165 772 1262 842 τῆς
1289 772 1548 842 δευτέρας
1566 773 1731 825 αὐτοῦ
1758 760 1962 842 παροῦ-

371 867 518 930 σίαςο
554 866 647 919 καὶ
681 866 807 928 τοὺς
839 864 936 935 μὲν
971 863 1070 933 τῆς
1090 862 1323 932 ἀνομίας
1374 863 1612 933 ἐργάτας
1657 862 1961 933 ἐκπέμψειν

370 960 450 1020 είς
477 957 541 1010 τὸ
567 955 678 1028 πῦρ
706 955 767 1007 τὸ
796 952 1038 1018 αἰώνιον,
1072 956 1187 1017 τοῖς
1213 953 1268 1006 δέ
1298 970 1361 1021 γε
1387 952 1479 1006 τὸν
1506 952 1676 1017 δεξιὸν
1709 955 1963 1022 ἐπέχουσι

370 1044 537 1099 τόπον
572 1046 698 1107 τοὺς
724 1044 983 1107 ἐπαίνους
1036 1043 1172 1114 ὁμοῦ
1220 1047 1334 1107 τοῖς
1386 1044 1599 1115 μισθοῖς
1634 1046 1959 1111 ἀποδώσειν,

368 1138 545 1207 λέγων
575 1137 657 1201 τὸ,
694 1155 712 1188 ι
740 1135 930 1201 Δεῦτε,
959 1138 1007 1192 οἱ
1036 1136 1395 1207 εὐλογημένοι
1454 1136 1549 1190 τοῦ
1578 1138 1789 1209 Πατρός
1826 1157 1960 1209 μου,

371 1227 825 1300 κληρονομήσατε
878 1224 976 1297 τὴν
1037 1227 1447 1297 ἡτοιμασμένην
1498 1227 1627 1298 ὑμῖν
1686 1229 1963 1299 βασιλείαν

369 1320 483 1373 ἀπὸ
517 1319 828 1388 καταϐολῆς
859 1320 1090 1390 κόσμου.
1125 1338 1144 1371 ι
1190 1318 1399 1372 Οὐκοῦν
1428 1322 1478 1374 εἰ
1512 1321 1602 1374 τὸν
1630 1323 1727 1393 τῆς
1759 1325 1964 1395 ἀρετῆς

372 1412 611 1485 ἐργάτην
650 1412 744 1465 καὶ
792 1412 1135 1483 ἐπιστήμονα
1187 1412 1496 1465 ἐπαινέσειν
1552 1415 1837 1485 μέλλοντος
1870 1418 1963 1471 τοῦ

369 1503 530 1567 Θεοῦ,
562 1504 795 1573 Χριστός
827 1505 975 1557 ἐστιν
1009 1504 1037 1554 6
1088 1503 1348 1569 ἐπαινῶν,
1378 1503 1493 1568 πῶς
1533 1506 1685 1559 ἔσται
1717 1508 1957 1578 ποίημα,

370 1595 466 1647 καὶ
492 1593 614 1665 οὐχὶ
650 1593 853 1663 μᾶλλον
890 1593 1021 1658 Θεὸς
1049 1596 1112 1647 ἐκ
1146 1592 1305 1658 Θεοῦ,
1345 1594 1445 1663 τῆς
1475 1597 1735 1667 πατρῴας
1773 1599 1960 1663 οὐσίας

2062 512 2231 574 dium,
2262 523 2316 565 et
2351 508 2479 564 tutic
2532 509 2820 579 unicuique
2875 510 2992 565 laus
3049 512 3140 567 lict
3198 515 3265 567 ah
3307 528 3373 568 eo
3438 516 3522 568 ⁸.»
3578 514 3634 569 ln

2062 600 2366 669 Evangeliis
2398 609 2575 655 autem
2602 600 2879 663 scribitur,
2910 601 3052 669 quod
3117 603 3167 656 in
3228 605 3520 660 novissimo
3549 607 3636 658 die

2061 694 2311 748 Christus
2336 708 2465 748 oves
2492 694 2560 747 ab
2586 693 2755 747 hmdis
2778 694 3072 762 separabit,
3117 706 3280 763 atque
3340 712 3469 751 oves
3518 699 3635 765 qni-

2062 786 2183 839 dem
2218 799 2247 837 a
2291 785 2518 847 dextris,
2562 784 2742 837 haedos
2772 794 2952 837 autem
2986 799 3013 835 a
3042 784 3278 839 sinistris
3301 786 3585 839 collocahit
3619 807 3632 840 :

2065 876 2234 931 malos
2296 877 2512 945 quidem
2574 877 2838 930 missurus
2896 876 2946 928 in
3018 874 3197 943 ignem
3258 886 3562 941 mlernum;
3607 896 3634 931 a

2064 971 2249 1021 dextra
2284 983 2412 1022 vero
2444 967 2957 1022 conSIitutislaudes
2983 982 3085 1018 una
3120 981 3239 1019 cum
3270 969 3503 1035 praemiis
3534 970 3637 1021 lar-

2064 1058 2297 1127 giturus,
2332 1058 2551 1111 dicens:
2587 1074 2604 1107 (
2646 1056 2855 1120 Venite,
2887 1056 3159 1109 benediCti
3192 1055 3373 1111 Patris
3422 1058 3547 1119 mei,
3582 1068 3637 1110 et
3706 1040 3709 1041 ν

2066 1146 2331 1213 possidete
2367 1161 2586 1214 regnum
2626 1145 2768 1214 quod
2793 1155 3037 1211 paratum
3071 1154 3155 1197 est
3205 1147 3358 1197 vobis
3416 1162 3444 1197 a
3499 1162 3635 1199 con-

2064 1237 2344 1292 stitutione
2374 1237 2557 1289 mundi
2611 1239 2653 1287 ³.
2696 1254 2713 1287 ι
2747 1233 2802 1288 Si
2835 1250 2965 1305 ergo
2995 1251 3118 1289 cum
3151 1236 3370 1290 virtutis
3396 1237 3637 1292 cultores

2064 1330 2313 1384 laudibus
2342 1327 2633 1383 alfecturus
2662 1337 2746 1383 est
2776 1329 2939 1389 Deus,
2968 1328 3219 1384 Christus
3246 1340 3331 1382 est
3375 1330 3466 1397 qui
3519 1330 3638 1382 lau-

2063 1422 2178 1486 dat,
2210 1422 2482 1491 quomodo
2507 1423 2578 1476 sit
2608 1430 2877 1487 creatura,
2903 1433 2956 1476 et
2988 1437 3093 1475 non
3152 1422 3332 1491 potius
3389 1420 3530 1476 Deus
3570 1439 3633 1477 ex

2066 1513 2199 1578 Deo,
2235 1513 2797 1581 nuiversampaternm
2860 1512 3110 1566 essentia
3158 1513 3549 1580 preprietatein
3582 1514 3633 1565 in

2063 1619 2125 1660 se
2155 1606 2358 1660 habens
2378 1615 2542 1674 atque
2570 1604 2774 1658 idcirco
2804 1604 2941 1658 Deus
2970 1605 3260 1665 cxsistcns,
3305 1606 3525 1673 perinde
3559 1612 3641 1658 at-

370 1684 490 1737 ὅλον
514 1685 654 1754 ἔχων
704 1684 766 1738 τὸ
823 1686 976 1752 ἴδιον,
1013 1685 1108 1737 καὶ
1154 1682 1229 1737 ὢν
1273 1684 1364 1738 διὰ
1416 1688 1573 1741 τοῦτο
1608 1689 1768 1757 φύσει
1802 1689 1956 1757 Θεὸς,

2065 1713 2168 1767 que
2207 1696 2323 1767 ipse
2337 1695 2500 1752 Pater
2514 1698 2539 1750 1

371 1774 563 1843 ὥσπερ
604 1776 698 1828 καὶ
724 1777 752 1827 6
781 1780 1049 1844 γεννήσας
1096 1775 1291 1837 αὐτόν;

454 1892 471 1921 ε
508 1874 581 1926 υύ
610 1873 718 1942 γάρ
750 1871 977 1941 θέλομεν
1009 1870 1174 1939 ὑμᾶς,
1226 1869 1416 1939 φησὶν,
1450 1867 1685 1935 ἀγνοεῖν,
1716 1868 1954 1938 ἀδελφοὶ,

372 1966 513 2035 ὑπὲρ
542 1964 639 2035 τῆς
670 1963 898 2032 θλίψεως
950 1962 1106 2034 ήμῶν
1138 1961 1237 2031 τῆς
1260 1960 1557 2030 γενομένης
1600 1961 1659 2013 ἐν
1682 1964 1745 2032 τῇ
1779 1962 1956 2034 Ἀσία,

369 2060 453 2111 ὅτι
479 2057 601 2110 καθ’
630 2054 934 2126 ὑπερϐολὴν
969 2054 1109 2124 ὑπὲρ
1147 2052 1379 2124 δύναμιν
1405 2051 1777 2123 ὲὸαρήθημεν.
1811 2053 1953 2108 ὥστε

368 2144 779 2217 ἐξαπορηθῆναι
809 2145 955 2215 ἡμᾶς
978 2143 1073 2197 καὶ
1108 2140 1203 2194 τοῦ
1246 2142 1367 2211 ζῇν·
1420 2140 1537 2194 ἀλλ’
1569 2141 1722 2195 αὐτοὶ
1764 2143 1823 2194 ἐν
1852 2146 1955 2197 αὐ-

369 2241 483 2301 τοῖς
507 2238 570 2292 τὸ
596 2238 886 2308 ἀπόκριμα
932 2235 1024 2288 τοῦ
1075 2232 1309 2287 θανάτου
1345 2232 1686 2303 ἐσχήκαμεν,
1744 2232 1833 2285 ἵνα
1878 2232 1955 2303 μὴ

373 2328 698 2392 πεποιθότες
747 2324 898 2398 ὦμεν
928 2325 1016 2395 ἐφ’
1040 2326 1276 2388 ἑαυτοῖς,
1329 2320 1449 2376 ἀλλ’
1489 2323 1584 2376 ἐπὶ
1629 2321 1707 2392 τῷ
1736 2321 1856 2392 Θεῴ
1878 2322 1956 2393 τῷ

382 2408 653 2476 ἐγείροντι
688 2406 814 2468 τοὺς
849 2406 1095 2476 νεκρούς.
1128 2425 1148 2458 ι
1201 2408 1330 2462 Ἰδοὺ
1366 2410 1529 2465 πάλιν
1553 2411 1740 2465 ἐνθάδε
1769 2414 1957 2483 σαφῶς

382 2499 519 2553 Θεὸν
547 2494 687 2553 εἶναί
720 2515 859 2569 φησι
887 2501 979 2551 τὸν
1010 2499 1293 2569 ἐγείροντα
1338 2503 1461 2566 τοὺς
1504 2506 1752 2574 νεκρούς.
1785 2504 1959 2559 Τοῦτο

383 2588 443 2641 δέ
494 2586 733 2655 Χριστὸς
782 2589 1098 2657 ἐργάζεται,
1156 2591 1355 2659 λέγων,
1397 2593 1520 2647 κοτὲ
1556 2598 1690 2664 μέν·
1753 2614 1773 2648 ι
1816 2596 1957 2664 Ἐγώ

384 2679 502 2745 είμι
532 2679 566 2749 ή
596 2678 893 2737 ἀνάστασις
925 2679 1072 2749 καὶὴ
1116 2680 1228 2751 ζωή
1253 2699 1267 2713 ·
1309 2702 1328 2735 ι
1363 2684 1494 2738 ποτὲ
1525 2685 1581 2738 δέ
1616 2686 1809 2740 πάλινο
1843 2705 1861 2739 ι
1900 2690 1957 2741 ’0

385 2770 658 2824 πιστεύων
677 2770 759 2833 είς
787 2771 908 2840 ἐμὲ,
928 2772 1039 2841 ἔχει
1065 2771 1209 2844 ζωὴν
1237 2774 1478 2842 αἰώνιον,
1494 2778 1649 2848 κάγὼ
1664 2778 1956 2852 ἀναστήσω

384 2865 552 2919 αὐτὸν
587 2865 644 2918 ἐν
683 2866 748 2933 τῇ
797 2864 1004 2935 ἐσχάτῃ
1044 2864 1250 2936 ἡμέρᾳ.
1282 2884 1302 2918 ι
1365 2867 1501 2932 Θεὸς
1552 2866 1645 2924 οὗν
1680 2871 1788 2942 ἄρα
1819 2875 1961 2926 κατὰ

385 2956 554 3025 φύσιν
585 2957 614 3009 6
649 2956 800 3019 Υίὺς,
846 2956 1092 3027 ἐνεργεῖν
1124 2956 1454 3026 δυνάμενος,
1502 2959 1539 3015 ἃ
1571 2962 1719 3033 μόνῳ
1764 2963 1961 3034 πρέπει

382 3048 531 3114 Θεῷ,
568 3047 776 3101 Οὐκοῦν
806 3047 866 3099 οὐ
897 3049 1129 3116 ποίημα,
1149 3047 1271 3101 οὐδὲ
1302 3049 1528 3118 κτίσμα.

462 3136 547 3202 Τῷ
572 3138 641 3190 δὲ
665 3136 787 3201 Θεῷ
809 3137 979 3206 χάρις
1002 3135 1081 3202 τῷ
1109 3136 1368 3192 πάντοτε
1382 3142 1791 3209 θριαμϐεύοντι
1808 3144 1964 3213 ἡμᾶς

383 3231 456 3284 ἐν
485 3228 563 3293 τῷ
582 3227 833 3298 Χριστῷ,
858 3231 955 3282 καὶ
986 3228 1099 3298 τὴν
1118 3229 1321 3299 ὀσμὴν
1342 3231 1453 3299 τῆς
1473 3234 1747 3303 γνώσεως
1775 3235 1964 3291 αὐτοῦ

382 3321 743 3392 φανεροῦντι
767 3320 841 3374 δι’
869 3320 1056 3388 ἡμῶν.
1094 3323 1153 3377 '0
1186 3322 1589 3394 φανερούμενος
1627 3325 1717 3380 διά
1763 3344 1822 3381 τε
1858 3327 1966 3381 τῶν

385 3414 763 3471 ἀποπολικῶν
787 3416 879 3468 καὶ
899 3414 1272 3483 εὐαγγελικῶν
1287 3419 1660 3488 κηρυγμάτων
1675 3419 1757 3483 τίς
1788 3421 1855 3475 ἂν
1880 3422 1966 3492 εἴη

382 3507 575 3578 ῑτερος
602 3506 755 3577 παρά
782 3506 1052 3575 Χριστόν;
1081 3508 1251 3572 Αὐτὸς
1280 3510 1569 3580 τοιγαροῦν
1586 3513 1736 3564 ἐστιν
1762 3513 1794 3582 ή
1821 3513 1967 3585 ὀσμὴ

384 3598 486 3666 τῆς
515 3596 772 3665 γνώσεως
805 3595 901 3650 τοῦ
939 3597 1077 3651 Θεοῦ
1107 3599 1204 3651 καὶ
1237 3600 1447 3671 Πατρὸς
1480 3604 1620 3656 κατά
1649 3608 1710 3655 τὸ
1742 3604 1970 3674 εἰρημέ-

384 3708 478 3746 νον
505 3690 640 3762 παρ⁹
666 3689 830 3744 αὐτοῦ
860 3689 1071 3757 Οὐδεὶς
1098 3690 1336 3761 ἔρχεται
1363 3691 1511 3759 πρὸς
1536 3694 1644 3747 τὸν
1671 3692 1897 3761 Πατέρα
1919 3697 1971 3749 ει

378 3785 470 3855 μὴ
517 3783 593 3838 δι’
633 3784 798 3853 ἐμοῦ.
834 3785 942 3837 Καὶ
973 3783 1158 3846 πάλιν,
1204 3784 1267 3838 ὐ
1300 3783 1573 3851 ἑωρακὼς
1613 3785 1718 3854 ἐμὲ
1750 3785 1971 3855 ἑώρακε

384 3874 496 3929 τὸν
518 3873 775 3943 Πατέρα.
824 3874 996 3945 Ὀσμὴ
1031 3871 1319 3946 τοιγαροῦν
1348 3873 1608 3945 ὑπάρχων
1639 3874 1733 3927 τοῦ
1760 3876 1970 3946 [ἰατρὸς

383 3967 580 4021 οὐκᾶν
615 3968 702 4038 εἴη
732 3964 869 4037 πρὸς
897 3966 1059 4019 αὐτὸν
1085 3966 1443 4037 ἐτεροούσιος,
1476 3966 1593 4020 ἀλλ’
1618 3966 1807 4037 ὥσπερ
1849 3971 1880 4039 ὴ
1911 3970 1970 4035 ἐξ

384 4062 596 4119 ἀνθέων
639 4058 839 4114 εὐωδία
860 4060 1125 4128 ῖφυσικῶς
1158 4074 1218 4112 τε
1254 4059 1348 4111 καὶ
1375 4058 1655 4122 οὐσιωδῶς
1695 4062 1970 4131 προεκκύ-

387 4169 601 4207 πτουσα
647 4150 745 4204 τοῦ
778 4153 1140 4219 γεννήσαντος
1171 4149 1343 4220 αὐτὴν
1381 4148 1555 4214 εἴδους
1591 4151 1741 4204 ἐστὶν
1768 4153 1974 4220 ἐκφαν·

385 4246 538 4312 τικὴ.
573 4244 714 4297 οὓτω
742 4244 839 4296 καὶ
866 4245 895 4296 6
925 4242 1051 4303 Υιδς
1079 4241 1227 4312 ὀσμή
1257 4258 1341 4305 τις
1367 4240 1558 4314 ὥσπερ
1584 4243 1682 4311 τῆς
1713 4241 1973 4314 πατρῴας

2132 1885 2154 1920 ι
2190 1863 2473 1933 Nolumus,
2494 1868 2691 1939 inquit,
2710 1884 2806 1924 vos
2834 1870 3103 1938 ignorare,
3129 1872 3346 1938 fratres,
3379 1876 3443 1929 dc
3468 1879 3643 1933 tribu-

2064 1956 2266 2011 latione
2292 1966 2476 2011 nostra
2501 1955 2640 2010 facta
2666 1957 2717 2011 in
2747 1958 2895 2021 Asia,
2931 1961 3182 2027 quoniam
3214 1976 3375 2030 supra
3425 1965 3638 2019 modum

2061 2049 2269 2117 gravati
2310 2064 2497 2103 sumus
2519 2065 2680 2119 supra
2716 2049 2995 2116 virtutem,
3026 2052 3098 2106 ita
3124 2062 3181 2106 ut
3215 2056 3434 2110 taederet
3475 2059 3638 2111 etiam

2060 2153 2160 2193 nos
2189 2140 2407 2193 vivere:
2448 2140 2542 2194 sed
2595 2140 2694 2209 ipsi
2743 2140 2794 2194 in
2852 2141 3252 2213 nobismetipsis
3320 2161 3637 2215 responsum
3722 2198 3732 2211 ,

2062 2231 2252 2285 mortis
2280 2231 2587 2296 habuimus,
2606 2242 2663 2286 ut
2695 2247 2799 2286 nou
2831 2232 3000 2288 simus
3016 2233 3242 2289 lidentes
3266 2234 3329 2299 in
3353 2236 3637 2297 nobis,sed

2062 2320 2113 2375 in
2139 2320 2251 2376 Deo
2284 2322 2376 2391 qui
2409 2322 2636 2376 suscitat
2662 2333 2909 2379 mortuos
2952 2326 2995 2377 ⁸.
3028 2340 3046 2374 ι
3075 2324 3212 2379 Ecce
3269 2341 3460 2382 rursus
3548 2327 3637 2382 hic

2059 2426 2249 2488 aperte
2283 2420 2363 2473 ait
2398 2416 2569 2472 Deum
2598 2432 2725 2473 esse
2754 2418 2844 2487 qui
2885 2418 3111 2475 suscitat
3147 2428 3408 2474 mortuos.
3443 2415 3498 2469 ld
3534 2431 3632 2467 an-

2061 2519 2169 2563 tem
2201 2507 2454 2564 Christus
2485 2508 2635 2570 iacit.
2670 2509 2869 2565 alicubi
2918 2509 3133 2578 quidem
3175 2508 3363 2562 dicens
3401 2524 3414 2561 :
3457 2524 3476 2558 ι
3517 2505 3629 2576 Ego

2060 2614 2178 2654 sum
2228 2600 2560 2655 resurrectio
2610 2610 2663 2655 et
2710 2601 2822 2653 vita
2855 2600 2911 2664 ις
2951 2619 2968 2652 ι
3008 2600 3207 2654 alicubi
3260 2613 3387 2654 vero
3417 2615 3431 2651 :
3467 2618 3484 2650 ι
3525 2596 3628 2664 Qui

2061 2691 2236 2747 credit
2268 2691 2320 2745 in
2350 2704 2458 2755 me,
2501 2690 2666 2746 habet
2701 2691 2866 2745 vitam
2909 2704 3192 2754 aeternam,
3232 2701 3285 2746 et
3317 2707 3416 2761 ego
3448 2690 3628 2744 susci-

2063 2784 2189 2838 tabo
2229 2798 2351 2837 eutn
2406 2784 2460 2836 in
2510 2781 2810 2837 novissimo
2856 2783 2942 2838 die
2972 2783 3014 2836 '.
3054 2801 3071 2833 ι
3122 2780 3291 2836 Filius
3333 2781 3516 2849 itaque
3546 2787 3633 2834 est

2062 2887 2259 2929 natura
2317 2872 2477 2937 Dens,
2525 2875 2726 2944 quippe
2770 2875 2861 2943 qui
2905 2890 2967 2929 ea
3020 2874 3249 2928 faciendi
3306 2880 3629 2943 potestatem

2064 2967 2226 3020 habet
2253 2980 2372 3033 qua:
2405 2965 2509 3021 soli
2545 2967 2651 3020 Deo
2685 2968 2957 3020 convenit.
2992 2965 3104 3020 Non
3143 2976 3222 3020 est
3259 2980 3388 3035 ergo
3416 2979 3635 3022 creatu-

1989 3036 2029 3091 θ
2066 3073 2145 3120 ra,
2182 3072 2358 3126 neque
2384 3073 2541 3126 opus.

2137 3149 2262 3212 Deo.
2298 3151 2489 3219 inquit,
2525 3150 2726 3221 gratias
2769 3152 2857 3219 qui
2896 3165 3099 3219 semper
3144 3151 3429 3219 triumphat
3464 3169 3554 3206 nos
3579 3154 3633 3206 in

2065 3240 2279 3298 Christo
2299 3243 2446 3308 Iesu,
2493 3254 2541 3297 rt
2570 3244 2780 3298 odorem
2820 3244 3023 3297 notitia:
3053 3258 3164 3297 sum
3207 3238 3509 3314 manifestat
3541 3260 3634 3311 per

2067 3351 2161 3390 nos
2199 3337 2234 3387 ⁸.
2264 3334 2364 3401 Qui
2397 3335 2709 3406 apostolicis
2730 3344 2786 3390 et
2815 3336 3140 3406 evangelicis
3164 3336 3634 3403 pradicatiouibus

2068 3427 2470 3491 manifestatur,
2506 3428 2595 3495 qui
2631 3428 2769 3482 alius
2808 3437 2912 3491 est,
2943 3428 3045 3481 nisi
3073 3427 3365 3484 Christus?
3399 3430 3512 3499 ipse
3549 3432 3636 3485 ni-

2071 3519 2264 3573 mirum
2294 3528 2380 3573 est
2406 3518 2540 3572 odor
2565 3518 2770 3571 notitiae
2798 3516 2915 3580 Dei,
2947 3528 3000 3571 et
3029 3514 3203 3572 Patris
3237 3535 3254 3573 :
3286 3515 3456 3572 Nemo
3476 3521 3635 3585 enim,

2072 3610 2270 3679 inquit.
2305 3609 2443 3663 venit
2488 3608 2558 3661 ad
2598 3598 2831 3669 Patrem,
2865 3608 2966 3661 nisi
3009 3622 3102 3676 per
3131 3624 3213 3663 me
3235 3612 3274 3660 '.
3307 3606 3373 3660 Et
3397 3624 3636 3663 rursum:

2072 3700 2177 3765 Qui
2210 3701 2340 3754 vidit
2374 3716 2475 3764 me,
2508 3698 2704 3769 inquit,
2742 3700 2871 3753 vidit
2897 3698 3110 3751 Patrem
3149 3703 3187 3753 ⁸.
3212 3700 3343 3753 Cum
3377 3698 3546 3768 igitur
3570 3701 3640 3752 sit

2071 3794 2205 3848 odor
2238 3789 2437 3855 Patris,
2469 3805 2577 3845 non
2610 3798 2693 3845 est
2729 3791 2966 3843 essentia
3012 3787 3260 3842 diversus
3296 3788 3364 3841 ab
3397 3802 3484 3850 eo,
3542 3789 3639 3840 sed

2072 3884 2522 3954 quemadmodum
2575 3882 2746 3937 bonus
2785 3882 2919 3936 odor
2955 3880 3149 3936 ﬂorum
3207 3882 3527 3937 naturaliter
3572 3882 3640 3935 ah

2078 3974 2210 4045 ipsis
2231 3974 2554 4046 proveniens
2580 3976 2787 4031 indicat
2829 3973 2978 4029 ﬂoris
3005 3988 3190 4044 genus,
3215 3975 3355 4027 unde
3385 3984 3639 4042 tanquam

2072 4083 2138 4125 ex
2180 4080 2333 4139 patre
2364 4077 2527 4122 natus
2553 4078 2659 4133 est,
2692 4067 2771 4122 sic
2801 4076 2857 4122 et
2902 4064 3073 4121 Filius
3107 4067 3359 4123 essentia
3401 4077 3642 4137 paterna:

2069 4177 2135 4217 ex
2166 4176 2273 4232 qua
2301 4161 2416 4230 ipse
2446 4160 2669 4229 quidam
2697 4159 2861 4214 veluti
2901 4160 3033 4213 odor
3060 4160 3360 4229 genitorem
3402 4159 3641 4215 declarat

2069 4270 2252 4311 suum.
2281 4252 2398 4309 Non
2431 4253 2594 4325 igitur
2623 4252 2822 4319 factus,
2863 4267 2963 4309 nec
2996 4261 3212 4309 creatus
3241 4292 3258 4318 ,
3281 4253 3499 4323 quando
3540 4270 3641 4310 nec

387 4336 655 4408 ὑπάρχων
674 4335 886 4399 οὐσίας,
907 4336 1000 4401 ἀφ’
1038 4328 1105 4405 ἧς
1133 4335 1302 4395 ἐστιν,
1331 4332 1493 4396 αὐτὸς
1518 4333 1607 4386 τὸν
1637 4335 1962 4405 γεννήσαντα

2072 4345 2334 4414 ejusmodi
2371 4344 2530 4398 Pater
2555 4352 2661 4399 est.

386 4428 559 4496 δηλοῖ.
593 4426 803 4479 Οὐκοῦν
822 4425 884 4478 οὐ
907 4424 1139 4495 ποίημα,
1168 4422 1287 4477 οὐδὲ
1304 4423 1532 4494 κτίσμα,
1559 4426 1680 4477 ἐπεὶ
1710 4427 1786 4497 μὴ
1815 4425 1973 4481 τοῦτό

389 4521 542 4572 ἐστιν
575 4520 604 4571 6
636 4518 846 4587 Πατήρ.

471 4636 489 4667 ι
538 4614 792 4686 Γνωρίζω
840 4613 899 4668 δὲ
956 4613 1103 4683 ὑμῖν,
1155 4608 1399 4678 ἀδελφοὶ,
1447 4606 1509 4660 τὸ
1557 4603 1891 4673 Εὐαγγέλιον
1921 4598 1985 4655 τὸ

389 4706 781 4778 εὐαγγελισθὲν
830 4705 922 4759 ὑπ’
964 4702 1123 4773 ἐμοῦ,
1171 4703 1254 4757 ὅτι
1298 4699 1400 4753 οὐκ
1436 4697 1553 4751 ἐστι
1593 4697 1732 4749 κατά
1766 4694 1980 4763 ἄνθρω-

2141 4627 2163 4663 ι
2197 4606 2477 4680 Significo,
2509 4604 2706 4675 inquit,
2744 4599 2918 4665 vobis,
2949 4596 3147 4677 fratres
3170 4634 3188 4663 ,
3222 4594 3367 4665 quod
3393 4591 3644 4663 Evange~

2068 4705 2218 4771 lium,
2255 4702 2398 4772 quod
2434 4714 2465 4754 a
2500 4711 2587 4753 me
2616 4695 2772 4751 vobis
2792 4690 3222 4762 evangelizatum
3258 4694 3343 4743 est
3367 4725 3384 4752 ,
3417 4700 3524 4739 non
3559 4693 3646 4772 est

392 4771 519 4854 πον.
544 4771 678 4853 esse
704 4797 815 4868 γὰρ
839 4794 953 4865 ἐγὼ
983 4771 1133 4865 ⁸ιταρά
1167 4789 1455 4861 ἀνθρώπου
1487 4785 1798 4859 παρέλαϐον
1827 4783 1959 4839 αὐτὸ

2068 4771 2365 4847 secundum
2396 4786 2692 4843 hominem.
2732 4782 2844 4853 Ego
2868 4779 3015 4835 enim
3046 4793 3153 4868 non
3188 4772 3379 4868 accepi;
3416 4772 3561 4868 illud.
3576 4771 3647 4826 ab

391 4892 515 4946 οὐδὲ
554 4860 859 4959 terserim,
883 4860 1032 4940 ’ἀλλὰ
1064 4860 1146 4938 ⁷διτ
1188 4860 1585 4951 ἀποκαλύψεως
1637 4875 1814 4948 Ἰησοῦ
1845 4877 1962 4948 Χρι·

2070 4884 2311 4947 homine,
2363 4880 2457 4935 sed
2498 4892 2595 4947 per
2646 4873 3031 4931 revelationem
3078 4866 3207 4931 issu
3252 4863 3454 4922 Christi
3540 4860 3584 4916 '.
3619 4880 3642 4915 ι

393 4983 541 5039 στοῦ.
584 5002 603 5035 ι
644 4954 876 5052 Ἰόωμεν
907 4978 1087 5033 τοίνυν
1134 4976 1188 5031 τί
1240 4974 1371 5047 περὶ
1415 4972 1510 5027 τοῦ
1561 4970 1691 5025 Υίοῦ
1742 4987 1906 5039 φησιν
1955 4989 1962 5020 l

2074 4973 2363 5033 Videamus
2393 4972 2577 5053 itaque
2610 4968 2738 5040 quid
2769 4966 2836 5021 de
2863 4962 3005 5019 Filio
3038 4956 3400 5057 dicat,_qui-a
3430 4954 3650 5057 Christo

334 5079 346 5088 ’
393 5078 523 5149 παρ’
558 5047 819 5129 αὐτοῦτὸ
867 5071 1000 5143 περὶ
1044 5067 1211 5124 αὐτοῦ
1248 5063 1587 5139 μεμαθηκὼς
1643 5063 1945 5135 μυστήριον

2073 5064 2389 5137 mysterium
2422 5047 2627 5117 Christi
2678 5057 2870 5113 didicit
2905 5071 2922 5109 :
2961 5052 3182 5116 «Iesus,
3219 5048 3417 5119 inquit,
3443 5047 3564 5100 heri
3596 5051 3651 5098 et

397 5188 416 5222 ι
469 5144 678 5239 ζιησοῦς
704 5164 963 5237 Χριστὸς,
989 5161 1149 5235 φησὶ,
1174 5159 1304 5232 χθὲς
1336 5158 1434 5211 καὶ
1483 5159 1723 5227 σήμερον
1766 5157 1795 5208 6
1824 5154 1962 5209 αὐτὸς

2076 5155 2258 5219 hodie,
2293 5153 2410 5223 ipse
2436 5151 2600 5206 etiam
2626 5149 2679 5204 in
2705 5146 2903 5204 saecula
2943 5145 3004 5200 ‘°.
3045 5164 3064 5198 ι
3101 5145 3243 5199 Ecce
3274 5152 3434 5210 quam
3466 5144 3652 5239 aperte

392 5260 491 5315 καὶ
523 5227 603 5321 εἰς
651 5227 776 5319 τοὺς
812 5227 1065 5317 αίιῖιόνιις.⁷
1096 5271 1115 5305 ι
1162 5227 1293 5305 ’Ῐδοὺ
1330 5249 1517 5318 σαφῶς
1547 5247 1607 5300 τὸ
1646 5249 1703 5300 ἐν
1736 5246 1962 5319 ἀτρέπτη

2078 5249 2390 5321 profitetur,
2418 5244 2694 5301 Christum
2724 5238 3078 5297 immutabilis
3096 5245 3305 5291 natura;
3334 5245 3456 5288 esse
3474 5246 3491 5295 ;
3509 5227 3651 5321 quod

393 5354 491 5406 καὶ
523 5350 917 5422 ἀμεταποιήτφ
952 5345 1111 5415 φύσει
1143 5342 1357 5397 κεῖσθαι
1394 5340 1486 5394 τὸν
1534 5338 1663 5393 Υίὸν
1700 5336 1953 5410 ὁμολογεῖ

2078 5320 2296 5412 quidem
2331 5336 2431 5393 soli
2462 5336 2572 5390 Deo
2592 5350 2656 5391 ac
2688 5334 2836 5389 Patri
2860 5329 3141 5403 proprium
3169 5333 3273 5393 est,
3323 5320 3653 5422 neque-etri—

393 5444 536 5515 ὄπερ
562 5411 702 5495 tam
733 5411 901 5513 μόνου
928 5411 1066 5492 Θεοῦ
1111 5434 1206 5490 καὶ
1254 5431 1488 5505 Πατρὸς,
1516 5431 1691 5502 ἑτέρῳ
1725 5429 1780 5482 δὲ
1815 5428 1962 5498 πρόση

2081 5411 2243 5502 quam
2277 5435 2543 5484 creatura:
2573 5425 2845 5496 congruit.
2885 5421 3182 5491 Quocirca,
3234 5418 3279 5473 si
3328 5415 3476 5471 solus
3511 5411 3654 5465 Deus

396 5504 518 5591 εστι
571 5534 681 5589 τῶν
736 5504 980 5605 γενητῶν
1017 5528 1214 5585 οὐδενί.
1267 5525 1478 5581 Οὐκοῦν
1526 5525 1576 5577 sl
1629 5524 1786 5594 μόνος
1828 5522 1961 5592 am

2089 5539 2152 5580 ac
2225 5521 2387 5576 Pater
2441 5529 2523 5574 est
2582 5514 2980 5579 immutabilis,
3048 5510 3220 5575 Filius
3289 5518 3471 5563 autem
3520 5504 3654 5573 ejus.

473 5672 494 5703 ί
528 5674 697 5731 lCor.
729 5689 803 5739 tv,
830 5675 886 5729 5.
963 5674 985 5709 ⁸
1024 5672 1214 5727 Matth.
1244 5682 1376 5734 ut,
1409 5671 1473 5724 5|
1516 5684 1672 5742 seqq.
1747 5670 1773 5705 ⁸
1798 5670 1816 5725 l
1842 5668 1962 5724 The

2065 5662 2280 5742 _IV,A!!.
2312 5660 2569 5742 __‘_:io_an.
2608 5677 2683 5719 xu.
2714 5660 2806 5742 ἓξ.
2882 5658 3083 5714 'Joan.
3116 5672 3191 5725 vr,
3236 5657 3327 5716 40.
3404 5657 3424 5687 ‘
3454 5655 3495 5710 ll
3530 5653 3656 5713 Cor.

403 5745 583 5811 ",1",
623 5745 708 5801 15.
781 5731 802 5775 ί
842 5745 999 5801 Joan.
1047 5758 1158 5808 ειν,
1189 5742 1243 5798 θ.
1322 5731 1506 5798 llibi}.
1542 5731 1691 5794 9.”⁹
1723 5742 1901 5796 Calat.
1942 5753 1954 5791 ι

2065 5737 2103 5803 l,
2139 5735 2226 5789 12.
2312 5734 2353 5765 ¹⁰
2389 5731 2554 5787 Ilebr.
2596 5747 2713 5798 XIII,
2764 5733 2818 5788 8.
