4086 6214
391 297 500 361 649

1367 302 1749 363 PANOPLI'A
1792 303 2254 365 DOGMATICA.
2291 329 2360 342 --
2402 304 2552 366 TIT.
2600 303 2698 363 Χῐ.

3545 310 3659 371 (ibi?

391 420 459 473 ἐκ
494 416 654 483 Θεοῦ,
703 420 798 472 καὶ
834 419 893 471 ὲν
942 417 1086 490 Θεῷ,
1123 420 1217 474 καὶ
1263 422 1395 492 πρὸς
1430 420 1562 473 Θεὸν
1606 422 1733 474 ὄντα
1775 423 1969 490 Λόγον,

2073 430 2186 475 erat
2220 422 2359 492 apud
2388 421 2572 486 Deum,
2620 430 2677 475 ut
2703 419 2870 474 Filius
2920 419 3167 473 nimirum
3226 420 3365 490 apud
3410 420 3645 482 Patrem.

389 511 643 579 ἐπιφέρει
668 512 902 579 γοργῶς,
928 507 1116 577 Οὗτος
1132 506 1210 581 ἦν
1229 510 1299 564 ἐν
1319 510 1473 579 ἀρχῇ
1496 513 1647 579 πρὸς
1667 512 1775 566 τὸν
1800 512 1969 578 Θεὸν,

390 601 469 666 ὼς
509 603 639 665 Υἱὸς
669 603 871 673 δηλαδὴ
912 604 1050 674 πρὸς
1079 604 1170 657 τὸν
1202 605 1440 675 Πατέρα,
1472 603 1547 667 ὡς
1586 604 1856 675 ἔμφυτος,
1895 605 1973 670 ὡς

390 694 459 748 ἐκ
495 692 593 764 τῆς
630 694 819 757 οὐσίας
852 695 1016 749 αὐτοῦ
1046 694 1075 750 6
1114 696 1429 768 Μονογενὴς
1460 689 1618 761 οὗτος
1638 738 1655 765 ,
1690 699 1791 753 οὐκ
1820 700 1973 762 ὄντος

388 781 672 855 δευτέρου.

396 898 510 951 Τοῦ
541 899 728 971 αὐτοῦ
755 898 824 952 ἐκ
868 898 976 971 εοῦ
1022 898 1092 953 ιδ’
1124 903 1460 971 κεφαλαίου
1489 902 1599 956 τοῦ
1647 901 1699 956 α’
1728 904 1972 968 βιϐλίου

459 966 570 1039 τοῦ
597 962 914 1039 armava
946 972 1032 1036 εις
1063 971 1152 1036 τὸ,
1176 962 1212 1022 ι’
1234 972 1397 1025 Οὕτω
1410 972 1505 1025 καὶ
1524 971 1602 1037 τῷ
1625 962 1743 1039 Υἱῷ
1751 974 1974 1028 δέδωκε

464 1037 620 1104 ζωὴν
641 1037 811 1106 ἔχειν
836 1040 908 1091 ἐν
932 1039 1149 1105 ἐαυτῷ.
1191 1060 1210 1093 ι

474 1148 635 1203 Ἀλλά
675 1150 793 1214 πῶς
823 1151 888 1204 ἂν
921 1151 1143 1204 δύναιτο
1177 1152 1297 1205 κατ’
1329 1152 1521 1206 οὐσίαν
1559 1153 1743 1222 ὅμοιος
1773 1146 1915 1207 εἶναι
1945 1153 1974 1208 6

394 1241 518 1304 Υἱὸς
542 1242 620 1311 τῷ
658 1244 870 1315 "arpi;
927 1245 958 1313 ἢ
989 1246 1103 1308 πῶς
1130 1246 1228 1298 οὐκ
1254 1246 1407 1298 ἔσται
1454 1244 1572 1315 μετ’
1603 1246 1762 1300 αὐτὸν
1793 1246 1851 1313 ἐξ
1879 1248 1976 1299 αύ-

388 1335 483 1387 τοῦ
511 1336 800 1405 δεχόμενός
829 1354 901 1399 τι,
938 1337 1081 1389 καθὰ
1111 1355 1274 1407 φησιν
1307 1338 1335 1390 ὁ
1356 1340 1518 1402 αὐτός
1537 1355 1552 1370 ⁸
1578 1339 1789 1407 Ωσπερ
1806 1341 1921 1408 γὰρ
1940 1342 1973 1395 ό

388 1428 593 1495 Πατὴρ
612 1427 767 1495 ζωὴν
781 1426 1209 1501 ἐχειένέαυτῷ,
1227 1429 1487 1483 οὕτωκαὶ
1509 1429 1587 1495 τῷ
1613 1428 1723 1495 Υιῷ
1744 1429 1966 1485 δέδωκε

388 1520 547 1588 ζωὴν
563 1521 808 1589 ἔχειν-ἑν
835 1520 1047 1585 ἐαυτῷ.
1084 1520 1273 1585 Οὐδὲν,
1301 1515 1345 1574 ὦ
1366 1520 1648 1590 βέλτιστοι,
1668 1522 1765 1576 τοῦ
1796 1524 1970 1591 Λόγου

386 1614 490 1683 τὴν
513 1613 703 1664 οὐσίαν
731 1611 978 1681 ἀδικήσει
1000 1612 1060 1664 τὸ
1081 1612 1333 1681 δέχεσθαί
1360 1631 1411 1665 τι
1446 1614 1591 1683 παρά
1616 1614 1711 1666 τοῦ
1734 1616 1967 1687 Πατρός.

388 1706 465 1759 ού
500 1704 613 1774 γὰρ
662 1706 719 1756 ὲν
750 1703 827 1773 τῷ
876 1703 1126 1773 δέχεσθαι
1158 1704 1217 1756 τὸ
1260 1700 1397 1757 εἶναι
1424 1703 1560 1773 ἔχει,
1598 1703 1715 1760 ἀλλ’
1761 1705 1837 1759 ὣν
1877 1708 1970 1760 καὶ⁸

390 1797 659 1868 ὑπάρχων
690 1796 981 1865 πρότερον,
1015 1794 1231 1865 δέχεταί
1261 1813 1335 1860 τι,
1373 1795 1506 1849 καθὸ
1537 1798 1600 1850 ἐκ
1631 1798 1844 1870 [ἰατρὸς
1870 1815 1970 1867 φυ-

391 1884 565 1946 σικῶς
593 1884 993 1952 γεγεννημένος
1021 1884 1289 1950 ἐπάγεται
1314 1883 1490 1937 πάντα
1516 1883 1582 1937 τὰ
1614 1886 1718 1937 ἴδια
1735 1886 1829 1940 τοῦ
1860 1887 1969 1941 Πα-

387 1972 541 2043 τρδς,
573 1971 763 2042 ὥσπερ
795 1973 862 2027 ἂν
890 1973 982 2028 καὶ
1010 1973 1071 2027 τὸ
1102 1974 1216 2041 φῶς
1240 1974 1296 2040 ἐξ
1326 1974 1479 2045 ἡλίου
1511 1978 1795 2047 προελθὸν,
1823 1979 1971 2050 δέχε-

391 2061 519 2116 σοαί
559 2081 627 2126 ,τι
667 2062 880 2129 λέγοιτο
922 2061 1052 2133 παρ’
1096 2061 1286 2127 αὑτοῦ,
1349 2064 1648 2135 ἐπειδήπερ
1695 2068 1804 2120 πᾶν
1831 2066 1969 2136 ὅπερ

389 2154 541 2207 ιστιν
586 2155 644 2206 ἑν
679 2152 852 2223 αὐτῷ,
900 2154 1058 2207 τοῦτο
1103 2154 1351 2224 φαίνεται
1374 2154 1468 2207 τοῦ
1502 2157 1753 2221 τεκόντος
1793 2157 1967 2228 ἡλίου,

388 2249 490 2300 καὶ
551 2246 704 2301 οὐδέν
748 2264 852 2300 που
900 2248 990 2300 τὸν
1030 2248 1181 2319 ἥλιον
1229 2249 1337 2319 πρὸ
1384 2245 1481 2301 τοῦ
1530 2250 1969 2322 ἀπαυγάσματος

388 2335 537 2392 εῖναι
583 2338 993 2405 καταναγκάσει
1038 2338 1100 2392 τὸ
1141 2340 1240 2409 τὴν
1284 2340 1342 2407 ἐξ
1387 2340 1555 2395 αὑτοῦ
1604 2342 1968 2413 προελθοῦσαν

388 2430 668 2501 εκλαμψιν
704 2431 1037 2501 ἁμερίστως,
1070 2431 1258 2503 ὥσπερ
1292 2431 1425 2504 παρ’
1456 2433 1623 2491 αὐτοῦ
1657 2434 1969 2505 λαμσάνου-

390 2542 494 2579 σαν
524 2526 711 2594 φορεῖν
735 2524 794 2576 τὸ
825 2524 952 2575 ἴδιον
973 2523 1161 2586 αὑτοῦ,
1188 2522 1303 2577 ἀλλ’
1330 2520 1396 2595 ἦν
1426 2525 1513 2577 ἀεὶ
1540 2526 1638 2579 σὺν
1664 2526 1836 2597 αὐτῷ,
1865 2525 1967 2581 κᾶν

387 2616 465 2680 ὥς
504 2616 563 2681 ἐξ
609 2614 778 2668 αὐτοῦ
831 2614 1174 2683 προελθοῦσα
1214 2614 1286 2667 τὰ
1324 2615 1473 2685 αύτῷ
1508 2616 1779 2687 προσόντα
1823 2621 1964 2689 φορῇ

390 2708 661 2778 φυσικῶς.
702 2705 911 2759 Οὐκοῦν
941 2706 1001 2758 οὐ
1032 2706 1094 2759 τὸ
1128 2706 1314 2759 λαϐεῖν
1344 2722 1395 2759 τι
1439 2707 1591 2775 παρὰ
1619 2707 1712 2761 τοῦ
1754 2709 1965 2779 Πατρὸς

388 2798 695 2866 ἀναγκάσει
720 2798 935 2860 πάντως
958 2796 1212 2868 δεύτερον
1240 2793 1382 2852 εἶναι
1407 2796 1484 2868 τῷ
1506 2798 1681 2869 χρόνῳ
1706 2800 1795 2852 τὸν
1815 2799 1962 2857 Υῑόν.

389 2888 484 2958 Τῷ
509 2888 619 2959 γὰρ
646 2889 761 2942 ὄντι
786 2890 882 2942 καὶ
911 2889 1179 2957 ὑφεστῶτι
1203 2889 1363 2944 δώσει
1391 2906 1496 2955 τις,
1526 2889 1587 2942 οὐ
1621 2888 1699 2961 τῷ
1727 2890 1803 2963 μὴ
1826 2891 1961 2961 ὄντι,

387 2983 486 3035 καὶ
516 2982 684 3053 μήπω
711 2982 1010 3052 γενομένῳ.

982 3160 1087 3226 Εἰς
1118 3159 1180 3213 τὸ
1207 3161 1379 3219 αὐτό.

467 3253 529 3307 Ei
562 3272 635 3325 μη
666 3253 779 3326 ζωὴ
808 3254 947 3333 κατὰ
996 3255 1158 3326 φύσιν
1198 3258 1345 3312 ἐστὶν
1373 3259 1401 3313 6
1427 3258 1573 3327 Υἱὸς,
1633 3261 1749 3327 πῶς
1772 3264 1979 3338 ἐπαλη-

2077 522 2135 566 ιιι
2165 513 2404 578 intimus,
2459 522 2514 567 et
2562 527 2627 568 ex
2681 513 2847 582 ipsius
2881 514 3137 578 essentia,
3204 522 3260 566 ttt
3315 511 3647 581 Unigcnitus.

2076 602 2213 671 Hoc,
2244 605 2490 675 inquam,
2524 620 2649 660 cum
2707 604 2799 661 Dei
2858 604 3061 659 nullum
3087 605 3158 659 sit
3206 603 3355 660 aliud
3406 605 3648 661 verbum.

2078 907 2331 975 Ejusdem
2360 924 2424 962 ea:
2450 904 2704 961 Thesauri
2731 907 2863 960 libro
2886 908 3052 976 primo
3082 909 3133 961 in
3162 924 3225 962 ea
3255 914 3409 963 verba
3450 925 3471 965 :
3506 929 3525 965 ι
3559 910 3650 968 Sic

2217 977 2359 1032 dedit
2394 986 2443 1031 cl
2471 978 2617 1033 Filio
2646 980 2804 1031 vitam
2832 977 3018 1032 habere
3054 978 3110 1032 in
3133 980 3430 1048 semetipso.
3463 997 3483 1032 ι

2148 1153 2257 1210 Sed
2287 1155 2558 1224 quomodo
2598 1161 2796 1223 potest.
2825 1150 3094 1222 inquiunt,
3128 1153 3297 1208 Filius
3313 1167 3433 1209 esse
3454 1155 3649 1211 similis

2076 1247 2242 1313 Patri,
2278 1256 2371 1301 aut
2405 1256 2526 1316 post
2561 1247 2732 1314 ipsum
2764 1258 2871 1299 non
2901 1260 3041 1310 esse,
3090 1260 3212 1299 cum
3245 1244 3313 1298 ab
3352 1258 3416 1299 eo
3448 1245 3651 1315 aliquid

2070 1338 2351 1407 accipiat?
2397 1338 2478 1391 sic
2516 1337 2660 1391 enim
2708 1336 2934 1406 ipsemet
2963 1335 3246 1406 loquitur:
3301 1333 3651 1400 Quemadmo-

2071 1428 2196 1482 dum
2225 1426 2387 1481 Pater
2423 1427 2584 1481 vitam
2636 1426 2790 1481 habet
2846 1427 2901 1481 in
2944 1428 3239 1493 semetipso,
3276 1428 3352 1480 sic
3404 1427 3544 1479 dedit
3600 1434 3649 1479 et

2073 1516 2219 1572 Filio
2258 1518 2414 1571 vitam
2462 1517 2652 1571 habere
2696 1516 2749 1569 in
2787 1518 3056 1584 semetipso
3086 1519 3125 1570 ί.
3179 1516 3437 1571 Essentize
3488 1512 3649 1570 Verbi

2076 1607 2209 1662 nihil
2236 1608 2426 1675 oﬁicit,
2479 1623 2512 1663 ο
2548 1609 2647 1663 viri
2696 1608 2912 1678 Optimi,
2970 1608 3112 1678 quod
3151 1624 3180 1661 a
3224 1608 3386 1663 Patre
3442 1609 3647 1678 aliquid

2071 1698 2324 1768 accipiat.
2359 1696 2543 1768 Neque
2600 1697 2744 1755 enim
2779 1699 2832 1754 in
2876 1712 2963 1764 eo,
3018 1696 3165 1767 quod
3206 1698 3426 1766 accipit,
3484 1698 3650 1751 habet

2072 1799 2132 1845 ut
2192 1791 2282 1847 sit.
2326 1787 2433 1845 Sed
2472 1803 2593 1846 cum
2623 1787 2774 1861 prius
2824 1789 3054 1844 exsistat
3085 1798 3139 1844 et
3167 1788 3259 1852 sit,
3316 1787 3535 1857 accipit.
3570 1789 3647 1841 Ex

2071 1882 2230 1940 Patre
2260 1883 2403 1939 enim
2434 1882 2650 1954 genitus
2678 1882 2876 1953 accipit
2906 1881 3090 1937 omnia
3141 1895 3259 1949 qua:
3312 1878 3490 1933 Patris
3522 1889 3650 1934 sunt

2070 1978 2310 2048 prepria.
2343 1975 2416 2033 Ut
2445 1977 2492 2033 si
2536 1977 2627 2031 lux
2665 1991 2697 2031 e
2732 1976 2844 2032 sole
2887 1976 3215 2046 provenicns
3250 1972 3451 2041 aliquid
3484 1972 3552 2027 ab
3583 1986 3647 2024 eo

2068 2068 2281 2124 dicatur
2308 2068 2578 2139 accipere,
2604 2068 2857 2138 quoniam
2887 2067 3149 2138 quidquid
3191 2067 3241 2121 in
3274 2066 3387 2134 ipsa
3439 2074 3544 2129 est,
3592 2063 3643 2115 id

2067 2162 2201 2218 solis
2260 2176 2381 2217 eam
2443 2160 2707 2232 parientis
2768 2173 2893 2217 esse
2944 2170 3181 2216 constat.
3238 2156 3424 2227 Neque
3475 2158 3642 2212 solem

2069 2263 2194 2310 ante
2222 2254 2564 2325 splendorem
2615 2267 2738 2309 esse
2767 2252 3091 2309 concludent
3135 2252 3467 2316 necessario,
3507 2264 3643 2321 quo.

2068 2346 2212 2400 niam
2245 2346 2360 2414 ipse
2392 2346 2461 2401 ab
2489 2345 2580 2401 illo
2626 2345 2746 2400 sine
2807 2344 2914 2401 ulla
2972 2341 3239 2400 divisione
3291 2344 3642 2414 progrediens

2065 2437 2463 2510 quodammodo
2529 2436 2747 2508 accipit,
2781 2447 2838 2492 ut
2895 2437 3062 2507 ipsius
3111 2436 3249 2491 ferat
3330 2436 3639 2506 proprieta-

2065 2539 2195 2587 tem.
2231 2532 2457 2602 Semper
2484 2531 2629 2587 enim
2677 2544 2803 2586 cum
2853 2530 2970 2600 ipso
2999 2539 3116 2586 erat
3141 2530 3252 2594 lux,
3307 2540 3359 2583 et
3416 2543 3484 2584 ex
3521 2527 3641 2597 ipso

2066 2637 2330 2689 manans,
2406 2639 2527 2695 qua
2607 2623 2684 2679 illi
2760 2624 2979 2689 adsunt,
3069 2620 3442 2677 naturaliter'
3492 2621 3636 2675 tulit.

2066 2714 2182 2773 Non
2214 2717 2378 2788 igitur
2404 2733 2469 2773 ex
2500 2731 2566 2773 eo
2594 2716 2738 2788 quod
2767 2716 2963 2788 accipit
2991 2716 3189 2786 aliquid
3249 2732 3277 2770 a
3332 2711 3494 2770 Patre
3541 2729 3641 2769 ne-

2066 2809 2306 2865 cessario
2334 2809 2599 2879 sequitur,
2633 2819 2691 2863 ut
2714 2805 2875 2865 Patre
2902 2808 2974 2864 sit
3026 2806 3197 2865 Filius
3249 2806 3489 2879 tempore
3547 2822 3642 2878 po.

2064 2902 2282 2956 sterior.
2349 2898 2484 2955 Nam
2541 2900 2626 2967 ei,
2686 2902 2777 2971 qui
2838 2909 2922 2956 est
2985 2911 3151 2969 atque
3204 2901 3436 2965 exsistit,
3492 2900 3643 2956 dabit

2065 2986 2281 3063 aliquis,
2342 3007 2449 3049 non
2505 2993 2556 3050 ei
2612 2994 2703 3064 qui
2758 2996 2995 3049 nondum
3053 2990 3285 3061 exsistit,
3349 3009 3446 3051 nec
3481 3004 3640 3049 natus

1990 3118 2033 3176 ο
2066 3095 2170 3141 881.

2613 3175 2681 3227 lu
2718 3172 2901 3227 eadem
2933 3171 3107 3228 verba.

2130 3266 2187 3324 Si
2220 3262 2394 3325 Filius
2446 3280 2556 3321 non
2604 3278 2688 3321 est
2738 3267 2846 3320 vita
2885 3263 3193 3320 secundum
3221 3272 3497 3330 naturam,
3527 3278 3635 3334 quo

393 3342 576 3395 θεύσει
603 3344 799 3413 λέγων·
840 3364 859 3397 t
895 3346 952 3401 '0
983 3347 1256 3427 πιστεύων
1293 3353 1374 3415 εἰς
1396 3351 1516 3423 ἐμὲ,
1538 3352 1650 3422 ἔχει
1674 3353 1819 3427 ζωὴν
1840 3356 1969 3411 αἰώ-

2069 3369 2220 3428 pacto
2267 3372 2392 3412 vere
2449 3356 2629 3412 dicit:
2672 3375 2689 3407 ι
2730 3356 2833 3422 Qui
2866 3355 3039 3412 credit
3092 3356 3147 3411 in
3201 3372 3308 3425 me,
3362 3355 3527 3411 habet
3561 3357 3639 3409 vi-

393 3451 541 3499 νιον;
568 3453 586 3485 ι
622 3435 732 3487 Καὶ
756 3435 936 3490 πάλιν⁸
972 3454 991 3488 ι
1033 3437 1116 3493 Τὰ
1146 3441 1395 3511 πρόϐατα
1440 3444 1510 3496 τὰ
1553 3444 1664 3515 ἐμὰ
1710 3445 1811 3516 τῆς
1838 3448 1974 3519 epit.

391 3520 580 3573 ἀκούει
594 3522 797 3593 φωνῆς.
812 3542 935 3576 ι-ι
946 3524 1117 3594 Κάγὼ
1131 3526 1322 3598 δίδωμι
1338 3530 1518 3596 αὐτοῖς
1540 3532 1683 3604 ζωὴν
1699 3534 1935 3591 αἰώνιον.
1950 3556 1969 3590 ι

393 3612 504 3664 Καὶ
533 3613 719 3668 πάλιν
751 3634 771 3667 ‹
821 3616 882 3669 Ὀ
911 3615 1181 3671 πιστεύων
1213 3619 1293 3682 εἰς
1325 3619 1428 3691 ἐμὲ
1495 3623 1557 3675 οὐ
1600 3625 1674 3695 μὴ
1712 3626 1975 3698 γεύσηται

391 3703 629 3757 Θανάτου
650 3706 730 3768 εἰς
760 3704 853 3759 τὸν
885 3706 1079 3761 αἰῶνα.
1115 3725 1134 3758 ι
1177 3708 1324 3764 Ἔδει
1379 3711 1488 3783 γὰρ
1534 3713 1714 3783 λέγειν
1735 3730 1748 3745 ·
1793 3717 1853 3769 '0
1883 3735 1970 3771 πι-

394 3795 601 3849 στεύων
630 3798 711 3859 el;
762 3797 862 3866 ἐμὲ
895 3797 1123 3869 λήψεται
1152 3802 1281 3871 παρ’
1320 3803 1454 3873 ἐμοῦ
1487 3803 1650 3874 ζωὴν,
1676 3805 1744 3876 ἣν
1771 3805 1972 3861 δέδωκέ

397 3903 488 3956 μοι
522 3888 550 3939 6
577 3887 787 3959 Πατήρ.
823 3890 930 3943 Καὶ
981 3891 1162 3945 πάλιν·
1225 3892 1330 3948 Τὸν
1388 3894 1473 3958 εἰς
1515 3894 1615 3965 ἐμὲ
1652 3897 1973 3953 πιστεύοντα

390 3976 452 4028 οὐ
480 3977 829 4047 συγχωρήσει
858 3978 887 4029 6
920 3978 1109 4051 Πατὴρ
1160 3979 1459 4048 γεύσασθαι
1513 3980 1765 4037 θανάτου.
1823 3985 1886 4037 Εἰ
1916 3985 1972 4039 δὲ

390 4072 555 4125 τοῦτο
591 4073 691 4143 μὲν
720 4074 955 4145 εἰρηκὼς
976 4076 1037 4129 οὐ
1070 4078 1337 4146 φαίνεται,
1371 4078 1448 4141 ὡς
1478 4077 1535 4132 δὲ
1566 4078 1724 4148 φύσει
1746 4081 1973 4151 προσοῦ-

394 4180 496 4218 σαν
518 4165 701 4236 ὲαυτῷ
743 4166 842 4239 τὴν
873 4167 1038 4239 ζωὴν,
1084 4170 1177 4223 καὶ
1211 4169 1287 4233 ὠς
1322 4170 1595 4235 οὐσιωδῶς
1620 4171 1972 4243 ὑπάρχουσαν

394 4256 454 4307 ἐν
478 4255 677 4326 ἑαυτῷ,
709 4256 903 4309 δώσειν
950 4260 1062 4321 τοῖς
1109 4260 1189 4322 εἰς
1214 4258 1379 4313 αὑτὸν
1431 4260 1777 4315 πιστεύουσιν
1800 4264 1971 4331 ἐπαγ·

395 4347 665 4414 γέλλεται,
699 4348 815 4411 πῶς
850 4348 1121 4418 ἐνδέχεται
1169 4352 1310 4403 νοεῖν
1358 4352 1458 4405 οὐκ
1504 4352 1694 4423 ἔχοντα
1718 4354 1807 4408 τὸν
1841 4356 1969 4410 Υιδν

395 4442 678 4511 εἰληφέναι
706 4441 910 4511 ταύτην
926 4442 1075 4512 παρὰ
1098 4441 1192 4496 τοῦ
1218 4440 1470 4515 ’Πατρός
1506 4422 1615 4498 καὶ
1655 4446 1762 4520 γὰρ
1796 4448 1862 4502 ἂν
1882 4450 1967 4521 εἴη
1996 4422 2035 4476 D

394 4533 577 4601 πάσης
606 4532 860 4586 ἐπέκεινα
890 4533 1199 4604 δυσφημίας
1248 4536 1406 4589 τοῦτό
1460 4553 1545 4605 γε.
1589 4538 1752 4604 Ἀλλ’,
1782 4539 1968 4613 ὥσπερ

391 4624 494 4695 ἤδη
536 4626 876 4695 προείρηται,
902 4627 1175 4697 προελθὼν
1206 4630 1268 4680 ἐκ
1313 4630 1541 4700 Πατρὶς,
1578 4634 1752 4686 πάντα
1773 4634 1839 4687 τὰ
1867 4634 1971 4689 αὒ-

390 4716 486 4769 τοῦ
520 4716 848 4785 κατὰφύσιν
908 4719 1191 4785 ἐπάγεται.
1248 4719 1343 4773 καὶ
1391 4721 1467 4784 ὡς
1506 4721 1764 4793 εἰληφὼς,
1828 4727 1969 4779 κατὰ

389 4806 551 4859 τοῦτο
582 4810 804 4869 νοεῖται,
855 4808 948 4859 καὶ
1004 4808 1341 4880 ἀπαύγασμα
1375 4812 1468 4864 καὶ
1507 4812 1671 4866 εἰκὼν
1710 4815 1967 4888 ὑπάρχων

389 4898 581 4953 αὐτοῦ.
648 4901 743 4954 Ἐν
794 4900 850 4953 δὲ
902 4901 1011 4953 τῶν
1065 4903 1372 4970 προσόντων
1427 4905 1505 4957 τῶ
1552 4907 1725 4974 Πατρὶ
1788 4912 1881 4963 καὶ
1934 4913 1965 4981 ἠ

385 4993 530 5064 ζωήο

988 5084 1088 5148 Εἰς
1119 5080 1185 5134 τὸ
1214 5081 1380 5135 αὐτό.

460 5180 650 5247 Λέγων
700 5178 728 5229 6
777 5175 906 5237 Υἱὸς
948 5176 1029 5232 τὸ.
1070 5193 1088 5225 t
1128 5174 1337 5240 Ὠσπερ
1392 5172 1498 5241 γὰρ
1542 5173 1571 5224 ὁ
1620 5170 1811 5241 Πατὴρ
1843 5170 1956 5239 ἔχει

390 5270 537 5340 ζωὴν
569 5272 625 5322 ἑν
648 5268 1007 5339 ὲαυτ‹ῖ›,οὖτω
1026 5268 1121 5319 καὶ
1141 5266 1216 5334 τῷ
1241 5265 1349 5333 Υἱῴ
1375 5264 1603 5317 δὲδωκεν
1632 5264 1778 5333 ἔχειν
1810 5264 1956 5334 ζωὴν

392 5368 448 5417 ἐν
481 5363 677 5432 ἐαυτῷ,
717 5381 735 5411 ι
775 5362 874 5429 τὴν
921 5358 1340 5427 ἀπαράλλακτον
1373 5357 1667 5425 ὁμοιότητα
1721 5355 1955 5409 δεικνύει

394 5455 603 5523 σαφῶς,
646 5454 711 5523 ἢν
766 5454 877 5523 ἔχει
930 5451 1065 5518 πρὸς
1127 5450 1215 5501 τὸν
1270 5448 1622 5513 γεννήσαντα.
1658 5447 1811 5517 ’Ἔχει
1850 5446 1958 5515 γὰρ

392 5547 535 5601 οὕτω
563 5545 660 5615 τὴν
690 5546 854 5615 ζωὴν,
882 5544 1067 5612 ὥσπερ
1094 5546 1185 5594 καὶ
1210 5545 1236 5593 6
1272 5541 1480 5611 Πατὴρ,
1505 5541 1739 5609 φυσικὴν
1772 5542 1958 5611 61pm-

2069 3462 2177 3509 tant
2201 3460 2457 3507 azternam
2496 3449 2570 3503 ’ἓ
2623 3466 2642 3499 ι
2705 3447 2770 3501 Et
2797 3460 3018 3500 rursus:
3070 3465 3088 3496 ι
3130 3444 3267 3499 Oves
3310 3459 3643 3499 mcmvoccm

2068 3558 2244 3599 meam
2279 3542 2505 3596 audiunt
2544 3548 2564 3579 ³
2592 3555 2608 3606 ;
2644 3557 2661 3590 ι
2699 3547 2754 3593 et
2788 3554 2803 3593 :
2842 3555 2860 3588 ι
2890 3536 2999 3608 Ego
3024 3538 3092 3592 do
3124 3536 3253 3604 ipsis
3298 3536 3459 3589 vitam
3489 3546 3644 3589 αξιοι-ο

2070 3647 2225 3698 nam;
2261 3648 2280 3682 ι
2313 3639 2367 3685 et
2400 3641 2587 3683 rursus
2634 3647 2646 3682 :
2689 3643 2708 3677 ι
2749 3625 2850 3693 Qui
2883 3625 3056 3679 credit
3089 3624 3142 3678 in
3174 3638 3281 3687 me,
3319 3639 3424 3677 non
3459 3633 3645 3692 gusta—

2072 3724 2152 3779 bit
2181 3730 2410 3777 mortem
2443 3718 2494 3771 in
2526 3726 2790 3772 aeternum
2834 3718 2882 3768 ⁵.
2922 3732 2940 3765 ι
2969 3713 3266 3783 Oportebat
3302 3712 3445 3767 enim
3499 3714 3646 3766 dlce-

2071 3828 2163 3868 re:
2192 3810 2293 3877 Qui
2330 3807 2499 3864 credit
2526 3806 2577 3861 in
2607 3820 2717 3869 me,
2750 3804 2983 3874 accipiet
3044 3803 3231 3868 vitam,
3282 3816 3443 3871 quam
3498 3803 3644 3856 dedit

2070 3904 2200 3959 mihi
2235 3901 2412 3955 Pater.
2447 3898 2576 3952 ltem
2598 3913 2614 3950 :
2640 3896 2777 3951 Eum
2807 3896 2899 3964 qui
2946 3892 3239 3948 crediderit
3270 3893 3320 3946 in
3370 3906 3477 3957 me,
3533 3906 3638 3946 non
3676 3892 3679 3893 ⁷

2068 3994 2211 4051 sinet
2245 3992 2406 4046 Pater
2435 3996 2653 4060 gustare
2687 3997 2936 4042 mortem.
2972 3984 3029 4040 Si
3062 3998 3188 4039 vero
3218 3983 3271 4039 id
3305 3998 3412 4037 non
3443 3983 3642 4038 dixisse

2066 4085 2329 4148 cernitur,
2364 4082 2458 4138 sed
2491 4079 2755 4151 promittit
2819 4093 2879 4133 se
2942 4077 3195 4132 daturum
3258 4076 3324 4130 iis
3370 4077 3460 4144 qui
3515 4091 3641 4129 cre-

2067 4178 2198 4233 dunt
2226 4174 2473 4244 inipsum
2509 4172 2675 4225 vitam
2706 4184 2827 4237 quae
2857 4166 3178 4223 naturaliter
3203 4175 3257 4220 et
3275 4166 3642 4220 essentialiter

2067 4269 2172 4323 sibi
2216 4265 2316 4336 ipsi
2350 4265 2515 4329 inest,
2579 4260 2851 4332 quomodo
2881 4258 3104 4329 intelligi
3140 4266 3314 4327 potest
3341 4255 3536 4310 Filium
3566 4257 3644 4309 vi-

2069 4370 2176 4415 tam
2230 4372 2337 4414 non
2397 4356 2684 4411 habentem
2738 4366 2855 4407 eam
2902 4366 2932 4406 a
2978 4350 3136 4405 Patre
3168 4348 3479 4419 accepisse?
3532 4347 3644 4403 Hoc

2065 4452 2209 4507 enim
2250 4450 2440 4521 quavis
2463 4445 2793 4516 blasphemia
2822 4442 3040 4515 gravius
3073 4450 3175 4497 est.
3211 4440 3343 4505 Sed,
3392 4447 3450 4493 ut
3484 4441 3644 4493 modo

2065 4543 2265 4599 dictum
2291 4540 2702 4610 est,procedens
2723 4550 2788 4592 ex
2811 4536 2994 4602 Patre,
3012 4534 3189 4590 omnia
3216 4548 3334 4603 qua:
3362 4530 3502 4586 illius
3520 4538 3643 4585 sunt

2066 4635 2223 4692 simul
2245 4634 2537 4690 secundum
2567 4641 2818 4685 naturam
2842 4643 3024 4685 secum
3049 4627 3237 4690 affert,
3271 4634 3325 4680 et
3343 4640 3404 4679 ea
3437 4624 3643 4677 ratione

2065 4743 2168 4797 qua
2245 4723 2476 4795 accepit,
2537 4721 2737 4776 dicitur
2796 4718 3050 4790 splendor
3107 4725 3162 4773 et
3221 4716 3397 4784 imago
3452 4715 3638 4784 ipsius.

2070 4815 2243 4872 Unum
2278 4823 2458 4870 autem
2521 4826 2706 4868 eorum
2758 4825 2881 4881 qua:
2941 4808 3090 4863 Patri
3148 4809 3329 4862 insunt
3356 4806 3515 4859 etiam
3558 4814 3641 4859 est

2066 4909 2195 4962 vita.

2594 5080 2657 5136 In
2700 5082 2878 5137 eadem
2926 5084 3097 5135 verba.

2138 5172 2270 5229 Cum
2329 5169 2502 5229 Filius
2560 5175 2719 5240 dicit,
2779 5194 2796 5226 ‹
2836 5173 2990 5228 Sicut
3048 5173 3190 5225 enim
3246 5168 3404 5226 Pat-r
3469 5165 3628 5221 habet

2069 5268 2232 5321 vitam
2284 5268 2338 5322 in
2394 5268 2619 5337 seipse,
2687 5268 2757 5322 ita
2807 5268 2971 5322 etiam
3032 5265 3168 5319 Filio
3224 5265 3371 5318 dedit
3428 5262 3628 5316 habere

2071 5359 2233 5413 vitam
2265 5360 2318 5413 in
2351 5357 2531 5429 seipse
2556 5360 2599 5425 ⁸,
2634 5379 2651 5412 ι
2697 5368 2884 5428 aperte
2913 5358 3278 5413 omnimodam
3311 5353 3624 5410 similitudi-

2068 5470 2190 5506 nem
2223 5453 2484 5517 ostendit,
2517 5469 2678 5517 quam
2713 5454 2875 5509 habet
2902 5469 3025 5509 cum
3062 5449 3241 5504 Patre.
3277 5449 3448 5503 liabet
3482 5448 3625 5499 enim

2068 5545 2139 5599 ita
2162 5542 2514 5610 vitam,sicut
2553 5552 2604 5596 et
2637 5540 2811 5612 Pater,
2853 5545 3152 5599 naturalem
3186 5540 3444 5594 nimirum
3471 5548 3521 5593 et
3543 5556 3629 5589 «ις-

471 5709 486 5737 ¹
522 5703 681 5761 Joan.
746 5724 797 5770 ν,
846 5705 940 5760 ‘26.
1016 5705 1037 5735 '
1064 5703 1222 5760 Joan.
1258 5716 1332 5761 vr.
1366 5701 1457 5755 47.
1536 5700 1556 5731 ⁸
1587 5697 1744 5753 Joan.
1791 5716 1845 5766 κ,
1879 5703 1969 5755 ‘27.

2098 5698 2252 5754 Joan.
2289 5715 2403 5765 vm,
2434 5699 2522 5755 5‘2.
2602 5702 2623 5734 ⁸
2655 5697 2810 5756 Joau.
2846 5714 2901 5763 ν,
2936 5697 3024 5753 26.

687 5803 958 5860 PATROL.
1003 5799 1122 5859 GR.
1165 5796 1431 5857 CXXX.

3182 5792 3258 5852 21
