4042 6204
452 293 555 359 651

1717 284 2097 345 EUTHYMII
2143 285 2313 346 ZIGA
2328 287 2508 346 BENI

3626 297 3732 361 652

463 425 767 482 sentialem.
791 424 923 481 Cum
958 434 1137 479 autem
1168 421 1479 488 additillud,
1539 421 1704 486 dedit,
1741 424 2033 479 naturalem

2157 423 2230 474 ότι
2262 420 2356 475 καὶ
2405 420 2664 493 οὖσιώδη.
2700 422 2771 475 Τὸ
2803 422 2880 486 δὲ,
2917 423 3162 485 δέδωκε.
3225 427 3505 497 προσθεὶς,
3538 431 3634 502 τὴν
3672 435 3731 500 ἐξ

466 532 630 590 atque
658 519 1000 574 essentialem
1034 528 1378 583 progressum
1416 514 1709 582 signiﬁcat.
1742 514 1860 569 Non
1887 517 2034 571 enim

466 613 611 665 dedit
637 612 814 676 Pater,
849 622 1101 676 tanquam
1137 603 1337 672 aliquid
1367 620 1433 660 ex
1466 607 1530 661 iis
1555 622 1673 673 qua:
1702 606 1803 662 sibi
1830 608 2034 673 insunt,

465 702 732 763 adimeus,
760 710 813 754 et
844 714 949 753 non
985 695 1201 751 habenti
1264 694 1399 749 Filio
1455 698 1736 765 adjiciens.
1774 700 2035 767 quemad-

465 791 683 846 modum
726 791 777 842 in
804 785 1133 843 sectionibus
1166 799 1229 839 ac
1246 785 1512 841 distantiis
1533 789 1805 857 corporeis
1859 788 1919 841 tit
1940 829 1954 853 ,
1986 798 2040 841 et

465 881 712 936 localiter
738 878 967 932 divisum
992 874 1197 945 aliquid
1221 876 1288 930 ab
1306 875 1412 929 alio
1433 877 1485 929 in
1508 876 1651 931 aliud
1677 878 2036 933 transfertur:

469 968 560 1024 scd
587 969 724 1019 sicut
750 966 931 1035 planta
971 966 1022 1019 in
1058 964 1319 1029 fructum,
1351 964 1441 1034 qui
1472 979 1535 1019 ex
1556 982 1614 1021 se
1645 966 1910 1036 procedit,
1946 983 2041 1021 na-

473 1061 699 1115 turalem
740 1074 890 1112 suam
937 1057 1249 1127 qualitatem
1284 1066 1563 1127 propagat,
1596 1058 1750 1113 itaet
1796 1057 1966 1113 Filius
2010 1074 2040 1113 a

474 1152 638 1205 Patre
673 1149 948 1219 accepisse
978 1163 1097 1218 quae
1122 1147 1221 1217 ipsi
1255 1147 1440 1201 insunt
1494 1148 1829 1218 intelligitur,
1859 1150 2040 1204 omnia

466 1243 735 1296 exsistens
771 1256 889 1311 qua:
924 1252 977 1295 et
1007 1240 1189 1306 Pater,
1242 1249 1438 1306 prmter
1468 1239 1517 1291 id
1563 1239 1734 1293 solum
1767 1241 1906 1310 quod
1969 1241 2043 1295 sit

466 1329 643 1382 Pater.

1022 1529 1086 1590 In
1125 1534 1308 1592 eadem
1334 1539 1508 1593 verba.

540 1632 644 1697 Qui
682 1631 807 1685 t-t‘dt't
858 1647 957 1695 me,
1010 1629 1184 1698 inquit
1256 1630 1526 1696 Christus,
1584 1629 1714 1683 cidit
1764 1630 2043 1686 Patrem‘.

468 1721 831 1790 Quamobrem
862 1722 931 1785 si,
963 1720 1421 1788 quemadmodum
1479 1720 1711 1790 colligis,
1761 1734 1857 1790 per
1920 1734 2045 1790 gra-

467 1817 624 1881 tiam,
664 1828 769 1867 non
802 1821 983 1866 autem
1013 1826 1110 1881 per
1158 1812 1448 1865 essentiam
1480 1811 1662 1877 habet,
1699 1821 1757 1866 ut
1800 1812 1904 1866 vita
1954 1812 2047 1877 sit,
2082 1845 2124 1901 Β

466 1907 610 1963 idem
641 1907 850 1960 dicetur
876 1904 1040 1957 etiam
1083 1905 1149 1959 de
1178 1902 1357 1960 Patre.
1393 1906 1565 1971 Quam
1613 1906 1829 1975 quidem
1883 1907 2051 1962 ratio-

469 2012 591 2053 nem
648 1997 693 2051 si
757 2006 815 2048 ut
845 1994 1137 2049 absurdum
1167 1995 1249 2051 vis
1310 1995 1537 2059 evitare,
1605 1994 1938 2048 contrarium
1974 1996 2051 2046 ta-

470 2090 631 2146 tearis
679 2101 902 2143 necesse
959 2094 1066 2152 est,
1122 2100 1317 2156 nempe
1356 2086 1549 2141 Filium
1581 2087 1746 2141 vitam
1776 2102 1896 2143 esse
1954 2102 2053 2155 per

476 2192 598 2236 natu
610 2196 746 2235 ram.

1045 2269 1113 2324 In
1160 2272 1340 2326 eadem
1368 2271 1541 2325 verba.

541 2359 597 2413 Si
646 2358 815 2415 Filius
850 2375 978 2419 non.
1012 2368 1071 2412 ttt
1114 2357 1297 2425 Pater,
1360 2375 1456 2429 per
1486 2368 1734 2414 naturam
1776 2366 1860 2413 est.
1920 2358 2051 2423 vita,

468 2453 740 2524 quomodo
785 2454 1057 2517 eamdem,
1116 2466 1276 2521 quam
1341 2452 1455 2518 ipse
1538 2449 1718 2516 Pater,
1784 2450 2052 2505 actionem

470 2546 676 2601 habet?
716 2544 959 2612 Quodam
1007 2543 1152 2598 enim
1226 2542 1343 2597 loco
1396 2542 1644 2598 Christus
1692 2542 1771 2597 ait
1814 2559 1827 2595 :
1909 2542 2055 2597 Sicut

467 2641 654 2700 Pater,
694 2654 824 2707 quos
863 2636 993 2701 vult,
1022 2634 1273 2704 riviﬁcat.
1313 2636 1389 2689 sic
1441 2644 1488 2690 et
1530 2634 1723 2698 Filius,
1752 2652 1881 2710 quos
1922 2637 2054 2701 vult,

468 2729 696 2797 viviﬁcat
724 2730 765 2782 ³.
795 2726 979 2796 Neque
1009 2729 1153 2783 enim
1183 2727 1363 2783 dicent
1406 2726 1565 2782 aliter
1592 2728 1713 2783 illos
1768 2729 2054 2795 viviﬂcari,

467 2820 559 2888 qui
586 2836 614 2872 a
650 2816 810 2874 Patre
843 2820 1209 2884 viviﬁcantur,
1243 2834 1403 2888 quam
1464 2833 1558 2875 eos
1584 2820 1676 2889 qui
1712 2820 1853 2876 idem
1905 2823 2055 2877 acci-

468 2913 622 2980 piunt
666 2928 693 2964 a
727 2912 885 2966 Filio.
921 2910 1013 2965 Sic
1062 2914 1205 2965 enim
1247 2911 1427 2981 inquit
1475 2910 1691 2966 Patrem
1755 2912 2053 2980 viviﬁcare,

467 3005 607 3057 sicut
640 3000 810 3056 Filius
851 3002 1107 3066 viviticat,
1140 3018 1304 3072 quam
1355 3001 1520 3056 Pater
1565 3003 1747 3069 habet,
1807 3005 2053 3059 eamdem

468 3095 669 3149 habere
697 3110 755 3149 se
782 3096 1053 3150 actionem
1104 3096 1447 3165 significans.
1500 3098 1619 3153 Non
1649 3097 1815 3167 igitur
1856 3099 1905 3152 el
1961 3096 2053 3166 qui

2150 514 2314 568 αὑτοῦ
2356 516 2590 583 φυσικήν
2608 531 2667 567 τε
2701 515 2797 568 καὶ
2827 515 3061 584 οὐσιὼδη
3090 518 3346 586 σημαίνει
3382 521 3630 591 πρόοδον.
3654 527 3728 580 Οὐ

2150 606 2260 678 γὰρ
2288 607 2349 678 δή
2382 623 2483 659 που
2514 605 2746 659 δέδωκεν
2778 607 2807 660 6
2857 608 3068 680 Πατὴρ,
3110 608 3300 682 ὥσπερ
3348 629 3400 665 τι
3433 613 3542 667 τῶν
3586 617 3732 687 αὐτῷ

2157 700 2462 771 προσόντων
2496 698 2845 769 ἀφελόμενος,
2900 702 2995 755 καὶ
3045 702 3145 755 οὐκ
3188 703 3365 773 ἔχοντι
3418 710 3733 777 προστεθειο

2153 792 2263 855 κὼς
2304 792 2383 863 τῷ
2412 791 2562 861 Υίῷ,
2617 790 2759 845 κατά
2819 793 3139 864 σωματικὴν
3196 796 3478 868 ἀποτομὴν
3537 800 3570 870 ἦ
3622 799 3735 855 διὰ-

2155 903 2342 939 στασιν
2387 885 2485 956 τὴν
2519 884 2581 938 ἔκ
2628 901 2771 949 τινος
2819 886 3006 957 ἑτέρου
3052 886 3189 957 πρὸς
3216 888 3734 961 ἕτερον,ῆτοπικῶς

2152 975 2565 1047 ἢσιαιρετικῶς
2619 975 2935 1047 νοουμένην.
3006 976 3144 1030 Ἀλλ’
3199 977 3387 1051 ὥσπερ
3448 981 3627 1035 δίδωσι
3673 983 3737 1037 τὺ

2153 1067 2318 1136 φυτὸν
2341 1066 2419 1137 τῷ
2451 1066 2511 1131 ἐξ
2534 1066 2697 1120 αὑτοῦ
2732 1066 3044 1139 προελθόντι
3064 1068 3263 1139 καρπῷ
3291 1070 3389 1142 τὴν
3414 1072 3561 1143 αὐτῷ
3590 1075 3733 1128 κατὰ

2153 1160 2314 1228 φύσιν
2364 1160 2675 1229 προσοῦσαν
2723 1158 2984 1230 ποιότητα
3038 1163 3249 1231 φορεῖν,
3304 1162 3481 1225 οὕτως
3532 1166 3562 1218 6
3607 1165 3737 1228 Υίδς

2154 1250 2438 1320 εἰληφέναι
2462 1250 2613 1321 παρὰ
2636 1248 2850 1321 Πατρδς
2893 1248 2964 1302 τὰ
3012 1250 3161 1321 αὐτῴ
3198 1253 3467 1323 προσόντα
3500 1257 3730 1319 νοεῖται,

2155 1342 2331 1395 πάντα
2366 1340 2442 1393 ὢν
2484 1342 2582 1393 ὃσα
2624 1342 2718 1394 καὶ
2763 1342 2792 1393 6
2838 1340 3028 1411 Πατὴρ
3054 1379 3069 1403 ,
3126 1340 3247 1411 δίχα
3282 1343 3445 1411 μόνου
3474 1343 3567 1397 τοῦ
3598 1340 3737 1399 εἶναι

2158 1434 2363 1506 Πατήρ.

2767 1536 2877 1594 Καὶ
2933 1538 3133 1594 τοῦτο.

2223 1628 2363 1702 Φησί
2401 1647 2503 1683 που
2537 1629 2806 1700 Χριστὸς,
2848 1629 2911 1685 '0
2939 1630 3216 1700 ἑωρακὼς
3240 1631 3347 1702 ἐμὲ
3378 1632 3599 1701 ἑώρακε
3627 1634 3739 1689 τὸν

2156 1724 2408 1791 Πατέρα.
2436 1722 2501 1775 Et
2532 1722 2712 1776 τοίνυν
2750 1722 3111 1788 ἐπείσακτον.
3148 1725 3267 1795 ἦτοι
3297 1724 3437 1779 κατά
3462 1728 3697 1798 μετοχὴν
3717 1766 3735 1794 ,

2154 1817 2249 1870 καὶ
2279 1816 2403 1885 οὐχὶ
2432 1814 2707 1878 οὑσιωδῶς
2747 1813 2858 1883 ἔχει
2890 1815 2953 1869 τὸ
2980 1812 3120 1869 εἶναι
3155 1819 3187 1887 ἡ
3224 1816 3362 1889 ζωὴ,
3396 1818 3551 1874 ἔσται
3575 1821 3735 1875 τοῦζο

2155 1906 2252 1961 καὶ
2304 1906 2333 1958 6
2376 1906 2589 1975 Πατήρ.
2635 1904 2828 1973 Φυγὼν
2879 1905 2937 1958 δὲ
2990 1904 3086 1957 τοῦ
3139 1904 3299 1974 λόγου
3351 1906 3451 1977 τὴν
3504 1908 3735 1962 ἀτοπίαν

2154 1999 2213 2064 ἐξ
2263 1997 2513 2068 ἀνάγκης
2546 1997 2905 2067 ὁμολογήσεις
2944 1998 3003 2050 τὸ
3033 1998 3242 2070 ἕτερον.
3289 2000 3412 2071 Ζωὴ
3448 2000 3559 2072 γὰρ
3594 2002 3735 2056 κατά

2157 2090 2319 2150 φύσιν
2344 2090 2373 2141 6
2415 2089 2572 2152 Υἱός.

2780 2267 2884 2320 Καὶ
2925 2267 3112 2321 τοῦτο.

2230 2359 2292 2412 Εἰ
2333 2358 2478 2427 ζωῆς
2511 2360 2663 2424 ὄντος
2696 2360 2836 2411 κατὰ
2876 2359 3041 2427 φύσιν
3070 2358 3164 2412 τοῦ
3202 2359 3457 2431 Πατρδς,
3491 2362 3590 2415 οὐκ
3619 2362 3739 2416 ἔστι

2156 2451 2315 2506 τοῦτο
2351 2453 2471 2506 κατ’
2500 2452 2690 2506 οὐσίαν
2723 2452 2751 2504 6
2777 2452 2939 2517 Υἱὸς,
2976 2450 3165 2521 ὥσπερ
3198 2450 3311 2515 τοῖς
3348 2453 3738 2523 χριπομάχοις

2156 2545 2323 2610 δοκεῖ,
2380 2544 2497 2608 πῶς
2542 2544 2638 2604 τὴν
2681 2543 2854 2613 αὐτὴν
2901 2544 3185 2613 ἐνέργειαν
3236 2545 3344 2615 ἔχει
3386 2544 3465 2613 τῷ
3513 2544 3729 2611 Πατρίς

2159 2637 2296 2707 Φησὶ
2320 2636 2430 2708 γάρ
2462 2653 2564 2690 που
2592 2637 2621 2689 6
2660 2634 2918 2706 Χριστὸς,
2946 2636 3029 2689 ὅτι
3064 2636 3288 2704 Ὠσπερ
3321 2639 3352 2691 ὁ
3384 2637 3587 2704 Πατὴρ
3616 2636 3727 2702 οὓς

2159 2730 2321 2784 θέλει
2340 2725 2627 2792 ζωοποιεῖ,
2648 2726 2804 2779 οὕτω
2820 2728 2919 2783 καὶ
2939 2730 2970 2783 ό
2991 2728 3125 2795 Υἱὸς
3140 2728 3248 2796 οὒς
3264 2729 3417 2783 θέλει
3444 2726 3727 2789 ζωοποιεῖ.

2159 2821 2233 2874 Οὐ
2270 2820 2380 2888 γὰρ
2414 2818 2479 2889 δὴ
2508 2819 2888 2883 ζωοποιήσθαι
2912 2820 3011 2890 μὲν
3048 2822 3250 2893 ἑτέρως
3273 2819 3455 2891 ἐροῦσι
3481 2821 3601 2883 τοὺς
3619 2824 3735 2874 ὅσοι

2159 2910 2313 2981 παρὰ
2343 2910 2439 2963 τοῦ
2462 2910 2671 2980 Πατρὸς
2700 2907 2859 2963 τοῦτο
2882 2910 3244 2979 Μμῦἀνουσι,
3272 2912 3653 2976 ζωποιεῖσθαι
3679 2913 3739 2967 δὲ

2158 3006 2324 3059 πάλιν
2355 3004 2479 3057 καθ’
2508 3004 2698 3073 ἕτερον
2726 3003 2930 3072 τρόπον
2958 3005 3085 3068 τοὺς
3114 3006 3267 3077 ποιρά
3290 3006 3389 3059 τοῦ
3418 3005 3551 3059 Υίοῦ
3581 3006 3738 3059 τοῦτο

2158 3096 2505 3167 δεχομένους.
2531 3094 2689 3149 Οὕτω
2719 3095 2827 3165 γὰρ
2860 3094 3032 3166 ἔφησε
3060 3096 3347 3160 ζωοποιεῖν
3374 3098 3467 3151 τὸν
3499 3096 3735 3167 Πατέρα,

467 3200 529 3239 se
558 3186 766 3253 genuit,
793 3186 1072 3240 dissimilis
1113 3198 1217 3250 est.
1261 3189 1353 3243 sed
1388 3202 1449 3243 ut
1480 3188 1663 3253 Pater,
1691 3189 1769 3243 sic
1798 3197 1851 3243 et
1886 3188 2050 3244 Filius

2160 3188 2235 3250 ὠς
2259 3188 2324 3239 ἂν
2347 3187 2737 3252 ζωοποιήσειεν
2756 3184 2782 3234 6
2814 3183 2962 3246 Υἱὸς,
2986 3184 3261 3255 πανταχοῦ
3286 3184 3384 3255 τὴν
3406 3184 3575 3255 αὐτὴν
3595 3185 3738 3250 ὲνὲρ-

470 3278 576 3329 vita
615 3294 710 3345 ροι-
741 3290 989 3333 naturam
1025 3279 1248 3335 dicitur.

2166 3297 2321 3348 γειαν
2363 3279 2441 3347 τῷ
2470 3277 2638 3345 Πατρῐ
2685 3276 2876 3343 ἔχοντα
2914 3275 3108 3331 ἑαυτὸν
3143 3277 3483 3350 ὁριζόμενος.
3533 3274 3739 3330 Οὐκοῦν

467 3370 566 3421 οὐκ
594 3372 839 3437 ἀνόμοιος
863 3370 1015 3425 ἔσται
1044 3373 1177 3443 πρὸς
1199 3375 1290 3426 τὸν
1316 3372 1707 3444 γεγεννηκότα,
1750 3370 1867 3426 ἀλλ’
1917 3371 2108 3425 ῶσπεο
2155 3374 2359 3433 ἐκεῖνος
2415 3370 2575 3439 φύσει
2620 3370 2733 3437 ζωὴ
2782 3370 3009 3436 λέγεται
3058 3371 3155 3426 καὶ
3201 3370 3370 3434 ἐστιν,
3454 3370 3596 3425 οὕτω
3647 3370 3741 3426 καὶ

467 3468 494 3518 6
524 3466 671 3527 Υἱός.

1017 3559 1080 3615 In
1107 3560 1291 3615 eadem
1324 3560 1499 3616 verba.

549 3658 679 3724 Quae
707 3658 814 3713 Deo
845 3670 907 3712 ac
930 3655 1077 3712 Patri
1098 3657 1302 3724 insunt,
1327 3658 1605 3715 naturales
1649 3669 1705 3714 et
1736 3662 2053 3717 cssentiales

480 3750 837 3819 proprietates
872 3764 1072 3805 vocans
1108 3748 1326 3815 Paulus,
1362 3749 1559 3805 alicubi
1609 3750 1681 3806 ita
1714 3752 1792 3806 ait
1823 3769 1836 3806 :
1875 3770 1894 3802 ι
1950 3752 2051 3817 Qui

479 3842 626 3897 solus
665 3840 825 3899 habet
858 3842 1321 3898 immortalitatem
1386 3845 1423 3898 ⁸.
1452 3862 1472 3896 ι
1500 3842 1555 3897 Si
1614 3859 1744 3899 vero
1778 3845 2049 3914 quispiam

479 3938 663 3989 dicens
690 3934 1176 4001 immortalitatem,
1203 3934 1335 3989 nihil
1373 3935 1514 3988 aliud
1538 3949 1633 4005 per
1678 3935 1729 3990 id
1789 3935 2054 4005 intelligat

478 4042 635 4093 quam
676 4028 863 4088 vitam,
886 4028 989 4080 vita
1022 4036 1200 4079 autem
1221 4035 1305 4081 est
1330 4023 1502 4081 Filius
1533 4028 1719 4081 dicens
1751 4042 1765 4079 :
1797 4027 1908 4098 Ego
1932 4043 2050 4082 sum

478 4120 586 4172 vita
626 4120 647 4146 ⁸
673 4136 690 4184 ;
719 4132 850 4186 ergo
866 4117 1205 4172 Paterltabet
1238 4118 1290 4172 in
1320 4117 1497 4185 seipso
1548 4118 1737 4179 vitam,
1793 4118 2051 4172 nimirum

482 4206 674 4262 Filium
704 4227 717 4262 :
752 4222 926 4277 neque
960 4209 1229 4262 diversum
1261 4210 1388 4278 quid
1422 4224 1450 4262 a
1489 4223 1569 4264 se.
1604 4208 1722 4278 Ipse
1773 4208 1934 4263 etiam
1980 4210 2054 4264 si-

480 4299 675 4353 militer
706 4299 973 4353 cxsistens
997 4299 1127 4367 vita,
1157 4300 1303 4355 dedit
1333 4302 1569 4368 seipsum
1599 4299 1766 4360 Filio;
1799 4311 2049 4356 nontan-

479 4406 640 4457 quam
684 4404 883 4458 corpus
917 4393 1130 4458 corpori
1158 4393 1524 4457 committens,
1566 4408 1743 4464 neque
1796 4403 2052 4461 tanquam

478 4481 675 4535 cedens
705 4478 840 4536 Filio
860 4496 1012 4536 suam
1040 4484 1451 4552 hypostasim,et
1474 4486 1733 4556 deinceps
1750 4500 1869 4541 esse
1892 4501 2051 4541 suum

480 4576 530 4626 in
558 4572 692 4627 Filio
723 4574 966 4637 habens;
1006 4577 1097 4629 sed
1139 4574 1412 4629 exsistens
1456 4575 1506 4629 id
1536 4578 1678 4645 quod
1705 4592 1921 4646 semper
1971 4585 2055 4630 est

2779 3554 2885 3609 Kal
2924 3555 3119 3610 τοῦτο.

2222 3656 2303 3710 Τὰ
2336 3653 2606 3726 προσόντα
2629 3649 2707 3723 τῷ
2733 3649 2851 3722 Θεῷ
2877 3650 2971 3704 καὶ
2994 3648 3168 3721 Ila.th
3188 3648 3395 3718 φυσικά
3426 3666 3486 3703 τε
3521 3650 3617 3703 καὶ
3641 3648 3730 3702 οὗ·

2153 3750 2316 3819 σιώδη
2342 3748 2514 3816 λέγων
2566 3742 2853 3814 ἰδιώματα,
2894 3741 3029 3812 φησι
3063 3758 3165 3793 που
3199 3740 3441 3803 Παῦλος*
3476 3759 3495 3791 ι
3546 3741 3605 3795 '0
3634 3740 3730 3810 μό-

2152 3859 2240 3905 νος
2271 3840 2409 3911 ἔχων
2465 3836 2783 3891 ἀθανασίαν.
2832 3852 2851 3885 ι
2897 3832 2962 3885 Εἰ
3008 3832 3186 3885 τοίνυν
3216 3830 3369 3884 οὐδὲν
3419 3830 3609 3901 ἕτερόν
3648 3847 3733 3895 τις

2151 3932 2376 4003 ὁριεῖται
2409 3928 2582 3997 λέγων
2615 3925 2713 3995 τὴν
2739 3922 3041 3977 ἀθανασίαν
3074 3920 3227 3992 παρά
3254 3920 3352 3993 τὴν
3391 3921 3557 3991 ζωὴν,
3590 3920 3736 3992 αῦτη

2152 4024 2207 4077 δέ
2239 4023 2387 4074 ἐστιν
2431 4022 2457 4073 6
2497 4019 2623 4081 Υίὸς
2660 4019 2688 4070 6
2721 4016 2928 4082 λέγων·
2994 4013 3136 4082 Ἐγώ
3157 4014 3272 4083 είμι
3307 4014 3339 4083 ἡ
3368 4011 3503 4083 ζωὴ,
3556 4011 3585 4062 6
3619 4012 3732 4064 ΙΙα⁹

2152 4115 2255 4187 τὴρ
2286 4112 2399 4183 ἔχει
2432 4109 2575 4181 ζωὴν
2600 4110 2657 4161 ὲν
2699 4106 2896 4175 ἑαυτῷ,
2924 4104 3015 4159 τὸν
3053 4104 3179 4158 Υίὸν
3211 4103 3475 4174 δηλονότι,
3511 4102 3607 4156 καὶ
3636 4104 3737 4173 οὐχ

2154 4204 2337 4275 ἕτερόν
2363 4220 2414 4255 τι
2437 4200 2566 4273 παρ’
2593 4198 2777 4254 αὐτόν.
2810 4197 2980 4260 Αὐτός
3004 4213 3063 4249 τε
3083 4196 3284 4267 ὁμοίως
3305 4196 3565 4266 ὑπάρχων
3594 4194 3741 4266 ζωὴ,

2154 4294 2382 4347 δέδωκεν
2414 4289 2604 4344 ἑαυτὸν
2634 4287 2712 4358 τῷ
2746 4284 2860 4355 Υίῷ
2883 4300 2896 4315 ο
2940 4285 3040 4355 οὐχ
3068 4285 3143 4348 ὼς
3175 4284 3332 4354 σῶμα
3375 4285 3637 4355 χωρήσας
3679 4284 3738 4337 ὲκ

2157 4384 2390 4455 σώματι,
2412 4382 2518 4435 οὐδ’
2539 4380 2615 4444 ὠς
2640 4379 2721 4450 τῷ
2744 4379 2858 4449 Υίῳ
2883 4378 3294 4447 παραχωρήσας
3316 4376 3414 4447 τὴν
3444 4375 3581 4429 ἰδίαν
3610 4376 3738 4430 ὑπό-

2158 4493 2366 4539 στασιν,
2397 4475 2491 4529 καὶ
2514 4475 2571 4526 ἐν
2594 4470 2744 4540 αὐτῷ
2762 4470 2946 4523 λοιπὸν
2963 4468 3024 4520 τδ
3047 4466 3186 4521 εἶναι
3208 4468 3347 4538 ἔχων
3371 4483 3384 4497 ·
3415 4467 3533 4521 ἀλλ’
3558 4467 3738 4539 ὑπάρ-

2156 4586 2265 4640 χων
2295 4567 2394 4638 μὲν
2430 4564 2575 4619 τοῦθ’
2608 4566 2745 4636 ὅπερ
2777 4565 2927 4617 ἐστὶν
2969 4564 3059 4616 ἀεὶ
3104 4561 3293 4633 Πατὴρ
3338 4562 3432 4614 καὶ
3463 4560 3618 4625 Θεός.
3657 4561 3743 4633 Τῇ

476 4666 639 4722 Pater
671 4683 733 4721 ac
777 4666 936 4722 Dens.
964 4666 1221 4720 Essentiae
1252 4682 1379 4721 vero
1416 4668 1721 4736 identitate,
1766 4682 1818 4724 et
1845 4680 2050 4724 natura:

2157 4660 2209 4713 δὲ
2238 4660 2338 4729 τῆς
2370 4658 2558 4720 οὐσίας
2584 4657 2875 4725 ταυτότητι
2908 4654 3001 4707 καὶ
3046 4655 3111 4723 τῇ
3148 4654 3243 4724 τῆς
3272 4653 3490 4723 φύσεως
3519 4653 3741 4723 ἑνότητα

478 4763 683 4816 unitate
707 4758 1051 4816 int-ﬂabilit'er
1082 4776 1204 4815 cum
1236 4761 1410 4816 Verbo
1434 4765 1578 4831 quod
1604 4780 1666 4817 ex
1700 4778 1756 4816 se
1788 4763 2053 4829 praevssit

476 4853 779 4918 copulatus.

922 4924 985 4980 In
1013 4925 1249 4980 eamdem
1291 4922 1626 4977 sententiam.

561 5022 910 5089 Qna‘cunque
941 5017 1265 5072 naturaliter
1292 5030 1356 5069 ac
1388 5010 1754 5067 cssentialiter
1797 5008 1943 5065 Patri
1970 5009 2050 5063 in-

488 5133 606 5173 esse
632 5118 910 5177 dicuntur,
940 5112 1029 5166 illa
1049 5111 1232 5165 omnia
1256 5118 1337 5164 est
1365 5107 1559 5162 Filius.
1588 5103 1751 5159 Solus
1780 5103 1939 5159 Pater
1961 5119 2054 5158 ve-

491 5226 581 5265 rus
621 5208 760 5262 Deus
793 5217 898 5268 est,
948 5203 1076 5274 quia
1110 5202 1262 5255 solus
1298 5202 1459 5255 habet
1489 5199 1685 5253 Filium
1725 5198 1994 5252 dicentem
2036 5211 2051 5249 :

490 5303 601 5369 Ego
655 5314 775 5353 sum
815 5298 1019 5353 veritas
1050 5294 1096 5347 '.
1143 5293 1370 5360 Sapiens
1419 5306 1483 5345 ac
1528 5300 1719 5355 potens
1777 5288 2053 5348 similiter.

490 5396 615 5463 quia
645 5394 897 5448 Christus
930 5390 1022 5444 Dei
1052 5386 1319 5457 potentia,
1354 5394 1408 5438 et
1443 5382 1536 5437 Dei
1568 5382 1861 5451 sapientia.
1892 5380 2056 5434 Solus

2157 4753 2291 4824 πρὸς
2326 4752 2415 4804 τὸν
2438 4749 2494 4815 ἐξ
2517 4748 2681 4803 αὑτοῦ
2706 4748 3035 4820 προελθόντα
3052 4746 3224 4813 Λόγον
3252 4744 3580 4816 ἁπορρήτως
3609 4762 3741 4800 συν·

2155 4846 2429 4915 δῠύμενος.
2765 4913 2870 4971 Kal
2900 4914 3077 4969 τοῦτο

2225 5010 2367 5067 Ὅσα
2397 5008 2680 5079 προσεῖναι
2709 5006 2929 5074 λέγεται
2955 5005 3033 5075 τῷ
3069 5003 3240 5076 [lupi
3266 5004 3511 5074 φυσικῶς
3538 5020 3597 5058 τε
3627 5006 3733 5059 καὶ

2151 5100 2443 5163 οὐσιωδῶς.
2462 5099 2634 5154 ταῦτα
2657 5099 2835 5152 πάντα
2860 5096 3008 5151 ἐστὶν
3035 5097 3064 5149 6
3090 5095 3237 5158 Υἱός.
3262 5096 3437 5159 Μόνος
3466 5095 3736 5164 ἀληθινὸς

2152 5196 2367 5262 λέγεται
2413 5191 2825 5261 ΘεδςὸΠατὴρ,
2856 5192 3042 5260 ἐπειδὴ
3075 5191 3237 5259 μόνος
3285 5188 3398 5258 ἔχει
3451 5188 3543 5241 τὶν
3598 5188 3739 5245 risv

2160 5290 2252 5341 τὸν
2302 5288 2563 5356 λέγοντα·
2609 5286 2747 5353 Ἑγὼ
2798 5288 2915 5355 ειμι
2949 5287 2980 5354 ἡ
3015 5282 3261 5353 ἀλήθεια.
3296 5281 3467 5349 Σοφδς
3504 5281 3597 5333 καὶ
3636 5280 3737 5332 δυ-

2162 5381 2317 5443 νατὸς
2347 5380 2565 5449 ὁμοίως,
2601 5380 2725 5431 ἐπεὶ
2753 5378 2986 5449 Χριστὸς
3013 5376 3147 5429 Θεοῦ
3178 5377 3428 5443 δύναμις,
3462 5375 3556 5427 xz‘t
3586 5371 3736 5427 Θεοῦ

495 5487 695 5538 dicitur
740 5484 1046 5537 inhabitare
1090 5481 1268 5535 lucem
1307 5474 1740 5531 iuacccssibilem
1775 5475 1795 5505 ⁶
1829 5492 1842 5528 :
1899 5473 2050 5527 hath

2166 5474 2346 5542 σοφία.
2388 5472 2563 5536 Μόνος
2611 5470 2830 5538 λέγεται
2879 5470 2995 5539 φῶς
3037 5470 3206 5522 οἰκεῖν
3240 5470 3535 5537 ἀπρόσιτον
3560 5484 3575 5498 υ
3612 5467 3737 5537 ἔχει

491 5579 635 5633 enim
672 5578 723 5630 in
754 5578 934 5646 se‘pso
962 5576 1228 5629 dicentem
1260 5588 1273 5623 :
1311 5568 1421 5638 Ego
1449 5582 1569 5623 sum
1601 5568 1714 5621 lux.
1753 5567 1917 5621 Solus
1955 5566 2054 5617 im-

2167 5564 2274 5633 γὰρ
2303 5564 2358 5616 ὲν
2383 5563 2560 5632 ἑαυτῷ
2583 5562 2673 5615 τὸν
2704 5561 2928 5627 λέγοντα
2946 5578 2960 5593 ο
3002 5559 3141 5627 Ἑγὼ
3166 5562 3281 5629 ειμι
3307 5560 3367 5613 τὸ
3394 5559 3530 5627 φῶς.
3553 5559 3743 5623 Μόνςς

565 5734 582 5767 ¹
618 5733 773 5787 Joan.
817 5748 927 5792 λιν,
958 5731 989 5784 9
1086 5731 1105 5759 '
1134 5728 1287 5785 Joan.
1328 5748 1377 5793 γ,
1414 5731 1500 5783 3|.
1581 5726 1646 5779 ⁸1
1683 5724 1898 5778 Timoth
1956 5740 2001 5775 τι

2232 5723 2429 5777 ‘Jean.
2479 5737 2589 5788 xxv,
2634 5721 2686 5776 6.
2764 5720 2785 5751 '
2831 5720 2963 5776 ibid.
3040 5720 3060 5752 ⁸
3090 5717 3109 5773 ι
3143 5716 3380 5773 Titnoth.
3426 5713 3613 5785 yt,16.
