4086 6214
364 280 475 345 655

901 402 1157 473 Ejusdem
1188 414 1235 458 et
1282 406 1411 459 Iure.

446 514 658 580 Quanto
699 515 945 570 laborant
972 519 1195 573 insania:
1226 519 1413 573 morbo
1436 561 1450 584 ,
1475 521 1567 589 qui
1618 522 1949 576 detestanda:

374 604 490 658 Arii
538 616 593 659 et
634 607 883 662 Ettnomii
934 609 1190 663 domi-ina:
1247 620 1378 665 sunt
1428 611 1704 667 ita-redes?
1756 613 1949 683 Magna

374 705 636 765 praeterea
675 698 729 751 in
768 714 953 753 eorum
988 711 1207 766 stupore
1239 711 1401 771 atque
1434 702 1636 757 insania
1671 705 1812 771 viget
1844 707 1950 759 im-

374 788 655 851 pudentia.
682 788 987 843 Missionetn
1018 792 1187 856 enim,
1212 807 1305 846 seu
1334 793 1655 860 legationem
1712 797 1947 849 divit-am

375 877 782 950 humanamque
812 894 1262 952 commemorant,
1284 897 1336 941 et
1364 901 1483 940 eum
1516 888 1605 955 qui
1640 888 1804 949 misit,
1835 889 1947 953 illo,

377 972 466 1038 qui
524 970 719 1025 missus
778 981 895 1032 est.
950 973 1358 1031 honoratiorem
1412 993 1533 1032 esse
1588 978 1949 1033 contendunt.

378 1062 550 1116 Tanta
609 1072 693 1117 est
745 1062 984 1133 ipsorum
1036 1068 1088 1120 in
1146 1067 1441 1138 Scripturis
1490 1072 1791 1140 imperitia!
1842 1073 1949 1127 Nec

381 1156 823 1211 animadvertunt
870 1156 1037 1213 licet)
1091 1160 1141 1212 in
1195 1160 1633 1231 MesopOtamiam
1684 1165 1751 1218 ab
1803 1165 1954 1219 Isaac

378 1246 593 1313 quidem
627 1247 853 1301 missum
884 1264 1028 1313 esse,
1060 1265 1159 1305 nec
1193 1262 1369 1306 tamen
1398 1252 1467 1305 ob
1493 1254 1566 1319 id,
1593 1264 1853 1320 quantum
1888 1256 1952 1307 ad

381 1345 628 1390 naturam
657 1339 915 1406 pertinet,
941 1341 1202 1396 minorem
1230 1356 1317 1404 eo,
1342 1357 1369 1394 a
1397 1358 1504 1411 quo
1532 1344 1726 1398 missus
1755 1344 1953 1411 fuerat,

316 1482 319 1483 ν
379 1427 675 1483 exstitisse.
696 1426 896 1499 Joseplt
926 1446 1142 1485 rursum
1166 1446 1195 1485 a
1218 1432 1386 1487 .lacob
1412 1432 1498 1487 ille
1522 1434 1735 1502 quidem
1765 1439 1959 1493 missus

379 1529 495 1583 est,
523 1528 579 1572 ut
610 1518 806 1574 fratres
848 1521 1137 1587 inviseret,
1172 1539 1271 1578 nec
1303 1535 1583 1595 propterea
1623 1534 1800 1581 tamen
1834 1544 1956 1583 eum

387 1612 674 1679 quisquam
705 1622 895 1667 natura
924 1623 1078 1682 patre
1107 1614 1416 1671 inferiorem
1445 1619 1602 1681 diem,
1625 1623 1763 1684 quod
1796 1623 1961 1687 patris

1609 290 1994 351 EUTiiYMll
2040 292 2209 351 ZIGA
2225 291 2395 350 BEN!

3522 293 3627 356 656

2661 411 2764 464 Καὶ
2818 429 2877 462 τη
2890 410 3011 463 ῧτο.

2126 518 2293 571 Βαϐαὶ
2342 523 2480 586 ποστ,
2528 522 2632 569 τῶν
2683 522 2974 590 αἶρετικῶν
3017 521 3048 587 ἡ
3114 520 3501 591 παραπληξέα,
3540 527 3630 576 mi-

2054 627 2154 679 σην
2196 609 2446 663 νοσοῦσιν
2475 610 2874 680 ἐμϐροντησίαν
2895 610 2943 663 οἱ
2972 610 3070 678 τῆς
3095 609 3310 679 Ἀρείου
3340 613 3435 665 καὶ
3462 614 3626 667 Εὐνο-

2053 700 2179 769 μίου
2198 700 2913 781 βλασφημίαςοκληρονόμοι.
2940 702 3082 771 Πρὸς
3102 702 3157 753 δὲ
3183 705 3248 773 τῇ
3275 704 3631 777 παραπληξῖᾳ

2052 791 2255 863 πολλὴν
2292 791 2443 845 ἔστιν
2492 793 2620 845 ίδεῖν
2649 793 2709 845 ὲν
2742 794 2926 853 αὐτοῖς
2962 794 3305 847 ἐπανθοῦσαν
3344 798 3629 866 ἀναισχυνη

2051 882 2195 937 τίαν.
2252 883 2366 953 Τῆς
2412 884 2521 954 γὰρ
2565 885 2875 953 ἀποστολῆς
2929 888 3043 940 ἄνω
3084 888 3181 940 καὶ
3214 890 3368 941 κάτω
3421 908 3630 959 μνημο.

2055 974 2295 1038 νεύουσι,
2328 976 2424 1030 καί
2447 978 2536 1030 τὸν
2564 977 2965 1031 ἀποστείλαντα
2986 979 3080 1031 τοῦ
3106 980 3499 1042 ἀποσταλέντος
3532 999 3633 1048 φα·

2058 1066 2142 1118 σὶν
2169 1061 2309 1120 εἶναι
2342 1067 2686 1138 τιμιώτερον.
2723 1067 3007 1137 Τοσαύτην
3044 1068 3230 1138 ἔχουσι
3259 1070 3367 1121 τῶν
3398 1071 3631 1138 Γραφῶν

2057 1158 2331 1228 ἀμαθίανί
2364 1161 2472 1212 Καὶ
2518 1161 2579 1213 οὗ
2628 1160 2952 1228 λογίζονται.
2998 1162 3075 1225 ὡς
3120 1162 3226 1215 ὑπὸ
3283 1162 3379 1215 τοῦ
3449 1164 3629 1215 Ἰσαὰκ

2059 1249 2087 1300 6
2132 1248 2328 1301 Ἰακὼϐ
2358 1244 2426 1320 ἣν
2466 1251 2879 1317 ἀπεσταλμένος
2912 1253 2992 1315 είς
3024 1254 3122 1322 τὴν
3159 1254 3590 1321 Μεσοποταμίαν
3614 1294 3627 1309 .

2059 1340 2120 1393 οὐ
2160 1339 2264 1409 μὴν
2314 1341 2401 1393 διὰ
2436 1342 2594 1394 τοῦτο
2644 1343 2878 1396 ἐλάττων
2916 1344 3031 1396 ἐστὶ
3084 1342 3177 1396 τοῦ
3214 1345 3632 1402 ἀποστείλαντος

2061 1433 2202 1485 κατά
2224 1433 2315 1486 τὸν
2338 1434 2437 1503 τῆς
2469 1433 2682 1502 φύσεως
2710 1434 2887 1503 λόγον.
2919 1434 3194 1498 Ὠσαυτως
3216 1436 3271 1489 δὲ
3302 1438 3397 1488 καὶ
3434 1437 3632 1503 Ἰωσὴφ

2060 1525 2342 1597 ἀπεστάλη
2398 1526 2494 1596 μὲν
2526 1526 2630 1579 ὑπὸ
2673 1526 2767 1580 τοῦ
2817 1526 3013 1581 Ἰακὼϐ
3059 1528 3460 1597 ἐπισκέψασθαι
3508 1531 3634 1589 τοὺς

2062 1616 2325 1685 ἀδελφοὺς
2366 1616 2553 1682 αὐτοῦ,
2586 1618 2679 1671 καὶ
2703 1617 2876 1682 οὐδεὶς
2901 1618 2967 1673 ἂν
2995 1618 3131 1689 φαίη
3162 1617 3263 1688 τῆς
3299 1617 3393 1672 τοῦ
3423 1620 3632 1687 πατρὸς

387 1707 639 1756 ιηιιιιιιειο
664 1706 943 1769 obedicns,
977 1721 1084 1776 quo
1114 1708 1311 1763 missus
1334 1709 1530 1773 fuerat,
1552 1710 1825 1778 profectus
1854 1726 1958 1766 est.

2066 1707 2281 1777 φύσεως
2319 1709 2483 1762 αὑτὸν
2513 1709 2586 1780 μὴ
2619 1710 2893 1779 μετέχειν,
2924 1710 3114 1780 ἐπειδὴ
3149 1708 3226 1780 τῷ
3257 1713 3425 1781 πατρὶ
3455 1712 3638 1763 πειθό-

460 1883 523 1934 At
557 1882 679 1937 licet
740 1893 943 1939 natura:
1003 1887 1211 1941 ratione
1264 1889 1602 1943 mittentibus
1647 1890 1959 1953 inferiores,

395 1972 667 2041 iuquient,
707 1990 813 2028 non
860 1977 967 2031 sint
1013 1978 1121 2042 illi,
1159 1994 1294 2045 quos
1339 1980 1505 2036 fuisse
1553 1984 1747 2037 missos
1794 1986 1961 2051 dic-is,

398 2077 639 2135 paterna:
675 2077 851 2121 tamen
887 2071 1083 2123 cedunt
1117 2073 1386 2141 dignitati.
1421 2074 1531 2127 imo
1569 2078 1898 2142 reperimus,
1934 2094 1965 2130 o

391 2158 575 2221 stulti,
620 2168 673 2213 et
717 2160 974 2229 dignitate
1030 2163 1440 2229 prmstautiores
1496 2165 1565 2217 ab
1617 2165 1966 2223 inferioribus

396 2248 565 2313 mitti;
600 2264 775 2317 neque
808 2260 986 2302 tamen
1024 2250 1225 2304 ideirco
1258 2266 1408 2305 suam
1444 2256 1700 2307 amittunt
1729 2254 1967 2323 dignita-

394 2351 523 2392 tem.
544 2337 804 2394 Jonatbas
832 2344 972 2395 enim
1003 2343 1143 2410 regis
1170 2342 1308 2398 titius
1338 2359 1367 2398 a
1399 2343 1595 2398 Davide
1626 2346 1829 2402 missus
1859 2357 1967 2413 est,

396 2431 441 2484 is
480 2432 569 2500 qui
612 2446 732 2485 cum
778 2442 931 2499 patre
975 2433 1255 2503 regnabat,
1292 2435 1360 2489 ab
1400 2450 1465 2489 eo
1505 2438 1593 2505 qui
1641 2453 1709 2491 ne
1747 2454 1965 2494 servum

401 2522 621 2584 quidem
664 2521 774 2587 jam
823 2522 1053 2576 audebat
1097 2538 1157 2578 se
1198 2525 1459 2593 profiteri.
1498 2526 1759 2593 Quoniam
1806 2530 1970 2599 igitur

400 2615 487 2666 Inc
529 2612 746 2681 quidem
794 2615 967 2676 misit,
1001 2616 1089 2670 ille
1130 2625 1309 2671 autem
1357 2619 1553 2674 missus
1593 2629 1706 2682 est,
1736 2636 1836 2676 nec
1878 2624 1967 2691 qui

400 2705 599 2759 missus
637 2714 752 2767 est,
782 2705 955 2761 athuc
994 2721 1111 2762 erat
1153 2723 1279 2772 rex,
1309 2719 1366 2761 ιιι
1409 2725 1502 2761 vos
1572 2711 1836 2775 deﬁnitis.
1872 2730 1971 2769 nec

400 2796 491 2861 qui
541 2796 719 2859 misit,
750 2795 922 2849 adhuc
960 2807 1073 2850 erat
1108 2799 1294 2864 exsul,
1322 2802 1415 2851 sed
1448 2801 1597 2855 missi
1636 2802 1865 2868 dignitas
1904 2805 1968 2857 ad

406 2884 704 2939 mittentem
741 2902 799 2941 se
838 2889 1088 2941 llavidetn
1122 2889 1422 2951 descendit,
1446 2899 1499 2943 et
1528 2892 1792 2947 mittentis
1823 2893 1937 2947 cala
1958 2922 1971 2933 ο

405 2976 571 3028 auitas
620 2975 901 3033 descendit
950 2980 1014 3032 ad
1063 2980 1288 3035 missum
1332 2979 1642 3038 Ionatham.
1690 2983 1794 3038 Sed
1845 2986 1970 3054 quid

2068 1818 2229 1869 μενος
2256 1800 2582 1865 κατεδέξατό
2610 1800 2708 1872 τὴν
2737 1802 3069 1869 ἀποστολήν.·

2142 1892 2292 1945 Ἀλλ’
2320 1892 2450 1955 ἴσως
2474 1893 2661 1961 φασὶν,
2696 1895 2745 1947 εί
2772 1893 2867 1947 καὶ
2900 1896 2976 1965 μὴ
3006 1894 3148 1947 κατά
3177 1894 3269 1947 τὸν
3292 1894 3390 1963 τῆς
3423 1894 3638 1963 φύσεως

2064 1981 2222 2049 λόγον
2250 1982 2470 2053 μείζους
2488 1983 2724 2038 ἐνταῦθα
2749 1984 2855 2038 τῶν
2876 1984 3313 2039 ἀποστελλόντων
3335 1986 3384 2038 oi
3400 1986 3638 2039 ἀποστα-

2064 2073 2274 2139 λέντες,
2319 2074 2461 2128 κατά
2507 2076 2637 2143 γοῦν
2667 2070 3026 2144 τδπατρικδν
3058 2076 3277 2145 ἀξίωμα
3310 2075 3488 2147 ἔχουσι
3538 2076 3639 2147 τῆς

2065 2167 2232 2236 τιμῆς
2278 2166 2347 2220 τὰ
2398 2166 2687 2237 πρεσϐεῖα.
2746 2166 2888 2220 Ἀλλ’
2934 2162 3349 2237 εὑρίσκομεν,ὣ
3396 2167 3635 2236 ἀνόητοι,

2068 2257 2236 2326 φαίην
2278 2257 2343 2310 ἂν
2382 2259 2521 2326 πρὸς
2560 2258 2777 2323 αὐτοὺς,
2816 2260 2909 2311 καὶ
2950 2260 3076 2319 τοὺς
3122 2257 3344 2327 μείζους
3396 2258 3503 2311 ὑπὸ
3531 2259 3639 2311 τῶν

2068 2348 2371 2401 ἐλαττόνων
2416 2350 2847 2411 ἀποσταλέντας,
2902 2350 2995 2402 καὶ
3044 2350 3166 2418 οὐχὶ
3206 2351 3294 2403 διὰ
3339 2348 3498 2403 τοῦτο
3540 2352 3639 2419 τῆς

2068 2433 2275 2495 οἰκείας
2302 2434 2467 2503 τιμῆς
2492 2434 2617 2495 τοὺς
2638 2434 3044 2500 ἀποσταλέντας
3064 2433 3446 2501 γυμνὼσομεν.
3474 2433 3639 2486 ’Δπεο

2071 2524 2241 2592 στάλη
2271 2524 2380 2593 γὰρ
2410 2524 2515 2576 ὑπὸ
2544 2524 2637 2577 τοῦ
2688 2524 2854 2578 Δαϐλδ
2894 2525 3170 2590 Ἰωνάθαν,
3194 2527 3222 2578 6
3256 2525 3346 2579 τοῦ
3376 2525 3640 2595 βασιλέως

2070 2615 2185 2676 uti);
2232 2616 2338 2668 ὑπ),
2376 2617 2634 2683 φυγάδος.
2681 2619 2708 2670 6
2735 2616 2811 2686 τῷ
2854 2617 3025 2688 πατρὶ
3066 2616 3483 2687 συμϐασιλεύων
3537 2617 3641 2670 ὑπὸ

2070 2707 2163 2760 τοῦ
2226 2708 2359 2777 μηδὲ
2422 2710 2480 2761 ὲν
2542 2710 2753 2763 οἰκέτου
2817 2710 2968 2774 τάξει
3030 2712 3262 2781 φανῆναι
3312 2710 3634 2779 τολμῶντος.

2072 2799 2291 2867 Ἐπειδὴ
2320 2800 2501 2853 τοίνυν
2523 2802 2553 2852 6
2581 2801 2681 2871 μὲν
2705 2802 3010 2871 ἀπεστάλη,
3034 2802 3135 2854 οὐκ
3163 2802 3243 2855 ἔτι
3268 2803 3364 2871 μὲν
3387 2801 3637 2870 βασιλεὺς

2071 2895 2098 2945 6
2130 2893 2403 2959 πεμφθεὶς
2438 2892 2579 2945 κατά
2609 2892 2699 2946 τὸν
2726 2893 2988 2962 ὑμέτερον
3022 2894 3145 2963 ὅρον
3170 2909 3186 2926 ο
3215 2892 3315 2946 οὐκ
3342 2892 3417 2945 ἔτι
3449 2892 3502 2946 δὲ
3531 2910 3635 2959 φυ-

2073 2982 2175 3049 γὰς
2196 2983 2224 3033 6
2242 2982 2587 3044 ἀποστείλας,
2612 2982 2746 3035 ἀλλᾶ
2770 2980 3145 3049 μεταϐέϐηκεν
3167 2983 3258 3036 ἐπὶ
3278 2982 3369 3035 τὸν
3390 2980 3638 3033 ἀποστεί-

407 3079 615 3136 oportet
648 3070 879 3124 humana
916 3085 1233 3134 recensere.
1263 3087 1384 3126 cum
1432 3074 1771 3129 inveniamus
1808 3078 1965 3131 Deum

2074 3074 2241 3128 λαντα
2266 3074 2430 3128 Δαϐὶδ
2456 3076 2516 3127 τδ
2535 3073 2629 3128 τοῦ
2652 3074 2997 3143 πεμφθέντος
3020 3073 3256 3143 ἀξίωμα.
3286 3073 3639 3143 Μεταϐέϐηκε

402 3163 470 3212 ab
502 3160 717 3213 homine
750 3160 922 3215 mitti?
952 3161 1052 3228 Qui
1084 3164 1226 3217 enim
1281 3178 1401 3217 cum
1433 3163 1600 3220 Jacob
1644 3168 1971 3231 luctabatur,

410 3251 624 3304 Dimitte
646 3267 748 3313 me,
774 3253 963 3321 inquit.
988 3254 1113 3323 quia
1142 3256 1502 3324 crepusculum
1528 3260 1780 3312 ascendit.
1805 3260 1971 3316 Jacob

407 3355 585 3397 autem
630 3344 694 3395 ad
737 3358 898 3409 eum,
938 3343 1059 3397 Non
1100 3344 1366 3399 dimittant
1409 3358 1490 3412 te,
1531 3352 1836 3417 respondit.
1870 3353 1972 3405 nisi

408 3435 731 3491 heuedixeris
764 3437 948 3491 mihi'.
1007 3438 1142 3504 Quid
1175 3440 1240 3493 ad
1279 3440 1391 3493 ltzec
1420 3442 1691 3509 sapientes
1727 3444 1812 3496 isti
1850 3444 1970 3496 tidvi

412 3529 651 3584 artiﬁces
676 3530 1104 3595 respondebunt?
1125 3531 1442 3599 Quanquam
1469 3546 1531 3584 ex
1556 3530 1766 3586 Domini
1794 3535 1972 3588 verbis

407 3604 911 3683 animadvertimus,
932 3632 978 3675 et
1006 3620 1217 3675 Patrem
1243 3622 1416 3681 ipsum
1441 3622 1528 3690 qui
1558 3625 1794 3686 miserat,
1814 3625 1972 3677 simul

2075 3166 2133 3220 δὲ
2178 3165 2271 3219 ἐπὶ
2298 3166 2390 3219 τὸν
2425 3166 2796 3220 ἀποσταλέντα
2840 3166 3096 3219 Ἰωνάθιν
3127 3167 3160 3236 ἡ
3190 3166 3286 3219 τοῦ
3326 3165 3643 3236 πέμψαντος

2074 3255 2391 3323 δυσκληρία.
2435 3254 2575 3307 Ἀλλ’
2607 3256 2703 3324 οὐχ
2733 3253 2873 3307 οὕτω
2903 3254 3056 3308 ταῦτ’
3091 3254 3225 3325 ἔχει.
3260 3256 3368 3309 Καὶ
3390 3254 3443 3308 τί
3470 3256 3550 3308 δεῖ
3575 3254 3644 3309 τὰ

2075 3345 2395 3415 ἀνθρώπινα
2445 3346 2662 3413 λέγεινς
2702 3349 3041 3418 Εὑρίσκομεν
3083 3350 3193 3418 γὰρ
3234 3348 3367 3401 Θεὸν
3407 3348 3643 3401 ἀποστα-

2075 3438 2257 3500 λέντα,
2310 3438 2406 3492 καὶ
2457 3439 2744 3509 ἄνθρωπον
2795 3440 3213 3495 ἀποστείλαντα.
3279 3440 3339 3492 Ὀ
3402 3438 3513 3508 γάρ
3566 3439 3663 3508 τῷ

2087 3524 2275 3578 Ἰακὼϐ
2301 3542 2364 3577 συ
2373 3527 2685 3594 μπαλαίσας
2706 3528 2894 3597 φησιν,
2927 3527 3317 3583 Ἀπόστειλόν
3328 3543 3406 3595 με
3422 3536 3437 3553 ⁶
3460 3524 3645 3593 ἀνέϐη

2074 3617 2187 3685 γὰρ
2213 3617 2244 3669 ὁ
2279 3615 2507 3684 ὄρθρος.
2552 3616 2692 3686 Πρδς
2729 3617 2790 3670 ὃν
2825 3617 2926 3687 ἔφη
2973 3618 3001 3670 6
3056 3615 3269 3683 Ἰακὼϐ,
3314 3618 3399 3672 Οὐ
3434 3617 3520 3686 μή
3572 3630 3649 3670 σε

408 3731 528 3772 esse
559 3731 679 3769 cum
715 3711 852 3769 Filio
884 3711 972 3780 qui
1013 3712 1210 3768 missus
1269 3711 1466 3768 fuerat.
1503 3711 1658 3769 Solus
1692 3715 1861 3778 enim,
1895 3716 1979 3770 in-

410 3809 545 3875 quit,
570 3825 675 3862 uon
707 3824 843 3873 sum,
874 3808 964 3860 sed
988 3823 1110 3875 ego,
1138 3816 1186 3859 et
1216 3808 1303 3875 qui
1332 3807 1471 3859 misit
1504 3823 1584 3859 me
1625 3807 1844 3861 Pater'.
1877 3810 1965 3864 Et:

2078 3804 2260 3871 λέγειν
2309 3804 2526 3872 ἔχουσιν
2577 3804 2627 3856 οί
2675 3802 2829 3871 σοφοὶ
2872 3801 2969 3871 τῆς
3019 3801 3257 3866 πίστεως
3303 3800 3645 3872 τεχνολόγοις

414 3899 538 3954 Non
572 3900 771 3953 dimisit
804 3915 884 3953 me
906 3897 1077 3952 solum
1114 3896 1275 3951 Pater
1298 3914 1441 3951 metu
1462 3898 1504 3953 ³.
1535 3898 1598 3951 Et
1650 3899 1759 3952 alio
1808 3900 1926 3954 loco
1953 3922 1965 3956 :

2083 3896 2295 3959 ’Δλλως
2327 3895 2741 3965 δὲᾳεύρίσκομεν
2772 3896 2835 3947 ἐκ
2876 3891 2985 3945 τῶν
3013 3892 3348 3949 δεσποτικῶν
3387 3893 3649 3965 ῥημάτων

419 3994 581 4047 Pater
610 3994 662 4047 iu
695 4007 775 4045 me
808 4007 1024 4044 manens
1060 3990 1173 4060 ipse
1202 3990 1329 4057 facit
1383 4006 1539 4057 opera
1563 3990 1605 4042 ⁸.
1639 3990 1695 4043 Si
1734 3992 1894 4061 igitur
1925 3992 1965 4045 it

2083 3988 2177 4040 καὶ
2208 3984 2373 4039 αὐτὸν
2398 3984 2490 4037 τὸν
2524 3984 2816 4053 πέμψαντα
2847 3983 3065 4053 Πατέρα
3090 3983 3168 4054 τῷ
3200 3982 3503 4054 πεμφθέντι
3534 3981 3651 4049 Tit?)

415 4086 562 4153 ipso,
590 4095 644 4139 et
679 4098 800 4138 cum
836 4082 955 4151 ipso
988 4090 1141 4145 erat,
1170 4081 1259 4148 qui
1300 4080 1447 4133 illum
1484 4082 1736 4145 miserat,
1766 4082 1852 4137 ubi
1896 4095 1965 4137 εει

2085 4077 2329 4131 συνόντα.
2376 4076 2575 4140 Μόνος
2595 4074 2725 4143 γὰρ,
2760 4074 2942 4145 φησὶν,
2992 4075 3105 4128 οὐκ
3151 4074 3289 4142 ειμι,
3329 4074 3468 4128 ἀλλ’
3513 4073 3647 4140 ἐγὼ.

417 4171 676 4236 abjectior
697 4171 831 4238 ejus,
850 4171 940 4239 qui
968 4171 1167 4224 missus
1187 4177 1292 4233 est,
1308 4170 1576 4223 conditio?
1602 4168 1751 4224 Unde
1774 4179 1965 4226 autem.

2086 4169 2183 4223 καί
2216 4172 2249 4222 ό
2278 4167 2522 4236 πέμψας
2543 4184 2621 4236 με
2650 4166 2874 4236 Πατήρ.
2899 4167 3009 4220 Καὶ
3036 4165 3290 4236 ἀλλαχοῦ,
3310 4168 3431 4220 Οὐκ
3454 4164 3653 4233 ἀφῆκέ

418 4274 511 4319 aut
543 4280 649 4333 quo
683 4264 931 4317 mittatur
965 4263 1011 4317 is
1046 4262 1138 4329 qui
1176 4262 1365 4330 implet
1396 4262 1613 4317 omnia?
1660 4262 1792 4315 Mitti
1837 4265 1962 4318 enin

2086 4276 2157 4326 με
2185 4257 2378 4327 μόνον
2399 4260 2433 4311 ὁ
2460 4256 2662 4324 Πατήρ
2690 4273 2830 4325 μου.
2864 4255 2974 4307 Καὶ
3023 4254 3305 4326 ἑτέρωθεν,
3354 4254 3411 4306 '0
3446 4252 3649 4321 Πατήρ

418 4358 691 4426 signiﬁcat
730 4356 828 4409 loci
865 4354 1239 4409 mutationem.
1272 4354 1423 4421 Quod
1458 4354 1503 4407 si
1540 4352 1701 4408 Pater
1729 4366 1783 4409 et
1814 4354 1965 4409 Filius

2089 4365 2204 4415 μου
2243 4349 2276 4401 ό
2310 4347 2380 4399 ἐν
2415 4346 2541 4415 ἐμοὶ
2578 4346 2798 4414 μένων,
2841 4342 3026 4410 αὐτὸς
3062 4343 3220 4398 ποιεῖ
3256 4342 3329 4397 τὰ
3375 4344 3540 4412 ἔργα.
3593 4344 3655 4395 Ei

420 4448 603 4502 omnia
637 4446 937 4508 continent,
962 4459 1061 4499 nec
1087 4444 1245 4499 Pater
1272 4444 1455 4514 procul
1485 4444 1639 4500 abest
1669 4446 1735 4500 ab
1766 4445 1889 4509 illis,
1914 4461 1965 4499 at

2088 4442 2267 4495 τοίνυν
2292 4442 2350 4493 ὲν
2393 4438 2542 4509 αὐτῷ
2579 4439 2674 4492 καὶ
2702 4439 2799 4492 σὺν
2827 4436 2976 4508 αὑτῷ
3006 4432 3075 4507 ἦν
3105 4436 3134 4488 6
3162 4434 3404 4505 πέμψας,
3434 4435 3537 4488 ποῦ
3559 4435 3654 4487 τοῦ

421 4554 557 4607 quos
590 4538 790 4593 missus
820 4547 904 4592 est
936 4536 1125 4599 Filius,
1152 4552 1248 4590 nec
1278 4534 1444 4590 Filius
1494 4553 1556 4590 ex
1592 4552 1699 4591 uno
1733 4538 1785 4592 in
1816 4538 1965 4591 aliuu‘

2090 4533 2432 4603 πεμφθέντος
2455 4533 2491 4602 ἡ
2516 4530 2790 4596 εὐτέλειας
2821 4529 2883 4584 '0
2907 4530 2964 4583 δὲ
3004 4529 3074 4583 τὰ
3095 4528 3271 4583 πάντα
3290 4528 3515 4598 πληρῶν
3554 4526 3657 4579 ποῦ

424 4632 599 4681 locum
635 4628 983 4684 transcendit.
1014 4628 1295 4697 Reliquum
1329 4628 1490 4697 igitur
1512 4637 1616 4692 est,
1641 4638 1697 4681 ut
1725 4643 1819 4697 per
1846 4629 1965 4682 baut

2093 4624 2188 4678 καὶ
2205 4622 2368 4677 πόθεν
2385 4621 2696 4690 ἀπεστάλης
2720 4620 2788 4672 'H
2805 4620 2912 4691 γὰρ
2939 4618 3210 4689 ἀποστολὴ
3222 4620 3402 4672 τόπων
3418 4615 3661 4687 ἀλλαγὴν

422 4721 777 4791 legationem,
812 4735 906 4774 seu
950 4719 1264 4775 missionem
1307 4719 1439 4774 nihil
1474 4720 1617 4774 aliud
1648 4720 1950 4789 cogitemus

2094 4716 2413 4770 αἰνίττεται.
2435 4714 2497 4766 Ei
2521 4713 2576 4766 δὲ
2601 4714 2670 4767 τὰ
2697 4714 2875 4766 πάντα
2894 4712 3083 4784 Πατὴρ
3124 4714 3218 4767 καὶ
3239 4712 3366 4774 Υίδς
3395 4711 3659 4781 περιέχει,

423 4814 528 4865 nisi
563 4812 949 4867 humanitatem
982 4821 1311 4881 assumptam
1342 4811 1567 4866 indicari

2091 4809 2216 4862 οὕτε
2247 4809 2276 4861 6
2310 4805 2500 4875 Πατὴρ
2516 4806 2591 4868 ὼς
2613 4804 2803 4875 πόρρω
2826 4805 3110 4872 τυγχάνων
3131 4804 3374 4865 ἐκείνων,
3398 4802 3536 4872 πρὸς
3568 4800 3661 4863 οὓς

422 4905 759 4971 ἀπέστειλεν,
790 4903 999 4974 ἔπεμψε
1030 4904 1123 4957 τὸν
1154 4904 1306 4970 Υίδν,
1339 4903 1462 4959 οὔτε
1490 4904 1519 4957 6
1554 4904 1678 4966 Υίδς
1703 4905 1761 4971 ἕξ
1791 4904 1980 4977 ἑτέρου
2028 4904 2108 4967 είς
2160 4902 2347 4971 ἕτερον
2395 4898 2731 4967 μεταϐέϐηκε
2789 4898 2970 4951 τόπον.
3004 4897 3215 4952 Οὐκοῦν
3243 4896 3488 4949 λείπεται
3521 4895 3662 4949 νοεῖν

423 5004 520 5071 τῆς
552 4998 948 5068 ἀναληφθείσης
970 4998 1389 5071 ἀνθρωπότητος
1426 5000 1526 5070 τὴν
1563 5001 1864 5072 ἀποστολὴν
1890 4996 2056 5057 εἶναι.

2078 3710 2439 3773 ἀποστείλω,
2469 3709 2578 3763 ἐὰν
2600 3708 2685 3777 μή
2713 3725 2788 3778 με
2815 3706 3181 3779 εὐλογήσῃς.
3216 3707 3281 3761 Τί
3310 3709 3446 3779 πρὸς
3476 3708 3648 3762 ταῦτα

954 5116 1205 5185 Ejusdem
1235 5127 1282 5171 et
1306 5118 1415 5172 Iure
1738 5120 1741 5123 ⁷

2706 5119 2807 5170 Καὶ
2870 5116 3062 5169 τοῦτο.

503 5210 683 5275 Pater,
735 5210 870 5262 venit
918 5210 1069 5271 liora,
1101 5209 1333 5276 clariﬁca
1381 5209 1576 5264 Filium
1637 5222 1806 5278 tuum,
1868 5224 1965 5267 utt

2167 5212 2377 5281 Πάτερ,
2394 5212 2695 5280 ἐλήλυθεν
2710 5209 2747 5276 ἡ
2765 5207 2908 5275 ὥρα,
2927 5207 3196 5271 δόξασόν
3223 5220 3340 5260 σου
3371 5208 3477 5260 τὸν
3508 5205 3668 5269 Υιὸν,

433 5300 605 5355 Filius
659 5312 778 5354 tum
838 5300 1092 5368 clariﬁcet
1150 5311 1199 5354 te
1228 5302 1271 5355 ⁸.
1329 5302 1374 5357 Ο
1435 5303 1759 5373 singularem
1839 5314 1961 5375 atqu

2096 5308 2195 5359 ἵνα
2216 5305 2312 5358 καί
2333 5307 2365 5357 ό
2386 5305 2514 5369 Υἱός
2534 5319 2650 5357 σου
2665 5298 2997 5366 δοξάσῃσε.
3026 5298 3090 5350 Ὢ
3111 5298 3208 5367 τῆς
3228 5295 3672 5367 ὑπερϐαλλούσης

434 5394 799 5448 incredibilem
860 5394 1235 5448 haereticorum
1268 5394 1613 5449 stoliditatem
1646 5397 1659 5451 i
1697 5396 1883 5463 Maior,
1920 5402 1965 5448 iu

2097 5396 2204 5449 τῶν
2224 5394 2516 5461 αἱρετικῶν
2533 5391 2888 5461 ἀϐελτηρίαςῐ
2913 5389 3145 5455 Μείζων,
3175 5391 3360 5458 φησὶν,
3378 5390 3406 5441 6
3434 5385 3673 5452 δοξάζων

433 5487 643 5554 quium,
676 5496 759 5537 est
786 5487 876 5555 qui
911 5485 1078 5555 gloria
1110 5484 1290 5546 at'iicit,
1324 5499 1481 5551 quam
1513 5485 1599 5540 ille
1656 5488 1745 5556 qui
1774 5487 1965 5541 atiicitu

2099 5487 2193 5540 τοῦ
2210 5484 2591 5552 δοξαζομένου,
2621 5485 2714 5536 καὶ
2738 5484 2949 5547 δοξάζει
2980 5482 3079 5548 μὲν
3096 5482 3124 5533 6
3143 5481 3351 5550 Πατὴρ,
3387 5479 3671 5543 δοξάζεται

438 5583 627 5648 gloria.
656 5581 816 5635 Pater
846 5586 1027 5633 autem
1064 5576 1248 5641 allicit,
1310 5576 1480 5633 Filius
1515 5578 1761 5642 adicitur,
1832 5581 1965 5647 maiu

2100 5580 2154 5633 δὲ
2181 5580 2207 5630 6
2240 5577 2624 5640 Υἱὸ;.Μείζων
2640 5576 2731 5629 οὖν
2750 5576 2856 5647 ἄρτι
2891 5573 2982 5626 τοῦ
3018 5574 3147 5628 Υίοῦ
3175 5574 3202 5627 6
3234 5573 3529 5643 lia-5139.35
3563 5571 3665 5624 τοί-

511 5712 528 5742 ¹
550 5712 681 5766 Gen.
709 5729 875 5776 χχιιι,
900 5714 988 5777 20,
1010 5714 1102 5769 ‘27.
1178 5712 1368 5769 ’Juau.
1391 5726 1503 5779 vttt,
1534 5714 1617 5771 16.
1694 5715 1714 5747 ³
1737 5715 1861 5771 ιδίιί.
1889 5715 1957 5769 29

2065 5715 2221 5769 'J-nn
2277 5731 2381 5779 xw,
2411 5714 2492 5769 IO.
2567 5714 2587 5743 ⁸
2619 5712 2914 5767 ,Ιιιιηιςνιμ
2960 5713 3005 5767 i.
