4086 6214
472 357 579 421 657

1433 364 1807 424 PANOPLIA
1855 369 2307 434 DUbMA'l‘lCA.
2352 400 2413 412 -
2453 378 2605 441 ΤΙΤ.
2644 380 2752 439 XI.

3614 386 3731 445 (LW

473 492 572 527 νυν
600 474 627 525 6
656 473 783 535 Υἱὸς
812 471 911 525 οὐκ
945 473 1204 543 ἐδοξάσθη
1233 473 1412 543 μόνον,
1442 475 1576 527 ἀλλὰ
1605 475 1697 529 καὶ
1714 476 1929 543 ἐδόξασε
1960 478 2034 532 τδι

2159 484 2313 551 igitur
2350 488 2483 543 Filio
2512 489 2688 547 Paler.
2720 492 2776 546 Si
2804 494 2971 549 Filius
3031 513 3133 547 non
3166 494 3333 547 solum
3363 494 3588 549 ali‘ettus
3640 514 3719 550 ιιδι

471 566 800 630 δοξάσαντα.
838 565 1017 625 ξποίαν
1071 566 1225 635 σχοίη
1276 565 1458 635 χώραν
1488 566 1545 619 τὸ
1579 565 1784 633 μεῖζον,
1845 569 1939 620 καὶ⁵
1986 568 2034 621 τί

2155 576 2347 643 gloria,
2404 580 2497 633 sed
2554 582 2669 649 ipse
2707 585 2942 639 vicissim
3006 586 3174 655 gloria
3240 587 3456 639 Patrem
3520 586 3716 647 alTeci'.

474 659 728 721 Eiarrov;
757 657 820 709 El
852 656 906 709 δὲ
929 656 1037 728 ἄρα
1066 659 1207 712 κατὰ
1231 658 1327 728 τὴν
1356 659 1462 710 τῶν
1494 658 1796 729 εἰρημένων
1826 658 2047 711 ἀκολου-

475 753 599 803 οἱαν
636 750 771 818 πρὸς
804 751 902 803 τὸν
928 750 1231 815 δοξάσαντα
1264 750 1580 815 μεταϐαίνει
1606 751 1665 803 τὸ
1697 748 1882 820 μεῖζον
1903 793 1918 817 ,
1957 751 2046 803 εὖ-

476 843 767 912 ρεθήσεται
796 841 1032 896 ἐλάττων
1066 840 1165 913 μὲν
1198 842 1226 892 ὁ
1258 840 1410 903 Υἱὸς,
1438 841 1599 911 ἡνίκα
1638 841 1704 895 ἂν
1732 841 2043 912 δοξάζηται,

477 933 680 1004 μείζων
718 932 800 995 δὲ,
854 932 1017 1003 ἡνίκα
1047 933 1112 986 ἂν
1139 932 1360 1004 δοξάζῃ.
1400 933 1556 985 Ἀλλὰ
1582 932 1642 985 τδ
1667 934 1838 987 ταῦτα
1863 933 2042 1001 λέγειν

475 1024 865 1097 παραπληξέας
911 1024 1005 1078 καὶ
1046 1024 1244 1092 μανίας
1300 1023 1553 1092 ἐσχάτης.
1586 1023 1660 1076 Οὐ
1689 1023 1797 1090 γὰρ
1827 1021 1886 1074 τὸ
1920 1023 2042 1090 μεῖ-

473 1115 567 1178 ζον
599 1117 690 1169 καὶ
719 1116 779 1168 τὸ
808 1115 1031 1167 ἔλαττον
1059 1114 1328 1177 ἐντεῦθεν,
1354 1113 1413 1166 τὸ
1456 1113 1514 1165 δὲ
1548 1114 1659 1166 ίσον
1692 1113 1901 1183 Ιῐατρδς
1950 1112 2044 1164 καὶ

471 1209 605 1260 Υἰοῦ
653 1207 1036 1277 διδασκόμεθα.
1084 1207 1382 1276 Ἀκούομεν
1412 1208 1523 1277 γὰρ
1554 1208 1626 1267 ὡς
1662 1206 1756 1258 καὶ
1796 1208 1823 1258 6
1853 1205 2042 1274 Πατὴρ

470 1299 679 1364 δοξάζει
706 1300 798 1353 τὸν
828 1299 973 1365 Υίέιν,
1001 1298 1094 1353 καὶ
1129 1299 1406 1364 δοξάζεται
1427 1295 1531 1350 ὑπὸ
1558 1296 1654 1349 τοῦ
1680 1295 1810 1348 Υίοῦ
1838 1312 1852 1327 ο
1890 1294 1985 1348 καὶ
2013 1295 2042 1347 6

473 1393 598 1452 Tit;
622 1391 903 1455 δοξάζεται
933 1389 1037 1443 ὑπὸ
1070 1390 1163 1442 τοῦ
1195 1388 1425 1458 Πατρδς,
1453 1388 1548 1440 καὶ
1577 1386 1789 1453 δοξάζει
1811 1385 1900 1438 τὸν
1931 1386 2042 1437 Πα-

470 1484 625 1551 τέρα.
667 1483 790 1536 Ὀτι
832 1483 888 1535 δὲ
919 1481 1273 1550 δοξαζόμενος
1300 1481 1397 1550 οὐχ
1440 1478 1468 1531 ὃ
1521 1480 1596 1549 μὴ
1630 1475 1777 1548 εἶχεν
1828 1475 2038 1539 ἐλαϐεν,

471 1573 585 1625 ἀλλ’
631 1572 658 1625 δ
709 1568 873 1643 εἶχεν,
905 1573 962 1624 ὲν
1011 1572 1159 1641 αὐτῷ
1210 1572 1287 1640 τῷ
1336 1572 1517 1641 χωρίῳ
1554 1569 1717 1624 τοῦτο
1771 1569 2036 1621 διδάσκει.

471 1665 746 1727 Δόξασόν
781 1681 858 1732 με
885 1662 1013 1734 γὰρ,
1047 1665 1197 1731 φησὶ,
1232 1662 1443 1731 Πάτερ,
1488 1661 1647 1730 παρὰ
1688 1657 1926 1723 σεαυτῷ
1966 1656 2041 1725 τῇ

470 1756 643 1822 δόξῃ,
670 1752 707 1827 ᾗ
744 1752 933 1825 εἶχον,
978 1754 1092 1822 πρὸ
1122 1754 1227 1808 τοῦ
1255 1756 1362 1807 τὸν
1402 1756 1636 1821 κόσμον
1660 1748 1836 1815 εἶναι,
1873 1753 2036 1816 παρὰ

2152 669 2424 734 tptninodo
2453 688 2588 729 unus
2615 675 2784 731 altero
2807 678 2979 746 major
3035 678 3139 733 dici
3181 688 3354 747 potest
3375 677 3398 730 l
3418 675 3549 729 Nam
3580 679 3625 730 si
3656 694 3717 730 ex

2148 756 2371 812 istorum
2438 766 2703 819 sententia
2752 770 3016 837 sequitur,
3074 775 3131 822 ut
3164 768 3253 836 qui
3312 767 3479 837 gloria
3535 767 3717 830 allicit,

2149 845 2319 912 major
2342 850 2433 915 sit,
2464 854 2641 909 minor
2666 857 2881 925 quidem
2940 868 3022 912 est
3080 859 3268 924 Filius,
3318 860 3443 913 dum
3490 858 3719 913 aliieitnr

2145 936 2337 1005 gloria,
2364 941 2536 1010 major
2561 954 2738 1001 autem
2771 948 2894 1001 dum
2921 948 3136 1003 Patrem
3168 948 3349 1005 allicit.
3385 949 3578 1018 Verum
3604 949 3719 1002 haec

2145 1026 2325 1083 dicere
2362 1034 2558 1088 summi
2594 1037 2830 1100 stuporis
2880 1047 3042 1107 atque
3086 1039 3368 1094 dementia:
3392 1048 3495 1094 est.
3529 1037 3604 1091 Ex
3634 1038 3717 1091 his

2144 1115 2284 1170 enim
2326 1121 2501 1173 verbis
2532 1138 2634 1176 non
2672 1123 2882 1181 Patrem
2928 1126 3065 1183 Filio
3092 1126 3346 1195 majorem
3372 1144 3493 1184 esse
3550 1130 3719 1186 disci-

2145 1218 2285 1269 mus,
2318 1215 2409 1259 aut
2438 1219 2648 1277 contra,
2687 1214 2779 1267 sed
2811 1213 2983 1270 Patris
3012 1225 3065 1270 et
3092 1215 3211 1270 Filii
3238 1218 3599 1285 aequalitatem
3636 1221 3718 1275 in-

2144 1294 2449 1364 telligimus.
2489 1299 2618 1353 Nam
2649 1310 2706 1355 ut
2734 1302 2889 1359 Pater
2942 1306 3108 1375 gloria
3143 1317 3195 1362 et
3221 1307 3380 1362 allicit
3415 1308 3629 1372 Filium,
3661 1320 3717 1365 ct

2142 1383 2372 1438 allicitur
2410 1401 2437 1439 a
2480 1387 2637 1456 Filio,
2698 1392 2779 1447 sic
2811 1393 2980 1450 Filius
3029 1396 3199 1465 gloria
3255 1408 3368 1450 tum
3425 1397 3657 1451 allicitur
3683 1415 3719 1451 a.

2143 1472 2320 1542 Patre,
2344 1484 2453 1530 tum
2485 1479 2700 1535 Patrem
2732 1482 2913 1539 allicit.
2945 1485 3097 1551 Quod
3126 1498 3303 1542 autem
3329 1489 3452 1543 dum
3485 1491 3715 1543 allicitur

2141 1563 2331 1633 gloria,
2366 1567 2496 1621 nihil
2528 1570 2774 1639 accipiat,
2803 1576 2942 1643 quod
2974 1584 3131 1630 antea
3162 1592 3266 1631 non
3295 1577 3538 1639 haberet,
3558 1579 3721 1633 docet

2143 1653 2246 1707 hoc
2278 1653 2394 1710 loco
2421 1672 2435 1709 :
2467 1658 2716 1723 Clariﬁca
2753 1680 2852 1727 me,
2887 1665 3158 1734 inquiens,
3198 1668 3379 1732 Pater,
3430 1686 3492 1722 ea
3522 1671 3710 1738 gloria.

2139 1759 2297 1813 quam
2318 1746 2501 1814 habui,
2534 1760 2809 1822 antequam
2842 1758 3065 1809 mundus
3100 1758 3267 1824 ﬁeret,
3325 1760 3465 1825 apud
3494 1772 3541 1813 te
3562 1762 3604 1813 ¹.
3656 1760 3713 1814 Si

470 1848 589 1900 σοι’.
626 1849 686 1901 El
720 1848 775 1899 δὲ
809 1848 908 1915 πρδ
935 1846 1028 1898 τοῦ
1066 1846 1156 1900 τὸν
1184 1847 1387 1914 κόσμον
1415 1845 1665 1913 γενέσθαι
1694 1844 1899 1915 ταύτην
1924 1839 2034 1914 εἶχε

2141 1846 2319 1891 autem
2338 1849 2628 1911 antequam
2649 1846 2879 1901 mundus
2911 1846 3084 1915 iierct,
3105 1849 3241 1903 hanc
3262 1850 3487 1919 gloriam
3503 1850 3713 1917 habuit,

470 1940 568 2007 τὴν
586 1937 767 2001 δόξαν,
787 1937 903 1999 πῶς
936 1937 1076 2006 αἰτεῖ
1106 1936 1292 2014 λαϐεῖν
1323 1936 1350 1987 ὃ
1381 1935 1492 2003 ἔχει
1524 1933 1650 1999 disi;

1087 2024 1193 2080 Kal
1227 2024 1422 2078 τοῦτο.
1470 2083 1477 2093 ,

544 2116 675 2170 Εἶτα
704 2116 935 2181 δεικνὺς.
964 2115 1038 2180 ὡς
1064 2116 1123 2170 οῦ
1154 2116 1436 2180 δοξάζεται
1474 2115 1652 2184 μόνον,
1685 2110 1820 2165 ἀλλὰ
1843 2110 1938 2164 καὶ
1957 2110 2040 2163 80-

474 2208 626 2271 ξάζει
649 2246 665 2273 ,
694 2210 978 2280 ἐπήγαγεν
999 2248 1014 2273 ,
1055 2204 1444 2276 Ἐφανέρωσά
1467 2219 1584 2258 σου
1609 2203 1674 2257 τὸ
1700 2203 1887 2271 ὄνομα
1914 2200 2037 2265 τοῖς

466 2302 823 2368 ἀνθρώποις.
854 2300 957 2353 Καὶ
988 2300 1107 2369 μετ’
1134 2300 1317 2367 ὀλίγον
1347 2299 1454 2350 τῶν
1476 2295 1769 2366 αίρετικῶν
1798 2292 2039 2364 ἐμφράτ-

464 2410 575 2444 των
602 2392 669 2447 τὰ
704 2393 969 2462 στόματα.
1006 2394 1082 2445 Τὰ
1106 2390 1218 2460 ἐμὰ
1241 2389 1456 2453 πάντα,
1480 2386 1631 2457 φησὶ,
1657 2385 1740 2441 σά
1761 2385 1912 2448 ἐστι,
1940 2382 2035 2434 καὶ

466 2487 540 2535 τὰ
566 2483 648 2535 σὰ
676 2482 807 2551 ἐμὰ,
840 2484 900 2535 οὐ
931 2480 1155 2551 διαιρῶν
1180 2478 1278 2551 τὴν
1321 2479 1509 2549 κοινὴν
1548 2474 1888 2543 δεσποτείαν,
1917 2472 2037 2527 οὐδὲ

465 2574 633 2643 ἕτερα
663 2574 764 2640 μὲν
793 2574 863 2625 τὰ
891 2572 1039 2642 αὖτῷ
1064 2572 1431 2642 προσήκοντα,
1463 2571 1624 2641 ἕτερα
1652 2567 1709 2621 δὲ
1739 2566 1808 2620 τὰ
1830 2565 2038 2636 τῷιηα-

462 2668 553 2733 ap".
584 2665 908 2735 διαφέροντα
936 2665 1103 2733 δεῖξαι
1131 2664 1471 2734 βουλόμενος,
1503 2662 1618 2716 ἀλλ’
1641 2659 1828 2729 ἐπειδὴ
1856 2659 1906 2711 οἱ
1934 2658 2039 2711 πᾶ-

467 2774 569 2808 σαν
599 2756 915 2826 βλάσφημον
953 2755 1094 2809 κατὰ
1127 2754 1220 2808 τοῦ
1250 2753 1588 2824 Μονογενοῦς
1628 2751 1879 2822 ἀφιέντες
1908 2767 2036 2820 φω-

464 2848 563 2917 κὴν
606 2845 765 2903 αὐτὸν
809 2847 908 2917 μὲν
955 2847 1254 2915 λαμϐάνειν
1288 2888 1302 2912 ,
1342 2845 1434 2900 τὸν
1472 2845 1530 2897 δὲ
1577 2844 1795 2912 Πατέρα
1838 2842 2035 2895 διδόναι

468 2944 625 3010 east,
661 2940 956 3004 δείκνυσιν,
991 2943 1071 2994 ὃτι
1104 2940 1204 3009 τὴν
1243 2937 1410 3007 αὐτὴν
1458 2936 1573 3007 ἔχει
1606 2936 1683 3006 τῷ
1718 2936 1895 3005 Πατρὶ
1927 2932 2035 2987 τῶν

466 3037 724 3091 ἁπάντων
753 3033 1097 3087 δεσποτείαν.
1134 3030 1209 3086 Τὰ
1238 3030 1349 3101 γὰρ
1375 3027 1488 3098 ἐμὰ
1515 3026 1732 3089 πάντα,
1765 3025 1918 3095 φησὶ,
1951 3023 2034 3078 σά

462 3126 620 3188 ἐστι,
642 3122 741 3177 καὶ
761 3122 833 3177 τὰ
848 3121 930 3177 σὰ
944 3122 1077 3192 ἐμὰ,
1096 3122 1158 3175 οὐ
1173 3121 1554 3191 τὴνδιαίρεσιν
1577 3118 1674 3188 τῆς
1686 3116 2028 3181 δεσποτείας,

463 3216 602 3270 ἀλλὰ
636 3217 697 3270 τὸ
733 3214 909 3269 κοινὸν
938 3216 1037 3285 τῆς
1066 3213 1315 3280 ἔξουσίας
1347 3210 1640 3267 παιδεύων.

469 3330 581 3385 Τοῦ
596 3330 783 3386 αὐτοῦ
808 3329 877 3384 ἐκ
894 3328 1000 3384 τοῦ
1020 3336 1064 3383 ε’
1085 3329 1415 3398 κεφαλαίου
1446 3325 1554 3382 τοῦ
1577 3324 1628 3380 d
1653 3324 1900 3391 ,ϐιϐλίου
1925 3323 2032 3380 τοῦ

1083 3398 1427 3467 Θησαυροῦ.

540 3492 615 3546 Οὐ
658 3493 874 3554 πάντως
902 3491 963 3545 τδ
997 3491 1206 3544 τίκτειν
1246 3491 1491 3561 πεφυκὸς
1519 3492 1582 3546 ὲκ
1608 3490 1700 3545 τοῦ
1731 3489 1807 3561 μὴ
1826 3489 2033 3545 τίκτειν

462 3585 545 3645 είς
582 3582 741 3636 τοῦτο
778 3583 1025 3653 πρόεισιν
1052 3596 1068 3613 ⁶
1128 3581 1250 3635 οὐδὲ
1283 3581 1474 3653 ἐπειδὴ
1524 3581 1733 3635 τίκτειν
1765 3577 1896 3647 οἶδε,
1935 3578 2032 3632 καὶ

464 3673 825 3728 καταπαύειν.
863 3673 973 3727 Καὶ
1008 3671 1140 3738 γοῦν
1163 3673 1325 3744 γεννᾷ
1354 3672 1453 3743 μὲν
1488 3673 1550 3739 ἐξ
1600 3671 1797 3727 ἑαυτοῦ
1827 3671 1887 3725 τὸ
1917 3670 2030 3740 πῦρ

462 3766 564 3833 τήν
605 3782 665 3818 τε
704 3764 847 3819 κατὰ
874 3763 1036 3833 φύσιν
1057 3763 1366 3835 προσοῦσαν
1401 3764 1555 3835 αὐτῷ
1578 3763 1910 3834 θερμότητα,
1932 3760 2028 3814 καὶ

464 3859 559 3910 τὸν
599 3860 899 3926 φωτισμὸν,
930 3857 1052 3911 οὔτε
1099 3858 1156 3911 δὲ
1189 3860 1253 3911 ἐκ
1282 3858 1377 3912 τοῦ
1413 3860 1487 3927 μὴ
1526 3852 1666 3909 εἶναι
1717 3854 1919 3925 θερμὸν
1949 3854 2031 3918 είς

462 3948 625 4002 τοῦτο
688 3948 979 4018 προῆλθεν,
1031 3947 1155 4001 οῦτε
1194 3948 1475 4003 παύσεται
1513 3947 1710 4015 γεννᾷν
1768 3944 1831 3997 τό
1882 3944 2030 3999 κατὰ

461 4039 624 4108 φῦσιν
654 4039 806 4110 αὖτῷ
837 4039 1055 4110 προσὸν,
1084 4039 1203 4093 ἀλλ’
1240 4040 1359 4110 ἅμα
1379 4040 1566 4107 γέγονε
1600 4039 1733 4109 πῦρ,
1755 4038 1848 4089 καί⁵
1876 4033 1944 4107 ἦν
1973 4039 2033 4090 ὲν

459 4131 610 4201 αὑτῷ
637 4131 703 4184 τά
727 4131 914 4186 αὐτοῦ.
948 4132 1010 4185 El
1040 4132 1218 4185 τοίνυν
1258 4133 1351 4185 καὶ
1376 4132 1468 4185 ἐπὶ
1494 4131 1601 4185 τῶν
1643 4129 2032 4199 πεποιημένων

458 4222 615 4292 παρὰ
673 4221 808 4275 Θεοῦ
858 4222 1103 4285 τοιοῦτος
1159 4222 1410 4292 φαίνεται
1460 4221 1771 4292 γεννήσεως
1803 4221 2027 4290 τρόπος,

462 4312 580 4376 πῶς
621 4314 722 4366 οὐκ
753 4314 948 4376 ἀσεϐὲς
1008 4313 1083 4384 μὴ
1110 4314 1179 4366 τὰ
1217 4313 1389 4383 μείζω
1440 4314 1795 4384 παραχωρεῖν
1854 4309 2029 4381 αὐτῷ,

458 4407 565 4460 κᾶν
594 4406 671 4476 μὴ
702 4406 877 4477 φθάνῃ
908 4406 1043 4475 πρὸς
1066 4405 1368 4477 κατάληψιν
1431 4406 1530 4474 τῆς
1560 4403 1804 4475 μεγάλης
1856 4402 2027 4459 αὐτοῦ

459 4497 679 4567 φύσεως
706 4496 734 4547 6
762 4494 1100 4565 ἀνθρώπινος
1136 4494 1261 4558 νοῦς
1286 4511 1301 4561 ;

1067 4588 1177 4639 Kal
1205 4586 1403 4640 τοῦτο.

532 4679 597 4734 Ei
629 4680 707 4751 μὴ
743 4681 907 4746 συνῆν
956 4679 986 4732 6
1034 4679 1161 4743 Υἱὸς
1188 4678 1265 4748 τῷ
1306 4679 1482 4751 Πατρὶ
1531 4681 1592 4749 ὲξ
1649 4679 1815 4734 αὐτοῦ
1846 4697 1905 4733 τε
1952 4678 2031 4733 ὢν

456 4775 600 4828 κατὰ
638 4776 817 4843 φύσιν,
858 4774 951 4827 καὶ
984 4774 1251 4836 συναῖδιος
1277 4772 1375 4841 ὢν,
1411 4774 1726 4845 συμϐέϐηκε
1787 4772 1845 4826 δὲ
1879 4772 2032 4844 αὐτῷ

454 4867 520 4919 τὸ
545 4859 709 4926 εἶναι,
727 4865 922 4936 συνέϐη
955 4865 1197 4935 δηλονότι
1226 4865 1321 4917 καὶ
1348 4864 1426 4934 τῷ
1451 4866 1663 4919 τεκόντι
1687 4866 1745 4919 τὸ
1769 4865 2029 4934 γενέσθαι

458 4958 699 5026 Πατῗρα,
724 4957 820 5009 καὶ
844 4956 1114 5025 μεταϐολή
1149 4973 1232 5019 τις
1255 4956 1381 5026 περὶ
1414 4956 1579 5010 αὑτὸν
1610 4957 1705 5011 καὶ
1747 4957 2031 5021 ἀλλοίωσις

456 5050 711 5118 φαίνεται
743 5049 1054 5116 γενόμενος.
1080 5048 1141 5100 El
1159 5048 1265 5117 γὰρ
1294 5048 1394 5101 οὐκ
1419 5043 1510 5119 ἦν,
1536 5048 1661 5102 καθ’
1684 5048 1851 5117 ὑμᾶς,
1870 5048 2030 5101 τοῦτο

454 5142 678 5209 γέγονεν
704 5138 948 5208 ὕστερον.
986 5139 1205 5209 Τροπῆς
1235 5138 1293 5192 δὲ
1340 5138 1522 5208 πάσης
1550 5138 1647 5193 καὶ
1690 5140 2029 5203 ἀλλοιώσεως

454 5219 804 5295 ἀνεπίδεκτος
830 5233 861 5300 ἡ
895 5231 1012 5283 θεία
1044 5230 1225 5299 φύσις.
1255 5232 1370 5284 Οὐκ
1402 5230 1509 5300 ἄρα
1542 5231 1738 5300 συνέϐη
1791 5231 1868 5301 τῷ
1909 5232 2027 5302 Θεῷ

452 5326 515 5376 τὸ
541 5324 799 5391 γενέσθαι
834 5323 1075 5393 Πατέρα,
1113 5323 1231 5376 ἀλλ’
1258 5317 1327 5392 ἦν
1376 5320 1526 5392 αὐτῷ
1584 5322 1861 5386 συνατδιος
1902 5325 1930 5376 6
1966 5322 2026 5387 ἐξ

451 5413 621 5467 αὐτοῦ
657 5413 936 5483 προελθὼν
959 5414 1154 5483 Λόγος,
1180 5414 1430 5484 καθάπερ
1454 5414 1776 5485 ὴθερμότης
1812 5416 1871 5468 ὲν
1890 5416 2029 5485 πυρὶ

450 5506 787 5574 γεννητικῶς
804 5505 862 5571 ἐξ
878 5505 1043 5558 αὑτοῦ
1064 5506 1330 5576 προϊοῦσα
1345 5507 1441 5559 καὶ
1458 5508 1544 5560 ἀεὶ
1565 5508 2023 5578 συνυπάρχουσιν.

1067 5601 1173 5653 Kal
1206 5598 1406 5655 τοῦτο.

523 5689 583 5741 El
612 5688 835 5758 τέλειος,
860 5689 1047 5762 φησὶν,
1078 5691 1228 5745 ἐστὶν
1258 5694 1285 5745 6
1308 5691 1496 5764 Πατὴρ
1531 5692 1588 5747 ἐν
1625 5695 1691 5765 τῇ
1726 5692 1828 5764 ίδῖᾳ
1860 5710 2030 5765 μεγα-

521 5801 535 5833 ¹
573 5800 729 5858 Joan.
755 5819 891 5872 xvu,
917 5804 970 5859 5.
1047 5803 1066 5835 ’
1104 5802 1238 5859 Ibid.
1273 5803 1323 5858 6.

2145 1932 2415 1997 quomodo
2450 1936 2585 2003 petit
2613 1944 2671 1990 ut
2700 1938 2932 2006 accipiat
2965 1940 3105 2008 quod
3134 1954 3348 2010 semper
3382 1939 3610 1995 habuit?

2670 2024 2922 2094 Ejusdem
2950 2037 2999 2081 et
3039 2031 3170 2083 Iuro.

2213 2111 2413 2168 Deinde
2450 2132 2509 2170 se
2538 2133 2642 2172 non
2676 2118 2848 2172 solum
2879 2120 3047 2187 gloria
3080 2121 3217 2175 allici
3270 2120 3571 2186 declarans,
3618 2126 3711 2175 sed

2139 2199 2302 2253 etiam
2340 2204 2553 2259 Patrem
2607 2205 2840 2272 allicere,
2890 2208 3278 2276 Manisfeslavi,
3312 2211 3504 2280 inquit,
3525 2227 3715 2265 nomen

2140 2305 2286 2347 tuum
2353 2297 2706 2352 Iwmim’bus’.
2773 2298 2837 2354 Et
2890 2300 3049 2367 paulo
3104 2311 3225 2367 post
3284 2318 3377 2356 ora
3429 2303 3715 2358 obstruens

2141 2384 2539 2453 hmrcticorum,
2576 2387 2766 2443 Omnia
2797 2407 2928 2457 mea,
2966 2392 3161 2461 inquit,
3218 2404 3309 2448 tua
3366 2405 3510 2461 sunt,
3542 2408 3593 2451 et
3624 2408 3725 2451 tua?

2141 2490 2273 2531 mea.
2312 2475 2668 2535 Communem
2696 2495 2800 2537 non
2837 2482 3023 2538 dividit
3046 2484 3424 2556 principatum,
3481 2502 3581 2542 nec
3609 2488 3712 2542 alia

2142 2568 2281 2624 Patri
2306 2572 2435 2626 dicit
2464 2575 2771 2629 convenire.
2809 2574 2913 2631 Sed
2948 2579 3200 2645 quoniam
3242 2578 3328 2633 isti
3360 2579 3713 2637 conwmcliis

2139 2662 2484 2717 exsecrandis
2546 2663 2891 2732 Unigenitum
2948 2666 3242 2723 allicientes
3292 2669 3477 2723 dicunt
3531 2671 3708 2739 ipsum

2137 2750 2352 2819 quidem
2382 2753 2648 2821 accipere,
2688 2753 2902 2809 Patrem
2943 2766 3119 2812 autem
3173 2758 3324 2819 dare,
3376 2760 3711 2813 demonstrat

2139 2855 2197 2897 se
2218 2860 2317 2897 una
2342 2859 2460 2899 cum
2485 2844 2642 2902 Patre
2662 2862 2836 2901 rerum
2864 2848 3102 2902 omnium
3127 2849 3408 2917 imperium
3436 2850 3701 2903 oblinere:

2137 2924 2483 3001 0mnia‘mea,
2528 2939 2799 3007 inquiens,
2823 2948 2917 2991 tua
2949 2949 3089 3002 sunt,
3120 2947 3169 2992 et
3200 2948 3293 2990 tua
3348 2954 3483 2991 mea.
3507 2937 3711 3003 Quibus

2136 3028 2314 3082 verbis
2344 3044 2446 3082 non
2478 3045 2701 3097 regnum
2733 3031 2982 3095 divisum,
3013 3031 3104 3085 scd
3147 3044 3485 3084 communem
3545 3030 3712 3099 signi-

2138 3119 2259 3175 ﬂeat
2288 3129 2629 3189 potestatem.

2344 3319 2675 3409 Ejusdemez
2705 3320 2961 3378 Thesauri
2982 3340 3097 3394 cap.
3116 3324 3149 3379 6
3177 3325 3296 3379 libri
3320 3327 3494 3395 primi.

2202 3476 2353 3545 Quod
2376 3483 2617 3551 pariendi
2650 3495 2897 3541 naturam
2930 3486 3111 3551 habet,
3141 3501 3247 3541 non
3304 3496 3584 3542 assecutus
3603 3497 3721 3552 est,

2135 3584 2257 3624 cum
2291 3572 2580 3641 aliquando
2612 3592 2717 3630 non
2746 3580 2991 3646 haberet,
3037 3596 3138 3637 nec
3191 3579 3335 3634 illam
3396 3582 3626 3646 amittet,
3656 3592 3711 3637 et

2135 3664 2344 3720 desinet
2373 3681 2584 3735 parere.
2615 3668 2756 3738 ignis
2810 3673 3029 3740 quidem
3092 3684 3284 3729 natura
3332 3676 3437 3733 sibi
3492 3674 3708 3728 insitam

2132 3755 2303 3826 gignit
2329 3757 2659 3814 calidilatem
2712 3770 2872 3830 atque
2904 3762 3265 3833 splendorem,
3309 3780 3485 3835 neque
3510 3780 3573 3818 ex
3604 3780 3707 3820 non

2134 3848 2307 3905 calido
2338 3850 2551 3907 calidus
2574 3851 2827 3917 efﬁcitur,
2860 3868 3033 3922 neque
3076 3864 3253 3910 cessat
3294 3857 3535 3926 gignere,
3590 3870 3709 3924 qua:

2134 3941 2460 3997 naturaliter
2510 3942 2675 4013 ipsius
2707 3953 2833 3998 sunt
2891 3945 3121 4015 propria.
3182 3948 3288 4001 Sed
3336 3947 3496 4005 simul
3549 3957 3711 4018 atque

2133 4031 2275 4102 ignis
2308 4040 2412 4099 est,
2439 4042 2495 4088 et
2537 4048 2600 4089 ea
2631 4048 2752 4089 cum
2816 4036 2934 4106 ipso
2979 4045 3126 4092 sunt.
3178 4038 3329 4106 Quod
3362 4042 3404 4095 si
3446 4042 3499 4094 in
3552 4040 3709 4094 rebus

2134 4127 2433 4196 procreatis
2475 4126 2641 4183 aDeo
2692 4129 2814 4185 talis
2868 4130 3191 4200 perspicitur
3246 4133 3497 4203 gignendi
3547 4133 3707 4195 ratio.

2134 4231 2314 4272 nonne
2366 4218 2590 4287 impium
2631 4228 2716 4273 est
2780 4234 2884 4273 non
2940 4219 3038 4289 ipsi
3088 4220 3197 4276 Deo
3236 4222 3488 4277 omnibus
3550 4224 3717 4292 parti-

2135 4307 2238 4363 bus
2269 4310 2475 4379 majora
2516 4309 2750 4365 tribuere
2772 4310 2800 4364 ?

2662 4592 2911 4662 Ejusdem
2939 4603 2987 4648 et
3015 4596 3145 4648 Ita'c.

2203 4682 2260 4739 Si
2289 4683 2456 4740 Filius
2486 4698 2551 4740 ex
2582 4684 2742 4741 Patre
2767 4701 2999 4741 nascens
3034 4700 3155 4741 cum
3188 4685 3307 4757 ipso
3340 4701 3434 4755 per
3464 4696 3713 4741 naturam

2129 4784 2369 4832 aeternus
2399 4790 2507 4831 non
2538 4784 2675 4842 erat,
2726 4778 2817 4832 sed
2854 4777 2902 4832 ei
2949 4777 3196 4846 contigit,
3250 4786 3307 4832 ut
3352 4786 3514 4840 esset,
3545 4786 3599 4832 et
3628 4778 3710 4850 gi-

2131 4868 2315 4937 gnenti
2371 4867 2625 4923 nimirum
2689 4868 2937 4937 contigit,
2986 4877 3044 4925 ut
3103 4869 3257 4923 lierct
3312 4868 3491 4935 Pater,
3552 4879 3713 4939 atque

2132 4959 2205 5014 ita
2253 4960 2306 5014 in
2348 4958 2440 5015 illo
2497 4958 2726 5015 mutatio
2760 4961 3006 5031 quaedam
3060 4970 3302 5030 apparet.
3336 4962 3487 5028 Quod
3543 4962 3708 5032 enim,

2128 5050 2423 5105 secundum
2457 5064 2573 5117 vos,
2607 5065 2709 5104 non
2734 5058 2871 5117 erat,
2907 5049 2959 5105 id
2984 5058 3172 5120 postea
3197 5050 3371 5105 factus
3386 5062 3488 5105 est.
3516 5052 3586 5105 At
3613 5066 3711 5104 na-

2129 5150 2247 5194 tura
2298 5140 2478 5195 divina
2530 5141 2734 5196 nullam
2801 5142 3230 5197 immutationem
3284 5142 3540 5205 admittit.
3591 5141 3709 5198 Non

2128 5231 2291 5300 igitur
2318 5230 2425 5284 Deo
2455 5232 2703 5303 contigit,
2731 5243 2789 5287 ut
2822 5232 2975 5288 lieret
3005 5233 3181 5295 Pater,
3235 5234 3330 5296 sed
3379 5233 3610 5288 Verbum
3643 5250 3715 5290 ex

2128 5323 2246 5393 ipso
2284 5324 2637 5396 progrediens
2678 5339 2893 5393 semper
2933 5341 3055 5380 cum
3115 5325 3205 5378 illo
3230 5323 3349 5386 fuit,
3397 5335 3457 5378 ut
3482 5325 3534 5378 in
3586 5325 3727 5395 igne-

2130 5414 2403 5480 caliditas,
2444 5429 2566 5484 qua:
2622 5429 2688 5471 ex
2736 5414 2859 5485 igne
2899 5414 3222 5486 prmeniens
3256 5428 3377 5469 eum
3431 5414 3523 5469 illo
3565 5429 3712 5470 sem-

2130 5521 2226 5578 per
2263 5506 2503 5562 exsistit.
2622 5488 2630 5495 ’

2674 5601 2926 5671 Ejusdem
2961 5609 3009 5654 et
3040 5600 3168 5654 htec.
3694 5608 3704 5621 ‘

2201 5692 2257 5751 Si
2287 5693 2451 5762 Deus,
2502 5692 2773 5769 inquiunt,
2816 5695 2986 5751 insua
3039 5694 3385 5765 alllpilLUtiiim
3443 5688 3717 5766 perlectus
