4042 6204
413 324 519 387 659

1660 320 2050 382 EUTIIYMII
2095 320 2458 382 ZIGABENI

3579 325 3679 387 om

414 452 519 504 t'sl,
564 445 616 490 et
665 436 795 491 nihil
854 436 1007 491 deest
1068 447 1273 490 natune
1302 436 1494 506 ipsius,
1544 448 2002 505 supervacaneum

2112 434 2374 505 λειότητι,
2399 436 2492 489 καὶ
2557 434 2711 489 οὐδὲν
2750 434 2989 488 ἐλλείπει
3032 434 3168 507 πρὶς
3204 434 3361 489 τοῦτο
3395 435 3457 488 τὸ
3500 439 3679 505 φύσει,

414 543 516 595 est,
576 530 767 586 Filium
797 541 1049 602 tanquam
1103 529 1398 584 divinitatis
1448 528 1565 599 ejus
1621 528 2003 597 plenitudinem

415 625 727 696 adjungere.

970 710 1230 780 Ejusdem
1256 718 1306 765 et
1331 709 1465 763 hare.

484 804 758 859 Perfectus
822 804 1037 873 quidem
1102 812 1187 859 est
1272 803 1435 858 Pater
1508 802 1561 857 in
1648 800 2007 873 amplitudine

418 896 649 962 propria,
719 909 817 948 nec
879 894 1038 959 ullus,
1107 896 1195 965 qui
1262 896 1463 963 sapiat,
1578 898 1678 951 hoc
1766 896 2003 962 negabit,

418 988 514 1040 sed
553 986 823 1059 perfectus
866 997 970 1053 est,
1008 1004 1113 1042 non
1175 990 1299 1058 quia
1377 988 1519 1043 Deus
1548 989 1723 1044 solum
1777 998 1881 1052 est,
1911 989 2007 1043 sed

418 1079 581 1131 wiam
616 1076 795 1131 Pater.
855 1078 1007 1146 Quod
1058 1079 1104 1134 si
1144 1080 1217 1134 illi
1272 1082 1543 1137 ademeris
1632 1089 1691 1134 ut
1734 1080 1891 1134 Pater
1911 1081 2005 1145 sit,

420 1169 615 1225 divinae
668 1180 872 1224 natura:
924 1171 1075 1226 tolles
1134 1171 1548 1237 fecunditatem,
1607 1188 1707 1227 nec
1778 1173 2008 1244 amplius

420 1258 807 1325 perfectionem
860 1260 1097 1326 habebit,
1167 1261 1211 1315 si
1278 1261 1419 1316 desit
1446 1262 1521 1316 illi
1584 1262 1837 1332 gignendi
1883 1263 2005 1328 vis;

423 1351 721 1407 fecunditas
760 1368 889 1419 ergo
955 1352 1303 1422 perreCIionis
1360 1353 1613 1425 indicium
1667 1362 1769 1419 est,
1832 1365 1888 1408 et
1921 1353 2009 1408 Fi-

422 1448 526 1501 lius
560 1463 588 1501 a
616 1445 777 1500 Patre
841 1446 958 1501 sine
994 1456 1231 1515 tempore
1278 1447 1495 1515 genitus
1537 1447 1777 1503 declarat
1834 1448 2007 1517 ipsum

421 1552 541 1592 esse
570 1538 892 1608 perfectum.

980 1628 1237 1698 Ejusdem
1268 1638 1317 1681 et
1350 1631 1479 1685 hac.

492 1721 547 1775 Si
585 1721 760 1777 Patris
794 1720 1041 1775 essentia:
1098 1730 1287 1774 natura
1345 1737 1448 1775 non
1480 1720 1656 1782 adest.
1721 1728 1778 1774 ut
1809 1719 2005 1775 Filium

424 1823 679 1880 tanquam
710 1810 942 1866 fructum
994 1811 1158 1865 arhor
1209 1809 1435 1867 fecunda
1490 1810 1695 1881 gignat,
1757 1822 1923 1883 atque
1953 1820 2012 1865 ut

419 1917 539 1956 eum
570 1916 675 1955 non
715 1901 919 1971 gignat,
944 1900 1182 1968 perfecta
1216 1909 1391 1955 tamen
1419 1911 1521 1965 est,
1555 1916 2010 1969 supervacaneum

423 1994 522 2047 ιιςιι
577 1990 679 2046 hoc
711 1991 784 2044 illi
845 1990 1067 2046 addere.
1127 1990 1242 2045 lmo
1291 2006 1419 2045 vero
1478 1992 1579 2046 hoc
1617 1992 1708 2045 illa
1759 1991 2009 2061 indiguit.

420 2080 704 2149 Quomodo
737 2090 915 2136 autem
945 2082 1217 2151 perfectus
1266 2081 1359 2148 sit,
1392 2081 1480 2149 qui
1511 2083 1690 2151 aliqua
1745 2093 1870 2151 eget
1904 2098 1960 2137 re
1988 2082 2011 2136 3

419 2177 525 2232 Λιιι
552 2173 824 2245 quomodo
852 2174 1147 2228 absurdum
1210 2188 1321 2227 non
1369 2182 1473 2235 est,
1536 2183 1744 2229 natura:
1786 2173 2009 2238 divinas,

421 2265 576 2337 quasi
604 2275 794 2320 natura
849 2264 1235 2334 perfectionem
1278 2280 1383 2322 non
1448 2266 1663 2334 haheat,
1714 2268 2008 2338 quidquam

422 2359 713 2429 adiungere
730 2357 752 2411 2

782 2449 866 2504 Ea:
893 2451 1064 2519 capite
1084 2460 1228 2506 sexto
1252 2452 1489 2520 ejusdem
1512 2452 1650 2507 libri.

493 2546 893 2618 Cogitationem
919 2552 1092 2609 tuam,
1124 2542 1208 2597 vir
1234 2544 1459 2613 Optime,
1490 2560 1785 2616 parumper
1829 2561 1861 2601 ιι
1885 2561 2007 2601 cor-

422 2638 645 2712 poribus
674 2644 729 2691 et
780 2648 1064 2705 corporum
1123 2630 1499 2691 allectionibus
1538 2651 1755 2697 revoca.
1806 2638 2009 2693 Debeo

422 2730 564 2786 enim
593 2726 749 2784 nobis
779 2734 862 2781 est
884 2738 1082 2781 sermo.
1116 2723 1193 2779 Ne
1229 2724 1469 2795 Opiueris
1508 2725 1675 2781 Deum
1728 2726 2007 2781 hominum

426 2836 574 2877 more
617 2818 921 2887 parientem
969 2816 1115 2871 ﬂuxu
1165 2816 1423 2884 diminui,
1458 2832 1560 2873 nec
1618 2831 1777 2887 posse
1814 2832 2009 2886 parere

425 2915 540 2968 sine
565 2909 917 2973 detrimento,
952 2909 1127 2963 autin
1174 2906 1413 2962 Veritum
1443 2922 1510 2964 ex
1563 2924 1623 2964 se
1685 2911 2010 2979 proveniens

424 2998 822 3071 quodammodo
880 2997 1071 3053 dividi.
1128 2996 1264 3063 Quid
1302 2999 1446 3052 enim
1514 3000 1614 3055 hac
1664 3003 2005 3057 exsecranda

2112 527 2383 598 περιττῶς
2411 527 2486 589 ὡς
2521 526 2797 597 πλήρωμα
2843 526 2939 597 τῆς
2975 525 3235 591 θεόττπτος
3272 527 3441 581 αὑτοῦ
3484 530 3512 580 ὁ
3552 529 3677 591 Υἱὸς

2112 619 2521 689 ἐπεισφέρεται.

2727 715 2833 768 Kal
2866 712 3061 767 τοῦτο.

2184 804 2405 867 Τέλειος
2442 805 2542 874 μὲν
2571 806 2600 858 ὁ
2628 806 2819 877 Πατὴρ
2856 807 2915 859 ὲν
2958 809 3023 877 τῇ
3062 806 3227 860 αὐτοῦ
3276 809 3678 879 μεγαλειότητι,

2115 897 2212 951 καὶ
2238 898 2341 951 οὐκ
2372 897 2440 951 ἄν
2478 915 2562 962 τις
2586 898 2743 952 τοῦτο
2768 898 2879 951 τῶν
2913 894 2971 952 εὗ
3000 900 3347 970 φρονούντων
3378 900 3681 972 ὲξαρνήση-

2110 1006 2200 1047 ται
2220 1008 2235 1022 ·
2267 992 2473 1054 τέλειος
2489 991 2566 1058 δὲ,
2593 993 2691 1063 οὐχ
2714 992 2795 1045 ὅτι
2828 993 2991 1063 μόνον
3023 991 3139 1046 ἐστὶ
3161 992 3314 1056 Θεὸς.
3345 993 3463 1048 ἀλλ’
3485 995 3568 1048 ὅτι
3587 996 3680 1047 καὶ

2111 1083 2318 1152 Πατήρ,
2348 1084 2410 1136 El
2444 1082 2551 1154 γὰρ
2605 1083 2813 1154 ἀφέλῃς
2858 1083 2955 1136 τοῦ
2994 1084 3132 1137 Θεοῦ
3172 1085 3235 1137 τὸ
3266 1080 3408 1138 εἶναι
3444 1086 3680 1155 Πατέρα,

2111 1173 2430 1244 ἀναιρήσεις
2485 1176 2585 1245 τῆς
2624 1177 2752 1246 μιᾶς
2797 1176 3013 1245 φύσεως
3061 1175 3124 1229 τὸ
3183 1177 3560 1245 καρπογόνον,
3597 1176 3681 1231 ῐνα

2115 1264 2314 1333 μηκέτι
2338 1264 2399 1317 τὸ
2416 1264 2621 1319 τέλειον
2646 1265 2770 1337 ἔχῃ,
2808 1266 3091 1330 λείποντος
3151 1268 3300 1338 αὑτῷ
3336 1268 3433 1321 τοῦ
3466 1272 3679 1341 γεννᾷν.

2113 1355 2409 1427 Γνώρισμα
2435 1358 2614 1411 τοίνυν
2645 1358 2745 1425 τῆς
2774 1357 3109 1427 τελειότητος
3143 1362 3177 1430 ἡ
3213 1362 3682 1430 καρπογονία,κ]ιὶ

2113 1446 2349 1517 σφραγὶς
2376 1446 2452 1516 τῷ
2497 1449 2672 1517 Πατρὶ
2725 1447 2819 1500 τοῦ
2873 1443 3017 1502 εἶναι
3078 1450 3293 1503 τέλειον
3329 1454 3357 1505 ὁ
3416 1452 3474 1513 δε
3516 1452 3682 1506 αὐτοῦ

2114 1538 2319 1609 προῖὼν
2345 1539 2587 1608 ἀχρόνως
2619 1540 2765 1603 Υίός.

2729 1633 2838 1688 Kal
2869 1635 3068 1693 τοῦτο.

2188 1720 2253 1774 El
2295 1718 2371 1791 μὴ
2402 1719 2543 1774 κατὰ
2577 1720 2739 1787 φύσιν
2763 1724 3029 1792 πρόσεστι
3063 1727 3129 1796 τῇ
3158 1724 3253 1777 τοῦ
3286 1724 3501 1793 Πατρδς
3526 1723 3685 1795 οὐσίᾳ

2115 1809 2173 1864 τὸ
2208 1809 2788 1879 καρπογόνον,τὲλιιος
2802 1813 2860 1865 δέ
2876 1814 2993 1866 ἐστι
3020 1815 3114 1867 καὶ
3143 1813 3266 1884 δίχα
3288 1814 3385 1867 τοῦ
3415 1812 3676 1867 δύνασθαι

2119 1902 2330 1970 γεννᾷν,
2368 1902 2624 1971 περιττὸν
2666 1904 2774 1971 ἄρα
2831 1904 2925 1957 καὶ
2954 1903 3285 1959 ἐπείσακτον
3315 1906 3466 1970 αὐτῷ
3492 1906 3684 1974 γέγονε

2114 1994 2293 2056 τοῦτο,
2336 1993 2538 2062 μᾶλλον
2563 1993 2619 2046 δὲ
2654 1994 2852 2064 ἐδεήθη
2896 1996 3111 2051 τούτου.
3148 1999 3255 2051 Καὶ
3290 1998 3405 2059 πῶς
3432 2000 3549 2050 ἑστι
3591 1998 3682 2051 τέ-

2114 2083 2252 2145 λειος
2272 2086 2299 2136 ό
2318 2083 2532 2154 δεηθείς
2560 2068 2739 2149 tivo};
2770 2084 2894 2149 Πῶς
2923 2086 2979 2138 δὲ
2997 2088 3097 2139 οὐκ
3128 2087 3332 2141 ἄτοπον
3361 2088 3424 2141 τὸ
3452 2088 3681 2143 ἐπεισά-

2114 2174 2311 2244 γεσθαί
2334 2191 2388 2229 τι
2412 2178 2477 2246 τῇ
2513 2175 2634 2246 θεία
2673 2176 2863 2245 φύσει,
2905 2175 2981 2241 ὡς
3005 2177 3109 2231 οὐκ
3152 2178 3353 2249 ἐχούσῃ
3384 2180 3448 2231 τὸ
3475 2180 3684 2232 τέλειον

2112 2265 2171 2332 ἐξ
2199 2266 2401 2336 ἑαυτῆς
2432 2266 2678 2335 φυσικῶς
2698 2283 2714 2332 ;

2227 2442 2362 2497 Ἀπὸ
2389 2442 2494 2497 τοῦ
2520 2448 2575 2507 ς’
2604 2444 2939 2512 κεφαλαίου
2970 2442 3074 2497 τοῦ
3096 2443 3284 2498 αὑτοῦ
3304 2442 3573 2508 βιϐλίου.

2179 2534 2411 2605 Μικρὸν,
2455 2529 2501 2590 ὦ
2536 2534 2807 2604 βέλτιστε,
2858 2536 3054 2591 σαυτὸν
3098 2537 3211 2590 ἀνω
3247 2537 3514 2603 σωμάτων
3561 2536 3677 2606 ἔχε,

2109 2628 2203 2682 καὶ.
2236 2625 2347 2679 τῶν
2376 2626 2598 2697 περὶτὰ
2638 2625 2869 2697 σώματα
2910 2626 3124 2681 παθῶν.
3178 2626 3313 2697 Περὶ
3348 2625 3478 2677 Θεοῦ
3510 2627 3619 2694 γὰρ
3645 2626 3675 2678 ό

2107 2719 2285 2786 λόγος.
2321 2717 2384 2771 El
2414 2717 2523 2787 γὰρ
2539 2716 2641 2770 οίει
2669 2717 2925 2785 καθάπερ
2953 2717 3245 2788 ἄνθρωπον
3274 2716 3518 2769 τίκτοντα
3538 2715 3672 2767 Θεὸν

2106 2810 2467 2867 ἐλαττοῦσθαί
2497 2827 2616 2874 πως
2648 2810 2771 2872 ταῖς
2821 2808 3165 2881 ἀπορῤοίαις,
3224 2805 3318 2860 καὶ
3354 2806 3479 2876 δίχα
3528 2807 3676 2869 τινος

2107 2901 2313 2972 ζημίας
2348 2901 2425 2973 μὴ
2449 2900 2714 2956 δύνασθαι
2743 2899 2902 2955 τοῦτο
2941 2901 3134 2964 ποιεῖν,
3181 2897 3540 2968 μεριζόμενον
3571 2896 3673 2948 ὥσ.

2108 3012 2215 3065 περ
2246 2994 2339 3046 τὸν
2362 2994 2421 3060 ἐξ
2447 2993 2612 3047 αὐτοῦ
2643 2993 2976 3063 προελθόντα
3018 2992 3211 3059 Λόγον,
3242 2989 3294 3043 τι
3324 2988 3560 3043 κωλύσει
3581 2988 3681 3055 τὴν

429 3095 638 3151 ratione
662 3090 969 3159 prohibebit
990 3089 1042 3143 in
1073 3089 1295 3158 reliquis
1321 3091 1507 3156 etiam,
1538 3107 1656 3162 qua:
1691 3092 1785 3149 llle
1815 3095 1997 3160 habet,

2110 3086 2283 3156 αὐτὴν
2306 3087 2613 3155 ἐπαγαγεῖν
2639 3084 2993 3155 βλασφημίαν
3020 3085 3113 3137 καὶ
3148 3084 3257 3143 τοῖς
3286 3081 3467 3141 ἄλλοις
3510 3078 3681 3133 ἅπασι

426 3186 543 3241 uti?
565 3184 619 3239 Si
645 3184 787 3239 enim
837 3190 894 3236 ιιι
919 3182 1079 3237 homo
1107 3195 1226 3233 cum
1254 3184 1392 3235 ﬂuxu
1420 3184 1579 3251 parit,
1605 3185 1809 3241 creabit
1836 3187 1997 3241 etiam

427 3286 484 3330 ut
508 3275 670 3337 homo
687 3288 807 3327 cum
841 3272 1045 3328 labore.
1085 3270 1239 3338 Quod
1271 3271 1316 3325 si
1349 3273 1641 3329 absurdum
1677 3285 1791 3331 est:
1823 3292 2000 3348 neque

426 3373 570 3426 enim
599 3380 659 3425 ut
695 3370 854 3424 homo
882 3381 1063 3424 creat:
1103 3382 1202 3423 nec
1229 3368 1470 3438 profecto
1502 3371 1671 3441 gignit
1716 3382 1774 3429 ιιι
1814 3374 1998 3444 homo,

426 3463 519 3522 aed
554 3462 607 3516 in
664 3462 765 3517 hoc
816 3460 980 3515 etiam
1027 3469 1274 3521 naturam
1313 3462 1551 3519 hominis
1602 3477 1841 3535 superat,
1886 3469 2002 3525 sine

427 3554 688 3613 divisione
718 3553 1019 3624 signarunt
1047 3552 1206 3619 Deus.

961 3726 1210 3797 Ejusdem
1239 3738 1287 3781 et
1317 3729 1447 3784 have.

505 3824 663 3882 Pater
694 3823 887 3879 Filium
917 3838 981 3878 ex
1012 3823 1192 3893 seipso
1215 3824 1420 3893 absque
1453 3823 1723 3887 divisione
1770 3835 1865 3883 aut
1912 3826 1992 3880 in-

428 3913 661 3976 tervallo.
692 3914 962 3983 produxit,
1004 3913 1462 3983 quemadmodum
1510 3922 1563 3971 et
1616 3912 1707 3973 sol
1745 3914 1996 3982 splendo-

433 4023 546 4065 rem
572 4021 634 4061 ex
684 4020 744 4062 se
791 4004 1072 4061 emissum.
1116 4004 1375 4071 Quamvis
1418 4004 1672 4073 splendor
1706 4005 1840 4061 solis
1886 4022 1992 4060 non

431 4099 629 4155 haheat
678 4096 951 4167 propriam
998 4095 1355 4166 hypostasim,
1392 4107 1566 4162 neque
1604 4094 1844 4163 perfecte
1881 4095 1997 4165 ipse

2106 3180 2225 3241 τοῖς
2257 3176 2553 3247 προσοῢσιν
2595 3176 2782 3245 αὒτῷς
2830 3177 2891 3229 El
2914 3176 3022 3247 γὰρ
3060 3176 3135 3232 ὡς
3181 3174 3471 3246 ἄνθρωπος
3508 3175 3680 3227 τίκτει

2108 3269 2368 3341 ρευστῶς,
2432 3269 2825 3339 δημιουργήσει
2880 3269 2975 3321 καὶ
3047 3267 3122 3331 ὡς
3186 3268 3477 3333 ἄνθρωπος
3540 3264 3678 3333 μετὰ

2110 3362 2293 3414 πόνου.
2329 3361 2389 3413 Εἰ
2413 3360 2468 3413 δὲ
2495 3358 2652 3413 τοῦτο
2679 3362 2878 3415 ἄτοπον
2904 3378 2917 3391 ·
2951 3360 3014 3412 οὐ
3048 3360 3155 3428 γὰρ
3176 3357 3252 3419 ὡς
3279 3355 3564 3427 ἄνθρωπος
3582 3354 3681 3421 δη-

2113 3454 2364 3523 μιουργιί
2381 3468 2394 3481 ·
2426 3451 2545 3506 οὐδὲ
2571 3451 2647 3515 ὡς
2678 3452 2773 3506 ἄνθ
2786 3468 2966 3524 ρωπος
2989 3451 3097 3523 ἄρα
3122 3451 3397 3518 γεννήσει,
3423 3446 3559 3499 ἀλλὰ
3580 3445 3681 3514 τὴν

2108 3545 2400 3618 ἀνθρώπου
2432 3545 2593 3617 φύσιν
2619 3547 2719 3599 κάν
2760 3545 2934 3615 τούτῳ
2974 3544 3137 3597 πάλιν
3179 3540 3672 3611 ὑπεραναεήσεται

2109 3655 2317 3705 γεννων
2344 3636 2657 3709 ἀμερίστως
2688 3638 2762 3699 ὼς
2792 3637 2946 3700 Θεός.

2715 3734 2823 3789 Kal
2856 3732 3054 3789 τοῦτο.

2180 3832 2241 3887 Ὀ
2269 3830 2456 3902 Πατὴρ
2489 3829 2786 3901 ἐξέλαμψεν
2834 3828 2893 3895 ἐξ
2933 3828 3128 3884 ἑαυτοῦ
3158 3828 3250 3884 τὸν
3300 3826 3432 3883 Υίδν
3478 3826 3660 3897 ἀμερι-

2100 3938 2239 3985 στως
2278 3937 2339 3973 τε
2377 3921 2470 3979 καί
2498 3919 2853 3983 ἀδιαστάτως,
2896 3918 3085 3989 ὥσπερ
3122 3913 3214 3971 οὖν
3243 3917 3335 3970 καὶ
3370 3918 3398 3970 ὁ
3424 3916 3573 3987 ἥλιος
3610 3914 3667 3967 τὲ

2099 4008 2157 4074 ἐξ
2195 4007 2362 4062 αὐτοῦ
2404 4008 2754 4078 πεμπόμενον
2796 4008 3160 4076 ἀπαύγασμα.
3198 4006 3335 4059 Ἀλλ’
3368 4006 3543 4058 ἐκεῖνο
3575 4004 3673 4074 μὲν

2096 4100 2197 4153 οὐκ
2242 4098 2607 4152 ίδιοσύστατον
2648 4096 2768 4151 οὐδὲ
2796 4097 2893 4168 τὴν
2925 4097 3112 4150 οὐσίαν
3142 4095 3351 4157 ἐντελὲς
3384 4094 3514 4147 αὐτὸ
3547 4091 3671 4146 καθ’

432 4190 485 4243 iu
529 4188 709 4259 seipse
743 4190 978 4242 essentia
1026 4187 1099 4240 sit
1134 4204 1147 4240 :
1201 4187 1362 4241 habet
1395 4185 1540 4240 enim
1585 4200 1743 4241 suum
1775 4199 1896 4241 esse
1942 4187 1994 4241 in

2106 4190 2262 4244 αὑτό·
2296 4189 2409 4259 ἕχει
2462 4188 2569 4260 γὰρ
2616 4190 2673 4242 ὲν
2715 4186 2791 4259 τῷ
2827 4186 2964 4257 ἡλίῳ
3003 4186 3063 4240 τὸ
3109 4182 3282 4239 εἶναι’
3320 4184 3381 4237 τὸ
3425 4184 3481 4237 δὲ
3530 4184 3675 4236 θεῖον

432 4278 574 4343 sole;
622 4277 864 4331 divinum
910 4291 1039 4330 vero
1086 4277 1332 4345 genimen
1381 4277 1481 4331 hoc
1533 4285 1742 4331 tantum
1785 4290 1850 4332 ex
1892 4277 1995 4336 hoc

2106 4279 2342 4351 γέννημα
2392 4280 2551 4351 μόνον
2602 4278 2725 4349 ἔχον
2772 4278 2838 4331 ὲκ
2880 4276 2973 4331 τοῦ
3023 4276 3467 4347 παραδείγματος
3500 4273 3560 4325 τὸ
3608 4274 3676 4326 ἐκ

430 4368 674 4441 exemplo
702 4368 860 4422 habet
906 4367 1046 4435 quod
1090 4380 1155 4421 ex
1198 4366 1359 4421 Patre
1399 4367 1655 4436 procedat
1696 4366 1833 4421 citra
1862 4366 1997 4422 divi-

2106 4369 2308 4440 Πατρδς
2339 4367 2618 4440 προελθεῖν
2661 4366 2973 4437 ἀμερίστως
3004 4365 3099 4418 καὶ
3144 4364 3500 4423 ἁδιαστάτως,
3540 4360 3676 4413 ἰδίαν

430 4462 637 4519 sionem
669 4458 829 4513 ullam
870 4466 924 4514 et
949 4458 1155 4528 absque
1194 4458 1392 4528 spatio,
1422 4459 1804 4527 propriamque
1836 4459 1997 4513 habet

430 4549 765 4625 liypostasim
794 4563 900 4605 non
928 4557 1233 4618 separatam
1275 4562 1304 4601 a
1330 4546 1509 4612 Patre,
1542 4549 1636 4604 sed
1669 4548 1722 4603 in
1747 4548 1908 4603 Patre
1942 4558 1998 4604 et

429 4658 549 4700 cum
602 4639 765 4697 Patre
803 4638 1129 4694 intellectam
1176 4647 1338 4707 atque
1392 4638 1764 4694 exsistentem.
1810 4638 1997 4694 Dicere

429 4742 610 4791 autem
650 4732 942 4789 sectionem
999 4740 1051 4785 et
1095 4730 1420 4785 decisionem
1466 4730 1520 4784 in
1550 4730 1728 4785 divina
1782 4744 1997 4799 genera-

429 4826 576 4882 tione
601 4820 800 4880 factam
827 4822 1013 4886 fuisse,
1048 4820 1300 4881 immanis
1334 4818 1556 4875 insaniae
1591 4828 1673 4874 est
1704 4820 1997 4873 documen-

429 4924 563 4971 tum.
594 4911 725 4969 Cum
757 4911 898 4969 enim
924 4911 1176 4965 divinitas
1210 4909 1327 4965 loco
1360 4926 1464 4965 non
1489 4907 1991 4971 circumscribatur,

427 5020 498 5063 ne
528 5005 578 5062 id
601 5004 817 5076 quidem
849 5003 1081 5072 quodex
1108 5017 1173 5058 eo
1191 5002 1435 5071 procedit
1460 5001 1511 5055 in
1545 5000 1662 5055 loco
1698 4998 1822 5053 erit.
1842 4998 1992 5065 Quod

424 5111 558 5155 vero
580 5110 753 5169 neque
779 5095 829 5151 in
867 5097 983 5149 loco
1011 5104 1116 5160 est,
1146 5110 1322 5163 neque
1355 5108 1473 5147 esse
1502 5100 1699 5169 potest,
1729 5090 1997 5160 quomodo

428 5190 664 5263 separari
690 5188 900 5259 potest?
920 5187 1165 5257 Quonam
1193 5188 1336 5245 enim
1363 5184 1459 5241 ibit
1482 5168 1626 5255 quod
1650 5193 1856 5240 sectum
1878 5180 1997 5235 est?

427 5290 521 5339 aut
546 5295 576 5335 ο
612 5294 719 5351 quo
746 5280 797 5334 in
822 5294 983 5350 quem
1015 5274 1414 5335 tutusl'eretur?
1442 5272 1558 5329 haec
1584 5272 1849 5343 siquidem
1877 5285 1998 5325 cor-

430 5386 618 5443 porum
669 5377 795 5427 sunt
842 5368 1057 5440 proprii
1088 5410 1101 5431 ,
1149 5366 1217 5421 ab
1272 5365 1591 5433 incorporea
1643 5377 1770 5423 vero
1807 5372 1995 5416 natura

428 5476 651 5535 prorsus
698 5461 896 5517 aliena.
942 5461 1015 5513 he
1067 5459 1230 5530 igitur
1266 5457 1429 5527 impie
1460 5457 1512 5510 in
1561 5457 1740 5511 divina
1770 5470 2001 5529 genera-

432 5552 578 5607 tione
628 5546 911 5611 deﬂuxus.
970 5565 1065 5619 sep
1105 5547 1366 5616 rationes,
1434 5556 1598 5616 atque
1656 5546 1740 5602 his
1805 5546 2002 5601 similia

431 5639 937 5697 comminiscentur.
979 5638 1243 5710 Suprema
1296 5637 1438 5693 enim
1486 5636 1574 5693 illa
1615 5637 1855 5698 ornuium
1902 5650 2000 5690 na-

432 5740 555 5791 tura
579 5729 710 5789 nulli
738 5730 993 5802 passiuui,
1032 5730 1355 5803 separationi
1394 5740 1483 5785 aut
1515 5727 1740 5786 sectioni
1792 5737 1873 5785 est
1903 5727 2001 5784 ob-

2098 4459 2210 4530 εχει
2245 4459 2342 4529 τὴν
2376 4458 2608 4531 ὕπαρξιν
2637 4457 2697 4511 οὐ
2732 4455 3145 4526 κεχωρισμένην
3171 4454 3265 4507 τοῦ
3294 4453 3526 4525 Πατρδς,
3560 4447 3675 4504 ἀλλ’

2098 4553 2156 4604 ὲν
2190 4550 2363 4619 Πατρὶ
2393 4549 2487 4601 καὶ
2521 4547 2657 4617 μετὰ
2684 4546 2894 4619 Πατρδς
2937 4545 3235 4615 νοουμένην
3269 4543 3365 4597 καὶ
3402 4545 3677 4613 ὑπάρχου-

2101 4658 2220 4696 σαν.
2248 4640 2320 4693 Τὸ
2347 4640 2405 4693 δὲ
2441 4640 2618 4705 λέγειν
2662 4639 2743 4692 ὅτι
2777 4637 2915 4707 τομὴ
2970 4637 3064 4691 καὶ
3112 4626 3364 4706 ἀπόκοπὴ
3410 4636 3536 4704 περὶ
3578 4633 3678 4703 τὴν

2098 4734 2350 4807 γέννησιν
2398 4733 2562 4788 αὑτοῦ
2622 4732 2847 4801 γέγονε,
2904 4730 3099 4803 μανίας
3157 4730 3394 4800 ἀμέτρου
3453 4728 3679 4798 σημεῖόν

2098 4826 2264 4881 ἐστιν,
2307 4824 2524 4895 Ἐπειδὴ
2579 4825 2686 4894 γὰρ
2734 4824 2834 4877 οὐκ
2867 4825 2922 4876 ὲν
2970 4821 3122 4891 τόπῳ
3178 4820 3567 4891 περιείληπται
3620 4817 3679 4871 τὸ

2100 4915 2264 4978 θεῖον,
2304 4915 2421 4971 οὐδὲ
2450 4918 2507 4968 ὲν
2538 4920 2687 4991 τόπῳ
2717 4914 2941 4986 τοιούτῳ
2970 4914 3030 4968 τὸ
3066 4912 3125 4978 ἐξ
3156 4912 3340 4966 αὐτοῦ.
3388 4911 3462 4963 Τὸ
3508 4910 3566 4962 δὲ
3602 4909 3678 4980 μὴ

2098 5004 2157 5060 ὃν
2188 5006 2247 5060 ἐν
2275 5006 2442 5075 τόπῳ,
2486 5005 2518 5077 ἢ
2552 5008 2643 5059 καὶ
2679 5005 2755 5077 μὴ
2800 5000 2937 5058 εἶναι
2981 5005 3298 5074 δυνάμενον,
3335 5001 3452 5063 πῶς
3498 5000 3679 5052 ἐπιδέο

2100 5113 2251 5169 χεται
2296 5095 2560 5168 μερισμόν
2574 5115 2591 5161 ;
2637 5097 2736 5150 Ποῖ
2796 5096 2903 5166 γὰρ
2942 5095 3184 5166 χωρήσει
3212 5095 3273 5146 τὸ
3306 5092 3677 5162 τεμνόμενον;

2101 5189 2133 5262 ἢ
2162 5191 2227 5244 ὲκ
2253 5188 2394 5253 τίνος
2420 5189 2497 5252 εἰς
2526 5190 2578 5241 τί
2611 5189 2990 5260 μετοιχήσεται
3018 5205 3033 5253 ;
3063 5185 3238 5240 ταῦτα
3266 5184 3374 5254 γὰρ
3411 5184 3679 5253 σωμάτων

2105 5280 2203 5351 μὲν
2235 5279 2373 5343 ίδια,
2407 5280 2505 5349 τῆς
2547 5279 2605 5333 δὲ
2634 5279 2926 5350 ἀσωμάτου
2963 5278 3176 5348 φύσεως
3220 5273 3499 5336 παντελῶς
3528 5272 3681 5326 ἁλλό-

2100 5387 2246 5442 τρια.
2282 5370 2374 5441 Μὴ
2404 5371 2582 5425 τοίνυν
2607 5369 2881 5433 δυσσεϐῶς
2913 5366 3343 5422 ἀναπλάττωσάν
3374 5381 3520 5426 τινες
3555 5362 3682 5431 περὶ

2100 5463 2202 5535 τὴν
2244 5461 2396 5519 θείαν
2442 5462 2692 5533 γέννησιν
2733 5462 2831 5524 τάς
2857 5478 2917 5514 τε
2971 5462 3311 5530 καλουμένας
3343 5452 3678 5528 ἀπορροίας,

2104 5553 2199 5608 καὶ
2235 5560 2556 5625 μερισμοὺς,
2602 5554 2696 5606 καὶ
2726 5554 2825 5607 ὅσα
2861 5552 2998 5623 πρὸς
3038 5551 3211 5605 ταῦτα
3237 5549 3341 5620 τὴν
3362 5548 3680 5615 συγγένειαν

2105 5641 2237 5713 ἔχει.
2272 5644 2418 5698 Ἀνω
2465 5644 2574 5713 γὰρ
2610 5641 2814 5705 πάθους
2848 5640 2944 5695 καὶ
2980 5640 3251 5713 μερισμοῦ
3283 5640 3375 5693 καὶ
3408 5637 3606 5708 τομῆς,
3645 5634 3679 5703 ἡ

2104 5733 2210 5787 τῶν
2246 5734 2457 5788 πάντων
2498 5733 2865 5805 ὑπερκειμένη
2898 5732 3079 5804 φύσις,
3109 5733 3201 5785 καὶ
3239 5732 3337 5785 οὐκ
3372 5727 3678 5791 ὲκιδέξεται
