4042 6204
308 281 409 349 651

1280 246 1660 345 Panormi
1704 284 2162 346 noon-mea.
2203 309 2267 320 —-
2310 285 2459 347 TiT.
2499 284 2605 345 Xi.

3454 290 3561 353 662

306 402 371 454 τὶ
417 399 690 468 σωμάτων
722 397 851 453 [δια.
893 396 1036 451 Ἀλλ’
1077 395 1265 467 ὥσπερ
1293 398 1620 467 δημιουργεῖ
1646 397 1885 466 παραδόο

1993 401 2176 463 ιιιιιιῑιι,
2239 414 2414 468 neque
2465 413 2759 468 corporum
2801 398 3162 467 proprietates
3204 401 3418 470 recipit.
3458 403 3561 459 Sed

303 490 425 556 ξως,
445 489 507 541 οὑ
536 488 677 541 κατά
705 488 794 540 τὸν
817 487 914 556 τῆς
940 485 1252 556 κρατούσης
1285 487 1417 557 παρ’
1440 490 1573 556 ἡμῖν
1599 488 1888 557 συνηθείας

304 585 495 653 νόμον,
527 582 673 637 οὕτω
713 582 806 635 καὶ
836 582 1089 653 γεννήσει
1125 579 1189 635 τὸ
1216 581 1278 647 ἐξ
1300 581 1470 654 αὑτῆς
1500 582 1666 646 ξεί-,ως
1698 581 1730 652 ἢ
1762 580 1885 635 καθ’

255 688 260 695 '
303 677 480 748 ἡμῶν.

913 770 1024 824 Καὶ
1070 769 1267 825 τοῦτο.

381 862 442 916 '0
471 861 632 929 λόγος
676 860 834 925 οὗτος
873 863 902 915 ὁ
952 862 1291 932 προφορικὸς
1334 854 1378 928 ᾧ
1427 861 1769 934 κεχρήμεθα,
1803 862 1884 926 είς

301 955 424 1011 νοῦν
452 956 550 1010 καὶ
581 957 650 1010 ἐκ
675 954 768 1009 νοῦ
818 956 1100 1024 γεννᾶται,
1131 957 1227 1009 καὶ
1263 955 1413 1009 δοκεῖ
1449 955 1548 1027 μὲν
1583 956 1773 1025 ἕτερος
1803 951 1884 1011 εἷ-

300 1069 390 1107 ναι
419 1051 574 1123 παρὰ.
599 1050 691 1105 τδν
723 1050 783 1105 ὲν
808 1049 1008 1122 καρδίᾳ
1031 1051 1425 1121 στρεφόμενον,
1450 1050 1587 1105 καθὸ
1612 1052 1721 1116 ἔξω
1755 1052 1880 1105 στό-

307 1159 476 1213 ματος
529 1141 779 1210 γίγνεται
832 1140 1188 1210 πεμπόμενος
1236 1139 1429 1211 ὥσπερ
1460 1141 1523 1193 ἐκ
1569 1140 1770 1211 βάθους
1798 1144 1879 1206 είς

303 1234 440 1302 φῶς.
476 1234 635 1287 Ἐστι
656 1233 713 1286 δὲ
741 1232 908 1287 πάλιν
931 1232 992 1287 ὲν
1018 1233 1188 1305 αὑτῷ,
1220 1235 1319 1287 καὶ
1345 1222 1531 1304 ὅμοιος
1560 1233 1710 1306 αὑτῷ
1743 1236 1883 1290 κατὰ.

306 1325 500 1379 πάντα.
544 1325 701 1377 Ἔστι
738 1324 845 1394 γὰρ
875 1323 1003 1377 ἰδεῖν
1028 1324 1087 1378 ὲν
1118 1324 1266 1396 αὑτῷ
1294 1324 1437 1395 λόγῳ
1466 1324 1556 1379 τὸν
1597 1328 1654 1379 ὲν
1685 1326 1884 1398 καρδία

306 1417 574 1486 κληθέντα
596 1417 882 1487 λογισμὸν,
908 1418 1005 1472 καὶ
1025 1416 1189 1471 πάλιν
1214 1418 1272 1471 ὲν
1296 1417 1375 1488 τῷ
1400 1417 1475 1489 νῷ
1502 1416 1592 1471 τὸν
1616 1417 1774 1486 λόγον
1800 1418 1883 1471 ἔτι

306 1508 684 1579 σιωπώμενον.
714 1508 874 1564 υῦτω
910 1508 1006 1562 καὶ
1030 1510 1058 1563 ὁ
1095 1509 1219 1573 re;
1243 1510 1338 1563 τοῦ
1365 1509 1527 1575 Θεοῦ,
1560 1509 1881 1581 άμερζστως

306 1602 370 1655 ὲκ
415 1600 629 1673 Πατρδς
678 1600 980 1673 προελθὼν,
1024 1602 1314 1674 χαρακτήρ
1346 1605 1465 1658 ἐστι
1511 1602 1604 1657 καὶ
1633 1602 1886 1673 ὁμοίωμα

303 1693 691 1765 τῆςίδιότητος
725 1692 916 1761 αὑτοῦ,
936 1693 1110 1761 Λόγος
1142 1693 1220 1747 ὢν
1250 1693 1616 1758 ἐνυπόστατος
1648 1698 1743 1747 καὶ
1773 1694 1883 1758 ζῶν

304 1783 368 1836 ὲκ
398 1780 604 1847 ζῶντος
643 1784 877 1854 Πατρός.

927 1874 1035 1929 Καὶ
1066 1875 1259 1929 τοῦτο.

372 1968 563 2033 Οῦτως
624 1967 915 2038 ἐγέννησεν
964 1965 1025 2031 ἐξ
1077 1964 1272 2021 ἑαυτοῦ
1324 1963 1415 2017 τὸν
1464 1966 1588 2018 Υίὸν
1637 1967 1664 2016 ό
1699 1965 1888 2038 Πατὴρ

306 2058 650 2131 ἁμερίστως,
687 2057 763 2121 ὡς
797 2056 863 2110 ἂν
894 2056 944 2109 εἰ
988 2053 1444 2125 σοφὸςάποτέκοι
1490 2053 1666 2124 νόημα
1704 2052 1885 2122 σοφὸν,

307 2144 618 2215 μηχανικὴν
662 2144 846 2213 τυχὸν,
894 2143 1326 2214 ἢγεωμετρίαν,
1374 2142 1407 2213 ἦ
1453 2141 1638 2214 ἕτερόν
1678 2160 1731 2196 τι
1780 2142 1890 2196 τῶν

305 2235 581 2291 τοιούτων.
615 2237 772 2290 Δοκεῖ
807 2235 905 2306 μὲν
940 2235 1049 2308 γάρ
1088 2253 1207 2300 πως
1253 2234 1444 2305 σοφίας
1496 2231 1635 2289 εἶναι
1681 2236 1890 2307 καρπὸς

304 2327 371 2381 τὰ
418 2325 671 2390 τοιαῦτα,
704 2329 799 2379 καὶ
843 2326 1017 2390 οὑτως
1045 2326 1159 2398 ἔχει
1190 2324 1287 2398 τὴν
1323 2325 1514 2396 φύσιν·
1548 2326 1662 2379 ἀλλ’
1694 2326 1755 2379 οὑ
1790 2344 1887 2398 με-

308 2419 562 2490 μέρισται
591 2420 690 2488 τῆς
724 2418 914 2486 σοφίας
954 2420 987 2488 ἡ
1023 2417 1081 2485 ἐξ
1108 2417 1280 2489 αὑτῆς
1324 2417 1673 2487 ὲπινοηθεῖσα
1697 2418 1887 2489 τέχντγ

306 2509 418 2562 ἀλλ’
441 2508 593 2561 ἐστιν
625 2507 685 2574 ἐξ
720 2508 892 2577 αὐτῆς
931 2508 1026 2561 καὶ
1062 2508 1122 2564 ἐν
1154 2506 1292 2579 αὐτῇ
1324 2506 1423 2578 τὴν
1461 2506 1726 2562 τεκοῦσαν
1754 2508 1891 2573 ἐξει-

308 2599 621 2665 κονίζουσα,
660 2599 755 2653 καὶ
792 2600 1105 2670 ἀμερίστως
1131 2599 1319 2673 ἔτερόν
1350 2617 1402 2654 τι
1441 2602 1573 2671 παρ’
1606 2599 1777 2671 αὑτὴν
1810 2594 1890 2653 εἴ·

308 2708 394 2744 ναι
418 2688 675 2745 δοκοῦσα.
701 2690 885 2754 Οὑτως
909 2692 941 2760 ἡ
967 2689 1097 2743 Υίοῦ
1124 2691 1396 2760 γέννησις,
1425 2691 1736 2764 ἀμερίστως
1759 2686 1893 2746 οὖσα

310 2780 373 2832 ὲκ
416 2779 652 2850 Πατρδς,
681 2782 738 2833 ὲν
773 2781 876 2852 ἰδίᾳ
907 2780 1202 2834 ὑποστάσει
1250 2781 1503 2846 σώζεται,
1532 2783 1631 2853 τὴν
1664 2782 1757 2836 τοῦ
1790 2799 1895 2836 πα-

315 2871 671 2941 ραδείγματος
700 2872 1069 2943 ὑπεραίρουσα
1101 2873 1347 2943 δύναμιν.

1991 493 2455 562 quemadmodum
2524 501 2673 548 creat
2720 492 3077 555 mirabiliter,
3130 492 3399 561 longeque
3456 496 3563 549 alio

1990 599 2155 654 quam
2193 594 2379 639 nostra
2412 585 2753 640 consuetudo
2792 584 2895 639 fert
2928 584 3108 646 modo,
3148 584 3224 639 ita
3262 584 3429 640 etiam
3472 602 3563 655 ge-

1992 680 2145 725 nerat
2169 688 2235 727 ex
2267 688 2327 728 se
2358 673 2462 726 alia
2497 672 2709 728 ratione
2737 688 2901 744 quant
2937 689 3058 728 nos.

2520 766 2773 835 Ejusdem
2815 778 2863 822 et
2898 770 3027 823 lure.

2064 857 2259 912 Sermo
2288 862 2682 927 enuntiativus,
2719 878 2830 931 quo
2863 864 3091 927 utimur,
3126 865 3183 918 in
3213 872 3390 919 mento
3420 873 3473 920 et
3498 881 3562 919 ex

1991 960 2173 1006 tuente
2201 951 2467 1021 gignitur,
2502 965 2665 1023 atque
2693 954 2834 1009 alius
2871 955 3087 1022 quidem
3118 956 3327 1009 videtur
3353 971 3473 1009 esse
3495 956 3565 1010 ab
3626 966 3629 967 '

1988 1060 2055 1100 eo
2092 1045 2183 1113 qui
2224 1043 2279 1100 in
2316 1045 2484 1101 corde
2513 1046 2775 1115 agitatur,
2818 1056 3091 1116 quatenus
3114 1062 3267 1104 extra
3304 1063 3366 1103 os
3396 1049 3564 1104 velini

1987 1154 2018 1192 e
2050 1136 2292 1193 tenebris
2318 1137 2371 1192 in
2414 1138 2590 1194 lucem
2623 1140 2890 1195 emittitur
2921 1157 2936 1209 ;
2973 1150 3059 1197 est
3084 1151 3260 1196 autem
3292 1158 3484 1197 rursus
3510 1146 3561 1197 in

1989 1246 2077 1295 eo,
2103 1230 2409 1301 similisque
2455 1231 2503 1285 ei
2543 1241 2625 1287 est
2659 1245 2756 1301 per
2786 1234 2989 1287 omnia.
3038 1233 3095 1287 in
3132 1248 3385 1289 sermone
3416 1235 3562 1289 enim

1988 1323 2204 1377 videtur
2236 1323 2497 1393 cogitatio
2529 1324 2742 1392 cordis,
2779 1334 2834 1379 et
2864 1340 3059 1379 rursus
3090 1325 3143 1378 in
3179 1336 3359 1379 mente
3385 1341 3562 1379 sermo

1988 1417 2232 1470 nomium
2266 1416 2539 1486 loquendo
2567 1432 2888 1487 expressus.
2927 1417 3002 1471 Ita
3040 1418 3207 1471 etiam
3242 1415 3415 1471 F.lius
3446 1417 3563 1482 Dei,

1986 1510 2193 1577 alisque
2265 1508 2617 1577 separatione
2673 1524 2705 1563 e
2768 1511 2931 1563 Patre
3002 1511 3336 1579 procedens,
3428 1510 3566 1562 cha-

1990 1610 2170 1655 racter
2196 1609 2279 1655 est
2302 1612 2357 1655 et
2382 1616 2639 1669 expressa
2675 1603 2842 1669 figura
2880 1601 3232 1670 proprietatis
3257 1616 3371 1656 sua:
3394 1617 3410 1654 :
3435 1600 3567 1655 Ver-

1990 1694 2113 1748 bum
2151 1694 2298 1749 enim
2350 1704 2432 1749 est
2481 1694 2818 1764 ltypostatice
2876 1695 3149 1748 exsistens
3178 1702 3234 1749 et
3266 1695 3457 1749 vivens
3498 1710 3563 1748 ex

1994 1789 2112 1841 vivo
2142 1784 2323 1841 Patre.

2528 1876 2775 1945 Ejusdem
2816 1889 2863 1928 et
2906 1880 3032 1930 ,Iﬂ'f.

2066 1969 2142 2025 Ita
2175 1967 2361 2037 genuit
2382 1981 2449 2022 ex
2477 1981 2535 2019 se
2569 1965 2727 2021 Pater
2749 1965 2943 2021 Filium
2977 1970 3183 2035 absque
3208 1969 3571 2036 separatimw,

1995 2076 2061 2116 ac
2091 2061 2137 2115 si
2167 2059 2384 2127 sapiens
2409 2056 2607 2125 aliquis
2649 2058 2835 2125 gignat
2867 2057 3086 2126 aliquod
3125 2059 3425 2122 inventum,
3455 2060 3571 2114 sive

1997 2147 2400 2210 mechanicum,
2434 2147 2547 2200 sive
2573 2148 2987 2216 geometricum,
3022 2148 3138 2204 sive
3170 2147 3434 2216 ejusmodi
3464 2150 3565 2203 ali-

1996 2239 2145 2310 quid.
2171 2236 2434 2305 Videntur
2461 2236 2604 2288 enim
2637 2236 3039 2305 quodammodo
3064 2238 3342 2307 sapientiae
3361 2240 3570 2293 fructus

1994 2344 2135 2392 essm
2165 2336 2327 2397 atque
2355 2326 2427 2379 ita
2462 2332 2656 2379 natura
2688 2340 2745 2379 se
2790 2326 3025 2392 habent;
3054 2329 3204 2397 atqui
3240 2344 3344 2383 non
3372 2338 3454 2383 est
3484 2344 3568 2382 se-

1997 2428 2182 2490 parata
2215 2432 2245 2470 a
2292 2414 2557 2483 sapientia
2601 2428 2690 2469 ars
2720 2430 2838 2483 qua:
2885 2430 2949 2470 ex
2999 2431 3061 2469 ea
3094 2427 3178 2472 est
3216 2419 3565 2487 excogitata:

1997 2508 2093 2565 sed
2122 2516 2203 2565 est
2243 2522 2311 2561 ex
2358 2506 2473 2575 ipsa
2506 2515 2561 2560 et
2591 2505 2643 2559 in
2694 2506 2805 2575 ipsa
2833 2507 3112 2576 genitricis
3144 2523 3255 2563 sum
3280 2510 3567 2577 imaginem

1998 2600 2345 2671 exprimens,
2395 2604 2452 2652 et
2486 2583 2622 2652 citra
2662 2600 3062 2667 separationem
3100 2601 3246 2655 aliud
3288 2602 3565 2672 quidpiam

2002 2705 2122 2748 esse
2148 2690 2381 2745 videtur.
2407 2688 2487 2743 Ita
2530 2697 2585 2743 et
2620 2690 2895 2760 generatio
2925 2689 3067 2758 Filii,
3096 2708 3218 2747 cum
3251 2694 3321 2747 sit
3359 2694 3568 2763 alisque

1996 2785 2338 2854 separatione
2385 2797 2449 2836 ex
2493 2780 2670 2848 Patre,
2722 2784 2773 2837 in
2823 2798 2917 2839 sua
2965 2786 3238 2857 hypostasi
3277 2794 3567 2840 servatur.

1993 2880 2155 2948 longe
2184 2887 2360 2930 tamen
2406 2874 2563 2939 hujus
2594 2876 2823 2944 exempli
2881 2878 2994 2931 sive
3028 2877 3397 2929 similitmtinis
3460 2876 3565 2927 vim

1990 2968 2275 3022 excedens.

436 3045 584 3100 Ἀπὸ
612 3046 720 3101 τοῦ
748 3044 794 3107 ζ’
823 3046 1155 3115 κεφαλαίου
1184 3046 1289 3101 τοῦ
1313 3048 1502 3105 αὐτοῦ
1526 3048 1784 3111 βιϐλίου.

2274 3049 2359 3102 Ea:
2388 3049 2560 3117 capite
2615 3056 2835 3119 septimo
2880 3048 3117 3118 ejusdem
3143 3051 3281 3106 librt.

391 3139 455 3191 Εί
478 3137 729 3211 βουλήσει
772 3140 1137 3210 γεγεννῆσθαί
1178 3159 1314 3210 φατε
1352 3143 1443 3195 τὸν
1469 3142 1616 3209 Υἱὸν,
1647 3144 1743 3196 καὶ
1766 3140 1886 3212 βιά-

2063 3136 2121 3196 Si
2163 3138 2393 3195 consilio
2422 3139 2601 3194 dicitis
2631 3140 2822 3195 Filium
2858 3143 3121 3210 genitum,
3153 3152 3207 3198 et
3238 3145 3563 3200 voluntatem

324 3227 477 3292 ζεσθε
527 3229 625 3299 τὴν
678 3230 807 3300 περὶ
860 3229 1025 3283 αὑτοῦ
1092 3230 1313 3302 θέλησιν
1365 3235 1747 3305 προϋπάρχειν
1783 3236 1883 3306 τῆς

1992 3236 2163 3286 ortum
2195 3228 2314 3299 ejus
2343 3228 2705 3285 antecessisse
2757 3229 3110 3293 contenditis,
3175 3247 3272 3285 cur
3310 3246 3415 3287 non
3450 3232 3563 3288 haec

323 3323 628 3392 γεννήσεως
660 3322 849 3389 αὑτοῦ,
903 3323 956 3376 τί
985 3323 1057 3396 μὴ
1086 3325 1260 3379 ταῦτά
1290 3343 1455 3397 φησιν
1478 3330 1510 3400 ή
1534 3328 1725 3401 Γραφὴ
1755 3330 1886 3401 περὶ

1992 3319 2320 3391 aScriptura
2354 3320 2461 3376 dici
2484 3320 2801 3385 declaratis,
2831 3337 2951 3391 qum
2976 3326 3041 3377 de
3074 3321 3197 3378 aliis
3229 3326 3390 3379 rebus
3444 3339 3566 3379 om-

322 3412 511 3478 αὑτοῦ,
539 3412 575 3468 ἃ
604 3414 667 3483 δὴ
691 3414 781 3468 καὶ
805 3416 932 3486 περὶ
955 3415 1065 3471 τῶν
1090 3418 1264 3473 ἄλλων
1297 3421 1622 3489 ποιημάτων
1654 3421 1886 3491 λέγουσα

1992 3413 2144 3468 nibus
2173 3414 2478 3484 procreatis
2505 3412 2819 3469 dicuntur?
2878 3411 2933 3467 In
2958 3412 3042 3468 bis
3109 3414 3252 3469 enim
3319 3414 3569 3469 voluntas

320 3505 604 3574 φαίνεταις
653 3504 775 3559 Ἐπὶ
815 3508 913 3577 μὲν
951 3508 1060 3580 γάρ
1097 3511 1207 3563 τῶν
1241 3513 1545 3579 γεγονότων
1571 3514 1721 3584 παρὰ
1746 3515 1882 3569 Θεοῦ

1992 3505 2261 3573 praecedit,
2287 3514 2345 3559 ut
2373 3520 2438 3559 ex
2472 3503 2580 3560 illis
2631 3503 2932 3576 Scripturae
3001 3504 3182 3559 verbis
3234 3504 3413 3572 colligi
3472 3519 3571 3572 po-

324 3601 577 3665 προηγεῑτ
592 3615 645 3649 ’.ιι
676 3598 912 3669 θέλητις.
943 3601 1017 3664 ὡς
1042 3602 1099 3653 ὲν
1126 3602 1221 3673 τῷ,
1261 3621 1278 3655 ι
1320 3604 1640 3675 Ποιήσωμεν
1675 3608 1885 3678 ἄνθρω-

1992 3606 2127 3650 lest:
2157 3594 2443 3651 Faciamus
2463 3596 2724 3650 hominem
2780 3608 2799 3645 :
2837 3604 2928 3650 et:
2982 3593 3215 3661 Omnia,’
3252 3610 3568 3663 quacunque

324 3705 442 3753 πον,
469 3706 487 3738 ι
510 3690 603 3741 καὶ
620 3692 676 3742 ἐν
693 3689 790 3762 τῷ,
804 3712 820 3743 ι
845 3693 1024 3748 Πάντα
1040 3695 1136 3749 ὅσα
1155 3695 1418 3766 ⁴ίγθέλησεν
1435 3698 1707 3769 ἐποίησεν.
1721 3720 1739 3752 ι
1760 3700 1884 3755 Ἐπὶ

1992 3683 2149 3738 voluit
2171 3684 2313 3752 fecit.
2350 3685 2408 3737 In
2432 3684 2525 3739 Dei
2572 3692 2751 3738 autem
2789 3680 2970 3738 Verbo
3020 3698 3118 3737 nec
3146 3682 3417 3748 voluntas,
3467 3699 3565 3737 nec

322 3778 374 3830 δὲ
416 3779 511 3833 τοῦ
550 3781 685 3834 Θεοῦ
727 3783 901 3846 Λόγου
928 3785 1163 3856 οὐδαμοῦ
1216 3786 1433 3859 θέλησις
1477 3789 1593 3862 ἤτοι
1634 3791 1887 3864 βούλησις

324 3876 712 3945 προηγουμένη
747 3875 1016 3945 φαίνεται,
1044 3879 1160 3931 ἀλλ’
1205 3880 1286 3935 ὅτι
1310 3881 1470 3952 μόνον
1497 3878 1567 3954 ἦν
1615 3885 1709 3938 καὶ
1738 3884 1886 3941 ἔστιν

322 3961 614 4033 ἀκούομεν.

916 4058 1028 4113 Καὶ
1061 4060 1258 4116 τοῦτο.

389 4147 554 4217 Λέγει
585 4150 849 4217 ὀΠαῦλος
900 4155 1027 4224 περὶ⁵
1080 4155 1174 4208 τοῦ
1212 4156 1466 4228 Σωτῆρος
1515 4157 1676 4229 ἡμῶν
1707 4159 1885 4231 Ἰησοῦ

321 4239 578 4309 Χριστοῦ,
602 4242 685 4296 ὅτι
713 4261 773 4297 τε
791 4244 923 4298 Θεοῦ
962 4246 1190 4317 δύναμις
1239 4251 1347 4319 είη,
1375 4252 1471 4303 καὶ
1524 4252 1661 4306 Θεοῦ
1696 4256 1884 4325 σοφία.

1988 3772 2268 3829 consilium
2300 3774 2595 3843 pmcessit.
2628 3773 2817 3843 Itaque
2853 3774 2920 3828 de
2995 3772 3087 3828 illo
3160 3788 3269 3827 non
3316 3774 3583 3835 dicuntur,

1996 3878 2081 3929 ca,
2112 3863 2205 3919 sed
2239 3863 2355 3920 hazc
2392 3865 2574 3936 potius
2616 3882 2631 3919 :
2676 3864 2832 3929 Erat,
2883 3872 2939 3919 et
2970 3872 3070 3918 est.

2478 4062 2728 4132 Ejusdem
2779 4072 2828 4117 et
2862 4062 2995 4117 have.

2058 4156 2259 4214 Paulus
2284 4154 2631 4211 Servatorem
2664 4164 2910 4210 nostrum
2944 4153 3131 4210 Iesum
3169 4153 3446 4211 Christum
3473 4156 3567 4212 Dei

1988 4249 2243 4305 virtutem
2271 4248 2661 4317 etsapientiam
2699 4249 2991 4318 appellat‘.
3024 4248 3082 4303 Si
3106 4248 3271 4320 igitur
3304 4249 3572 4319 sapientia

325 4331 383 4384 Ei
412 4333 595 4387 τοίνυν
627 4338 789 4404 σοφία
842 4340 935 4392 καὶ
964 4339 1193 4412 δύναμίς
1221 4344 1341 4396 ἐστι
1368 4342 1464 4396 τοῦ
1521 4345 1740 4415 Πατρὸς
1768 4351 1796 4402 ό
1823 4350 1885 4415 ἐξ

1992 4356 2043 4400 et
2067 4344 2237 4398 virtus
2253 4339 2535 4397 estPatris
2570 4339 2795 4395 Verbum
2821 4357 2883 4395 ex
2939 4341 3056 4411 ipso
3081 4354 3134 4395 et
3168 4342 3222 4396 in
3266 4342 3383 4411 ipso
3430 4341 3572 4395 exsi—

322 4427 482 4479 αὑτοῦ
526 4427 622 4483 καὶ
655 4429 713 4483 ἐν
728 4430 880 4502 αὐτῷ
906 4432 1168 4505 ὑπάρχων
1192 4435 1384 4503 Λόγος,
1406 4436 1569 4497 αὑτός
1596 4440 1744 4492 ἐστιν
1762 4440 1821 4494 ὲν
1840 4434 1885 4509 ᾧ

1992 4444 2161 4496 stcns,
2187 4433 2239 4486 in
2268 4447 2334 4486 eo
2385 4431 2635 4484 nimirunt
2672 4440 2725 4485 et
2752 4446 2847 4500 per
2872 4431 3000 4485 illud
3044 4432 3157 4501 ipse
3186 4430 3298 4485 vult
3340 4440 3393 4485 et
3443 4430 3567 4485 facit

324 4518 593 4584 βούλεται,
624 4523 719 4574 καὶ
745 4523 813 4576 δι’
844 4494 905 4577 οὗ
935 4494 1113 4579 πάντα
1144 4494 1461 4598 ἐργάξεται.
1518 4494 1642 4593 Πῶς
1687 4529 1781 4585 οῦν
1826 4494 1884 4587 ὲν

1992 4528 2189 4582 omnia.
2213 4526 2491 4593 Quomodo
2518 4526 2687 4597 igitur
2708 4525 2935 4579 consilio
2959 4534 3013 4579 et
3040 4525 3320 4580 voluntate
3359 4525 3565 4579 factum
3666 4514 3667 4517 “

324 4608 574 4679 βουλήσει
634 4611 879 4679 γέγονεν,
914 4616 972 4668 ὲν
997 4608 1150 4687 ᾧπερ
1214 4618 1247 4687 ἡ
1321 4616 1578 4688 βούλησίς
1616 4621 1733 4675 ἐστι
1788 4623 1886 4676 τοῦ

1992 4627 2069 4673 est
2098 4618 2175 4683 id,
2198 4619 2251 4673 in
2283 4632 2391 4687 quo
2416 4616 2592 4673 Patris
2613 4616 2896 4672 consilium
2924 4616 3282 4685 voluntasque
3299 4616 3569 4669 consistit.

326 4701 569 4770 Πατρός;
636 4704 671 4775 ἢ
724 4705 834 4775 γὰρ
864 4705 1057 4775 ἑτέραν
1094 4708 1243 4776 ἡμᾶς
1296 4710 1492 4778 σοφίαν
1516 4712 1886 4767 ἀναπλάττειν

1992 4713 2095 4767 Aut
2152 4712 2298 4767 enim
2321 4710 2479 4766 aliam
2515 4710 2697 4764 verbis
2746 4710 3069 4778 sapientiam
3124 4708 3430 4776 contingere
3480 4722 3573 4760 ηρ-

319 4792 621 4864 άνάγκη,ὲν
698 4794 1127 4867 βουλευσάμενος
1142 4799 1413 4871 πεποίηκε
1432 4802 1523 4856 τὸν
1544 4803 1886 4870 Υίδν.καθὼς

1992 4816 2262 4873 cesseest,
2301 4820 2407 4875 qua
2437 4801 2598 4859 Pater
2658 4802 2949 4858 consulens
3012 4812 3064 4855 et
3122 4801 3309 4853 volens
3380 4797 3571 4852 Filium

320 4884 478 4953 ὑμεῖς
506 4903 667 4956 φατε,
733 4888 765 4960 ἢ
802 4891 849 4944 εἰ
880 4891 1043 4962 ἑτέρα
1084 4892 1185 4946 οὑκ
1214 4893 1380 4959 ἔστιν,
1425 4894 1540 4948 ἀλλ’
1579 4895 1695 4949 ἔστι
1729 4896 1886 4966 μόνος

1992 4895 2368 4967 fecerit(qttod
2419 4908 2600 4951 tamen
2631 4908 2728 4948 vos
2762 4909 2865 4949 non
2930 4893 3095 4963 pudet
3172 4890 3566 4955 comminisci):

320 4979 485 5043 αὑτὸς
513 4982 732 5051 ήσοφία
777 4984 873 5034 τοῦ
929 4983 1163 5053 Πατρδς,
1206 4985 1369 5049 αὑτός
1394 4988 1543 5041 ἐστιν
1578 4988 1685 5058 ἄρα
1719 4989 1815 5043 καὶ
1853 4991 1886 5060 ἡ

1996 4997 2089 5042 aut
2130 4990 2173 5042 si
2206 4988 2311 5043 alia
2338 4987 2599 5056 sapientia
2635 5002 2740 5040 non
2785 4995 2890 5047 est,
2938 4985 3034 5038 sed
3093 4983 3207 5051 ipse
3273 4981 3429 5036 solus
3491 4991 3577 5033 cst

324 5068 601 5139 βούλησις.
650 5071 743 5124 Ἔν
772 5071 882 5144 γὰρ
904 5074 1069 5144 σοφίᾳ
1095 5075 1313 5140 πάντως
1371 5078 1432 5131 τὸ
1463 5079 1754 5148 βούλεσθαι
1792 5080 1886 5134 τοῦ

1996 5078 2172 5133 Patris
2223 5077 2509 5147 sapientia,
2563 5077 2677 5146 ipse
2734 5076 2986 5129 nimirum
3054 5083 3133 5129 est
3181 5074 3343 5127 etiam
3400 5068 3578 5123 Patris

324 5161 482 5227 Θεοῦ,
515 5164 611 5216 καὶ
651 5162 886 5233 μάταιος
939 5166 1067 5236 ὑμῖν
1106 5168 1133 5220 ὁ
1165 5168 1342 5237 λόγος,
1378 5171 1471 5226 καὶ
1499 5173 1652 5226 κενὸν
1676 5173 1886 5245 ἐδείχθη

1998 5172 2249 5226 voluntas
2281 5178 2446 5239 atque
2468 5170 2779 5231 consilium,
2804 5169 2858 5221 in
2886 5166 3145 5236 sapientia
3178 5164 3323 5218 enim
3355 5164 3457 5217 sita
3497 5173 3580 5215 est

322 5255 383 5307 τὸ
411 5255 767 5327 ἑπιχείρημα.
1764 5276 1769 5277 ί

2006 5260 2253 5314 voluntas
2284 5259 2399 5317 Dei.
2433 5258 2797 5324 Quamobrem
2855 5259 3092 5313 rationes
3129 5267 3328 5310 vestra:
3396 5254 3579 5307 futiles

1996 5360 2140 5418 sunt,
2176 5361 2565 5422 etargumenta
2596 5362 2775 5407 vestra
2838 5349 3019 5404 inania
3082 5349 3351 5417 stultaque
3397 5357 3577 5401 ruunt.

945 5441 1053 5496 Καί
1085 5440 1284 5497 τοῦτο.

2586 5444 2831 5513 Ejusdem
2861 5452 2909 5496 et
2954 5445 3083 5495 Ιιατ.

400 5531 465 5585 Ei
495 5532 603 5586 τῶν
629 5533 687 5586 ἓν
716 5532 969 5604 βουλήσει
987 5535 1293 5605 γενομένων
1327 5537 1650 5607 προηγεῖται
1673 5538 1886 5609 χρόνος1

2075 5539 2130 5595 Si
2160 5554 2247 5606 ea,
2284 5552 2402 5607 qua;
2443 5537 2720 5591 voluntate
2759 5537 2915 5593 fiunt.
2956 5541 3118 5604 egent
3170 5542 3432 5603 tempore,
3475 5546 3581 5599 quo

334 5621 455 5675 »ιον
488 5622 549 5677 ὃν
575 5626 608 5695 ἡ
634 5626 766 5696 περὶ
805 5626 971 5682 αὑτὸν
1003 5626 1199 5696 σκέψις
1222 5627 1458 5697 ὲγᾶνετο,
1495 5631 1587 5683 καὶ
1618 5630 1665 5683 εί
1698 5631 1886 5704 μικρόι

2008 5629 2208 5690 deillis
2233 5629 2519 5689 consilium
2557 5628 2827 5700 capiatur,
2857 5627 2985 5683 licet
3041 5625 3273 5695 spatium
3328 5623 3458 5681 illud
3512 5626 3585 5682 sit

411 5739 428 5772 ⁸
458 5740 584 5797 Cor.
622 5760 661 5804 t,
695 5744 784 5801 24.
