4086 6214
432 239 545 306 665

1407 248 1781 312 amoma
1825 256 2280 322 DOGMA'I‘ICA.
2317 263 2572 325 -Tl'l‘.
2615 268 2718 325 XI-

3590 284 3696 344 666

435 355 608 463 ἷυσα-
628 354 740 428 γὰρ
773 355 833 411 ιν
881 354 1131 430 Χριστῷ,
1176 361 1351 417 ταῦτα
1408 366 1504 419 καὶ
1550 368 1630 431 είς
1681 371 1853 437 ἡμᾶς.
1896 370 2012 443 Οὐχ

2124 377 2216 446 ipsi
2249 381 2572 436 sanctilirati
2597 388 2670 436 ι.»
2702 383 3052 456 Quaecunque
3077 389 3222 444 enim
3243 391 3462 445 Christo
3484 394 3691 463 insunt,

437 446 618 516 ἑαυτῷ
669 448 966 519 δεχομένου
1017 452 1109 505 τὸν
1158 455 1431 525 ἀγιασμὸν
1466 458 1665 528 (αὐτὸς
1718 464 1827 532 γὰρ
1873 457 1940 532 ἦν
1986 466 2015 517 ὀ

438 540 730 611 ἁγιάζων),
759 542 877 595 ἀλλ’
912 543 998 598 ἴνα
1042 544 1230 601 τοῦτον
1257 550 1324 619 τῇ
1359 550 1521 617 φύσει
1547 551 1619 605 δι’
1647 553 1843 607 ἑαυτοῦ
1875 572 2014 626 προ-

437 631 645 705 ξενίσῃ,
673 633 789 696 ὁδὸς
811 634 1002 705 ὥσπερ
1038 637 1133 690 καὶ
1159 639 1302 710 ἁρχὴ
1336 640 1446 693 τῶν
1477 644 1558 705 είς
1597 645 1747 714 qua;
1793 648 2018 715 ἀγαθῶν

437 724 744 795 γινόμενος.
769 726 863 779 Διὸ
893 728 957 798 δὴ
988 728 1081 781 καί
1110 746 1275 799 φησιν
1297 746 1313 762 ’
1350 750 1370 784 ι
1399 733 1544 802 Ἐγώ
1586 737 1706 806 είμι
1737 740 1770 809 ή
1796 740 1949 802 ὁδός·
1989 757 2010 792 ι

436 816 507 869 δι’
536 812 604 887 ἦς
637 816 827 888 ὥσπερ
865 819 1003 888 πρὸς
1036 820 1185 889 ἡμᾶς
1213 823 1246 892 ή
1282 822 1403 875 Θεία
1437 826 1791 899 καταὸέόηκε
1828 830 2009 899 χάρις.

440 908 654 979 ὑψοῦσα
675 910 765 961 καὶ
794 910 1099 978 ἁγιάζουσα
1120 914 1212 965 καὶ
1230 913 1547 983 δοξάζουσα,
1570 920 1665 972 καὶ
1691 920 2018 983 οεοποιοῦσα

439 1004 545 1071 τὴν
576 1000 741 1071 φύσιν
768 1003 828 1056 ὲν
861 1001 1066 1076 πρώτῳ
1097 1004 1341 1077 Χριστῷ.

492 1202 593 1256 Ἐκ
647 1198 754 1253 τοῦ
804 1200 869 1264 ,ϐ’
929 1198 1180 1263 βιϐλίου
1242 1198 1357 1270 τοῦ,
1396 1200 1747 1270 Θησαυροῦ,
1800 1201 1985 1270 κεφά-

1064 1273 1241 1322 λαιον
1273 1269 1378 1323 κθ’.

517 1362 865 1431 Πανταχόθεν
900 1359 1389 1429 ἀναισχυντοῦντες
1419 1361 1471 1413 οἱ
1508 1326 1868 1432 χριστομάχοι
1921 1380 2022 1430 φα-

443 1454 686 1517 νοῦνται,
710 1455 801 1507 καὶ
828 1453 1031 1506 σκοπὸν
1053 1454 1272 1523 ἔχοντες
1300 1453 1398 1505 ἕνα
1434 1455 1494 1507 τὸ
1554 1454 1733 1522 μάτην
1760 1455 2021 1508 διαλοιδο-

445 1545 658 1611 ρείσοαι
687 1544 766 1612 τῷ
798 1544 914 1615 Υίῷ
939 1543 1035 1597 τοῦ
1063 1544 1223 1599 Θεοῦ.
1277 1544 1600 1607 Ἀκούοντες
1659 1548 1759 1613 μὲν
1790 1548 1901 1615 γὰρ
1932 1548 2019 1599 λέ-

440 1650 633 1700 γοντος
660 1634 848 1697 αὐτοῦ,
896 1634 1046 1704 ἐγὼ
1078 1635 1181 1689 καὶ
1221 1639 1253 1689 ό
1282 1636 1486 1704 Πατὴρ
1511 1637 1582 1690 ἐν
1612 1637 1823 1704 ἐσμεν,
1854 1639 2016 1691 ἁπειο
2052 1677 2071 1730 ι

443 1726 622 1789 Θοῦσι,
657 1726 752 1779 καὶ
775 1726 1077 1795 πειρῶνται
1109 1727 1170 1780 τὸ
1214 1729 1507 1799 εἰρημένον
1550 1731 1629 1791 εἰς
1653 1730 1847 1797 ἐτέρας
1880 1746 2019 1799 παρ-

440 1819 621 1869 έλκειν
653 1816 886 1879 ἐννοίας,
906 1818 1008 1870 οὑκ
1041 1818 1383 1882 ἀποδιδόντες
1412 1819 1472 1872 τὸ
1493 1818 1551 1872 ἓν
1584 1817 1726 1874 εἶναι
1753 1821 1890 1888 πρὸς
1920 1822 2015 1874 τὸν

449 1910 690 1977 Πατέρα,
741 1908 877 1962 ἀλλὰ
910 1908 971 1961 τδ
1024 1908 1210 1970 καλῶς
1239 1924 1298 1961 τε
1353 1911 1449 1962 καὶ
1512 1909 1687 1980 ὀρθῶς
1721 1910 2013 1981 εἰρημένον

440 1998 853 2069 ἐπιχειροῦντες
882 1999 1211 2068 παραλύειν.
1252 1999 1615 2069 Εὑρίσκοντες
1660 2001 1719 2055 δὲ
1757 2000 1922 2055 πάλιν
1960 2002 2018 2055 ὲν

438 2094 553 2153 τοῖς
584 2091 932 2158 Εὐαγγελίοις
957 2092 1058 2144 ὅσα
1080 2108 1187 2159 περ
1210 2090 1277 2144 ἂν
1321 2090 1397 2153 ὡς
1431 2091 1713 2162 ἄνθρωπος
1745 2093 1778 2163 ἢ
1810 2094 2017 2146 πέπον-

441 2180 555 2246 θεν,
594 2180 890 2252 ἢείρηκὼς
921 2181 1199 2250 φαίνεται,
1241 2180 1274 2252 ἢ
1300 2182 1491 2245 ποιῶν,
1538 2184 1601 2234 τὸ
1630 2183 1888 2251 ἐκλαυσε,
1922 2184 2020 2238 καὶ

440 2274 715 2343 ἐλυπήθη.
754 2274 949 2326 καὶτὰ
996 2272 1208 2337 τούτοις
1253 2274 1439 2340 ὃμοια,
1495 2276 1592 2327 καὶ
1640 2276 1739 2329 ὅσα
1777 2293 1885 2345 περ
1919 2277 2015 2329 αν-

442 2365 847 2433 θρωτνοπρεπῆ,
905 2365 967 2417 ού
1026 2364 1287 2432 φέρουσιν
1320 2364 1414 2414 ἐπὶ
1464 2363 1561 2429 τὴν
1599 2363 2015 2433 ἀνθρωπότητα,

440 2455 560 2508 ἀλλ’
586 2456 747 2519 εὐθὺς
770 2456 848 2525 τῷ
871 2456 1030 2524 Λόγῳ
1072 2454 1248 2508 ταῦτα
1292 2456 1705 2523 προσάπτοντες
1740 2455 2013 2521 ἀπόδειξιν

445 2547 731 2598 ποιοῦνται
762 2546 861 2599 τοῦ
896 2547 970 2614 μὴ
1005 2541 1145 2599 εἶναι
1168 2545 1301 2597 Θεὸν
1356 2546 1447 2597 τὸν
1484 2545 1651 2598 ταῦτα
1685 2546 2015 2610 πεπονθότα,

439 2637 585 2688 ὥστε
617 2636 711 2688 καὶ
739 2636 902 2687 αὐτὸν
930 2634 1389 2704 συναριθμεῖσθαι
1439 2637 1506 2705 τῇ
1556 2636 1734 2687 κτίσει
1760 2635 1851 2687 τὸν
1878 2638 2011 2687 ταύο

438 2744 542 2796 της
582 2726 714 2778 ὄντα
742 2727 996 2798 ποιητήν.
1042 2727 1114 2779 Ἢ
1158 2727 1342 2780 τοίνυν
1393 2727 1688 2796 ἀπόδοςτῴ
1716 2727 1829 2797 Υἱῷ
1861 2729 1922 2780 τὸ
1959 2729 2016 2781 ἓν

441 2818 589 2873 εἶναι
639 2820 777 2889 πρὸς
809 2820 901 2872 τον
944 2821 1184 2889 Πατέρα,
1226 2821 1321 2874 καὶ
1388 2821 1488 2890 οὐχ
1548 2820 1805 2891 εὑρήσεις
1833 2822 1926 2874 τὶν
1961 2823 2019 2874 ὲν

444 2913 656 2981 ἰσότητι
684 2913 780 2966 τοῦ
814 2914 1030 2983 Πατρδς
1057 2913 1187 2966 ὄντα
1216 2913 1392 2981 Λόγον
1449 2913 1573 2966 καθ’
1596 2913 1813 2978 ἑαυτὸν,
1917 2912 2019 2966 Λό-

2120 469 2380 525 eademin
2402 474 2847 532 nosderivantur.
2867 479 3079 548 Quippe
3094 481 3186 551 qui
3205 482 3691 542 sanctificationem

2124 574 2230 613 non
2270 562 2479 632 sibiipsi
2527 567 2736 634 accepit
2769 566 2909 636 (ipse
2953 571 3096 622 enim
3139 579 3257 624 erat
3300 573 3692 641 sanctillcaus),

2123 654 2216 704 sed
2251 659 2310 704 ut
2345 667 2441 721 per
2465 669 2525 708 se
2556 670 2673 711 eam
2707 658 2952 713 humana:
2982 670 3189 716 natura!
3216 663 3534 717 conciliaret
3567 681 3581 716 :
3610 667 3693 718 via

2125 743 2527 809 quodammodo
2575 758 2628 802 et
2674 750 2999 819 principium
3042 753 3306 808 honorum
3345 771 3463 823 qua:
3500 758 3551 810 in
3602 774 3699 811 nos

2126 828 2406 887 ﬂuxerunt
2425 835 2641 891 eﬂctus.
2664 836 2869 893 Idcirco
2884 839 3046 894 etiam
3062 842 3139 894 ait
3162 858 3216 896 ιι
3241 842 3350 913 Ego
3365 860 3480 896 sum
3502 845 3585 897 via
3601 877 3650 905 ..
3673 864 3691 895 ι

2129 937 2223 993 per
2251 939 2414 993 quam
2443 926 2623 981 divina
2650 929 2822 998 gratia
2845 933 3244 997 quodammodo
3274 936 3326 987 iu
3352 951 3451 989 nos
3476 937 3703 990 descen-

2127 1014 2229 1079 dit,
2271 1015 2516 1072 exaltans
2566 1028 2619 1072 et
2670 1021 3018 1076 sanctiﬁcans
3052 1034 3109 1078 et
3156 1025 3489 1093 gloriﬁcaos,
3539 1038 3702 1096 atque

2126 1105 2261 1161 adeo
2289 1107 2555 1163 editicans
2586 1118 2835 1165 naturam
2869 1112 3162 1168 humanam
3189 1114 3245 1167 in
3270 1115 3442 1182 primo
3463 1114 3701 1172 Christo.

2366 1201 2451 1255 Ea:
2472 1207 2699 1258 secundo
2731 1205 2987 1259 Thesauri
3017 1208 3173 1275 libro,
3207 1226 3327 1279 cap.
3359 1211 3449 1266 ‘29.

2199 1357 2442 1429 Undique
2481 1362 2772 1441 impietatis
2812 1365 3151 1418 occasionem
3205 1367 3695 1435 arripiuntCltt'iSIi

2122 1448 2440 1515 adversarii,
2478 1461 2534 1506 et
2562 1468 2725 1505 unum
2762 1453 2890 1507 illud
2921 1455 3025 1507 sibi
3058 1461 3313 1523 tanquam
3338 1459 3546 1526 signum
3575 1474 3699 1524 pro-

2124 1554 2350 1611 ponuut,
2380 1554 2441 1598 ut
2476 1556 2676 1601 temere
2715 1547 2958 1602 convicia
2992 1548 3197 1616 jactcnt
3232 1548 3283 1602 in
3344 1550 3535 1603 Filium
3582 1551 3695 1606 Dei.

2124 1635 2413 1689 Audientes
2435 1635 2580 1689 enim
2606 1637 2779 1705 ipsum
2806 1640 3069 1692 dicentem
3102 1658 3116 1693 :
3140 1638 3253 1709 Ego
3272 1651 3320 1693 et
3355 1640 3514 1695 Pater
3536 1659 3699 1694 unum

2122 1743 2301 1779 sumus
2321 1725 2364 1791 ³,
2397 1742 2501 1780 non
2531 1728 2847 1788 credunt,et
2879 1738 3148 1783 conantur
3171 1745 3233 1782 ea
3262 1731 3420 1783 verba
3444 1731 3496 1785 in
3537 1733 3700 1785 alium

2120 1830 2334 1870 seusmn
2396 1826 2666 1887 torquere,
2723 1834 2825 1871 non
2870 1822 3248 1886 concedentes,
3276 1833 3333 1875 ut
3373 1837 3539 1875 unum
3580 1839 3701 1877 cum

2120 1907 2276 1961 Patre
2300 1908 2392 1973 sit,
2422 1918 2585 1977 atque
2607 1908 2680 1961 ita
2715 1911 2855 1979 quod
2890 1913 3150 1979 prmclare
3214 1923 3466 1980 recteque
3497 1915 3570 1967 ἀίι
3590 1922 3702 1967 tum

2120 2008 2223 2062 est,
2267 1999 2512 2053 demoliri
2572 2000 2791 2054 student
2829 2012 2990 2072 atque
3029 2014 3357 2071 pervertere.
3398 2004 3528 2069 Qua:
3576 2020 3705 2059 vero

2122 2088 2174 2142 in
2203 2083 2507 2159 Evangeliis
2521 2090 2591 2145 ab
2614 2101 2947 2160 eotanquam
2971 2093 3189 2146 homine
3226 2093 3307 2146 vel
3336 2093 3580 2153 toleratu,
3620 2091 3705 2145 vel

2119 2178 2281 2243 dicta,
2314 2180 2399 2234 vel
2431 2181 2571 2235 facta
2605 2182 2925 2249 repererint,
2977 2193 3033 2236 ut
3078 2185 3228 2247 llere,
3286 2199 3519 2238 iiimrore
3558 2184 3697 2237 allici

2116 2283 2171 2325 et
2210 2272 2419 2339 reliqua
2441 2273 2683 2342 ejusdem
2716 2276 2933 2341 generis
2960 2275 3209 2328 humana:
3248 2285 3454 2328 natura:
3494 2288 3697 2327 conve-

2119 2363 2341 2429 nientia,
2406 2378 2470 2418 ea
2530 2379 2639 2418 non
2733 2366 2977 2418 referunt
3020 2366 3086 2418 ad
3131 2365 3547 2430 humanitatem,
3606 2367 3701 2421 scd

2119 2454 2297 2509 Verbo
2333 2456 2515 2511 statim
2557 2455 2883 2519 tribuentes,
2926 2471 2989 2510 cx
3022 2457 3105 2510 his
3132 2456 3412 2525 colligunt,
3442 2471 3563 2510 euut
3594 2474 3699 2510 non

2118 2563 2239 2601 esse
2274 2549 2468 2612 Deum,
2518 2549 2608 2616 qui
2663 2548 2787 2601 talia
2846 2563 3140 2617 perpessus
3199 2547 3293 2611 sit,
3331 2559 3492 2616 atque
3546 2549 3617 2600 ita
3647 2550 3696 2599 iu

2120 2656 2298 2693 rerum
2344 2656 2465 2709 qua:
2529 2650 2724 2695 creatae
2789 2650 2935 2704 sunt,
3008 2655 3235 2694 numero
3284 2640 3458 2693 locant
3513 2655 3698 2695 earum

2119 2728 2450 2785 ellectorem.
2491 2729 2601 2784 Aut
2649 2730 2809 2795 igitur
2850 2729 2985 2783 Filio
3034 2731 3291 2793 concede,
3338 2741 3396 2780 ιιι
3429 2732 3497 2783 sit
3533 2744 3695 2781 unum

2119 2835 2239 2873 com
2265 2819 2448 2885 Patre,
2477 2834 2576 2875 nec
2627 2819 2884 2885 Verbum,
2930 2828 3195 2885 quatenus
3237 2833 3331 2886 per
3367 2833 3426 2871 se
3466 2816 3697 2872 Vethum

2119 2918 2221 2972 est,
2253 2922 2320 2963 ex
2360 2910 2723 2978 inaequalitate
2772 2922 2896 2963 cum
2943 2909 3110 2963 Patre
3138 2907 3323 2975 lugere
3378 2916 3466 2959 aut
3504 2922 3699 2973 pavere

440 3022 536 3071 re;
566 3005 735 3067 ἐστὶν,
773 3003 1052 3068 κλαίοντα,
1087 3004 1119 3075 ῆ
1156 3004 1521 3074 λυπούμενον,
1574 3004 1605 3075 ἢ
1643 3004 1794 3075 φόὸῳ
1823 3004 2015 3074 βαλλό-

2126 3001 2514 3069 deprehendes,
2550 3012 2642 3054 aut
2674 3001 2719 3056 si
2769 3016 2876 3054 non
2927 2999 3127 3061 credis,
3172 3008 3219 3052 te
3286 3000 3350 3053 ad
3393 2999 3699 3053 Judaaorum

445 3112 627 3165 μενον,
664 3095 696 3165 ἢ
732 3098 780 3148 εἰ
815 3096 891 3165 μὴ
920 3095 1235 3159 πιστεύεις,
1270 3099 1365 3149 καὶ
1399 3095 1573 3159 οὕτως
1615 3096 1715 3168 ἔσῃ
1744 3096 1884 3166 μετὰ
1909 3097 2019 3150 τῶν

440 3187 692 3240 ἀπίστων
731 3186 1025 3241 Ἰουδαίων.
1068 3188 1127 3239 Ei.
1154 3186 1368 3255 λέγοντι
1420 3188 1531 3258 γὰρ
1560 3188 1733 3258 αὐτῷ,
1778 3189 1863 3241 ὅτι
1912 3205 2021 3259 περ

441 3278 503 3331 ιν
561 3279 678 3330 ἐστι
738 3278 876 3347 πρὸς
943 3277 1035 3331 τὸν
1057 3279 1252 3332 ἑαυτοῦ
1300 3280 1541 3351 Πατέρα,
1605 3280 1682 3351 μή
1715 3279 2019 3347 πιστεύεις,

445 3367 585 3437 μηδὲ
622 3369 707 3421 ὅτι
755 3367 1059 3437 λελύπηται
1100 3369 1314 3437 λέγοντι
1351 3369 1672 3444 πιστεύσῃς.
1706 3368 1893 3435 Οῦτως
1925 3368 2022 3425 οὖν

443 3460 689 3528 φανήσῃ.
719 3459 795 3521 ὡς
832 3461 1074 3530 εῐρηται,
1108 3463 1228 3531 μετ’
1260 3462 1510 3529 ἐκείνων,
1554 3463 1707 3517 οὐδὲν
1728 3462 1869 3528 ὅλως
1900 3465 2013 3519 τῶν

443 3552 595 3620 παρὰ
621 3550 713 3602 τοῦ
747 3551 998 3621 Σωτῆρος
1026 3553 1336 3623 εἰρημένων
1362 3554 1674 3625 δεχόμενος.

445 3664 559 3720 Τοῦ
591 3664 743 3718 κατὰ
786 3665 1072 3733 Ἰωάννην
1114 3669 1513 3736 Eiram-8.1100,
1554 3669 1644 3722 ὅτι
1684 3670 1798 3724 οὐκ
1849 3671 2023 3725 ἐστιν

766 3738 799 3789 ό
843 3737 976 3802 Υἱὸς
1014 3737 1282 3790 ἐλάττων
1308 3738 1415 3792 τοῦ
1445 3741 1694 3806 Πατρός.

519 3830 583 3881 El
606 3829 844 3882 ἐλάττων
873 3830 1022 3883 ἑστιν
1042 3831 1071 3882 ὁ
1098 3830 1247 3893 Υἱὸς,
1281 3830 1488 3899 μείζων
1519 3829 1575 3882 δὲ
1605 3831 1633 3882 ό
1668 3828 1879 3900 Πατὴρ,
1902 3829 2022 3885 δια-

445 3919 629 3990 φόρως
677 3919 926 3990 δηλονότι
988 3921 1085 3975 καὶ
1138 3920 1565 3988 ἀναλογούντως,
1616 3918 1698 3985 οἷς
1762 3922 2022 3992 ἑκάτερος

444 4014 561 4081 ἔχει
596 4012 819 4082 μέτροις
880 4013 1239 4082 ὲνεργήσουσι
1261 4014 1389 4085 περὶ
1430 4012 1520 4066 τὸν
1564 4014 1644 4077 είς
1671 4015 1820 4086 ήμᾶς
1857 4016 2023 4081 ἁγια-

448 4102 610 4170 σμόν.
649 4104 755 4155 Καὶ
778 4102 997 4171 ἁγιάσει
1033 4105 1132 4174 μὲν
1163 4105 1424 4173 μειζόνως
1466 4106 1494 4157 ὁ
1522 4106 1731 4175 Πατήρ,
1793 4106 2018 4161 ἔλαττον

441 4194 500 4247 δι
536 4197 630 4247 καὶ
660 4194 781 4248 καθ’
819 4195 1015 4249 ἑαυτὸν
1050 4196 1079 4249 ό
1110 4196 1258 4259 Υἱός.
1296 4197 1493 4250 Ἔσται
1524 4197 1817 4268 τοιγαροῦν
1842 4199 1935 4252 καὶ
1956 4198 2017 4253 se

2125 3109 2404 3148 uulnerum
2427 3094 2660 3150 ascribe.
2696 3094 2750 3148 Si
2791 3093 2937 3148 enim
2998 3109 3104 3149 non
3164 3096 3342 3150 credis
3398 3092 3697 3156 eidiceuti,

2122 3200 2181 3240 se
2204 3198 2326 3239 esse
2352 3200 2515 3237 unum
2552 3198 2674 3238 cum
2716 3185 2900 3248 Patre,
2929 3198 3027 3237 nec
3054 3183 3097 3237 si
3144 3198 3374 3238 manere
3410 3197 3469 3235 se
3499 3180 3699 3235 dixerit

2121 3277 2332 3332 credes.
2360 3275 2452 3331 Sic
2472 3276 2656 3346 igitur,
2680 3284 2738 3329 ut
2767 3274 2973 3329 dictum
3028 3283 3128 3338 est,
3161 3274 3212 3328 in
3232 3274 3536 3330 Judzrorum
3593 3288 3697 3327 nu-

2124 3382 2278 3423 mero
2325 3366 2770 3438 deprehenderis,
2819 3367 2950 3421 nihil
2996 3382 3182 3422 eorum
3246 3366 3488 3430 cumino,
3526 3380 3695 3435 quae

2125 3457 2416 3512 Servatore
2454 3458 2594 3512 dicta
2626 3466 2771 3523 sunt,
2805 3457 3128 3527 suscipiens.

2128 3679 2379 3750 Ejusdem
2424 3693 2515 3750 eg
2530 3677 2939 3750 Commentariis
2986 3678 3039 3729 in
3080 3674 3419 3750 Euangelium
3453 3674 3701 3735 Joannis.

2432 3747 2629 3802 Filium
2656 3746 2818 3801 Putre
2851 3764 2955 3801 non
2984 3763 3095 3800 esse
3127 3746 3402 3799 minorem.

2200 3838 2257 3892 Si
2294 3838 2472 3893 minor
2494 3848 2575 3891 est
2606 3837 2797 3905 Filius,
2835 3838 3009 3907 major
3044 3846 3222 3891 autem
3267 3837 3447 3896 Pater.
3485 3836 3698 3889 diversa

2130 3934 2338 3986 ratione
2382 3940 2439 3985 et
2469 3944 2566 3999 pro
2602 3945 2698 3985 sua
2731 3941 2955 3999 uterque
2981 3945 3235 3985 mensura
3276 3930 3483 3984 santtit.
3511 3938 3615 3981 tum
3648 3929 3702 3980 ia

2128 4024 2283 4079 nobis
2313 4021 2525 4078 eﬂlciet.
2557 4021 2623 4075 Et
2659 4023 2817 4077 Pater
2839 4026 3054 4092 quidem
3096 4024 3287 4097 magis,
3319 4022 3487 4076 Filius
3522 4030 3698 4074 autem

2130 4116 2326 4179 minus,
2354 4125 2408 4168 et
2438 4128 2536 4184 pro
2566 4114 2778 4169 viribus
2801 4114 2915 4170 suis
2946 4130 3043 4169 nos
3075 4125 3299 4169 sanctos
3352 4115 3555 4167 reddet.
3588 4111 3703 4164 Erit

2129 4207 2295 4276 igitur
2316 4217 2371 4262 et
2412 4205 2648 4275 Spiritus
2686 4208 2904 4277 duplex,
2947 4208 3123 4262 minor
3153 4208 3206 4261 in
3247 4206 3406 4270 Filio,
3439 4205 3490 4258 in
3542 4198 3704 4258 Patre

445 4284 672 4353 Πνεῦμα
702 4285 944 4351 διπλοῦν,
979 4286 1074 4339 καὶ
1106 4288 1257 4355 μεῖον
1319 4287 1416 4356 μὲν
1444 4288 1503 4341 ἐν
1535 4287 1668 4358 Υίῷ,
1715 4288 1907 4358 μεῖζον
1959 4287 2017 4340 δὲ

2129 4298 2320 4367 major.
2346 4300 2413 4355 Et
2437 4298 2527 4354 alii
2555 4298 2788 4369 perfecte
2818 4302 2988 4354 sancti
3024 4300 3311 4354 reddentur
3340 4315 3368 4351 a
3406 4299 3587 4361 Patre,
3611 4296 3704 4349 alii

445 4378 504 4427 ὲν
531 4376 729 4447 Πατρί.
759 4377 873 4430 Καὶ
908 4377 1135 4441 τελείως
1167 4378 1263 4447 μὲν
1297 4378 1348 4430 οἱ
1390 4380 1543 4448 παρὰ
1595 4378 1803 4449 Πατρὸς
1861 4381 2023 4448 ἁγια-

447 4470 760 4540 σοήσονται,
821 4469 880 4521 οὐ
911 4470 1131 4533 τελείως
1164 4470 1221 4522 δὲ
1251 4469 1414 4523 πάλιν
1467 4470 1516 4522 οί
1569 4469 1636 4522 δι’
1667 4469 1822 4523 Υῑοῦ.
1860 4469 2021 4523 Ἀλλὰ
2090 4485 2100 4495 ·

449 4559 622 4628 πολλή
651 4562 729 4620 τίς
761 4560 911 4612 ἐστιν
954 4559 1011 4610 ἐν
1041 4560 1253 4622 τούτοις
1283 4561 1316 4629 ή
1340 4559 1453 4611 τῶν
1484 4559 1764 4628 λογισμῶν
1797 4560 2020 4613 ἀτοπία.

454 4653 551 4703 Ἐν
576 4652 684 4720 γὰρ
721 4650 781 4703 τὸ
809 4648 1034 4717 Πνεῦμα
1068 4651 1129 4703 τὸ
1161 4651 1316 4718 ἆγιόν
1340 4653 1510 4716 ἐστιν,
1544 4646 1623 4712 εἷς
1652 4654 1747 4704 καὶ
1770 4651 1975 4715 τέλειος
1996 4654 2025 4705 ό

450 4749 724 4817 ἁγιασμὸς
750 4749 905 4816 παρὰ
940 4748 1178 4819 (ἰατρὸς,
1224 4748 1294 4801 δι’
1318 4740 1378 4801 οὗ
1404 4750 1647 4818 φυσικῶς
1678 4746 2027 4817 χορηγούμε-

451 4859 565 4903 νος.
594 4841 709 4893 Οὐκ
734 4840 842 4911 ἄρα
874 4840 1115 4894 ἐλάττων
1150 4842 1301 4894 ἐστὶν
1347 4844 1373 4894 ὁ
1402 4842 1518 4909 ’τὴν
1546 4841 1717 4909 αὐτὴν
1744 4841 2025 4910 ἐνέργειαν

452 4934 593 5002 ἔχων
633 4931 711 5002 τῷ
764 4932 955 5000 τελείῳ
1006 4933 1205 5001 Ila-:91,
1258 4934 1354 4986 καὶ
1418 4933 1476 4985 τὸ
1509 4932 1603 4985 τοῦ
1650 4933 2017 5001 γεννήσαντος

450 5023 679 5093 Πνεῦμα
708 5025 766 5076 ὲν
789 5022 969 5093 ἐαυτῷ
1000 5023 1159 5093 ἔχων,
1190 5025 1419 5093 ἀγαθὸν,
1453 5024 1584 5090 ζῶν,
1607 5026 1704 5078 καὶ
1726 5025 2030 5077 ἑνυπόστα-

448 5134 565 5182 τον,
586 5116 778 5189 ὥσπερ
808 5117 904 5171 οὖν
925 5121 1120 5191 ἀμέλει
1162 5120 1260 5173 καὶ
1292 5120 1320 5171 ὁ
1347 5119 1566 5188 Πατήρ.

1056 5212 1164 5265 Kal
1206 5210 1407 5264 τοῦτο.

525 5302 587 5354 Et
645 5301 702 5354 ὲν
744 5306 927 5373 μορφῇ
962 5306 1058 5355 καὶ
1093 5305 1299 5372 ἰσότητι
1340 5302 1433 5354 τοῦ
1469 5301 1681 5371 Πατρδς
1724 5301 1969 5368 ὑπῆρχεν
1998 5300 2027 5352 ό

452 5391 610 5458 Υἱὸς,
644 5394 787 5447 κατὰ
852 5394 950 5463 τὴν
982 5392 1075 5445 τοῦ
1140 5392 1352 5445 Παύλου
1393 5391 1597 5459 φωνὴν,
1632 5390 1745 5450 πῶς
1786 5388 2026 5440 ἐλάττων

447 5486 611 5543 αὑτοῦ
635 5488 782 5539 ἐστιν
806 5504 821 5553 ;
848 5486 922 5543 Οὐ
951 5486 1061 5555 γὰρ
1093 5485 1264 5557 δήπου
1290 5485 1386 5555 τῆς
1415 5484 1553 5551 μετὰ
1578 5482 1781 5554 σαρκὸς
1808 5482 2020 5534 οἰκονοο

2129 4404 2160 4443 a
2199 4390 2335 4446 Filio
2366 4390 2546 4445 minus
2576 4388 2839 4460 perfecte.
2891 4389 3017 4444 llaec
3039 4401 3093 4445 et
3132 4389 3234 4442 alia
3278 4390 3441 4443 inulta
3499 4390 3705 4443 incom-

2128 4482 2285 4533 moda
2319 4490 2741 4550 consequentur.
2780 4478 2928 4537 Unus
2965 4481 3113 4536 enim
3147 4491 3229 4534 est
3264 4479 3501 4549 Spiritus
3569 4499 3694 4537 sau-

2128 4582 2274 4637 ctus;
2299 4587 2402 4625 una
2428 4574 2667 4643 perlecta
2695 4574 2977 4638 sanctitas,
3000 4588 3130 4642 qua:
3153 4589 3180 4625 a
3213 4572 3371 4626 Patre
3393 4588 3490 4641 per
3510 4573 3701 4628 dem

2130 4664 2450 4719 naturaliter
2513 4665 2821 4719 exhibetur.
2861 4664 2976 4719 Non
3016 4679 3148 4734 ergo
3180 4666 3375 4726 minor,
3407 4667 3495 4732 qui
3556 4678 3705 4717 catu-

2126 4759 2247 4811 dem
2285 4756 2579 4825 perfectam
2619 4773 2741 4813 cum
2778 4758 2934 4811 Patre
2959 4762 3197 4826 perieeto
3218 4759 3481 4811 actionem
3516 4760 3698 4820 habet,

2132 4848 2487 4917 eumdemque
2541 4849 2593 4902 in
2636 4851 2815 4918 seipso
2858 4850 3126 4919 gignentis
3181 4850 3424 4917 spiritum
3477 4850 3699 4909 bonum,

2135 4942 2339 5007 rivum,
2375 4943 2426 4995 in
2468 4956 2567 4996 sua
2623 4942 3006 4996 subsistentem
3045 4956 3271 5009 persona
3320 4956 3479 5009 quem
3526 4940 3689 4993 habet

2134 5030 2313 5085 Pater.

2661 5203 2908 5272 Ejusdem
2940 5216 2985 5258 et
3020 5206 3148 5258 Im'c.

2210 5298 2266 5351 Si
2303 5296 2354 5349 in
2388 5296 2559 5350 forma
2592 5306 2645 5349 ct
2687 5298 2999 5364 a-qualitute
3050 5296 3226 5348 Patris
3262 5306 3378 5347 erat
3432 5294 3619 5360 Filius,
3647 5308 3703 5350 ιιι

2133 5390 2332 5444 Paulus
2376 5390 2512 5454 ait‘,
2570 5388 2842 5457 quotnodo
2898 5388 3075 5439 minor
3144 5385 3263 5438 est?
3316 5382 3497 5451 Neque
3560 5388 3701 5437 enim

2137 5482 2385 5536 hmname
2448 5483 2631 5537 carnis
2683 5481 2979 5547 assumptio
3037 5488 3090 5531 et
3152 5478 3447 5531 exinanitio
3513 5476 3706 5546 spoliat

523 5672 766 5727 anun.
808 5688 939 5734 xvu,
973 5672 1055 5727 l9.
1134 5673 1153 5704 ‘
1180 5670 1340 5725 Joan.
1370 5688 1479 5735 xiv,
1512 5669 1567 5725 6.
1646 5669 1849 5726 "Joan.
1884 5684 1935 5735 ι,
1980 5667 2021 5721 54

2154 5667 2173 5699 δ
2200 5664 2395 5736 Philip.
2431 5680 2491 5731 tt,
2524 5662 2577 5719 6.
