4086 6214
391 254 494 320 667

1618 251 1718 307 EU
1739 249 1998 307 l‘llYMll
2040 250 2403 308 ZlGAPENI

3533 247 3637 312 668

393 372 622 427 naturali
663 371 854 426 Filium
885 367 1166 434 dignitate,
1191 379 1311 415 eum
1342 363 1480 414 illam
1532 361 1770 416 secundo
1810 372 1908 412 suo
1935 371 1966 410 e

2079 359 2202 430 μίας
2259 362 2288 412 6
2337 359 2529 426 λόγος,
2573 357 2668 410 καὶ
2697 357 2730 426 ἡ
2763 355 2852 408 διὰ
2891 353 3052 407 τοῦτο
3106 355 3335 418 κένωσις
3365 356 3464 410 τοῦ
3496 360 3638 413 κατά

393 465 545 520 catis
583 463 810 518 adventu
850 459 924 514 sit
966 457 1267 511 habiturus.
1308 453 1493 507 Veniet
1535 452 1703 517 enim,
1738 459 1794 503 ut
1825 450 1966 516 ipse—

2065 449 2228 517 φύσιν
2256 449 2550 519 προσόντος
2577 443 2887 514 ἀξιώματος
2927 441 3319 510 ἀπογυμνώσει
3345 443 3441 494 τὸν
3477 443 3637 511 Υίὺν,

394 565 505 609 met
533 555 691 617 dixit,
722 555 774 606 in
829 551 994 620 gloria
1051 546 1222 601 Patris
1257 546 1338 599 sui
1371 545 1411 598 ί.
1463 543 1744 610 Quomodo
1801 542 1966 612 igitur

2079 542 2220 594 λύσιν
2251 541 2450 608 ἔχουσα
2497 539 2599 606 τὴν
2646 537 2906 606 δευτέραν
2936 537 2996 603 ἐξ
3035 535 3266 607 οὐρανοῦ
3303 537 3635 607 παρουσίαν.

394 645 555 701 Patre
582 646 782 710 minor,
823 643 912 711 qui
939 641 990 693 in
1028 638 1195 708 gloria
1222 648 1306 692 est
1334 635 1558 707 perfecti
1611 634 1825 690 Patris?

948 900 1201 968 Ejusdem
1233 909 1280 954 et
1312 899 1442 952 hrrc.

464 995 519 1049 Si
564 994 820 1048 Dominus
879 1003 959 1045 est
1007 991 1188 1054 Pater,
1242 1000 1296 1043 et
1351 989 1515 1043 Filius
1567 997 1652 1042 est
1695 987 1968 1049 Dominus,

396 1087 664 1155 quomodo
692 1084 849 1136 Patre
873 1082 1041 1135 Filius
1065 1080 1278 1134 minor?
1297 1078 1410 1132 Non
1434 1080 1536 1132 erit
1561 1076 1794 1145 perfecte
1813 1075 1969 1141 liber,

396 1179 438 1231 si
472 1177 646 1230 minor
682 1183 762 1228 est
787 1171 1030 1240 imperio,
1067 1185 1164 1224 nec
1193 1169 1402 1237 plenam
1433 1170 1482 1220 in
1517 1183 1576 1222 se
1641 1167 1846 1219 obtinet
1887 1168 1972 1218 di-

2068 630 2228 694 Ἥξει
2257 629 2362 698 γὰρ
2397 627 2636 688 πάντως.
2693 627 2768 690 ὼς
2817 625 3136 694 ἠκούσαμεν
3184 626 3458 691 λέγοντος,
3487 630 3545 680 έν
3573 631 3638 697 τῇ

2070 722 2192 788 δόξῃ
2222 718 2316 771 τοῦ
2347 717 2556 787 Πατρδς
2583 716 2769 770 αὐτοῦ.
2804 716 2923 778 Πῶς
2947 711 3042 768 οὖν
3069 715 3206 778 ὅλως
3229 717 3287 768 ὲν
3310 719 3377 786 τῇ
3403 716 3529 788 δόξῃ
3547 718 3639 771 τοῦ

2071 810 2271 866 τελείου
2307 807 2518 878 Πατρὸς
2545 810 2572 861 6
2601 806 2836 860 ἐλάττων
2861 806 3048 874 αὐτοῦς

2677 898 2786 952 Καὶ
2818 898 3021 952 τοῦτο.

2142 993 2202 1047 El
2243 993 2449 1064 Κύριός
2477 994 2628 1046 ἐστιν
2656 991 2684 1042 6
2717 991 2930 1058 Πατὴρ,
2961 990 3172 1060 Κύριος
3201 992 3258 1046 δὲ
3308 995 3516 1064 ὁμοίως
3549 997 3644 1048 καὶ

2071 1089 2099 1139 6
2133 1086 2278 1148 Υἱὸς,
2327 1085 2446 1147 πῶς
2478 1083 2720 1137 ἐλάττων
2765 1082 2936 1136 αὐτοῦ
2988 1084 3174 1146 ὲστινς
3211 1085 3406 1138 Ἔσται
3435 1087 3544 1156 γὰρ
3580 1087 3640 1139 ού

2073 1178 2299 1240 τελείως
2327 1175 2633 1242 ἐλεύθερος,
2691 1175 2850 1242 είπερ
2899 1173 3048 1226 ἐστὶν
3093 1174 3336 1229 ἐλάττων
3363 1177 3422 1229 ὲν
3461 1179 3642 1247 κυριόο

399 1270 678 1337 gnitatem.
712 1264 974 1318 Prmlerea
1001 1263 1047 1316 si
1082 1263 1168 1314 lux
1200 1272 1284 1316 est
1326 1260 1485 1314 Pater
1505 1297 1520 1317 ,
1542 1259 1696 1310 etlux
1726 1258 1975 1312 similiter

2079 1288 2216 1342 τητι,
2247 1271 2340 1323 καὶ
2365 1270 2426 1323 ού
2463 1268 2669 1338 πλῆρες
2709 1267 2850 1338 ἔχων
2885 1269 2942 1321 ὲν
2964 1269 3144 1338 ἑαυτῷ
3173 1269 3232 1321 τὸ
3262 1267 3505 1336 ἀξίωμα.
3537 1270 3645 1323 Καὶ

410 1370 492 1414 est
524 1358 710 1414 Filius.
736 1355 1006 1423 quomodo
1041 1353 1214 1404 minor
1241 1360 1324 1405 est
1356 1349 1549 1404 Patre?
1583 1349 1696 1402 Lux
1727 1348 1868 1402 enim
1904 1348 1971 1415 (si

404 1452 581 1503 minor
625 1448 729 1511 est)
765 1446 868 1499 erit
916 1444 1251 1512 imperfecta,
1291 1451 1342 1496 et
1375 1454 1526 1511 parte
1557 1441 1730 1507 aliqua
1759 1456 1785 1492 a
1822 1451 1976 1493 tene-

406 1537 516 1590 bris
556 1532 926 1601 occupabitur.
964 1531 1027 1584 Et
1071 1532 1298 1584 mendax
1357 1529 1460 1581 erit
1499 1528 1850 1596 evangelista,
1905 1527 1975 1579 Et

2079 1365 2128 1415 εί
2157 1363 2271 1430 φῶς
2297 1363 2448 1414 ἐστιν
2478 1362 2506 1413 6
2547 1360 2759 1430 Πατὴρ,
2793 1360 2910 1428 φῶς
2964 1360 3021 1412 δὲ
3070 1359 3274 1429 ὁμοίως
3299 1359 3396 1412 καὶ
3442 1362 3471 1413 6
3495 1359 3642 1426 Υίδς,

2077 1454 2199 1517 πῶς
2219 1454 2459 1507 ἐλάττων
2497 1452 2665 1506 αὑτοῦ
2716 1453 2903 1518 ὲστιν;
2937 1452 3135 1505 Ἔσται
3177 1451 3287 1522 γὰρ
3327 1452 3390 1504 ού
3423 1450 3645 1513 τελείως

2077 1546 2216 1614 φῶς,
2257 1542 2738 1612 καταληφθήσεται
2792 1539 2848 1594 δὲ
2879 1543 2988 1596 ἀπὺ
3022 1543 3229 1611 μέρους
3255 1542 3360 1595 ὑπὸ
3386 1543 3494 1611 τῆς
3522 1561 3646 1595 σκο-

405 1628 646 1682 tenebrae.
685 1623 954 1687 inquiens,
1003 1636 1120 1673 eam
1150 1636 1252 1672 non
1273 1619 1770 1684 comprehenderunt
1805 1621 1849 1672 ⁸.
1893 1619 1974 1672 Ad

2079 1637 2221 1702 τίας,
2253 1636 2349 1691 καὶ
2377 1635 2641 1705 ψεύσεται
2674 1633 2848 1702 λέγων
2875 1635 2905 1686 6
2936 1633 3371 1704 Εὐαγγελιστὴς,
3403 1635 3477 1688 ἸΙ
3503 1652 3648 1688 σκο-

405 1722 516 1770 hasc
561 1717 604 1767 si
647 1713 806 1767 Pater
841 1721 923 1765 est
951 1711 1081 1772 vita,
1109 1721 1164 1762 et
1194 1708 1358 1763 Filius
1390 1709 1516 1762 item
1556 1719 1639 1763 est
1675 1714 1801 1772 vita,
1832 1726 1974 1779 quo-

2081 1732 2176 1784 τία
2208 1701 2354 1782 αὐτὸ
2375 1701 2448 1781 οὐ
2477 1701 2792 1780 κατέλαϐέ.
2835 1725 2946 1778 Καὶ
2975 1727 3024 1778 εί
3056 1725 3169 1789 ζωή
3203 1701 3352 1778 ἐστιν
3372 1730 3398 1778 ὁ
3436 1727 3646 1795 Πατὴρ,

411 1809 569 1860 modo
603 1805 763 1858 Patre
817 1801 1095 1854 uiinorest
1127 1799 1339 1854 Filius?
1373 1798 1468 1852 Sili
1501 1800 1811 1867 imperfecte
1845 1801 1975 1865 vita,

411 1907 467 1952 et
492 1898 610 1948 ideo
651 1895 848 1955 minor,
881 1892 1116 1961 perfecta
1151 1892 1201 1943 in
1240 1890 1392 1943 nobis
1417 1891 1524 1942 vita
1557 1905 1660 1943 non
1695 1892 1820 1952 erit,
1856 1892 1980 1944 licet

407 1983 459 2039 in
500 1983 740 2037 interiori
762 1978 1532 2035 homineCliristusinhabitet.
1567 1976 1822 2046 Etaliqua
1854 1995 1981 2047 par-

407 2085 459 2130 te
492 2073 892 2144 quodammodo
921 2080 1077 2125 erunt
1097 2070 1312 2133 mortui,
1343 2069 1434 2138 qui
1463 2069 1512 2120 in
1538 2068 1711 2136 ipsum
1743 2070 1986 2124 credide-

2081 1821 2192 1891 ζωὴ
2212 1820 2267 1872 δὲ
2291 1820 2491 1888 ὁμοίως
2517 1818 2652 1871 καὶὸ
2682 1818 2829 1881 Υἱὸς,
2861 1818 2978 1879 πῶς
3004 1818 3248 1872 ἐλάττων
3279 1817 3448 1871 αὐτοῦ
3474 1821 3644 1885 iactv;

2083 1913 2158 1965 06
2193 1911 2301 1980 γὰρ
2335 1912 2489 1963 ἔσται
2530 1909 2753 1972 τελείως
2806 1910 2865 1963 ὲν
2909 1911 3100 1980 ἡμῖνή
3135 1909 3269 1978 ζωὴ,
3313 1910 3419 1962 κᾶν
3450 1912 3530 1973 είς
3554 1910 3649 1962 τὸν

2083 2005 2189 2057 έσω
2215 2003 2504 2073 ἄνθρωπον
2528 2004 2835 2073 κατοικήσῃ
2869 2004 2896 2054 6
2921 2003 3175 2070 Χριστός.
3207 2001 3414 2069 Νεκροὶ
3439 2002 3496 2054 δέ
3529 2019 3648 2065 πως

2083 2098 2224 2152 κατά
2259 2114 2312 2148 τι
2343 2096 2508 2165 μέρος
2542 2096 2590 2147 oi
2614 2094 3026 2157 πιστεύσαντες,
3076 2094 3236 2164 εἴπερ
3264 2093 3416 2147 ἐστὶν
3461 2093 3522 2146 ού
3560 2111 3649 2145 τε·

407 2176 553 2221 runt.
578 2165 706 2231 Qua:
737 2164 950 2230 quidem
983 2161 1237 2230 quoniam
1262 2174 1289 2211 a
1314 2159 1562 2224 nobis,ut
1587 2160 1840 2224 absurda,
1861 2169 1978 2214 sunt

2084 2191 2242 2252 λείως
2265 2159 2380 2258 ζωὴ
2408 2159 2470 2241 τὸ
2518 2188 2741 2242 ιλαττον
2769 2187 2911 2257 ἔχων
2947 2188 2976 2240 6
3013 2187 3162 2250 Υίός.
3205 2159 3426 2256 Ἐπειδὴ
3461 2188 3515 2239 δὲ
3543 2186 3650 2256 χρὴ

406 2259 594 2330 procul
635 2257 944 2324 rejieienda,
979 2255 1280 2326 perfer-tuin
1325 2268 1447 2308 esse
1499 2253 1728 2308 dicimus
1766 2254 1980 2317 Filium,

404 2361 458 2405 et
486 2349 631 2404 Patri
669 2350 908 2419 perfecto
957 2345 1218 2415 aequalem
1287 2356 1506 2414 propter
1559 2345 1808 2399 essentia:
1841 2345 1980 2398 nulla

406 2443 458 2496 in
494 2451 649 2511 parte
699 2439 968 2493 diversam
993 2436 1422 2492 similitudinem.

931 2550 1184 2617 Eiusdem
1228 2559 1275 2603 et
1323 2550 1455 2604 Iure.

475 2645 760 2714 Equalem
780 2657 840 2698 se
874 2641 980 2696 Deo
1017 2652 1069 2694 et
1091 2641 1235 2695 Patri
1261 2642 1542 2697 declarans
1562 2643 1814 2697 Christus
1843 2657 1981 2711 quo-

409 2737 531 2795 dam
572 2740 690 2791 loco
719 2735 1013 2802 discipulos
1061 2749 1188 2788 suos
1234 2732 1316 2786 sic
1366 2734 1654 2802 alloquitur
1684 2753 1699 2795 ;
1729 2735 1831 2799 Qui
1857 2736 1981 2789 vidit

2082 2284 2180 2351 τὴν
2214 2283 2272 2334 ἐν
2302 2279 2517 2343 τούτοις
2547 2278 2780 2333 ἀτοπίαν
2825 2279 2903 2341 ὡς
2956 2278 3298 2349 πορρωτάτω
3349 2277 3644 2339 ποιεῖσθαι,

2081 2371 2285 2424 τέλειον
2311 2366 2455 2422 είναί
2483 2386 2663 2436 φαμεν
2694 2368 2785 2420 τὸν
2827 2366 2956 2419 Υίὸν
3006 2367 3097 2418 τὸν
3127 2367 3205 2436 τῷ
3247 2367 3440 2438 τελείῳ
3473 2368 3650 2437 [fath

2082 2460 2486 2532 παρισούμενον
2517 2458 2607 2513 διά
2637 2459 2698 2511 τὸ
2732 2459 2834 2526 τῆς
2863 2456 3052 2519 οὐσίας
3089 2456 3538 2528 ἀπαράλλακτον.

2692 2550 2800 2603 Καὶ
2837 2548 3033 2604 τοῦτο.

2157 2649 2303 2701 Ἴσον
2364 2643 2556 2697 ἑαυτὸν
2585 2641 2946 2697 ἐπιδεικνύων
2977 2639 3057 2711 τῷ
3086 2639 3207 2709 Θεῷ
3273 2641 3368 2692 καὶ
3444 2640 3645 2710 Πατρὶ,

2084 2738 2220 2810 φησι
2258 2754 2359 2790 που
2387 2733 2626 2804 Χριστὸς
2673 2732 2810 2800 πρὸς
2835 2733 2960 2796 τοὺς
2991 2733 3228 2796 οἰκείους
3262 2732 3533 2803 μαθητὰς,
3580 2733 3647 2786 '0

405 2845 488 2884 me
500 2829 630 2882 vidit
648 2825 857 2880 Patrem
877 2826 918 2878 ³.
940 2825 1217 2891 Quomodo
1235 2824 1324 2892 qui
1349 2834 1537 2878 natura
1558 2826 1678 2880 talis
1693 2835 1775 2881 est
1796 2837 1851 2880 ut
1872 2828 1978 2893 ipse

2081 2831 2351 2901 ἑωρακὼς
2384 2829 2488 2897 ἐμὲ
2515 2828 2736 2896 ἑώρακε
2765 2827 2874 2881 τὸν
2900 2824 3300 2894 Πατέρα.Εῐτα
3328 2828 3489 2890 πῶςὸ
3506 2827 3651 2881 κατὰ

413 2933 539 2973 vera
581 2917 767 2971 dicens
801 2915 1054 2978 aliirmat,
1118 2913 1276 2968 Patre
1319 2913 1493 2968 minor
1525 2913 1648 2980 erit,
1680 2925 1735 2968 ut
1768 2915 1981 2983 quidam

412 3020 615 3065 temere
665 3005 990 3076 opinantur?
1017 3005 1071 3058 Si
1107 3006 1247 3059 enim
1305 3007 1483 3060 minor
1527 3006 1794 3060 exsistens
1820 3006 1871 3059 in
1895 3019 1982 3061 se-

409 3102 525 3171 ipso
561 3099 771 3154 Patrem
799 3096 1070 3166 exprimit,
1092 3111 1211 3150 cum
1243 3095 1384 3150 nulla
1416 3097 1710 3152 intercedat
1731 3097 1982 3151 immuta-

407 3193 505 3258 tio,
553 3191 680 3246 illud
726 3191 897 3258 ipsum
931 3189 980 3242 in
1010 3187 1222 3242 Patrem
1260 3189 1482 3252 recidet,
1530 3189 1725 3257 quippe
1779 3189 1867 3256 qui
1923 3189 1976 3242 in

407 3284 660 3354 imagine,
696 3297 885 3350 nempe
915 3281 967 3336 in
992 3278 1129 3334 Filio
1147 3290 1401 3333 cernatur
1422 3293 1724 3348 expressus.
1749 3278 1851 3333 Sed
1880 3280 1979 3335 hoc

407 3375 700 3430 absurdum
725 3382 827 3428 est.
852 3371 967 3426 Non
1004 3372 1166 3439 igitur
1191 3369 1359 3425 Filius
1384 3371 1578 3437 minor,
1607 3372 1656 3425 in
1689 3386 1794 3440 quo
1820 3370 1979 3425 Pater

408 3467 681 3537 perfectus
707 3465 1049 3534 exprimitur.

938 3660 1190 3732 Ejusdem
1232 3671 1278 3715 et
1312 3661 1444 3715 hac.

475 3755 756 3822 Quomodo
787 3755 956 3809 Filius
989 3757 1184 3818 minor,
1215 3767 1370 3824 quem
1400 3769 1462 3808 ea
1499 3769 1617 3823 qua:
1639 3752 1810 3807 Patris
1831 3765 1976 3816 sunt.

409 3851 606 3903 habere
637 3849 892 3903 constat?
924 3849 1059 3902 Vere
1089 3849 1228 3901 enim
1254 3848 1424 3902 dicit:
1464 3846 1652 3900 Omnia
1675 3863 1788 3917 qua:
1820 3847 1981 3899 Pater

413 3941 585 4006 habet,
617 3957 728 3994 mea
751 3949 895 3993 sunt.
927 3937 991 3991 Et
1021 3953 1232 3991 rursum
1284 3937 1472 4000 Deum,
1528 3947 1580 3990 et
1620 3939 1826 3990 Patrem
1851 3937 1980 3989 allo-

403 4048 595 4102 quens,
624 4033 837 4098 Omnia,
863 4030 1055 4099 inquit,
1089 4045 1198 4081 mea
1226 4036 1313 4080 tua
1342 4039 1482 4092 sunt,
1529 4039 1570 4082 :t
1599 4035 1687 4080 tua
1710 4045 1820 4081 mea
1845 4027 1886 4082 ⁵.
1925 4027 1979 4082 Si

405 4128 571 4189 enim,
610 4135 668 4178 ut
694 4136 894 4179 temere
924 4123 1144 4191 quidam
1181 4122 1441 4183 sentiunt,
1476 4121 1650 4173 minor
1678 4130 1759 4174 est
1791 4119 1973 4187 Filius,

403 4231 526 4268 cum
556 4229 681 4267 vere
738 4212 1048 4280 pronuntiet
1073 4210 1161 4264 hic
1192 4210 1404 4263 Patrem
1430 4209 1709 4277 alloquens
1739 4226 1754 4263 :
1790 4209 1980 4264 Omnia

406 4323 520 4359 uua
552 4317 639 4358 tua
667 4315 806 4366 sum,
829 4313 874 4356 et
908 4313 998 4356 tua
1025 4318 1155 4366 mea,
1177 4301 1330 4356 cadet
1355 4310 1408 4356 et
1439 4302 1489 4355 in
1523 4301 1766 4366 Patrem,
1794 4311 1850 4355 ut
1876 4304 1978 4356 iiii-

2083 2925 2246 2993 φύσιν
2268 2921 2530 2984 τοιοῦτος,
2571 2920 2713 2973 οὕτω
2751 2936 2810 2972 τε
2852 2919 3136 2990 ὑπάρχων,
3199 2919 3276 2982 ὡς
3306 2919 3471 2981 αὐτὸς
3503 2919 3641 2989 ἀληο

2086 3015 2261 3068 Θεύων
2309 3012 2732 3084 διισχυρίζεται,
2769 3011 2830 3063 τὸ
2860 3010 3083 3063 ἔλαττον
3116 3010 3227 3074 ἔξει
3273 3010 3414 3064 κατά
3443 3012 3542 3079 τήν
3571 3027 3652 3062 τι-

2083 3124 2189 3162 νων
2235 3104 2525 3170 ἀϐουλίαν;
2581 3104 2642 3157 Εἰ
2673 3103 2781 3172 γὰρ
2820 3103 3081 3174 ὑπάρχων
3120 3102 3358 3155 ἐλάττων
3390 3104 3448 3155 ὲν
3471 3104 3653 3174 ἑαυτῷ

2079 3198 2316 3253 δεικνύει
2345 3197 2434 3250 τὸν
2460 3196 2678 3265 Πατέρα
2701 3235 2714 3259 ,
2760 3193 3034 3263 μηδεμιᾶς
3067 3194 3652 3264 μεσολαϐούσηςπαρ-

2081 3290 2343 3358 αλλαγῆς,
2371 3287 2462 3340 ἐπὶ
2494 3285 2586 3338 τὸν
2616 3286 2834 3354 Πατέρα
2858 3287 2918 3336 τδ
2945 3283 3168 3338 ἔλαττον
3198 3284 3552 3355 ἀναϐήσεται,
3573 3285 3649 3349 ὡς

2083 3383 2140 3435 ἐν
2164 3379 2555 3449 ἁμεταποιήτῳ
2594 3378 2918 3448 φαινόμενον
2965 3379 3134 3430 εἰκόνι
3182 3377 3260 3447 τῷ
3311 3377 3446 3447 Υἱῷ.
3486 3379 3653 3434 Ἀλλὰ

2079 3473 2240 3527 τοῦτο
2266 3473 2488 3527 ἄτοπον.
2519 3470 2730 3525 Οὐκοῦν
2756 3472 2856 3524 οὐκ
2883 3471 3121 3524 ἐλάττων
3151 3474 3179 3525 6
3209 3472 3337 3535 Υιὸς
3356 3512 3369 3534 ,
3403 3473 3464 3524 ἐν
3491 3467 3650 3544 ᾧπερ

2081 3565 2469 3630 ἐξεικονίξεται
2493 3564 2699 3626 τέλειος
2733 3567 2760 3616 6
2787 3563 2976 3634 Πατὴρ
3005 3563 3100 3618 ὧν.

2694 3656 2804 3710 Καὶ
2830 3656 3030 3710 τοῦτο.

2151 3752 2260 3806 Καὶ
2287 3751 2401 3815 πῶς
2435 3749 2501 3804 ἂν
2530 3749 2590 3802 τὸ
2623 3749 2865 3814 ἔλαττον,
2897 3751 2954 3801 ὲν
2997 3743 3197 3819 οἷσπέρ
3238 3750 3385 3802 ἐστιν
3407 3751 3435 3804 6
3458 3751 3652 3823 Πατὴρ

2081 3845 2156 3896 ὢν
2196 3846 2223 3895 6
2262 3842 2386 3904 Υίὺς
2420 3841 2734 3910 ἐπιδείξηται
2757 3879 2775 3907 ,
2824 3840 2998 3908 λέγων
3031 3840 3408 3910 ἀνεγκλήτως,
3443 3842 3653 3896 Πάντα

2081 3935 2198 3987 ὅσα
2228 3936 2354 4003 ἔχει
2390 3936 2422 3988 ό
2457 3932 2660 4001 Πατὴρ
2698 3932 2811 4002 ἐμά
2842 3933 3010 3998 ἑστι;
3061 3934 3156 3986 καὶ
3214 3933 3378 3987 πάλιν
3406 3934 3484 3998 ὡς
3512 3937 3653 4005 πρὸς

2080 4028 2168 4079 τὸν
2189 4027 2323 4079 Θεὸν
2352 4025 2446 4078 καὶ
2479 4025 2726 4094 Πατέρα,
2762 4025 2843 4077 ὅτι
2877 4026 3082 4078 Πάντα
3113 4024 3184 4079 τὰ
3226 4025 3338 4094 ἐμὰ
3369 4027 3452 4080 σά
3493 4026 3650 4093 ἐστι,

2081 4119 2178 4173 καὶ
2211 4117 2281 4170 τὰ
2306 4117 2386 4172 σὰ
2406 4115 2541 4185 ἐμά.
2577 4118 2639 4170 Εί
2662 4118 2770 4188 γὰρ
2795 4117 2966 4181 ὅντως
2995 4119 3113 4172 ἐστ)⁵
3145 4119 3287 4172 κατὰ
3340 4121 3439 4190 τήν
3487 4137 3649 4174 τινων

2079 4209 2336 4264 ἀδουλίαν
2365 4209 2600 4263 ἐλάττων
2631 4209 2658 4261 6
2694 4209 2843 4275 Υἱὸς,
2891 4211 3191 4281 ἐπειδήπερ
3255 4212 3515 4282 ἀληθεύει
3555 4214 3640 4268 λέ-

2081 4318 2192 4368 γων
2228 4301 2363 4373 πρὸς
2387 4301 2476 4354 τὸν
2516 4299 2756 4369 Πατέρα,
2793 4301 2869 4355 Τὰ
2890 4301 3003 4371 ἐμὰ
3037 4305 3118 4356 σά
3148 4304 3303 4368 ἐστι,
3332 4305 3432 4358 καὶ
3470 4311 3540 4360 τὰ
3567 4307 3650 4360 σὰ

407 4413 508 4450 nor
538 4397 627 4457 sit,
681 4405 734 4449 et
773 4397 822 4447 in
877 4394 1095 4459 Filium,
1155 4403 1212 4446 ut
1252 4393 1444 4461 major,
1481 4409 1599 4448 cum
1640 4410 1817 4449 rerum
1848 4396 1978 4450 ordo

2086 4395 2219 4459 ἐμὰ,
2259 4396 2500 4465 χωρήσει
2535 4395 2627 4447 καὶ
2652 4395 2745 4448 ἐπὶ
2776 4395 2868 4448 τὸν
2917 4396 3137 4466 Πατέρα
3171 4398 3230 4448 τὸ
3261 4398 3504 4460 ἔλαττον.
3553 4403 3643 4453 καὶ

405 4491 652 4542 diversus
684 4503 789 4539 non
821 4488 908 4550 sit,
947 4499 1002 4539 et
1035 4485 1085 4537 in
1119 4494 1348 4552 utroque
1380 4501 1442 4538 ea
1491 4496 1804 4550 cernantur,
1861 4503 1980 4556 qua:

404 4579 628 4630 alterius
668 4583 816 4636 sunt,
851 4584 904 4628 et
950 4577 1089 4641 quod
1127 4575 1300 4628 Patris
1329 4583 1434 4639 est,
1468 4574 1519 4628 id
1545 4577 1707 4628 etiam
1736 4575 1855 4628 Filii
1889 4576 1981 4638 sit,

404 4678 456 4720 et
485 4676 698 4718 contra.
745 4663 889 4716 Nihil
944 4663 1105 4733 igitur
1158 4663 1462 4730 prohibebit
1497 4673 1548 4716 et
1582 4663 1792 4716 Patrem
1848 4663 1983 4718 Filio

404 4755 666 4808 minorem
699 4755 898 4817 dicere,
951 4764 1003 4806 et
1058 4753 1217 4808 Patre
1259 4755 1516 4821 majorem
1578 4753 1794 4807 Filium.
1853 4756 1982 4820 Qua:

402 4849 617 4913 quidem
644 4862 763 4898 eum
797 4847 878 4899 vel
909 4846 1145 4913 cogitare
1177 4846 1248 4897 sit
1287 4845 1762 4910 absurdissimum,
1799 4847 1983 4914 sequi-

404 4948 490 4991 tur
515 4945 572 4991 ut
599 4938 822 5006 aqualis
853 4936 998 4989 Patri
1033 4937 1103 4989 sit
1137 4936 1325 4999 Filius,
1361 4937 1452 5004 qui
1497 4952 1684 4991 omnes
1719 4953 1840 4990 cum
1867 4937 1974 4991 Pa-

405 5041 486 5084 tre
511 5043 829 5083 communes
863 5027 1026 5080 habet
1046 5028 1293 5081 essentiae
1313 5027 1625 5095 dignitates.

2087 4487 2145 4537 τὸ
2174 4486 2358 4553 μεῖζον
2404 4486 2602 4555 ὁμοίως
2653 4485 2743 4537 ἐπὶ
2793 4485 2886 4537 τὸν
2927 4485 3075 4550 Υίὸν,
3110 4487 3512 4558 ἀδιαφορούσης
3552 4494 3649 4559 τῆς

2081 4573 2187 4626 τῶν
2218 4575 2559 4643 πραγμάτων
2593 4573 2817 4639 τάξεως,
2856 4576 3016 4646 εἴπερ
3047 4577 3104 4628 ἐν
3151 4577 3401 4649 ἑκατέρῳ
3425 4581 3492 4632 τὰ
3517 4581 3650 4633 ἐκα-

2082 4668 2225 4735 τέρῳ
2261 4668 2530 4734 προσόντα
2567 4665 2840 4733 φαίνεται,
2895 4669 2987 4719 καὶ
3012 4669 3149 4738 ὅπερ
3187 4669 3253 4721 ἂν
3283 4673 3371 4735 εἴη
3408 4670 3501 4722 τοῦ
3534 4673 3645 4723 [Ια-

2080 4759 2228 4827 τρὸς,
2266 4756 2425 4808 τοῦτό
2462 4757 2579 4807 ἐστι
2633 4756 2728 4808 καὶ
2785 4756 2878 4808 τοῦ
2917 4757 3060 4821 Υξοῦ,
3091 4760 3183 4811 καὶ⁵
3214 4760 3374 4812 πάλιν
3411 4748 3547 4828 ὅπερ
3583 4761 3648 4812 ἂν

2082 4850 2329 4917 ὑπάρχον
2363 4847 2459 4901 τοῦ
2517 4848 2645 4901 Υίοῦ
2683 4851 2815 4902 ἴδιον
2871 4851 3155 4921 φαίνηται,
3206 4841 3362 4904 τούτό
3401 4856 3514 4903 ἐστι
3551 4853 3646 4904 καὶ

2081 4941 2177 4994 τοῦ
2213 4941 2628 5008 Πατρός.ούδέν
2653 4941 2745 4993 οὖν
2775 4942 3010 4995 κωλύσει
3051 4943 3233 5012 λέγειν
3257 4945 3520 4997 ἐλάττονα
3549 4945 3645 4996 τοῦ

2083 5027 2215 5081 Υἱοῦ
2251 5029 2341 5080 τὸν
2361 5028 2600 5095 Πατέρα,
2633 5029 2728 5081 καὶ
2763 5029 2983 5097 μείζονα
3011 5032 3104 5082 τοῦ
3145 5034 3354 5102 11:11:96,-
3379 5035 3469 5085 τὸν
3495 5034 3645 5086 Υἱόν.

413 5123 555 5177 Ἀλλ’
582 5123 697 5174 ἔστι
731 5120 841 5172 τῶν
910 5118 1278 5172 ἀτοπωτάτων
1332 5121 1425 5172 καὶ
1482 5121 1642 5188 μόνον
1679 5121 1880 5176 ἐννοεῖν
1919 5140 1972 5177 τι
2028 5121 2289 5177 τοιοῦτον.
2329 5121 2472 5184 Ἵσος
2522 5123 2651 5191 ἄρα,
2687 5124 2780 5176 καὶ
2832 5123 2933 5176 οὐκ
2977 5125 3217 5180 ἐλάττων
3246 5129 3274 5181 6
3313 5135 3467 5183 κοινά
3512 5130 3644 5201 πρὸς

400 5216 489 5270 τὸν
520 5214 742 5284 Πατέρα
772 5214 839 5267 τὰ
867 5215 964 5280 τῆς
999 5212 1181 5272 οὐσίας
1216 5211 1355 5280 ἔχων
1381 5211 1855 5284 πλεονεκτήματα.

953 5302 1200 5370 Ejusdem
1231 5314 1276 5355 et
1301 5305 1435 5356 lucc.

468 5400 710 5466 Quodam
735 5401 851 5452 loco
875 5398 1150 5462 Servatur,
1178 5398 1317 5452 sicut
1353 5399 1468 5467 ipse
1497 5399 1545 5452 in
1575 5399 1732 5454 Patre
1763 5412 1868 5468 est,
1894 5404 1974 5456 sic

399 5490 612 5545 Patrem
659 5489 714 5542 in
749 5505 806 5542 se
836 5502 957 5543 esse
993 5488 1142 5541 dicit.
1181 5487 1335 5542 Nullo
1395 5498 1574 5542 autem
1637 5503 1794 5558 pacto
1826 5494 1973 5561 cogi-

474 5628 490 5657 ¹
525 5625 714 5679 Matth.
755 5641 862 5688 xw,
898 5626 986 5681 ‘17.
1065 5627 1082 5654 ¹
1111 5624 1265 5678 Joan.
1293 5642 1333 5685 t.
1369 5627 1420 5680 5.

2695 5307 2808 5360 Καὶ
2845 5308 3044 5365 τοῦτο.

2153 5398 2306 5452 Οὕτω
2337 5400 2438 5452 πού
2504 5417 2666 5469 φησιν
2701 5403 2727 5452 6
2751 5401 2980 5473 Σωτὴρ,
3022 5402 3097 5466 ὡς
3135 5404 3219 5474 εἴη
3251 5407 3353 5474 μὲν
3389 5409 3550 5471 αὐτὸς
3587 5413 3646 5464 ἐν

2082 5491 2280 5561 Πατρὶ,
2311 5494 2402 5544 καὶ
2432 5495 2457 5546 6
2485 5494 2676 5564 Πατὴρ
2706 5493 2759 5548 δὲ
2781 5487 3000 5565 ¹ὁμοίως
3031 5497 3088 5552 ἐν
3112 5498 3282 5568 αὐτῷ.
3329 5500 3471 5553 ’Λλὶθ
3528 5502 3646 5557 ἐστι

1493 5627 1685 5683 'Joan.
1717 5644 1822 5694 xw,
1847 5629 1899 5684 9.
1970 5629 2160 5684 ‘Joan.
2191 5645 2321 5694 xvn,
2347 5628 2426 5686 l0.
