4086 6214
346 309 457 373 ὕϐ)
1325 303 1711 363 PANOPLIA
1752 303 1943 364 DOGN

2045 304 2216 365 [‘lCA.
2250 326 2319 340 -
2358 306 2512 367 TlT.
2541 306 2653 369 XI.
3516 305 3625 369 670

344 421 516 477 παντί
563 438 669 476 που
694 419 877 491 δῆλον,
921 417 999 483 ὡς
1023 419 1085 473 οὐ
1121 420 1389 491 προσήκει
1450 419 1594 472 νοεῖν
1662 417 1927 489 καθάπερ

2045 420 2260 473 landum
2293 431 2397 486 est,
2436 430 2496 478 ttt
2520 438 2720 493 corpus
2750 422 2804 477 in
2834 436 3089 492 corpore.
3149 429 3245 475 aut
3266 436 3362 477 vas
3392 412 3445 477 in
3472 439 3621 488 Vise,

346 514 513 585 σῶμα
543 515 603 568 ὲν
638 512 879 581 σώματι,
905 512 939 580 ἢ
966 511 1159 574 σκεῦος
1183 513 1242 563 ὲν
1273 508 1483 574 σκεύει,
1508 510 1653 562 οὕτω
1673 512 1925 579 χωρητὸν

2045 512 2113 565 sic
2140 510 2337 566 Filium
2402 514 2455 568 in
2480 515 2643 569 Patre
2672 524 2766 569 aut
2816 514 3033 569 Patrem
3079 512 3133 567 itt
3165 512 3304 567 Filio
3331 527 3473 568 esse.
3532 512 3626 569 Sic

343 609 407 662 ιν
439 606 558 677 Υίῷ
602 605 696 661 τὸν
719 606 967 676 Πατέρα,
993 604 1026 675 ἦ
1058 603 1127 658 αὖ
1154 602 1314 657 πάλιν
1354 603 1447 655 τὸν
1492 602 1619 655 Υίὸν
1664 602 1929 670 ἀντεμϐι-

346 699 617 765 ϐάζεσθαι
682 699 887 769 τρόπον
916 698 1037 751 τινὰ
1102 696 1183 767 τῷ
1218 695 1411 764 Πατρὶ,
1447 695 1543 748 καὶ
1600 688 1754 758 οὗτος
1793 694 1849 746 δὲ
1872 697 1931 747 ἑν

346 790 568 860 ἐκείνῳ,
589 791 843 851 κάκεῖνος
867 790 925 841 ἑν
954 787 1129 858 τούτῳ
1158 788 1434 858 φαίνεται,
1451 787 1527 848 ὠς
1548 790 1605 840 ὲν
1630 787 1925 854 ταυτότητι

347 883 452 953 τῆς
481 883 671 945 οὐσίας
714 878 1152 950 ἁπαραλλάκτῳ,
1188 881 1284 932 καὶ⁵
1313 884 1379 949 τῇ
1410 880 1553 931 κατὰ
1590 880 1757 946 φύσιν
1810 879 1930 931 ἐνό-

356 974 492 1045 τητί
524 991 583 1028 τε
612 974 711 1028 καὶ
742 973 1063 1043 ὁμοιότητι·
1092 972 1282 1040 ὥσπερ
1310 972 1377 1024 ἂν
1402 972 1456 1023 εί
1487 989 1567 1034 τις
1605 974 1699 1023 καὶ
1752 971 1812 1023 ἐν
1860 970 1934 1021 εί-

350 1066 474 1117 κῧνι
503 1064 605 1133 τὴν
639 1064 851 1115 οίκείαν
873 1062 1297 1130 καταθεώμενος
1327 1061 1571 1131 μορφὴι,
1600 1060 1753 1128 λέγοι
1788 1059 1931 1129 πρός

350 1170 515 1216 τινας
547 1154 853 1223 ἀληθεύων,
887 1154 987 1206 καὶ
1024 1154 1125 1224 τὴν
1189 1154 1274 1217 είς
1331 1153 1505 1222 ἄκρον
1536 1153 1932 1222 ἐξησκημένην

351 1247 663 1316 ἐμφέρειαν
739 1243 837 1297 τοῦ
903 1246 1105 1299 οἰκείου
1183 1246 1467 1315 σχήματος
1534 1244 1932 1312 ἀποθαυμάζει

354 1334 521 1406 βοῶν,
568 1334 710 1403 Ἐγὼ
736 1337 796 1387 ὲν
828 1336 955 1405 τῇδε
994 1339 1061 1406 τῇ
1105 1339 1321 1407 γραφῇ,
1371 1337 1525 1407 καὶὴ
1562 1337 1751 1406 γραφὴ
1778 1336 1833 1389 δὲ
1874 1338 1934 1389 ὲν

353 1427 483 1495 ἐμοί
505 1442 519 1457 ο
545 1428 579 1499 ἢ
601 1430 696 1479 καὶ
717 1426 913 1498 ὥσπερ
943 1427 1131 1489 πάλιν,
1176 1430 1225 1482 εί
1273 1430 1306 1499 ἠ
1339 1430 1402 1481 ἐκ
1455 1429 1632 1497 πυρὸς
1674 1427 1933 1496 φυσικῶς

356 1519 591 1573 ποιοῦσα
626 1519 901 1589 θερμότης
933 1519 1120 1588 φωνὴν
1148 1521 1377 1589 ἀφιεῖσα
1411 1520 1586 1587 λέγοι.
1604 1519 1747 1587 Ἐγὼ
1766 1523 1826 1572 ἂν
1852 1520 1932 1591 τῷ

355 1614 515 1680 πυρὶ,
546 1613 644 1665 καὶ
692 1612 752 1664 τὸ
789 1611 902 1682 πῦρ
934 1612 992 1665 δὲ
1023 1614 1082 1665 ὲν
1114 1613 1261 1682 ἐμοί.
1290 1613 1448 1666 Ἔστι
1504 1616 1606 1680 μιν
1662 1614 1770 1681 γάρ
1813 1629 1934 1675 πως

2032 600 2198 671 igitur
2216 599 2377 656 Pater
2409 604 2460 656 in
2492 603 2651 669 Filio,
2714 612 2769 658 et
2805 603 2978 657 Ftlius
3029 602 3083 656 in
3124 601 3283 655 Patre
3320 611 3424 666 est,
3462 610 3521 655 ιιι
3564 604 3616 656 in

2030 690 2270 757 eiusdem
2320 693 2566 748 essentia:
2618 694 2970 763 ejusdemque
3020 703 3232 745 natura:
3313 689 3622 745 certissima

2034 780 2414 837 similitudine.
2455 783 2521 839 Ut
2562 785 2605 838 si
2633 784 2753 853 quis
2787 784 3063 854 prepriam
3122 784 3174 835 in
3202 783 3439 851 imagine
3470 782 3626 835 simio

2033 872 2317 929 litudinetn
2367 890 2495 930 vere
2534 888 2589 930 et
2640 877 2991 946 singulariter
3042 891 3358 945 expressam
3407 876 3625 928 intuens

2024 964 2504 1037 admirationeque
2557 969 2748 1039 plenus
2778 971 2987 1039 aliquos
3034 970 3439 1038 alloqneretnr:
3472 965 3622 1030 ll;et-,

2037 1058 2307 1127 inquiens,
2363 1060 2566 1130 eﬂigies
2599 1062 2650 1115 in
2688 1075 2775 1115 me
2802 1071 2907 1124 est,
2944 1071 2998 1116 et
3041 1076 3139 1129 ego
3171 1062 3222 1113 in
3277 1062 3386 1113 illa.
3442 1060 3549 1113 Aut
3580 1060 3621 1111 si

2036 1152 2284 1213 ealiditas
2314 1168 2380 1207 ex
2408 1153 2529 1223 igne
2581 1155 2901 1209 naturaliter
2944 1155 3265 1224 proveniens
3318 1168 3503 1206 vocem
3555 1153 3623 1206 ad

2040 1244 2182 1297 hunc
2214 1245 2429 1297 modum
2456 1246 2729 1301 emitteret
2758 1265 2771 1301 :
2806 1248 2914 1314 Ego
2936 1246 2987 1299 itt
3022 1247 3166 1312 igne,
3201 1254 3256 1299 et
3283 1244 3420 1315 ignis
3457 1246 3505 1297 in
3538 1260 3622 1296 tne

2038 1344 2143 1388 est.
2210 1334 2510 1406 Utrumque
2546 1339 2693 1391 enim
2726 1352 2915 1391 eorum
2943 1353 3066 1408 (ιιιιε⁸
3098 1338 3242 1389 dicta
3289 1346 3438 1399 sunt,
3477 1338 3629 1403 cogi-

2043 1427 2251 1507 tatione
2275 1428 2493 1497 quidem
2532 1429 2703 1484 dividi
2741 1441 2940 1499 potest,
2989 1441 3183 1484 natura
3250 1441 3432 1484 tamen
3461 1445 3624 1480 unttm

2038 1527 2145 1580 est,
2178 1526 2234 1571 et
2269 1534 2436 1572 unum
2470 1534 2534 1573 ex
2558 1520 2731 1574 altero
2757 1522 2876 1575 sine
2924 1522 3031 1575 ulla
3060 1521 3303 1576 sectione
3331 1519 3629 1588 proﬁcisci-

2042 1620 2150 1667 tur.
2172 1611 2431 1677 Quamvis
2474 1615 2619 1667 enim
2650 1616 2861 1669 aninms
2894 1630 2957 1669 ea
3017 1615 3257 1669 vicissim
3304 1614 3622 1681 distinguat,

357 1702 472 1756 τῶν
496 1705 811 1774 είρημένων
841 1704 1077 1758 ἕκαστον
1108 1706 1327 1776 ἐπινοίᾳ
1361 1704 1646 1775 μεριστὸν,
1692 1704 1752 1756 ἓν
1782 1704 1840 1757 δὲ
1863 1707 1931 1775 τῇ

2045 1720 2210 1759 unum
2235 1714 2414 1760 tamen
2440 1716 2604 1776 atque
2636 1708 2776 1762 idem
2808 1718 3035 1777 utraque
3056 1722 3178 1761 esse
3203 1708 3624 1775 perspiciuntur,

357 1796 545 1861 φύσει,
584 1796 677 1847 καὶ
710 1796 769 1848 ἓν
805 1796 863 1861 ἐξ
898 1796 1021 1858 ἑνὸς
1056 1796 1343 1865 ἀμερίστῳ
1374 1795 1486 1848 τινὶ
1545 1794 1762 1864 προόδῳ
1790 1810 1930 1861 προ-

2045 1806 2302 1863 quantnm
2351 1796 2417 1849 ad
2471 1797 2791 1851 essentiam-
2819 1801 3070 1866 pertinet.
3108 1798 3164 1851 Si
3210 1795 3374 1863 igitur
3411 1805 3628 1863 propter

358 1884 594 1948 κύπτον,
625 1886 816 1956 ὥσπερ
840 1888 935 1939 καὶ
965 1886 1293 1957 χωρίζεσθαι
1336 1886 1528 1939 δοκοῦν
1575 1885 1669 1939 τοῦ
1696 1888 1755 1938 ἑν
1777 1881 1933 1957 ᾧπέρ

2045 1886 2274 1953 ejusdem
2292 1891 2546 1942 essentne
2573 1887 3024 1957 perfectissimam
3052 1897 3215 1957 atque
3238 1887 3624 1940 immutabilem

356 1978 534 2028 ἐστιν’
557 1977 705 2044 ὅμως
737 1976 783 2030 δ’
811 1976 928 2035 οὖν.
959 1979 1009 2029 εί
1048 1977 1142 2031 καὶ
1168 1976 1358 2029 τοῦτον
1388 1973 1503 2044 ἔχει
1524 1975 1616 2028 τὸν
1640 1973 1810 2028 τύπον
1828 1975 1938 2027 τῶν

2045 1980 2091 2031 lu
2129 1979 2364 2050 imagine
2419 1980 2830 2034 similitudinem
2887 1980 3049 2034 Pater
3083 1982 3135 2034 itt
3172 1978 3310 2033 Filio
3336 1990 3438 2043 est,
3494 1995 3625 2046 quo-

359 2066 450 2120 ἐπ’
487 2068 673 2135 αὐτοῖς
703 2070 993 2137 νοημάτων
1036 2070 1070 2138 ἡ
1121 2066 1375 2137 δύναμις,
1408 2067 1527 2121 ἀλλ’
1570 2066 1630 2119 ἓν
1672 2068 1731 2119 ιν
1764 2067 1938 2138 ἑτέρῳ

2045 2071 2201 2124 modo
2236 2072 2406 2141 major
2442 2074 2629 2137 Pater,
2693 2081 2750 2124 ttt
2778 2072 2865 2127 isti
2900 2082 3116 2140 putant,
3156 2073 3207 2125 in
3250 2072 3459 2125 minore
3486 2068 3626 2122 Filio

360 2160 640 2227 φαίνεται,
696 2163 793 2213 καὶ
840 2160 1042 2214 ταυτόν
1084 2163 1223 2215 εἰσιν
1251 2161 1377 2214 ὅσον
1406 2161 1486 2223 είς
1536 2160 1725 2214 οὐσίαν
1755 2162 1939 2231 ἀμφό-

2045 2175 2163 2216 esse
2186 2170 2238 2216 et
2281 2164 2516 2232 perspici
2570 2162 2788 2231 potest?
2827 2164 2961 2217 Cum
3000 2178 3129 2231 ergo
3190 2163 3349 2216 Pater
3406 2163 3629 2215 omnino

357 2265 515 2320 τερι.
541 2251 713 2320 Είπερ
740 2249 836 2303 οὖν
856 2251 944 2304 διὰ
975 2253 1037 2304 τὸ
1059 2250 1156 2318 τῆς
1178 2250 1363 2312 οὐσίας
1395 2251 1821 2320 ἀπαράλλακτον
1842 2252 1937 2303 καὶ

2045 2252 2108 2305 sit
2146 2254 2196 2305 in
2230 2251 2390 2319 Filio,
2421 2252 2591 2308 Filius
2640 2255 2801 2322 plane
2854 2255 3127 2323 perfectus
3159 2264 3263 2317 est,
3298 2254 3386 2321 qui
3448 2254 3631 2322 perit--

358 2341 423 2395 τὸ
443 2360 502 2394 εν
528 2340 603 2409 τῷ
626 2342 936 2411 χαρακτῆρι
973 2340 1255 2403 παντελῶς
1286 2339 1703 2411 ἀπαραποίητον
1742 2343 1771 2394 ό
1821 2341 1934 2395 Πα-

2045 2356 2185 2398 ctum
2217 2346 2459 2414 capiens,
2498 2345 2665 2413 ﬁgura
2696 2356 2749 2400 et
2779 2350 2957 2414 imago
2988 2357 3072 2401 est
3112 2348 3290 2417 magni
3325 2346 3521 2403 l'atris.

358 2440 468 2508 τὴρ
495 2439 555 2488 ὲν
584 2437 696 2507 Υίῴ
754 2439 889 2501 ἐστι,
924 2436 1047 2498 πῶς
1106 2437 1137 2487 δ
1208 2436 1412 2505 μείζων
1468 2440 1528 2489 ὲν
1596 2436 1842 2490 ἐλάττονι
1884 2437 2009 2490 κατ’
2047 2440 2291 2504 ἐκείνους
2345 2441 2462 2494 δντι
2519 2442 2597 2512 τῷ
2644 2442 2757 2512 Υίῷ
2812 2443 3092 2513 χωρήσει,
3146 2444 3241 2496 καί⁵
3293 2443 3626 2514 ὀφθήσεται;

376 2530 603 2598 Ἐπειδὴ
637 2530 694 2581 δὲ
728 2530 864 2589 ὅλως
893 2530 1043 2582 ἐστὶν
1079 2529 1137 2580 ὲν
1167 2527 1318 2595 αὐτῷ
1374 2526 1731 2598 τέλειος,ἄρα
1760 2529 1979 2593 πάντως
2018 2531 2169 2587 ἐστὶν
2202 2535 2230 2586 ὁ
2294 2533 2423 2597 Υίὸς
2449 2537 2477 2589 ό
2504 2535 2602 2588 τοῦ
2630 2534 2835 2587 τελείου
2869 2534 3310 2605 χωρητικδς,καὶ
3339 2536 3631 2607 χαρακτὴρ

359 2624 458 2678 τοῦ
505 2623 748 2692 μεγάλου
779 2623 1013 2691 Πατρός.

364 2718 484 2776 Τοῦ
505 2716 695 2771 αὑτοῦ
717 2718 785 2769 ἐκ
816 2716 924 2770 τοῦ
958 2717 1091 2785 περί
1119 2715 1225 2785 τῆς
1256 2717 1429 2786 ἁγίας
1461 2718 1702 2786 Τριάόος
1729 2719 1941 2788 λόγου.

2259 2724 2514 2794 Ejusdem
2545 2742 2610 2780 ea:
2644 2725 2783 2783 libro
2815 2729 2878 2783 de
2897 2740 3085 2783 sancta
3138 2729 3414 2783 Trinitate.

447 2813 566 2864 ἰνα
595 2810 655 2864 δὲ
682 2808 893 2878 Πατρὸς
945 2811 1040 2862 καὶ
1070 2808 1204 2861 Υίοῦ
1235 2810 1335 2878 τὴν
1371 2811 1597 2880 ἰσότητα
1647 2810 1940 2881 δείξωμεν,

2117 2812 2316 2871 Verum
2366 2827 2423 2870 ιιι
2457 2816 2632 2872 Patris
2652 2825 2707 2873 et
2735 2818 2853 2873 Filii
2878 2823 3307 2876 demonstremus
3348 2820 3631 2890 mqualita-

360 2906 453 2957 ἐπ’
484 2902 658 2973 αὐτὴν
701 2900 950 2970 ελθωμεν
983 2900 1086 2972 τὴν
1132 2900 1228 2953 τοῦ
1289 2903 1500 2971 Κυρίου
1550 2903 1941 2959 διδασκαλίαν.

2045 2916 2175 2969 tem,
2218 2910 2285 2963 ad
2346 2908 2557 2963 Domini
2582 2911 2882 2964 doctrinam
2927 2914 3249 2965 accedamus
3279 2931 3292 2965 :
3320 2911 3507 2977 Nemo,
3539 2911 3625 2965 in-

356 2995 594 3062 Οὐδείς,
626 2996 811 3064 φησὶν,
834 2991 959 3048 οἶδε
991 2995 1099 3048 τὸν
1128 2995 1264 3047 Flor
1295 2998 1344 3047 εί
1367 2993 1451 3062 μὴ
1479 2998 1511 3049 d
1540 2997 1767 3064 Πατὴρ,
1794 2995 1941 3050 οὐδὲ

2045 3002 2180 3070 quit,
2214 3002 2355 3055 novit
2404 2999 2603 3055 Filium
2653 3003 2757 3056 nisi
2788 3002 2974 3069 Pater,
3026 3020 3186 3072 neque
3224 3003 3436 3058 Panem
3486 3004 3627 3058 novit

362 3094 474 3147 τὸν
496 3091 728 3159 Πατέρα
753 3108 843 3155 τις
865 3088 1242 3157 ἐπιγινώσκει
1277 3091 1327 3142 ει
1361 3089 1447 3158 μὴ
1474 3093 1506 3144 ό
1542 3093 1697 3158 Υἱός,
1741 3090 1843 3145 καὶ
1886 3084 1936 3158 ᾧ

2045 3096 2320 3166 quisquam
2351 3094 2454 3147 nisi
2482 3092 2672 3160 Filius,
2698 3106 2744 3147 et
2777 3096 2863 3147 cui
2884 3094 3104 3149 voluerit
3146 3094 3320 3149 Filius
3340 3096 3564 3149 revelare
3584 3097 3625 3149 '.
3725 3127 3737 3138 -

363 3188 445 3242 ἂν
476 3185 779 3251 ,ϐούληται
811 3185 844 3237 ό
886 3182 1017 3248 Υίὸς
1047 3183 1463 3251 ἀποκαλύψαι.
1507 3182 1573 3235 Τί
1595 3182 1802 3236 τούτων
1841 3200 1937 3238 σας

2045 3185 2177 3255 Qnid
2202 3186 2350 3242 bisce
2377 3186 2555 3242 verbis
2572 3185 2809 3240 clarius?
2831 3183 2955 3255 Par,
2979 3187 3175 3256 inquit,
3206 3187 3361 3241 nobis
3384 3187 3624 3251 cognitio

365 3282 636 3348 φέστερον
682 3276 792 3327 τῶν
830 3274 1127 3345 ῥημάτωνς
1167 3276 1309 3346 Ἰση,
1358 3278 1542 3347 φησιν,
1602 3278 1739 3349 ἡμῖν
1794 3277 1943 3331 ἐστιν

362 3370 652 3443 ἡγνῶσις.
710 3369 971 3423 Γινώσκω
1024 3372 1135 3442 γὰρ
1196 3369 1290 3423 τὸν
1351 3368 1570 3441 Πατέρα
1598 3371 1943 3441 γινωσκόμε-

362 3479 454 3527 νος
490 3463 581 3516 ὑκ’
639 3462 827 3526 αὐτοῦ,
886 3464 980 3515 καὶ
1034 3463 1292 3530 γινώσκει
1357 3480 1424 3533 με
1458 3462 1486 3514 δ
1541 3463 1732 3533 Πατὴρ
1770 3480 1941 3532 γινω-

367 3556 634 3626 σκόμενος
682 3555 777 3607 ὑπ’
835 3554 992 3625 ἐμοῦ.
1031 3556 1189 3608 Πᾶσα
1217 3555 1274 3607 δὲ
1322 3556 1355 3625 ἡ
1401 3554 1579 3617 κτίσις
1610 3555 1706 3625 τῆς
1741 3556 1944 3627 ἡμετέ-

367 3662 469 3714 ρας
524 3644 853 3711 ὲκὸἐδληται
891 3644 1182 3711 γνώσεως⁹
1237 3646 1357 3710 πῶς
1390 3647 1499 3716 γὰρ
1551 3642 1666 3699 οἷόν
1720 3665 1778 3699 τε
1842 3648 1942 3715 τῆς

366 3734 587 3802 φύσεως
618 3734 781 3803 ἡμῶν
805 3736 868 3787 οὐ
902 3734 1266 3788 κοινωνοῦσαν
1314 3732 1640 3804 κοινωνῆσαι
1672 3738 1769 3804 τῆς
1804 3735 1943 3803 γνὼ-

368 3840 548 3890 σιωςς
576 3824 1069 3895 Μεταλαγχάνουσι
1094 3825 1138 3876 δ’
1163 3826 1313 3894 ὅμως
1338 3826 1484 3887 τινὲς
1512 3825 1769 3895 βραχείας
1802 3825 1945 3890 τινδς

366 3917 628 3987 θεωρίας.
674 3916 1067 3970 Ἀποκαλύπτω
1089 3918 1196 3987 γὰρ
1226 3915 1301 3979 ὡς
1335 3912 1449 3969 οἷόν
1471 3932 1530 3968 τε
1567 3912 1650 3979 οἷς
1676 3916 1745 3970 ἂν
1773 3916 1945 3970 ἐθέλω

364 4009 471 4078 τὴν
503 4012 633 4077 περὶ
667 4008 763 4061 τοῦ
818 4009 1027 4079 [ἰατρὸς
1062 4009 1267 4077 γνῶσιν
1298 4008 1374 4071 ὡς
1429 4009 1485 4059 ὲν
1538 4007 1792 4077 ἂσόπτρῳ
1851 4007 1945 4061 καὶ

368 4101 677 4171 αἰνίγματι.
746 4100 934 4153 Ταῦτα
991 4103 1055 4153 ἐκ
1104 4101 1211 4153 τῶν
1270 4100 1617 4153 Δεσποτικῶν
1667 4100 1943 4169 ἐμάθομεν

366 4195 740 4261 διδαγμάτων.
784 4194 947 4246 Ποίαν
983 4193 1216 4247 ἐνταῦθα
1259 4193 1446 4265 χώραν
1490 4194 1605 4264 ἔχει
1640 4195 1701 4246 τδ
1755 4194 1943 4264 μεῖζον

373 4289 473 4341 καὶ
500 4287 562 4339 τδ
594 4285 814 4338 ἔλαττον
831 4303 847 4352 ;

2043 3288 2156 3336 est.
2186 3279 2472 3350 Cognosco
2522 3280 2736 3334 Patrem
2768 3293 2796 3332 a
2827 3279 2989 3334 Patre
3020 3280 3303 3349 cognitus;
3334 3279 3624 3348 cognoscit

2043 3387 2131 3428 me
2158 3371 2315 3428 Pater
2332 3388 2361 3427 a
2388 3385 2475 3427 me
2503 3371 2768 3439 cognitus.
2792 3368 2995 3425 Omnes
3010 3379 3188 3424 autem
3215 3386 3300 3424 res
3318 3381 3616 3441 procreata;

2043 3466 2111 3518 ab
2143 3464 2245 3519 ltac
2284 3473 2541 3518 arcentur
2574 3463 2899 3532 cognitione.
2961 3462 3239 3528 Quomodo
3298 3463 3443 3516 enim
3497 3477 3619 3533 qua:

2045 3564 2253 3610 natura!
2311 3569 2512 3609 nosmc
2570 3568 2676 3607 non
2758 3564 2886 3609 sunt
2950 3555 3262 3625 participes,
3301 3555 3626 3623 cognitionis

2045 3646 2341 3714 participes
2397 3644 2543 3698 sint?
2571 3643 2795 3698 Parvam
2867 3651 3050 3698 tamen
3110 3645 3328 3713 quidam
3374 3644 3621 3697 notitiam

2044 3749 2434 3807 assequuntur.
2469 3738 2581 3806 Ego
2603 3737 2751 3790 enim
2788 3736 2916 3801 illis,
2953 3737 3130 3807 quoad
3180 3750 3370 3791 eorum
3433 3744 3625 3789 natura

2046 3832 2208 3900 capit,
2242 3839 2493 3898 tanquam
2543 3827 2601 3883 in
2629 3828 2852 3898 speculo
2909 3839 3075 3897 atque
3123 3827 3411 3895 aenigmate
3444 3829 3621 3883 Patris

2046 3924 2291 3979 notitiam
2330 3921 2607 3992 impertio.
2656 3920 2780 3975 Haac
2807 3935 2874 3973 ex
2918 3918 3130 3972 Domini
3154 3920 3401 3972 doctrina
3431 3920 3625 3973 didici-

2049 4033 2187 4073 mus.
2218 4015 2391 4083 Quem
2423 4013 2588 4084 igitur
2630 4014 2719 4069 hic
2764 4012 2938 4081 majus
2986 4021 3038 4066 et
3068 4012 3246 4065 minus
3299 4010 3478 4064 locum
3532 4012 3628 4065 Ita-

2047 4109 2175 4165 bet?

378 4406 491 4468 Τοῦ
513 4404 700 4461 αὑτοῦ
726 4405 795 4458 ἐκ
814 4405 919 4459 τοῦ
944 4402 976 4457 ι’
1003 4406 1337 4479 κεφαλαίῳ)
1361 4405 1468 4460 τοῦ
1492 4402 1545 4471 α’
1566 4404 1817 4469 βιϐλίου
1838 4407 1943 4460 τοῦ

991 4479 1332 4543 Θησαυρου.

448 4586 610 4653 Λέγει
642 4602 744 4638 που
769 4581 1021 4653 Χριστός·
1053 4598 1072 4631 ι
1102 4580 1163 4632 '0
1189 4577 1376 4649 Πατὴρ
1405 4577 1434 4630 ὁ
1466 4576 1689 4647 πέμψας
1713 4593 1801 4647 με,
1832 4575 1943 4645 μεί-

2118 4574 2363 4630 Christus
2397 4568 2590 4623 alicubi
2638 4568 2750 4620 ait:
2796 4584 2815 4617 ι
2844 4563 3003 4617 Pater
3032 4564 3120 4633 qtti
3150 4563 3295 4617 misit
3320 4579 3424 4627 me,
3450 4563 3621 4631 major

378 4682 489 4747 ζων
535 4676 636 4748 μού
677 4677 816 4728 ἐστι.
852 4692 871 4725 ι
934 4673 1218 4744 Μαρτυρεῖ
1244 4669 1299 4722 δὲ
1332 4669 1494 4723 πάλιν
1524 4671 1557 4739 ὴ
1594 4668 1714 4721 θεία
1760 4666 1943 4738 Γραφὴ

2052 4678 2135 4718 me
2167 4671 2249 4717 est
2299 4666 2345 4717 ¹.
2389 4680 2407 4713 ι
2438 4658 2626 4713 Divina
2655 4657 2815 4711 etiam
2853 4655 3134 4722 Scriptura
3172 4654 3274 4709 hoc
3330 4655 3395 4707 de
3445 4670 3510 4707 eo
3536 4662 3617 4706 te-

380 4745 511 4842 ττερὶ
535 4745 699 4823 αὑτοῦ
726 4767 807 4820 ὅτι
831 4785 847 4816 ι
869 4765 979 4835 Οὐχ
1009 4762 1297 4837 ἁρπαγμὸν
1320 4762 1566 4831 ἡγήσατο
1594 4758 1655 4812 τὸ
1689 4754 1828 4812 εἶναι
1860 4758 1943 4811 ἶσα

2052 4765 2247 4818 statur,
2284 4752 2422 4821 quod
2460 4769 2478 4801 ι
2516 4748 2633 4803 Νοιι
2680 4748 2922 4817 rapinam
2969 4745 3262 4799 arbitratus
3298 4753 3379 4796 est
3417 4758 3474 4797 se
3500 4758 3621 4798 esse

377 4832 521 4933 Θείῖ).
558 4879 577 4913 ι
612 4859 735 4922 Πῶς
765 4853 858 4911 οὖν
890 4832 1058 4909 ἔσται’
1078 4856 1170 4907 καὶ
1196 4832 1331 4916 ἴσος,
1359 4853 1449 4904 καὶ
1481 4850 1699 4921 μείζονα
1727 4850 1837 4913 ἕξει
1862 4848 1943 4900 τὸν

2054 4843 2313 4913 aequalem
2349 4841 2458 4896 Deo
2513 4837 2550 4890 ³.
2592 4858 2608 4890 ι
2640 4838 2883 4903 Quonam
2920 4837 3082 4904 igitur
3109 4842 3263 4901 pacto
3300 4832 3506 4885 iuturus
3555 4834 3625 4888 sit

382 4925 623 5025 Πατέρα,
676 4948 939 5021 ζητητέον
974 4946 1250 5018 ἁκριϐὦςσ
1286 4944 1503 4998 ἐναντία
1546 4941 1655 5011 γὰρ
1706 4938 1943 5010 ἀλλήλοις

2057 4933 2297 5003 aequalis,
2338 4940 2391 4986 et
2414 4931 2673 5000 majorem
2704 4944 2763 4983 se
2797 4929 3081 4983 habiturus
3107 4925 3342 4991 Patrem,
3375 4936 3627 4978 accurate

378 5049 452 5101 τὰ
504 5016 743 5100 τοιαῦτά-
778 5016 946 5095 ἐστιν.
984 5016 1203 5108 Ἐττειδὴ
1256 5037 1313 5091 δὲ
1358 5033 1673 5105 δοκιμάζειν
1716 5032 1943 5096 εὐσεϐῶς

2060 5026 2217 5079 nobis
2247 5021 2622 5093 inquirendum
2648 5028 2731 5074 est
2769 5037 2783 5073 :
2833 5032 3071 5088 pugnare
3117 5016 3262 5070 enim
3319 5017 3432 5069 lucc
3488 5016 3628 5067 inter

386 5138 678 5209 πρόκειται
711 5134 779 5188 τὰ
816 5130 976 5203 ῥητὰ,
1007 5128 1132 5184 οὔτε
1163 5107 1224 5182 et
1262 5128 1375 5180 ἴσον
1406 5125 1744 5194 ὲκϐαλοῦμεν
1775 5124 1864 5176 διὰ
1896 5124 1943 5176 τί

2061 5133 2120 5172 se
2158 5116 2424 5170 videntur.
2446 5114 2576 5168 Cum
2613 5123 2790 5165 autem
2822 5110 2975 5164 nobis
3027 5108 3359 5177 propositum
3425 5108 3494 5160 sit
3545 5107 3629 5171 pie

2067 5212 2178 5263 haec
2201 5208 2338 5261 dicta
2374 5204 2706 5269 examinare,
2735 5217 2907 5270 neque
2931 5200 3237 5268 aequalitate
3274 5212 3393 5251 cum
3447 5197 3631 5265 priva-

2065 5300 2265 5362 bitnus,
2294 5309 2357 5348 eo
2387 5294 2529 5363 quod
2580 5292 2755 5360 major
2788 5290 2856 5345 sit
2881 5291 3071 5354 Pater;
3110 5302 3280 5356 neque
3318 5302 3499 5340 rursus
3527 5293 3635 5340 nt!L

2065 5390 2233 5458 jorem
2268 5401 2385 5440 esse
2409 5383 2622 5437 Patrem
2667 5382 2979 5451 negabintns
3002 5381 3068 5434 ob
3098 5378 3456 5447 arqnalitatem
3491 5377 3633 5432 Filii.

2077 5482 2373 5547 Utrumque
2394 5478 2535 5531 enim
2572 5477 2743 5527 locum
2775 5470 3072 5535 habehit,si
3092 5486 3150 5521 ea
3178 5471 3260 5536 pie
3291 5471 3636 5523 considerare

2078 5573 2481 5643 intelligereque
2535 5566 2777 5621 velimus.
2813 5563 3050 5633 Simplex
3079 5565 3257 5632 itaque
3279 5572 3329 5617 et
3353 5577 3456 5617 nou
3493 5576 3628 5618 com-

2189 4408 2438 4477 lfjusdcat
2470 4425 2534 4462 ea:
2565 4406 2819 4463 Thesauri
2848 4424 2963 4474 cup.
3008 4406 3069 4459 Ill
3131 4408 3287 4473 primi
3313 4405 3456 4457 libri.

386 5230 593 5300 μεῖζον,
627 5228 753 5281 οὔτε
791 5226 896 5297 μὴν
920 5224 982 5277 τδ
1005 5224 1186 5295 μεῖξον
1217 5221 1304 5276 διὰ
1336 5220 1396 5273 τὸ
1428 5220 1539 5272 ἴσον
1568 5218 1954 5288 ἀναιρήσομεν

387 5325 654 5395 κρατήσει
688 5320 743 5373 δ’
778 5318 1065 5390 ἀμφότερα
1113 5315 1346 5385 θεωρίας
1376 5312 1613 5374 εὐσεϐῶς
1644 5306 1960 5379 είσφερομέ-

391 5433 485 5486 νης
514 5415 600 5467 ἐπ’
633 5414 836 5474 αὐτοῖς.
861 5408 1067 5463 Οὐκοῦν
1100 5406 1245 5475 ἁπλῆ
1275 5422 1357 5467 τις
1380 5400 1513 5457 οὖσα
1545 5403 1637 5456 καὶ
1666 5399 1959 5461 ἀσύνθετος

388 5508 423 5575 ἡ
459 5505 561 5573 τῆς
606 5502 862 5571 θεότητος
910 5498 1106 5569 φύσις,
1156 5496 1255 5549 οὐκ
1292 5494 1355 5548 ἂν
1405 5494 1613 5563 ἐτμήθη
1665 5491 1792 5544 ποτε
1843 5489 1962 5550 ταῖς

390 5593 659 5655 ἐπινοίαις
693 5592 772 5655 είς
809 5589 977 5644 δυάδα
1009 5585 1219 5656 Πατρδς
1263 5586 1358 5638 καὶ
1388 5582 1535 5647 Υίοῦ,
1568 5583 1617 5634 εί
1654 5582 1727 5651 μή
1760 5596 1838 5642 τις
1872 5578 1957 5629 εὐ-

465 5732 693 5787 ¹Μ.ιιι1ι.
716 5744 785 5792 χι,
808 5726 895 5780 27.
975 5725 994 5754 ⁸
1026 5723 1180 5783 Joatt.
1220 5734 1326 5783 xw,
1358 5716 1453 5795 28'.
1530 5717 1550 5749 ³
1587 5715 1821 5784 Philipp.
1855 5727 1915 5779 It,
1946 5712 2002 5769 6.
