4042 6204
429 249 524 312 ΒἿ

1681 242 2065 305 EUTHYMII
2098 242 2459 303 ZIGABENI

3575 245 3691 309 (ΓΞ

431 374 598 442 posita
632 373 848 429 deilalis
877 382 1069 428 natura
1112 389 1384 440 nunquam
1435 374 1487 425 in
1521 374 1845 432 dualitatem
1903 379 1996 433 Pa-
2031 417 2035 426 ι

2142 376 2254 426 όκει
2286 371 2609 444 προκεῖσθαι
2641 370 2894 442 διαφορὰ,
2925 372 2987 425 οὐ
3015 371 3153 425 κατὰ
3180 371 3279 443 τὴν
3300 371 3490 426 οὐσίαν
3516 391 3587 443 φη
3600 378 3687 443 μ’τ,

433 469 527 519 tris
556 476 609 518 et
662 463 780 517 Filii
806 473 950 518 secta
977 463 1187 527 fuisset,
1230 464 1327 515 nisi
1358 465 1503 530 prius
1537 466 1711 534 aliqua
1750 470 2000 525 diﬂrreu-

435 560 502 608 tia
541 558 702 608 fuisse
742 556 854 608 visa
896 562 1058 618 esset,
1098 569 1200 606 non
1233 557 1521 607 sei-iunium
1561 559 1871 623 essentiam,
1906 566 1998 617 sed

436 647 772 698 extrinsecus
799 644 1093 704 intellecta,
1131 659 1227 711 per
1254 660 1413 711 quam
1449 647 1731 716 utriusque
1773 667 1999 715 persona

438 739 711 789 inducitur
732 733 991 800 peculiari
1019 736 1235 802 quidem
1272 738 1542 807 Iiypostasi
1604 750 1879 806 constans,
1910 744 2003 797 sed

439 831 490 880 in
518 828 775 879 unitatem
820 826 1121 879 divinitatis
1164 842 1257 895 per
1312 829 1612 883 naturalem
1666 833 2003 886 identitatcm

439 918 755 979 constricta;
790 931 856 967 ne
882 916 1056 984 aliqua
1088 917 1331 971 confusio
1384 919 1475 971 lini.
1530 920 1707 976 Patris
1767 933 1820 976 et
1862 923 2004 990 Filii,

439 1019 792 1061 concurrente
826 1008 876 1060 in
909 1010 1075 1061 solam
1099 1011 1359 1060 unitatem
1386 1012 1686 1079 hypostasi,
1710 1029 1830 1066 cum
1858 1031 1997 1084 mag—

443 1116 506 1150 na
540 1101 826 1164 quatinter
881 1116 974 1153 eos
1021 1102 1311 1154 intercedit
1361 1104 1657 1159 similitudo
1696 1106 2007 1160 dualitatcm

443 1205 832 1254 apparerenon
865 1192 1048 1243 sinat:
1091 1194 1223 1244 adeo
1275 1203 1331 1245 ut
1387 1196 1511 1248 hinc
1565 1197 1809 1249 nonnulli
1864 1198 2009 1251 inter

446 1280 658 1332 l'atiein
686 1292 739 1333 et
770 1280 962 1333 Filium
1000 1282 1196 1334 nullam
1221 1284 1378 1350 plane
1442 1285 1756 1339 tlualilatem
1816 1290 2017 1342 consti-

450 1371 668 1420 tuerint.
684 1368 812 1423 Cum
845 1384 973 1422 vero
995 1382 1273 1437 Oporteret
1298 1381 1352 1425 et
1370 1385 1719 1440 generautem
1742 1385 2011 1440 naturam,

448 1473 500 1513 et
531 1477 647 1513 eam
675 1476 795 1528 qua:
823 1476 887 1514 ex
907 1476 968 1515 ea
1006 1464 1183 1530 genita
1210 1472 1293 1516 cst
1321 1480 1667 1532 cognoscere,
1691 1482 1841 1522 sacra
1873 1466 2021 1521 Scri-

453 1562 607 1621 ptura
672 1552 847 1605 Patris
885 1562 938 1606 et
966 1552 1083 1605 Filii
1118 1554 1335 1607 nomina
1399 1557 1695 1621 constituit,
1730 1569 1787 1610 ιιι
1841 1558 2018 1612 lumen

453 1660 516 1697 ex
556 1644 756 1697 lumine
802 1643 1213 1711 intelligeretur,
1239 1645 1453 1711 utrique
1484 1648 1756 1714 prepriam
1783 1664 1935 1701 suam
1955 1663 2020 1703 ac

457 1734 779 1802 peculiarem
816 1735 1146 1804 hypostasim
1199 1735 1461 1800 tribuens,
1501 1747 1712 1791 servata
1756 1747 1933 1793 tamen
1968 1740 2020 1793 in

457 1834 686 1890 utroque
716 1824 1254 1877 naturaeidenlitate.
1296 1824 1504 1880 Nostra:
1557 1841 1683 1880 vero
1724 1837 2023 1883 consuetu-

458 1916 566 1967 dini
592 1929 710 1967 sese
739 1918 1172 1980 accommodans,
1205 1915 1348 1968 Patri
1377 1917 1476 1969 hoc
1508 1917 1690 1971 tribuit
1741 1928 1801 1973 ut
1854 1919 2026 1988 major

457 2006 562 2058 sit:
592 2014 650 2056 ut
678 2005 931 2057 nimirum
987 2007 1343 2073 uudequaqne
1400 2008 1629 2061 ilualitas
1671 2022 2025 2075 personarum

458 2098 727 2164 gignentis
757 2107 804 2149 et
830 2098 1023 2165 genita:
1058 2099 1410 2166 signiﬁcetur;
1444 2099 1629 2152 tribuit
1653 2113 1833 2154 autetn
1858 2117 2031 2169 mqua-

460 2190 688 2251 litatem,
718 2202 783 2241 ne
814 2189 990 2257 aliqua
1023 2189 1197 2242 Patris
1230 2205 1259 2242 a
1299 2190 1434 2243 Filio
1461 2191 1707 2243 essentia:
1758 2191 2033 2244 dissimili-

465 2278 959 2347 tmlointelligatnr.
994 2278 1240 2347 IEqualis
1284 2281 1464 2347 itaque
1520 2282 1770 2334 essentize
1825 2281 2035 2335 ratione

462 2369 731 2423 cxsistcus
758 2385 880 2422 cum
944 2368 1104 2424 Patre
1155 2369 1343 2433 Filius,
1378 2371 1677 2439 similisque
1707 2385 1801 2437 per
1826 2370 2033 2434 omnia,

2116 466 2226 520 ἀλλ’
2258 466 2457 531 ἔξωθεν
2488 464 2867 533 ὲπινοουμένη,
2909 463 2977 515 δι’
3019 458 3088 534 ἦς
3125 464 3185 516 τὸ
3213 464 3475 534 ἐκατέρου
3517 467 3687 534 πρόσ-

2117 575 2264 611 ωπον
2296 557 2612 626 εἰσφέρεται
2645 556 2704 607 ὲν
2744 554 3017 625 ἰδιαζούσῃ
3046 554 3145 623 μὲν
3170 554 3465 607 ὑποστάσει
3500 556 3692 623 κείμε-

2116 666 2227 713 νον,
2259 652 2339 712 εἰς
2368 649 2593 718 ἑνότητα
2618 646 2675 699 δὲ
2707 646 2961 715 θεότητος
2991 645 3079 697 διὰ
3106 645 3430 714 ταύτότητος
3453 646 3691 713 φυσικῆς

2119 743 2509 813 σφιγγόμενον,
2540 740 2628 793 ἵνα
2663 739 2736 809 μή
2764 754 2847 800 τις
2873 737 3135 806 ἀνάχυσις
3160 737 3254 789 καὶ
3286 737 3448 787 οἱονεὶ
3480 737 3692 806 (puppe;

2119 835 2342 904 γένηται
2366 830 2577 900 Πατρὸς
2601 830 2693 881 καὶ
2719 827 2873 887 Υἱοῦ,
2898 827 2978 889 εἰς
3010 826 3178 896 μόνην
3206 824 3366 877 ένάδα
3390 825 3693 896 τρεχούσης

2120 927 2220 995 τῆς
2251 924 2636 985 ὑποστάσεως,
2684 920 2785 989 τῆς
2818 917 3019 987 πολλῆς
3068 917 3189 971 λίαν
3239 918 3555 987 ὁμοιότητος
3591 918 3695 969 οὐκ

2122 1015 2299 1086 ἐώσης
2344 1011 2630 1083 φαίνεσθαι
2676 1010 2874 1064 δυάδα’
2918 1008 2993 1072 ὼς
3040 1007 3305 1083 ἐντεῦθεν
3336 1008 3437 1077 ἤδη
3474 1008 3567 1060 καὶ
3601 1008 3697 1061 τὸν

2123 1106 2282 1160 αὑτὸν
2316 1103 2535 1173 Πατέρα
2576 1102 2672 1155 καὶ
2705 1101 2833 1153 Υἰδν
2864 1098 3210 1151 ὑπονοεῖσθαι
3256 1100 3411 1167 παρά
3443 1115 3581 1150 τισιν
3612 1100 3697 1161 εἰς

2124 1199 2291 1253 δυάδα
2344 1196 2650 1267 μηδαμόθεν
2693 1192 3112 1265 χωριζομένους.
3155 1191 3373 1259 Ἐπειδὴ
3423 1191 3477 1242 δὲ
3526 1193 3697 1260 ἐχρῆν

2126 1287 2322 1340 εἰδέναι
2361 1285 2465 1336 καὶ
2485 1283 2585 1353 τὴν
2609 1283 2949 1351 γεννήσασαν
2975 1278 3140 1347 φύσιν
3171 1280 3265 1330 καὶ
3296 1278 3396 1349 τὴν
3419 1279 3701 1349 γεννηθεῖ-

2130 1394 2228 1430 σαν
2253 1376 2312 1441 ἐξ
2342 1375 2529 1443 αὐτῆς,
2558 1371 2801 1424 τέθεικεν
2833 1373 2865 1441 ἡ
2896 1369 3014 1421 θεία
3043 1368 3235 1438 Γραφὴ
3272 1368 3332 1420 τὸ
3362 1368 3456 1420 τοῦ
3484 1368 3704 1438 Harpe;

2130 1469 2300 1536 ὄνομα
2337 1465 2432 1518 καὶ
2456 1463 2518 1515 τὸ
2548 1462 2642 1514 τοῦ
2684 1459 2835 1524 Υίοῦ,
2882 1458 2968 1511 ἵνα
2998 1458 3113 1526 φῶς
3159 1460 3223 1511 ὲκ
3257 1460 3431 1528 φωτὸς
3469 1458 3697 1528 νοῆται,

2131 1561 2225 1612 καὶ
2261 1557 2521 1626 ἑκάτερον
2548 1554 2606 1605 ὲν
2641 1552 2747 1622 ἰδία
2782 1549 3080 1604 ὑποστάσει
3111 1549 3437 1619 ’σωζομένης
3468 1550 3565 1631 ἐπ’»
3590 1550 3700 1618 ἀμ-

2132 1654 2252 1719 φοῖν
2289 1649 2389 1717 τῆς
2422 1644 2751 1714 ταύτότητος
2777 1643 2911 1713 πρὸς
2943 1643 3033 1694 τὸν
3057 1642 3263 1711 ἕτερον.
3302 1641 3703 1694 Ἀκολουθοῦσα

2131 1742 2188 1795 δὲ
2223 1739 2383 1792 πάλιν
2411 1740 2477 1806 τῇ
2507 1736 2629 1790 καθ’
2660 1736 2807 1805 ἡμᾶς
2854 1732 3143 1802 συνηθείᾳ,
3186 1731 3248 1784 τὸ
3299 1731 3523 1802 μείζονα
3555 1733 3687 1785 ἁποο

2131 1830 2313 1883 δίδωσι
2344 1826 2421 1896 τῷ
2468 1824 2663 1894 Πατρὶ,
2702 1824 2788 1875 ἵνα
2818 1819 3152 1890 πανταχόθεν
3194 1822 3228 1890 ἠ
3264 1820 3396 1882 δυὰς
3420 1820 3514 1873 καὶ
3540 1820 3603 1873 τὸ
3635 1819 3702 1883 ἐξ

2133 1915 2195 1973 οὐ
2226 1917 2558 1988 σημαίνηται
2579 1930 2593 1942 ·
2624 1914 3034 1982 προσμαρτυρεῖ
3055 1911 3113 1964 δὲ
3132 1910 3191 1963 τδ
3221 1911 3355 1975 ῐσον,
3386 1910 3473 1962 ἵνα
3508 1911 3581 1978 μή
3611 1925 3701 1971 τις

2137 2011 2265 2081 περὶ
2291 2007 2389 2078 τὴν
2412 2006 2601 2059 οὐσίαν
2626 2003 2951 2073 ἀνομοιότης
2973 2004 3159 2071 νοῆται
3178 2000 3394 2069 Πατρὸς
3423 1999 3517 2052 καὶ
3546 1997 3698 2050 Υἰοῦ.

2141 2103 2281 2163 Ἰσος
2308 2097 2591 2167 τοιγαροῦν
2619 2095 2761 2149 κατὰ
2791 2095 2881 2147 τὸν
2911 2094 3007 2163 τῆς
3033 2092 3220 2153 οὐσίας
3252 2091 3409 2158 λόγον
3440 2090 3705 2157 ὑπάρχων

2138 2195 2166 2245 ὁ
2200 2192 2323 2252 Υἱὸς
2356 2188 2430 2258 τῷ
2460 2188 2633 2257 Πατρὶ
2684 2188 2780 2239 καὶ
2826 2186 3007 2254 ὅμοιος
3048 2183 3190 2236 κατὰ
3231 2182 3431 2243 πάντα,
3484 2180 3707 2250 μείζονα

2142 2282 2302 2336 αὐτόν
2333 2296 2497 2349 φησιν
2545 2279 2620 2339 ὡς
2661 2276 2913 2346 ἄναρχον,
2955 2276 3093 2344 ἔχων
3134 2274 3307 2344 ἀρχὴν
3352 2273 3494 2325 κατὰ
3544 2271 3712 2340 μόνον

2139 2372 2199 2424 τὸ
2227 2372 2285 2436 ὲξ
2315 2367 2399 2431 οὐ,
2447 2372 2495 2422 εἰ
2524 2370 2615 2421 καὶ⁵
2652 2368 2947 2436 σύνδρομον
2980 2366 3128 2435 αὐτῷ
3158 2365 3255 2435 τὴν
3288 2362 3521 2432 ὓπαρξιν
3570 2361 3686 2431 ἔχει

472 2454 746 2519 majorem
790 2458 944 2512 illum
1001 2468 1181 2525 vocat,
1226 2466 1482 2527 tanquam
1525 2458 1791 2528 principio
1839 2466 2135 2519 carentem,
2191 2454 2306 2519 ipse
2345 2453 2670 2522 principium
2730 2453 2934 2508 habens
2970 2468 3032 2506 ca
3080 2459 3288 2504 tantum
3329 2449 3537 2502 ratione
3571 2440 3724 2517 quod

468 2562 533 2602 ex
566 2549 725 2606 Patre
751 2561 857 2620 εει,
896 2556 1106 2609 tametsi
1128 2553 1465 2608 cxsistentia:
1488 2556 1701 2609 ratione
1741 2569 1864 2608 cum
1896 2567 1961 2607 eo
1997 2552 2305 2607 conveniat.

990 2643 1243 2716 Ejusdem
1298 2654 1347 2699 et
1379 2646 1513 2700 haec.

534 2728 666 2795 Qum
702 2730 946 2799 ejusdem
983 2707 1302 2797 substantia:
1348 2744 1476 2788 sunt
1519 2743 1573 2789 et
1604 2744 1834 2799 naturae,
1866 2707 2055 2802 magis

467 2820 630 2875 etiam
665 2822 878 2890 preprie
911 2822 1053 2876 inter
1076 2838 1136 2876 se
1163 2822 1401 2877 conferri
1446 2835 1711 2893 possunt:
1749 2839 1873 2893 quae
1908 2837 2038 2877 vero

466 2914 541 2969 ita
579 2930 698 2969 sese
728 2931 832 2969 non
871 2918 1089 2982 habent,
1109 2918 1201 2972 sed
1232 2918 1454 2973 εἰναι-ειη
1480 2930 1684 2972 natura:
1702 2927 1849 2981 sunt,
1876 2928 2039 2987 atque

2740 2640 2853 2696 Kal
2911 2642 3112 2697 τοῦτο.

2216 2735 2299 2788 Τὰ
2343 2734 2439 2802 τῆς
2476 2734 2649 2802 αὑνῆς
2688 2734 2877 2796 οὐσίας
2913 2734 3043 2786 ὄντα
3095 2733 3189 2787 καὶ
3238 2732 3451 2799 φύσεως
3491 2730 3591 2783 καὶ
3618 2729 3729 2799 τὴν

2144 2827 2283 2897 πρὸς
2317 2827 2523 2895 ἄλληλα
2556 2825 2847 2895 σύγκρισιν
2880 2823 3228 2895 κυριωτέραν
3264 2821 3575 2891 ἐπιδέχεται
3598 2839 3614 2853 ·
3650 2824 3726 2874 τὲ

2143 2919 2200 2973 δὲ
2235 2920 2309 2989 μὴ
2338 2917 2512 2981 οὕτως
2536 2916 2751 2989 ἔχοντα.
2770 2918 3041 2988 ἑτεροιρυῆ
3069 2916 3126 2970 δὲ
3152 2917 3303 2981 ὄντα,
3331 2916 3430 2969 καὶ
3450 2915 3538 2968 διὰ
3564 2916 3728 2966 τοῦτο

467 3018 529 3058 ea
558 3005 623 3058 de
647 3021 809 3060 causa
836 3008 1153 3063 diversitate
1191 3010 1423 3078 quadam
1461 3009 1601 3063 inter
1648 3025 1706 3063 se
1756 3009 2035 3071 distincta,

2146 3011 2457 3080 τεμνόμενα
2505 3012 2642 3078 πρὸς
2697 3009 3126 3078 ἀλλοτριότητα,
3182 3008 3286 3061 οὐκ
3347 3008 3417 3065 ἂν
3470 3006 3728 3075 αλλήλοις

466 3099 773 3165 comparari
817 3099 922 3151 sibi
957 3099 1190 3154 invii-em
1231 3117 1335 3156 non
1383 3110 1629 3169 possunt.
1667 3098 1849 3170 Neque
1893 3099 2038 3154 ettim

467 3188 754 3256 quisquam
780 3190 886 3243 nisi
911 3192 1099 3260 judicii
1136 3191 1314 3262 inops,
1340 3193 1574 3247 hominis
1594 3202 1838 3246 naturam
1864 3191 2042 3261 inqui-

467 3296 594 3335 rens
624 3282 790 3343 dicat,
826 3283 1013 3336 bovem
1052 3283 1277 3338 homine
1307 3285 1563 3355 majorem
1592 3300 1733 3351 esse,
1762 3294 1855 3339 aut
1881 3284 2043 3339 vicis-

469 3373 570 3427 sim
601 3372 754 3427 bovis
778 3384 1026 3427 naturam
1054 3390 1219 3430 nosse
1251 3376 1461 3443 volens,
1492 3376 1637 3431 dicat
1662 3376 1939 3431 hominem
1976 3390 2041 3430 eo

469 3464 731 3532 majorem
765 3481 905 3521 esse.
938 3465 1069 3533 Qum
1098 3468 1243 3522 enim
1272 3468 1514 3538 ejusdem
1556 3480 1763 3524 naturae
1812 3484 1875 3524 ac
1920 3482 2043 3537 spe-

470 3555 571 3610 ciei
603 3566 749 3619 sunt,
773 3566 830 3611 nt
861 3558 1064 3612 dictum
1098 3568 1201 3621 est,
1227 3574 1291 3614 ea
1332 3559 1614 3615 commode
1641 3569 1874 3629 apteque
1900 3558 2044 3614 inter

471 3661 531 3701 se
566 3646 945 3704 conferuntur.
981 3647 1036 3704 Si
1076 3650 1259 3720 itaque
1291 3650 1562 3714 confetur,
1591 3649 1899 3719 secondum
1925 3665 2040 3718 vos,

472 3738 641 3793 Filius
668 3753 790 3793 cum
835 3740 1017 3807 Patre,
1047 3743 1256 3797 ratione
1286 3741 1507 3812 majoris
1536 3752 1589 3798 et
1632 3742 1877 3809 minoris,
1914 3757 2047 3797 con-

474 3830 847 3886 subStantialis
873 3840 1023 3888 certe
1054 3849 1229 3903 neque
1258 3834 1507 3891 diversus
1535 3833 1603 3890 ab
1639 3847 1704 3888 eo
1742 3833 1869 3889 erit.
1898 3830 2045 3887 Con-

475 3922 806 3978 subtantiale
848 3937 1031 3979 autem
1069 3941 1178 3979 non
1213 3933 1391 3993 potest
1427 3924 1881 3980 consubstantiali
1931 3938 2053 3977 ma-

472 4012 564 4082 jus
595 4024 689 4069 aut
721 4014 901 4070 minus
932 4031 1053 4069 esse
1085 4017 1295 4069 ratione
1319 4017 1639 4071 substantiae
1666 4032 1680 4070 ι
1706 4030 1883 4085 neque
1906 4014 2050 4068 enim

480 4107 639 4158 homo
666 4108 885 4161 homine
908 4106 1084 4175 major
1110 4118 1213 4169 est,
1242 4116 1512 4174 quatenus
1538 4109 1697 4161 homo
1718 4115 1821 4162 est.
1844 4105 2055 4175 Equa-

479 4196 546 4249 lis
577 4197 741 4266 igitur
786 4205 872 4251 est
909 4205 965 4251 et
1009 4196 1485 4252 consubstantialis
1520 4197 1669 4253 Patri
1718 4198 1923 4265 Filius;
1962 4211 2054 4251 ra-

481 4288 628 4340 tione
661 4301 790 4339 vero
824 4285 1220 4340 incarnationis
1247 4286 1520 4341 credimus
1547 4286 1762 4342 Patrem
1794 4287 2055 4356 majorem

482 4390 513 4429 a
536 4374 673 4430 Filio
696 4388 969 4433 vocatum.
994 4377 1221 4442 Quando
1236 4379 1381 4433 enim
1407 4380 1799 4433 humanitatem
1819 4393 2058 4445 assump-
2088 4405 2130 4459 ι)

483 4471 575 4535 sit,
601 4467 711 4522 tum
739 4469 882 4523 ctian
918 4480 975 4524 ut
1000 4470 1162 4524 homo
1194 4471 1293 4525 hoc
1317 4472 1474 4526 dixit.

766 4580 846 4635 Ex
875 4582 1043 4649 primo
1078 4579 1332 4635 Thesauri
1361 4582 1494 4637 libro
1545 4600 1663 4654 cap.
1704 4584 1756 4641 9.

556 4738 706 4803 Quod
737 4753 798 4792 ex
826 4751 992 4791 causa
1012 4734 1193 4805 aliqua
1212 4744 1315 4802 est,
1347 4735 1430 4792 vel
1453 4738 1697 4807 genitum
1719 4747 1821 4805 est,
1854 4738 2056 4809 inquit,

487 4830 857 4886 necessarium
905 4820 988 4883 est
1021 4836 1079 4882 ut
1112 4828 1185 4884 sit
1240 4828 1543 4885 secundum
1579 4829 1645 4884 ab
1676 4830 1768 4883 illo
1817 4832 1963 4900 quod
2008 4833 2056 4886 ei

488 4938 653 4978 causa
683 4922 1027 4977 exsistentize
1059 4918 1181 4974 luit.
1216 4919 1504 4977 Secundus
1537 4920 1715 4991 itaque
1749 4922 1855 4976 erit
1886 4921 2059 4979 Filius

488 5031 518 5068 a
548 5015 727 5080 Patre,
754 5013 959 5082 quippe
983 5011 1075 5081 qui
1101 5009 1318 5066 Patrem
1346 5020 1406 5067 ut
1430 5027 1652 5068 causam
1678 5012 1841 5067 habet
1862 5031 1877 5068 :
1897 5022 2062 5083 atque

488 5105 699 5159 idcirco
746 5118 814 5157 ne
846 5102 1339 5158 consubstantialis
1369 5104 1589 5173 quidem
1629 5103 1678 5157 ei
1719 5104 1843 5160 erit.
1881 5106 1989 5160 Aut
2014 5104 2059 5161 si

488 5196 611 5267 quis
646 5194 1044 5249 contentiosius
1093 5203 1301 5265 urgeat,
1357 5194 1880 5250 consubstantialem
1935 5212 2058 5251 eum

490 5300 611 5340 esse
642 5285 852 5349 dicens,
887 5300 991 5339 una
1023 5295 1170 5340 certe
1196 5284 1374 5341 deitas
1426 5288 1725 5340 sectionem
1759 5287 2061 5344 admittens

490 5375 545 5429 in
579 5377 896 5431 dualitatem
932 5375 1103 5431 divisa
1158 5376 1262 5430 erit
1292 5394 1305 5430 :
1346 5391 1520 5445 neque
1550 5376 1695 5432 enim
1727 5376 1887 5433 aliter
1926 5393 2063 5433 con-

492 5467 867 5523 substantialis
895 5483 1017 5523 esse
1049 5476 1245 5539 potest.

568 5557 944 5615 llebacchatur
992 5578 1210 5617 rursum
1259 5560 1464 5618 Christi
1512 5562 1708 5631 hostis,
1743 5570 2059 5633 temereque

494 5646 757 5706 adversus
787 5651 1026 5708 divinam
1074 5655 1369 5711 essentiam
1401 5654 1652 5711 blaterat.
1682 5655 1869 5712 Secari
1911 5656 2057 5713 enim

2148 3104 2496 3172 συγκρίνοιτο
2518 3120 2532 3134 ·
2573 3100 2897 3155 ἀπαιδευσία
2944 3100 3052 3171 γάρ
3092 3098 3248 3153 τοῦτό
3280 3116 3365 3168 γε.
3396 3099 3473 3152 Οὐ
3520 3097 3625 3166 γὰρ
3654 3097 3724 3151 ἄν

2145 3212 2230 3258 τις
2258 3194 2403 3247 εῐποι
2428 3193 2552 3247 νοῦν
2574 3193 2737 3264 ἔχων,
2768 3192 2993 3262 μείζονα
3014 3189 3109 3245 τοῦ
3144 3190 3435 3262 ἀνθρώπου
3457 3190 3546 3243 τὸν
3573 3188 3723 3258 βοῦν,

2144 3264 2244 3359 τὴν
2278 3284 2567 3355 ἀνθρώπου
2596 3284 2758 3355 φύσιν
2794 3284 3051 3353 ἐρευνῶν·
3076 3282 3188 3335 οὐδ’
3209 3281 3277 3336 αὐ
3304 3283 3469 3337 πάλιν
3500 3282 3598 3351 τὴν
3626 3279 3724 3333 τοῦ

2149 3376 2270 3447 βοίς
2300 3375 2565 3446 ἐκμαθεῖν
2604 3374 2870 3446 βούλοιτο,
2908 3374 3133 3445 μείζονα
3158 3374 3353 3427 τούτου
3377 3372 3469 3426 τὸν
3512 3372 3726 3440 άνθρω⁹

2149 3489 2249 3525 πον
2280 3470 2448 3539 λέγοι.
2473 3469 2556 3523 Τά
2584 3468 2690 3540 γὰρ
2727 3471 2942 3540 ὁμοφυῆ
2973 3485 3033 3521 τε
3071 3467 3166 3520 καὶ
3198 3465 3447 3536 ὁμοειδῆ,
3470 3464 3723 3530 καθάπερ

2151 3563 2386 3633 εἴρηται,
2416 3559 2515 3631 τὴν
2546 3560 2683 3631 πρὸς
2727 3559 2931 3628 ἄλληλα
2986 3558 3279 3628 σύγκρισιν
3326 3555 3626 3609 ἀκόλουθόν
3670 3570 3727 3607 τε

2150 3652 2248 3706 καὶ
2295 3651 2611 3722 πρέπουσαν
2647 3650 2783 3721 ἔχει.
2828 3651 2891 3704 Εί
2933 3650 3114 3703 τοίνυν
3166 3649 3549 3718 συγκρίνεται,
3604 3643 3731 3698 καθ’

2152 3747 2317 3814 ὑμᾶς,
2351 3748 2377 3798 ὁ
2411 3744 2539 3807 Υιδς
2566 3744 2645 3814 τῷ
2682 3743 2866 3814 [la-cpi.
2894 3743 3037 3797 κατὰ
3058 3742 3119 3795 τὸ
3148 3742 3333 3810 μεῖζον
3368 3740 3461 3794 καὶ
3487 3740 3727 3799 ἔλαττον,

2150 3834 2440 3906 όμοούσιος
2461 3834 2569 3903 ἄρα
2590 3836 2684 3886 καὶ
2701 3834 2803 3887 οὐκ
2819 3832 3107 3903 άλλότριος
3126 3832 3291 3886 αὐτοῦ
3311 3833 3481 3886 ἐστιν.
3504 3827 3733 3895 Ὀμοούυ

2152 3945 2265 3981 σιον
2289 3929 2346 3981 δὲ
2374 3929 2667 3999 όμοουσίου
2697 3928 2798 3980 οὐκ
2828 3927 2894 3981 ἂν
2924 3927 3134 3992 γένοιτο
3160 3927 3348 3994 μεῖζον
3374 3925 3468 3976 καὶ
3500 3923 3729 3975 ἔλαττον

2150 4018 2291 4069 κατὰ
2331 4017 2420 4068 τὸν
2443 4017 2543 4087 τῆς
2570 4016 2761 4078 οὐσίας
2790 4016 2949 4083 λόγον
2969 4030 2984 4044 ·
3014 4015 3077 4067 οὐ
3121 4015 3228 4081 γάρ
3283 4014 3487 4083 μείζων
3515 4013 3738 4080 ἄνθρω-

2152 4123 2251 4171 πος
2277 4106 2591 4176 ἀνθρώπου,
2626 4106 2763 4161 καθὸ
2799 4106 3108 4178 ἄνθρωπος.
3138 4106 3279 4168 Ἰσος
3310 4108 3420 4175 ἄρα
3449 4105 3528 4174 τῷ
3557 4104 3739 4173 "arpi.

2152 4200 2244 4251 καὶ
2281 4200 2308 4252 ὁ
2336 4199 2463 4260 Υἰδς
2492 4199 2583 4251 καὶ
2616 4198 2904 4269 όμοούσιος
2925 4210 2940 4226 ⁵
2971 4198 3335 4267 οἰκονομικῶς
3375 4198 3431 4250 δὲ
3477 4197 3739 4265 εἰρῆσθαι

2152 4288 2483 4357 πιστεύομεν
2537 4282 2631 4342 ἐπὶ
2687 4287 2782 4342 τοῦ
2833 4290 3049 4359 Πατρδς
3088 4288 3150 4341 τὺ
3202 4289 3408 4358 μεῖζον.
3447 4290 3578 4340 Ὀτε
3625 4288 3741 4357 γὰρ

2154 4378 2591 4450 ὲνανθρωπήσῷς
2641 4377 2921 4448 φαίνεται,
2951 4381 3071 4435 τότε
3110 4381 3203 4434 καὶ
3256 4380 3410 4431 τοῦτό
3463 4396 3631 4449 φησιν
3662 4380 3742 4443 ὡς

2154 4470 2251 4524 ἄνθ
2262 4488 2462 4541 ρωπος.

2160 4585 2272 4640 Τοῦ
2314 4584 2501 4639 αὑτοῦ
2525 4585 2608 4658 ex
2655 4587 2765 4641 τοῦ
2806 4586 2855 4643 θ’
2889 4590 3225 4658 κεφαλαίου
3263 4590 3372 4645 τοῦ
3413 4590 3466 4643 α’
3489 4593 3743 4656 βιϐλίου

2445 4657 2548 4709 τοῦ
2580 4658 2897 4724 Θησαυροῦ
2931 4659 3065 4727 περὶ
3101 4662 3449 4729 ὀμοουσιου.

2231 4746 2304 4799 Τὸ
2352 4746 2412 4811 ἐξ
2456 4747 2632 4802 αἰτίου
2681 4750 2827 4813 τινὸς
2863 4750 2943 4818 ὃν,
2994 4750 3027 4821 ἢ
3073 4753 3495 4821 γεγεννημένον,
3549 4755 3745 4823 φησιν,

2159 4840 2374 4911 ἀνάγκη
2398 4842 2650 4912 δεύτερον
2676 4838 2815 4897 εἶναι
2836 4844 3053 4909 τούτου,
3076 4844 3106 4897 ὃ
3128 4845 3192 4913 δὴ
3218 4845 3315 4898 καὶ
3338 4845 3563 4914 γέγονεν
3592 4846 3747 4913 αὐτῷ

2163 4932 2256 4985 τοῦ
2292 4929 2431 4985 εἶναι
2461 4934 2657 4988 αἴτιον.
2691 4934 2902 4987 Οὐκοῦν
2928 4935 3186 5006 δεύτερος
3215 4935 3368 4988 ἔσται
3398 4936 3491 4988 τοῦ
3526 4936 3747 5005 [ἰατρὸς

2162 5024 2189 5075 ό
2228 5023 2354 5087 Υἱὸς
2382 5024 2554 5077 αἰτιον
2585 5026 2746 5079 αὐτὸν
2775 5020 2913 5096 ἔχων
2938 5044 2952 5058 ο
2985 5029 3081 5080 καὶ
3106 5027 3193 5081 διὰ
3224 5026 3383 5080 τοῦτο
3418 5028 3517 5097 οὐχ
3541 5028 3745 5097 όμοού-

2165 5131 2301 5178 σιος.
2336 5116 2407 5168 Ἢ
2443 5116 2914 5188 ἀφιλονεικότερον
2962 5117 3288 5189 ἐνστήσεταί
3335 5135 3420 5181 τις
3459 5120 3755 5188 ὁμοούσιον

2165 5204 2329 5258 αὑτὸν
2367 5204 2506 5260 εἰναι
2557 5207 2753 5275 λέγων,
2786 5209 2818 5279 ὴ
2856 5210 2957 5278 μία
3002 5208 3218 5279 θεότης,
3248 5209 3375 5279 ἄρα,
3412 5212 3590 5279 τομήν
3627 5228 3755 5266 τινα

2168 5297 2489 5368 χωρήσασα,
2520 5298 2745 5366 γέγονεν
2781 5300 2861 5361 είς
2904 5299 3072 5354 δυάδα
3098 5316 3113 5331 ’
3145 5300 3206 5353 οὐ
3243 5301 3353 5371 γὰρ
3386 5302 3593 5370 ἑτέρως
3618 5306 3753 5374 όμο-

2170 5389 2347 5451 ούσιος
2387 5386 2527 5443 εἰναι
2562 5390 2807 5443 δύναται.

2242 5564 2356 5618 Οὐκ
2390 5564 2707 5618 αἰσθάνεται
2739 5567 2900 5622 πάλιν
2932 5568 3146 5637 μεθύων
3174 5573 3202 5623 ό
3233 5572 3623 5641 χριπομάχος,
3658 5578 3754 5624 καὶ

2178 5655 2358 5727 μάιην
2387 5656 2787 5733 καταφλυαρῶν
2836 5658 2934 5730 τῆς
2969 5659 3119 5727 θείες
3153 5665 3357 5726 οὐσίας.
3403 5665 3477 5721 Τὸ
3512 5665 3612 5736 μιν
3642 5668 3752 5735 γάρ
