4086 6214
339 265 451 330 673

334 400 639 472 τέμνεσθαι
669 404 764 458 καὶ
783 405 1062 466 διάστασίν
1084 428 1203 465 τινα
1229 415 1427 484 μεταξῦ
1445 417 1543 487 τὴν
1570 419 1705 488 πρὸς

335 493 602 548 δύνασθαι
649 495 854 566 λαϐεῖν,
909 503 1177 572 σωμάτων
1227 506 1378 563 ῖδιον.
1444 509 1506 563 Ἦ
1557 511 1612 564 δὲ
1656 511 1782 566 ὀεία
1829 515 1922 568 τοῦ

334 586 552 657 Πατρὸς
582 588 762 655 ούσία,
795 590 1087 662 ἀσώματος
1113 591 1270 663 οὖσα,
1304 603 1478 670 τομῆς
1501 619 1561 654 τε
1591 603 1686 657 καὶ
1716 603 1924 678 διαιρέ-

335 695 478 742 σεως
522 679 874 746 ἀνεπίδεκτός
905 686 1084 739 ἐστιν’
1115 686 1239 742 οὔτε
1287 689 1346 743 δὲ
1380 693 1438 745 ὲν
1467 691 1619 764 τόπῳ
1663 695 1922 766 μένουσα,

331 768 460 824 οὔτε
491 771 598 825 ὑπό
640 791 786 838 τινος
829 772 964 830 οὖσα
1009 780 1252 852 χωρητὴ,
1294 783 1410 837 ἀλλ’
1457 785 1517 839 ὲν
1550 787 1776 860 ἀρρήτῳ
1815 791 1924 845 sui

331 863 432 915 καὶ
465 864 728 936 άφράστῳ
748 870 1083 924 καταστάσει
1105 874 1356 946 κειμένη,
1379 875 1470 930 τὸν
1493 876 1622 932 Υίὸν
1643 879 1699 946 ἐξ
1725 881 1924 952 ἑαυτῆς

331 953 680 1020 ἀδιαστάτως
709 957 1013 1029 ἐξέλαμψεν
1033 977 1046 991 °
1079 962 1180 1016 οὐκ
1206 963 1273 1018 ἂν
1305 966 1507 1038 ἑτέρως
1529 967 1673 1038 ἔχειν
1701 970 1763 1023 τὸ
1785 967 1924 1026 εἶναι

329 1044 518 1098 τελεία
548 1046 843 1120 δυναμένη,
878 1052 926 1104 εί
961 1051 1036 1123 μὴ
1069 1047 1328 1126 ἐγέννησε
1375 1058 1465 1112 ⁶ι’ὸν
1499 1059 1650 1124 Υιὸν,
1683 1061 1778 1116 καί⁹
1824 1065 1922 1118 ἀν-

331 1132 549 1226 εδείχθη
577 1139 912 1206 καρπογόνος
930 1157 943 1171 ο
970 1142 1064 1195 καὶ
1081 1144 1240 1200 πάλιν
1261 1146 1361 1202 οὐκ
1377 1149 1442 1202 ἂν
1465 1149 1665 1220 ἑτέρως
1686 1153 1919 1226 ἐσομένη

329 1224 686 1315 δημιουργὸς,
728 1231 778 1282 εί
808 1231 884 1303 μὴ
911 1233 1130 1290 τέτοκεν
1159 1236 1218 1301 ἐξ
1251 1239 1450 1311 ἑαυτῆς
1489 1241 1800 1315 ἁμερίστως
1829 1224 1922 1300 τὸν

335 1317 484 1382 Υἰὸν,
519 1317 587 1371 δι’
620 1314 679 1374 οὗ
709 1321 778 1376 τὰ
807 1323 985 1377 πάντα
1033 1327 1348 1396 ἐργάζεται.
1385 1334 1572 1388 Ἔστιν
1600 1314 1694 1390 οὖν
1723 1339 1752 1392 6
1795 1339 1920 1402 Υἱὸς

328 1407 616 1502 γεννηθεὶς
751 1413 985 1484 Πατρὸς,
1015 1417 1077 1470 ού
1119 1419 1262 1473 κατά
1289 1439 1411 1477 τινα
1448 1426 1642 1498 τομὴν,
1679 1429 1712 1499 ἢ
1748 1430 1921 1502 ἀπόρ-

332 1500 509 1568 ροιαν,
557 1501 809 1573 καθάπερ
857 1504 1016 1576 ὑμεῖς
1061 1511 1432 1577 φαντάζεσοε·
1481 1515 1598 1568 ἀλλ’
1631 1516 1820 1589 ὥσπερ
1854 1500 1921 1574 ἐκ

329 1589 506 1660 πυρὸς
552 1591 846 1663 Θερμὸσης,
900 1597 1214 1670 ἀμερίστως
1264 1604 1328 1656 ἐκ
1377 1604 1476 1674 τῆς
1517 1607 1612 1660 τοῦ
1663 1609 1915 1674 τεκόντος

330 1681 616 1752 προελθὼν
647 1684 857 1750 οὐσίας.
947 1709 955 1715 -

951 1770 1062 1829 Καὶ
1093 1769 1289 1824 τοῦτο.

406 1864 470 1920 El
498 1861 784 1934 ὀμοούσιός
815 1863 953 1926 ἐστι,
985 1862 1174 1932 φησιν,
1204 1861 1232 1914 6
1269 1860 1393 1924 Υίὸς
1424 1861 1501 1931 τῷ
1535 1862 1728 1929 ΙΙατρὶ,
1748 1861 1800 1913 τί
1832 1862 1909 1933 μὴ

333 1958 430 2010 καὶ
459 1955 623 2018 αὐτός
657 1956 806 2008 ἐστιν
854 1955 1056 2023 ἀγαθὸς
1084 1954 1253 2016 οὖτως
1285 1953 1360 2016 ὡς
1407 1953 1436 2005 6
1480 1955 1709 2025 Πατήρ,
1744 1955 1912 2023 Λέγει

331 2051 444 2119 γάρ
477 2066 581 2102 που
612 2048 748 2119 πρός
771 2065 892 2101 τινα
921 2049 949 2102 6
977 2046 1215 2117 Χριστός
1244 2060 1258 2074 ·
1300 2062 1319 2096 ι
1360 2044 1427 2098 Τί
1459 2063 1526 2116 με
1569 2045 1748 2114 λέγεις
1783 2047 1918 2112 ἁγα-

334 2143 462 2207 b6v;
502 2141 687 2203 Οὐδεὶς
717 2139 919 2207 ἀγαθὸς
951 2142 999 2192 εί
1033 2137 1108 2210 μὴ
1141 2134 1219 2202 εἷς
1254 2141 1282 2192 6
1316 2137 1467 2201 Θεὸς.
1510 2157 1530 2190 ι
1573 2138 1709 2191 Ἕνα
1736 2139 1794 2191 δὲ
1838 2139 1918 2190 εί-

337 2234 481 2297 πὼν,
518 2233 714 2288 ἑαυτὸν
752 2233 858 2296 ἐξω
886 2231 1156 2296 τέθεικεν,
1190 2229 1266 2295 ὡς
1291 2230 1497 2299 ἀγαθὸν
1528 2231 1627 2301 μὲν
1652 2231 1786 2284 ὄντα
1821 2231 1918 2284 καὶ

333 2325 522 2390 αὐτὸν,
557 2325 656 2394 οὐχ
685 2324 828 2378 οὕτω
861 2323 917 2376 δὲ
946 2322 1137 2393 ὥσπερ
1171 2323 1239 2376 ἂν
1277 2324 1364 2395 εῖη
1396 2323 1490 2377 καὶ
1519 2324 1546 2375 6
1576 2325 1790 2394 Πατήρ.

413 2417 618 2486 Κύριον
641 2416 1025 2487 ἀποκαλούσης
1055 2421 1146 2470 τὸν
1176 2414 1308 2470 Υίὸν
1336 2420 1438 2488 τῆς
1467 2417 1618 2480 Θείας
1667 2419 1908 2490 Γραφῆς,

333 2511 529 2570 δώσεις
563 2507 674 2578 ἄρα
706 2508 799 2561 καὶ
824 2507 987 2561 αὑτὸν
1015 2501 1155 2560 εἶναι
1203 2507 1430 2577 Κύριον,
1455 2507 1552 2562 καὶ
1576 2505 1734 2561 τοῦτο
1773 2513 1917 2562 κατὰ

334 2599 674 2672 armatam}
710 2599 843 2669 πρὸς
863 2602 976 2663 τοῖς
999 2599 1178 2662 ἄλλοις
1211 2599 1426 2670 ἀρνήσῃ
1455 2603 1550 2653 καὶ
1571 2601 1713 2654 τόδε.
1731 2601 1790 2653 Ei
1818 2601 1917 2670 μὲν

333 2694 448 2762 γὰρ
470 2693 568 2745 οὐκ
610 2689 752 2745 εἶναι
797 2691 1000 2760 Κύριον
1049 2692 1216 2760 ἐρεῖς,
1249 2693 1509 2746 τάναντία
1543 2695 1762 2762 φρονεῖς
1800 2695 1918 2756 ταῖς

335 2785 510 2846 θείαις
557 2784 797 2853 Γραφαῖς
832 2782 1024 2848 καὶτῷ
1062 2783 1236 2836 ταῦτα
1274 2783 1573 2854 λαλήσαντι
1605 2783 1912 2850 Πνεύματι.

338 2866 768 2936 Συντεθειμένος
803 2867 858 2921 δὲ
895 2868 987 2920 καὶ
1039 2869 1268 2938 φάσκων
1321 2870 1484 2923 αὐτὸν
1523 2865 1662 2923 εἶναι
1701 2872 1924 2940 Κύριον,

1343 283 1719 346 PANOPLIA
1761 288 2216 360 DOGMATICA.
2258 318 2326 332 -
2359 299 2508 365 ΤίΤ.
2538 304 2639 369 Xl.

3494 332 3531 392 6
3547 335 3600 396 T4

1725 421 1925 526 ξυιληλξι
1956 438 1996 488 Α
2029 453 2083 498 et
2127 444 2443 503 divisionem
2497 448 2732 518 aliquam
2786 453 3026 522 recipere
3088 471 3275 525 posse,
3321 473 3609 527 c0rporutn

2029 537 2306 604 proprium
2335 550 2438 594 est.
2467 540 2656 597 Divina
2687 553 2866 600 autem
2905 546 3080 602 Patris
3109 552 3369 614 essentia,
3395 567 3514 603 enni
3544 553 3611 607 sit

2026 626 2378 696 incorporea,
2405 635 2666 691 seetionis
2706 647 2797 691 aut
2831 639 3111 695 divisionis
3153 656 3322 709 capax
3360 659 3463 695 non
3499 655 3607 710 est;

2027 734 2200 788 neque
2241 723 2292 776 in
2337 723 2454 780 loco
2493 728 2736 792 exsiStit,
2767 746 2940 798 neque
2981 746 3010 785 a
3052 747 3322 801 quoquam
3364 735 3612 787 contine-

2027 819 2144 876 tur;
2178 814 2271 868 sed
2303 814 2356 868 in
2391 831 2592 872 arcano
2622 829 2784 888 alque
2814 823 3067 877 inell'abili
3104 836 3248 878 statu
3281 827 3608 888 consistens,

2026 900 2224 958 Filium
2256 918 2324 958 ex.
2352 920 2411 984 se
2443 906 2750 964 immediate
2777 911 3031 978 protulit;
3066 929 3240 983 neque
3265 915 3368 968 alia
3399 914 3611 968 ratione

2027 995 2262 1060 perfecta
2288 985 2408 1050 esse
2438 1008 2636 1064 potest,
2659 1000 2759 1055 nisi
2788 1000 2980 1055 Filium
3013 1005 3278 1070 genuerit,
3301 1013 3354 1056 et
3383 1004 3608 1058 fecunda

2025 1093 2245 1137 ostensa
2273 1085 2340 1138 sit
2361 1126 2375 1148 ,
2406 1101 2579 1154 neque
2612 1103 2824 1142 rursum
2857 1091 3090 1144 creatrix
3122 1107 3246 1146 esse
3279 1102 3476 1160 potest,
3505 1093 3607 1147 nisi

2023 1175 2270 1242 genuerit
2313 1192 2375 1229 ex
2420 1192 2478 1231 se
2523 1178 2788 1233 indivulse
2828 1179 3056 1247 Filium,
3099 1197 3194 1249 per
3230 1198 3388 1251 quem
3428 1187 3610 1240 omnia

2021 1271 2292 1333 operatur.
2456 1266 2550 1320 Est
2581 1269 2742 1337 igitur
2767 1271 2981 1339 genitus
3013 1285 3080 1324 ex
3105 1269 3266 1325 Patre
3289 1272 3476 1339 Filius,
3503 1291 3607 1328 non

2021 1355 2262 1410 sectione
2295 1367 2386 1410 aut
2424 1357 2636 1412 deﬂuxu
2671 1361 2879 1428 aliquo,
2907 1363 3047 1416 sicut
3081 1379 3175 1418 vos
3208 1365 3603 1434 imaginnniini;

2021 1443 2114 1496 sed
2149 1445 2603 1512 quemadmoduin
2644 1451 2892 1504 caliditas
2933 1467 2998 1504 ex
3043 1449 3496 1521 igne,'indivulse
3539 1470 3602 1507 ex

2022 1537 2253 1588 essentia
2288 1537 2562 1606 gignenti;
2591 1541 2850 1607 procedit.

2551 1771 2802 1841 Ejusdem
2839 1789 2885 1830 et
2931 1779 3060 1833 lucc.
3491 1841 3500 1848 ,

2093 1863 2174 1930 Si,
2215 1864 2412 1933 inquit,
2450 1863 2619 1920 Filius
2649 1877 2731 1919 est
2763 1871 3245 1926 cutisuiistautialis
3281 1872 3449 1938 Patri,
3495 1890 3594 1928 cur

2019 1971 2126 2010 non
2150 1955 2314 2009 etiam
2345 1957 2454 2025 ipse
2477 1970 2554 2011 est
2583 1958 2760 2015 bonus
2785 1961 2855 2010 ita
2884 1972 2938 2014 ut
2964 1962 3155 2016 l’ater?
3179 1965 3430 2019 Christus
3446 1971 3592 2020 enim

2022 2046 2228 2100 alicubi
2277 2047 2343 2100 ad
2389 2053 2678 2116 quemdam
2729 2051 2801 2103 ita
2833 2053 2954 2104 ait:
2989 2071 3006 2101 ι
3054 2053 3166 2107 Cur
3196 2071 3280 2108 me
3319 2056 3458 2109 dicis
3501 2059 3600 2111 bo-

2023 2139 2195 2193 num?
2235 2137 2405 2194 Nemo
2449 2141 2626 2197 bonus
2660 2143 2763 2196 nisi
2801 2159 2943 2197 unus
2986 2144 3151 2200 Deus.
3195 2164 3213 2196 ι
3256 2146 3431 2200 Unum
3469 2163 3598 2201 vero

2024 2247 2149 2285 cum
2181 2232 2340 2294 dixit,
2366 2233 2606 2302 seipsum
2634 2235 2874 2304 exet-pit,
2897 2236 3098 2306 quippe
3115 2239 3208 2308 qui
3234 2239 3409 2294 bonus
3431 2241 3596 2294 ctiaut

2025 2323 2142 2394 ipse
2168 2323 2259 2391 sit,
2298 2336 2404 2380 nco
2447 2335 2624 2380 tamen
2661 2329 2732 2380 ita
2765 2331 2936 2380 bonus
2966 2341 3024 2382 ut
3057 2328 3262 2384 Pater.-

2095 2414 2231 2470 Cum
2268 2433 2421 2470 sacra
2456 2417 2737 2488 Scriptura
2769 2418 2964 2472 Filiqu
2997 2421 3284 2475 Do.ninum
3313 2431 3485 2489 roert,
3518 2423 3600 2477 l'a-

2031 2510 2232 2561 telneris
2292 2510 2534 2578 profecto
2587 2510 2752 2565 etiam
2803 2513 2984 2581 ipsum
3020 2514 3308 2567 Dominum
3367 2533 3511 2581 esse,
3544 2526 3598 2569 et

2026 2602 2245 2668 quidem
2274 2617 2422 2666 vere,
2453 2613 2549 2656 aut
2580 2617 2686 2656 una
2714 2618 2838 2656 cum
2872 2604 2992 2657 aliis
3016 2606 3182 2658 etiam
3213 2606 3314 2659 hoc
3348 2610 3591 2676 negabis.

2028 2692 2100 2748 At
2147 2695 2193 2747 si
2232 2693 2456 2763 negabis
2506 2695 2794 2748 Dominum
2860 2713 3002 2763 esse,
3060 2698 3394 2751 contrarium
3447 2704 3604 2768 plane

2026 2787 2202 2841 sentis
2249 2802 2279 2839 a
2333 2785 2632 2852 Seripturis
2663 2797 2714 2840 et
2765 2803 2793 2841 a
2841 2789 3049 2854 Spiritu
3083 2789 3184 2843 hoc
3227 2789 3510 2858 loquente.
3538 2790 3600 2846 Si

2014 2869 2352 2920 concesseris
2384 2869 2697 2937 disci-isque
2743 2873 3024 2928 Dominum
3062 2892 3202 2941 esse,
3235 2877 3396 2945 impie
3438 2895 3600 2948 agere

337 2957 557 3021 ἀσεϐῶς
584 2957 891 3029 ὲλεγχθήση
912 2959 1006 3012 καὶ
1028 2957 1234 3030 Κύριον
1264 2959 1440 3028 λέγων
1480 2960 1574 3014 καὶ
1607 2960 1917 3030 προσκυνιῖη

2021 2957 2459 3025 deprehenderis,
2485 2963 2681 3030 quippe
2709 2966 2800 3031 qui
2830 2964 3111 3019 Dominum
3136 2984 3297 3022 voces
3323 2981 3374 3022 et
3401 2973 3595 3025 adores

334 3048 397 3102 ὃν
423 3050 482 3102 οὐ
535 3049 640 3120 φὴς
688 3049 976 3119 ὀμοούσιον
1007 3044 1145 3102 εἶναι
1193 3049 1269 3120 τῷ
1307 3051 1426 3122 Θεῷ
1472 3053 1566 3105 καὶ
1601 3051 1798 3123 Πατρὶ,
1833 3050 1917 3104 καὶ

2021 3064 2135 3104 eum
2170 3066 2330 3120 quem
2361 3053 2880 3110 consubstantialem
2917 3073 3038 3112 esse
3073 3057 3178 3112 Deo
3210 3076 3272 3114 ac
3313 3060 3457 3113 Patri
3501 3077 3596 3115 tte.-

334 3140 603 3208 κτίσματι
642 3141 842 3211 μᾶλλον
890 3140 924 3211 ἢ
977 3140 1097 3211 Θεῷ
1128 3141 1274 3195 κατὰ
1313 3142 1479 3213 φύσιν
1517 3141 1822 3212 λατρεύεις.
1851 3141 1925 3196 Τὸ

334 3232 446 3302 γὰρ
469 3230 665 3302 ἑτέρας
691 3232 938 3303 ὑπάρχον
965 3232 1150 3296 ούσίας
1190 3233 1344 3305 παρὰ
1367 3234 1460 3288 τὸν
1492 3234 1620 3287 ὄντα
1646 3234 1800 3297 Θεὸν,
1823 3234 1925 3288 οὐκ

333 3323 404 3375 ἂν
425 3325 512 3392 εἴη
533 3323 691 3392 φύσει
719 3323 873 3386 Θεός.
898 3326 1009 3378 Καὶ
1035 3323 1226 3379 τούτου
1251 3325 1462 3397 μάρτυς
1485 3329 1518 3397 ὴ
1545 3315 1663 3380 Θεία
1687 3327 1922 3396 λέγουσα

332 3413 560 3482 Γραφή·
607 3431 624 3464 ι
664 3411 868 3483 Κύριος
906 3416 936 3467 6
963 3413 1094 3477 Θεὸς
1142 3415 1321 3486 ἡμῶν,
1368 3414 1576 3486 Κύριος
1599 3411 1682 3480 εἷς
1710 3416 1858 3469 ἐστι*
1893 3433 1916 3468 ι

333 3503 437 3575 μία
467 3503 576 3574 γὰρ
627 3503 882 3574 ϐεότητος
934 3504 1117 3574 φύσις.
1175 3507 1284 3560 Καὶ
1315 3507 1395 3560 ὅτι
1438 3505 1611 3577 ταύτῃ
1655 3509 1790 3577 μόνῃ
1839 3507 1923 3560 δεῖ

333 3598 683 3665 προσκυνεῖν,
733 3595 942 3669 ἀκούσῃ
975 3597 1170 3650 πάλινο
1232 3616 1251 3648 ι
1287 3597 1494 3668 Κύριον
1531 3597 1619 3650 τὸν
1669 3597 1802 3651 Θεόν
1829 3615 1920 3652 σου

330 3689 757 3758 προσκυνήσεις,
797 3687 893 3741 καὶ
923 3688 1075 3759 αύτῷ
1115 3688 1265 3758 μόνῳ
1291 3688 1633 3760 λατρεύσεις.
1659 3707 1677 3740 ι
1713 3690 1775 3741 Et
1807 3687 1918 3740 τοί-

327 3794 427 3830 νυν
447 3776 537 3831 διὰ
561 3778 622 3830 τὸ
655 3779 815 3848 μόνον
841 3777 1046 3846 ἀγαθὸν
1076 3778 1331 3842 λέγεσθαι
1355 3778 1444 3832 τὸν
1470 3778 1601 3830 Θεὸν
1624 3779 1718 3830 καὶ
1747 3777 1917 3830 Πατέο

331 3890 423 3942 ρα,
454 3873 770 3926 ἐκπεσεῖται
811 3872 905 3926 τοῦ
939 3868 1080 3927 εἶναι
1114 3874 1323 3943 ἀγαθὸς
1346 3877 1375 3927 6
1417 3875 1546 3938 Υἱὸς
1583 3874 1756 3939 οὕτως
1783 3874 1860 3938 ὡς
1889 3876 1917 3925 6

328 3963 543 4034 Πατὴρ,
574 3964 669 4016 καὶ
711 3963 798 4017 διὰ
839 3965 900 4017 τὸ
932 3965 1028 4018 ἕνα
1073 3964 1332 4033 λέγεσθαι
1393 3965 1598 4036 Κύριον
1637 3966 1735 4020 καὶ
1785 3965 1915 4020 Θεὸν

326 4051 419 4102 τὸν
445 4050 692 4122 Πατέρα,
732 4053 1041 4106 ἐκπεσεῖται
1075 4052 1170 4106 τοῦ
1210 4048 1352 4106 εἶναι
1378 4053 1580 4124 Κύριος
1635 4055 1730 4107 καὶ
1783 4054 1916 4119 Θεὸς

328 4142 359 4192 6
401 4141 548 4206 Υἱὸς,
603 4141 746 4196 κατὰ
795 4142 894 4213 τὴν
944 4143 1039 4196 τού
1085 4144 1354 4214 νοήματος
1412 4143 1767 4199 ἀκολουθίαν·
1798 4145 1915 4210 πῶς

321 4230 419 4287 οὖν
448 4237 772 4304 προσκυνεῖς
800 4233 878 4305 τῷ
911 4236 1046 4306 μήτε
1071 4236 1263 4306 Κυρίῳ
1289 4237 1427 4306 μήτε
1446 4235 1605 4306 Θεῷ;
1637 4237 1699 4290 Et
1722 4237 1781 4290 δὲ
1802 4239 1904 4294 Ku-

326 4327 447 4400 ρίου
481 4328 578 4380 καὶ
609 4326 747 4380 Θεοῦ
787 4327 883 4380 τοῦ
913 4327 1145 4397 ῐΠατρὸς
1178 4329 1330 4391 ὄντος
1349 4367 1365 4392 ,
1417 4328 1783 4396 συνεπάγεται
1815 4329 1912 4382 καὶ

2013 3157 2129 3212 gas,
2161 3153 2216 3197 et
2260 3154 2570 3199 creaturam
2603 3148 2784 3216 potius
2817 3165 2978 3218 quant
3015 3166 3201 3204 verum
3234 3152 3397 3205 Deum
3433 3156 3592 3210 colis.

2014 3232 2168 3298 Quod
2215 3235 2359 3288 enim
2394 3233 2618 3290 alterius
2663 3246 2874 3291 natura:
2904 3249 2988 3292 est
3017 3238 3086 3292 ab
3122 3254 3187 3293 eo
3227 3239 3316 3308 qui
3351 3256 3478 3294 γυνθ
3511 3253 3596 3298 est

2012 3321 2179 3389 Deus,
2221 3325 2274 3380 id
2311 3335 2503 3380 natura
2534 3326 2678 3383 Deus
2709 3343 2828 3384 esse
2866 3345 2972 3383 non
3017 3340 3215 3399 potest.
3247 3331 3400 3397 Quod
3431 3336 3592 3386 etiam

2013 3411 2130 3484 ipsa
2176 3429 2331 3469 sacra
2386 3413 2664 3486 Scriptura
2711 3427 2965 3482 testatur,
3018 3420 3252 3474 dicens:
3288 3439 3305 3473 ι
3339 3421 3596 3478 Dominus

2014 3504 2156 3559 Deus
2191 3517 2402 3572 noster,
2439 3507 2696 3564 Dominus
2729 3527 2866 3565 unus
2900 3521 2981 3565 est
3019 3515 3036 3545 ’
3075 3529 3092 3568 :
3133 3532 3150 3564 ι
3185 3498 3294 3566 una
3323 3514 3469 3568 enim
3512 3524 3596 3570 est

2014 3598 2238 3652 deitatis
2291 3610 2504 3653 natura.
2565 3601 2717 3666 Quod
2777 3618 2904 3656 vero
2951 3602 3092 3656 hanc
3151 3604 3320 3656 solam
3366 3608 3596 3658 adorare

2013 3700 2282 3759 oporteat,
2329 3693 2516 3745 audies
2548 3709 2760 3746 rursum
2795 3711 2808 3745 :
2848 3713 2866 3744 ι
2905 3686 3191 3748 Dominum
3241 3697 3406 3749 Deum
3441 3708 3591 3749 tuum

2013 3781 2294 3847 adorabis,
2325 3792 2378 3835 et
2406 3783 2455 3836 ei
2489 3783 2587 3836 soli
2619 3783 2826 3837 servies
2873 3780 2916 3837 ³.
2948 3803 2966 3835 ι
3010 3783 3064 3837 Si
3105 3786 3266 3851 igitur
3300 3787 3424 3854 quia
3453 3785 3594 3841 Deus

2016 3886 2082 3926 ac
2107 3869 2269 3926 Pater
2303 3872 2450 3926 solus
2478 3872 2675 3926 dicitur
2703 3875 2894 3937 bonus,
2933 3875 3100 3928 Filius
3126 3875 3300 3929 bonus
3331 3893 3452 3928 esse
3485 3892 3590 3930 non

2015 3973 2194 4033 potest
2223 3963 2363 4018 sicut
2392 3962 2573 4029 Pater,
2606 3965 2900 4035 eademque
2930 3966 3136 4021 ratione
3168 3984 3288 4021 eum
3323 3985 3459 4020 unus
3489 3968 3592 4020 Pa-

2019 4069 2102 4113 ter
2128 4059 2328 4113 dicitur
2357 4058 2610 4113 Dominus
2641 4070 2696 4113 et
2727 4062 2888 4120 Deus.
2929 4060 3171 4129 sequitur
3196 4064 3357 4114 etiam
3407 4076 3593 4113 iieees-

2019 4151 2166 4205 sario
2194 4166 2258 4205 ex
2302 4151 2490 4206 eodem
2525 4162 2844 4224 argumento
2871 4153 3064 4206 Filium
3104 4168 3279 4220 neque
3309 4151 3592 4205 Dominum

2020 4257 2197 4311 neque
2224 4243 2390 4298 Deum
2419 4259 2540 4301 esse
2566 4264 2580 4300 :
2611 4261 2718 4314 quo
2747 4255 2905 4315 pacto
2936 4247 3099 4316 igitur
3131 4246 3326 4298 adoras
3355 4260 3476 4297 eum
3502 4243 3594 4312 qui

2018 4350 2118 4390 nec
2145 4335 2425 4404 Dominus,
2460 4353 2561 4392 nec
2598 4338 2742 4394 Deus
2766 4341 2881 4394 est?
2913 4338 2968 4393 Si
3006 4353 3154 4403 vero,
3185 4352 3306 4391 cum
3337 4336 3497 4390 Pater
3526 4338 3598 4392 sit

320 4420 352 4470 6
382 4417 510 4481 Υίὸς
542 4417 641 4488 τὴν
669 4417 880 4470 ἐκεῖθεν
924 4417 1163 4487 ἰδιότητα
1213 4418 1352 4488 ἔχων
1375 4417 1451 4482 ὡς
1476 4419 1536 4484 ἐξ
1569 4418 1736 4474 αὑτοῦ
1769 4420 1912 4478 κατὰ

2021 4426 2280 4484 Dominus
2327 4442 2380 4484 et
2441 4429 2606 4494 Deus,
2659 4431 2819 4485 simul
2869 4431 3031 4485 etiam
3077 4429 3356 4485 inducitur
3405 4428 3594 4493 Filius,

320 4508 487 4576 φύσιν
515 4509 776 4579 ὑπάρχων
802 4547 818 4572 ,
853 4511 949 4562 καὶ
978 4508 1095 4561 ἔστι
1138 4509 1278 4578 μετὰ
1323 4509 1537 4581 Πατρὸς
1583 4509 1789 4582 Κύριος
1817 4510 1912 4565 καὶ

318 4599 475 4664 Θεὸς,
511 4599 622 4665 ἕξει
663 4600 884 4664 πάντως
923 4600 1105 4654 καὶτὸ
1134 4597 1277 4654 εἶναι
1305 4601 1509 4670 ἀγαθὸς
1543 4601 1619 4666 ὡς
1639 4603 1668 4656 6
1699 4603 1911 4674 Πατὴρ,

316 4691 422 4760 τῆς
452 4693 722 4762 πατρικῆς
749 4693 1011 4762 ἰδιότητος
1035 4692 1138 4746 κάν
1167 4692 1343 4764 τούτῳ
1372 4693 1538 4747 πάλιν
1557 4693 1913 4766 ὑπαρχούσης

317 4783 379 4836 ἑν
411 4782 581 4852 αὐτῷ,
614 4781 869 4854 καθάπερ
899 4784 994 4838 καὶ
1021 4785 1078 4835 ὲν
1107 4784 1324 4855 ἐκείνῳ.
1841 4799 1844 4802 ’

945 4967 1056 5025 Kal
1089 4969 1289 5025 τοῦτο.

398 5060 576 5114 ηολλὰ
604 5061 732 5131 περί
760 5081 820 5116 τε
841 5062 932 5117 τοῦ
959 5063 1168 5134 Πατρὸς
1195 5065 1289 5117 καὶ
1314 5061 1405 5114 τού
1427 5061 1558 5115 Υἱοῦ
1583 5062 1836 5132 λέγουσιν
1856 5063 1912 5118 ai

328 5153 478 5208 θεῖαι
502 5153 746 5224 Γραφαὶ,
768 5156 862 5208 καὶ
892 5157 952 5209 ού
984 5156 1044 5208 τὸ
1075 5155 1183 5208 τῶν
1201 5153 1485 5223 ὀνομάτων
1513 5154 1773 5226 διάφορον
1800 5155 1918 5211 δια-

327 5247 540 5300 στέλλει
580 5249 798 5310 πάντως
827 5250 1010 5311 αὐτοῖς
1039 5248 1132 5300 καὶ
1163 5248 1262 5317 τῆς
1289 5245 1479 5310 οὐσίας
1512 5246 1606 5302 τὸν
1633 5247 1816 5313 λόγον,
1837 5247 1914 5310 ὡς

326 5340 692 5409 ἀνομοιότητα
722 5357 843 5393 τινα
865 5340 956 5394 διὰ
983 5337 1188 5392 τούτων
1220 5339 1470 5408 χωρῆσαι
1499 5339 1730 5409 μεταξύ.
1755 5340 1914 5394 Ἐετι

325 5435 437 5501 γὰρ
474 5433 572 5500 μία
605 5433 796 5503 θεότης
828 5433 1040 5502 Πατρὸς
1079 5433 1176 5486 καὶ
1219 5432 1371 5498 Υἰού,
1404 5433 1504 5487 κᾶν
1549 5435 1819 5502 ἑκάτερος
1851 5437 1917 5504 τῇ

324 5523 433 5576 τῶν
462 5523 745 5593 ὀνομάτων
772 5525 1016 5595 ποικιλίᾳ
1037 5525 1311 5594 διαφόρως
1338 5527 1698 5596 σημαίνητλι,
1717 5527 1812 5596 οὐχ
1839 5528 1916 5588 ὡς

329 5616 460 5668 ἴδιοι
489 5615 630 5685 ἔχων
659 5634 712 5668 τι
741 5619 836 5669 καὶ
872 5617 992 5669 καθ’
1018 5617 1231 5681 ἑαυτὸν,
1264 5617 1292 5668 ὅ
1325 5619 1400 5687 μὴ
1431 5619 1510 5688 τῷ
1537 5619 1710 5688 ἑτέρῳ
1742 5620 1915 5689 πρότε-

326 5726 497 5770 εστιν,
527 5709 642 5762 ἀλλ’
672 5710 745 5772 ὡς
777 5711 862 5763 ἐπ’
891 5713 1092 5780 ἀμφοῖν
1130 5715 1327 5780 χωρεῖν
1353 5713 1659 5782 δυναμένου
1712 5715 1912 5776 παντός

406 5801 422 5832 ¹
457 5802 618 5858 Deut.
659 5819 735 5867 \‘t,
761 5803 813 5857 l.
892 5806 911 5834 '
951 5801 1106 5858 Deut.
1144 5821 1198 5872 δ,
1232 5804 1332 5871 ⁸2οε
1377 5802 1565 5859 Matth.
1608 5823 1682 5866 tv,
1723 5810 1803 5859 it).

2018 4525 2265 4578 eamdem
2299 4525 2502 4578 habens
2538 4526 2948 4592 proprietatem,
2985 4533 3170 4592 utpote
3189 4539 3253 4578 ex
3287 4525 3403 4592 ipso
3436 4532 3596 4576 natu-

2021 4612 2210 4666 raliter
2249 4616 2567 4681 procedens,
2621 4626 2674 4668 et
2732 4623 2818 4670 est
2850 4631 2972 4670 cum
3026 4615 3186 4669 Patre
3227 4614 3486 4668 Dominus
3533 4627 3598 4665 ac

2023 4703 2186 4768 Deus,
2230 4707 2542 4760 necessario
2577 4709 2742 4762 etiam
2776 4707 2953 4761 bonus
2991 4709 3114 4774 erit,
3149 4719 3206 4760 ut
3256 4706 3438 4768 Pater,
3474 4718 3595 4755 cum

2021 4807 2245 4865 paterna
2273 4798 2576 4866 proprietas
2603 4799 2762 4852 etiam
2801 4800 2902 4853 hac
2934 4800 2986 4852 in
3013 4813 3165 4867 parte
3213 4798 3264 4850 in
3301 4797 3416 4862 ipso
3453 4794 3598 4848 exsi—

2018 4895 2152 4953 stat,
2188 4888 2414 4954 perinde
2448 4899 2611 4954 atque
2645 4889 2696 4941 in
2733 4889 2844 4944 illo.

2552 4969 2803 5039 Ejusdem
2841 4979 2888 5025 et
2921 4971 3056 5026 hac.

2091 5062 2260 5118 Multa
2300 5064 2367 5118 de
2399 5061 2572 5117 Patre
2616 5072 2669 5116 et
2699 5061 2838 5117 Filio
2869 5078 3026 5116 saera
3075 5062 3358 5131 Scriptura
3396 5057 3594 5129 praedi-

2021 5165 2130 5222 cat,
2175 5171 2357 5225 neque
2404 5167 2584 5209 tamen
2642 5153 2950 5208 ditlerentia
3005 5155 3289 5208 nominum
3347 5151 3600 5207 essentia:

2025 5249 2292 5304 rationem
2327 5250 2381 5303 in
2416 5249 2734 5304 universum
2762 5249 3070 5318 distinguit,
3122 5250 3194 5302 ita
3236 5255 3294 5300 ut
3329 5247 3455 5301 inde
3485 5246 3602 5300 dis-

2025 5341 2332 5395 similitudo
2350 5343 2598 5410 quzedam
2625 5356 2721 5396 eos
2740 5350 2978 5412 separet.
3005 5341 3123 5398 Una
3153 5340 3297 5394 enim
3322 5349 3406 5393 est
3429 5338 3605 5392 deitas

2020 5433 2201 5488 Patris
2235 5446 2285 5487 et
2313 5431 2457 5500 Filii,
2493 5434 2714 5488 etiamsi
2764 5443 2994 5504 uterque
3044 5449 3138 5505 per
3185 5432 3336 5486 varia
3375 5429 3600 5486 nomina

2024 5525 2342 5578 ditl'erenter
2387 5525 2728 5594 significetur
2775 5543 2788 5579 :
2843 5541 2950 5580 non
2994 5523 3137 5594 quod
3181 5525 3445 5577 alteruter
3481 5535 3605 5592 pro-

2023 5618 2202 5684 prium
2277 5616 2482 5685 aliquid
2538 5617 2593 5670 in
2653 5608 2713 5670 ac
2786 5617 3002 5683 habeat,
3061 5616 3208 5686 quod
3285 5615 3438 5669 alteri
3494 5627 3603 5666 non

2025 5713 2178 5778 insit,
2211 5714 2304 5768 sed
2338 5712 2486 5784 quod
2521 5712 2588 5766 de
2620 5723 2850 5784 utroque
2874 5711 2981 5768 dici
3018 5711 3192 5784 possit
3222 5705 3489 5782 quidquid
3521 5704 3600 5761 de
