4030 6222
445 331 552 394 675

1641 317 2033 380 EUTﬂYMll
2075 318 2435 378 ZIGABEN]

3586 313 3691 377 676

435 479 546 518 uno
572 461 791 525 dicitur,
830 470 1052 528 excepta
1095 456 1433 511 solummodo
1464 452 1642 508 Patris
1674 461 1728 507 et
1757 452 1877 507 Filii
1914 466 2011 521 ap-

2126 457 2209 510 5πε
2219 474 2250 526 ρ
2283 454 2349 508 ἂν
2382 454 2467 523 ἐφ’
2498 453 2613 513 ἑνὸς
2629 451 2863 522 λέγοιτο,
2888 450 3012 522 δίχα
3044 449 3211 522 μόνης
3239 448 3337 521 τῆς
3360 448 3463 502 τοῦ
3490 451 3702 521 lia-cle;

436 554 724 624 pellatione
770 567 835 606 ac
864 567 942 604 re.
981 550 1112 603 Nam
1162 550 1322 603 Pater
1359 563 1575 617 semper
1604 556 1687 601 est
1714 544 1894 610 Pater,
1920 559 2015 600 ne-

437 662 543 715 que
594 659 832 713 unquam
886 643 1046 697 fuerit
1088 640 1295 705 Filius;
1345 639 1516 694 Filius
1563 648 1751 693 contra
1798 652 2013 706 semper

439 752 520 793 est
567 740 756 802 Filius,
818 750 995 804 neque
1044 750 1280 803 unquam
1330 732 1493 786 fuerit
1540 732 1723 786 Pater.
1780 730 1836 785 Si
1892 728 2015 798 quis

440 847 566 887 vero
602 830 830 883 voluerit
884 829 1065 882 dicere
1108 842 1213 879 non
1255 840 1413 895 posse
1458 824 1680 893 utrique
1724 820 2017 876 convenire

432 919 855 988 appellationem
897 933 1018 986 qua:
1053 917 1143 970 uui
1180 918 1471 978 tribuatur,
1502 916 1554 969 in
1584 914 1875 967 maximum
1907 927 2015 965 ma-

424 1000 545 1063 lum
614 1011 831 1064 incidet.
882 1009 1019 1075 Quid
1075 1008 1218 1061 enim
1271 1008 1473 1069 faciat,
1528 1006 1743 1061 dicente
1790 1003 1953 1057 Paulo
1999 1022 2013 1059 :

446 1120 463 1151 ι
494 1099 644 1154 Unus
667 1099 808 1153 Deus
838 1097 1000 1151 Pater
1025 1114 1088 1151 ex
1124 1112 1230 1165 quo
1261 1097 1463 1160 omnia,
1491 1105 1545 1150 et
1576 1112 1716 1150 unus
1749 1094 2015 1150 Dominus

438 1192 594 1245 Jcsus
634 1192 882 1245 Christus
935 1206 1027 1257 per
1079 1202 1238 1256 quem
1289 1188 1468 1241 omnia
1517 1187 1582 1239 ’ἲ
1620 1207 1637 1238 ι
1678 1186 1819 1241 Ecce
1855 1203 2014 1255 quam

445 1291 633 1348 aperte
664 1278 1048 1331 Patri‘tribunt
1084 1276 1248 1329 Deum
1281 1292 1399 1330 esse
1429 1285 1483 1329 et
1516 1292 1680 1329 unum
1711 1290 1855 1339 esse,
1882 1276 2019 1330 Filio

441 1380 619 1421 autem
654 1368 937 1421 Dominum
967 1383 1087 1421 esse
1128 1377 1178 1420 et
1218 1383 1404 1419 unum.
1442 1365 1575 1418 Num
1612 1368 1777 1436 igitur
1816 1369 2020 1422 idcirco

442 1460 611 1513 Filius
662 1476 765 1513 non
815 1461 917 1513 erit
958 1460 1119 1523 Deus,
1154 1462 1279 1529 quia
1316 1458 1477 1511 Pater
1522 1470 1747 1511 voCatur
1780 1461 1919 1513 Deus
1965 1468 2019 1513 et

442 1555 619 1607 unus?
668 1564 757 1606 aut
804 1554 965 1607 Pater
1025 1570 1127 1606 non
1188 1555 1293 1607 erit
1344 1552 1621 1614 Dominus,
1671 1552 1796 1620 quia
1849 1550 2019 1605 Filius

442 1645 743 1714 appellatus
771 1655 855 1697 est
884 1644 1141 1696 Dominus
1172 1656 1225 1697 et
1256 1644 1435 1695 unus?
1487 1642 1707 1695 Minime
1741 1657 1886 1704 vero,
1919 1641 2018 1695 ab-

2115 546 2207 598 xal.
2231 544 2326 597 τοῦ
2356 542 2488 596 Υίοῦ
2530 542 2905 613 προσηγορίας
2948 559 3005 595 τε
3037 542 3131 594 καὶ
3167 541 3514 611 πράγματος.
3545 542 3704 594 Ἔστι

2114 637 2224 707 γὰρ
2255 637 2284 689 6
2310 633 2501 705 Πατὴρ
2547 635 2634 686 ἀεὶ
2689 634 2901 703 Πατὴρ,
2954 633 3048 685 καὶ¹
3090 630 3219 695 Υἱὸς
3267 633 3368 685 οὐκ
3398 631 3465 684 ἂν
3494 632 3705 700 γένοιτᾶ

2115 744 2248 781 ποτε
2273 741 2287 757 ·
2323 725 2418 779 καὶ
2441 725 2637 777 ἐστινδ
2671 724 2796 788 Υἱὸς
2840 725 2928 778 ἀεὶ
2959 724 3107 790 Υἱὸς,
3151 723 3246 777 καὶ
3284 723 3474 795 Πατὴρ
3508 726 3606 777 οὐκ
3635 726 3704 781 ἂν

2117 820 2200 890 εἴη
2244 817 2395 871 ποτέ.
2424 817 2487 869 El
2518 815 2574 868 δέ
2620 833 2704 879 τις
2755 815 2997 887 βούλοιτο
3050 817 3281 885 φάσκειν
3338 816 3705 887 μὴδύνασθαι

2119 911 2317 980 χωρεῖν
2351 907 2437 961 ἐπ’
2468 909 2670 979 ἀμφοῖν
2695 907 2833 980 ὅπερ
2862 907 2927 963 ἂν
2962 908 3047 977 ἐφ’
3079 908 3197 972 ἐνὸς
3224 909 3442 980 φέροιτο
3464 912 3706 981 πρόσρη-

2123 1019 2218 1071 μα,
2254 1000 2474 1071 μεγάλῳ
2504 1003 2886 1071 περιπεσεῖται
2927 999 3102 1071 κακῷ.
3136 1000 3201 1051 Τί
3224 999 3335 1070 γὰρ
3362 1001 3429 1054 ἂν
3462 1003 3702 1072 ποιήσοι,

2119 1094 2368 1160 λέγοντος
2396 1089 2491 1145 τοῦ
2515 1090 2727 1144 Παύλου
2750 1107 2764 1121 ’
2796 1109 2813 1141 ι
2848 1084 2944 1155 Εἷς
2966 1093 2992 1144 6
3018 1090 3150 1153 Θεὸς
3179 1090 3207 1142 6
3240 1091 3428 1161 Πατὴρ
3462 1092 3521 1155 ἐξ
3548 1084 3608 1144 οὗ
3635 1092 3705 1145 τὰ

2120 1190 2327 1241 πάντα’
2375 1187 2467 1239 καῖ
2511 1180 2591 1249 εἷς
2639 1186 2841 1257 Κύριος
2908 1183 3117 1255 Ἰησοῦς
3168 1185 3405 1255 Χριστὸς
3447 1184 3514 1237 δι’
3542 1180 3603 1238 οὗ
3636 1187 3706 1237 τά

2121 1281 2319 1331 πάντα.
2371 1298 2388 1329 ι
2439 1279 2567 1332 Ἰδοὺ
2609 1279 2717 1348 γὰρ
2741 1277 2817 1347 τῷ
2845 1277 3021 1342 Πατρὶ
3053 1276 3113 1328 τὸ
3134 1272 3279 1329 εἶναι
3320 1276 3450 1328 Θεὸν
3485 1277 3576 1329 καὶ
3608 1276 3707 1330 ἕνα

2120 1371 2355 1422 δέδωκε·
2388 1369 2465 1439 τῷ
2507 1368 2562 1421 δὲ
2600 1369 2712 1437 Tit?)
2760 1368 2820 1421 τὸ
2861 1363 2998 1421 εἶναι
3044 1366 3249 1437 Κύριον
3293 1367 3387 1419 καὶ
3422 1367 3538 1419 ἕνα.
3575 1363 3704 1438 Ἆρ’

2123 1460 2214 1517 οὖν
2241 1463 2328 1516 διὰ
2353 1463 2511 1515 τοῦτο
2533 1462 2664 1524 Θεὸς
2684 1463 2783 1532 μὲν
2813 1461 2911 1513 οὐκ
2942 1459 3092 1513 ἔσται
3124 1461 3151 1511 6
3182 1461 3329 1525 Υἱὸς,
3363 1460 3546 1530 ἐπειδὴ
3572 1461 3704 1525 Θεὸς

2127 1559 2219 1609 καὶ
2251 1552 2329 1616 εἷς
2352 1557 2379 1606 6
2405 1556 2594 1625 Πατὴρ
2628 1554 3046 1622 κατωνόμασται
3070 1569 3084 1618 ;
3110 1551 3313 1623 Κύριος
3337 1552 3392 1605 δὲ
3426 1552 3524 1604 οὐκ
3552 1552 3704 1606 ἔσται

2127 1648 2155 1698 ὀ
2193 1645 2405 1715 Πατὴρ,
2437 1645 2620 1714 ἐπειδὴ
2658 1645 2858 1715 Κύριος
2882 1643 2973 1696 καὶ
2998 1637 3075 1706 εἷς
3097 1643 3124 1694 6
3146 1644 3271 1707 Υἱὸς
3300 1644 3500 1715 ἐκλήθη
3526 1661 3539 1707 ;
3563 1644 3704 1697 ’Λλλ’

442 1738 553 1792 sit!
606 1738 737 1790 Cum
788 1737 933 1789 enim
979 1734 1143 1787 Pater
1174 1735 1243 1787 sit
1283 1733 1444 1795 Deus,
1498 1732 1669 1785 Filius
1719 1733 1885 1785 etiam
1936 1740 2020 1785 est

2126 1738 2226 1789 οὐκ
2245 1736 2358 1788 ἔστι
2380 1735 2559 1798 τοῦτο,
2604 1734 2677 1805 μὴ
2704 1734 2932 1803 γένοιτο.
2966 1734 3101 1788 Θεοῦ
3136 1734 3241 1807 γὰρ
3275 1734 3425 1796 ὄντος
3457 1734 3548 1787 τοῦ
3590 1736 3700 1787 Πα-

446 1828 590 1883 llcus
621 1846 636 1883 :
669 1838 721 1881 et
756 1841 968 1891 rursus,
1022 1842 1143 1880 cum
1188 1826 1449 1879 Dominus
1496 1824 1567 1877 sit
1599 1822 1791 1887 Filius,
1839 1824 2022 1878 Domi-

446 1936 545 1973 nus
576 1929 738 1972 estet
770 1918 948 1971 Pater.
982 1917 1144 1986 Atqui
1189 1916 1232 1970 si
1267 1932 1385 1985 quae
1416 1922 1558 1969 esset
1584 1916 1836 1969 essentia:
1863 1915 2017 1970 dilic-

447 2009 616 2061 rentia
670 2023 789 2076 qua:
830 2006 949 2061 illos
987 2008 1039 2061 in
1083 2008 1186 2060 duo
1235 2006 1521 2066 divideret,
1565 2020 1740 2073 neque
1785 2005 2017 2058 naturali

446 2096 727 2150 identitate
765 2097 1059 2151 convenire
1108 2097 1465 2164 permitteret,
1522 2096 1680 2149 unius
1730 2096 2022 2165 appellalio

446 2188 599 2241 alteri
633 2189 848 2256 proprie
877 2188 1035 2240 tribui
1072 2204 1173 2241 non
1217 2197 1418 2256 posset.
1448 2187 1717 2254 Quocirca
1752 2204 1874 2241 cum
1905 2204 2022 2241 om-

447 2278 535 2332 nia
553 2296 671 2347 qna:
699 2278 875 2333 Patris
899 2288 1024 2331 sunt
1053 2278 1188 2332 Filio
1220 2280 1410 2343 insint,
1434 2289 1489 2333 et
1517 2290 1729 2347 contra,
1755 2296 1876 2349 qum
1894 2279 2021 2334 Filii

447 2380 592 2432 sunt,
645 2368 810 2422 insint
860 2368 1027 2429 Patri.
1068 2369 1139 2422 ita
1197 2380 1253 2421 ut
1314 2368 1458 2423 nulla
1510 2370 1649 2425 ratio
1684 2370 2021 2425 identilatem

452 2458 707 2530 impedire
739 2458 926 2527 possit,
961 2458 1068 2512 erit
1095 2459 1257 2511 etiam
1295 2458 1410 2527 ipse
1448 2458 1642 2525 bonus,
1676 2446 2021 2528 quemadmo-

446 2551 573 2604 dum
609 2550 789 2616 Pater,
828 2560 990 2620 atque
1025 2550 1145 2605 ideo
1173 2550 1338 2603 etiam
1375 2550 1880 2606 consubstantialis.

1116 2654 1179 2708 Et
1218 2658 1348 2709 Ιιωε.

510 2752 567 2807 Si
597 2751 893 2807 discrimen
922 2751 1143 2821 aliquod
1173 2748 1424 2817 naturale
1457 2747 1651 2804 Filiqu
1682 2759 1853 2817 arcet,
1873 2765 2027 2805 cum-

438 2862 547 2914 que
596 2860 627 2898 a
684 2846 843 2899 Patre
876 2844 1113 2900 essentia
1159 2844 1399 2897 alienum
1447 2857 1570 2897 esse
1602 2843 1861 2909 declarat,
1896 2859 2028 2915 quo-

440 2937 603 2991 modo
653 2938 737 2993 vel
786 2953 849 2991 ea
911 2938 1027 3007 ipse
1074 2952 1197 3006 qua:
1254 2936 1429 2990 Patris
1481 2936 1699 3005 pr0pria
1740 2944 1894 3001 sunt,
1940 2936 2025 2990 vel

2126 1827 2272 1896 τρὸς,
2308 1826 2438 1887 Θεός
2471 1826 2587 1877 ἐστι
2613 1825 2705 1877 καὶ
2737 1826 2764 1878 6
2798 1824 2959 1887 Tl6;°
2994 1825 3086 1877 καὶ
3118 1826 3325 1896 Κυρίου
3362 1825 3523 1878 πάλιν
3554 1826 3705 1889 ὄντος

2126 1916 2221 1969 τοῦ
2255 1915 2406 1980 Υίοῦ,
2443 1915 2645 1987 Κύριός
2678 1918 2825 1969 ἐστιν
2855 1919 2882 1969 ὀ
2910 1917 3117 1986 Πατήρ.
3155 1917 3294 1968 Ἀλλ’
3344 1918 3498 1988 εἴπερ
3526 1913 3592 1987 ἧν
3624 1935 3705 1980 τις

2125 2008 2313 2072 οὐσίας
2341 2010 2570 2081 διαφορὰ
2618 2008 2715 2080 τὴν
2765 2010 2934 2063 δυάδα
2972 2009 3370 2080 διατειχίζουσα
3396 2052 3410 2076 ,
3472 2011 3565 2065 καὶ
3605 2012 3704 2064 οὐκ

2131 2099 2274 2153 ἐῶσα
2302 2099 2597 2169 μίσγεσθαι
2642 2101 2883 2168 φυσικῶς
2916 2102 2994 2163 εἰς
3016 2102 3317 2173 ταυτότητά
3337 2143 3351 2167 ,
3382 2103 3481 2155 οὐκ
3511 2102 3596 2166 ἂν,
3627 2098 3700 2155 οἷο

2128 2206 2246 2259 μαι,
2274 2190 2479 2260 κυρίως
2500 2190 2559 2242 τὸ
2578 2188 2671 2242 τοῦ
2695 2189 2885 2261 ἐτέρου
2913 2191 3127 2262 πρόσρη
3136 2210 3210 2261 μα
3240 2190 3317 2261 τῷ
3346 2192 3516 2262 ἑτέρῳ
3538 2207 3706 2261 προσ-

2126 2281 2212 2350 ῆν.
2238 2280 2459 2351 Ἐπειδὴ
2506 2280 2561 2335 δὲ
2597 2282 2773 2334 πάντα
2809 2283 2875 2334 τὰ
2896 2281 2991 2335 τοῦ
3040 2282 3253 2353 Πατρὸς
3279 2283 3337 2334 ἐν
3372 2282 3485 2351 Υίῷ
3515 2281 3706 2350 ιραίνε⁴

2125 2387 2235 2432 ται,
2270 2370 2449 2423 καὶτὰ
2476 2370 2569 2423 τοῦ
2612 2371 2740 2425 Υἱοῦ
2771 2371 2931 2425 πάλιν
2960 2373 3017 2424 ὲν
3053 2372 3249 2443 Πατρὶ,
3279 2372 3355 2436 ὡς
3385 2372 3593 2435 οὐδενὸς,
3623 2371 3707 2424 ἔτι

2126 2462 2216 2514 τὸν
2244 2462 2343 2531 τῆς
2372 2463 2699 2532 ταυτότης-ος
2733 2462 3062 2532 διείργοντος
3100 2462 3276 2530 λόγον,
3303 2462 3456 2515 ἔσται
3486 2464 3578 2515 καὶ
3612 2462 3705 2514 αὖ·

2128 2553 2218 2616 τὸς
2246 2554 2471 2621 ἀγαθὸς,
2504 2553 2577 2616 ὡς
2600 2554 2627 2604 6
2661 2554 2869 2621 Πατὴρ,
2902 2552 2996 2605 καὶ
3025 2552 3114 2605 διὰ
3149 2553 3302 2606 τοῦτο
3331 2553 3633 2622 ὀμοούσιος.

2736 2659 2843 2715 Καὶ
2898 2660 3093 2716 τοῦτο.
3528 2722 3529 2727 η

2192 2754 2252 2806 Ei
2275 2750 2474 2823 φυσική
2508 2769 2590 2816 τις
2614 2752 2893 2815 διάστασις
2924 2753 3100 2823 εἴργει
3129 2754 3221 2806 τὸν
3250 2753 3399 2820 lev,
3428 2757 3522 2807 καὶ
3552 2754 3708 2811 ἀλλό-

2126 2861 2275 2914 τριον
2318 2843 2417 2913 τῆς
2472 2842 2566 2897 τοῦ
2620 2843 2829 2914 [ἰατρὸς
2884 2844 3068 2906 οὐσίας
3115 2844 3245 2898 ὅντα
3290 2845 3545 2908 δεικνύει,
3589 2849 3709 2910 1th;

2128 2937 2194 2989 τὰ
2225 2937 2317 2989 τοῦ
2362 2936 2569 3006 [ἰατρὸς
2602 2935 2708 2989 ῐδια
2744 2936 2995 2990 παίνεται
3048 2938 3264 3006 φορῶνς
3302 2938 3419 3000 Πῶς
3451 2939 3505 2991 δὲ
3536 2941 3564 2991 6
3597 2941 3711 2993 [la-

441 3028 602 3083 Pater
622 3044 743 3098 qua:
774 3027 894 3082 Filii
925 3035 1074 3089 sunt,
1102 3026 1320 3096 prOpria
1346 3026 1523 3095 gerit?
1556 3025 1696 3082 Vera
1724 3028 1867 3082 enim
1894 3027 2020 3083 dicit

2127 3029 2255 3100 τὴρ,
2290 3028 2449 3095 εῐπερ
2479 3028 2759 3099 ἀλλότριος
2785 3028 2926 3082 κατὰ
2959 3027 3122 3097 φύσιν
3152 3029 3244 3082 τοῦ
3273 3028 3424 3094 Υἱοῦ,
3444 3029 3510 3083 τὰ
3540 3029 3705 3084 αὐτοῦ

441 3119 610 3175 Filius
658 3119 872 3175 Patrem
904 3119 1191 3187 alloquens
1226 3118 1293 3172 ad
1327 3119 1471 3174 hunc
1510 3120 1733 3174 modum
1771 3139 1786 3175 :
1833 3119 2028 3175 Omnia

443 3222 534 3265 tua
567 3229 679 3267 mea
710 3222 835 3266 sunt
874 3222 924 3267 et
959 3227 1075 3266 mea
1113 3211 1412 3277 tua'.Quod
1446 3212 1492 3267 si
1532 3213 1738 3277 omnia,
1772 3224 1827 3268 et
1856 3230 2025 3270 unum

440 3303 685 3358 omnium
735 3313 820 3358 est
868 3304 943 3367 id,
993 3300 1138 3371 quod
1192 3310 1275 3356 est
1328 3317 1541 3356 summe
1589 3300 1816 3364 bonum,
1859 3300 2028 3359 Filius

445 3395 668 3452 habebit
696 3396 859 3452 etiam
897 3398 1021 3463 hoc,
1052 3396 1201 3466 quod
1232 3404 1447 3451 naturae
1476 3406 1719 3465 paternae
1745 3396 2023 3465 proprium

442 3497 551 3549 est,
603 3498 662 3541 ut
695 3488 788 3558 qui
839 3503 905 3541 ex
953 3490 1071 3558 ipso
1115 3488 1276 3543 Patre
1312 3487 1536 3542 exsistit.
1570 3488 1670 3554 Qui
1720 3500 1901 3544 autem
1940 3507 2027 3555 ea,

441 3594 565 3647 quae
604 3581 860 3634 essentia
890 3591 1130 3648 paterna:
1157 3580 1377 3649 propria
1416 3588 1565 3645 sunt,
1592 3580 1775 3657 habet,
1803 3584 1849 3637 is
1881 3582 2030 3653 ejus-

441 3672 564 3728 dem
603 3681 689 3728 est
718 3687 949 3741 prorsus
978 3674 1252 3729 essentiar.

1118 3764 1183 3818 Et
1213 3766 1345 3820 ha'c.

516 3895 571 3947 Si
625 3895 827 3950 idcirco
875 3893 1043 3951 Filius
1093 3912 1199 3952 non
1250 3908 1334 3953 est
1387 3900 1684 3957 secundum
1725 3905 2013 3958 essentiam

445 3982 640 4038 similis
806 3984 953 4039 Patri
979 4001 1153 4057 neque
1179 3988 1674 4057 consubstantialis,
1704 3994 1829 4061 quia
1862 3993 2019 4049 Pater

444 4083 511 4123 ex
555 4070 697 4124 nulla
747 4088 909 4128 causa
944 4075 1059 4128 sive
1104 4076 1373 4146 principio
1414 4089 1516 4141 est,
1550 4079 1718 4135 Filius
1744 4098 1870 4137 vero
1911 4083 2015 4137 Pa-

448 4163 583 4211 trem
629 4162 952 4230 principium
1004 4164 1189 4230 habet,
1226 4168 1352 4236 quid
1416 4170 1683 4226 obstiterit
1732 4173 2019 4241 quominus

445 4245 690 4302 dicamus
714 4249 845 4305 Cain
879 4254 1041 4308 etiam
1067 4258 1205 4325 patri
1238 4273 1337 4312 suo
1363 4262 1878 4318 consubstantialem
1911 4280 2016 4320 non

2130 3120 2236 3175 ἴδια
2283 3125 2472 3192 φορεῖς
2515 3120 2800 3191 Ἀληθεύει
2832 3122 2940 3190 γὰρ
2986 3120 3161 3188 λέγων
3197 3124 3223 3174 6
3265 3122 3454 3192 Σωτὴρ
3485 3123 3560 3183 ὡς
3600 3125 3735 3191 πρὸ⁸

2127 3213 2218 3265 τὸν
2246 3210 2444 3265 ἑαυτοῦ
2473 3213 2687 3281 Πατέρα
2728 3212 2811 3265 ὅτι
2843 3211 3049 3265 Πάντα
3074 3211 3147 3265 τὰ
3172 3211 3399 3281 σὰίέμὰ
3422 3212 3573 3272 ἐστι.
3605 3213 3702 3268 καὶ

2127 3304 2200 3358 τὰ
2234 3304 2343 3373 ἐμὰ
2373 3303 2499 3359 σά.’
2527 3303 2720 3357 Τοίνυν
2770 3305 2971 3369 πάντα,
2996 3304 3053 3356 ἒν
3098 3304 3154 3357 δὲ
3187 3304 3296 3356 τῶν
3340 3306 3559 3365 πάντων
3590 3306 3708 3359 ἐστὶ

2130 3398 2222 3448 καὶ
2263 3395 2323 3447 τὸ
2348 3396 2531 3465 ἄκρως
2562 3395 2787 3463 ἀγαθὸν,
2818 3396 2927 3460 ἔξσι
2958 3396 3112 3448 τοῦτο
3144 3396 3239 3449 καὶ
3269 3399 3297 3448 6
3330 3397 3479 3461 Υἱὸς,
3506 3396 3705 3466 ίᾷίωμα

2129 3493 2343 3557 φύσεως
2375 3489 2637 3559 ὑπάρχων
2667 3490 2938 3558 πατρικῆς
2969 3492 2997 3542 6
3022 3490 3078 3554 ἐξ
3104 3488 3272 3542 αὑτοῦ
3303 3490 3604 3559 προελθών.
3648 3488 3708 3545 Ὀ

2128 3583 2183 3635 δὲ
2220 3583 2316 3650 τῆς
2355 3582 2615 3651 πατρῴας
2641 3580 2827 3645 οὐσίας
2863 3580 3001 3651 ἔχων
3030 3582 3094 3634 τὰ
3134 3582 3240 3634 ἴδια
3277 3582 3366 3649 εἴη
3394 3582 3614 3644 πάντως
3642 3582 3707 3635 ἂν

2131 3675 2226 3727 καὶ
2261 3674 2572 3744 ὸμοούσιος.

2746 3768 2851 3821 Καὶ
2887 3770 3085 3822 τοῦτο.

2188 3898 2252 3951 El
2282 3896 2371 3950 διὰ
2403 3897 2557 3951 τοῦτο
2580 3896 2704 3948 κατ’
2734 3892 2922 3947 οὐσίαν
2945 3893 2974 3944 6
2997 3890 3124 3953 Tib;
3156 3889 3257 3942 οὐκ
3281 3887 3435 3941 ἔσται
3468 3884 3546 3957 τῷ
3583 3885 3699 3937 Πα-

2116 3985 2207 4056 τρὶ
2238 3982 2574 4054 προσεοικὼς
2593 3982 2716 4037 οὐδὲ
2741 3981 3048 4052 ὁμοούσιος,
3077 3978 3375 4048 ἐπειδήπερ
3395 3975 3425 4027 6
3458 3974 3555 4045 μὲν
3577 3974 3695 4025 Πα-

2116 4077 2221 4146 τὴρ
2256 4077 2358 4128 οὐκ
2389 4075 2446 4141 ἐξ
2474 4075 2649 4127 αίτὶου
2681 4072 2827 4136 τινός
2847 4074 3013 4133 ἐστιν,
3044 4072 3072 4123 6
3097 4068 3156 4121 δὲ
3183 4068 3308 4130 Υἱὸς
3329 4066 3503 4119 αἴτιον
3533 4063 3697 4116 αὑτὸν

2118 4166 2251 4235 ἔχει,
2277 4165 2331 4218 τί
2357 4164 2590 4217 κωλύσει
2614 4165 2792 4232 λέγειν
2819 4164 2902 4216 ὅτι
2934 4162 3027 4215 καὶ
3050 4160 3078 4212 6
3109 4159 3247 4213 Κάῖν
3270 4158 3371 4209 οὐκ
3407 4156 3474 4209 ἂν
3504 4154 3587 4223 εἴη
3616 4152 3696 4223 τῷ

2118 4255 2288 4325 πατρὶ
2323 4254 2636 4324 δμοούσιοςς
2694 4253 3023 4323 Ἐπειδήπερ
3065 4252 3093 4303 6
3126 4250 3225 4319 μὲν
3261 4245 3433 4315 Ἀδὰμ.
3461 4245 3551 4297 ὐπ’
3597 4243 3697 4295 06-

448 4334 650 4389 l'uissel
682 4337 737 4391 Si
772 4340 992 4408 quidem
1030 4345 1201 4400 Adam
1235 4362 1263 4399 a
1305 4350 1521 4404 nemine
1552 4363 1844 4421 generatus
1873 4356 2015 4411 fuit:

2126 4346 2265 4410 Βενδς
2288 4345 2573 4416 ἐγεννήθηο
2600 4346 2816 4415 πρῶτος
2838 4343 2947 4414 γὰρ
2972 4338 3039 4413 ἦν
3057 4340 3361 4411 ἄνθρωπος.
3394 4337 3454 4390 Ὁ
3470 4335 3525 4388 δὲ
3546 4334 3692 4387 Κάῖν

448 4424 655 4491 primus
683 4427 828 4480 enim
880 4432 1157 4487 hominum
1192 4435 1312 4490 fuit.
1350 4438 1480 4493 Cain
1528 4454 1657 4495 vero
1691 4442 1863 4512 ipsum
1912 4461 2013 4500 au-

446 4523 650 4567 ctorem
684 4525 738 4570 et
772 4518 1096 4589 principium
1141 4523 1347 4590 habuit,
1393 4544 1515 4583 nam
1545 4545 1612 4586 ex
1662 4534 1778 4601 ipso
1806 4539 2018 4604 genitus

445 4612 547 4657 est.
586 4604 743 4674 Atqui
784 4607 827 4662 si
864 4608 965 4664 hoc
994 4612 1187 4667 falsum
1230 4626 1311 4671 est
1344 4620 1843 4685 (consubstantialis
1875 4628 2017 4681 enim

445 4694 654 4750 Adamo
679 4706 762 4753 est
795 4698 970 4770 Cain),
1008 4704 1106 4757 erit
1138 4707 1381 4773 profecto
1417 4712 1893 4771 consubstantialis
1920 4717 2020 4770 Pa-

446 4784 511 4836 tri
554 4783 739 4851 Filius,
773 4791 985 4844 tametsi
1021 4792 1170 4847 illum
1208 4811 1429 4853 cmrsam
1471 4802 1766 4857 exsistendi
1800 4806 2018 4870 habeat,

452 4879 750 4945 procedens
782 4894 849 4934 ex
895 4881 1010 4951 ipso
1058 4886 1264 4955 absque
1294 4897 1559 4959 tempore,
1615 4902 1667 4946 et
1708 4894 1775 4946 ab
1817 4904 2020 4952 mteruo

443 4981 564 5021 cum
599 4968 713 5038 ipso
740 4970 1025 5027 exsistens.

1122 5068 1186 5122 Et
1220 5070 1349 5123 hwr.

520 5176 701 5230 Ardua
740 5176 951 5231 scilicet
986 5178 1225 5233 hostium
1269 5179 1471 5236 Christi
1510 5181 1744 5244 obiectio
1773 5198 1879 5237 non
1910 5183 2021 5238 elli-

451 5270 559 5328 cict
594 5282 651 5324 ut
684 5270 855 5326 Filius
890 5287 998 5327 non
1055 5274 1125 5327 sit
1169 5274 1654 5331 consubstantialis
1686 5277 1853 5343 Patri,
1901 5278 2025 5333 ideo

454 5362 582 5431 quia
638 5361 797 5417 Pater
849 5363 1126 5435 ingenitus
1161 5371 1266 5430 est,
1303 5363 1474 5421 Filius
1510 5382 1645 5422 vero
1678 5370 1914 5437 genitus.
1966 5369 2023 5425 Si

452 5457 599 5507 enim
632 5454 854 5510 diﬂ‘erre
886 5455 938 5509 in
971 5455 1155 5525 aliquo
1182 5456 1310 5511 facit
1342 5464 1401 5508 ut
1431 5457 1644 5511 diversa
1681 5459 1752 5512 sit
1777 5458 1829 5511 in
1861 5460 2022 5515 rebus

456 5558 672 5613 natura,
704 5556 755 5601 et
776 5562 971 5616 genera
997 5560 1027 5602 a
1060 5556 1250 5602 mutua
1276 5546 1415 5603 inter
1441 5562 1500 5604 se
1526 5548 1900 5605 convenientia
1922 5563 2021 5603 na-

526 5732 545 5765 ⁸
584 5731 753 5786 lCor.
778 5746 893 5795 vul,
925 5732 983 5790 6.
1059 5738 1082 5769 ²
1121 5735 1279 5795 Joau.
1320 5750 1450 5802 χιιι,
1487 5737 1571 5795 10.

2118 4436 2290 4490 αἴτιον
2319 4437 2479 4507 ἔσχεν
2505 4436 2689 4489 αὐτόν·
2716 4434 2776 4500 ἐξ
2802 4434 2967 4488 αὐτοῦ
2993 4433 3103 4502 γὰρ
3122 4430 3366 4499 γέγονεν.
3392 4429 3454 4482 El
3488 4427 3543 4479 δὲ
3563 4424 3698 4495 ψεύ-

2121 4546 2270 4582 σεται
2302 4528 2519 4591 πάντως
2546 4529 2574 4581 6
2594 4527 2751 4580 τοῦτο
2772 4526 2946 4594 λέγων
2967 4522 3274 4594 (ὁμοούσιος
3297 4519 3406 4590 γάρ
3428 4519 3505 4588 τῷ
3519 4517 3699 4587 Ἀδάμ

2118 4622 2147 4672 ὁ
2172 4619 2353 4688 Κάῖν),
2383 4618 2533 4671 ἔσται
2574 4617 2652 4688 τῷ
2693 4617 2869 4687 Ila-cpt
2919 4616 3136 4678 πάντως
3169 4611 3449 4683 δμοούσιος
3486 4609 3515 4660 ὁ
3548 4608 3697 4670 Υἱὸς.

2120 4710 2224 4763 κᾶν
2249 4711 2419 4762 αῖτιον
2448 4708 2611 4760 αὑτὸν
2636 4708 2732 4777 ἔχῃ
2771 4706 2865 4759 τοῦ
2912 4702 3072 4766 εἶναι,
3109 4704 3170 4767 ὲξ
3216 4700 3381 4756 αὑτοῦ
3412 4698 3700 4770 προελθὼν

2119 4802 2385 4872 ἀχρόνως,
2416 4799 2513 4853 καὶ
2536 4799 2720 4861 ἀϊδίως
2740 4798 2815 4849 ὢν
2848 4797 2945 4849 σὺν
2979 4796 3147 4866 αὐτῷ.

2738 5075 2840 5127 Kal
2885 5073 3082 5131 τοῦτο.

2199 5182 2311 5235 Οὐκ
2340 5182 2627 5252 ἀνατρέψει
2647 5183 2710 5236 τὸ
2736 5184 2898 5254 σοφδν
2920 5186 3029 5237 τῶν
3051 5186 3435 5255 χριστομάχων
3458 5183 3701 5250 πρόϐλη-

2132 5291 2208 5344 μα
2237 5276 2297 5326 τὸ
2328 5271 2467 5328 εἶναι
2504 5276 2594 5329 τδν
2613 5275 2741 5330 Tibv
2770 5276 3053 5345 ὀμοούσιον
3075 5277 3153 5347 τῷ
3175 5277 3367 5346 Πατρῖ,
3391 5274 3695 5344 ἐπειδήπερ

2130 5368 2157 5419 6
2184 5368 2283 5435 μὲν
2333 5368 2520 5437 Πατὴρ
2551 5368 2841 5436 ἀγέννητὸς
2874 5370 3043 5433 ἔστιν,
3079 5368 3205 5429 Tib;
3231 5367 3289 5420 δι
3317 5367 3595 5435 γεννητός.
3636 5367 3697 5416 El

2129 5458 2237 5528 γὰρ
2271 5459 2331 5512 τὸ
2361 5459 2499 5512 κατά
2534 5476 2585 5512 τι
2624 5460 2923 5531 διαφέρειν,
2954 5460 3172 5523 πάντως
3224 5459 3318 5513 καὶ
3349 5459 3605 5526 διάφορον
3636 5458 3697 5508 ὲν

2128 5554 2238 5617 τοῖς
2260 5547 2376 5607 οὖσι
2396 5553 2491 5625 τὴν
2514 5552 2671 5623 φύσιν
2686 5554 3079 5627 ἀπεργάζεται,
3100 5555 3193 5609 καὶ
3213 5555 3315 5626 τῆς
3333 5554 3466 5626 πρ’›ς
3486 5550 3698 5621 ἄλληλα
