4042 6204
325 302 428 366 671

1318 278 1694 369 PANOPLlA
1737 309 2202 371 DOGMATICA.
2231 335 2300 345 —
2325 310 2470 372 TlT.
2513 311 2623 375 xr.

3459 314 3565 379 6‘78

326 431 610 494 κοινωνίας
632 448 691 484 τε
738 429 834 484 καὶ
868 428 1104 497 φυσικῆς
1153 424 1474 496 ὁμοιότητος
1503 424 1806 495 ἀποτέμνει
1841 424 1910 479 τά

2008 426 2264 497 Luraltque
2310 427 2664 485 similitudine
2717 440 2966 500 separat,
3010 434 3346 505 distinguant
3395 440 3561 494 etiam

322 526 478 595 γένη·
498 522 908 596 διοριζέτωσαν,
939 520 1076 589 φέρε
1098 519 1292 580 εἰπεῖν,
1322 517 1417 571 καὶ
1439 516 1531 569 τὸν
1560 516 1773 571 Παῦλον
1799 517 1911 570 ἀπὸ

318 616 414 670 τοῦ
431 615 639 685 Πέτρου
659 612 803 666 κατὰ
829 611 919 664 τὸν
934 611 1034 678 τῆς
1057 610 1244 671 οὐσίας
1267 608 1445 675 λόγον,
1466 607 1762 678 ἐπειδήπερ
1788 607 1909 660 τινὰ

322 706 560 778 μερικὴν
572 704 754 773 ἔχουσι
772 702 865 755 καὶ
882 701 957 764 ὡς
974 703 1031 754 ὲν
1052 700 1240 770 ἀτόμῳ
1257 698 1390 771 πρὸς
1408 699 1670 769 ἀλλήλους
1694 697 1792 768 τὴν
1802 697 1909 751 δια-

317 795 517 867 φορὰν,
550 795 672 849 καθ’
696 795 763 864 ἢν
786 794 815 845 ό
841 792 939 863 μὲν
965 792 1081 845 ἐστι
1110 791 1337 861 Πέτρος,
1355 793 1383 844 ὁ
1403 790 1459 845 δὲ
1493 788 1722 854 Παῦλος.
1746 790 1908 861 ’0ρῶ-

326 903 427 940 υεν
448 885 506 939 δὲ
543 886 626 938 ὅτι
652 883 915 948 πολλάκις
937 883 1032 935 καὶ
1062 880 1131 934 τὰ
1172 879 1295 933 καθ’
1342 880 1528 951 ἕτερόν
1554 898 1676 935 τινα
1708 881 1909 951 τρόπον

319 976 422 1046 τῆς
462 974 710 1044 ἀλλήλων
756 972 1073 1042 ὁμοιότητος
1114 969 1248 1023 πολὺ
1272 968 1631 1039 διεστηκότα,
1661 971 1909 1024 κοινωνεῖ

321 1066 471 1121 κατὰ
498 1066 587 1119 τὸν
618 1065 716 1133 τῆς
735 1063 921 1126 οὐσίας
953 1062 1132 1130 λόγον.
1174 1061 1232 1115 '0
1260 1061 1359 1131 μὲν
1386 1062 1494 1132 γὰρ
1514 1060 1678 1131 μέλας
1705 1061 1907 1131 ἀνθρω-

318 1172 426 1218 πος
458 1154 619 1224 τυχὸν
655 1153 732 1216 ὡς
770 1152 906 1223 πρὸς
944 1151 1035 1209 τὸν
1059 1152 1251 1205 λευκὸν
1282 1150 1482 1221 πολλὴν
1514 1151 1625 1220 ἔχει
1662 1152 1761 1221 τὴν
1792 1152 1909 1205 δια-

321 1245 523 1315 φορὰν,
554 1244 670 1297 ἀλλ’
700 1244 761 1295 οὐ
786 1242 945 1295 τοῦτο
974 1242 1072 1313 τὴν
1100 1242 1289 1297 οὐσίαν
1317 1242 1501 1305 αὐτοῖς
1522 1242 1816 1313 διατέμνει.
1841 1243 1905 1295 Ei

318 1338 505 1389 τοίνυν
521 1335 615 1388 καὶ
645 1333 729 1402 ἐφ’
750 1334 910 1404 ἡμῶν
931 1334 1111 1388 αὐτῶν
1133 1336 1167 1406 ή
1190 1334 1331 1389 κατά
1349 1352 1401 1387 τι
1426 1334 1657 1404 διαφορά
1680 1335 1742 1388 τὸ
1766 1330 1905 1389 εἶναι

313 1428 422 1498 τῆς
454 1426 622 1494 αὐτῆς
646 1424 832 1487 οὐσίας
853 1424 954 1478 οὐκ
988 1425 1305 1496 ἀνατρέπει,
1332 1420 1401 1497 ἧς
1422 1424 1489 1479 ἂν
1520 1421 1631 1478 εἶεν
1664 1426 1904 1479 κάκεῖνοι

315 1518 463 1587 πρὸς
493 1515 584 1578 οὒς
606 1515 672 1568 ἂν
700 1514 1139 1585 διακρινοίμεθαο
1188 1515 1241 1568 τί
1289 1515 1489 1569 κωλύει
1532 1518 1628 1588 καὶ,
1658 1516 1751 1569 τὸν
1777 1515 1904 1569 Υἱδν

313 1605 608 1678 ὁμοούσιον
641 1600 784 1658 εἶναι
834 1603 913 1675 τῷ
952 1607 1146 1677 Πατρὶ,
1182 1607 1324 1660 κατά
1368 1606 1526 1660 τοῦτο
1578 1607 1903 1678 διαφέροντα

315 1699 447 1754 καθ’
479 1698 508 1752 ὃ
540 1697 640 1767 μὲν
670 1696 862 1767 Πατὴρ
887 1696 1184 1767 ἀγέννητὸς
1212 1698 1383 1765 ἐστιν,
1417 1700 1445 1751 ὁ
1474 1698 1533 1752 δὲ
1557 1697 1686 1762 Υἱὸς
1710 1715 1903 1770 γεννη-

313 1788 449 1854 τός;
480 1786 594 1841 Μία
616 1786 726 1857 γὰρ
759 1786 819 1839 ὲν
854 1785 1040 1848 αὐτοῖς
1077 1779 1347 1857 η’θεότης,
1385 1786 1450 1839 ὲκ
1487 1788 1700 1859 Πατρὸς
1741 1788 1903 1857 ἀγεν-

317 1880 487 1951 νὴτου
515 1876 785 1948 τρέχουσα
813 1872 1060 1945 φυσικῶς
1080 1873 1173 1928 ἐπὶ
1195 1874 1256 1928 τὸ
1281 1874 1548 1948 γέννημα.

948 1970 1055 2022 Καὶ
1092 1969 1289 2024 τοῦτο.

401 2060 464 2112 El
497 2058 702 2130 ἤρξατο
737 2061 831 2116 τοῦ
860 2062 1056 2133 γεννᾷν
1083 2063 1176 2117 τὸν
1205 2061 1331 2117 Υίὺν
1354 2062 1383 2116 ό
1417 2061 1604 2131 Πατὴρ
1641 2059 1735 2116 καὶ
1768 2076 1905 2114 κατ-

327 2150 558 2217 ἐπαυσε,
582 2154 725 2207 κατά
752 2154 851 2225 τὴν
876 2154 984 2208 τῶν
1010 2156 1399 2226 χριπομάχων
1430 2156 1652 2225 μανίαν,
1673 2154 1902 2208 ἀλλοίω-

330 2240 416 2305 al;
444 2258 527 2305 τις
552 2243 644 2295 καὶ
673 2242 942 2313 μεταϐολὴ
970 2244 1099 2316 περὶ
1127 2246 1291 2300 αὐτὸν
1316 2246 1561 2314 γέγονεν.
1582 2247 1649 2298 '0
1674 2245 1781 2314 γὰρ
1805 2244 1904 2297 οὐκ

325 2330 399 2408 ἦν
424 2336 553 2405 πρὶν
580 2334 840 2407 γεννήσῃ,
860 2336 1052 2405 γέγονε
1082 2337 1220 2405 μετά
1236 2336 1296 2389 τὸ
1325 2337 1607 2406 γεννῆσαι.
1627 2336 1690 2389 El
1713 2334 1769 2389 δὲ
1796 2333 1904 2388 τῶν

327 2428 591 2483 τοιούτων
625 2428 886 2498 ἀνωτέρω
910 2428 971 2482 τὸ
1010 2426 1153 2483 θεῖόν
1192 2429 1312 2482 ἑστι
1351 2430 1557 2500 τροπῆς
1595 2445 1655 2481 τε
1682 2428 1777 2481 καὶ
1806 2426 1904 2481 ἀλ-

331 2520 609 2586 λοιώσεως
635 2521 1007 2587 ἀνεπίδεκτον,
1030 2525 1130 2577 οὐκ
1158 2520 1366 2594 ἤρξατο
1400 2521 1495 2576 τοῦ
1531 2524 1749 2594 γεννᾷν,
1780 2521 1904 2577 οὐδὲ

330 2614 670 2678 κατέπαυσε,
702 2614 953 2686 καθάπερ
983 2612 1128 2671 οὗτοί
1169 2633 1370 2685 φασινο
1405 2614 1526 2671 ἀλλ’
1555 2606 1627 2687 ἦν
1662 2616 1907 2688 ἀχρόνως

331 2706 392 2759 ὲν
439 2705 614 2772 Πατρὶ
643 2707 672 2760 ὁ
698 2706 807 2759 τῶν
855 2706 1067 2761 αίὼνων
1118 2707 1212 2762 καὶ
1246 2708 1456 2779 χρόνων
1497 2708 1731 2780 ποιητὴς
1756 2709 1905 2776 Υίός.

346 2796 567 2868 Ἐπειδὴ
589 2797 647 2852 δὲ
672 2801 961 2867 συναϊδιος,
994 2800 1083 2855 διὰ
1114 2801 1270 2855 τοῦτο
1297 2802 1391 2857 καὶ
1417 2799 1729 2873 ὀμοούσιος.

954 2988 1059 3041 Καὶ
1101 2983 1299 3042 τοῦτο.

408 3076 473 3129 El
507 3076 712 3146 ἤρξατο
737 3081 831 3131 τοῦ
869 3080 1064 3149 γεννᾷν
1092 3078 1119 3131 ὁ
1154 3079 1344 3147 Πατὴρ
1366 3077 1456 3132 τὸν
1493 3079 1646 3141 Υίὸν,
1672 3078 1914 3147 προσγέ-

339 3182 494 3236 γονεν
514 3170 621 3240 ἄρα
650 3174 713 3238 τῇ
746 3171 903 3242 οὐσίᾳ
934 3170 1101 3225 αὐτοῦ
1135 3171 1317 3237 τοῦτο,
1342 3172 1437 3227 καὶ
1473 3173 1610 3240 ὅπερ
1642 3173 1744 3225 οὐκ
1766 3168 1912 3241 εἶχεν

1994 514 2215 569 Paulum
2246 531 2276 570 a
2308 515 2468 574 Petro
2497 518 2706 576 ratione
2750 523 3024 589 essentiae,
3084 524 3352 594 siquidem
3392 530 3564 595 parti-

1994 605 2231 661 cularem
2279 611 2567 677 quamdam
2621 611 2823 667 habent
2861 628 2925 668 ac
2974 615 3137 669 veluti
3182 615 3236 669 in
3287 617 3565 674 individuo

1994 694 2134 750 inter
2183 710 2242 752 se
2288 695 2847 770 dil'l'erentiam,juxta
2890 719 3053 772 quam
3100 706 3189 762 bic
3220 706 3434 775 quidem
3483 720 3572 765 est

1993 782 2204 850 Petrus,
2236 784 2326 841 bic
2370 800 2501 842 vero
2527 787 2747 845 Paulus.
2798 790 3051 847 Videmus
3097 804 3274 849 autem
3323 810 3566 863 saepenu-

1993 890 2143 930 mero
2182 876 2349 931 etiam
2392 892 2455 933 ea
2495 892 2613 948 quae
2662 880 2772 937 alio
2824 883 2981 938 modo
3008 898 3037 936 a
3091 894 3275 938 mutua
3317 885 3460 940 inter
3506 901 3565 941 se

1991 965 2347 1022 similitudine
2401 969 2633 1026 multum
2688 972 2987 1037 dissident,
3041 975 3293 1029 essentia:
3351 976 3564 1031 ratione

1991 1058 2301 1115 convenire.
2327 1058 2462 1114 Nam
2487 1060 2650 1116 homo
2683 1062 2833 1131 niger
2861 1065 3085 1118 multum
3115 1064 3294 1120 differt
3320 1066 3387 1120 ab
3416 1067 3562 1131 albo,

1991 1150 2086 1204 sed
2126 1150 2242 1205 haec
2275 1150 2578 1206 dilierenlia
2634 1166 2821 1207 eorum
2868 1155 3225 1208 substantiam
3277 1170 3380 1209 non
3437 1156 3568 1209 facit

1992 1239 2284 1295 diversam.
2318 1240 2376 1295 Si
2424 1256 2554 1311 ergo
2600 1242 2763 1297 etiam
2809 1242 2861 1296 in
2906 1244 3061 1297 nobis
3106 1245 3237 1312 ipsis
3268 1244 3565 1299 dill'erentia

1993 1332 2284 1386 secundum
2336 1332 2539 1401 aliquid
2596 1348 2701 1387 non
2756 1335 3005 1387 immutat
3051 1349 3173 1389 esse
3219 1334 3391 1404 ipsum
3440 1337 3568 1389 sub-

1994 1424 2226 1485 stantiae,
2258 1437 2323 1476 ex
2354 1438 2461 1491 qua
2504 1430 2756 1476 constant
2801 1422 2871 1475 illi
2904 1424 2994 1491 qni
3045 1440 3074 1476 a
3111 1424 3265 1479 nobis
3290 1423 3565 1491 dill‘erunt,

1993 1513 2122 1581 quid
2148 1514 2327 1568 obstat
2354 1513 2646 1583 quominus
2696 1513 2860 1567 etiam
2899 1513 3069 1568 Filius
3103 1515 3173 1568 sit
3202 1515 3565 1570 consubstan-

1998 1602 2141 1655 tialis
2182 1602 2350 1669 Patri,
2387 1603 2611 1680 etiamsi
2645 1603 2697 1655 in
2742 1617 2807 1656 eo
2852 1603 2995 1657 inter
3040 1619 3100 1658 se
3141 1603 3392 1657 dill‘erant
3426 1604 3570 1673 quod

1999 1690 2160 1745 Pater
2188 1692 2259 1745 sit
2287 1692 2574 1763 ingenitus,
2598 1692 2768 1747 Filius
2789 1704 2967 1748 autem
2998 1696 3250 1764 genitus?
3283 1695 3404 1751 Una
3426 1696 3571 1750 enim

1998 1783 2050 1836 in
2092 1782 2225 1853 ipsis
2260 1794 2343 1838 est
2369 1785 2560 1851 deitas,
2590 1798 2654 1838 ex
2686 1783 2848 1840 Patre
2880 1784 3123 1854 ingenito
3167 1784 3488 1841 naturaliter
3517 1785 3571 1839 in

1928 1863 1968 1917 Β
2000 1872 2194 1928 Filium
2227 1868 2538 1941 pr0cedens.

2681 1965 2747 2021 Et
2773 1968 2904 2026 Iuro.

2077 2055 2137 2113 Si
2171 2058 2339 2125 coepit
2371 2050 2635 2127 generare
2668 2056 2870 2113 Filium
2915 2056 3078 2113 Pater
3106 2066 3159 2113 et
3187 2058 3367 2121 desiit,
3418 2056 3571 2127 juxta

2006 2149 2255 2205 insanam
2286 2147 2489 2204 Christi
2516 2146 2755 2202 hostium
2780 2147 3117 2217 opinionem,
3152 2145 3403 2201 alteratio
3428 2161 3579 2215 qua:-

2003 2243 2128 2298 dam
2155 2251 2208 2296 et
2238 2240 2470 2295 mutatio
2498 2239 2546 2294 ei
2570 2240 2793 2295 accidit.
2835 2239 2969 2293 Nam
3011 2237 3157 2309 quod
3192 2252 3300 2291 non
3335 2246 3453 2292 erat
3483 2250 3583 2289 an—

2009 2344 2226 2404 tequam
2263 2343 2581 2404 generaret,
2608 2332 2786 2387 factus
2817 2341 2899 2386 est
2942 2340 3231 2401 postquam
3271 2328 3573 2399 generavit.

2008 2424 2174 2495 Atqui
2208 2424 2252 2479 si
2275 2423 2534 2479 divinitas
2571 2421 2705 2477 nulli
2758 2419 3067 2477 alterationi
3099 2419 3459 2475 mutationive
3479 2418 3578 2473 ob-

2007 2517 2174 2573 noxia
2212 2524 2318 2581 est,
2349 2528 2460 2570 non
2505 2529 2638 2582 ergo
2665 2513 2832 2585 erepit
2869 2527 3151 2583 generare,
3194 2525 3372 2580 neque
3413 2511 3577 2564 etiam

2008 2609 2193 2679 desiit,
2269 2606 2732 2680 quemadmodum
2808 2604 2895 2659 isti
2956 2605 3270 2673 opinantur,
3322 2601 3415 2657 sed
3460 2607 3583 2657 erat

2012 2702 2224 2771 absque
2252 2711 2498 2770 tempore
2526 2698 2583 2752 in
2608 2696 2799 2762 Patre,
2836 2696 3159 2750 saeculorum
3192 2703 3247 2749 et
3272 2702 3580 2761 temporum

2012 2794 2259 2849 omnium
2294 2790 2547 2847 conditor
2587 2788 2780 2844 Filius.
2819 2786 2955 2845 Cum
2990 2802 3120 2842 vero
3149 2797 3456 2841 coaeternus
3488 2784 3581 2848 sit,

2014 2888 2323 2945 necessario
2346 2886 2512 2944 etiam
2535 2883 3048 2940 consubstantialis.

2722 2971 2790 3030 Et
2817 2976 2949 3030 hac.

2086 3074 2140 3128 Si
2175 3071 2335 3127 Pater
2367 3070 2535 3141 cmpit
2565 3084 2825 3139 generare
2846 3064 3071 3131 Filium,
3106 3064 3337 3119 accessit
3363 3062 3585 3116 omnino

2017 3167 2119 3223 hoc
2147 3166 2213 3221 ad
2239 3166 2539 3221 essentiam
2591 3162 2783 3228 ipsius,
2822 3169 2877 3215 et
2904 3160 3046 3229 quod
3089 3158 3243 3212 initio
3278 3171 3384 3209 non
3418 3155 3581 3208 habe-

341 3262 398 3314 ιν
429 3262 595 3331 ἀρχῇ,
620 3263 956 3333 προσέλαϐεν
982 3263 1228 3334 ὕστερον.
1253 3265 1327 3320 Τὸ
1351 3265 1409 3320 δὲ
1442 3263 1765 3336 προσθήκην
1789 3265 1909 3318 ἑπι-

2017 3259 2126 3325 bat,
2161 3270 2348 3328 postea
2384 3257 2618 3327 accepit.
2646 3255 2805 3322 Quod
2831 3269 2961 3325 vero
2995 3249 3318 3307 incrementi
3353 3247 3587 3316 alicujus

342 3351 631 3422 δεχόμενόν
666 3372 813 3423 τινα,
837 3355 1023 3422 ἀτελὲς
1052 3356 1120 3411 ἂν
1144 3358 1252 3427 εἴη,
1280 3359 1377 3411 καὶ
1405 3358 1469 3412 οὐ
1494 3356 1722 3411 τέλειον.
1743 3354 1917 3409 Ἀλλά

343 3447 502 3501 τοῦτο
531 3446 733 3503 ἄτοπον
757 3464 775 3482 ο
804 3448 987 3502 τελεία
1018 3448 1126 3519 γὰρ
1149 3450 1180 3519 η
1202 3449 1295 3503 τοῦ
1333 3449 1545 3519 Πατρδς
1581 3447 1760 3503 οὐσία.
1794 3449 1909 3501 Οὐκ

345 3542 452 3613 ἀρα
492 3541 865 3614 προσγέγονεν
905 3542 1043 3614 αὐτῇ
1088 3542 1149 3597 τὸ
1184 3543 1402 3612 γεννᾷν.
1432 3542 1548 3597 ἀλλ’
1578 3537 1648 3614 ἦν
1678 3543 1736 3596 ἐν
1776 3540 1914 3610 αὐτῇ

343 3637 503 3690 τοῦτο
534 3636 635 3689 οὐκ
660 3634 990 3706 ἀρξάμενον.
1017 3635 1082 3690 El
1107 3636 1165 3690 δὲ
1190 3636 1290 3690 οὐκ
1317 3633 1521 3706 ἤρξατο
1543 3633 1760 3703 γεννᾷν,
1785 3649 1914 3686 συνο

345 3734 515 3795 αἲδιος
536 3732 647 3803 ἄρα
679 3733 801 3786 εστὶ
821 3731 901 3799 τῷ
926 3731 1102 3802 Πατρὶ
1126 3731 1155 3785 ό
1186 3728 1248 3796 ἐξ
1270 3731 1437 3785 αὐτοῦ
1459 3728 1743 3798 γεννηθεὶς
1766 3728 1916 3792 Υίός.

350 3827 458 3880 Καὶ
482 3826 672 3897 ὥσπερ
693 3826 744 3880 εί
766 3824 942 3897 ἀρχὴν
969 3824 1093 3894 ἔσχε
1118 3824 1216 3877 τοῦ
1240 3819 1400 3885 εἶναι,
1418 3823 1520 3876 οὐκ
1546 3822 1614 3877 ἂν
1639 3817 1708 3893 ἦν
1724 3823 1916 3892 ὀμ.οού-

353 3938 481 3985 σιος,
517 3918 693 3983 οὕτως
750 3919 874 3973 ἐπεὶ
920 3917 997 3990 μὴ
1037 3918 1197 3987 ἔσχεν
1249 3914 1426 3989 ἀρχὴν
1464 3914 1564 3988 τὴν
1613 3915 1670 3968 ιν
1716 3914 1917 3986 χρόνῳ,

352 4012 503 4069 ἔσται
537 4014 752 4076 πάντως
787 4010 951 4081 ὁμοού
961 4028 1094 4074 σιος.

962 4278 1069 4333 Kal
1109 4275 1303 4331 τοῦτο.

428 4399 639 4466 Ὠσπερ
666 4396 715 4449 0i
740 4395 804 4463 τῇ
836 4391 1064 4463 ἀληθείᾳ
1096 4388 1417 4457 μαχόμενοι,
1441 4380 1613 4452 ἀρχὴν
1645 4382 1740 4433 καὶ
1771 4380 1922 4443 τέλος

2015 3362 2101 3407 est
2133 3366 2328 3419 capax,
2360 3348 2742 3419 imperfectum
2784 3344 2995 3402 censeri
3026 3344 3209 3405 debet,
3255 3356 3361 3395 non
3403 3349 3582 3392 autem

2018 3442 2344 3514 perlectum.
2408 3441 2514 3496 Sed
2592 3441 2692 3494 hoc
2757 3438 3054 3494 absurdum
3128 3446 3216 3491 est
3268 3452 3283 3487 :
3346 3431 3587 3502 perlecta

2018 3533 2163 3588 enim
2189 3545 2273 3588 est
2299 3531 2482 3586 Patris
2509 3531 2771 3586 essentia.
2820 3528 3097 3582 Generare
3126 3525 3296 3593 igitur
3328 3538 3433 3575 non
3484 3520 3588 3574 fuit

2021 3626 2073 3678 in
2108 3639 2174 3677 eo
2225 3621 2615 3685 accessorium,
2671 3621 2765 3675 sed
2824 3619 2989 3674 infuit
3034 3619 3140 3672 hoc
3171 3617 3218 3670 ei
3261 3616 3328 3669 ab
3357 3622 3585 3676 :eternn,

2024 3728 2199 3781 neque
2227 3728 2468 3781 unquam
2503 3726 2623 3766 esse
2651 3710 2836 3780 capit.
2873 3708 2931 3764 Si
2964 3718 3142 3763 autem
3171 3721 3278 3760 non
3310 3704 3473 3772 cmpit
3497 3718 3589 3772 ge-

2020 3820 2235 3870 nerare,
2266 3814 2574 3859 coaeternus
2600 3818 2731 3873 ergo
2762 3811 2845 3857 est
2872 3799 3019 3858 Patri
3046 3799 3219 3854 Filius
3256 3814 3320 3851 ex
3353 3798 3470 3862 ipso
3491 3810 3586 3863 ge-

2023 3897 2188 3952 nitus.
2219 3894 2293 3950 Et
2320 3893 2804 3965 quemadmodum,
2830 3891 2879 3946 si
2907 3891 3121 3945 initium
3159 3886 3457 3943 exsistendi
3491 3885 3588 3939 lia-

2023 3984 2248 4052 buisset,
2274 4000 2381 4040 non
2420 3994 2563 4040 esset
2609 3977 3259 4038 consubstantialisPatri
3291 3996 3304 4031 :
3336 3979 3428 4039 ita,
3460 3976 3589 4045 quia

2025 4099 2130 4137 non
2172 4081 2361 4136 habuit
2417 4079 2632 4135 initium
2682 4078 2735 4131 in
2788 4085 3059 4145 tempore,
3108 4070 3591 4127 consltbslautialis

2024 4174 2248 4229 nnmino
2278 4171 2406 4226 erit.

2696 4256 2763 4311 Et
2792 4260 2923 4313 Iure.

2098 4379 2571 4449 Quemadmodum
2602 4376 2681 4431 illi
2712 4376 2803 4445 qui
2845 4375 3061 4428 veritati
3087 4384 3410 4444 repugnant,
3447 4372 3597 4441 prin-

357 4495 421 4563 τῇ
441 4491 538 4545 τοῦ
554 4487 684 4540 Υἱοῖ
705 4486 955 4553 γεννήσει
976 4479 1367 4551 περιτιθέντες,
1387 4473 1738 4528 ὲκδά).λουσιν
1759 4470 1910 4524 αὐτοι

2030 4477 2229 4546 cipium
2256 4482 2310 4529 et
2332 4472 2489 4527 linem
2516 4468 2856 4539 generationi
2885 4466 3002 4520 Filii
3031 4468 3394 4528 aseribentes,
3418 4466 3594 4533 ipsum

359 4559 454 4655 της
477 4585 794 4654 ὁμοιότητος
814 4580 914 4648 τῆς
938 4577 1076 4647 προς
1108 4575 1199 4628 τὸν
1226 4569 1601 4640 Γεγεννηκότα
1620 4583 1634 4598 ο
1667 4567 1809 4619 οὕτω
1835 4565 1910 4616 κα⁴

2030 4571 2100 4624 ab
2156 4564 2513 4623 similitudine
2556 4577 2677 4616 cum
2748 4560 2904 4614 Patre
2945 4559 3288 4613 excludunt:
3342 4560 3413 4611 ita
3476 4574 3598 4620 nos,

361 4682 519 4750 ἡμεῖς
552 4676 675 4730 οὔτε
708 4672 902 4743 ἀρχὴν,
919 4669 1042 4723 οὔτε
1070 4667 1221 4728 τέλος
1249 4666 1376 4732 περὶ
1400 4660 1500 4731 τὴν
1528 4658 1624 4712 τοῦ
1660 4657 1785 4710 Υἱού
1808 4655 1929 4750 γεν-

360 4747 513 4843 νησιν
543 4766 992 4837 παραδεχόμενοι,
1014 4761 1346 4829 εἰσφέρομεν
1379 4753 1545 4807 αὐτὸν
1572 4747 1933 4843 εἰςάπαράλ-

2033 4677 2209 4731 neque
2256 4657 2583 4730 principium
2634 4667 2811 4723 neque
2867 4652 3025 4705 linem
3083 4650 3448 4718 generationis
3478 4644 3599 4699 Filii

2035 4759 2420 4820 agnoscentes,
2484 4743 2854 4801 omnimodam
2896 4742 2947 4794 ei
2999 4738 3416 4795 similitudinem
3472 4752 3594 4789 cum

361 4825 555 4918 λακτον
578 4825 874 4931 ὁροιότητα
898 4825 994 4926 τὴν
1022 4825 1159 4923 πρός
1180 4825 1274 4905 τὸν
1298 4846 1532 4915 Πατέρα.
1553 4841 1628 4898 Τὸ
1655 4841 1715 4896 δὲ
1741 4840 1910 4909 ὂμοιοε

2034 4844 2194 4898 Patre
2234 4841 2549 4897 tribuimus.
2584 4832 2745 4902 Quod
2779 4846 2905 4886 vero
2936 4845 3031 4900 per
3061 4827 3247 4882 omnia
3278 4825 3457 4881 simile
3488 4834 3594 4888 est,

336 4934 500 5011 ἰατά
535 4954 731 5015 πάντα,
765 4952 861 5005 καὶ
884 4946 1192 5017 ὀμοούσιον.

978 5061 1083 5117 Kal
1118 5059 1311 5114 τοῦτο.

432 5189 541 5241 Καὶ
576 5184 696 5246 πῶς
746 5182 814 5235 ἂν
853 5178 1088 5243 δύναιτο,
1122 5174 1280 5245 φησὶ,
1311 5168 1576 5239 ταυτότης
1613 5164 1801 5229 οὐσίας
1843 5163 1943 5233 ὶττίΔ

364 5301 419 5338 τε
455 5244 797 5349 Πατρὸς-ιια)⁸
837 5271 966 5326 Υίού
1002 5244 1291 5334 σώζεσθαι,
1327 5264 1381 5318 σι’
1408 5279 1473 5329 γε
1520 5261 1548 5313 ό
1604 5260 1705 5330 μὲν
1749 5254 1937 5325 Πατὴρ
2042 5248 2128 5299 the
2176 5244 2432 5349 multum
2470 5248 2523 5293 et
2574 5244 2825 5349 lt'ilio,..si
2860 5244 3028 5349 l’a‘tler
3058 5244 3278 5334 quidem
3334 5244 3427 5329 ing.

1550 5327 1791 5420 ’Ᾰνάγκη
1830 5351 1937 5419 γὰρ
2039 5347 2141 5404 est,
2176 5334 2348 5390 Filius
2392 5342 2579 5387 autem
2626 5328 2883 5402 genitus?
2926 5327 3319 5420 Necessarium
3343 5327 3488 5420 enim
3530 5327 3611 5370 est

1540 5447 1601 5501 τὸ
1642 5411 1910 5514 ἀγέννητο

2042 5430 2200 5501 plane
2238 5426 2398 5479 lateri
2436 5423 2583 5478 nulla
2624 5437 2688 5477 ex
2729 5429 2879 5489 parte
2916 5416 3117 5472 similia
3151 5429 3273 5469 esse
3308 5411 3609 5479 ingenitum

1723 5503 1936 5586 καὶτὸν
2042 5532 2094 5575 et
2121 5518 2385 5587 genitum.
2414 5514 2483 5568 At
2510 5514 2554 5567 si
2588 5510 2784 5567 similia
2812 5516 2958 5574 sunt,
2996 5505 3133 5559 nihil
3169 5503 3443 5558 obstiterit
3473 5514 3610 5568 quo-

366 5372 659 5444 ἀγέννηνός
699 5372 838 5434 ἐστι,
875 5362 1132 5434 γεννητὸς
1168 5360 1225 5413 δὲ
1268 5360 1293 5411 ὁ
1346 5356 1503 5420 Υίός;

368 5472 518 5523 πᾶσα
558 5466 740 5532 λέγειν
784 5462 843 5514 ιν
875 5458 995 5512 οὐδε
1028 5457 1051 5508 ὶ
1089 5451 1490 5521 παραλλάττειν

369 5558 501 5626 πρὸς
532 5554 592 5608 τὸ
621 5549 896 5619 γεννητόν.
917 5547 977 5599 Εἰ
1000 5544 1057 5598 δὲ
1080 5542 1255 5606 τοῦτο,
1274 5540 1427 5593 οὐδὲν
1459 5536 1691 5591 κωλύσει

370 5624 590 5717 Πατέρα
623 5641 881 5713 γννητὶν
921 5632 1061 5690 εἶναι
1094 5634 1276 5701 λέγειν
1305 5634 1398 5687 καὶ
1427 5632 1513 5685 τὸν
1546 5628 1673 5681 Υίὶν
1708 5624 1939 5693 ἀγέννη-

372 5755 483 5806 τον,
513 5736 611 5791 καὶ
642 5732 973 5801 συγκέχυται
1005 5727 1061 5780 τδ
1104 5726 1211 5778 πᾶν

2036 4930 2515 4990 consubstantiale
2543 4927 2706 4982 etiam
2734 4932 2838 4979 est.

2702 5033 2769 5090 Et
2803 5022 2934 5090 Ιιαέσ.

2107 5158 2225 5223 Quo
2250 5163 2410 5223 pacto
2443 5160 2615 5222 p085".
2640 5148 2869 5208 servari,
2903 5144 3097 5214 inquit,
3132 5139 3390 5196 identitas
3414 5150 3603 5190 essen-

2272 5241 2432 5295 Patre
2470 5248 2523 5293 et
2574 5239 2729 5301 Filio,
2783 5236 2825 5290 si
2866 5237 3028 5289 Pater
3058 5230 3278 5301 quidem
3334 5226 3608 5295 ingenitus

2045 5613 2227 5667 minus
2274 5618 2329 5664 et
2384 5606 2599 5659 Patrem
2647 5601 2909 5673 genitum,
2964 5608 3019 5653 et
3070 5596 3271 5652 Filium
3306 5595 3611 5665 ingenitum

2048 5702 2379 5774 appellemus
2411 5697 2702 5765 omniaque
2734 5690 3151 5750 confundamus.
