4030 6222
392 314 498 377 679

1066 424 1133 480 Et
1165 425 1290 481 Ita'c.

460 530 562 595 Qui
614 528 727 582 haec
778 526 847 580 ita
903 525 1152 594 imperite
1194 520 1403 587 ohjicit,
1450 518 1687 573 vicissim
1735 532 1765 571 a
1815 516 1969 572 nobis
1998 520 2037 573 Α

388 622 572 675 audiet
603 638 616 673 :
647 621 764 685 Quo
807 627 964 687 pacto
1005 631 1110 669 non
1161 613 1329 682 possit
1357 613 1561 666 servari
1596 612 1848 666 identitas
1881 625 1967 665 es-

388 715 576 767 sentia:
609 714 659 765 in
690 713 851 764 Patre
878 719 932 762 et
963 707 1119 767 Filio,
1153 708 1194 758 si
1226 704 1394 757 Filius
1432 717 1515 759 est
1544 705 1721 770 imago
1770 700 1964 765 Patris,

388 815 442 857 et
483 806 534 857 iit
572 802 751 870 διείρεο
785 797 1023 851 Ostendit
1060 795 1311 849 Patrem?
1340 795 1679 848 Manifesnttn
1711 794 1854 847 enim
1885 801 1968 847 est

388 907 441 952 et
473 898 540 948 ab
574 894 825 945 omnibus
859 892 1182 954 admissum,
1240 890 1509 942 neminem
1552 888 1605 940 itt
1634 887 1737 939 alia
1773 898 1966 939 natura

388 990 546 1041 alium
587 999 851 1046 cernere;
901 998 1077 1050 neque
1120 982 1405 1051 qnisqttatn
1444 980 1626 1033 dicere
1664 978 1833 1047 possit
1870 990 1963 1040 se,

390 1095 510 1133 cum
544 1093 740 1145 equum
776 1076 989 1139 viderit,
1017 1076 1291 1129 hominum
1322 1072 1556 1141 aliquem
1589 1071 1805 1125 vidisse.
1831 1067 1963 1121 Nam

388 1173 440 1224 itt
483 1172 548 1224 iis
578 1186 697 1240 qua:
737 1172 975 1239 ejusdem
1010 1177 1214 1220 natura:
1260 1174 1385 1218 sunt
1412 1164 1607 1218 similia
1644 1164 1806 1216 etiam
1846 1175 1965 1215 cer-

388 1274 621 1327 nuntur,
649 1278 751 1314 non
787 1263 837 1313 in
870 1261 935 1313 iis
978 1274 1099 1327 qua:
1145 1258 1286 1310 inter
1328 1270 1385 1309 se
1413 1255 1716 1317 dissident,
1755 1254 1964 1307 ratione

388 1355 532 1407 modi
575 1369 680 1421 quo
714 1354 1004 1405 exsistunt.
1038 1350 1093 1403 Si
1143 1364 1270 1417 ergo
1300 1347 1544 1413 Philippo
1589 1344 1823 1413 cupienti
1863 1342 1964 1395 Pa-

387 1458 523 1502 trem
576 1447 759 1500 videt'e
819 1443 1073 1498 Christus
1126 1440 1365 1507 seipsum
1421 1435 1675 1499 ostendit,
1736 1437 1960 1489 dicens:

391 1558 410 1591 ι
445 1541 544 1605 Qui
598 1539 729 1592 vidit
771 1552 875 1601 me,
909 1535 1045 1590 vidit
1092 1543 1146 1586 et
1192 1528 1445 1584 Patrem‘
1488 1546 1502 1595 ;
1544 1548 1561 1578 ι
1613 1543 1833 1582 necesse
1881 1538 1961 1581 est

384 1629 605 1683 omnino
650 1637 708 1681 ut
756 1626 995 1694 ejusdem
1039 1622 1290 1677 essentia:
1320 1621 1563 1674 dicamus
1606 1632 1725 1672 esse
1765 1619 1959 1672 Filium

1320 305 1691 368 PANOI‘LIA
1742 302 2201 364 DOGMATICA.
2233 328 2300 339 --
2325 302 2473 365 TIT.
2515 303 2616 366 Χῐ.

3536 294 3637 359 080

2671 421 2778 476 Kal
2820 419 3019 475 τοῦτο.

2152 520 2208 573 'O
2240 518 2413 573 ταῦτα
2446 519 2748 589 προτείνων
2791 516 3022 587 ἀμαθῶς
3042 556 3057 580 ,
3090 516 3483 570 άντακοὺσεται
3518 518 3647 587 παρ’

2067 612 2224 682 ἡμῶν
2245 627 2257 640 ’
2299 610 2408 664 Καὶ
2443 610 2559 672 πῶς
2585 609 2650 663 ἂν
2681 608 2899 661 δύναιτο
2924 607 3191 677 ταυτότης
3209 609 3396 670 οὐσίας
3434 607 3508 678 μὴ
3537 608 3643 660 atii-

2066 706 2256 771 ζεσθαι
2299 709 2391 759 ἐπί
2443 724 2505 759 τε
2543 707 2756 777 Πατρὸς
2792 708 2886 760 καὶ
2922 707 3083 771 Υἰοῦ,
3120 706 3174 760 εῐ
3200 724 3263 776 γε
3301 708 3394 761 τοῦ
3435 710 3649 778 Πατρὶς

2068 798 2231 852 εἰκών
2257 800 2404 851 ἐστιν
2433 800 2461 851 6
2486 799 2632 863 Υἱὸς,
2656 799 2749 851 καὶ
2780 801 2838 851 ὲν
2868 799 3047 869 ἑαυτῷ
3067 799 3307 852 δείκνυσι
3345 800 3435 853 τὸν
3470 801 3646 854 Πατέ-

2071 906 2168 960 ρα;
2205 889 2440 958 Εὔδηλον
2466 890 2574 960 γάρ
2608 889 2669 959 δή
2706 889 2904 941 πουθέν
2942 891 3057 941 ὲστι
3114 891 3208 941 καὶ
3243 891 3409 942 πᾶσιν
3458 889 3647 959 ὁμολο-

2066 984 2350 1053 γοὺμενον,
2380 981 2456 1043 ὡς
2484 982 2657 1043 οὐδεὶς
2684 982 2739 1033 ὲν
2778 982 2943 1050 ἑτέρᾳ
2981 980 3139 1048 φύσει
3178 980 3275 1050 τὴν
3303 980 3494 1051 ἑτέραν
3521 981 3649 1049 ὅψε-

2066 1092 2155 1127 ται
2177 1091 2191 1104 '
2218 1073 2327 1125 οὐδ’
2354 1074 2421 1127 ἄν
2456 1089 2539 1135 τις
2588 1072 2701 1141 ἔχοι
2732 1071 2909 1140 λέγειν
2962 1071 3127 1123 ἵππον
3156 1072 3437 1142 ἑωρακὼς,
3475 1073 3556 1125 ὅτι
3579 1073 3643 1143 δή

2064 1176 2184 1217 τινα
2208 1163 2316 1215 τῶν
2344 1162 2645 1235 ἀνθρώπων
2664 1162 2938 1216 τεθέαται.
2970 1161 3058 1216 Ἐν
3081 1162 3190 1233 γὰρ
3220 1165 3332 1224 τοῖς
3350 1163 3647 1231 ὁμοφυέσιν

2065 1258 2098 1329 ἡ
2124 1257 2231 1311 τῶν
2260 1257 2462 1327 ὁμοίων
2485 1255 2782 1320 ἀπόδειξις,
2805 1255 2905 1307 οὑκ
2931 1256 2987 1307 ὲν
3012 1256 3125 1317 τοῖς
3163 1254 3405 1325 ἀλλήλων
3427 1255 3645 1325 διεστη-

2063 1350 2203 1411 κόσι,
2236 1348 2375 1403 κατὰ
2403 1348 2492 1403 τὸν
2512 1347 2606 1401 τοῦ
2630 1348 2749 1409 πῶς
2764 1344 3090 1415 εἶναιλόγον.
3120 1349 3180 1400 Ei
3200 1348 3376 1401 τοίνυν
3394 1347 3644 1417 ζητοῦντι

2062 1441 2139 1511 τῷ
2168 1440 2419 1508 Φιλίππῳ
2471 1437 2563 1491 τὸν
2618 1438 2840 1508 Πατέρα
2894 1437 3044 1501 ἰδεῖν,
3068 1437 3262 1490 ἑαυτὸν
3315 1438 3645 1492 ἐπιδεικνύει

2063 1532 2316 1603 Χριστὸς,
2339 1530 2513 1598 λέγων
2531 1545 2544 1558 ’
2583 1547 2601 1580 ι
2647 1529 2705 1582 ’0
2740 1527 3000 1598 ἑωρακὼς
3021 1528 3137 1597 ἐμὲ,
3177 1527 3388 1599 ἑώρακε
3415 1528 3506 1581 τὸν
3530 1530 3646 1582 Πα-

2065 1623 2216 1693 τέρα,
2251 1641 2268 1673 ›
2300 1624 2512 1690 ἀνάγκη
2546 1623 2695 1675 πᾶσα
2727 1621 2826 1692 τῆς
2851 1620 3020 1691 αὑτῆς
3064 1620 3249 1683 οὑσίάς
3282 1615 3419 1673 εἶναι
3461 1620 3645 1689 λέγειν

384 1736 508 1774 cum
546 1719 729 1785 Patre,
764 1727 822 1771 ut
863 1715 1235 1771 omnimodant
1274 1712 1561 1784 imaginem
1589 1722 1645 1767 et
1678 1712 1959 1766 characte-

2080 1716 2157 1767 τὸν
2185 1715 2312 1766 Υίὸν
2337 1714 2413 1784 τῷ
2435 1715 2630 1785 Πατρὶ,
2661 1713 2737 1776 ὡς
2770 1714 3184 1783 ἀπαράλλακτον
3209 1712 3391 1767 είκόνα
3420 1715 3514 1766 καὶ
3542 1731 3645 1784 χα-

387 1826 499 1865 rem
525 1825 637 1867 suae
668 1810 1043 1880 hypostaseos.

1042 1900 1110 1956 Et
1147 1902 1279 1957 haec.

455 1999 535 2066 Si,
571 1996 1021 2067 quemadmodum
1048 2009 1147 2051 vos
1172 2007 1440 2061 errantes,
1493 2001 1546 2049 et
1598 1995 1651 2047 in
1716 2008 1959 2048 errorem

383 2090 520 2145 alios
541 2090 869 2143 adducentes
892 2086 1210 2157 epinamini,
1243 2102 1351 2140 non
1393 2101 1460 2140 ex
1488 2084 1727 2141 essentia
1786 2082 1961 2138 Patris

384 2184 553 2238 Filius
602 2182 822 2251 prodiit,
876 2182 972 2237 sed
1042 2181 1401 2245 extrinsecus,
1470 2190 1555 2234 est
1612 2188 1791 2234 autem
1848 2179 1963 2246 ipse

387 2274 651 2346 sapientia
685 2283 740 2329 et
767 2274 1012 2343 potentia
1041 2272 1244 2339 Patris,
1277 2272 1442 2327 Pater
1494 2279 1688 2325 natura
1721 2286 1820 2326 nec
1876 2286 1963 2326 sa-

388 2372 562 2440 piens,
592 2386 693 2426 nec
718 2381 908 2440 potens
937 2380 1038 2437 est,
1060 2370 1105 2427 si
1129 2370 1447 2441 quidem,ut
1476 2385 1703 2425 erronee
1732 2371 1961 2440 putatis,

393 2461 591 2538 Filium
620 2463 966 2517 extrinsecus
996 2463 1275 2531 produxit,
1324 2464 1417 2531 qui
1455 2469 1539 2517 est
1580 2462 1698 2531 ejus
1733 2464 1967 2533 sapien-

390 2554 463 2608 tia
503 2564 557 2609 et
588 2555 852 2625 potentia.
891 2555 962 2608 At
993 2553 1155 2610 Pater
1200 2563 1394 2609 natura
1420 2553 1656 2623 sapiens,
1692 2563 1746 2609 et
1775 2565 1968 2626 potens

389 2653 494 2711 est,
522 2644 716 2699 Filium
746 2645 908 2716 igitur
929 2662 995 2700 ex
1029 2644 1200 2700 Patris
1224 2646 1480 2711 essentia,
1500 2657 1554 2701 et
1588 2646 1791 2701 idcirco
1818 2647 1964 2716 ejus-

370 2730 511 2791 idem
541 2736 702 2803 etiam
731 2736 982 2792 essentize
1008 2750 1132 2792 cum
1160 2736 1252 2792 illo
1284 2751 1427 2804 esse,
1454 2751 1677 2795 necesse
1715 2750 1797 2794 est
1828 2755 1962 2795 con-

392 2826 556 2883 ﬁteri.

392 2916 463 2973 Et
513 2927 747 2988 quatuor
784 2919 1056 2989 sequentia
1103 2920 1283 2986 capila
1334 2919 1539 2974 Filium
1591 2936 1703 2974 esse
1758 2921 1964 2975 demon-

647 2997 821 3042 strant
853 2990 1089 3058 ejusdem
1119 2991 1361 3045 essentia
1386 3006 1503 3045 cum
1535 2990 1717 3045 Patre.
1752 3018 1755 3021 ι

467 3074 528 3130 In
558 3076 694 3147 lege,
726 3077 924 3148 inquit,
948 3087 1127 3135 vestra
1152 3079 1417 3150 scriptum
1447 3088 1532 3134 est
1557 3098 1570 3133 :
1605 3079 1842 3133 Duorum
1879 3080 1972 3134 ho-

2069 1809 2319 1879 ρακτῆρα
2338 1807 2439 1877 τῆς
2464 1806 2814 1869 ὑποστάσεως
2839 1805 3027 1860 αὑτοῦ.

2672 1902 2780 1955 It'ai
2841 1902 3042 1956 τοῦτο.

2139 1992 2224 2055 Ei,
2250 1992 2501 2062 καθάπερ
2527 1994 2684 2059 ὑμεῖς
2709 1995 2889 2047 οἴεσθε
2913 1997 3225 2059 πλανῶντες
3242 1996 3338 2049 καὶ
3355 1995 3648 2067 πλανώμε-

2068 2101 2171 2150 νοι,
2207 2085 2307 2138 οὑκ
2336 2086 2397 2137 ὲκ
2430 2087 2525 2154 τῆς
2552 2087 2738 2149 οὐσίας
2771 2088 2865 2139 τοῦ
2900 2088 3111 2159 Πατρὸς
3145 2089 3414 2159 προῆλθεν
3439 2090 3468 2142 6
3492 2090 3647 2155 Υἱὸς,

2069 2178 2277 2249 ὑπέστη
2303 2178 2359 2230 δὲ
2391 2177 2609 2245 ἔξωθεν,
2635 2179 2730 2232 καὶ
2751 2179 2899 2234 ἐστιν
2929 2181 3089 2245 αὑτὸς
3119 2183 3153 2252 ἡ
3183 2184 3343 2252 σοφία
3366 2184 3461 2235 καὶ
3486 2183 3650 2236 δὺνα-

2074 2285 2166 2338 μις
2229 2268 2325 2321 τοῦ
2390 2271 2623 2341 Πατρὸς,
2675 2270 2800 2326 οὔτε
2866 2273 3031 2341 σοφὸς
3083 2275 3225 2327 κατὰ
3284 2274 3446 2343 φύσιν
3495 2276 3649 2329 ἐστὶν

2071 2363 2099 2414 6
2129 2362 2319 2432 Πατὴρ
2339 2402 2353 2424 ,
2384 2361 2506 2416 οὔτε
2539 2365 2645 2435 μὴν
2673 2364 2895 2429 δυνατὸς
2913 2408 2928 2432 ,
2963 2367 3017 2419 εί
3045 2384 3108 2435 γε
3138 2367 3278 2421 κατὰ
3304 2368 3403 2438 τὴν
3431 2369 3649 2438 ἀμαθε-

2076 2453 2279 2523 στάτην
2302 2453 2457 2524 ὑμῶν
2484 2456 2750 2524 πρότασιν
2773 2456 2971 2523 ἔξωθεν
3000 2457 3271 2528 ὑπέστησε
3301 2457 3393 2511 τὸν
3420 2459 3569 2524 Υίὸν,
3591 2458 3654 2521 ὃς

2075 2546 2224 2599 ἐστιν
2255 2545 2404 2616 αὑτῷ
2435 2546 2597 2616 σοφία
2632 2548 2727 2600 καὶ
2750 2547 3002 2618 δύναμις.
3046 2550 3185 2603 Ἀλλ’
3218 2550 3336 2603 ἐστι
3366 2551 3505 2603 κατὰ
3545 2550 3652 2619 (pii-

2077 2654 2162 2692 σιν
2205 2638 2368 2708 σοφός
2405 2655 2464 2691 τε
2510 2639 2607 2691 καὶ
2647 2638 2894 2703 δυνατός.
2942 2641 3183 2712 Ἀνάγκη
3238 2644 3386 2696 πᾶσα
3417 2643 3513 2695 καὶ
3556 2643 3654 2697 τὸν

2075 2731 2202 2785 Υίδν
2241 2732 2306 2785 ἐκ
2333 2730 2433 2801 τῆς
2468 2729 2563 2784 τοῦ
2602 2731 2815 2803 Πατρὸς
2851 2732 3043 2797 οὐσίας,
3072 2730 3210 2788 εἶναι
3251 2735 3453 2805 λέγειν.
3492 2736 3554 2789 Ei
3593 2736 3653 2789 δὲ

2075 2826 2255 2890 τοῦτο,
2295 2824 2387 2878 καὶ
2423 2826 2735 2895 δμοοὺσιος.

2078 2916 2187 2971 Καὶ
2220 2917 2293 2972 τὰ
2320 2919 2779 2993 ὑποτεταγμένα
2893 2921 3187 2993 κεφάλαια
3218 2920 3343 2987 τοῖς
3362 2921 3483 2975 ἀνω
3501 2936 3658 2993 συμ-

2354 2990 2711 3059 φθέγγονται
2734 2992 2865 3057 περὶ
2892 2992 2998 3045 τοῦ
3021 2993 3372 3059 όμοουσίου.

2237 3078 2328 3132 Ἐν
2358 3079 2437 3149 τῷ
2468 3081 2637 3150 νόμῳ,
2650 3079 2891 3151 φησι,τῷ
2924 3083 3174 3154 ὑμετὲρω
3204 3082 3538 3153 γέγραπται,
3574 3083 3659 3138 δτι

400 3170 602 3224 minam
632 3171 1001 3225 testimonium
1045 3187 1157 3225 esse
1203 3187 1405 3225 verum.
1455 3170 1657 3224 Deinde
1705 3167 1977 3239 snhjicit:

2084 3168 2179 3223 δύο
2202 3170 2546 3241 ἀνθρώπωνή
2578 3169 2855 3242 μαρτυρία
2872 3171 3073 3243 ἀληθής
3094 3176 3260 3230 ἐστιν,
3284 3170 3416 3230 Εἶτα
3437 3175 3657 3243 ἐπάγει,

398 3261 511 3332 Ego
541 3279 680 3329 sum,
729 3264 819 3332 qui
860 3264 1218 3317 testimonium
1257 3263 1500 3331 per/tibeo
1534 3261 1599 3315 de
1630 3277 1710 3316 me
1746 3261 1883 3325 ipso,
1928 3270 1977 3316 et

399 3356 757 3409 testimonium
806 3355 1035 3426 perhibet
1083 3353 1147 3407 de
1194 3370 1296 3417 me,
1340 3354 1431 3423 qui
1460 3353 1605 3406 misit
1649 3369 1752 3417 me,
1788 3351 1979 3406 Pater.

403 3445 700 3515 Imaginem
732 3445 901 3514 igitur
926 3452 1256 3499 contuentes
1293 3452 1659 3513 agnoscemus
1701 3444 1982 3514 exemplar

396 3534 539 3606 ejus.
568 3534 834 3599 Duorum,
864 3534 1059 3604 inquit,
1093 3532 1364 3587 hominum
1398 3534 1763 3587 testimonium
1802 3548 1981 3587 verum

398 3637 498 3694 est,
525 3628 762 3682 duorum
797 3636 976 3682 autem
1018 3625 1305 3681 hominum
1347 3634 1601 3681 naturam
1644 3640 1770 3682 esse
1816 3641 1982 3680 unam

402 3735 595 3776 omnes
633 3721 984 3776 conﬁtentur.
1018 3719 1205 3787 Quare
1234 3719 1410 3775 Patris
1438 3728 1493 3775 et
1526 3718 1649 3775 Filii
1682 3721 1982 3776 essentiam

401 3824 525 3867 esse
555 3826 718 3865 unam
767 3827 961 3867 omnes
1006 3825 1310 3881 agnoscere
1344 3820 1577 3873 possunt
1611 3820 1669 3865 et
1712 3810 1984 3865 conﬁteri.

405 3902 563 3960 Sicut
586 3904 731 3959 enim
766 3905 879 3961 illic
901 3904 1011 3959 duo
1036 3904 1309 3969 homines,
1337 3905 1412 3959 ita
1436 3903 1525 3958 hic
1550 3904 1719 3969 Deus,
1742 3915 1795 3958 et
1822 3903 1986 3967 Deus,

404 3993 567 4050 Pater
598 4005 652 4050 et
683 3995 1000 4067 Filius,’qui
1034 3997 1169 4067 ipsis
1196 3998 1360 4050 etiam
1397 3994 1710 4049 hominibus
1739 3993 1987 4048 eamdem

406 4097 661 4144 naturam
698 4092 1017 4144 Ostendunt.
1072 4086 1257 4158 Neque
1310 4089 1459 4141 enim
1504 4071 1670 4141 verus
1707 4083 1854 4140 Deus
1903 4085 1985 4138 di-

406 4195 621 4236 versam
668 4197 699 4234 a
746 4196 877 4235 vero
906 4181 1016 4235 Deo
1049 4191 1301 4236 naturam
1342 4180 1563 4245 habeat,
1608 4192 1783 4244 neque
1812 4175 1990 4232 Filius

407 4274 477 4326 ah
509 4273 602 4326 illo
622 4272 979 4337 diﬂ‘erentem,
1013 4289 1138 4328 cum
1175 4274 1269 4330 Dei
1304 4272 1374 4329 sit
1420 4270 1612 4325 Filius.
1646 4269 1742 4324 His
1787 4269 1990 4324 auditis

407 4361 580 4418 Judazi
635 4364 1045 4433 quaesiverunt:
1096 4363 1198 4419 Ubi
1237 4375 1317 4420 est
1368 4362 1534 4417 Pater
1572 4363 1739 4417 tuus?
1780 4361 1991 4428 Quibus

412 4456 691 4526 respondit
741 4456 905 4511 Jesus
948 4476 965 4513 :
1013 4455 1197 4528 Neque
1235 4474 1316 4511 me
1344 4458 1538 4522 nostis,
1574 4472 1736 4526 neque
1775 4454 1989 4509 Patrem

416 4564 608 4603 meum.
653 4546 713 4602 Si
756 4565 834 4603 me
876 4550 1182 4615 novissetts,
1229 4561 1280 4604 et
1325 4549 1543 4604 Patrem
1588 4563 1761 4602 meum
1814 4548 1992 4614 utique

396 4643 804 4711 ,cognovissetis.

491 4735 679 4792 Videte
712 4749 906 4790 rursus
950 4727 1227 4803 quomodo
1265 4734 1396 4789 hinc
1440 4730 1991 4789 consubstantialitas

418 4831 848 4887 demonstratur.
885 4829 941 4883 Si
974 4842 1078 4897 me,
1115 4828 1313 4898 inquit,
1348 4828 1583 4893 sciretis,
1614 4824 1830 4879 Patrem
1857 4838 1996 4892 quo-

417 4937 525 4992 quo
556 4937 737 4976 meum
773 4920 1011 4976 sciretis.
1043 4922 1113 4974 At
1158 4936 1286 4975 vero
1315 4934 1383 4973 ex
1417 4932 1483 4972 eo
1533 4917 1677 4985 quod
1713 4914 1994 4968 diversum

416 5023 503 5070 est
531 5025 746 5076 natura,
773 5013 1003 5066 alterum
1039 5013 1169 5066 item
1202 5011 1531 5065 naturaliter
1570 5009 1847 5061 diversum
1888 5021 1994 5059 non

419 5105 777 5176 dignoscitur.
830 5102 1078 5173 Namque
1150 5104 1330 5157 aliena
1373 5104 1607 5157 invicem
1648 5111 1703 5154 et
1733 5109 1994 5154 extranea

419 5201 653 5255 invicem
678 5214 787 5254 non
807 5199 1193 5256 demonstrant
1218 5216 1231 5253 :
1255 5200 1351 5253 sed
1374 5208 1584 5252 natura:
1607 5196 1996 5251 communione

422 5294 736 5364 conjuncta,
769 5308 833 5348 ex
868 5294 1131 5349 alterutro
1163 5301 1488 5347 noscuntur.
1518 5289 1598 5345 Ex
1637 5307 1745 5346 uno
1774 5289 1998 5344 homine

428 5388 737 5441 universam
771 5385 1058 5439 hominum
1095 5394 1347 5440 naturam
1388 5397 1722 5453 cognoscere
1750 5382 1907 5448 licet;
1943 5392 1998 5435 et

426 5493 492 5531 ex
528 5494 631 5531 una
662 5493 763 5533 ove
794 5478 1110 5534 universum
1148 5478 1332 5532 oviqu
1367 5491 1539 5546 genus
1581 5493 1596 5531 :
1635 5491 1743 5530 non
1809 5484 1991 5528 tamen

508 5657 520 5684 '
553 5655 709 5709 Joan.
755 5674 865 5723 xiv,
891 5660 944 5712 9.

2093 3258 2244 3328 Ἐγώ
2265 3263 2383 3329 ειμι
2409 3265 2443 3315 ό
2460 3262 2784 3330 μαρτυρῶν
2804 3265 2939 3330 περί
2964 3266 3227 3333 ἐμαυτοῦ
3248 3270 3349 3321 καὶ
3362 3269 3669 3337 μαρτυρεῖ

2081 3351 2215 3419 περὶ
2241 3352 2385 3421 ἐμοῦ
2410 3357 2444 3407 ὀ
2464 3354 2706 3423 πέμψας
2724 3372 2803 3424 με
2828 3355 3050 3424 Πατήρ.
3092 3357 3520 3427 Ἀποϐλέψαντες
3548 3361 3663 3413 τοί-

2083 3460 2178 3496 νυν
2222 3444 2304 3507 ei;
2349 3446 2449 3515 τὴν
2488 3445 2693 3508 εἰκόνα,
2747 3448 3034 3518 νοήσωμεν
3078 3448 3140 3501 τὸ
3181 3450 3509 3519 ἀρχέτυπον.
3558 3452 3687 3510 Δύο.

2085 3536 2591 3606 φησὶν,άνθρώπων
2632 3539 2665 3608 ἡ
2704 3537 2980 3608 μαρτυρία
3014 3537 3225 3608 ἀληθής
3267 3541 3408 3593 ἐστι.
3448 3539 3572 3592 Τῶν
3605 3539 3669 3593 δὶ

2084 3624 2177 3679 δύο
2229 3625 2533 3695 ἀνθρώπων
2571 3629 2607 3699 η
2652 3628 2813 3696 φύσις
2868 3629 2967 3699 μία
3012 3629 3258 3699 δηλονότι
3295 3631 3447 3701 παρὰ
3499 3633 3671 3685 πᾶσιν

2086 3716 2453 3787 ὡμολόγηται.
2493 3717 2703 3771 Οὑκοῦν
2737 3719 2948 3790 Πατρὸς
2982 3721 3077 3774 καὶ
3121 3721 3251 3774 Υἱοῦ
3290 3723 3323 3793 ἡ
3355 3724 3514 3777 οὑσία
3566 3723 3670 3793 μία

2088 3808 2152 3860 ἐκ
2188 3807 2286 3878 τῆς
2318 3808 2522 3871 είκόνος
2552 3810 2884 3878 νοηθήσεταί
2918 3827 2978 3863 τε
3043 3811 3139 3864 καὶ
3170 3812 3668 3884 ὁμολογηθήσεται.

2042 3924 2043 3927 η
2089 3897 2303 3967 Ὠσπερ
2327 3900 2436 3969 γάρ
2465 3901 2582 3953 ἐκεῖ
2605 3900 2698 3953 δύο
2726 3902 3025 3972 ἄνθρωποι,
3054 3902 3228 3967 οὕτως
3248 3903 3483 3957 ἐνταῦθα
3512 3906 3668 3973 Θεὸς,

2090 3990 2181 4044 καὶ
2210 3991 2363 4059 Θεὸς,
2402 3993 2612 4062 Πατὴρ,
2651 3996 2746 4046 καὶ
2775 3994 2924 4060 Υἱὸς,
2963 3998 3057 4048 καὶ
3086 3995 3272 4059 αὑτοῖς
3299 3999 3412 4059 τοῖς
3439 3997 3673 4067 ὀνόμασι

2088 4086 2374 4157 δηλοῦντες
2434 4089 2533 4156 τῆς
2579 4084 2795 4151 φύσεως
2848 4086 2945 4157 τὴν
3001 4086 3327 4157 ταυτότητα.
3365 4086 3504 4141 Οὑτε
3561 4090 3676 4161 γάρ

2089 4179 2119 4231 6
2170 4176 2382 4245 ἀληθῶς
2427 4177 2560 4240 Θεὸς
2604 4178 2799 4249 ἑτέρας
2852 4177 2919 4229 ἂν
2969 4178 3053 4248 ειη
3115 4178 3327 4247 φύσεως
3377 4180 3676 4249 παράίτον

2090 4269 2265 4338 ἀληθῆ
2311 4267 2465 4337 Θεὸν,
2496 4269 2619 4323 οὔτε
2654 4273 2682 4322 6
2722 4270 2847 4332 Υἱὸς
2893 4270 3061 4340 ἄλλης
3102 4272 3232 4340 παρ’
3279 4273 3485 4326 ἐκεῖνον
3532 4272 3675 4325 Θεοῦ

2094 4363 2354 4432 ὑπάρχων
2407 4363 2555 4425 Υἱός.
2613 4362 2832 4415 Τούτων
2895 4362 3228 4425 ἀκούσαντες
3285 4364 3333 4415 oi
3407 4363 3675 4429 Ἰουδαῖοι,

2094 4456 2384 4524 ἠρώτησαν
2406 4455 2590 4514 αὑτὸν.
2614 4454 2737 4507 Ποῦ
2757 4453 2931 4507 ἐστιν
2950 4451 3205 4527 ὀειΙατήρ
3225 4465 3341 4506 σου
3354 4467 3375 4515 ;
3397 4454 3673 4525 ἀπεκρίθη

2097 4548 2274 4600 τοίνυν
2302 4548 2330 4599 ὁ
2366 4546 2593 4615 Ἰησοῦς,
2622 4548 2769 4601 Οὔτε
2790 4545 2896 4616 ἐμὲ
2914 4546 3138 4609 οῖδατε,
3158 4544 3294 4599 οὔτε
3316 4545 3421 4598 τὸν
3442 4549 3681 4614 Πατέρα

2092 4656 2233 4708 μου.
2261 4640 2328 4692 Ei
2351 4636 2454 4704 ἐμὲ
2478 4638 2694 4707 ᾔδειτε,
2721 4639 2821 4691 καὶ
2844 4639 2951 4692 τὸν
2969 4636 3201 4706 Πατέρα
3220 4654 3336 4708 μου
3357 4636 3555 4706 ᾔδειτε
3576 4639 3675 4693 ἄν.

2182 4730 2377 4800 Ὁρᾶτε
2399 4732 2560 4785 πάλιν
2583 4732 2699 4793 πῶς
2719 4731 2966 4785 ἐντεῦθεν
2989 4731 3048 4784 τὸ
3065 4730 3352 4800 ὁμοοὺσιον
3374 4731 3675 4784 δείκνυται.

2105 4825 2169 4878 Ei
2195 4824 2296 4894 ἐμὲ
2321 4825 2450 4893 γὰρ,
2471 4828 2656 4893 φησιν,
2672 4824 2870 4895 ᾔδειτε,
2889 4825 2983 4878 καὶ
3008 4824 3100 4877 τὸν
3124 4824 3342 4895 Πατέρα
3368 4839 3472 4893 μου
3497 4824 3678 4893 ᾔδειτε

2100 4917 2166 4970 ἄν
2186 4931 2202 4947 ⁸
2238 4918 2303 4970 ὲκ
2333 4918 2389 4970 δὲ
2418 4918 2515 4969 τοῦ
2540 4918 2884 4987 ὲτεροουσίου
2912 4916 2973 4969 τὸ
3003 4914 3347 4985 ὲτεροοὺσιον
3373 4914 3437 4966 οὑ
3472 4919 3678 4983 γνωριο

2100 5014 2251 5077 ζεται
2272 5028 2288 5044 ⁸
2326 5012 2397 5064 τὰ
2428 5010 2537 5081 γὰρ
2568 5011 2842 5079 ἀλλόφυλα
2877 5010 2971 5064 καὶ
3007 5009 3420 5078 ξένα,άλλήλων
3444 5010 3542 5059 οὑκ
3568 5008 3679 5059 εἰσὶ

2100 5102 2373 5172 δηλωτικὰ
2394 5117 2409 5132 ·
2462 5102 2529 5153 τὰ
2571 5102 2628 5154 δὲ
2667 5101 2884 5170 φύσεως
2915 5104 3297 5165 κοινωνοῦντα,
3325 5099 3395 5152 δι’
3426 5100 3679 5168 άλληλων

2098 5194 2427 5264 γινώσκεται
2456 5210 2468 5224 ⁸
2510 5193 2577 5247 δι’
2603 5195 2722 5256 ἐνὸς
2756 5195 2855 5263 μὲν
2884 5193 3177 5264 ἀνθρώπου
3208 5194 3389 5247 πᾶσαν
3420 5192 3531 5245 τῶν
3581 5198 3681 5246 ἀν-

2099 5285 2335 5355 θρώπων
2363 5287 2463 5352 τὴν
2503 5283 2665 5352 φύσιν
2696 5284 2823 5337 ἰδεῖν
2856 5284 2971 5335 ἔστι
2990 5298 3005 5313 ⁸
3032 5285 3127 5337 καλ⁸
3159 5281 3228 5335 δι’
3256 5282 3376 5345 ἑνὸς
3404 5282 3683 5351 προϐάτου

2100 5377 2208 5430 τῶν
2235 5376 2522 5444 προὸἀτων
2553 5373 2699 5427 ἅπαν
2724 5374 2786 5426 τὸ
2812 5374 2967 5440 γένος
2992 5389 3004 5400 ·
3034 5372 3095 5425 οὑ
3131 5372 3241 5442 μὴν
3272 5373 3361 5425 διὰ
3391 5372 3684 5439 προΰὰτων

2100 5471 2223 5532 τοὺς
2253 5466 2638 5532 λέοντας,οὑδὲ
2667 5465 2757 5519 διὰ
2789 5466 3018 5518 λεόντων
3046 5465 3112 5517 τά
3149 5464 3415 5532 πρόϐατα,
3443 5461 3553 5515 οὐδ’
3586 5468 3687 5530 αγ-
