4086 6214
333 301 440 368 σιι

1321 305 1699 365 PANOPLlA
1733 304 2191 367 DOGMATICA.
2228 329 2297 341 -
2327 306 2478 367 ΤῙΤ.
2517 306 2625 368 XI.

3479 309 3584 370 682

329 420 531 490 γέλους
550 415 640 471 διὰ
669 415 992 487 ἀνθρώπων,
1020 416 1142 471 οὐδὲ
1173 415 1261 470 διὰ
1290 416 1537 485 ἀγγέλων
1567 417 1906 487 ἀνθρώπους

2025 434 2074 473 ex
2113 420 2303 473 ovibus
2336 420 2545 486 leones,
2570 435 2744 489 neque
2789 435 2853 475 ex
2887 419 3140 476 leonibus
3170 436 3339 478 oves:
3408 439 3586 492 neque

331 514 478 579 ζῶον
500 513 609 581 γὰρ
624 511 968 580 Ξκαστοντῆς
983 510 1186 574 οίκείας
1202 509 1501 580 δηλωτικόν
1531 511 1646 565 ἐστι
1676 510 1913 579 φύσεως.

331 608 399 659 Et
431 605 617 658 τοίνυν
636 605 664 657 6
683 603 978 672 μονογενὴς
996 603 1167 671 Λόγος
1182 602 1279 657 τοῦ
1298 602 1434 656 Θεοῦ
1477 603 1703 674 κτίσμα,
1738 604 1829 655 καὶ
1857 602 1917 668 εξ

330 699 435 751 οὐκ
473 696 667 757 όντων,
707 696 803 748 καὶ
833 695 892 759 ἐξ
936 695 1130 764 ἑτέρας
1157 696 1305 759 τινὸς
1351 695 1645 766 γεγένηται
1676 694 1916 764 φύσεως,

332 790 456 851 πῶς
481 792 539 842 ὲν
567 786 715 857 αὐτῷ
745 788 837 841 τὸν
868 787 1088 857 Πατέρα
1116 786 1358 841 δείκνυσι
1383 787 1778 857 πιστευόμενος
1806 802 1821 853 ;
1868 786 1919 839 εί

331 883 392 936 δὲ
431 884 460 935 6
491 881 681 950 Πατὴρ
708 880 797 933 διὰ
828 878 923 933 τοῦ
957 878 1085 932 Υίοῦ
1112 879 1460 948 γινώσκεται,
1484 880 1579 933 καὶ
1609 882 1637 932 6
1671 880 1763 933 τὸν
1790 880 1919 933 Υίδν

330 970 648 1040 γινώσκων,
676 969 772 1022 καὶ
801 968 892 1021 τὸν
939 967 1159 1038 Πατέρα
1189 966 1473 1034 γινώσκει,
1518 966 1779 1035 πεδηθείη
1820 965 1918 1034 μὲν

336 1062 494 1113 πᾶσα
534 1058 855 1128 βλάσφημος
896 1056 1136 1123 γλῶσσα,
1174 1057 1270 1110 καὶ
1294 1054 1371 1125 τῷ
1391 1057 1626 1128 λάρυγγι
1652 1058 1791 1111 κατὰ
1816 1055 1911 1110 τὸν

334 1150 632 1221 προφήτην
657 1147 969 1217 κολληθείη·
1017 1149 1175 1217 ἡμεῖς
1195 1148 1253 1201 δὲ
1280 1152 1329 1201 οἱ
1360 1147 1459 1213 τῆς
1490 1148 1720 1218 Τριάξος
1752 1163 1922 1217 προσ-

336 1240 577 1311 κυνηταὶ
605 1238 811 1309 ἀκριϐῆ
833 1238 928 1291 τοῦ
953 1239 1240 1307 όμοουσίου
1288 1238 1539 1293 ἐντεῦθεν
1586 1240 1689 1306 τὴν
1718 1238 1921 1306 γνῶσιν

334 1333 714 1404 λαμϐάνομεν·
766 1331 1108 1400 λογιζόμενοι
1141 1331 1216 1393 ὡς
1246 1332 1345 1385 οὐκ
1382 1331 1448 1385 ἂν
1480 1331 1687 1403 ἑτέρως
1720 1332 1777 1383 ὲν
1802 1329 1921 1401 Υἱῷ

341 1425 531 1496 Πατὴρ
565 1423 893 1493 ἐγνωρίσθη,
918 1423 966 1475 εί
996 1422 1071 1492 μὴ
1097 1424 1195 1491 τῆς
1224 1422 1397 1492 αὐτῆς
1420 1422 1609 1484 οὐσίας
1630 1423 1915 1489 ἐτύγχανε·

336 1515 438 1568 καὶ
492 1512 907 1582 προσκυνοῦμεν
964 1511 1057 1564 τὸν
1091 1513 1319 1582 Σωτῆρα
1360 1512 1452 1564 τὸν
1481 1511 1780 1581 ἡμέτερον,
1819 1511 1918 1579 τῆς

336 1608 766 1677 προσκυνήσεως
796 1605 886 1659 τὸν
918 1604 1132 1675 καρπὸν
1159 1605 1544 1671 ἀναμένοντες,
1595 1602 1656 1656 οὗ
1685 1602 1921 1673 χορηγὸς

336 1697 504 1757 ωὐτὸς
530 1699 557 1749 6
584 1696 1049 1765 Πατὴρετυγχάνει
1075 1696 1216 1749 κατά
1235 1695 1333 1766 τὴν
1361 1694 1453 1748 τοῦ
1474 1695 1681 1765 Κυρίου
1709 1694 1917 1763 φωνήνο

347 1808 369 1840 ε
402 1788 535 1842 Ἐάν
561 1805 641 1850 τις
671 1786 801 1855 γὰρ,
837 1786 1022 1855 φησιν,
1054 1789 1177 1855 ἐμοὶ
1207 1787 1521 1857 διακονήσῃ,
1564 1787 1789 1856 τιμήσει
1820 1785 1918 1838 αὑ-

340 1881 478 1934 τὺνό
496 1878 680 1947 Πατήρ
702 1894 859 1946 μουοι
886 1878 979 1930 καὶ
1003 1881 1033 1931 6
1064 1878 1362 1947 Θαυμάσιος
1384 1877 1441 1929 δὲ
1462 1876 1720 1947 Ἰωάννης
1747 1879 1775 1930 6
1806 1876 1925 1929 θεο-

338 1972 541 2040 λογῶν,
596 1989 615 2022 t
652 1971 709 2024 Ὀ
745 1969 1011 2024 πιστεύων
1071 1971 1150 2033 είς
1205 1969 1296 2022 τὸν
1348 1968 1499 2033 Υἰὸν,
1553 1967 1743 2037 φησὶν,
1812 1965 1928 2036 ἔχει

341 2064 493 2134 ζωὴν
523 2064 767 2116 αίώνιονο
795 2064 822 2115 6
843 2062 899 2115 δὲ
931 2060 1175 2115 ἀπειθῶν
1207 2059 1285 2130 τῷ
1321 2060 1457 2129 Υίῷ,
1486 2058 1586 2113 οὐκ
1617 2057 1809 2127 ὄψεται
1829 2058 1928 2127 τὴν

343 2155 515 2227 ζωὴν,
549 2155 665 2209 ἀλλ’
688 2156 722 2225 ή
747 2154 887 2225 ὀργή
910 2154 1000 2208 τοῦ
1025 2154 1159 2207 Θεοῦ
1189 2156 1346 2223 μενεί
1371 2152 1457 2206 ἐπ’
1491 2152 1709 2207 αὐτόν.»

415 2424 483 2479 Εί
541 2423 829 2495 όμοούσιός
892 2425 1039 2478 ἐστιν
1083 2424 1111 2478 6
1172 2422 1345 2492 Λόγος
1387 2422 1467 2495 τῷ
1525 2425 1722 2494 Harp},
1771 2424 1926 2497 φησὶ,

343 2520 444 2573 καὶ
471 2519 500 2570 6
528 2518 715 2589 Πατὴρ
753 2518 829 2587 τῷ
868 2517 1049 2587 Λόγῳ,
1086 2516 1240 2570 οὐδὲν
1268 2517 1348 2570 ἔτι
1376 2516 1440 2571 τὸ
1475 2515 1682 2571 κωλύον
1707 2517 1925 2589 ὁρᾶται,

344 2614 525 2681 Λόγον
552 2608 689 2665 εἷναί
708 2629 768 2664 τι
797 2612 892 2663 καὶ
924 2611 1210 2665 καλεῖσθαι
1234 2611 1325 2665 τὶν
1358 2611 1599 2682 Πατιρα,
1625 2610 1701 2674 ὡς
1724 2610 1923 2681 όμοού-

345 2723 466 2760 σιον
509 2705 687 2773 Λόγῳ.
730 2702 805 2757 06
834 2704 1051 2766 πάντως
1100 2702 1169 2757 τὰ
1206 2703 1305 2774 τῆς
1342 2704 1515 2774 αὐτῆς
1546 2704 1674 2757 ὄντα
1706 2704 1922 2771 φύσεως

343 2801 429 2861 είς
464 2796 671 2868 ἄλληλα
706 2796 1130 2866 μεταστήσεται.
1160 2796 1294 2849 Οὐδὲ
1322 2798 1432 2866 γὰρ
1458 2796 1487 2848 6
1528 2796 1699 2865 ’Δδὰμ
1724 2795 1924 2864 651606-

348 2906 467 2952 σιος
496 2888 570 2941 ὢν
596 2889 674 2959 τῷ
714 2889 814 2958 υίῷ
841 2886 1006 2941 αὑτοῦ
1033 2888 1193 2951 Κάῖν,
1224 2890 1305 2952 είς
1331 2887 1424 2942 τὸν
1460 2888 1601 2943 Κάῖν
1629 2888 1923 2957 μεταστάς,

344 2976 543 3045 γέγονε
584 2977 741 3029 Κάῐν.
780 2976 919 3029 Ἀλλ’
956 2975 1075 3029 οὐδὲ
1119 2978 1149 3030 6
1197 2977 1337 3031 Κάῖν
1374 2977 1455 3041 είς
1491 2977 1583 3032 τὸν
1630 2978 1801 3049 Ἀδὰμ
1837 2980 1927 3035 διὰ

348 3069 413 3121 τὸ
469 3067 760 3138 ὀμοούσιος
801 3068 951 3140 αὐτῷ
988 3064 1130 3123 εἶναι
1159 3070 1558 3141 μεταχωρήσας
1597 3071 1770 3142 ’Δδὰμ
1800 3071 1925 3141 ὲγέ-
1954 3106 1998 3165 c

343 3181 493 3226 νετο,
530 3163 648 3217 ἀλλ’
677 3162 733 3216 ἓν
767 3163 918 3225 ὄντες
946 3166 1011 3235 τῇ
1054 3164 1215 3233 φύσει
1248 3163 1337 3219 διὰ
1362 3165 1464 3236 τὴν
1493 3166 1794 3238 ὁμοιότητα
1828 3167 1923 3222 δύο

348 3256 694 3327 μεμενήκαοι
749 3257 1020 3325 πρόσωπα
1080 3257 1483 3312 ίδιοῡπόστατα.
1535 3258 1681 3314 Διότι
1741 3260 1773 3313 6
1826 3261 1926 3331 μὲν

343 3351 657 3419 ἐγέννησεν,
692 3349 721 3401 6
752 3349 811 3402 δὲ
840 3348 1103 3420 ἐγεννήθη
1137 3351 1260 3403 καθ’
1287 3351 1603 3407 ὑπόστασιν.

419 3442 534 3508 Τὸ,
588 3440 681 3495 Ζῶ
732 3440 849 3510 ἐγὼ
894 3440 993 3494 διὰ
1050 3441 1158 3495 τὸν
1197 3443 1453 3511 Πατέρα,
1501 3446 1564 3498 οὐ
1593 3445 1925 3517 παρίστησιν

345 3537 689 3606 ὲτεροούσιον
713 3538 805 3590 τὸν
838 3535 984 3598 Υίδν,
1026 3536 1076 3587 εί
1111 3537 1187 3606 μὴ
1224 3537 1424 3606 μ’ᾶλλον
1452 3538 1757 3608 όμοούσιον.
1797 3540 1923 3591 Ὠσ-

346 3648 458 3699 περ
490 3631 600 3698 γὰρ
639 3630 694 3681 εἴ
728 3645 811 3691 τις
851 3632 964 3693 υίὸς
994 3629 1283 3699 ἀνθρώπου
1315 3632 1514 3699 φήσει,
1548 3631 1779 3699 Λογικός
1810 3634 1925 3699 είμι

347 3723 442 3775 διὰ
466 3722 559 3775 τὸν
594 3723 827 3792 πατέρα,
858 3723 1024 3793 ήγουν
1055 3722 1142 3775 διὰ
1174 3722 1235 3775 τὸ
1273 3718 1412 3775 εἶναι
1436 3724 1657 3791 λογικὸν
1688 3723 1780 3776 τὸν
1816 3739 1924 3775 πα-

348 3816 490 3885 τέρα
511 3832 634 3884 μου,
653 3814 794 3867 οὕτω
827 3816 919 3866 καὶ
936 3815 964 3866 6
996 3813 1119 3876 Υίὸς
1145 3812 1242 3866 καὶ
1269 3813 1421 3879 Θεὸς,
1452 3812 1568 3879 Ζῶ,
1597 3815 1782 3885 φησὶν,
1812 3812 1927 3882 ἐγὼ

346 3908 452 3961 διὰ
484 3907 543 3959 τὸ
579 3904 715 3960 εἶναι
755 3904 898 3975 ζωὴν
934 3905 1041 3959 τὸν
1072 3906 1321 3974 Πατέρα.
1363 3905 1461 3961 Διὰ
1482 3905 1539 3959 δδ
1568 3907 1661 3959 τοῦ
1683 3908 1926 3960 τοιούτου

2021 507 2242 577 angelos
2264 523 2327 562 ex
2368 508 2701 574 hominibus,
2733 524 2911 579 neque
2934 526 2999 565 ex
3056 511 3262 580 angelis
3297 513 3588 569 homines:

2021 615 2144 653 nam
2182 603 2609 670 unumquodque
2629 601 2832 655 animal
2858 603 3087 671 propriae
3124 614 3333 658 naturae
3365 604 3591 658 deumn-

2020 690 2306 745 strativum
2367 702 2469 748 est.
2540 691 2594 745 Si
2649 708 2777 761 ergo
2829 692 3163 763 unigenitum
3201 692 3436 748 Verbum
3494 693 3588 747 Dei

2020 792 2270 835 creatura
2294 793 2397 839 est.
2425 792 2477 838 et
2496 798 2561 837 ex
2589 799 2697 838 non
2726 792 2883 851 antea
2912 784 3352 848 exstantibus,et
3387 801 3449 839 ex
3483 788 3587 839 alia

2020 874 2254 942 quadam
2321 882 2516 930 natura
2577 885 2788 941 natum,
2876 876 3152 944 quomodo
3215 876 3272 930 in
3339 891 3396 931 se
3492 876 3590 929 ιδε-

2021 976 2160 1021 trem
2194 970 2557 1033 demonstrat,
2595 970 2638 1023 si
2672 967 2721 1023 ei
2748 969 3041 1024 credatur?
3068 967 3186 1022 Jam
3220 968 3265 1024 si
3291 968 3455 1024 Pater
3495 986 3592 1039 per

2022 1054 2218 1111 Filium
2239 1058 2570 1128 agnoscitur,
2594 1067 2648 1113 et
2674 1059 2766 1128 qui
2796 1056 2996 1112 Filium
3026 1058 3194 1122 novit,
3230 1060 3382 1112 novit
3404 1067 3460 1113 et
3488 1057 3593 1112 Pa-

2022 1158 2183 1215 trem,
2217 1150 2550 1218 impediatur
2574 1166 2705 1207 sane
2726 1150 3129 1222 quazvislingua
3153 1150 3495 1219 blaspheme,
3520 1163 3594 1218 et,

2022 1250 2082 1295 ut
2126 1243 2199 1295 ait
2228 1241 2517 1313 Propheta,
2553 1244 2800 1298 faucibus
2848 1242 3122 1298 adhaereat
3161 1244 3205 1297 ¹.
3260 1241 3370 1297 Nos
3411 1252 3594 1298 autem

2021 1333 2307 1389 Trinitatis
2325 1335 2641 1390 adoratores
2669 1345 2979 1390 accuratam
3008 1334 3133 1389 hinc
3152 1333 3595 1389 consubstantia-

2022 1426 2191 1481 litatis
2218 1427 2491 1479 notionem
2511 1425 2919 1495 adipiscamur;
2978 1434 3316 1494 reputantes,
3361 1440 3469 1479 non
3500 1425 3599 1478 ali-

2024 1526 2105 1572 ter
2136 1517 2333 1572 Filium
2375 1518 2430 1571 in
2460 1517 2618 1572 Patre
2653 1515 2768 1571 fore
2802 1515 3232 1585 agnoscendum,
3280 1516 3383 1570 nisi
3447 1517 3599 1585 ejus-

2023 1610 2146 1664 dem
2200 1621 2344 1664 esset
2396 1609 2717 1664 substantiae
2749 1627 2764 1664 :
2798 1609 3196 1677 adoremusque
3253 1606 3595 1661 Servatorem

2028 1699 2489 1765 nostrum,cultus
2521 1700 2688 1754 nostri
2711 1697 2971 1761 fructum,
3004 1700 3401 1768 praestolantes,
3438 1700 3597 1770 cujus

2029 1800 2185 1849 dator
2240 1793 2397 1848 Pater
2444 1804 2548 1859 est,
2608 1792 2913 1847 secundum
2944 1793 3155 1846 Domini
3188 1793 3391 1847 dictum
3425 1812 3441 1847 :
3483 1812 3502 1844 ι
3543 1792 3598 1845 Si

2027 1886 2153 1955 quis
2184 1885 2353 1951 enim,
2386 1883 2580 1954 inquit,
2610 1884 2739 1938 mihi
2769 1885 3181 1949 ministraverit,
3217 1884 3603 1941 hOnoriiicabit

2028 1992 2152 2033 eum
2208 1976 2366 2030 Pater
2407 1990 2581 2031 meus.
2618 1976 2640 2006 ’
2676 1996 2694 2027 ι
2752 1974 2995 2047 Itemque
3048 1977 3402 2031 admirandus
3434 1976 3604 2031 Joan-

2030 2079 2127 2119 nes
2158 2063 2477 2131 theologus:
2511 2081 2529 2112 σ
2571 2062 2673 2130 Qui
2707 2066 2883 2119 credit
2944 2064 2995 2119 in
3024 2064 3245 2129 Filium,
3283 2067 3481 2136 inquit,
3508 2070 3603 2121 ha-

2028 2157 2120 2213 bet
2155 2158 2321 2210 vitam
2348 2167 2641 2221 aeternam;
2678 2157 2771 2226 qui
2806 2166 2989 2211 autem
3025 2158 3337 2214 incredulus
3362 2168 3447 2214 est
3507 2157 3601 2212 Fi-

2029 2247 2123 2311 lio,
2174 2248 2340 2301 vitam
2394 2261 2503 2301 non
2531 2245 2753 2314 videbit,
2807 2246 2901 2302 sed
2930 2248 3006 2301 ira
3035 2246 3132 2302 Dei
3164 2250 3411 2305 manebit
3435 2266 3601 2319 super

2030 2339 2209 2409 ipsum
2246 2338 2289 2392 ³.
2327 2357 2345 2390 ι

2101 2430 2160 2485 Si
2223 2432 2502 2502 ejusdem,
2566 2431 2856 2501 inquiunt,
2910 2433 3163 2488 essentiae
3219 2444 3303 2490 est
3366 2434 3602 2492 Verbum

2028 2536 2151 2578 cum
2186 2522 2372 2589 Patre,
2415 2524 2545 2594 quid
2574 2523 2823 2594 prohibet
2874 2524 3111 2586 Patrem.
3144 2536 3201 2581 ut
3249 2526 3485 2594 ejusdem
3519 2546 3606 2582 es-

2027 2617 2216 2670 sentiae
2242 2630 2364 2670 cum
2381 2612 2582 2682 Verbo,
2607 2614 2838 2671 Verbum
2869 2630 2990 2672 esse
3016 2617 3185 2685 ?Quae
3208 2630 3335 2675 sunt
3365 2622 3605 2693 ejusdem

2029 2716 2233 2761 natura:
2277 2706 2514 2762 vicissim
2562 2723 2725 2762 unum
2763 2709 2812 2761 in
2849 2709 2992 2763 aliud
3028 2726 3136 2764 non
3177 2726 3603 2769 commutantur.

2027 2797 2215 2868 Neque
2234 2798 2377 2853 enim
2408 2798 2603 2865 Adam,
2632 2800 2774 2869 quod
2803 2800 3044 2870 ejusdem
3104 2806 3356 2862 essentia
3387 2807 3459 2862 sit
3486 2824 3606 2861 cunt

2028 2890 2181 2951 Cain.
2209 2889 2327 2944 ideo
2355 2899 2596 2945 mutatur
2652 2891 2704 2945 in
2741 2891 2894 2954 Cain,
2963 2908 3061 2949 nec
3118 2911 3312 2951 rursus
3362 2897 3493 2953 Cain
3553 2902 3609 2953 in

2028 2982 2199 3036 Adam
2253 2981 2599 3047 transfertur,
2654 2990 2711 3036 ut
2741 2999 2807 3036 ex
2847 2982 2981 3038 Cain
3033 2988 3221 3042 evadat
3254 2989 3447 3055 Adam,
3513 2997 3608 3047 sed

2031 3090 2152 3129 cmn
2205 3089 2369 3129 unum
2406 3075 2515 3129 sint
2538 3084 2756 3143 propter
2779 3075 3022 3145 ejusdem
3051 3092 3261 3135 naturae
3322 3082 3608 3147 rationem,

2031 3169 2151 3238 dua:
2202 3176 2402 3234 tamen,
2433 3167 2485 3221 in
2519 3183 2613 3223 sua
2649 3176 2882 3239 utraque
2916 3170 3215 3240 hypostasi,
3249 3156 3471 3228 mam-ni
3487 3190 3613 3245 per-

2025 3278 2193 3330 sonat,
2234 3262 2527 3318 secundum
2570 3279 2733 3333 quam
2781 3264 2873 3319 ille
2919 3264 3133 3335 quidem
3159 3267 3362 3336 genuit,
3394 3268 3482 3323 hic
3515 3284 3613 3323 au-

2025 3363 2132 3409 tem
2192 3366 2274 3410 est
2326 3355 2559 3424 genitus.

2096 3446 2278 3510 lllud,
2352 3447 2475 3502 Vivo
2544 3465 2636 3517 ego
2712 3456 2926 3516 propter
2985 3445 3201 3501 Patrem
3231 3448 3272 3512 ⁸,
3344 3465 3450 3505 non
3532 3451 3613 3506 di—

2029 3551 2201 3592 versae
2256 3535 2451 3592 Filium
2492 3538 2759 3601 essentiae,
2795 3538 2888 3591 sed
2944 3536 3186 3603 ejusdem
3246 3541 3425 3607 potius
3477 3542 3614 3593 indi-

2027 3637 2118 3684 cat
2156 3641 2275 3682 esse
2303 3643 2427 3682 cum
2484 3628 2665 3683 Patre.
2708 3626 2778 3681 Ut
2817 3627 2958 3680 enim
2996 3627 3041 3681 si
3090 3629 3211 3697 quis
3264 3630 3497 3685 hominis
3554 3635 3614 3684 li-

2028 3719 2133 3773 lius
2191 3717 2416 3782 diceret,
2473 3717 2584 3785 Ego
2627 3731 2744 3772 sum
2801 3716 3008 3771 ratione
3074 3717 3327 3784 pra-ditus
3394 3732 3613 3789 proptt-t‘

2025 3822 2257 3884 patrem,
2315 3820 2370 3865 et
2428 3821 2632 3882 patrem
2679 3812 2865 3880 utique
2922 3813 3131 3866 ratione
3180 3811 3458 3881 praeditum
3516 3815 3613 3867 de-

2028 3906 2288 3967 clararet,
2330 3903 2407 3958 sic
2441 3912 2495 3957 et
2554 3901 2719 3957 Filius
2759 3912 2815 3957 et
2873 3904 3031 3967 Deus,
3086 3902 3228 3970 Vivo,
3263 3904 3461 3973 inquit,
3521 3922 3613 3976 ego

346 4000 514 4067 λόγου
562 4000 624 4051 τὸ
670 3996 934 4067 πατρικὸν
982 3995 1152 4050 αῐτιον
1191 3997 1220 4049 6
1271 3996 1397 4061 Υίδς
1446 3998 1540 4050 καὶ
1584 3998 1758 4066 Λόγος
1803 3999 1920 4071 ὲδήο

346 4092 549 4144 λωσεν.

422 4184 593 4235 Πόθεν
637 4185 664 4234 ὁ
704 4182 828 4243 Υίὸς
868 4182 1161 4253 ὠνομάσθη
1182 4181 1469 4253 όμοούσιος
1497 4182 1575 4253 τῷ
1597 4183 1796 4255 Πατρὶ,
1824 4200 1927 4253 φη-

346 4277 439 4327 σιν
464 4277 492 4326 ὁ
516 4273 854 4339 Ἀπόστολος,
876 4276 983 4339 Ὃς
1003 4275 1074 4327 ἐν
1090 4273 1291 4343 μορφῇ
1320 4272 1468 4328 Θεοῦ
1490 4273 1784 4345 ὑπάρχων
1811 4276 1924 4343 οὐχ

2029 4275 2236 4330 Patre?
2276 4272 2475 4327 Paulus
2510 4273 2585 4326 ait.
2621 4289 2637 4328 :
2668 4271 2772 4337 Qui
2804 4288 2920 4324 cum
2957 4272 3010 4325 in
3073 4270 3270 4337 foruta'
3303 4272 3396 4326 Dei
3457 4283 3612 4338 esset,

345 4366 668 4436 ἁρπαγμὸν
691 4366 962 4435 ἡγήσατο
991 4365 1057 4418 τὸ
1086 4362 1241 4419 εἶναι
1274 4366 1382 4419 ἴσα
1405 4364 1549 4431 Θεῷ.
1572 4368 1799 4437 Μορφῆς
1832 4362 1924 4419 οὖν

2029 4382 2129 4421 non
2154 4366 2391 4434 rapinam
2418 4366 2705 4418 arbitratus
2748 4370 2843 4426 est,
2898 4379 3007 4416 esse
3068 4380 3123 4417 se
3155 4362 3409 4432 aequalem
3442 4365 3548 4418 Deo
3571 4366 3613 4419 '.

346 4457 491 4511 θεοῦ
518 4459 618 4528 τῆς
653 4459 800 4522 θείας
838 4457 1057 4529 φύσεως
1090 4458 1406 4529 νοουμένης,
1436 4459 1835 4529 προσκειμένης
1872 4458 1924 4511 δὲ

2035 4459 2170 4514 Cum
2205 4456 2296 4511 Dei
2331 4456 2523 4519 forma,
2555 4456 2734 4511 divina
2761 4454 3090 4523 intelligatur
3118 4467 3335 4521 natura,
3360 4457 3612 4526 adjuncta

345 4553 449 4605 καὶ
481 4552 577 4619 τῆς
612 4551 883 4621 ἰσότητος,
927 4549 1161 4619 εὐλόγως
1200 4550 1483 4621 όμοούσιος
1514 4549 1825 4619 ὠνομάσθη.
1868 4549 1924 4603 Ὅ

2027 4552 2187 4605 etiam
2215 4547 2541 4618 aequalitate,
2576 4548 2768 4603 merito
2797 4547 2973 4602 dictus
3016 4555 3100 4601 est
3136 4547 3374 4615 ejusdem
3427 4564 3613 4603 esseu-

346 4644 464 4711 γὰρ
498 4643 595 4711 τῆς
623 4642 743 4712 ἴσης
784 4642 862 4712 τῷ
898 4642 1071 4709 Πατρὶ
1118 4639 1357 4710 φύσεως,
1385 4640 1479 4710 τῆς
1521 4639 1643 4708 ἴσης
1684 4640 1790 4709 ἄρα
1838 4641 1924 4691 καὶ

2030 4643 2136 4697 tite.
2155 4640 2257 4707 Qui
2279 4643 2423 4695 enim
2442 4641 2699 4709 aequalem
2721 4649 2969 4694 naturam
2993 4640 3171 4703 habet,
3194 4641 3455 4711 aqualem
3485 4642 3539 4693 ῑιι
3563 4656 3611 4693 ιιι

347 4734 564 4797 οὐσίας.
595 4735 703 4787 Καὶ
732 4733 892 4796 αὐτὸς
916 4732 972 4785 δὲ
997 4735 1023 4786 6
1048 4732 1284 4801 Χριστὸς
1307 4732 1564 4802 εἰρηκώς.
1604 4732 1746 4800 Ἐγὼ
1770 4732 1868 4784 καί
1895 4733 1924 4785 ὀ

2026 4734 2186 4789 habet
2204 4734 2515 4788 essentiam.
2542 4730 2610 4785 Et
2631 4733 2744 4802 ipse
2783 4731 3067 4797 Christus,
3104 4732 3236 4801 Ego,
3259 4732 3534 4799 inquiens,
3564 4742 3613 4784 et

351 4826 563 4894 Πατὴρ
593 4826 662 4879 ἓν
690 4827 901 4895 ἐσμεν,
930 4825 989 4879 τὸ
1019 4825 1217 4879 ταυτὸν
1247 4823 1349 4894 τῆς
1381 4823 1614 4893 φύσεως,
1651 4823 1821 4893 ήγουν
1841 4822 1924 4876 οὐ·

2026 4827 2195 4881 Pater
2246 4844 2409 4881 unum
2455 4843 2636 4880 sumus
2659 4826 2703 4891 ‘,
2754 4827 2999 4880 eamdem
3059 4836 3332 4890 naturam,
3381 4834 3436 4879 et
3495 4824 3614 4879 ideo

354 4920 480 4981 σίας
505 4918 795 5003 ἐνέφηνενἱ

2028 4918 2290 4989 aequalem
2318 4919 2445 4973 item
2477 4916 2767 4973 essentiam
2797 4915 3053 4972 ostendit.

2026 4008 2236 4069 propter
2266 3995 2500 4060 Patrem,
2524 3997 2612 4065 qui
2649 3995 2755 4048 vita
2785 3994 3039 4048 nimirum
3065 4006 3169 4059 eet,
3203 3995 3397 4065 quibus
3434 3999 3614 4052 verbis

2026 4091 2195 4147 Filius
2213 4086 2515 4144 etVerbunt
2549 4085 2761 4141 Patrem
2811 4100 3025 4141 causam
3055 4086 3326 4142 indicavit.

2106 4183 2258 4239 Unde
2312 4180 2479 4235 Filius
2531 4179 2707 4234 dietus
2755 4190 2839 4233 est
2893 4178 3133 4245 ejusdem
3194 4180 3440 4235 essentize
3490 4195 3613 4234 cum

355 5030 474 5086 Τοῦ
512 5029 699 5083 αὑτοῦ
740 5028 807 5081 ἐκ
850 5027 956 5081 τοῦ
987 5034 1041 5080 α’
1085 5027 1418 5097 κεφαλαίου
1466 5024 1573 5079 τοῦ
1613 5023 1664 5079 α’
1689 5024 1935 5097 βιϐλίου

427 5100 574 5238 ﬁgo,
602 5098 924 5166 Θησαυροῦ
989 5102 1122 5166 περὶ
1158 5096 1526 5166 ίάγεννήτου
1599 5096 1935 5165 κεφαλαίου

432 5190 452 5223 ι
576 5187 668 5223 ου.

435 5285 505 5341 α’.
535 5286 693 5341 Κατὰ
724 5285 894 5338 πολλὰ
934 5282 1306 5353 σημαινόμενα
1348 5271 1410 5335 τό
1421 5274 1703 5351 ’ἀγένητον
1733 5281 1924 5353 ἔκλαμ‹

2111 5282 2162 5335 l.
2197 5279 2503 5350 lngenitum
2552 5278 2739 5334 multis
2783 5279 2954 5333 modis
2996 5279 3299 5349 acclpitur:
3346 5275 3618 5346 signiﬁcat

355 5381 607 5433 ϐάνεται.
654 5378 943 5446 Ἀγένητόν
981 5379 1097 5429 ἐστι
1124 5375 1185 5427 τὸ
1223 5376 1390 5445 μήπω
1435 5374 1758 5443 γενόμενον,
1791 5376 1924 5427 ὲνδε‹

2038 5376 2181 5431 enim
2211 5383 2264 5429 et
2292 5372 2367 5439 id,
2398 5372 2541 5442 quod
2566 5372 2801 5426 nondum
2824 5370 3023 5425 factum
3046 5379 3152 5435 est,
3178 5372 3270 5425 sed
3298 5378 3476 5424 tamen
3502 5368 3614 5425 fieri

352 5474 589 5545 χόμενον
632 5471 687 5523 δὲ
734 5471 1007 5539 γενέσθαι,
1055 5468 1130 5530 ὡς
1173 5466 1279 5521 ἀπὸ
1315 5465 1471 5530 ξύλου
1513 5466 1739 5534 σκάφος,
1786 5468 1818 5539 ἧ
1868 5470 1924 5521 ὲκ

2037 5476 2235 5538 potest,
2277 5475 2334 5520 ut
2373 5480 2440 5520 ex
2472 5466 2616 5535 ligno
2656 5463 2951 5534 navigium,
3001 5471 3096 5517 aut
3128 5476 3192 5518 ex
3248 5477 3356 5519 aere
3402 5472 3615 5531 statua;

2102 5030 2357 5102 Ejusdem
2389 5047 2453 5087 ex
2496 5030 2751 5085 Thesauri
2776 5030 2981 5155 σαρξί,
3013 5030 3106 5085 lib.
3131 5045 3171 5099 ι,
3194 5028 3271 5084 De
3316 5030 3545 5099 ingenito

2734 5117 2852 5155 can.
2927 5140 2941 5154 .

2734 5117 2852 5169 cap.
2885 5117 2941 5155 δ.

3411 5644 3433 5677 ⁸
3461 5642 3619 5700 Joan.

1701 5646 1720 5677 ³
1752 5645 1909 5701 Joan.
1962 5660 2043 5711 ιιι,
2095 5645 2184 5701 56.
2291 5645 2313 5677 δ
2347 5643 2718 5709 Joan.vr,58.

314 5639 322 5650 ’
435 5650 627 5777 i-gsal.
674 5664 892 5712 CXXXVI,
948 5647 1002 5702 6.
1077 5644 1280 5701 'Joan.
1343 5661 1444 5712 xu,
1494 5646 1584 5699 26.

359 5737 418 5777 ι.
446 5739 480 5777 ο
524 5761 537 5774 .

359 5737 418 5788 x,
446 5737 537 5777 ou.

565 5814 839 5872 Ριιτιιοι.
885 5812 1000 5870 Gn.
1039 5806 1267 5869 CXXX.

2210 5889 2217 5895 ν
3231 5809 3309 5870 22

2834 5646 2855 5678 '
2892 5645 3123 5716 Philipp.
3150 5660 3211 5709 ιι,
3250 5645 3305 5697 6.
