4030 6222
253 308 359 368 689

1217 319 1599 381 PANOl’LlA
1640 320 2103 382 DOGMATICA.
2129 347 2196 356 —
2231 323 2383 384 'l‘l'l‘.
2426 321 2562 383 XII.

3403 327 3507 390 690

255 448 348 502 καὶ
370 445 758 516 ἐπιμίσγοντες
779 443 916 515 αύτῇ
935 442 1218 514 ἀλλοτρίαν
1253 444 1344 496 καὶ
1368 443 1636 514 ἑτεροειδῆ
1659 443 1837 513 φύσιν,

1941 453 2083 523 plius
2113 467 2272 506 unam
2302 452 2355 506 in
2385 450 2655 507 Trinitate
2689 463 2909 509 servant
2944 454 3307 520 divinitatem,
3344 471 3508 526 quam

255 540 349 593 καὶ
376 541 490 601 τοῖς
550 537 813 606 κτίσμασι
873 534 1280 600 συνεξισοῦντες
1331 536 1536 604 αύτήνς
1591 534 1759 588 Τοῦτο
1785 534 1843 588 δὲ

254 630 418 684 πάλιν
450 627 718 682 ούκέτιέν
749 623 884 681 εἷναι
906 629 1144 682 δείκνυσι
1193 627 1292 698 τὴν
1316 629 1358 680 Τ
1367 627 1541 699 ριάδα,
1593 626 1734 683 ἀλλὰ
1779 627 1844 679 ἐκ

253 722 346 774 δύο
375 722 470 773 καὶ
491 720 765 790 διαφόρων
799 719 1014 790 φύσεων
1049 719 1416 791 συγκειμένην
1448 720 1636 789 αὐτὴν,
1665 717 1752 774 διὰ
1782 719 1845 772 τὸ

253 813 593 883 ὲτεροούσιον
647 810 740 864 τοῦ
795 809 1134 881 ῙῙνεύματος,
1164 812 1240 876 ὡς
1278 811 1430 866 αύτοὶ
1486 813 1696 875 ἑαυτοῖς
1717 813 1843 866 ἀνε-

253 905 553 957 πλάσαντοο
753 901 890 955 Ποία
930 897 1024 955 οὖν
1050 901 1190 974 αῦτη
1217 901 1464 971 θεολογία
1491 904 1556 954 ὲκ
1578 903 1841 974 δημιουρ-

251 996 354 1068 γοῦ
400 997 495 1051 καὶ
543 995 844 1068 κτίσματος
902 996 1269 1068 συγκειμένης
1306 996 1377 1049 Ἣ
1417 995 1526 1068 γὰρ
1575 997 1635 1050 ού
1675 997 1844 1068 Τριάς

250 1093 424 1150 ἐστιν,
457 1088 594 1143 ἀλλὰ
621 1088 773 1152 δυὰς,
799 1090 893 1141 καὶ
919 1088 1105 1142 λοιπὸν
1133 1086 1384 1159 ἡκτίσις,
1405 1087 1460 1159 ἢ,
1479 1088 1528 1140 εἰ
1673 1089 1844 1158 Τριάς

251 1185 424 1247 ἐστιν,
443 1181 632 1251 ῶσπερ
662 1177 756 1234 οὖν
786 1181 882 1235 καί
903 1182 1043 1245 ἐστι,
1080 1181 1196 1244 πῶς
1221 1183 1334 1244 τοῖς
1368 1180 1505 1251 μετὰ
1530 1181 1842 1252 τὴνΤριάδα

252 1268 520 1340 κτίσμασι
554 1268 903 1322 συντάττουσι
925 1269 988 1322 τὸ
1016 1269 1118 1340 τῆς
1142 1269 1372 1341 Τριάδος
1399 1270 1621 1340 Πνεῦμα
1641 1287 1655 1335 ;
1675 1270 1844 1323 T0610

251 1359 364 1431 γάρ
385 1361 504 1412 ἐστι
531 1360 695 1413 πάλιν
713 1361 940 1431 διαιρεῖν
967 1361 1062 1414 καὶ
1077 1360 1314 1416 διαλύειν
1336 1361 1435 1434 τὴν
1452 1360 1676 1434 Τριάδα.
1698 1363 1835 1416 06x-

250 1451 368 1515 06v,
429 1451 616 1516 κακῶς
660 1451 984 1522 φρονοῦντες
1029 1455 1157 1524 περὶ
1227 1453 1323 1506 τοῦ
1371 1452 1692 1524 Πνεύματος
1745 1453 1839 1506 τοῦ

1942 559 2133 612 nempe
2154 542 2458 607 dimndunt,
2483 552 2536 597 et
2563 543 2650 597 cui
2680 543 2910 598 alienam
2943 560 3006 599 ac
3046 545 3318 600 diversam
3357 559 3510 601 natu-

1943 653 2057 690 ram
2107 635 2431 702 admiscent,
2486 649 2653 704 quam
2707 635 2940 705 denique
2995 637 3136 690 inter
3178 652 3266 692 res
3303 647 3512 693 creatas

1942 728 2244 783 collocant?
2278 728 2336 781 Id
2361 741 2492 782 sane
2530 727 2725 796 probat
2759 741 2863 782 non
2889 727 3004 797 jam
3048 743 3162 780 rem
3195 743 3358 781 unam
3391 744 3512 782 esse

1943 816 2288 882 Trinitatem,
2319 815 2412 870 sed
2443 815 2617 886 ipsam
2657 831 2721 870 ex
2752 815 2966 871 duabus
2992 831 3056 870 ac
3081 816 3312 870 diversis
3355 827 3511 869 natu-

1945 911 2021 965 ris
2050 918 2323 972 constare,
2354 908 2424 962 ob
2465 909 2737 963 diversam
2777 909 3024 964 videlicet
3103 907 3340 977 Spiritus
3383 908 3510 962 sub-

1945 1001 2411 1069 slantiam,.quam
2441 999 2516 1054 illi
2545 1000 2648 1054 sibi
2683 1001 2817 1069 ipsis
2842 1002 3137 1054 commenti
3167 1007 3314 1055 sunt.
3346 999 3508 1066 Qua»

1945 1107 2070 1146 nam
2093 1106 2224 1162 ergo
2259 1091 2361 1146 ista
2392 1093 2607 1145 tandem
2637 1101 2721 1144 est
2755 1092 3022 1160 theologia
3057 1107 3123 1146 ex
3176 1100 3423 1145 creatore
3460 1099 3511 1144 ct

1944 1197 2000 1236 re
2035 1191 2219 1237 creata
2271 1181 2502 1235 conﬂata
2523 1182 2546 1234 Τ
2569 1179 2667 1234 Vel
2693 1180 2838 1235 enim
2881 1196 2987 1234 non
3021 1190 3106 1235 est
3147 1179 3386 1234 Trinitas
3416 1181 3507 1235 sed

1940 1275 2199 1338 dualitas,
2227 1289 2289 1328 ac
2312 1273 2508 1328 deinde
2543 1288 2633 1328 res
2663 1282 2846 1326 creata
2883 1289 2897 1325 :
2935 1273 3014 1326 vel
3045 1272 3091 1326 si
3136 1271 3376 1327 Trinitas
3404 1281 3508 1336 est,

1942 1367 2020 1420 uti
2049 1381 2176 1420 vere
2215 1375 2318 1428 est,
2369 1363 2646 1434 quomodo
2675 1379 2800 1418 cum
2827 1364 2990 1419 rebus
3014 1365 3215 1419 creatis
3237 1379 3360 1434 qua:
3390 1373 3512 1433 post

1942 1457 2260 1511 Trinitatem
2303 1457 2599 1522 exsistunt,
2634 1454 2917 1509 Trinitatis
2987 1455 3249 1524 Spiritum
3313 1456 3512 1509 audent

251 1547 415 1614 ἁγίου
467 1579 486 1610 ,
606 1545 731 1598 οὐδὲ
761 1546 888 1617 περὶ
911 1545 1010 1599 τοῦ
1029 1545 1161 1598 Υίοῦ
1186 1545 1368 1610 καλῶς
1533 1546 1837 1620 φρονοῦσιν.

1941 1549 2251 1604 collocare?
2275 1548 2332 1603 ld
2357 1547 2501 1604 enim
2533 1563 2728 1602 rursus
2755 1556 2840 1602 est
2857 1545 3098 1600 dividere
3128 1561 3191 1601 ac
3217 1546 3512 1600 dissolvere

252 1640 317 1692 Et
348 1637 462 1709 γὰρ
489 1635 750 1708 ἐφρόνουν
800 1635 978 1707 ὀρθῶς
1030 1636 1161 1707 περὶ
1199 1636 1295 1690 τοῦ
1355 1637 1552 1706 Λόγου,
1581 1637 1837 1709 ἐφρόνουν

1940 1640 2286 1695 Trinitatem.
2327 1639 2515 1710 Itaque
2549 1639 2595 1695 si
2643 1639 2784 1693 male
2817 1639 2884 1693 de
2913 1637 3121 1707 Spiritu
3167 1647 3356 1692 sancto
3386 1653 3512 1693 sen-

251 1727 428 1796 ύγιῶς
461 1727 554 1780 καὶ
592 1726 723 1798 περὶ
747 1725 842 1779 τοῦ
876 1726 1216 1798 Πνεύματος,
1271 1727 1300 1781 ὃ
1334 1728 1486 1800 παρὰ
1512 1727 1607 1781 τοῦ
1630 1728 1837 1799 Πατρὸς

1941 1733 2096 1798 tiant,
2116 1731 2254 1786 bene
2285 1731 2356 1786 de
2575 1729 2715 1784 Filio
2745 1730 2948 1784 sentire
2971 1744 3081 1784 non
3110 1736 3339 1798 queunt.
3374 1727 3513 1782 Nam

252 1819 637 1891 ἐκπορεύεται,
671 1819 768 1873 καὶ⁸
805 1817 898 1871 τοῦ
929 1815 1063 1871 Υίοῦ
1096 1817 1227 1873 ἴδιον
1259 1818 1341 1884 ὃν,
1372 1819 1505 1890 παρ’
1671 1818 1836 1874 αὐτοῦ

1940 1823 1983 1878 si
2013 1831 2156 1876 recte
2189 1821 2256 1875 de
2289 1818 2466 1874 Verbo
2483 1818 2770 1882 sentirent,
2794 1824 2942 1871 recte
2971 1829 3189 1885 quoque
3213 1815 3278 1869 de
3307 1812 3512 1882 Spiritu

252 1911 457 1964 δίδοται
477 1911 591 1972 τοῖς
619 1908 889 1980 μαθηταῖς
923 1907 1020 1962 καὶ
1051 1910 1184 1974 πᾶσι
1232 1911 1346 1973 τοῖς
1393 1909 1736 1976 πιστεύουσιν
1759 1913 1837 1975 είς

1940 1921 2130 1966 sancto
2182 1910 2276 1980 qui
2325 1924 2356 1964 a
2409 1907 2570 1962 l‘atre
2627 1906 2872 1977 procedit
2926 1905 3211 1971 sentirent,
3244 1904 3338 1973 qui
3387 1918 3513 1958 cum

254 2001 440 2056 αὐτόν.
483 1998 640 2055 Οὕτω
683 1999 741 2053 δὲ
791 1998 1153 2070 πλανώμενοι,
1181 2001 1301 2053 οὐδὲ
1343 2001 1471 2071 περὶ
1513 2001 1606 2055 τοῦ
1629 2003 1837 2074 Πατρὸς

1940 2001 2055 2056 Filii
2092 2002 2162 2056 sit
2185 2000 2458 2072 pr0prius,
2483 1999 2553 2054 ab
2580 1999 2673 2054 illo
2717 1997 3004 2068 discipulis
3041 1981 3409 2064 omnibusque
3455 1995 3511 2050 in

256 2092 388 2162 ὑγιῆ
428 2089 529 2163 τῇ
579 2091 762 2145 πίστιν
805 2090 1038 2161 ἔχουσιν.
1091 2093 1158 2144 υί
1197 2090 1306 2162 γὰρ
1353 2091 1718 2162 ἀντικείμενοι
1760 2093 1837 2164 τῷ

1940 2109 2060 2150 eum
2087 2093 2433 2148 credentibus
2475 2091 2659 2146 datur.
2698 2090 3008 2157 Quinetiam
3054 2088 3150 2158 qui
3214 2088 3272 2142 in
3320 2087 3512 2157 hujus-

257 2183 562 2254 Πνεύματι,
583 2181 663 2246 ὡς
694 2175 846 2234 εἶπεν
868 2182 896 2234 ὁ
929 2182 1103 2253 μέγας
1134 2181 1342 2253 μάρτυς
1371 2183 1662 2252 Στέφανος,
1691 2178 1834 2237 οὗτοι

1940 2187 2084 2241 modi
2119 2201 2306 2240 errore
2356 2192 2664 2249 versantur,
2716 2197 2894 2252 neque
2940 2182 2996 2237 in
3053 2179 3268 2236 Patrem
3320 2194 3509 2235 sanam

256 2274 354 2328 καὶ
378 2274 471 2326 τὸν
506 2272 635 2325 Υίδν
659 2270 966 2341 ἀρνοῦνται.
989 2271 1094 2325 Τὸν
1123 2271 1181 2325 δὲ
1205 2271 1332 2324 Υίδν
1363 2270 1833 2342 άρνούμενοι,ούδὲ

1941 2279 2097 2332 tidem
2125 2279 2328 2333 habere
2365 2277 2602 2346 possint.
2634 2275 2768 2330 Nam
2801 2276 2893 2346 qtti
2945 2273 3178 2345 Spiritui
3225 2271 3508 2336 resistunt,

255 2365 350 2417 τὺν
375 2361 600 2433 Πατέρα
623 2361 831 2431 ἔχουσι.

1940 2371 2014 2424 ιιιί
2053 2371 2284 2442 insignis
2338 2378 2548 2440 martyr
2603 2368 2913 2438 Stephanus
2961 2367 3098 2421 dixit
3154 2367 3201 2432 ⁸,
3248 2363 3410 2418 iidem
3455 2372 3511 2416 et

258 2455 460 2510 Filium
489 2462 709 2524 negant.
748 2449 948 2507 Filium
974 2461 1156 2509 autem
1201 2463 1482 2524 negantes,
1506 2471 1683 2526 neque
1713 2457 1924 2517 Patrem
1956 2463 2203 2533 profecto
2236 2463 2534 2517 habuerint
2573 2453 2614 2509 ⁸.

403 2544 580 2597 Πόθεν
600 2541 776 2595 τοίνυν
804 2542 952 2612 ὑμῖν,
987 2557 1032 2594 ω
1059 2556 1226 2604 ουτοι,
1273 2537 1374 2608 τῆς
1574 2539 1836 2606 τοσαύτης

2090 2549 2370 2604 Undenam
2405 2565 2537 2618 ergo
2563 2556 2723 2602 tantae
2754 2546 2907 2603 vobis
2937 2544 3260 2601 temeritatis
3305 2559 3490 2604 causa.

256 2637 468 2706 τόλμης
515 2635 550 2705 ἡ
594 2633 886 2704 πρόφασις,
913 2630 1053 2684 ὥστε
1092 2631 1167 2701 μὴ
1188 2629 1486 2701 φοϐηθῆναι
1513 2630 1574 2682 τὸ
1612 2628 1717 2687 ὑπὸ
1742 2627 1837 2680 τεῦ

1940 2652 1991 2700 It
2026 2659 2124 2698 nec
2156 2642 2286 2696 illud
2328 2657 2355 2694 a
2389 2639 2674 2696 Salvatore
2714 2642 2919 2710 dictum
2972 2639 3309 2696 vereamini:
3351 2658 3370 2690 ι
3398 2639 3500 2704 Qui

258 2728 470 2799 Κυρίου
505 2727 818 2797 εἰρημένονο
848 2742 867 2775 ι
907 2725 1003 2787 ’⁸ος
1053 2723 1100 2777 δ’
1131 2723 1199 2778 ἂν
1253 2722 1615 2793 βλασφημήσῃ
1669 2721 1747 2784 εις
1776 2719 1837 2774 τὸ

1940 2736 2388 2806 blasphemaverit
2438 2736 2492 2789 in
2527 2736 2791 2806 Spiritum
2831 2746 3105 2803 sanctum,
3141 2751 3247 2789 non
3281 2733 3504 2788 habebit

255 2815 560 2886 Πνεῦματδ
576 2815 750 2882 ἆγιον,
768 2813 870 2866 οὐκ
884 2813 994 2883 ἔχει
1017 2813 1207 2881 ἄφεσιν
1229 2810 1352 2866 οὔτε
1383 2813 1441 2866 ὲν
1460 2809 1538 2882 τῷ
1682 2807 1837 2862 αίῶνι

1940 2827 2312 2883 remissionem
2361 2841 2537 2896 neque
2586 2826 2640 2880 in
2690 2826 2794 2880 hoc
2842 2827 3042 2882 saeculo
3089 2840 3264 2894 neque
3313 2824 3368 2878 in
3417 2823 3504 2878 fu-

253 2908 454 2977 τούτῳ,
487 2905 617 2960 οὔτε
648 2907 705 2959 ὲν
724 2904 802 2974 τῷ
835 2903 1111 2974 pellant;
1150 2921 1168 2954 ι
1191 2903 1256 2955 Ol
1286 2902 1383 2972 μὲν
1405 2901 1514 2972 γὰρ
1551 2900 1833 2972 Ἀρειανοὶ,

1940 2919 2128 2974 turo'?
2157 2937 2176 2970 ι
2204 2918 2388 2971 Ariani
2419 2917 2667 2988 quidem,
2701 2917 2802 2972 etsi
2827 2931 3147 2986 corpoream
3177 2913 3337 2969 Verbi
3365 2929 3503 2982 pra:~

254 3000 438 3052 καίτοι
468 2997 570 3067 τὴν
591 2995 854 3065 ἐνσαρκον
877 2993 1180 3067 παρουσίαν
1218 2992 1314 3046 τοῦ
1344 2991 1516 3060 Λόγου
1546 2993 1640 3044 καὶ
1666 2990 1736 3043 τὰ
1767 2988 1835 3044 δι’

1940 3007 2254 3070 sentiam,et
2268 3021 2389 3076 quae
2419 3006 2539 3076 ejus
2567 3005 2890 3065 causadicta
2921 3016 3073 3072 sunt,
3104 3021 3210 3060 non
3237 3005 3503 3072 intellige-

253 3089 427 3160 αὐτὴν
452 3053 826 3160 εἰρημέναιμὴ
881 3053 1189 3158 νοήσαντες,
1240 3084 1388 3154 ὅμως
1419 3053 1477 3148 ἐξ
1503 3080 1679 3134 αὐτῶν
1704 3079 1835 3152 πρό-

1940 3053 2388 3076 ---.-...---,--ην..
2423 3053 2538 3076 η--
2569 3053 2890 3065 --._-_,_.---.
2921 3053 3073 3072 -----,
3104 3053 3209 3060 ---η

1940 3107 2075 3164 rent,
2105 3113 2172 3152 ex
2200 3097 2286 3152 bis
2314 3105 2496 3152 tamen
2525 3098 2868 3153 occasionem
2893 3114 3005 3152 sua:
3027 3097 3504 3151 comminiscenda:

254 3197 419 3246 φασιν
449 3178 706 3241 λαδόντες
766 3179 846 3240 είς
890 3177 988 3248 τὴν
1016 3175 1224 3230 ἑαυτῶν
1275 3175 1502 3246 αἵρεσιν,
1539 3173 1633 3227 καὶ
1663 3171 1835 3236 οὕτως

251 3270 600 3342 ἠλέγχθησαν
634 3269 886 3339 θεομάχοι
935 3270 1030 3323 καὶ
1063 3268 1141 3331 ὡς
1164 3267 1380 3338 ἀληθῶς
1413 3267 1520 3320 ἀπὸ
1549 3266 1654 3336 γῆς
1680 3283 1830 3320 κενου

252 3361 562 3430 λογοῦντες.
743 3360 932 3432 Ὑμεῖς
979 3359 1036 3414 δὲ
1081 3359 1244 3413 πόθεν
1276 3359 1625 3429 ἡπατήθητες
1686 3358 1834 3429 παρὰ

251 3455 414 3506 τίνων
437 3451 794 3516 ἀκούσαντες,
816 3451 849 3522 ἦ
875 3451 958 3515 τίς
989 3453 1018 3504 ὁ
1046 3451 1246 3520 τρόπος
1273 3449 1370 3519 τῆς
1397 3449 1650 3519 τοιαύτης
1683 3448 1835 3518 ὑμῶν

254 3546 466 3614 πλάνης
493 3560 508 3608 ;
557 3544 917 3614 Ἀνέγνωμεν,
943 3543 1125 3612 φασιν,
1148 3543 1206 3594 ὲν
1231 3541 1310 3612 τῷ
1347 3543 1598 3612 προφήτῃ
1633 3539 1832 3611 Ἀμὼς,

249 3633 506 3701 λέγοντος
537 3631 633 3684 τοῦ
665 3631 824 3693 Θεοῦ.
859 3650 880 3683 ι
904 3631 1027 3685 ’Ότι
1063 3631 1193 3685 Ἰδοὺ
1243 3631 1354 3700 ἐγὼ
1392 3629 1626 3704 στερεῶν
1675 3630 1832 3701 βρον-

252 3722 370 3793 τὴν,
403 3723 503 3775 καὶ
542 3721 742 3786 κτίζων
785 3718 1020 3792 πνεῦμα,
1054 3719 1148 3772 καὶ
1197 3719 1555 3788 ἀπαγγέλλων
1603 3721 1682 3781 είς
1738 3719 1834 3770 ἀν-

255 3813 515 3885 θρώπους
569 3813 662 3866 τὸν
716 3812 952 3884 Χριστὸν
1010 3811 1197 3864 αὐτοῦ·
1249 3811 1417 3864 ποιῶν
1484 3809 1680 3882 ὄρθρον
1739 3810 1835 3864 καὶ

255 3903 513 3974 ὁμίχλην,
549 3905 644 3958 και
667 3904 962 3958 ἐπιϐαίνων
997 3904 1089 3956 ἐπὶ
1127 3904 1195 3958 τὰ
1227 3903 1402 3973 ὑψηλὰ
1438 3902 1538 3972 τῆς
1708 3901 1832 3971 γῆς,

257 3997 465 4066 Κύριος
493 3997 523 4049 ὁ
549 3996 682 4060 Θεὸς
704 3997 734 4050 6
754 3995 1148 4067 παντοκράτωρ
1169 3995 1339 4066 ὄνομα
1367 3995 1535 4065 αὐτῷ.
1567 4012 1585 4045 ι
1629 3995 1737 4047 Καὶ
1757 3993 1836 4047 ἐν-

256 4085 347 4140 θεν
376 4086 715 4157 ἐπείσθημεν
744 4088 856 4150 τοῖς
885 4085 1183 4157 ’Δρειανοίς
1211 4086 1428 4154 λέγουσι
1459 4086 1665 4156 κτίσμα
1695 4081 1834 4140 εἶναι

253 4176 314 4230 τὺ
333 4177 560 4248 Πνεῦμα
591 4177 654 4231 τὸ
686 4179 860 4246 ἅγιον.
880 4175 1010 4232 Εἶτα
1028 4179 1089 4232 τὸ
1116 4178 1216 4248 μὲν
1247 4179 1394 4250 παρὰ
1414 4177 1492 4248 τῷ
1656 4175 1838 4247 ’Δμὼς

252 4270 548 4338 ἀνέγνωτε·
599 4270 662 4323 τὸ
708 4269 767 4322 δὲ
832 4271 891 4323 ὲν
957 4273 1078 4332 ταῖς
1140 4269 1469 4340 Παροιμίαις
1521 4268 1832 4340 λεγόμενον,

251 4379 270 4412 ι
319 4361 534 4432 Κύριος
563 4360 744 4413 ἐκτισέ
767 4377 834 4430 με
887 4360 1063 4430 ἀρχὴν
1095 4358 1230 4412 ὁδῶν
1257 4359 1423 4413 αὐτοῦ
1454 4361 1534 4423 εἰς
1565 4357 1702 4430 ἔργα
1735 4359 1834 4413 αύ-
1865 4355 1909 4410 D

239 4453 366 4516 106,
390 4470 410 4502 ι
443 4452 546 4505 ούκ
573 4449 916 4521 ἀνέγνωτε,ἢ
941 4450 1211 4520 ἀνέγνωτε
1233 4465 1247 4514 ;
1270 4449 1381 4503 Καὶ
1399 4449 1557 4502 τοῦτο
1696 4446 1794 4517 μὲν
1813 4488 1830 4514 ,

239 4551 321 4614 ὡς
355 4549 473 4618 ἔχει
499 4546 778 4618 ἀληθείας,
801 4544 1150 4618 ἑρμηνεύετε,
1187 4547 1275 4600 ἵνα
1304 4545 1380 4617 μὴ
1413 4546 1606 4616 είπητε
1630 4545 1834 4618 κτίσμα

238 4644 338 4696 τὸν
371 4640 570 4706 Λάγονο
601 4638 665 4690 τὸ
713 4637 771 4691 δὲ
805 4638 865 4692 ὲν
919 4635 999 4707 τῷ
1029 4636 1280 4708 προφήτῃ
1330 4635 1428 4706 ούχ
1475 4635 1829 4706 ἑρμηνεύετε,

238 4731 384 4786 ἀλλὰ
429 4727 620 4792 ἁπλῶς
651 4728 940 4790 ἀκούοντες
1008 4746 1027 4778 ι
1067 4726 1313 4797 πνεῦμα,
1345 4747 1364 4778 ι
1410 4727 1695 4798 ὲνομίσατε
1739 4727 1829 4780 λέ-

237 4823 440 4893 γεσθαι
495 4817 1116 4891 κτίσματὸΠνεῦματὸ
1162 4819 1350 4886 ἄγιον;
1403 4818 1595 4872 Καίτοι
1642 4819 1699 4870 ὲν
1734 4819 1832 4890 μὲν

238 4918 365 4979 ταῖς
391 4911 727 4984 Παροιμίαις
749 4909 998 4981 φανερῶς
1164 4910 1197 4980 ὴ
1255 4909 1424 4978 Σοφία
1451 4909 1685 4977 λέγουσά
1715 4911 1830 4962 ἐστι

237 5006 323 5069 τὸ,
358 5024 376 5056 ι
403 5001 591 5058 ἔκτισε
630 5017 718 5073 με·
739 5020 759 5054 ι
799 5002 895 5055 καὶ
917 5001 1066 5071 ὅμως
1103 4999 1283 5064 καλῶς
1315 5017 1379 5068 γε
1415 4999 1716 5062 ποιοῦντες,
1744 5001 1830 5070 ἐρ.

242 5094 514 5166 μηνεύετε
544 5092 608 5145 τὸ
650 5090 831 5162 ῥητὸν,
882 5090 969 5142 ἵνα
1005 5089 1079 5161 μὴ
1118 5089 1218 5161 τὴν
1267 5089 1596 5161 δημιουργὸν
1634 5088 1831 5157 Σοφίαν

239 5190 299 5241 ὲν
479 5187 596 5248 τοῖς
619 5185 882 5254 κτίσμασι
907 5182 1294 5254 συναριθμῆται.
1326 5181 1400 5234 Τὸ
1424 5181 1482 5235 δὲ
1514 5183 1573 5236 ἐν
1597 5181 1674 5252 τῷ
1697 5199 1830 5252 προ-

241 5279 390 5348 vim
427 5275 594 5347 ῥητὸν
618 5275 720 5328 οὐκ
741 5274 852 5344 ἔχει
871 5275 1158 5344 γνώρισμα
1191 5273 1319 5346 περὶ
1351 5272 1448 5327 τοῦ
1481 5275 1639 5342 ἁγίου
1662 5273 1830 5327 Πνεύ-

244 5387 438 5439 ματος,
500 5367 616 5422 ἀλλ’
640 5367 828 5430 ἁπλῶς
877 5365 1093 5437 εἴρηται
1144 5367 1274 5436 περὶ
1326 5365 1657 5438 πνεύματος.
1705 5367 1832 5430 Πῶς

239 5458 353 5526 οὖν,
378 5460 564 5515 καίτοι
598 5458 854 5530 πλείστης
881 5457 1048 5528 οὔσης
1083 5457 1344 5529 διαφορᾶς
1366 5459 1424 5513 ὲν
1447 5463 1564 5520 ταῖς
1589 5460 1830 5530 Γραφαίς

245 5554 373 5622 περὶ
408 5551 742 5620 πνευμάτων
779 5591 796 5618 ,
918 5550 1014 5603 καὶ
1065 5549 1364 5622 δυναμένου
1401 5551 1495 5604 τοῦ
1530 5551 1695 5624 ῥητοῦ
1730 5553 1828 5624 τὴν

1936 3189 2158 3244 haeresis
2188 3187 2588 3258 improbissime
2619 3188 2786 3252 nacti,
2819 3187 2910 3242 Dei
2949 3188 3130 3242 hostes
3158 3203 3280 3241 esse
3304 3197 3358 3240 et
3382 3204 3504 3241 vere

1933 3279 2000 3332 de
2035 3286 2176 3332 terra
2235 3275 2259 3306 δ
2320 3277 2502 3332 inania
2541 3277 2690 3348 loqui
2737 3278 2971 3334 convicti
3025 3286 3172 3331 sunt.
3218 3275 3325 3329 Vos
3377 3291 3504 3328 vero

1938 3368 2233 3434 undenam,
2265 3383 2476 3439 quaso,
2517 3369 2572 3424 in
2614 3385 2858 3425 errorem
2918 3368 3122 3422 inducti
3165 3368 3344 3421 estis?
3371 3367 3507 3431 Quis

1935 3475 2034 3514 vos
2062 3459 2136 3514 ita
2169 3459 2380 3525 docuit,
2412 3459 2495 3514 vel
2517 3461 2640 3529 quis
2673 3461 2891 3516 tandem
2922 3459 3118 3513 modus
3151 3456 3319 3513 vestri
3349 3471 3504 3511 erro-

1936 3549 2012 3605 ris
2034 3549 2348 3620 ?Legimus,
2378 3549 2656 3620 inquiunt,
2683 3549 2736 3603 in
2770 3549 3033 3618 propheta
3065 3548 3233 3601 Amos
3265 3548 3380 3601 haec
3410 3545 3506 3599 Dei

1940 3642 2106 3696 verba
2141 3661 2154 3696 :
2197 3660 2215 3693 ι
2245 3640 2384 3707 Quia
2418 3656 2546 3696 ecce
2572 3655 2672 3710 ego
2718 3641 2942 3694 ﬁrmans
2971 3639 3196 3702 tonitru,
3218 3647 3273 3691 et
3313 3652 3506 3691 creatis

1939 3733 2228 3803 spiritum,
2255 3740 2308 3788 et
2338 3730 2674 3786 annuntians
2695 3730 2761 3784 ad
2786 3729 3034 3784 homines
3056 3727 3340 3781 Christum
3363 3725 3502 3793 ejus.

1941 3822 2146 3878 faciens
2172 3821 2474 3876 diluculum
2524 3829 2580 3875 et
2633 3819 2910 3882 nebulam,
2944 3827 2998 3872 et
3057 3815 3315 3886 gradiens
3342 3828 3508 3881 super

1938 3916 2153 3971 eteelsa
2187 3925 2381 3970 terra:
2417 3912 2682 3967 Dominus
2718 3911 2860 3966 Deus
2889 3912 3258 3980 omnipotens,
3308 3921 3506 3961 nomen

1939 4007 2038 4077 ipsi
2079 4011 2120 4059 ⁸.
2149 4025 2168 4058 ι
2194 4003 2320 4061 Inde
2345 4003 2560 4060 adducti
2594 4004 2797 4058 fuimus
2822 4012 2881 4057 ut
2921 4001 3162 4064 Arianis,
3202 3999 3297 4068 qui
3334 3997 3508 4068 Spiri-

1937 4110 2051 4154 tum
2100 4106 2350 4156 sanctum
2376 4112 2489 4153 rem
2538 4102 2776 4150 creatam
2807 4108 2927 4148 esse
2954 4092 3174 4156 docent,
3213 4088 3510 4146 assentire-

1938 4206 2083 4246 mur.
2109 4190 2191 4243 An
2223 4203 2352 4259 ergo
2391 4187 2540 4257 quod
2599 4186 2741 4255 apud
2792 4183 2960 4238 Amos
3019 4189 3200 4237 exstat
3248 4179 3456 4250 legistis
3492 4196 3507 4232 :

1939 4283 2082 4348 quod
2109 4290 2290 4336 autem
2315 4280 2369 4334 in
2400 4276 2713 4335 Proverbiis
2733 4276 2935 4331 dicitur
2963 4290 2976 4326 :
3015 4272 3325 4342 (Dominus
3358 4285 3511 4326 crea-

1939 4375 2016 4428 vit
2051 4388 2136 4427 me
2167 4371 2383 4426 initium
2432 4369 2645 4424 viarum
2699 4381 2924 4424 suarum
2960 4366 3015 4420 in
3055 4378 3220 4434 opera
3264 4378 3363 4418 sua
3399 4369 3444 4428 ο,
3484 4380 3502 4412 ι

1941 4479 2006 4519 an
2039 4461 2247 4532 legistis
2287 4461 2502 4516 necne?
2549 4457 2761 4528 Ergone
2815 4455 2960 4511 istud
2994 4451 3412 4507 Proverbiorum
3441 4464 3512 4503 ex

1938 4553 2165 4608 veritate
2215 4549 2668 4619 interpretamini,
2731 4563 2798 4604 ne
2821 4546 3078 4602 videlicet
3125 4542 3368 4598 Verbum
3395 4556 3511 4596 rem

1937 4653 2174 4699 creatam
2199 4641 2398 4697 dicatis
2435 4656 2448 4693 :
2477 4639 2609 4694 illud
2634 4649 2816 4694 autem
2840 4638 3119 4709 propheta:
3165 4634 3312 4689 nulla
3343 4634 3513 4688 inter-

1939 4733 2243 4804 pretatione
2268 4730 2577 4801 explicatis,
2605 4729 2699 4784 sed
2731 4743 2863 4784 voce
2897 4746 2916 4779 ι
2958 4727 3187 4796 spiritus
3215 4742 3234 4775 ι
3265 4731 3512 4777 tantum.

1941 4825 2100 4878 modo
2129 4824 2338 4889 audita,
2377 4821 2640 4892 Spiritum
2673 4828 2925 4876 sanctum
2976 4832 3090 4872 rem
3133 4823 3374 4869 creatam
3401 4812 3510 4867 dici

1937 4914 2489 4984 existimatis?Atqui
2543 4913 2598 4966 in
2657 4909 2968 4966 Proverbiis
3011 4906 3287 4976 Sapientia
3328 4914 3514 4972 aperte

1938 5003 2070 5056 dicit
2108 5020 2122 5056 :
2162 5020 2182 5054 ι
2213 5001 2439 5056 Creavit
2471 5013 2579 5054 me.
2627 5019 2646 5052 ι
2687 4997 3072 5054 Verumtamen
3121 5004 3270 5049 recte
3290 5007 3387 5047 vos
3427 4992 3514 5046 di-

1939 5102 2084 5146 ctum
2133 5091 2268 5147 illud
2297 5093 2373 5146 ita
2401 5089 2674 5160 exeipitis,
2697 5099 2760 5144 ut
2786 5105 2894 5144 non
2927 5082 3512 5152 creatricem.8apien—

1941 5187 2069 5240 tiam
2095 5186 2264 5240 rebus
2293 5184 2493 5240 creatis
2519 5183 2914 5239 annumeretis.
2945 5180 3042 5236 Sic
3085 5178 3254 5248 igitur
3281 5189 3386 5231 vox
3416 5174 3510 5228 illa

1942 5278 2218 5347 propheta
2242 5291 2352 5330 non
2383 5275 2649 5345 Spiritum
2693 5285 2942 5330 salictum
2994 5271 3238 5330 denotat,
3267 5267 3360 5324 sed
3387 5275 3508 5319 tan-

1943 5379 2055 5421 tum
2082 5369 2150 5423 de
2182 5366 2377 5436 spiritu
2405 5367 2625 5422 dicitur.
2659 5365 2796 5420 Cum
2829 5376 2962 5433 ergo
2987 5359 3157 5415 multa
3180 5357 3254 5412 sit
3275 5357 3328 5411 in
3359 5354 3508 5410 Scri-

1943 5459 2122 5529 pturis
2172 5458 2465 5528 spirituum
2514 5455 2838 5516 did‘erentia,
2895 5459 3218 5518 rectumque
3285 5461 3508 5502 sensum

1944 5553 2145 5607 habere
2173 5550 2348 5620 possit
2400 5549 2504 5605 iste
2553 5546 2851 5616 Scriptum
2899 5544 3076 5607 locus,
3097 5556 3197 5596 cur
3229 5553 3328 5595 vos
3364 5538 3514 5593 velut
3567 5575 3592 5624 ἦ

309 5746 470 5816 ῗΑοίο
504 5758 597 5807 νη.
637 5744 724 5800 51.
801 5749 1055 5808 ’lJoan.
1103 5767 1161 5815 ιι,
1203 5753 1293 5809 25.
1374 5751 1394 5784 ³
1430 5752 1623 5808 Matth.
1663 5768 1759 5816 χιι,
1822 5750 1926 5813 52;
2001 5749 2166 5804 Marc.
2217 5765 2295 5814 ιιι,
2346 5745 2434 5803 ‘29.
2512 5744 2532 5778 ⁸
2570 5742 2726 5800 Joan.
2775 5757 2856 5808 ιιι,
2892 5738 2982 5796 3i.
3061 5736 3278 5792 'Amos
3311 5751 3383 5798 ιν,
3429 5733 3512 5788 l3.

235 5813 259 5843 ‘
292 5812 455 5872 Prov.
494 5831 611 5880 νιιι,
643 5818 736 5872 22.
