4086 6214
519 264 617 328 691
1754 263 2070 326 EUTHYM

2182 265 2354 324 ZIGA
2367 266 2543 325 BEN!
3658 274 3768 335 692

521 398 743 468 litigiosi
785 408 881 456 aut
937 401 1205 470 serpentis
1262 397 1444 454 Ariani
1498 414 1684 454 morsu
1731 399 1984 466 ulcerati,
2017 399 2072 452 dt

2191 398 2326 452 ἰδίαν
2357 394 2591 449 διάνοιαν
2623 390 2765 463 ἔχειν
2788 389 2972 462 ὀρθὴν,
3004 388 3181 460 ὑμεῖς,
3230 388 3305 453 ὡς
3337 391 3766 461 φιλονεικοῦντες

524 487 730 558 Spiritu
761 500 950 546 sancto
998 490 1314 559 prophetam
1550 488 1720 542 Amos
1757 487 1904 556 loqui
1941 485 2072 540 arbi-

2191 488 2224 559 ἢ
2249 487 2324 551 ὡς
2353 485 2457 539 ὑπὸ
2488 486 2759 556 δήγματος
2802 481 2894 536 τοῦ
2940 480 3218 552 Ἀρειανοῦ
3247 481 3422 551 ὄφεως
3456 481 3763 558 βλαϐέντες,

522 583 767 647 tramini,
817 597 885 636 ne
937 581 1146 636 scilicet
1204 577 1428 633 credere
1487 577 1764 631 desistatis
1824 574 2072 644 Spiritum

2189 581 2251 633 τὸ
2295 577 2519 648 Πνεῦμα
2574 576 2637 629 τὸ
2701 575 2856 642 ἅγιον
2909 571 3162 646 εἰρῆσθαι
3219 573 3372 644 παρὰ
3423 574 3516 627 τοῦ
3585 578 3765 649 ’Δμὼς

525 684 773 728 sanctum
807 688 918 726 rem
943 679 1178 726 creatam
1209 669 1372 725 esse?

2199 670 2476 742 νομίζετε,
2535 669 2621 720 ἵνα
2650 665 2806 737 μόνον
2855 663 2950 718 τοῦ
2996 665 3213 747 φρονεῖν
3254 664 3461 736 κτίσμα
3519 667 3596 740 μὴ
3648 673 3764 726 ἐπι-

2186 763 2442 835 λάθησθες

540 927 546 932 _
692 865 883 928 Dicite,
917 867 1132 929 amabo,
1163 882 1230 920 an
1255 866 1308 919 in
1344 866 1530 935 aliquo
1563 865 1762 920 divina:
1792 865 2072 934 Scriptura

2343 855 2548 912 Εἶπατε
2579 850 2710 922 γοῦν
2733 850 2787 903 εί
2814 866 2918 904 που
2951 851 3053 919 τῆς
3081 846 3232 914 θείας
3261 849 3484 919 Γραφῆς
3514 852 3763 924 εὑρίσκε..

525 957 645 1011 loco
675 955 936 1024 Spiritth
988 965 1236 1010 sanctum
1266 955 1616 1024 ‘simpliciter
1673 956 1926 1025 spiritum
1981 956 2070 1011 dic

2188 966 2248 1002 τε
2407 945 2468 998 τὸ
2493 941 2717 1012 Πνεῦμα
2737 941 2798 994 τὸ
2824 940 2977 1008 ἆγιον
2999 937 3187 1001 ἁπλῶς
3211 938 3497 1011 εἰρημένον
3525 942 3762 1014 πνεῦμα,

531 1048 832 1118 reperietis,
858 1048 975 1102 sine
1006 1049 1189 1102 addita
1228 1062 1359 1102 voce
1402 1048 1486 1102 vel
1523 1047 1638 1110 Dei,
1666 1050 1748 1101 vel
1777 1046 1974 1113 Patris,
2005 1063 2069 1104 ve

2189 1040 2361 1112 χωρὶς
2393 1035 2707 1107 προσθήκης
2754 1032 2846 1087 τοῦ
2883 1029 3138 1099 λέγεσθαι
3191 1030 3225 1104 ἢ
3279 1031 3370 1088 τοῦ
3405 1032 3560 1098 Θεοῦ,
3609 1035 3762 1106 ἢτοῦ

536 1141 656 1202 mei,
689 1139 770 1192 vel
811 1140 983 1208 ipsius
1009 1139 1206 1194 Christi
1233 1151 1286 1194 et
1318 1139 1463 1204 Filii,
1497 1140 1580 1194 vel
1621 1155 1650 1193 a
1708 1157 1815 1204 me,
1851 1145 1993 1211 quod
2017 1161 2072 1198 es

2177 1133 2409 1206 Πατρὸς,
2439 1132 2474 1203 ἢ
2533 1132 2614 1185 ὅτι
2665 1131 2823 1204 ἐμοῦ,
2854 1133 2888 1202 ἢ
2921 1131 3089 1186 αὐτοῦ
3120 1131 3213 1185 τοῦ
3251 1133 3494 1204 Χριστοῦ
3672 1136 3769 1188 καὶ

539 1229 716 1292 aDeo,
750 1231 834 1284 vel
891 1231 998 1284 nisi
1054 1247 1178 1284 cum
1214 1232 1464 1295 articulo,
1499 1231 1572 1284 ita
1605 1239 1664 1285 ut
1712 1249 1819 1287 non
1873 1235 2066 1302 spiritu

2171 1222 2268 1278 τοῦ
2297 1223 2450 1286 Υἱοῦ,
2481 1221 2514 1292 ἢ
2551 1223 2678 1293 παρ’
2707 1221 2864 1293 ἐμοῦ,
2885 1224 2914 1276 ὃ
2940 1225 3059 1278 ἐστι
3087 1223 3240 1296 παρὰ
3268 1223 3596 1294 toﬁ-8506,11
3621 1225 3761 1295 μετὰ

527 1318 702 1372 solum
753 1319 982 1382 dicatur,
1020 1319 1112 1373 sed
1158 1320 1240 1372 vel
1292 1320 1382 1373 ille
1429 1319 1687 1390 Spiritus,
1718 1322 1800 1376 vel
1861 1323 2065 1393 Spiritu

2171 1315 2266 1368 τοῦ
2296 1314 2524 1386 ἄρθρου,
2555 1313 2641 1366 ἵνα
2671 1313 2746 1385 μὴ
2787 1314 2972 1378 ἁπλῶς
2997 1315 3226 1384 λέγηται
3250 1315 3495 1386 πνεῦμα,
3531 1314 3670 1370 ἀλλὰ
3699 1317 3762 1370 τὸ

524 1418 766 1475 sanctus,
795 1409 880 1464 vel
911 1408 1245 1476 Paracletus,
1300 1412 1379 1466 vel
1433 1412 1704 1477 veritatis,
1743 1414 1794 1467 id
1853 1426 1936 1470 est
1970 1415 2072 1471 Fili

2174 1405 2398 1476 Πνεῦμα
2435 1418 2452 1435 ·
2589 1405 2623 1475 ἢ
2657 1405 2789 1458 αὐτὸ
2829 1404 2988 1459 τοῦτο
3033 1406 3094 1459 τὸ
3137 1405 3365 1476 Πνεῦμα
3395 1405 3456 1458 τὺ
3515 1406 3691 1477 ἅγιον,
3725 1407 3760 1478 ἢ

522 1499 752 1555 dicentis
769 1499 978 1555 scilicet
1005 1517 1018 1552 :
1056 1519 1073 1551 ι
1095 1499 1204 1570 Ego
1233 1517 1356 1556 sum
1381 1503 1582 1558 veritas
1616 1509 1634 1540 ί
1650 1522 1663 1568 ;
1693 1525 1710 1554 ι
1735 1516 1930 1571 utvos,
1952 1509 2072 1563 nud:

2173 1497 2551 1572 Παράκλητον,
2582 1498 2614 1567 ἢ
2675 1497 2954 1568 ἀληθείας,
2987 1497 3016 1550 ὃ
3043 1498 3161 1551 ἐστι
3198 1498 3292 1550 τοῦ
3328 1497 3482 1562 Υἱοῦ,
3533 1497 3629 1551 τοῦ
3675 1497 3762 1552 λέ-

519 1604 655 1644 voce
707 1609 724 1642 ι
755 1591 980 1660 spiritus
1028 1611 1046 1642 ι
1099 1593 1305 1654 audita,
1356 1603 1608 1649 sanctum
1667 1596 1934 1666 Spiritum
1976 1614 2072 1653 εδει

2172 1605 2383 1656 γοντος.
2511 1608 2529 1642 t
2581 1589 2720 1658 Ἐγώ
2748 1591 2863 1660 ειμι
2889 1591 2923 1660 η
2955 1588 3201 1659 ἀλήθεια·
3230 1609 3248 1642 ι
3295 1590 3404 1654 ἵνα,
3429 1590 3764 1655 ἀκούσαντες

519 1681 973 1750 suspicaremini?
1007 1682 1084 1736 Ex
1117 1684 1220 1738 hac
1243 1695 1422 1739 tamen
1457 1689 1643 1756 regula
1664 1703 1760 1744 eos
1806 1691 1968 1744 velim
1992 1707 2072 1746 ev-

2172 1675 2357 1739 ἁπλῶς
2386 1693 2405 1728 ι
2447 1675 2686 1747 πνεῦμα,
2711 1697 2730 1728 ι
2762 1679 3101 1750 ὑπονοήσητε
3148 1674 3286 1733 εἶναι
3330 1680 3392 1733 τὸ
3417 1680 3646 1751 Πνεῦμα
3701 1682 3764 1735 τὸ

521 1773 650 1840 cipi,
681 1773 775 1840 qui
806 1789 931 1828 eum
981 1774 1244 1844 Spiritum
1296 1787 1543 1832 sanctum
1570 1778 1683 1848 jam
1733 1782 2072 1851 accepissent

2173 1769 2346 1837 ἆγιον;
2388 1767 2806 1841 Ἐξῃρήσθωσαν
2838 1771 2896 1824 δὲ
2941 1770 3037 1824 τοῦ
3061 1771 3237 1840 Λόγου
3276 1770 3372 1825 νῦν
3412 1771 3612 1837 οἵτινες
3658 1775 3762 1846 ήδη

520 1861 587 1915 tie
615 1861 808 1915 iisdem
861 1861 918 1916 lit
959 1874 1144 1931 postea
1183 1864 1379 1918 iterum
1435 1868 1662 1933 mentio,
1700 1868 1784 1922 vel
1826 1869 1918 1939 qui
1967 1885 2072 1924 eun

2171 1859 2444 1924 λαϐόντες.
2473 1860 2634 1914 πάλιν
2655 1861 3035 1932 ὀνομάζονται,
3084 1863 3178 1916 καὶ
3213 1864 3352 1928 ὅσοι,
3387 1866 3765 1937 προμαθόντες

519 1953 672 2021 prius
701 1954 829 2022 quid
862 1954 928 2008 de
962 1953 1169 2024 Spiritu
1213 1965 1406 2011 sancto
1457 1959 1788 2014 credendum
1835 1963 1906 2016 sit
1953 1961 2072 2017 didii

2173 1955 2304 2024 περὶ
2329 1955 2422 2007 τοῦ
2445 1955 2600 2022 ἁγίου
2635 1955 2975 2024 Πνεῦματος,
3014 1955 3240 2028 ὕστερον
3270 1956 3347 2022 ὡς
3375 1958 3432 2012 ἐν
3481 1958 3763 2032 ἐπαναλή-

519 2045 716 2103 eerint.
743 2045 938 2099 deinde
986 2045 1324 2115 repetitionis
1367 2055 1421 2100 et
1468 2050 1911 2106 commonitionis
1962 2067 2072 2122 ergt

2169 2045 2261 2115 ψει
2435 2047 2529 2100 καὶ
2568 2047 2904 2117 ὑπομνήσει,
2935 2047 3032 2099 καὶ
3061 2046 3226 2117 μόνον
3267 2047 3563 2119 λεγομένω
3612 2067 3631 2102 ι
3666 2049 3763 2103 τοῦ

518 2150 668 2190 mera
704 2151 838 2190 voce
873 2154 892 2187 I
929 2136 1157 2206 spiritus
1195 2155 1214 2188 ι
1245 2137 1478 2206 prolata,
1511 2140 1635 2208 quis
1675 2141 1766 2196 ille
1792 2142 2072 2214 intelligent

2171 2136 2502 2208 πνεύματος.
2526 2159 2544 2190 ι
2577 2139 2677 2192 οὐκ
2700 2137 2957 2206 ἀγνοοῦσι
3007 2137 3136 2210 περὶ
3161 2138 3306 2202 τίνος
3335 2138 3611 2192 ἀκούουσι·
3667 2141 3765 2192 καὶ

517 2227 622 2281 dus
651 2226 726 2281 sit
749 2242 855 2281 non
880 2229 1154 2298 ignorant,
1185 2231 1425 2284 maxime
1457 2232 1586 2300 quia
1639 2233 1718 2287 sic
1761 2235 1929 2290 etiam
1964 2252 2072 2291 cun

2174 2228 2430 2300 μάλιστα,
2456 2230 2538 2283 ὅτι
2596 2230 2692 2284 καὶ
2745 2228 2890 2284 οὕτω
2926 2229 3064 2298 μετὰ
3111 2228 3206 2282 τοῦ
3251 2229 3456 2300 ἄρθρου
3513 2228 3760 2298 λέγεται.

517 2319 748 2373 articulo
773 2320 1132 2389 exprimatur.
1171 2319 1417 2391 Denique
1449 2322 1568 2378 sine
1589 2325 1822 2382 articulo
1848 2328 1930 2382 vel
1952 2343 2072 2398 pra:

2170 2321 2280 2374 Καὶ
2334 2321 2470 2384 ὂλως
2515 2320 2644 2374 ἄνευ
2691 2319 2786 2373 τοῦ
2825 2320 3064 2393 ἄρθρου,
3130 2320 3162 2389 ἢ
3211 2320 3311 2391 τῆς
3356 2320 3762 2394 προειρημᾶνης

520 2413 667 2467 dicto
693 2413 1066 2469 additamento
1097 2432 1377 2486 nunquam
1413 2415 1677 2487 Spiritum
1719 2429 1968 2474 sanctum
2009 2421 2072 2476 si-

2169 2411 2508 2483 προσθήκης,
2532 2413 2632 2465 οὐκ
2663 2411 2728 2466 ἂν
2783 2413 2869 2480 εἴη
2917 2411 3312 2482 σημαινόμενον
3441 2412 3502 2464 τὸ
3532 2411 3764 2483 Πνεῦμα

517 2504 763 2572 gnilicari
798 2505 1138 2562 inveneritis.
1173 2505 1496 2578 llujusmodi
1529 2519 1660 2565 sunt
1694 2525 1757 2566 ea
1785 2526 1906 2580 quae
1948 2511 2072 2566 Pau-

2168 2502 2228 2554 τὸ
2250 2502 2423 2570 ἅγιον·
2456 2499 2546 2557 οἷά
2580 2505 2728 2557 ἐστιν
2754 2505 2790 2558 ἃ
2818 2505 3020 2576 γράφει
3052 2503 3262 2567 Παῦλος
3295 2505 3405 2568 τοῖς
3461 2503 3754 2568 Γαλάταις·

518 2597 602 2650 lus
624 2596 690 2649 ad
716 2595 937 2652 Galatas
979 2599 1170 2653 scribit
1202 2615 1217 2652 :
1253 2618 1272 2650 ι
1330 2599 1443 2655 Hoc
1491 2601 1668 2656 solum
1708 2619 1739 2657 a
1767 2603 1922 2658 vobis
1964 2604 2072 2659 volt

2174 2612 2192 2644 ι
2225 2594 2396 2648 Τοῦτο
2426 2595 2587 2665 μόνον
2617 2595 2757 2649 θέλω
2807 2595 2998 2666 μαθεῖν
3025 2597 3119 2666 ἀφ’
3147 2596 3324 2668 ὑμῶν,
3355 2595 3416 2662 ἐξ
3462 2595 3640 2668 ἔργων
3663 2598 3753 2652 νό-

515 2686 725 2740 discere
751 2702 764 2736 :
791 2687 867 2740 Ex
892 2687 1152 2756 operibus
1182 2689 1316 2759 legis
1368 2689 1633 2759 Spiritum
1688 2693 1994 2761 accepistis,
2020 2709 2072 2747 at

2171 2701 2273 2754 μου
2293 2686 2355 2738 τὸ
2384 2687 2606 2756 Πνεῦμα
2637 2687 2881 2753 ἐλάϐετε,
2916 2689 2948 2758 ἢ
2981 2688 3042 2755 ἐξ
3067 2689 3243 2760 ἀκοῆς
3274 2689 3509 2752 πίστεως
3528 2706 3576 2754 ς)
3595 2692 3756 2746 Ποῖον

513 2791 578 2830 ex
609 2778 796 2831 auditu
850 2778 970 2833 ﬁdei
1006 2780 1073 2832 ’?
1110 2799 1128 2831 ι
1164 2780 1336 2846 Quem
1383 2796 1514 2836 vero
1547 2782 1714 2837 alium
1745 2797 2072 2852 acceperant,

2165 2774 2222 2828 δὲ
2249 2770 2390 2846 ἦσαν
2412 2777 2667 2842 λαϐόντες
2697 2779 2730 2849 ἢ
2762 2780 2824 2832 τὸ
2845 2778 3070 2851 Πνεῦμα
3101 2779 3160 2832 τὸ
3200 2779 3377 2849 ἅγιον,
3400 2781 3461 2834 τὸ
3478 2780 3756 2850 διδόμενον

515 2884 677 2936 quam
712 2868 976 2937 Spiritum
1023 2881 1271 2926 sanctum
1297 2874 1390 2941 qui
1415 2873 1768 2929 credentibus
1801 2883 1855 2928 et
1887 2883 1981 2944 per
2005 2892 2072 2929 rei

2165 2869 2279 2931 τοῖς
2308 2869 2622 2923 πιστεύουσι
2643 2871 2737 2924 καὶ
2757 2871 3227 2942 ἀναγεννωμένοις
3253 2871 3342 2925 διὰ
3387 2870 3615 2944 λουτροῦ
3644 2889 3752 2926 πα-

513 2960 880 3028 gcnerationis
943 2961 1220 3016 lavacrum
1283 2965 1700 3020 renascentibus
1748 2966 1946 3020 datur?
2006 2967 2072 3022 Ac

2165 2957 2532 3028 λιγγενεσίας;
2559 2963 2668 3015 Καὶ
2699 2962 3150 3017 Θεσσαλονικεῦσι
3167 2964 3240 3018 δὲ
3262 2965 3490 3036 γράφων
3520 2982 3540 3000 ο
3634 2983 3656 3017 ι
3675 2966 3756 3018 Τὸ

517 3047 1046 3108 Thessalonicenses
1099 3065 1278 3108 autem
1340 3055 1533 3110 scribit
1565 3073 1581 3110 :
1619 3075 1640 3107 ‹
1681 3056 1943 3126 Spiritum
1989 3073 2072 3112 uo-

2163 3049 2388 3122 Πνεῦμα
2415 3051 2490 3123 μὴ
2519 3052 2793 3107 σϐέννυτεο
2810 3072 2828 3105 ι
2864 3053 3032 3108 εἰδόσι
3063 3056 3159 3108 καὶ
3185 3055 3371 3119 αὐτοῖς
3399 3057 3538 3127 ὅπερ
3558 3055 3755 3112 ἔλαϐον

511 3141 606 3194 lite
631 3142 977 3212 exstinguere
1015 3148 1056 3199 ⁸.
1103 3164 1120 3196 ι
1156 3143 1360 3214 Nempe
1400 3161 1521 3210 eos,
1553 3148 1648 3216 qui
1695 3147 1884 3216 utique
1923 3162 2086 3202 nove—

514 3242 636 3286 rant
665 3249 826 3303 quem
861 3247 1183 3306 acceperaut
1210 3236 1498 3308 Spiritum,
1531 3240 1878 3306 admonebat,
1910 3257 1978 3297 ne
2004 3257 2089 3296 ac-

509 3339 731 3380 censam
760 3326 814 3379 in
835 3327 970 3396 ipsis
997 3327 1237 3397 Spiritus
1265 3332 1492 3400 gratiam
1527 3348 1592 3386 ex
1630 3333 1956 3402 negligentia
1984 3348 2082 3386 ex-

510 3417 871 3486 stinguerent.
912 3418 1067 3485 Quod
1094 3421 1139 3475 si
1179 3423 1527 3492 evangelista:
1572 3424 1626 3476 in
1681 3422 1992 3494 liv-angellis
2017 3425 2087 3478 de

511 3505 796 3564 Salvatore
851 3510 1094 3564 humano
1154 3527 1326 3578 more,
1361 3524 1584 3583 propter
1647 3529 1864 3569 carnem
1918 3518 2084 3573 abeo

505 3612 846 3672 assumptam
902 3603 1017 3656 haec
1069 3604 1268 3657 habent
1309 3621 1322 3658 :
1361 3625 1380 3657 ι
1427 3604 1586 3662 Jesus
1641 3617 1822 3663 autem
1891 3610 2084 3678 plenus

507 3689 712 3760 Spiritu
763 3709 1047 3764 regressus
1083 3712 1111 3749 a
1155 3693 1392 3750 Iordane
1422 3695 1484 3761 ‘;
1522 3706 1650 3752 tet:
1687 3716 1706 3749 ι
1737 3697 1892 3755 Tunc
1922 3699 2083 3757 Iesus

503 3783 704 3838 ductus
733 3794 818 3838 est
857 3786 910 3837 in
945 3785 1222 3840 desertum
1258 3803 1288 3839 ει
1326 3785 1530 3857 Spiritu
1591 3790 1655 3855 ’ς
1699 3809 1718 3841 ι
1762 3791 1903 3846 idem
1939 3809 2080 3862 quo-

501 3889 608 3943 que
636 3890 831 3929 sensus
858 3875 948 3930 hic
974 3876 1349 3932 observandas
1397 3889 1499 3935 est.
1542 3879 1830 3951 Siquidem
1867 3885 2017 3953 prius
2049 3901 2079 3940 a

500 3964 648 4020 Luca
707 3966 914 4021 dictum
973 3967 1192 4023 fuerat:
1232 3988 1252 4021 t
1300 3969 1526 4026 Factum
1585 3982 1669 4027 est
1711 3983 1892 4028 autem
1955 3991 2077 4031 cum

499 4055 871 4125 baptizaretur
928 4059 1110 4112 omnis
1168 4060 1426 4130 populus,
1451 4069 1506 4116 et
1556 4061 1684 4118 Jesu
1733 4065 2007 4134 haptizato
2028 4078 2080 4121 ct

497 4153 710 4210 orante,
745 4154 991 4216 apertum
1038 4143 1129 4214 est.
1181 4152 1380 4206 emlum
1412 4169 1423 4202 :
1454 4161 1509 4208 et
1536 4155 1814 4211 descendit
1841 4156 2078 4227 Spiritus

499 4247 724 4292 sanctus
745 4239 1018 4307 corporali
1044 4239 1225 4309 specie
1245 4242 1388 4296 sicut
1409 4245 1663 4300 columba
1693 4247 1746 4300 in
1773 4247 1951 4316 ipsum
1993 4253 2036 4304 ⁸.
2051 4267 2070 4300 ι

486 4324 755 4390 Quocirca
791 4334 939 4396 patet
998 4327 1177 4398 ipsum
1213 4328 1477 4400 Spiritum
1525 4344 1799 4406 sanetum,
1834 4335 2073 4408 Spiritus

487 4415 756 4469 vocabulo
795 4415 907 4470 illic
940 4417 1262 4488 signiﬁcari.
1303 4419 1571 4478 Similiter
1614 4427 1756 4496 apud
1813 4442 1958 4498 quos
1991 4440 2076 4485 est

490 4505 730 4575 Spiritus
776 4517 1021 4571 sanctus,
1064 4509 1190 4565 licet
1241 4512 1360 4566 sine
1419 4514 1788 4573 additamento
1839 4518 2073 4588 Spiritus

492 4606 701 4652 tantum
719 4599 935 4654 dicatur
948 4642 963 4667 ,
981 4617 1090 4656 non
1105 4601 1463 4660 dubitandum
1490 4616 1668 4663 tamen
1683 4619 1770 4664 est
1789 4613 1918 4679 quin
1942 4611 2071 4682 Spi-

485 4693 621 4746 ritus
649 4701 874 4747 sanctus
905 4692 1215 4761 denotetur,
1244 4701 1545 4766 praesertim
1559 4700 1602 4756 si
1623 4701 1766 4756 adsit
1781 4703 2062 4758 articulus.

562 4777 672 4834 Vos
723 4789 907 4836 autem
938 4781 1212 4836 ostendite
1236 4783 1386 4850 quod
1438 4785 1594 4838 vobis
1643 4785 2057 4852 proposuimus,

487 4872 532 4926 si
550 4887 746 4941 nempe
778 4871 984 4928 alicubi
1017 4872 1068 4926 in
1091 4873 1366 4942 Scriptura
1394 4874 1577 4929 divina
1619 4874 1884 4944 Spiritum
1904 4888 2060 4927 -san-

487 4973 638 5018 ctnm
699 4965 990 5022 invenistis
1032 4966 1408 5020 tantummodo
1467 4965 1727 5034 Spiritum
1791 4967 2053 5035 appellari

489 5055 612 5109 sine
675 5055 939 5125 prndicto
969 5055 1348 5111 additamento
1374 5065 1429 5110 et
1489 5055 1874 5111 observatione
1895 5056 2056 5126 cujus

486 5149 862 5204 meminimus.
887 5148 945 5203 1d
965 5155 1114 5204 certe
1135 5164 1416 5219 nunquam
1443 5159 1706 5220 praestare
1729 5153 2014 5220 potueritis
2037 5171 2052 5220 ;

487 5237 757 5307 siquidem
778 5253 1054 5310 nunquam
1079 5240 1154 5295 ita
1170 5243 1433 5311 scriptum
1449 5241 1607 5298 vobis
1628 5253 1898 5299 occurret.
1921 5242 2054 5298 Nam

483 5337 538 5382 et
573 5329 745 5398 ipsius
773 5343 1001 5400 quoque
1020 5330 1263 5386 hominis
1283 5333 1512 5400 spiritus
1543 5332 1767 5398 dicitur,
1793 5333 1874 5388 uti
1904 5335 2054 5389 canit

489 5420 652 5473 David
683 5437 698 5486 ;
742 5439 761 5470 ι
813 5418 982 5476 Nocte
1009 5436 1133 5476 eum
1168 5422 1338 5476 corde
1355 5436 1478 5476 meo
1522 5423 1846 5490 meditabar,
1879 5433 1934 5478 et
1961 5425 2059 5479 tri-

484 5511 584 5562 stis
619 5521 738 5564 erat
761 5513 990 5580 spiritus
1021 5529 1180 5569 mens
1215 5514 1257 5568 ⁷.
1287 5533 1306 5565 ι

560 5684 580 5764 ξ
616 5683 772 5764 Ιρειιι.
808 5694 1015 5764 κινηϐ.
1096 5698 1115 5728 ⁹
1141 5695 1316 5750 Galat.
1349 5711 1430 5758 ιιι,
1462 5695 1516 5751 2.
1593 5697 1658 5750 ⁸1
1695 5695 1888 5754 Thess.
1928 5713 1981 5764 ν,
2012 5697 2095 5751 i9.

485 5750 508 5784 ⁹
542 5751 687 5808 Psal.
712 5750 972 5819 turn-7.

2165 3141 2370 3212 ἔλεγεν,
2412 3145 2500 3198 ἵνα
2532 3145 2609 3216 μὴ
2631 3145 2898 3198 σδέσωσιν
2930 3145 2992 3211 ἐξ
3037 3146 3296 3217 ἀμελείας
3323 3147 3424 3218 τὴν
3466 3149 3525 3201 ὲν
3568 3149 3754 3210 αὐτοῖς

2165 3234 2500 3304 ἀναφθεῖσαν
2531 3236 2626 3289 τοῦ
2657 3235 2971 3307 Πνεύματος
2991 3236 3172 3308 χάριν.
3211 3238 3299 3291 Ἐν
3328 3237 3386 3292 δὲ
3433 3242 3547 3302 τοῖς
3575 3240 3754 3308 Εὐαγ-

2163 3322 2364 3390 γελίοις
2393 3325 2520 3394 περὶ
2546 3324 2638 3377 τοῦ
2659 3326 2910 3396 Σωτῆρος
2926 3325 3287 3398 ἀνθρωπίνως
3325 3326 3414 3380 διὰ
3439 3327 3538 3398 τὴν
3573 3328 3754 3399 σάρκα

2163 3413 2230 3484 ἢν
2263 3415 2620 3485 προσέλαϐεν,
2683 3416 2779 3469 ἐὰν
2831 3416 3062 3484 λέγωσιν
3117 3417 3168 3470 oi
3333 3415 3711 3485 εὐαγγελισταὶ
3735 3456 3752 3477 .

2168 3523 2186 3556 ι
2221 3506 2428 3576 Ἰησοῦς
2456 3507 2534 3567 δὲ,
2565 3507 2780 3581 πλήρης
2810 3508 2886 3578 (6)
2923 3508 3240 3579 umnam
3271 3506 3369 3574 ὢν,
3409 3509 3754 3579 ὑπέστρεψεν

2163 3597 2271 3651 ἀπὸ
2299 3597 2391 3651 τοῦ
2430 3598 2750 3670 Ἰορδάνην»
2785 3599 2880 3652 καὶ
2903 3598 2987 3662 τὸ,
3029 3617 3049 3651 ι
3075 3599 3210 3652 Τότε
3241 3602 3272 3653 ό
3309 3597 3516 3670 Ἰησοῦς
3539 3599 3752 3670 ἀνήχθη

2162 3689 2270 3742 ὑπὸ
2294 3688 2388 3742 τοῦ
2422 3689 2738 3761 Πνεύματος
2765 3693 2846 3754 εἰς
2882 3691 2983 3762 τὴν
3012 3689 3240 3762 ἔρημον
3275 3709 3294 3741 ι
3325 3690 3421 3744 τὸν
3441 3690 3608 3746 αὐτὸν
3637 3690 3752 3760 ἔχει

2162 3779 2304 3834 νοῦν.
2340 3781 2640 3852 Προείρητο
2668 3781 2776 3854 γὰρ
2807 3781 2914 3835 ὑπὸ
2935 3781 3028 3835 τοῦ
3060 3783 3309 3835 Λουκᾶ·‹
3347 3781 3663 3850 Ἐγένετοδὲ
3691 3784 3751 3835 ὲν

2160 3872 2237 3940 τῷ
2257 3872 2617 3944 βαπτισθῆναι
2635 3873 2964 3944 ἃπανταὶτὸν
2984 3872 3134 3936 λαὸν,
3153 3874 3248 3927 καὶ
3264 3873 3439 3944 Ἰησοῦ
3459 3873 3750 3942 βαπτισθέ-

2160 3981 2302 4030 ντος,
2319 3965 2412 4017 καὶ
2451 3964 2913 4035 προσευχομένου,
2931 3964 3236 4035 ἅνεωθῆναι
3380 3963 3474 4018 τὸν
3501 3964 3750 4035 οὐρανὸν,

2161 4057 2254 4111 καὶ
2280 4056 2579 4124 καταϐῆναι
2605 4057 2668 4109 τὸ
2700 4055 2924 4127 Πνεῦμα
2961 4057 3022 4109 τὸ
3055 4056 3211 4124 ἅγιον
3260 4055 3560 4126 σωματικῷ
3593 4055 3748 4120 εῖδει,

2160 4148 2293 4201 ὡσεὶ
2425 4147 2779 4218 περιστερὰν,
2800 4151 2886 4201 ἐπ’
2913 4149 3094 4201 αὐτόν.
3132 4167 3150 4200 ι
3180 4148 3289 4200 Καὶ
3321 4145 3481 4216 δῆλον
3515 4141 3606 4217 ἦν,
3642 4147 3749 4212 ὅτι,

2160 4239 2456 4310 λεγομένου
2502 4236 2598 4291 τοῦ
2645 4237 2982 4309 Πνεῦματος,
3023 4239 3084 4292 τὸ
3117 4236 3341 4307 Πνεῦμα
3386 4237 3446 4292 τὸ
3481 4237 3638 4304 ἅγιον
3675 4232 3750 4308 ἦν

2163 4331 2583 4402 σημαινόμενον.
2621 4329 2778 4384 Οὕτω
2819 4331 2916 4400 μὲν
2934 4326 3025 4384 οὖν
3049 4332 3179 4400 παρ’
3210 4323 3292 4392 οἷς
3323 4329 3444 4382 ἐστι
3476 4329 3538 4382 τὸ
3569 4328 3743 4382 Πνεῦ-

2166 4436 2244 4492 μα
2278 4420 2339 4474 τὸ
2383 4421 2537 4488 ἅγιον
2578 4421 2683 4475 κᾶν
2719 4421 2878 4490 μόνον
2932 4420 2992 4474 τὺ
3035 4419 3260 4490 Πνεῦμα
3298 4419 3527 4490 λέγηται
3572 4419 3743 4490 χωρὶς

2160 4510 2262 4582 τῆς
2287 4513 2373 4564 ἐπ’
2405 4511 2556 4583 αὐτῷ
2585 4512 2903 4584 προσθήκης
2943 4547 2959 4574 ,
3061 4512 3164 4565 οὑκ
3199 4511 3522 4581 ἀμφίὸολον,
3564 4511 3645 4564 ὅτι
3681 4509 3745 4564 τὸ

2160 4603 2385 4675 Πνεῦμα
2404 4605 2466 4658 τὸ
2493 4606 2651 4674 ἅγιον
2673 4607 3014 4676 σημαίνεται,
3040 4604 3162 4676 ἔχον
3181 4603 3417 4675 μάλιστα
3446 4603 3743 4674 τὸᾰρθρον.

2231 4786 2402 4856 Υμεϊς
2427 4787 2484 4840 δὲ
2535 4788 2727 4843 εἴπατε
2789 4791 2850 4845 τὸ
2913 4795 3190 4864 προταθδν
3259 4795 3413 4866 ῠμῒν,
3467 4796 3520 4852 ει
3574 4797 3742 4869 εὑρή-

2159 4879 2294 4933 κατέ
2349 4897 2453 4933 που
2505 4879 2606 4948 τῆς
2635 4881 2783 4946 θείας
2836 4883 3063 4954 Γραφῆς
3101 4886 3166 4940 τὸ
3216 4886 3445 4957 Πνεῦμα
3470 4889 3533 4942 τὸ
3580 4889 3741 4956 ἅγιον

2157 4970 2450 5039 λεγόμενον
2481 4971 2670 5034 ἁπλῶς
2703 4973 2949 5043 Πνεῦμα,
2992 4977 3164 5046 χωρὶς
3189 4979 3291 5047 τῆς
3327 4980 3738 5049 προειρημένης

2156 5062 2248 5115 ἐπ’
2273 5062 2426 5130 αὐτῷ
2458 5064 2805 5134 προσθήκης,
2857 5071 2952 5120 καὶ
2985 5067 3125 5139 πλὴν
3157 5070 3255 5138 τῆς
3303 5072 3738 5141 παρατηρήσεως

2155 5147 2222 5223 ἦς
2255 5169 2319 5220 γε
2344 5155 2858 5226 ἐμνημονεύσαμεν.
2887 5157 3139 5212 Ἀλλ⁹οὐκ
3173 5157 3244 5213 ὃν
3273 5160 3501 5214 εἴποιτε·
3525 5160 3588 5212 οὑ
3626 5160 3736 5227 γὰρ

2157 5245 2421 5314 εὑρήσετε
2445 5249 2853 5317 γεγραμμένον.
2893 5249 3125 5318 Λέγεται
3152 5252 3259 5321 γὰρ
3293 5253 3390 5305 καὶ
3443 5250 3736 5319 ἀνθρώπου

2164 5338 2398 5407 πνεῦμα,
2456 5339 2531 5402 ὡς
2555 5340 2750 5409 ψάλλει
2779 5342 2968 5396 Δαϐίδο
2999 5360 3021 5395 ι
3048 5341 3262 5405 Νυκτὸς
3303 5343 3444 5405 μετὰ
3479 5341 3584 5410 τῆς
3601 5357 3736 5410 καρ-

2159 5432 2278 5493 δίας
2322 5449 2424 5501 μου
2456 5432 2805 5502 ὴδολέσχουν,
2830 5435 2924 5486 καὶ
2948 5433 3182 5504 ἤσχαλλε
3233 5434 3294 5488 τὺ
3325 5431 3543 5503 πνεῦμά
3561 5448 3686 5502 μου.
3711 5448 3734 5484 ι

2171 5695 2193 5730 ⁸
2224 5695 2357 5754 Luc.
2393 5712 2468 5762 ιν,
2495 5697 2546 5751 l.
2623 5700 2645 5732 ³
2674 5697 2864 5754 Matth.
2917 5713 2994 5765 tv,
3034 5698 3087 5755 1.
3163 5695 3338 5752 “Luc.
3379 5709 3465 5763 ιιι,
3503 5693 3592 5762 2|,
3644 5691 3738 5748 2'2.
