4086 6214
422 307 531 371 693

576 523 1022 593 Ἐντυγχάνοντες
1039 522 1099 575 δὲ
1118 523 1211 576 καὶ
1232 524 1388 592 ὑμεῖς
1408 525 1527 586 ταῖς
1547 523 1728 590 ἁγίαις
1744 523 1854 593 (58)
1873 524 2005 594 Γρα-

418 619 579 684 φαῐς,
630 616 899 685 εὑρήσετε
944 612 1233 682 λεγόμενον
1286 613 1502 682 πνεῦμα
1534 614 1627 666 καὶ
1658 613 1748 666 τὴν
1800 615 1858 664 ὲν
1908 615 2006 667 αὐ-

417 710 532 771 τοῖς
559 710 672 770 τοῖς
704 705 870 772 Θείοις
915 704 1094 771 λόγοις
1121 704 1275 770 νοῦν,
1305 704 1605 774 γράφοντος
1639 703 1733 756 τοῦ
1763 704 2001 758 Παύλου·

424 819 441 850 ι
460 801 557 862 Ὃς
719 799 816 850 καὶ
853 797 1114 850 ἱκάνωσεν
1149 797 1296 866 ἡμᾶς
1331 796 1609 860 διακόνους
1646 795 1855 866 Καινῆς
1880 797 2004 850 Δια-

418 892 616 961 θήκης,
640 890 700 942 σύ
720 890 1064 961 γράμματος,
1085 887 1222 942 ἀλλὰ
1246 885 1575 958 πνεύματος.
1603 886 1676 939 Τὸ
1695 887 1804 957 γὰρ
1829 888 2005 958 γράμ-

421 1001 500 1055 μα
529 982 840 1036 ἀποκτείνει
859 1020 874 1046 ,
899 980 962 1036 τὸ
987 981 1044 1033 δὲ
1063 980 1287 1051 πνεῦμα
1315 980 1589 1045 ζωοποιεῖ.
1615 998 1635 1031 ι
1674 980 1747 1031 Τὸ
1773 980 1869 1049 μὲν
1895 979 2002 1047 γὰρ

419 1071 584 1142 ῥητὸν
626 1069 920 1140 γράμματι
968 1069 1336 1139 κεχάρακται·
1380 1068 1413 1120 6
1441 1067 1499 1120 δὲ
1537 1067 1662 1130 νοῦς
1691 1069 1721 1120 6
1763 1069 1822 1122 ὲν
1851 1067 2002 1140 αὐτῷ

419 1160 638 1231 πνεῦμα
665 1160 903 1227 λέγεται.
965 1159 1156 1223 υῦτως
1183 1160 1278 1214 καὶ
1335 1178 1354 1211 ι
1390 1161 1419 1212 6
1447 1158 1609 1229 νόμος
1636 1160 2002 1230 πνευματικός

419 1257 588 1316 ἐστιν,
622 1272 642 1304 ι
673 1253 739 1305 ἵν’
768 1251 846 1314 ὡς
875 1251 1038 1305 πάλιν
1064 1252 1254 1322 εἴρηκε
1293 1285 1310 1313 ,
1462 1251 1536 1322 μὴ
1569 1250 1906 1321 δουλεύωμεν
1939 1253 1998 1306 ὲν
2032 1267 2034 1270 '

419 1344 740 1414 παλαιότητι
764 1343 1112 1413 γράμματος,
1142 1343 1256 1395 ἀλλ’
1289 1343 1347 1396 ὲν
1368 1342 1644 1412 καινότητι
1667 1342 1996 1413 πνεύματος.

420 1436 530 1489 Καὶ
555 1435 718 1498 αὐτὸς
749 1435 850 1505 ,μὲν
877 1433 1210 1504 εὐχαριστῶν
1243 1431 1428 1501 ἔλεγεν
1448 1449 1462 1462 ·
1498 1451 1517 1484 ι
1545 1433 1688 1503 ’Δρα
1720 1429 1812 1488 οὖν
1835 1433 2000 1496 αὐτὸς

419 1525 532 1594 ἐγὼ
555 1525 636 1596 τῷ
667 1527 766 1597 μὲν
789 1524 876 1579 νοῒ
893 1524 1132 1580 δουλεύω
1154 1525 1305 1595 νόμῳ
1331 1522 1466 1578 Θεοῦ
1482 1564 1498 1590 ,
1532 1526 1598 1594 τῇ
1626 1524 1684 1576 δὲ
1709 1525 1872 1595 σαρκὶ
1906 1524 1996 1577 νό-

423 1636 509 1691 μῳ
536 1618 812 1689 ἁμαρτίας
831 1633 846 1648 ν
878 1616 1030 1671 οὐδὲν
1057 1615 1151 1669 νῦν
1178 1615 1288 1687 ἄρα
1456 1613 1775 1686 κατάκριμα
1801 1616 1913 1678 τοῖς
1939 1617 1999 1669 ὲν

420 1709 643 1782 Χριστῷ
671 1706 866 1778 Ἰησοῦ.
900 1708 957 1760 Ὁ
979 1706 1088 1778 γὰρ
1107 1706 1271 1776 νόμος
1289 1705 1384 1759 τοῦ
1406 1705 1713 1775 πνεύματος
1731 1706 1832 1776 τῆς
1852 1706 1998 1776 ζωῆς

419 1773 485 1849 ξεί
513 1773 745 1866 Χρίστιξί
777 1793 950 1865 Ἰησοῦ
983 1773 1324 1863 ἠλευθέρωσε
1351 1811 1419 1864 με
1456 1773 1562 1846 ἀπὸ
1586 1793 1680 1846 τοῦ
1703 1773 1869 1864 νόμου
1898 1773 1998 1866 τῆς
2030 1773 2070 1828 Β

421 1887 727 1957 ἁμαρτίαςο
763 1904 784 1937 ι
829 1887 858 1938 6
889 1885 947 1939 δὲ
985 1885 1282 1949 Φίλιππος,
1330 1884 1420 1938 τὸν
1467 1885 1728 1956 εὐνοῦχον
1763 1887 1872 1939 ἀπὸ
1901 1886 1996 1939 τοῦ

423 1978 750 2048 γράμματος
795 1978 877 2039 είς
907 1974 967 2029 τὸ
999 1975 1216 2050 πνεῦμα
1248 1974 1414 2029 θέλων
1449 1977 1832 2046 ἐπιστρέφειν,
1884 1977 1998 2030 ἕλεα

422 2085 550 2138 γεν·
589 2087 608 2121 ι
644 2064 792 2139 *Αρά
818 2084 883 2135 γε
912 2067 1200 2136 γινώσκεις
1238 2067 1275 2122 ἃ.
1305 2067 1731 2136 άναγινώσκεις;
1765 2087 1783 2121 ι
1819 2069 1995 2122 τοιοῦ-

421 2178 514 2214 τον
542 2159 789 2232 ἐσχηκὼς
824 2162 1182 2230 μαρτυρεῖται
1228 2160 1322 2214 καὶ
1371 2162 1400 2214 ὀ
1447 2160 1627 2214 Χάλεϐ
1795 2163 1853 2214 ὲν
1884 2164 1999 2225 τοῖς

436 2252 731 2324 ’Δριομοίς,
757 2251 851 2305 τοῦ
871 2250 1006 2306 Θεοῦ
1034 2251 1278 2320 λέγοντος
1302 2268 1317 2283 ο
1359 2271 1378 2304 ι
1417 2253 1477 2305 Ὀ
1503 2252 1560 2305 δὲ
1592 2255 1721 2317 παῖς
1753 2270 1854 2324 μου
1882 2254 1997 2307 Χά-

422 2345 539 2409 λεϐ,
559 2345 642 2398 ὅτι
674 2343 904 2415 ἐγενήθη
932 2338 1118 2415 ἕτερον
1143 2343 1357 2414 πνεῦμα
1383 2344 1442 2396 ἐν
1466 2342 1614 2413 αὐτῷ
1631 2382 1647 2407 ,
1674 2345 1770 2396 και)⁸
1797 2345 2000 2415 ἐπηκο-

422 2437 652 2506 λούθησε
682 2451 773 2506 μοι
792 2453 806 2466 ·
837 2436 1036 2504 εἰσάξω
1066 2436 1227 2490 αὑτὸν
1259 2436 1339 2499 είς
1357 2435 1460 2506 τὴν
1491 2435 1594 2505 γῆν
1621 2437 1700 2499 εἰς
1721 2437 1788 2506 ἡν
1817 2436 1998 2506 εἰσῆλ-

424 2528 518 2581 θεν
545 2529 681 2582 ἐκεῖ.
843 2544 876 2582 ,ο
910 2525 1078 2596 ’Δλλῃ
1105 2525 1215 2595 γὰρ
1241 2524 1451 2596 διανοίᾳ
1478 2525 1628 2596 παρὰ
1652 2525 1751 2595 τὴν
1775 2524 1999 2578 ἐκείνων

423 2619 586 2681 αὐτὸς
618 2619 854 2690 λαλήσας
871 2656 886 2681 .
913 2618 1206 2690 εὐάρεστος
1228 2617 1308 2687 τῷ
1334 2615 1452 2683 Θεῷ
1481 2617 1693 2686 γέγονε.
1729 2616 1999 2686 Τοιαύτην

425 2710 570 2781 ἔχειν
597 2708 930 2780 προέτρεψεν
957 2711 986 2762 6
1015 2709 1151 2772 Θεὸς
1175 2709 1266 2762 τὸν
1295 2709 1422 2763 λαὸν
1453 2707 1679 2778 καρδίαν
1707 2706 1796 2760 διὰ
1837 2707 1998 2771 Ἰεζε-

424 2799 552 2869 κιὴλ
580 2797 782 2866 λέγων’
821 2816 839 2849 ι
871 2799 1136 2868 Ποιήσατε
1164 2789 1376 2858 ὁαυτοὶς
1420 2797 1647 2866 καρδίαν
1688 2793 1880 2858 καινὴν
1913 2790 2009 2842 καὶ

429 2893 648 2963 πνεῦμα
693 2891 900 2948 καινόν.
931 2909 952 2942 ι
1019 2891 1237 2944 Τούτων
1265 2887 1446 2942 τοίνυν
1478 2883 1648 2946 οὕτως
1674 2882 1872 2946 ὄντων,
1916 2878 2011 2935 καὶ

430 2984 693 3054 τοσαύτης
721 2984 983 3054 διαφορᾶς
1001 2983 1136 3054 περὶ
1157 2981 1266 3037 τῶν
1291 2977 1616 3048 πνευμάτων
1633 2974 1814 3028 δεικνυ
1822 2971 2008 3044 μένης,

431 3074 673 3144 βελτίους
706 3073 771 3130 ἂν
795 3068 894 3143 ἦτε
930 3111 948 3135 ,

431 3165 758 3229 ἀκούοντες,
795 3165 922 3235 περὶ
946 3164 1065 3228 ἑνὸς
1107 3163 1213 3216 τῶν
1250 3158 1662 3233 προειρημένων
1711 3154 2009 3225 ἐφρονεῖτε,

432 3253 546 3312 οἷον
575 3253 644 3328 ἦν
679 3255 808 3326 περὶ
846 3248 908 3308 οῦ
935 3259 991 3310 ὲν
1039 3255 1238 3324 Ἡσαΐᾳ
1263 3252 1604 3323 γέγραπται·
1648 3265 1666 3300 ι
1696 3243 2014 3314 Συνεφώνη-

429 3365 525 3403 σευ
557 3347 736 3419 Ἀρὰμ
759 3348 894 3418 πρὸς
916 3348 1008 3400 τὸν
1043 3345 1309 3417 Ἐφραῒμ,
1343 3343 1439 3396 καὶ
1462 3341 1652 3411 ἐξέστη
1672 3341 1712 3410 νὴ
1739 3336 1888 3408 ψυχὴ
1917 3335 2014 3393 αὐ-

426 3441 522 3494 τοῦ
547 3484 561 3507 ,
597 3441 694 3494 καὶ
723 3443 756 3510 ἡ
785 3441 930 3512 ψυχὴ
957 3439 1052 3493 τοῦ
1082 3439 1212 3492 λαοῦ
1247 3438 1416 3493 αὐτοῦ
1439 3476 1454 3501 ,
1493 3436 1552 3490 ὃν
1575 3434 1777 3506 τρόπον
1954 3433 2014 3484 ὲν

427 3533 620 3604 δρυμῷ
647 3534 802 3601 ξύλον
830 3533 936 3586 ύπδ
967 3532 1274 3603 πνεύματος
1305 3529 1561 3599 σαλευθῇ.
1596 3545 1615 3578 ι
1675 3523 1929 3578 Τοιοῦτον
1955 3523 2014 3576 δὲ

424 3620 496 3694 ἦν
525 3626 621 3677 καὶ
646 3667 660 3688 ,
694 3643 714 3676 ι
753 3626 818 3678 Ὃ
838 3624 1089 3694 ἐξήγειρε
1117 3621 1320 3694 Κύριος
1338 3618 1558 3690 πνεῦμα
1582 3616 1674 3670 ἐπὶ
1695 3616 1794 3686 τὴν
1813 3613 2014 3668 Θάλασ-

431 3731 532 3768 σαν
575 3735 596 3767 ι
629 3717 718 3770 διὰ
747 3716 838 3772 τὸν
885 3717 1089 3772 Ἰωνᾶν.
1125 3711 1432 3768 ’Δκολουθεῖ
1455 3711 1564 3780 γὰρ
1593 3711 1659 3779 τῇ
1693 3707 1888 3778 βροντῇ
1918 3704 2014 3757 καὶ

427 3805 500 3858 τὰ
522 3805 634 3861 τῶν
655 3806 871 3876 ἀνέμων
897 3805 1183 3876 πνεύματα
1199 3845 1214 3870 ,
1239 3804 1318 3867 ὼς
1349 3802 1444 3855 ἐπὶ
1465 3799 1558 3854 τοῦ
1593 3797 1750 3852 ὑετοῦ

428 3899 573 3952 κατὰ
600 3899 696 3951 τὸν
727 3899 949 3968 Ἀχαὰ6,
971 3899 1048 3961 ὡς
1075 3897 1389 3967 γέγραπται
1411 3910 1425 3924 ο
1459 3910 1480 3944 ε
1510 3892 1620 3945 Καὶ
1651 3889 1866 3956 ἐγένετο
1885 3881 2009 3951 ὧδε,

1919 3792 2016 3846 τοῦ

1355 300 1735 362 ΡΑΝΟΡΙᾸΑ
1774 301 2326 364 DOGMATICA.-—
2359 301 2512 363 TI'I‘.
2557 302 2700 364 XII.

615 416 866 488 Λέγεται
896 415 966 484 δὲ
1001 416 1103 470 καὶ
1157 415 1392 485 ἀνέμων
1437 417 1774 486 πνεύματα.
2021 437 2064 490 Α

3570 307 3674 366 694

2404 418 2610 472 Dicitur
2642 429 2802 472 etram
2834 425 3108 472 ventorum
3137 417 3374 486 spiritus.

2275 524 2416 592 Quin
2437 525 2601 580 etiam
2630 527 2676 579 si
2703 524 2857 580 vobis
2883 533 3100 579 sanctas
3133 521 3365 576 Litteras
3396 520 3572 589 legere
3593 521 3677 575 Iu-

2106 618 2248 681 beat,
2280 617 2456 685 ipsum
2487 617 2798 669 divinorqu
2821 615 3112 669 verborum
3155 629 3398 678 sensum,
3423 614 3674 683 spiritum

2103 725 2320 779 quoque
2354 709 2614 778 appellari
2667 709 2968 777 reperietis.
3019 706 3108 760 Sic
3140 707 3284 760 enim
3313 706 3514 760 Paulus
3541 707 3678 761 scri-

2103 802 2181 855 bit
2209 819 2222 855 :
2256 820 2274 850 ι
2299 800 2401 866 Qui
2420 809 2472 854 et
2497 800 2720 854 idoneos
2741 815 2839 854 nos
2869 797 2996 853 fecit
3024 798 3305 852 ministros
3331 796 3465 851 Novi
3487 796 3678 851 Testa-

2103 890 2292 957 menti,
2326 905 2432 944 non
2469 891 2678 955 litterae,
2711 891 2803 945 sed
2833 889 3089 959 spiritus..
3110 888 3316 943 Littera
3349 889 3495 943 enim
3531 889 3678 943 oeci-

2101 983 2202 1048 dit,
2228 983 2452 1052 spiritus
2475 991 2656 1036 autem
2684 981 2920 1036 viviﬁcat
2970 989 3011 1037 ι,
3065 998 3083 1032 ι
3119 979 3393 1049 Siquidem
3426 974 3627 1034 dictum
3658 1019 3674 1045 ,

2102 1076 2276 1131 littera
2309 1085 2592 1130 exaratum
2627 1084 2711 1130 cst
2739 1093 2751 1128 :
2805 1088 3001 1128 sensus
3028 1089 3158 1126 vero
3200 1087 3360 1140 quem
3394 1073 3672 1134 continet,

2102 1169 2324 1238 spiritus
2348 1167 2567 1223 dicitur.
2601 1168 2679 1222 Ita
2707 1175 2762 1222 et
2795 1185 2815 1218 ι
2862 1167 2947 1221 lex
2987 1165 3288 1234 spiritualis
3319 1175 3403 1217 est
3442 1170 3490 1227 ³,
3529 1182 3549 1215 ι
3593 1173 3672 1225 ιιι,

2101 1259 2562 1327 quemadmodum
2593 1259 2738 1313 idem
2767 1258 2925 1322 dixit,
2956 1273 3062 1311 non
3107 1257 3409 1310 serviamus
3431 1257 3487 1308 in
3522 1264 3675 1309 vetu-

2102 1357 2240 1404 state
2265 1350 2476 1415 Iitterze,
2503 1351 2598 1405 sed
2637 1351 2689 1404 in
2730 1351 2968 1404 novitate
3003 1349 3246 1417 spiritus.
3284 1347 3428 1402 Idem
3460 1362 3679 1416 quoque

2100 1441 2300 1508 gratias
2328 1455 2496 1510 agens
2526 1442 2741 1496 dicebat
2781 1443 2802 1474 ³
2829 1458 2842 1492 :
2883 1460 2900 1492 ι
2931 1440 3097 1509 Igitur
3117 1456 3217 1510 ego
3236 1441 3350 1509 ipse
3369 1451 3546 1494 mente
3564 1455 3680 1494 ser-

2104 1533 2191 1586 vio
2218 1532 2319 1603 legi
2351 1532 2440 1587 Dei
2473 1553 2487 1588 :
2525 1549 2689 1589 carne
2722 1546 2924 1598 autem,
2951 1534 3052 1602 legi
3103 1533 3331 1601 peccati.
3367 1531 3515 1584 Nihil
3548 1546 3678 1599 ergo

2101 1637 2246 1676 nunc
2273 1625 2638 1679 damnationis
2661 1634 2743 1678 est
2771 1626 2838 1677 iis
2867 1624 2961 1692 qui
2993 1633 3122 1676 sunt
3170 1624 3222 1676 in
3265 1623 3484 1676 Christo
3526 1618 3674 1674 Iesu.

2099 1711 2212 1767 Lex
2232 1713 2375 1768 enim
2405 1715 2630 1783 spiritus
2670 1716 2792 1769 vitae
2828 1716 2880 1768 in
2917 1713 3136 1769 Christo
3159 1714 3285 1768 Jesu
3311 1713 3561 1767 liberavit
3589 1699 3680 1766 me

2101 1817 2131 1855 a
2163 1804 2276 1872 lege
2294 1804 2503 1872 peccati
2561 1807 2600 1858 ⁸.
2632 1823 2651 1856 ι
2689 1803 2972 1873 Philippus
2991 1804 3152 1858 etiam
3180 1802 3493 1857 eunuchum
3529 1817 3559 1855 a
3594 1801 3678 1854 lit-

2102 1903 2217 1949 tera
2250 1895 2317 1950 ad
2351 1894 2602 1964 spiritum
2628 1903 2946 1950 convertere
2981 1895 3167 1949 volens
3200 1895 3379 1948 aiebat
3407 1910 3420 1948 :
3460 1911 3478 1944 ι
3517 1892 3677 1947 Intel-

2101 1985 2224 2055 ligis
2263 2001 2386 2054 quae
2432 1987 2566 2057 legis
2615 1987 2680 2041 ’ἲ
2729 2005 2748 2038 ι
2787 1985 2972 2039 Talem
3016 2001 3236 2054 quoque
3286 1985 3535 2054 spiritum
3575 1983 3676 2037 Ca.

2101 2074 2187 2128 ιρι)
2246 2073 2505 2131 habuisse
2575 2092 2643 2131 ex
2691 2075 2948 2130 Numeris
2979 2085 3231 2139 constat,
3275 2073 3385 2130 Deo
3415 2075 3675 2129 dicente:

2107 2177 2126 2213 ι
2165 2161 2368 2219 Servus
2399 2179 2554 2220 meus
2582 2164 2765 2228 Caleb,
2800 2165 2926 2234 quia
2966 2165 3144 2219 factus
3166 2173 3250 2219 est
3279 2164 3420 2218 alius
3452 2164 3675 2234 spiritus

2101 2253 2154 2306 in
2180 2269 2246 2308 eo
2266 2295 2280 2319 ,
2319 2264 2374 2309 et
2398 2265 2618 2310 secutus
2643 2264 2727 2309 est
2755 2270 2861 2318 me,
2889 2255 3140 2310 inducam
3182 2255 3359 2322 ipsum
3388 2254 3440 2306 in
3471 2239 3675 2307 terram

2101 2343 2156 2397 in
2191 2359 2354 2414 quam
2391 2345 2504 2400 illic
2537 2346 2817 2416 ingressus
2862 2356 2944 2402 est
3016 2344 3060 2399 ⁸.
3117 2365 3138 2398 ι
3184 2345 3386 2415 Nempe
3419 2346 3547 2414 quia
3587 2344 3678 2398 ille

2101 2436 2206 2488 alia
2255 2436 2324 2490 ab
2369 2436 2478 2490 Illis
2514 2446 2694 2491 mente
2726 2438 2942 2492 locutus
2967 2436 3071 2503 sit,
3103 2435 3213 2490 Deo
3242 2436 3346 2490 fuit
3396 2444 3671 2503 acceptus.

2101 2526 2231 2581 Tale
2260 2527 2386 2581 item
2421 2542 2516 2582 cor
2539 2529 2798 2597 populum
2834 2528 3032 2583 habere
3062 2529 3230 2598 jussit
3258 2527 3398 2583 Deus
3427 2542 3521 2596 per
3545 2523 3677 2579 Eze-

2101 2619 2369 2673 chielem:
2415 2637 2434 2669 ι
2472 2617 2656 2674 Facite
2896 2619 3052 2674 vobis
3087 2634 3183 2673 cor
3211 2633 3414 2673 novum
3437 2629 3492 2671 et
3517 2615 3676 2685 spiri-

2103 2719 2214 2763 tum
2239 2725 2436 2763 novum
2496 2706 2534 2762 ⁷.
2577 2728 2596 2761 ›
2631 2709 2766 2775 Qua:
2806 2726 2930 2764 cum
2967 2711 3037 2764 ita
3067 2711 3194 2772 sint,
3227 2718 3280 2764 et
3311 2717 3460 2762 tanta
3489 2709 3586 2768 sit,
3619 2713 3679 2758 ut

2112 2795 2468 2860 ostendimus,
2494 2795 2783 2867 spirituum
2829 2798 3159 2863 diﬂerentia,
3186 2800 3396 2868 aequius
3433 2799 3679 2869 proiecto

2111 2887 2364 2958 ageretis,
2394 2888 2462 2950 si,
2485 2888 2578 2942 ubi
2603 2889 2672 2944 de
2701 2898 2884 2944 creato
2915 2889 3109 2958 spiritu
3155 2891 3360 2944 mentio
3393 2890 3534 2944 facta
3565 2889 3683 2945 fue-

2110 2980 2202 3046 rit,
2236 2977 2289 3033 id
2319 2979 2386 3032 de
2411 2979 2592 3048 aliqua
2632 2980 3021 3047 przedicwrum
3075 2981 3370 3050 spirituum
3410 2981 3681 3052 intellige-

1104 3073 1175 3138 εί,
1203 3071 1334 3142 περὶ
1363 3064 1680 3136 κτιζομένου
1702 3061 2007 3131 πνεύματος

2109 3065 2261 3120 retis.
2315 3064 2638 3135 Huiusmodi
2663 3067 2750 3120 ille
2775 3076 2859 3122 est
2883 3067 2950 3122 de
2983 3083 3094 3136 quo
3133 3069 3276 3137 apud
3317 3068 3510 3124 Isaiam
3549 3071 3683 3140 legi-

2113 3164 2203 3210 tur
2235 3171 2248 3207 :
2293 3173 2311 3206 ι
2344 3155 2639 3210 Consensit
2660 3157 2824 3210 Aram
2853 3173 2977 3210 cum
3017 3156 3299 3227 Ephraim,
3323 3168 3377 3213 et
3402 3160 3682 3228 obstupuit

2108 3244 2295 3313 anima,
2316 3246 2457 3316 ejus,
2481 3255 2537 3300 et
2571 3248 2755 3301 anima
2801 3249 2989 3318 populi
3038 3249 3179 3318 ejus,
3215 3251 3682 3319 quemadmodum

2107 3337 2162 3393 in
2187 3338 2323 3394 silva
2358 3338 2526 3393 arbor
2559 3353 2589 3393 ιι
2617 3339 2812 3408 spiritu
2857 3343 3172 3398 concutitur
3215 3349 3259 3398 ο.
3291 3361 3311 3396 ι
3357 3344 3503 3399 Idem
3552 3344 3681 3399 item

2107 3430 2193 3486 lris
2221 3430 2407 3485 verbis
2440 3429 2715 3486 indicatur
2748 3450 2761 3485 :
2806 3450 2824 3482 ι
2857 3431 3127 3488 Excitavit
3148 3433 3412 3490 Dominus
3428 3436 3679 3504 spiritum

2105 3519 2160 3576 in
2194 3536 2346 3577 mare
2382 3528 2429 3586 ',
2465 3540 2484 3573 ι
2513 3531 2732 3590 propter
2759 3519 2978 3576 Jonam.
3009 3523 3240 3578 Tonitru
3288 3526 3557 3594 siquidem
3597 3540 3684 3579 se-

2101 3621 2349 3682 quuntur
2407 3612 2639 3681 spiritus
2673 3623 2980 3680 ventorum,
3021 3616 3096 3669 uti
3140 3615 3368 3685 contigit
3402 3617 3456 3669 in
3497 3616 3680 3684 pluvia

2103 3715 2225 3770 qua
2277 3709 2470 3755 contra
2506 3701 2698 3756 Achab
2761 3703 2982 3769 cecidit,
3026 3704 3490 3774 quemadmodum
3541 3705 3679 3763 scri-

2103 3801 2256 3862 ptum
2281 3801 2366 3848 est
2400 3809 2414 3847 :
2449 3809 2470 3844 ι
2506 3790 2574 3846 Ει
2600 3792 2777 3848 factus
2805 3803 2889 3848 est
2922 3809 3097 3863 usque
3128 3796 3234 3850 huc
3260 3804 3316 3850 et
3345 3810 3521 3865 usque
3542 3797 3672 3864 huc,

2101 3891 2157 3938 et
2174 3884 2296 3940 caeli
2324 3884 2598 3940 obscurati
2624 3894 2760 3940 sunt
2779 3885 3018 3942 nubibus
3043 3896 3097 3942 et
3127 3887 3322 3956 spiritu
3347 3889 3408 3942 “.
3435 3907 3453 3940 ι

434 3991 530 4044 καὶ
551 3988 656 4051 ἕως
675 3981 798 4052 ὧδε,
822 3987 916 4040 καὶ
947 3990 976 4040 6
1000 3987 1224 4056 οὐρανὸς
1255 3981 1616 4037 ωνεσκότασε
1653 3979 1907 4050 νεφέλαις
1927 3980 2024 4032 καὶ
2053 3983 2347 4052 πνεύματι.
2382 3999 2400 4032 ι

597 4083 736 4143 Ἀλλ’
762 4084 1002 4155 ἐπείπερ
1028 4080 1290 4154 Χριστοῦ,
1323 4081 1457 4152 φησὶ
1495 4117 1512 4142 ,
1685 4073 2012 4147 μνημονεύει

425 4174 490 4226 τὸ
515 4173 732 4242 Λόγιον,
756 4173 1067 4236 ἀκολούθως
1087 4173 1182 4226 καὶ
1211 4169 1273 4225 τδ
1304 4169 1594 4240 λεγόμενον
1615 4165 1834 4236 πνεῦμα
1857 4164 2011 4218 οὐδὲν

422 4267 613 4337 ἕτερον
643 4266 675 4336 ἢ
701 4265 764 4318 τὸ
795 4264 1022 4335 Πνεῦμα
1047 4264 1110 4318 τδ
1139 4263 1292 4331 ᾰγιον
1325 4260 1430 4332 χρὴ
1464 4261 1628 4313 νοεῖν.
1795 4250 1931 4310 Εἶτα
1951 4254 2011 4308 τὸ

429 4352 528 4421 μὲν
679 4350 1136 4422 συνονομάζεσθαι
1147 4349 1226 4422 τῷ
1239 4347 1456 4420 Χριστῷ
1469 4347 1531 4400 τὸ
1543 4345 1768 4416 Πνεῦμα
1780 4345 1842 4398 τὸ
1858 4345 2014 4413 ἅγιον

2279 4081 2476 4137 Verum
2504 4081 2630 4150 quia
2650 4080 2878 4146 Christi,
2916 4080 3192 4150 inquiunt,
3243 4078 3492 4134 meminit
3519 4077 3678 4133 Scri-

2109 4179 2290 4240 ptura,
2373 4170 2500 4225 hinc
2520 4170 2579 4224 Iit
2609 4178 2669 4224 ut
2699 4170 2925 4238 spiritus
2954 4170 3022 4224 de
3049 4184 3159 4238 quo
3199 4169 3286 4224 hic
3318 4177 3400 4223 est
3427 4167 3681 4237 quaestio,

2111 4265 2294 4320 nullus
2319 4264 2460 4319 alius
2492 4263 2876 4332 intelligendus
2909 4263 2986 4317 sit
3018 4271 3214 4332 prater
3258 4263 3522 4332 Spiritum
3555 4276 3686 4316 san-

2110 4365 2282 4410 ctum.
2331 4355 2481 4409 Itane
2528 4371 2660 4425 ergo
2699 4355 2960 4425 Spiritum
3011 4365 3264 4410 sanctum
3310 4371 3416 4408 una
3463 4355 3684 4425 quidem

390 4519 392 4521 γ
425 4442 771 4515 ὲθεωρήσατε
791 4460 805 4474 ·
830 4445 894 4496 τὺ
920 4444 977 4496 δὲ
1025 4443 1252 4513 διαιρεῖν
1277 4441 1408 4494 αὐτὸ
1432 4442 1498 4510 τῇ
1525 4438 1684 4508 φύσει
1701 4478 1716 4502 ,
1749 4439 1845 4492 καὶ
1878 4439 2007 4491 ἀπο-

2111 4463 2234 4503 cum
2267 4447 2489 4501 Christo
2518 4448 2792 4500 nominari
2825 4448 3134 4501 attendistis
3154 4448 3177 4500 ?
3201 4457 3258 4499 at
3285 4447 3506 4499 ubinam
3533 4446 3684 4500 illum

427 4536 656 4603 ξενίζειν
683 4537 795 4590 ἀπὸ
821 4535 916 4590 τοῦ
941 4536 1094 4597 Υἱοῦ,
1116 4535 1218 4588 ποῦ
1246 4534 1633 4604 κατενοήσατε,
1665 4531 1749 4584 ὅτι
1773 4529 1865 4583 τὸν
1913 4528 2014 4600 μὲν

424 4628 661 4698 Χριστὸν
689 4628 876 4696 λέγετε
912 4627 986 4698 μὴ
1033 4623 1172 4680 εἶναι
1212 4624 1448 4694 κτίσμα,
1494 4622 1557 4675 τὸ
1596 4622 1655 4675 δὲ
1853 4619 2008 4688 ἅγιον

426 4717 654 4788 Πνεῦμα
688 4717 898 4787 κτίσμα
929 4717 1151 4784 λέγετε;
1179 4715 1291 4770 Καὶ
1314 4713 1515 4769 ἄτοπόν
1541 4715 1658 4766 ἐστι
1691 4709 1760 4765 τὰ
1783 4711 2012 4782 ἀνόμοια

425 4812 493 4880 τῇ
521 4810 682 4878 φύσει
719 4808 1132 4879 συνονομάζειν,
1185 4805 1280 4860 καὶ
1325 4803 1688 4870 συνδοξάζειν.
1736 4803 1874 4858 Ποία
1902 4803 2012 4874 γὰρ

428 4901 703 4964 κοινωνία,
738 4899 773 4970 ἢ
810 4900 940 4954 ποία
963 4899 1218 4970 ὁμοιότης
1240 4897 1316 4969 τῷ
1337 4897 1595 4967 κτίσματι
1625 4896 1761 4963 πρὸς
1779 4895 1873 4949 τὸν
1897 4894 2013 4948 κτι-

430 5007 593 5062 στην;
646 4991 803 5045 Ἐπεὶ
836 4991 956 5063 ὥρα
979 4992 1124 5062 ὑμᾶς
1145 4991 1240 5044 καὶ⁴
1263 4989 1341 5060 τῷ
1369 4989 1485 5060 Υἱῷ
1518 4989 1868 5060 συναριθμεῖν
1918 4987 2014 5042 καὶ

429 5082 725 5136 συνάπτειν
757 5084 830 5142 τὰ
877 5084 944 5137 δι’
979 5081 1145 5136 αὑτοῦ
1178 5080 1446 5152 γενόμενα
1489 5080 1782 5150 κτίσματα.
1814 5081 2012 5150 Ἤρκει

430 5173 532 5243 μὲν
555 5169 650 5226 οὖν
840 5174 970 5245 περὶ
1001 5171 1306 5242 πνεύματος
1356 5170 1573 5241 ἀνέμων
1623 5172 1762 5223 νοεῖν
1813 5169 1874 5222 τὸ
1915 5185 2010 5237 γε-

426 5265 772 5337 γραμμένον,
803 5264 995 5339 ὥσπερ
1019 5267 1261 5337 εἴρηται·
1301 5262 1487 5333 ἐπειδὴ
1522 5263 1578 5315 δὲ
1611 5260 2011 5333 προφασίζεσθε

425 5373 528 5426 την
548 5359 606 5410 ὲν
627 5357 706 5428 τῷ
737 5356 885 5430 ῥητῷ
908 5359 1037 5429 περὶ
1065 5356 1158 5410 τοῦ
1186 5354 1421 5426 Χριστοῦ
1459 5355 1696 5424 μνήμην,
1718 5353 2012 5421 ἀναγκαῖον

433 5448 563 5502 ἰδεῖν
583 5449 828 5520 ἀκριδῶς
857 5451 918 5502 τὸ
940 5448 1248 5519 λεγόμενον,
1289 5445 1364 5517 μὴ
1389 5445 1496 5523 ἄρα
1514 5444 1608 5498 καὶ
1637 5444 1764 5515 περὶ
1799 5443 1893 5496 τοῦ
1922 5443 2012 5496 λε-

2110 4545 2358 4592 naturaa
2387 4537 2526 4592 Filio
2575 4538 2747 4592 dividi
2805 4548 2858 4593 et
2906 4538 3145 4607 separari
3198 4537 3562 4601 intellexistis,
3589 4537 3687 4605 qui

2110 4627 2390 4683 Christum
2428 4629 2646 4698 quidem
2683 4645 2794 4684 rem
2829 4643 3066 4683 creatam
3113 4643 3218 4681 non
3254 4641 3398 4689 esse,
3431 4627 3525 4682 sed
3559 4626 3682 4694 Spi-

2110 4721 2275 4774 ritum
2307 4728 2555 4774 sanctum
2611 4731 2724 4773 rem
2778 4729 3013 4774 creatam
3065 4734 3189 4773 esse
3232 4718 3442 4772 audetis
3469 4715 3688 4771 dicere?

2113 4811 2433 4867 Absurdum
2489 4827 2623 4866 sane
2684 4810 2845 4864 fuerit
2883 4827 2947 4864 ea
2981 4825 3102 4880 quae
3156 4820 3348 4863 natura
3399 4806 3688 4863 dissimilia

2111 4911 2240 4958 sunt
2265 4903 2430 4957 simul
2475 4901 2760 4957 nominare
2812 4902 3114 4969 eademque
3165 4899 3335 4968 gloria
3387 4899 3684 4952 celebrare.

2111 4994 2244 5060 Quae
2277 4994 2423 5047 enim
2447 4991 2762 5046 communio
2793 4991 2875 5044 vel
2902 5005 3025 5060 qua:
3051 4988 3355 5044 similitudo
3383 4988 3462 5041 rei
3489 4995 3688 5041 creatae

2111 5099 2234 5140 cum
2270 5083 2569 5137 Creatore?
2595 5081 2846 5136 Profecto
2879 5083 2923 5135 si
2957 5081 3027 5134 ita
3063 5088 3166 5142 est,
3218 5078 3355 5132 nihil
3407 5078 3554 5132 aliud
3587 5091 3686 5132 su-

2111 5182 2296 5245 perest
2319 5189 2484 5242 quam
2513 5182 2571 5226 ut
2601 5171 2738 5226 Filio
2782 5187 2870 5226 res
2900 5186 3039 5241 quas
3090 5170 3206 5239 ipse
3263 5168 3467 5224 creavit
3511 5182 3687 5221 annu-

2112 5267 2338 5320 meretis
2390 5275 2444 5318 et
2497 5263 2865 5333 coniungatis.
2900 5263 3090 5332 Itaque
3146 5262 3280 5316 satis
3313 5260 3536 5330 quidem
3565 5274 3690 5314 esse

2113 5358 2400 5411 videbatur
2429 5358 2576 5425 quod
2629 5356 2771 5425 apud
2823 5356 3140 5424 prophetam
3189 5353 3452 5422 scriptum
3495 5360 3581 5407 est
3618 5351 3687 5405 de

2111 5450 2306 5518 spiritu
2343 5461 2651 5512 ventorum,
2691 5460 2750 5503 ut
2782 5450 2894 5517 jam
2946 5448 3150 5500 dictum
3205 5455 3309 5510 est,
3364 5444 3682 5514 intelligere.

486 5722 504 5754 ¹
544 5717 717 5777 lCur.
761 5739 846 5783 ιιι,
887 5723 940 5776 6.
1017 5723 1038 5753 ²
1077 5721 1235 5774 Rom.
1261 5733 1356 5782 vn,
1406 5716 1494 5773 ιι.
1568 5717 1590 5750 ³
1620 5715 1751 5771 ibid.
1791 5718 1844 5770 6.
1920 5718 1942 5747 ⁸
1976 5715 2007 5768 il

2105 5715 2240 5781 .93;
2289 5731 2405 5771 vni.
2440 5716 2493 5776 l.
2529 5717 2581 5770 9..
2662 5717 2682 5748 ⁸
2707 5717 2827 5772 Act.
2862 5729 2976 5778 vm,
3013 5714 3104 5770 '50.
3182 5715 3203 5746 ⁸
3239 5712 3404 5769 Num.
3435 5727 3550 5778 xrv,
3591 5710 3684 5766 24.

424 5791 445 5823 ⁷
478 5794 650 5850 Esca.
684 5810 831 5856 mn,
861 5794 948 5848 51.
1031 5793 1051 5823 '
1096 5793 1204 5849 Isa.
1240 5805 1335 5856 vu,
1361 5788 1417 5844 2.
1496 5790 1516 5819 θ
1546 5785 1669 5842 .Ion.
1709 5803 1746 5854 I,
1790 5789 1841 5840 4.
1925 5787 1966 5817 ¹⁰
2001 5791 2007 5840 l

2113 5785 2244 5853 Reg.
2285 5802 2436 5851 χχιιι,
2481 5789 2570 5842 45.

3749 5547 3775 5584 \.
