4030 6222
469 274 577 339 695

1721 280 2101 340 EUTHYMII
2139 278 2501 341 ZIGABENI

3616 279 3720 343 696

472 414 670 471 Verum
713 414 1152 486 quandoquidem
1195 411 1392 467 factam
1445 409 1643 466 ibidem
1698 409 1765 465 de
1822 409 2038 465 Christo

2138 415 2368 485 γομένου
2409 410 2691 478 κτίζεσθαι
2739 408 3054 482 πνεύματος
3082 407 3420 481 οἰκειοτέραν
3471 408 3718 481 εὕρωμεν

469 507 803 561 mentionem
835 507 1098 576 objicitis,
1137 514 1391 559 accurate
1433 518 1520 557 res
1549 512 1633 557 est
1667 502 1827 557 nobis
1862 503 2035 572 expli-

468 598 669 664 canda,
702 598 747 652 si
796 596 935 650 forte
977 598 1105 665 quid
1163 595 1357 649 melius
1405 594 1470 648 de
1520 595 1625 649 isto
1667 596 1884 664 spiritu,
1940 595 2035 666 qui

469 687 647 740 creari
688 685 910 748 dicitur,
941 684 1228 738 ostendere
1260 683 1555 752 possimus.
1589 684 1728 750 Quid
1748 695 1833 739 est
1874 686 2041 755 igitur

468 776 795 829 annuntiare
838 774 977 827 inter
1024 774 1276 829 homines
1310 775 1588 829 Christum
1641 776 1763 844 ejus
1803 780 1843 842 ⁸,
1875 794 2040 847 quam

468 866 645 933 ipsum
675 863 945 917 hominem
976 863 1113 925 ﬁeri,
1152 864 1400 932 idemque
1435 880 1557 919 esse
1581 880 1643 919 ac
1673 865 1832 920 illud:
1861 885 1878 917 ι
1904 866 2042 923 Ecce

468 956 622 1023 virgo
658 955 711 1007 in
747 964 901 1009 utero
943 955 1185 1021 habebit,
1228 963 1281 1009 et
1335 956 1510 1024 pariet
1563 956 1835 1023 lilium,et
1878 974 2042 1013 voca-

471 1046 606 1099 bunt
631 1059 827 1099 nomen
854 1045 973 1113 ejus
1006 1046 1324 1105 Emmanuel
1376 1048 1421 1112 ¹,
1444 1065 1462 1097 ι
1487 1055 1540 1100 et
1569 1048 1673 1100 alia
1695 1062 1811 1116 qua!
1834 1049 1901 1103 de
1922 1048 2041 1117 ejus

470 1136 703 1189 adventu
737 1135 938 1204 scripta
967 1137 1125 1190 sunt?
1156 1135 1292 1189 Cum
1326 1136 1491 1205 igitur
1534 1152 1599 1189 eo
1633 1137 1736 1192 loci
1775 1138 1937 1192 Verbi
1984 1139 2037 1191 in

470 1242 690 1281 carnem
714 1226 977 1281 adventus
1011 1228 1382 1293 annuntietur,
1412 1228 1624 1297 qualem
1650 1238 1887 1282 creatum
1924 1231 2039 1298 spi-

472 1316 635 1369 ritum
670 1317 968 1387 intelligere
1002 1317 1283 1381 debemus,
1313 1326 1507 1385 praeter
1557 1317 1836 1371 hominum
1870 1319 2039 1385 spirir

473 1406 701 1473 tumqui
737 1407 971 1459 efﬁcitur
1000 1415 1053 1457 et
1073 1415 1384 1469 renovatur,
1406 1406 1864 1473 quemadmodum
1901 1405 2041 1462 Deus

472 1516 567 1569 per
594 1499 931 1554 Ezechielem
976 1502 1252 1571 pollicitus
1286 1510 1391 1567 est,
1444 1500 1633 1555 dicens
1674 1516 1687 1552 :
1722 1517 1741 1550 ι
1789 1497 1856 1551 Et
1905 1497 2047 1550 dabo

472 1591 629 1655 vobis
658 1606 754 1645 cor
805 1607 1042 1657 novum,
1071 1600 1126 1645 et
1158 1592 1409 1660 spiritum
1435 1606 1637 1645 novum
1673 1590 1814 1643 dabo
1848 1587 2000 1642 vobis
2028 1601 2043 1639 :

2136 511 2236 579 τὴν
2268 508 2525 562 διάνοιαν.
2563 507 2629 559 Τί
2652 505 2831 559 τοίνυν
2857 506 2976 559 ἐστὶ
3000 504 3061 557 τὸ
3094 503 3463 572 ἀπαγγέλλειν
3507 505 3587 566 είς
3629 506 3721 557 ἁν-

2139 595 2388 669 θρώπους
2410 596 2502 649 τὸν
2534 595 2769 664 Χριστὸν
2801 592 2990 658 αὐτοῦ,
3016 592 3051 665 ἢ
3082 592 3146 646 τὸ
3177 590 3423 662 γίνεσθαι
3455 590 3617 645 αὐτὸν
3636 592 3722 645 ἀν-

2140 689 2379 758 θρωπον,
2415 686 2511 740 καὶ⁸
2542 686 2655 738 ἴσον
2680 680 2817 738 εἶναι
2844 684 3004 738 τοῦτο
3021 684 3102 755 τῷ
3282 683 3448 753 φάναι
3465 696 3480 712 ’
3505 680 3545 734 ἰ
3589 683 3720 737 Ἰδοὺ

2144 776 2178 845 ή
2213 773 2478 844 παρθένος
2520 774 2578 824 ἐν
2609 772 2809 843 γαστρὶ
2853 772 3000 837 ἕξει,
3036 772 3132 827 καὶ
3166 771 3381 837 τέξεται
3425 772 3541 825 υἱόν
3564 787 3579 801 ⁶
3628 773 3722 827 καὶ

2145 866 2434 919 καλέσουσι
2457 865 2518 917 τὸ
2542 865 2711 937 ὄνομα
2730 863 2895 917 αὑτοῦ
2926 864 3274 935 Ἐμμανουήλ
3291 881 3306 896 ο
3320 883 3339 917 ι
3360 864 3456 917 καὶ
3476 863 3546 917 τὰ
3565 864 3719 928 ἀλλα,

2144 960 2243 1013 ὅσα
2278 960 2407 1031 περὶ
2445 958 2543 1029 τῆς
2587 957 2882 1029 ἐπιδημίας
2923 957 3090 1012 αὑτοῦ
3119 958 3459 1028 γέγραπται;
3518 956 3619 1026 τῆς
3659 957 3722 1011 δι

2143 1048 2407 1121 ἐνσάρκου
2431 1046 2731 1118 παρουσίας
2756 1046 3241 1118 ἀπαγγελλομένης
3258 1045 3500 1117 περὶτοῦ
3521 1047 3717 1115 Λόγου,

2144 1144 2296 1193 ποῖον
2326 1140 2432 1212 χρὴ
2476 1138 2695 1210 πνεῦμα
2732 1138 3052 1210 κτιζόμενον
3086 1142 3256 1202 νοεῖν,
3287 1140 3337 1192 εί
3382 1139 3459 1210 μὴ
3663 1137 3723 1190 τὸ

2145 1230 2566 1301 ἀνακτιζόμενον
2612 1229 2719 1283 τῶν
2756 1228 3061 1301 ἀνθρώπων
3107 1230 3204 1283 καὶ
3241 1230 3723 1301 ἀνακαινιζόμενον

2140 1320 2359 1390 πνεῦμα
2382 1336 2395 1384 ;
2431 1319 2601 1373 Τοῦτο
2629 1320 2738 1392 γὰρ
2764 1322 2859 1373 καὶ
2878 1321 2969 1373 διὰ
3008 1320 3267 1392 Ἰεζεκιὴλ
3304 1323 3665 1391 ἐπεγγείλατο
3690 1324 3721 1375 6

2141 1411 2273 1474 Θεὸς
2306 1411 2509 1479 λέγων·
2553 1430 2571 1461 ι
2615 1412 2726 1464 Καὶ
2763 1411 2919 1463 δώσω
2950 1413 3077 1481 ύμῖν
3120 1413 3347 1483 καρδίαν
3376 1414 3591 1485 καινὴν,
3628 1413 3724 1467 καὶ

2144 1507 2366 1579 πνεῦμα
2390 1508 2573 1564 καινὸν
2599 1508 2755 1563 δώσω
2776 1510 2944 1581 ’ύμῖν-
2974 1507 3071 1562 ttat
3110 1507 3296 1578 ἀφιλῶ
3346 1506 3446 1577 τὴν
3490 1507 3723 1578 καρδίαν

2142 1600 2242 1670 τὴν
2267 1600 2472 1671 λιθίνην
2491 1602 2555 1654 ἐκ
2580 1601 2679 1671 τῆς
2710 1600 2909 1672 σαρκὸς
2934 1600 3093 1671 ὑμῶν
3108 1618 3121 1631 ·
3138 1601 3233 1654 καὶ
3248 1598 3406 1654 δώσω
3429 1601 3561 1671 ύμῖν
3581 1619 3721 1673 καρ-

471 1690 524 1733 ct
549 1677 793 1733 auferam
831 1695 926 1733 cor
962 1681 1233 1749 lapideum
1278 1682 1345 1734 de
1395 1697 1563 1735 carne
1597 1688 1797 1743 vestra,
1825 1688 1880 1733 et
1903 1677 2038 1733 dabo

2142 1690 2258 1745 δίαν
2292 1693 2555 1764 σαρκίνην
2577 1709 2590 1723 ⁸
2620 1694 2713 1746 καὶ
2744 1692 2807 1747 τὸ
2833 1692 3058 1762 Πνεῦμά
3086 1709 3187 1762 μου
3221 1690 3379 1745 δώσω
3418 1694 3478 1744 ἐν
3504 1693 3653 1762 ύμῖν,
3694 1711 3714 1745 ι

471 1770 626 1824 vobis
656 1785 751 1824 cor
808 1786 1093 1836 corneum,
1144 1782 1200 1827 et
1248 1772 1515 1840 Spiritum
1562 1787 1742 1825 meum
1797 1771 1939 1825 dabo
1989 1770 2038 1823 in

2143 1784 2280 1837 Πότε
2296 1755 2542 1856 δὴντοῦτο

470 1862 626 1915 vobis
675 1864 716 1914 ⁸.
765 1880 789 1913 ι
819 1861 1050 1926 Quando
1084 1877 1215 1932 ergo
1243 1863 1292 1915 id
1333 1862 1610 1930 impletum
1642 1870 1745 1927 est,
1770 1860 1872 1916 nisi
1921 1875 2044 1914 cum

469 1952 688 2007 advenit
718 1951 1004 2017 Dominus,
1030 1962 1085 2008 et
1133 1969 1232 2009 sua
1281 1955 1454 2025 gratia
1490 1954 1675 2008 omnia
1734 1954 2047 2008 renovavit?

468 2043 645 2099 Porro
673 2045 777 2100 hoc
805 2046 967 2101 etiam
994 2047 1045 2100 in
1070 2047 1189 2101 loco
1213 2046 1501 2116 spirituum
1526 2046 1829 2101 diﬁ‘crentia
1858 2054 2044 2101 osten-

466 2136 637 2190 ditur.
680 2134 815 2191 Nam
845 2136 1070 2206 spiritus
1111 2146 1318 2203 noster,
1370 2139 1418 2193 is
1457 2145 1542 2193 est
1582 2138 1676 2207 qui
1709 2145 2041 2191 renovatur:

466 2227 558 2282 sed
594 2227 858 2297 Spiritum
912 2238 1187 2293 sanctum,
1221 2243 1329 2283 non
1379 2228 1701 2298 simpliciter
1758 2227 2036 2297 spiritum,

465 2319 559 2372 sed
585 2334 745 2373 suum
776 2334 901 2375 esse
947 2318 1209 2389 Spiritum
1235 2318 1385 2375 Deus
1425 2320 1688 2386 declarat,
1713 2319 1766 2372 in
1800 2332 1910 2388 quo
1938 2318 2047 2373 sci-

464 2410 593 2463 licet
617 2410 846 2479 spiritus
876 2422 1060 2467 noster
1082 2419 1399 2477 renovatur,
1418 2411 1495 2466 uti
1510 2412 1803 2466 Psalmista
1834 2410 2044 2480 psalmo

463 2502 767 2556 centesimo
802 2502 963 2556 tertio
1013 2502 1320 2558 luculenter
1359 2502 1558 2557 docet:
1590 2522 1609 2554 ι
1651 2501 1881 2557 Auferes
1933 2500 2046 2570 spi—

462 2592 630 2645 ritum
665 2607 851 2647 eorum
882 2602 937 2648 et
960 2593 1234 2658 deficient,
1272 2601 1331 2648 et
1355 2594 1410 2647 in
1440 2594 1713 2663 pulverem
1757 2608 1917 2647 suum
1954 2606 2043 2645 re-

461 2691 764 2736 vertentur.
808 2681 1042 2738 Etnittes
1096 2683 1362 2755 Spiritum
1413 2692 1565 2738 tuum
1594 2691 1649 2737 et
1687 2682 2039 2744 creabuntur,

459 2784 512 2827 ct
551 2774 843 2829 reuovabis
895 2774 1087 2829 faciem
1130 2786 1288 2829 terrae
1323 2776 1403 2830 ⁸.»
1440 2772 1594 2840 Quod
1641 2773 1688 2829 si
1734 2774 1786 2827 in
1835 2770 2039 2842 Spiritu

460 2865 556 2919 Dei
590 2881 917 2945 renovamur
948 2886 960 2920 :
996 2882 1103 2920 non
1140 2880 1272 2935 ergo
1326 2862 1564 2935 Spiritus
1606 2872 1832 2919 sanctus
1874 2864 1919 2917 is
1956 2871 2042 2917 est

458 2956 551 3023 qui
583 2957 755 3033 creari
786 2957 1007 3018 dicitur,
1036 2958 1128 3011 sed
1166 2966 1354 3011 noster
1385 2956 1630 3025 spiritus.
1652 2956 1709 3007 Si
1909 2953 2038 3007 item

457 3045 587 3112 quia
613 3045 799 3099 omnia
837 3060 934 3115 per
984 3044 1217 3099 Verbum
1250 3044 1391 3098 facta
1445 3055 1595 3108 sunt,
1632 3053 1778 3099 recte
1825 3044 2038 3099 sentitis

2138 3050 2222 3103 διὰ
2245 3052 2305 3104 τὸ
2330 3052 2506 3105 πάντα
2534 3054 2785 3122 γενέσθαι

457 3135 655 3189 Filium
720 3150 831 3189 non
894 3151 1017 3191 esse
1083 3151 1197 3190 rem
1249 3146 1488 3191 creatam
1523 3150 1633 3189 :an
1688 3149 1797 3188 non
1853 3135 2039 3191 itidem

455 3227 689 3295 impium
729 3234 813 3281 est
864 3242 962 3281 vos
1022 3227 1286 3297 Spiritum
1343 3234 1620 3289 sanctum,
1648 3224 1704 3278 in
1738 3239 1846 3294 quo
1876 3224 2040 3281 Pater

455 3332 554 3386 per
586 3316 824 3373 Verbum
860 3318 1043 3373 omnia
1081 3318 1294 3388 perﬁcit
1342 3328 1396 3373 et
1428 3325 1677 3384 renovat,
1706 3318 2038 3375 contendere

455 3426 571 3466 rem
603 3426 727 3467 esse
760 3410 1047 3467 creatam?
1078 3411 1135 3465 Si
1169 3411 1335 3481 igitur
1369 3410 1515 3482 quod
1558 3408 1880 3480 simpliciter
1905 3411 2038 3466 scri-

456 3514 608 3572 ptum
642 3503 713 3557 sit
772 3502 1026 3573 spiritum
1076 3503 1277 3568 creari,
1314 3502 1467 3556 illum
1525 3502 1731 3557 idcirco
1773 3499 2035 3570 Spiritum

456 3602 707 3649 sanctum
737 3608 860 3650 esse
884 3595 988 3649 sibi
1009 3595 1143 3663 ipsis
1175 3593 1380 3648 ﬁnxere
1402 3594 1542 3663 :jam
1572 3608 1896 3663 persuasum
1928 3592 2035 3646 illis

456 3687 778 3754 essedebet,
805 3702 914 3742 non
971 3686 1235 3757 Spiritum
1286 3695 1534 3741 sanctum
1581 3686 1733 3740 illum
1769 3699 1894 3741 esse
1940 3683 2034 3754 qui

456 3786 689 3845 creatur,
710 3779 802 3833 sed
832 3788 1081 3833 nostrum
1105 3793 1228 3834 esse
1258 3773 1352 3848 qui
1387 3777 1440 3831 in
1469 3792 1535 3832 eo
1558 3786 1893 3844 renovatur;
1924 3791 2035 3847 qua

455 3870 518 3923 de
544 3886 602 3924 re
623 3878 677 3924 et
717 3872 833 3938 ipsc
869 3869 1039 3926 David
1097 3870 1201 3926 hoc
1244 3870 1409 3924 modo
1434 3868 1781 3938 precabatur
1812 3886 1826 3922 :
1866 3884 1887 3921 t
1922 3868 2037 3923 Cor

465 3960 728 4015 mundum
763 3974 885 4015 crea
920 3959 974 4014 in
1002 3974 1109 4023 me,
1141 3958 1304 4023 Deus,
1337 3968 1392 4014 et
1418 3959 1671 4029 spiritum
1705 3970 1913 4014 rectum
1955 3960 2036 4013 io-

471 4065 614 4106 nova
638 4051 691 4106 in
723 4050 1027 4105 visceribus
1061 4050 1192 4102 meis
1222 4055 1265 4101 ³.
1303 4068 1318 4100 ι

533 4144 671 4198 Cum
724 4143 890 4211 igitur
930 4142 1001 4195 ita
1026 4141 1371 4196 sentiendum
1425 4142 1498 4197 sit
1562 4142 1630 4198 de
1689 4143 1781 4198 illo
1841 4144 2031 4213 spiritu

463 4239 558 4312 qui
584 4248 823 4306 creatur,
849 4246 1211 4308 congruenter
1226 4251 1447 4307 quoque
1477 4234 1703 4304 intelligi
1746 4242 1927 4305 potest
1951 4243 2032 4288 to-

2700 1785 3076 1856 πεπλήρωται,
3106 1785 3157 1837 εί
3194 1784 3267 1855 μὴ
3292 1784 3381 1837 ὅτε
3414 1785 3721 1854 παραγενό-

2145 1890 2304 1943 μενος
2328 1875 2359 1926 ι
2388 1876 2590 1947 Κύριος
2608 1876 2918 1931 ἀνεκαίνισε
2942 1875 3012 1928 τά
3039 1875 3216 1930 πάντα
3239 1878 3305 1946 τῇ
3332 1874 3515 1948 χάριτι
3542 1892 3557 1940 ;
3588 1876 3718 1928 Ἰδοὺ

2142 1965 2250 2034 γὰρ
2274 1963 2368 2019 καὶ
2398 1966 2456 2019 ἐν
2486 1965 2561 2037 τῷ
2589 1966 2738 2037 ρητῷ
2773 1964 2948 2035 τούτῳ
2981 1967 3015 2036 ἡ
3053 1965 3290 2037 διαφορὰ
3319 1966 3428 2019 τῶν
3476 1966 3720 2036 πνευμά-

2140 2071 2246 2107 των
2276 2056 2582 2111 δείκνυται·
2613 2057 2707 2111 καὶ
2734 2057 2792 2110 τὸ
2827 2056 2925 2128 μὲν
2953 2056 3169 2127 πνεῦμα
3197 2056 3260 2109 τὸ
3293 2056 3452 2129 ἡμῶν
3489 2058 3718 2112 ἀνακαι-

2140 2146 2418 2218 νιζόμενόν
2464 2150 2613 2201 ἐστι·
2658 2150 2717 2203 τὸ
2753 2148 2810 2202 δὲ
2847 2149 3072 2220 Πνεῦμα
3107 2149 3168 2202 τὸ
3208 2148 3362 2217 ἀγιον
3393 2150 3491 2220 οὐχ
3534 2150 3719 2214 ἀπλῶς

2140 2236 2376 2306 πνεῦμα.
2408 2237 2524 2291 ἀλλ’
2558 2238 2753 2292 ἐαυτοῦ
2915 2257 3082 2310 φησιν
3104 2238 3236 2293 αὐτὸ
3266 2234 3406 2293 εἶναι
3430 2243 3460 2293 6
3483 2240 3637 2306 Θεὸς,
3662 2243 3720 2295 ἐν

2137 2320 2183 2397 ᾧ
2210 2330 2303 2383 καὶ
2330 2330 2398 2382 τά
2417 2330 2576 2401 ἡμῶν
2623 2331 3029 2397 ἀνακαινίζεται
3049 2349 3065 2365 ⁸
3089 2333 3164 2397 ὼς
3193 2333 3287 2386 καὶ
3329 2334 3360 2385 6
3401 2332 3621 2402 ψάλλων
3661 2336 3720 2386 ἐν

2138 2419 2217 2490 τῷ
2243 2420 2517 2490 ἑκατοστῷ
2544 2420 2636 2473 καὶ
2665 2421 2833 2492 τρίτῳ
2856 2420 3058 2492 ψαλμῷ
3102 2420 3250 2490 λέγει
3270 2436 3285 2452 ·
3321 2438 3342 2472 ι
3385 2421 3719 2485 ’Λντανελείς

2138 2508 2197 2561 τὸ
2228 2507 2444 2579 πνεῦμα
2475 2509 2652 2561 αὐτῶν
2671 2549 2685 2573 ,
2716 2510 2809 2563 xal.
2836 2509 3176 2579 ἐκλείψουσι,
3221 2510 3314 2563 καὶ
3359 2510 3441 2573 είς
3470 2510 3564 2563 τὸν
3590 2508 3717 2581 χοῦν

2137 2597 2317 2651 αὐτῶν
2339 2598 2776 2670 ἐπιστρέψουσιν.
2826 2599 3236 2664 Ἐξαποστελεῖς
3260 2600 3323 2653 τὸ
3344 2600 3575 2671 Πνεῦμά
3595 2618 3713 2665 σου,

2137 2688 2231 2741 καὶ
2266 2688 2667 2761 κτισθήσονται,
2704 2692 2798 2743 καὶ
2824 2692 3156 2756 ἀνακαινιεϊς
3188 2693 3250 2746 τὸ
3285 2695 3578 2765 πρόσωπον
3616 2694 3716 2764 τῆς

2135 2779 2258 2849 γῆς.
2294 2797 2312 2830 ι
2342 2780 2403 2831 El
2437 2779 2493 2833 δὲ
2516 2783 2574 2835 ἐν
2603 2780 2682 2851 τῷ
2728 2782 3004 2853 Πνεύματι
3049 2782 3143 2836 τοῦ
3188 2783 3323 2836 Θεοῦ
3368 2781 3714 2846 ἀνακαινιζό-

2141 2871 2307 2941 μεθα·
2332 2872 2431 2925 οὐκ
2461 2873 2569 2944 ἄρα
2592 2874 2654 2927 τὸ
2675 2874 2898 2945 Πνεῦμα
2924 2875 2985 2927 τὸ
3013 2875 3168 2943 ἆγιόν
3192 2878 3308 2929 ἐστι
3334 2875 3398 2927 τὸ
3435 2874 3531 2929 νῦν
3561 2876 3716 2943 λεγό-

2140 2977 2298 3030 μενον
2314 2961 2529 3033 πνεῦμα
2550 2963 2850 3032 κτίζεσθαι,
2862 2965 2998 3018 ἀλλὰ
3013 2966 3073 3018 τὸ
3087 2966 3375 3037 ἡμέτερον.
3400 2965 3512 3019 Καὶ
3531 2965 3712 3036 εἴπερ,

2955 3055 3043 3109 διὰ
3085 3054 3178 3109 τοῦ
3224 3056 3433 3124 Λόγου,
3467 3058 3715 3127 φρονεῖτε

2137 3142 2314 3205 καλῶς
2344 3143 2417 3214 μὴ
2445 3141 2583 3197 εἶναι
2608 3146 2813 3215 κτίσμα
2844 3145 2934 3199 τὸν
2966 3146 3090 3199 Υίὸν
3112 3163 3125 3176 ·
3156 3146 3274 3209 πῶς
3303 3148 3362 3198 οὐ
3393 3146 3714 3217 βλάσφημόν

2134 3232 2251 3285 ἐστι
2280 3232 2455 3301 λέγειν
2485 3234 2631 3304 ὑμᾶς
2660 3235 2864 3305 κτίσμα
2892 3236 2953 3288 τὸ
2978 3236 3221 3307 Πνεῦμα,
3268 3237 3327 3291 ἐν
3354 3230 3399 3304 ᾧ
3436 3237 3504 3291 τά
3541 3239 3715 3291 πάντα

2136 3324 2166 3376 6
2193 3322 2385 3393 Πατὴρ
2408 3322 2496 3376 διὰ
2533 3322 2628 3377 τοῦ
2660 3324 2835 3393 Λόγου
2862 3324 3057 3378 τελειοῖ
3088 3324 3184 3379 καὶ
3204 3323 3547 3388 ἀνακαινίζει
3570 3326 3715 3393 ;Καὶ

2136 3415 2207 3479 εί,
2238 3413 2325 3467 διὰ
2354 3414 2414 3467 τὸ
2441 3414 2752 3485 γεγράφθαι
2798 3414 2986 3479 ἁπλῶς
3022 3415 3244 3485 πνεῦμα
3284 3416 3585 3483 κτίζεσθαι,
3617 3416 3713 3470 άν-

2134 3504 2439 3559 ιπλάσαντο
2463 3507 2677 3570 ἑαυτοῖς
2702 3501 2841 3559 εἶναι
2886 3504 3045 3559 τοῦτο
3076 3507 3138 3560 τὸ
3170 3504 3394 3578 Πνεῦμα
3438 3508 3500 3561 τδ
3532 3508 3715 3578 ἅγιον·

2136 3596 2421 3667 πεισθῆναι
2439 3597 2623 3650 λοιπὸν
2642 3596 2967 3665 ὀφείλουσιν,
3130 3599 3213 3651 ὅτι
3246 3600 3321 3670 μὴ
3337 3598 3397 3652 τὺ
3412 3598 3640 3670 Πνεῦμα
3659 3600 3719 3653 τὸ

2137 3688 2293 3757 ἀγιὸν
2330 3689 2448 3741 ἐστι
2475 3689 2537 3742 τὸ
2560 3688 2896 3759 κτιζόμενον,
2924 3688 3060 3742 ἀλλὰ
3103 3691 3164 3741 τὸ
3208 3690 3475 3762 ἡμέτερόν
3501 3692 3616 3743 ἐστι
3653 3688 3717 3742 τὸ

2133 3779 2192 3832 ἐν
2220 3779 2368 3849 αὑτῷ
2410 3780 2924 3849 ἀνακαινιζόμενονο
2962 3780 3092 3851 περὶ
3130 3776 3192 3835 οὗ
3236 3783 3331 3834 καὶ
3385 3784 3416 3835 6
3620 3782 3718 3832 Δα-

2134 3866 2221 3922 6ὶδ
2260 3867 2456 3940 ηὔχετο
2494 3868 2710 3939 ψάλλων
2751 3887 2765 3901 ·
2815 3888 2833 3921 t
2874 3870 3117 3943 Καρδίαν
3149 3870 3397 3942 καθαρὰν
3435 3868 3621 3925 κτίσον
3661 3871 3719 3923 ἐν

2142 3960 2289 4029 ἐμοὶ,
2323 3962 2356 4012 6
2381 3960 2533 4019 Θεὸς,
2569 3961 2663 4011 καὶ
2692 3959 2909 4027 πνεῦμα
2964 3957 3118 4021 εὑθὲς
3167 3958 3476 4019 ἐγκαίνισον
3512 3959 3572 4011 ἐν
3601 3956 3717 4017 τοῖς

2139 4052 2399 4122 ἐγκάτοις
2432 4069 2554 4121 μου.
2603 4070 2620 4101 ι

2215 4139 2427 4194 Οὐκοῦν
2500 4139 2599 4195 τοῦ
2692 4140 3012 4212 κτιζομένου
3076 4140 3386 4210 πνεύματος
3449 4137 3714 4200 τοιαύτην

2134 4233 2349 4306 ἔχοντος
2368 4233 2466 4305 τὴν
2507 4234 2773 4299 διάνοιαν,
2809 4234 3129 4304 πρεπόντως
3170 4234 3237 4287 ἀν
3276 4231 3495 4303 νοηθείη
3546 4232 3641 4285 καὶ
3670 4234 3708 4303 ἡ

464 4334 632 4397 nitro,
658 4330 804 4401 quod
836 4328 1043 4384 ﬁrmari
1073 4328 1271 4383 ibidem
1314 4328 1537 4391 dicitur,
1580 4326 1754 4381 ﬁdelis
1778 4341 1958 4381 sermo
1982 4334 2037 4381 et

2141 4326 2501 4398 στερεουμένη
2552 4324 2747 4396 βροντὴ
2780 4326 2809 4378 6
2845 4324 3033 4388 πιστὸς
3066 4324 3251 4392 λόγος,
3285 4323 3380 4377 καὶ
3410 4324 3710 4388 ἀσάλευτος

465 4424 765 4480 immobilis
810 4422 896 4476 lex
953 4419 1179 4489 spiritus
1228 4440 1239 4474 :
1279 4418 1439 4487 cujus
1494 4432 1615 4472 cum
1675 4415 1937 4472 Jacobum
1983 4424 2038 4469 et

2138 4417 2232 4471 τοῦ
2263 4416 2617 4485 πνεύματοςὸ
2651 4416 2832 4485 νόμος.
2862 4414 3066 4467 Τούτου
3105 4413 3214 4484 γὰρ
3255 4413 3536 4483 ὑπηρέτας
3567 4410 3711 4466 εἶναι

462 4514 728 4570 Joannem
756 4511 1039 4566 ministros
1070 4524 1193 4564 esse
1220 4508 1382 4562 vellet
1427 4506 1718 4573 Dominus,
1745 4507 1865 4561 illos
1898 4505 2038 4560 Boa-

464 4620 657 4676 nerges
713 4600 1037 4663 nominavit,
1069 4599 1217 4669 quod
1263 4608 1368 4664 est,
1406 4596 1503 4651 ﬁlii
1554 4598 1781 4653 tonitrui
1807 4598 1827 4629 ⁸
1858 4636 1872 4650 .
1900 4595 2037 4651 Hinc

462 4698 705 4754 Joannes
761 4710 886 4749 vere
916 4709 947 4748 e
971 4692 1126 4749 eisiis
1175 4690 1414 4745 clamat:
1445 4708 1465 4743 t
1505 4690 1563 4743 In
1612 4690 1878 4759 principio
1918 4698 2037 4745 erat

464 4788 731 4854 Verbum,
756 4797 807 4842 et
846 4784 1080 4841 Verbum
1104 4790 1221 4838 erat
1258 4781 1399 4852 apud
1436 4780 1632 4848 Deum,
1662 4789 1715 4835 et
1740 4780 1885 4835 Deus
1921 4789 2038 4835 erat

460 4880 698 4938 Verbum
739 4889 780 4934 τ.
823 4898 841 4930 ι
882 4878 989 4933 Lex
1015 4876 1217 4948 quippe
1249 4876 1399 4945 prius
1441 4875 1691 4929 umbram
1723 4872 2032 4928 futurorum

461 4977 727 5031 bonorqu
756 4972 966 5028 habuit.
990 4972 1128 5026 Cum
1188 4978 1371 5025 autem
1417 4968 1669 5023 Christus
1721 4965 2035 5020 hominibus

460 5064 824 5120 annuutiatus
862 5071 975 5129 est;
1001 5070 1051 5115 et
1093 5061 1209 5131 ipse
1253 5057 1430 5113 adfuit
1468 5057 1698 5111 dicens:
1739 5073 1757 5108 t
1790 5053 1909 5125 Ipse
1941 5054 2035 5123 qui

459 5156 657 5229 loquor
695 5156 890 5211 adsum
927 5158 949 5190 ⁸
978 5169 997 5219 ;
1029 5162 1180 5217 tunc,
1219 5170 1239 5203 ι
1274 5160 1335 5205 ut
1392 5151 1529 5204 dixit
1570 5148 1774 5203 Paulus
1804 5188 1819 5213 ,
1846 5167 1863 5199 ι
1916 5147 2035 5216 ejus

459 5268 563 5307 vos
620 5258 821 5306 terram
881 5248 1195 5315 concussit,
1258 5261 1383 5301 cum
1440 5245 1492 5299 id
1548 5245 1698 5315 prius
1759 5242 2039 5313 pollicitus

459 5351 605 5398 esset
647 5361 662 5397 :
706 5341 899 5397 Adhuc
933 5340 1102 5394 semel
1144 5353 1246 5407 ego
1282 5338 1518 5392 movebo
1555 5352 1661 5391 non
1701 5336 1877 5391 solum
1923 5342 2035 5388 ter-

460 5449 607 5497 ram.
635 5435 727 5490 sed
754 5444 807 5489 et
853 5434 1071 5489 cmlum.
1104 5431 1260 5498 Quod
1303 5440 1483 5484 autem
1535 5431 1713 5485 adhuc
1756 5424 1924 5484 semel
1950 5426 2033 5479 di-

461 5526 558 5590 cit,
592 5525 832 5581 declarat
875 5524 1157 5578 mobilium
1196 5521 1633 5584 translationem,
1675 5531 1733 5574 ut
1777 5526 2031 5574 maneant

2139 4509 2304 4563 θέλων
2323 4508 2413 4561 τὸν
2454 4506 2647 4561 Ἰακὼϐ
2669 4507 2764 4560 καὶ
2786 4506 2877 4559 τὸν
2911 4505 3194 4574 Ἰωάννην,
3235 4504 3491 4558 ἐκάλεσεν
3533 4506 3564 4558 6
3599 4502 3712 4555 Κύ-

2141 4616 2253 4668 ριος
2277 4597 2591 4667 Βοανεργὲς,
2613 4597 2642 4649 ὃ
2665 4597 2833 4660 ἐστιν,
2857 4596 2965 4649 υἱοὶ
2986 4596 3212 4666 βροντης
3232 4612 3244 4625 ·
3268 4595 3296 4647 ὃ
3317 4595 3368 4662 γ’
3395 4588 3489 4647 οῦν
3530 4593 3713 4646 Ἰωάνε-

2136 4704 2233 4757 νης
2263 4686 2478 4757 ἀληθῶς
2502 4687 2598 4740 ἀπ’
2628 4685 2859 4757 ούρανοῦ
2879 4686 3003 4756 βοᾷ’
3033 4704 3052 4738 t
3090 4687 3177 4738 Ἐν
3199 4687 3340 4757 ἀρχῇ
3366 4678 3435 4755 ἦν
3463 4687 3492 4737 6
3517 4684 3710 4752 Λόγος,

2136 4780 2271 4832 καὶὸ
2294 4779 2465 4847 Λόγος
2492 4773 2561 4848 ἦν
2581 4776 2718 4849 πρὸς
2748 4777 2842 4829 τὸν
2872 4776 3025 4839 Θεὸν,
3048 4777 3143 4829 καὶ
3171 4775 3303 4839 Θεὸς
3329 4771 3395 4846 ἦν
3418 4776 3448 4827 6
3477 4775 3668 4842 Λόγος.
3686 4792 3707 4825 ι

2137 4873 2407 4943 Πρότερον
2442 4872 2540 4941 μὲν
2574 4870 2682 4941 γὰρ
2715 4869 2874 4923 σκιὰν
2903 4865 3051 4938 εῖχεν
3083 4869 3112 4920 6
3148 4868 3310 4939 νόμος
3338 4867 3447 4920 τῶν
3489 4864 3713 4937 μελλόν-

2134 4983 2243 5018 των
2267 4964 2513 5032 ἀγαθῶν·
2538 4965 2628 5017 ὂτε
2656 4963 2713 5015 δὲ
2736 4964 2765 5015 6
2786 4961 3018 5032 Χριστὸς
3043 4960 3330 5032 ἀπηγγέλη
3362 4962 3477 5023 τοῖς
3504 4960 3714 5031 ἀνθρώ-

2135 5075 2258 5119 ποις
2299 5058 2393 5110 καὶ
2438 5056 2770 5127 παρεγένετο
2817 5054 3021 5123 λέγων’
3050 5071 3068 5105 t
3101 5052 3272 5116 Αὐτὸς
3304 5054 3332 5106 6
3365 5051 3543 5113 λαλῶν
3574 5052 3716 5122 πάρ-

2137 5166 2284 5218 ειμι’
2325 5148 2445 5201 τότε
2472 5188 2487 5212 ,
2525 5167 2543 5199 ι
2577 5147 2653 5210 ὡς
2684 5140 2839 5199 εἶπεν
2862 5148 2890 5198 6
2932 5144 3169 5209 Παῦλος,
3198 5162 3216 5195 t
3263 5146 3297 5214 ἡ
3330 5143 3522 5197 τούτου
3563 5141 3714 5212 φωνὴ

2133 5241 2233 5310 τὴν
2256 5241 2359 5309 γῆν
2385 5238 2696 5303 ἐσάλευσεν,
2721 5235 3192 5307 ἐπαγγειλαμένου
3236 5235 3501 5306 πρότερον
3520 5252 3534 5265 ·
3592 5235 3713 5287 Ἔτι

2136 5334 2280 5397 ἅπαξ
2311 5331 2422 5401 ἐγὼ
2455 5332 2622 5385 σείσω
2783 5329 2843 5383 ού
2880 5329 3039 5399 μόνον
3063 5328 3161 5397 τὴν
3193 5328 3315 5398 γῆν,
3348 5326 3484 5380 ἀλλά
3509 5327 3603 5380 καὶ⁵
3623 5325 3714 5378 τὸν

2134 5425 2381 5495 οὐρανόν.
2418 5424 2492 5477 Τὸ
2522 5424 2579 5476 δέ
2602 5423 2681 5476 ἔτι
2704 5421 2854 5486 ἅπαξ
2883 5420 3034 5491 δηλοῖ
3059 5420 3166 5474 τῶν
3204 5420 3584 5490 σαλευομένων
3613 5419 3712 5489 τὴν

2139 5515 2455 5585 μετάθεσιν,
2488 5516 2575 5569 ἴνα
2607 5516 2765 5586 μείνῃ
2802 5514 2873 5568 τὰ
2905 5515 2980 5585 μὴ
3021 5512 3376 5583 σαλευόμενα.
3423 5511 3516 5565 Διὸ
3558 5512 3710 5581 βασι-

538 5678 739 5737 ιΛιιιοε
771 5696 843 5745 tv,
885 5683 970 5737 t5.
1048 5682 1067 5712 '
1091 5679 1172 5735 [sa
1228 5694 1325 5743 vn,
1360 5678 1446 5736 Η.
1520 5678 1539 5711 ³
1568 5676 1764 5733 Ειοοιι.
1789 5688 1973 5743 xxxvr,
2003 5673 2037 5729 2

2167 5674 2189 5707 ⁸
2220 5674 2327 5731 Psa
2353 5714 2366 5731 .
2402 5690 2517 5743 cm,
2552 5674 2644 5742 ΞΟ,
2683 5675 2771 5732 50.
2801 5677 2819 5708 ⁵
2850 5673 2991 5731 Psal.
3018 5690 3069 5741 ι,
3103 5671 3190 5729 12.
3267 5670 3474 5729 'Marc.
3502 5685 3583 5736 tu,
3623 5667 3711 5722 Π.

465 5745 671 5805 ’Joan.
717 5770 755 5818 ι,
790 5754 839 5806 l.
916 5752 1109 5807 “luant.
1145 5767 1215 5811 tv.
1247 5749 1336 5803 ‘26.
