4030 6222
1390 198 1419 221 Ι

468 271 577 337 697

1414 226 1791 331 rANoPLiA
1834 270 2295 331 DOGMATICA.
2325 296 2391 308 —
2414 268 2562 334 ΤΠ.
2604 273 2705 335 Χῐ.

3636 278 3741 342 698

472 410 624 463 λείαν
648 407 947 463 ἀσάλευτον
970 404 1507 477 παραλαμϐάνοντες,
1543 405 1739 477 ἔχομεν
1772 406 1951 477 χάριν,
1990 408 2050 461 δι⁴

2171 425 2232 471 ea
2278 423 2400 479 qua:
2435 419 2565 465 sunt
2594 408 2911 464 immobilia.
2950 410 3138 482 ltaque
3187 427 3414 483 regnum
3461 413 3739 469 immobile

473 497 545 573 ἦς
575 500 912 571 λατρεύομεν
936 498 1252 570 εὐαρέστως
1410 497 1486 568 τῷ
1517 496 1655 567 Θεῷ.
1690 517 1711 549 ι
1755 500 1856 550 Ἦν
1882 499 1937 551 δὲ
1970 500 2059 552 λέ-

473 607 562 659 γει
584 588 862 659 βασιλείαν
888 580 1045 649 οὗτος
1065 585 1387 649 ἀσάλευτον,
1424 583 1629 654 ταύτην
1666 584 2057 654 στερεωθεῖσαν

472 680 664 750 ψάλλει
685 678 849 733 Δαόίδ
867 695 880 709 ·
917 697 935 729 ι
990 678 1049 731 '0
1068 677 1271 748 Κύριος
1295 676 1645 729 ἐϐασίλευσεν
1665 714 1679 740 ,
1724 676 2057 745 εὐπρέπειαν

472 771 791 826 ἑνεδύσατο’
826 767 1114 821 ἐνεδύσατο
1163 766 1369 837 Κύριος
1408 765 1639 836 δύναμιν
1665 766 1759 819 καὶ
1790 762 2058 835 περιεζώ-

474 881 626 918 σατο.
655 861 768 915 Καὶ
787 859 897 931 γὰρ
917 858 1218 929 ιστερέωσε
1248 858 1347 926 τὴν
1367 855 1709 925 οἰκουμένην,
1735 855 1859 925 ἥτις
1880 855 1940 906 οὐ
1970 871 2059 906 σα-

473 953 816 1024 λευθήσεται.
854 966 873 999 ι
915 949 987 1001 Τὸ
1019 946 1127 1018 ἄρα
1168 947 1321 1017 παρὰ
1345 945 1423 1016 τῷ
1469 945 1720 1015 προφήτῃ
1757 944 1921 1015 ῥητὸν
1957 943 2057 1017 τὴν

473 1043 770 1113 ἐπιδημίαν
799 1041 893 1094 τοῦ
926 1040 1175 1109 Σωτῆρος
1201 1036 1475 1107 σημαίνει.
1528 1038 1585 1087 ὲν
1610 1030 1757 1108 ᾖκαὶ
1784 1037 1945 1106 ἡμεῖς
1965 1037 2058 1089 ἀν-

474 1134 754 1203 εκαινίσθη
764 1150 883 1204 μεν,
908 1133 1002 1184 καὶ
1022 1131 1225 1201 ὁνόμος
1246 1128 1337 1182 τοῦ
1357 1127 1666 1198 πνεύματος
1821 1127 2054 1180 ἀσάλευ-

473 1245 566 1290 τος
603 1226 871 1296 διαμένει.
911 1223 1052 1277 Ἀλλ’
1078 1223 1129 1275 oi
1151 1221 1230 1292 τῷ
1258 1221 1374 1274 δντι
1411 1218 1662 1291 τροπικοὶ
1710 1259 1727 1282 ,
1869 1218 2057 1271 συνθέ-

478 1335 628 1389 μενοι
671 1319 783 1380 τοῖς
829 1317 1145 1386 Ἀρειανοίς,
1194 1313 1288 1365 καὶ
1342 1311 1694 1382 μερισάμενοι
1736 1312 1851 1380 μετ’
1875 1310 2057 1365 αὐτῶν

472 1412 572 1484 τὴν
591 1413 672 1475 είς
700 1410 798 1480 τὴν
820 1409 1049 1479 θεότητα
1086 1405 1456 1477 βλασφημίαν,
1487 1405 1576 1457 ἵνα
1609 1405 1805 1457 ἐκεῖνοι
1837 1403 1936 1474 μὲν
1962 1402 2056 1456 τὸν

474 1504 626 1567 Υίδν,
660 1499 804 1558 οῦτοι
829 1503 885 1555 δὲ
916 1502 977 1554 τὸ
1003 1500 1226 1570 Πνεῦμα
1247 1500 1455 1569 κτίσμα
1497 1498 1728 1565 λέγωσιν
1748 1514 1766 1530 ο
1823 1496 2054 1567 ἐτόλμη-

478 1611 598 1656 σαν,
630 1593 706 1656 ὼς
731 1591 883 1645 αὐτοί
918 1608 1070 1659 φασι,
1107 1590 1344 1661 τρόπους
1374 1588 1536 1642 πάλιν
1564 1589 1775 1651 ἑαυτοῖς
1804 1588 2054 1658 ὲφευρεῖν

2171 503 2547 570 suscipientes,
2581 501 2845 554 habemus
2874 502 3128 570 gratiam,
3156 518 3249 571 per
3274 519 3438 568 quam
3470 506 3739 560 servimus

2171 594 2443 663 placentes
2479 592 2585 647 Deo
2628 593 2668 645 ¹.
2708 612 2726 643 ι
2765 592 2921 658 Quod
2969 602 3150 647 autem
3206 596 3293 648 hic
3342 597 3616 651 immobile
3655 613 3741 650 re-

2170 701 2335 755 gnum
2370 684 2521 746 dicit,
2554 685 2695 738 idem
2729 684 3001 738 lirmatum
3057 686 3204 739 cauit
3254 686 3462 739 David:
3499 707 3516 738 ι
3552 688 3737 742 Demi-

2170 789 2273 827 nus
2303 773 2568 842 regnavft,
2598 772 2849 827 decorem
2888 774 3083 837 induit,
3122 775 3298 830 induit
3339 777 3602 833 Dominus
3632 778 3741 833 for-

2173 864 2454 918 titudinem
2479 874 2531 917 et
2556 880 2618 918 ea
2640 864 2920 932 praecinxit
2947 880 3023 919 se.
3045 864 3255 921 Etenim
3302 868 3535 923 iirmavit
3553 871 3737 924 orbem

2170 962 2355 1014 terrae,
2391 952 2485 1022 qui
2526 968 2632 1007 non
2670 953 3101 1008 commovebitur
3145 962 3187 1009 ³.
3233 974 3250 1005 ι
3308 955 3493 1025 Itaque
3540 960 3683 1027 quod
3709 977 3737 1012 ιι

2169 1046 2435 1113 propheta
2481 1043 2685 1097 dictum
2727 1054 2830 1106 est,
2861 1043 3161 1100 Salvatoris
3202 1046 3492 1100 adventum
3526 1048 3737 1116 signiti-

2169 1144 2278 1198 eat,
2308 1134 2362 1187 in
2393 1149 2501 1204 quo
2524 1143 2578 1188 et
2610 1149 2711 1187 nos
2743 1135 2987 1188 renovati
3043 1152 3256 1201 sumus,
3288 1145 3341 1190 et
3386 1138 3470 1191 lex
3515 1139 3738 1206 spiritus

2168 1227 2464 1281 immobilis
2480 1234 2813 1296 perseverat.
2845 1226 2950 1281 Sed
2986 1227 3062 1281 illi
3100 1243 3223 1281 vere
3265 1230 3458 1297 tropici
3494 1246 3588 1284 seu
3614 1245 3735 1283 ver-

2164 1320 2353 1374 satiles
2384 1318 2589 1374 foedere
2648 1334 2769 1373 cum
2805 1318 3027 1373 Ariauis
3054 1321 3207 1386 inito,
3244 1336 3309 1375 ac
3362 1322 3500 1374 inter
3533 1336 3591 1375 se
3632 1322 3736 1374 im-

2163 1414 2360 1480 pietate
2384 1410 2647 1465 adversus
2676 1409 3023 1466 Divinitatem
3056 1412 3248 1478 divisa,
3298 1422 3358 1467 ut
3392 1413 3639 1467 videlicet
3661 1415 3734 1467 illi

2161 1500 2380 1564 Filium,
2400 1501 2501 1571 ipsi
2524 1501 2785 1570 Spiritum
2808 1517 2917 1556 rem
2936 1510 3173 1556 creatam
3198 1517 3317 1557 esse
3333 1513 3601 1571 pugnent;
3626 1513 3736 1557 tru-

2162 1608 2283 1663 pos,
2304 1594 2540 1649 utiidem
2560 1594 2881 1663 loquuntur,
2900 1592 3173 1664 ellingere,
3211 1602 3373 1662 alque
3411 1595 3539 1648 illud
3569 1596 3731 1647 etiam

476 1689 571 1742 καὶ
603 1684 1035 1757 παρεξηγεῖσθαι
1066 1683 1160 1737 καὶ
1185 1682 1245 1735 τὸ
1276 1680 1371 1734 τοῦ
1419 1680 1740 1735 Ἀποστόλου
1798 1680 1956 1751 ῥητὸν
1974 1720 1989 1744 ,
2025 1679 2050 1733 δ

2158 1684 2303 1754 quod
2322 1692 2465 1738 recte
2480 1685 2547 1739 ad
2564 1683 2907 1737 Timotheum
2925 1685 3142 1753 scripsit
3160 1684 3473 1752 Apostolus,
3494 1686 3635 1739 male
3656 1686 3734 1738 in-

475 1779 654 1842 καλῶς
678 1777 777 1849 μὲν
809 1776 968 1838 αὐτὸς

479 1867 827 1940 μαρτύρομαι
850 1863 1077 1919 ἐνώπιον
1092 1862 1187 1916 τοῦ
1212 1861 1347 1915 Θεοῦ
1376 1862 1468 1914 καὶ
1492 1859 1668 1929 Ἰησοῦ
1821 1861 2053 1931 Χριστοῦ

477 1956 573 2010 καὶ
603 1955 715 2007 τῶν
750 1953 1023 2007 ἐκλεκτῶν
1041 1952 1309 2020 ἀγγέλων,
1345 1951 1432 2004 ἵνα
1462 1948 1635 2003 ταῦτα
1666 1948 1905 2019 φυλάξῃς
1946 1964 2052 2017 χω-

481 2048 565 2117 ρὶς
584 2045 978 2118 προκρίματος,
1002 2044 1166 2115 μηδὲν
1183 2043 1353 2098 ποιῶν
1368 2042 1511 2097 κατὰ
1668 2038 2045 2109 πρόσκλησιν.»

484 2140 712 2191 Ἐκεῖνοι
737 2136 793 2189 δὲ
827 2136 1149 2205 φάσκουσιν,
1179 2135 1367 2205 ἐπειδὴ
1388 2134 1481 2188 τὸν
1500 2133 1631 2188 Θεὸν
1666 2135 1760 2187 καὶ
1789 2133 1883 2186 τὸν
1917 2134 2052 2203 Χριο

474 2229 595 2282 στὸν
617 2228 922 2297 ὠνόμασεν,
956 2222 1073 2280 εἷτα
1099 2226 1225 2290 τοὺς
1251 2226 1538 2294 ἀγγέλους,
1561 2224 1777 2297 ἀνάγκῃ
1807 2226 1917 2277 τοῖς
1944 2224 2048 2291 ἀγ-

474 2322 651 2389 γέλοις
702 2318 1151 2391 συναριθμεῖσθαι
1195 2318 1256 2371 τὸ
1289 2316 1535 2388 Πνεῦμα,
1594 2317 1694 2387 τῆς
1749 2334 1811 2368 τε
1868 2315 2049 2369 αὐτῶν

472 2408 610 2465 εἶναι
646 2410 957 2480 συστοιχίας
1007 2410 1101 2463 καὶ
1146 2409 1278 2462 αὐτὸ
1320 2440 1338 2469 ,
1484 2409 1579 2462 καὶ
1629 2407 1859 2476 ἄγγελον
1909 2403 2048 2460 εἶναι

476 2501 697 2573 μείζονα
739 2501 849 2554 τῶν
890 2500 1087 2556 ἄλλων.
1145 2497 1368 2570 Πρῶτον
1397 2499 1495 2569 μὲν
1521 2493 1613 2551 οῦν
1654 2499 1752 2568 τῆς
1794 2498 2049 2561 ἀσεϐείας

470 2596 615 2647 ἐστὶν
647 2592 1001 2646 υὺαλεντίνου
1024 2590 1184 2644 τοῦτο
1209 2590 1271 2642 τὸ
1301 2589 1521 2661 εὕρημα
1542 2606 1555 2618 ’
1601 2590 1696 2643 καὶ
1728 2589 1829 2642 οὐκ
1856 2588 2046 2641 ἔλαθον

471 2677 618 2737 οῦτοι
651 2682 720 2736 τὰ
751 2682 960 2736 ἐκείνου
1114 2679 1495 2749 φθεγγόμενοι.
1534 2680 1769 2742 Ἐκεῖνος
1784 2678 1891 2749 γὰρ
1917 2677 2050 2748 ἔφη·

473 2782 584 2831 σεν,
618 2767 721 2827 ὅτι,
742 2765 1084 2835 πεμφθέντος
1110 2766 1204 2819 τοῦ
1227 2768 1608 2839 Παρακλήτου,
1635 2768 2046 2839 συναπεστάλη-

472 2871 572 2909 σαν
596 2855 746 2925 αὐτῷ
776 2857 827 2909 οι
858 2856 1141 2927 ἡλικιῶται
1185 2856 1354 2911 αὐτοῦ
1385 2859 1607 2926 ἄγγελοι
1627 2876 1641 2890 ’
1678 2859 1871 2914 ἔπειτα
1904 2860 1962 2913 δὲ
1992 2861 2055 2913 τὸ

472 2946 701 3018 Πνεῦμα
734 2948 1063 3017 κατάγοντες
1236 2949 1320 3013 είς
1362 2949 1489 3011 τοὺς
1527 2950 1793 3017 ἀγγέλους
1833 2951 1914 3013 είς
1954 2951 2055 3020 τὴν

472 3038 677 3110 Τριάδα
700 3039 1108 3104 συντάσσοντες.
1137 3040 1202 3093 Εί
1235 3040 1342 3110 γὰρ
1379 3040 1516 3109 μετά
1544 3040 1765 3111 Πατέρα
1798 3041 1890 3093 καὶ
1925 3040 2053 3093 Υίὺν

1136 1774 1343 1844 ἔγραφε
1366 1771 1616 1842 Τιμοθέῳ
1643 1771 1816 1839 λέγων
1837 1787 1850 1800 ο
1886 1789 1905 1821 ι
1930 1772 2050 1823 Δια-

2161 1774 2443 1844 terpretari
2475 1774 2592 1828 ausi
2621 1783 2783 1829 sunt:
2809 1792 2826 1824 ι
2854 1772 3068 1835 Testor,
3096 1793 3114 1825 ι
3146 1774 3321 1841 inquit
3349 1772 3570 1838 Paulus,
3609 1790 3729 1828 «co-

2158 1879 2277 1920 ram
2311 1863 2422 1919 Deo
2444 1873 2497 1918 et
2518 1862 2737 1918 Christo
2768 1860 2933 1927 Jesu,
2964 1871 3019 1917 et
3060 1863 3247 1917 electis
3279 1863 3506 1933 angelis,
3530 1874 3585 1917 ut
3618 1866 3731 1917 hare

2155 1955 2431 2011 custodias
2648 1954 2767 2009 sine
2796 1954 3131 2023 przejudicio,
3155 1954 3287 2007 nihil
3326 1953 3531 2009 faciens
3558 1970 3624 2007 ex
3648 1955 3731 2008 in-

2158 2046 2420 2101 vitatione
2483 2046 2556 2099 ⁸.»
2581 2045 2659 2100 Ex
2696 2047 2897 2116 quibus
2927 2046 3001 2098 illi
3037 2045 3388 2111 concludunt,
3421 2046 3562 2114 quod
3606 2062 3729 2099 cum

2158 2135 2328 2190 Deum
2352 2149 2401 2189 et
2424 2135 2702 2190 Christum
2728 2136 3109 2197 nominaverit,
3141 2135 3447 2205 deindeque
3479 2136 3726 2202 angelos,

2158 2241 2379 2282 necesse
2394 2236 2479 2280 est
2504 2227 2755 2296 spiritum
2780 2227 2921 2280 inter
2941 2226 3164 2296 angelos
3181 2228 3555 2289 annumerari,
3575 2241 3732 2279 eum-

2157 2332 2262 2385 que
2275 2331 2341 2370 ex
2359 2317 2573 2369 illorum
2591 2330 2712 2371 esse
2728 2318 2941 2382 ordine,
2963 2325 3126 2384 atque
3145 2315 3395 2386 angelum
3413 2315 3533 2368 aliis
3552 2314 3728 2384 majo-

2156 2423 2271 2463 rem
2287 2422 2428 2463 esse.
2463 2406 2669 2472 Primo,
2707 2407 2811 2462 hoc
2836 2408 2987 2477 impii
3028 2407 3293 2460 Valentini
3322 2407 3599 2459 inventum
3632 2414 3732 2469 est,

2155 2514 2330 2569 neque
2360 2500 2489 2554 latet
2517 2498 2664 2568 ipsos
2680 2499 2868 2553 eadem
2887 2499 3121 2553 acilium
3153 2498 3322 2568 loqui.
3350 2497 3443 2551 llle
3459 2496 3727 2567 siquidem

2154 2589 2311 2654 dixit,
2347 2591 2491 2658 quod
2531 2589 2701 2643 misso
2750 2588 3054 2652 Paracleto,
3097 2605 3202 2643 una
3258 2606 3382 2643 cum
3418 2590 3509 2643 illo
3564 2588 3727 2643 coaevi

2150 2680 2272 2750 ejus
2307 2682 2482 2752 angeli
2514 2681 2666 2737 missi
2695 2680 2914 2737 fuerint.
2942 2680 3168 2747 Deinde,
3195 2682 3323 2736 dum
3359 2682 3624 2751 Spiritum
3656 2680 3721 2733 ad

2150 2770 2469 2839 angelorum
2522 2780 2769 2825 naturam
2821 2770 3120 2839 deducunt,
3168 2791 3277 2829 non
3329 2778 3622 2831 advertunt
3672 2794 3731 2832 se

2159 2862 2380 2932 angelos
2428 2862 2480 2915 in
2525 2860 2793 2917 Trinitate
2832 2864 3120 2921 collocare.
3156 2865 3289 2921 Nam
3336 2870 3382 2923 si
3428 2870 3729 2924 secundum

2160 2952 2280 3006 illos
2315 2962 2442 3021 post
2472 2952 2687 3007 Patrem
2710 2964 2763 3009 et
2793 2954 2990 3010 Filium
3024 2970 3329 3027 sequuntur
3352 2962 3527 3030 angeli
3549 2978 3562 3013 :
3584 2972 3731 3016 certe

2158 3058 2188 3097 e
2221 3042 2492 3100 Trinitale
2540 3055 2669 3100 sunt
2708 3047 2907 3117 angeli,
2942 3064 3043 3103 nec
3064 3049 3175 3119 jam
3223 3060 3351 3105 sunt
3415 3071 3435 3105 ι
3493 3054 3717 3108 adiniui-

473 3130 593 3183 κατ’
616 3132 815 3195 αὐτοὺς
848 3133 898 3185 οί
927 3131 1171 3201 ἄγγελοι,
1215 3130 1460 3201 δηλονότι
1506 3131 1606 3202 τὴν
1637 3130 1865 3203 Τριάδος
1915 3133 2050 3186 εἰσιν

2158 3143 2421 3190 stratores
2446 3136 2670 3205 spiritus
2703 3138 2754 3191 in
2796 3140 3159 3196 ministerium
3189 3145 3341 3200 missi
3386 3146 3425 3212 ⁸,
3452 3165 3470 3198 ι
3500 3164 3599 3203 nec
3627 3149 3728 3218 ipsi

471 3220 519 3273 οί
674 3220 917 3290 ἄγγελοι,
951 3222 1047 3275 καὶ
1074 3221 1176 3275 οὐκ
1207 3220 1287 3273 ἐτι
1326 3239 1346 3272 ι
1385 3219 1730 3291 λειτουργικά
1765 3220 2053 3291 πνεύματα

2156 3226 2331 3279 sancti
2359 3226 2687 3294 eiliciuntur,
2715 3230 2806 3284 sed
2843 3233 3025 3301 potius
3047 3234 3183 3289 alios
3213 3246 3435 3293 sanctos
3464 3238 3727 3302 efﬁciunt.

471 3313 549 3377 είς
580 3312 857 3368 διακονίαν
884 3312 1362 3384 ἀποστελλόμενοι,
1397 3331 1415 3363 ι
1449 3311 1572 3365 οὐδὲ
1600 3312 1971 3383 ἁγιαζόμενοι,
2000 3313 2116 3367 ἀλλ’
2148 3317 2299 3372 αὐτοὶ
2330 3319 2528 3388 μᾶλλον
2567 3320 2883 3389 ἁγιάζοντες
2907 3324 3100 3390 ἄλλους
3139 3326 3203 3380 ἂν
3230 3324 3359 3383 εἷεν.

591 3422 691 3486 Τίς
758 3420 852 3480 οὖν
884 3428 917 3497 ἠ
944 3425 1182 3498 τοσαύτη
1232 3425 1441 3480 τούτων
1490 3425 1754 3491 ἀπόνοιας
1795 3426 1907 3481 Ποῦ
1941 3427 2050 3481 τῶν

469 3516 702 3588 Γραφῶν
728 3518 889 3573 πάλιν
910 3512 1066 3589 εὖρον
1090 3517 1321 3587 άγγελον
1480 3517 1543 3570 τὸ
1560 3516 1787 3588 Πνεῦμα
1822 3518 2052 3588 λεγόμε-

470 3622 591 3673 νον;
642 3607 725 3662 Τὰ
784 3609 925 3663 αὑτά
974 3609 1032 3662 δέ
1074 3625 1166 3681 μοι
1226 3610 1338 3671 τοῖς
1391 3609 1812 3680 προειρημένοις
1876 3610 2049 3662 εἰπεῖν

469 3698 703 3770 ἀνάγκη.
736 3698 1091 3770 Παράκλητος
1120 3697 1313 3769 ἐλέχθη
1359 3698 1455 3752 καὶ
1491 3697 1711 3768 πνεῦμα
1755 3698 2047 3763 υἱοθεσίας,

471 3790 563 3843 καὶ
591 3788 810 3861 πνεῦμα
836 3788 1132 3860 ἀγιασμοῦ,
1158 3789 1254 3842 καὶ
1279 3787 1498 3859 πνεῦμα
1526 3786 1684 3853 Θεοῦ,
1720 3786 1814 3840 καὶ⁵
1831 3784 2048 3855 πνεῦμα

471 3878 703 3950 Χριστοῦ
746 3879 940 3951 ἐλέχθη
970 3896 984 3910 ο
1026 3877 1262 3949 οὐδαμοῦ
1294 3878 1351 3930 δὲ
1397 3876 1651 3946 ἄγγελος,
1692 3876 1812 3931 οὐδὲ
1841 3876 2048 3947 ἀρχάγ-

469 3970 646 4039 γελος,
676 3971 798 4025 οὐδὲ
826 3971 1044 4042 πνεῦμα
1074 3969 1366 4035 διακονίας,
1402 3964 1505 4023 οἷοί
1689 3970 1825 4021 εἰσιν
1866 3969 1915 4020 οἱ
1949 3968 2048 4036 ἄγ-

469 4064 615 4132 γελοι
634 4079 650 4095 ’
680 4063 818 4118 ἀλλὰ
853 4063 1053 4135 μᾶλλον
1078 4064 1175 4117 σὺν
1203 4062 1282 4133 τῷ
1309 4060 1422 4132 Υίῷ
1444 4061 1539 4115 καὶ
1570 4060 1702 4114 αὐτὸ
1717 4059 2046 4113 διακονεῖται

470 4155 619 4227 παρά
665 4155 763 4208 τοῦ
809 4154 1049 4227 Γαϐριὴλ
1098 4153 1350 4223 λέγοντος
1397 4155 1464 4224 τῇ
1499 4152 1722 4223 Μαρίᾳ⁸
1755 4167 1778 4204 ε
1823 4149 2049 4221 Πνεῦμα

470 4246 622 4315 ἆγιον
658 4246 1011 4301 ἐπελεύσεται
1036 4246 1130 4298 ἐπὶ
1150 4244 1211 4298 σέ
1229 4261 1246 4278 ο
1271 4244 1364 4298 καὶ
1392 4243 1622 4315 δύναμις
1655 4242 1907 4313 Ὑψίστου
1934 4243 2051 4295 ἐπι-

472 4341 684 4394 σκιάσει
720 4356 821 4394 σοι.
857 4357 877 4391 ι
905 4338 1027 4393 Τῶν
1059 4337 1115 4391 δὲ
1143 4337 1375 4408 Γραφῶν
1408 4335 1487 4406 μὴ
1518 4334 1795 4403 λεγουσῶν
1817 4332 2047 4402 ἄγγελον

468 4435 529 4489 τὸ
556 4433 814 4505 Πνεῦμα,
855 4433 984 4487 ποία
1031 4430 1241 4495 τούτοις
1286 4429 1553 4497 ἀπολογία
1611 4428 1808 4497 γένοιτ’
1844 4426 1910 4481 ἂν
1950 4427 2049 4497 τῆς

2346 3432 2606 3499 Quaenam
2643 3438 2861 3492 tandem
2920 3440 3037 3494 haec
3080 3451 3187 3495 tam
3236 3444 3473 3500 absurda
3508 3446 3724 3503 illorum

2156 3521 2430 3577 dementia
2467 3524 2736 3591 est?-Quo
2771 3528 2823 3582 in
2856 3528 2977 3582 loco
3006 3546 3197 3584 rursus
3226 3530 3519 3603 Scriptum
3560 3552 3730 3591 sacrae

2156 3613 2481 3671 invenerunt
2534 3616 2797 3686 Spiritum
2840 3619 3092 3688 angelum
3124 3621 3232 3675 dici
3282 3623 3531 3679 ?Eadem
3581 3630 3725 3683 enim

2154 3721 2277 3775 qua:
2304 3706 2416 3774 jam
2446 3708 2581 3774 dixi,
2618 3710 2751 3763 mihi
2786 3719 3030 3772 repetere
3083 3727 3304 3768 necesse
3346 3726 3447 3769 est.
3481 3716 3729 3778 Paracle-

2154 3806 2242 3852 tus
2264 3797 2444 3851 dictus
2476 3805 2561 3852 est
2589 3808 2643 3853 et
2697 3799 2924 3868 spiritus
2980 3801 3313 3869 adoptionis,
3349 3806 3575 3873 spiritus
3601 3826 3729 3865 san-

2152 3887 2447 3954 ctimoniae,
2487 3896 2542 3943 et
2562 3887 2762 3943 Christi
2805 3890 3051 3958 spiritus.
3102 3893 3171 3945 At
3200 3908 3477 3963 nunquam
3508 3899 3590 3952 vel
3624 3916 3725 3955 au-
3754 3928 3761 3931 -

2152 3977 2307 4047 gelus
2334 3986 2429 4031 aut
2462 3978 2846 4046 archangelus,
2870 3990 2964 4034 aut
2982 3982 3205 4050 spiritus
3224 3985 3508 4042 ministerii
3537 3993 3725 4060 quales

2151 4075 2281 4121 sunt
2306 4066 2502 4136 angeli,
2533 4068 2833 4136 appellatus
2861 4078 2962 4124 est.
2994 4070 3137 4139 Quin
3188 4074 3296 4127 imo
3342 4076 3518 4132 eidem
3552 4089 3607 4135 et
3637 4081 3727 4135 Fi-

2149 4156 2224 4211 lio
2264 4157 2541 4211 ministrat
2578 4156 2798 4213 Gabriel
2856 4176 2981 4215 cum
3030 4160 3211 4217 Marize
3255 4166 3330 4220 ait
3365 4183 3380 4221 :
3433 4186 3451 4219 ι
3492 4170 3725 4239 Spiritus

2150 4259 2374 4306 sanctus
2401 4251 2747 4320 superveniet
2776 4253 2831 4306 in
2880 4262 2951 4319 te,
2974 4263 3028 4309 et
3049 4256 3220 4312 virtus
3246 4258 3512 4317 Altissimi
3533 4266 3725 4320 ohum-

2149 4339 2330 4394 brabit
2357 4339 2451 4393 tibi
2496 4341 2539 4395 ⁸.
2584 4356 2605 4391 ι
2641 4338 2780 4395 Cum
2812 4342 2978 4412 igitur
3012 4344 3309 4415 Scriptura:
3332 4349 3595 4419 Spiritum
3627 4370 3726 4410 au-

2149 4430 2328 4500 gelum
2352 4445 2463 4486 non
2503 4432 2803 4503 appellent,
2835 4434 2965 4503 quid
2992 4440 3578 4501 excusationishabere
3601 4462 3727 4515 pos-

469 4526 738 4597 τοσαύτης
772 4524 1054 4593 ἀλογίστου
1080 4524 1327 4594 τόλμης;
1364 4523 1500 4575 ὅπου
1534 4536 1596 4589 γε
1628 4520 1722 4573 καὶ
1754 4520 1784 4572 ό
1812 4519 1912 4589 τὴν
1933 4536 2047 4572 τοι-

2156 4520 2260 4575 sint
2296 4520 2352 4575 in
2386 4530 2536 4576 tanta
2582 4534 2801 4602 tamque
2860 4525 3096 4582 absurda
3131 4533 3454 4601 temeritate,
3488 4538 3725 4592 maxime

469 4617 638 4686 αὐτην
674 4617 856 4677 αὐτοῖς
890 4614 1179 4669 κακόνοιαν
1223 4611 1548 4681 έπισπείρας
1593 4609 1943 4673 Οὐαλεντῖνος
1988 4609 2049 4663 τὸ

473 4707 963 4780 μὲνθΠαρὰκλητ-ον
1002 4744 1020 4772 ,
1174 4705 1302 4769 τοὺς
1333 4703 1390 4756 δὲ
1429 4701 1692 4772 ἀγγέλους
1731 4700 2044 4772 ὠνόμασεν·

468 4803 515 4853 sl
541 4801 639 4854 xui.
662 4801 721 4852 ὲν
746 4798 825 4869 τῷ
854 4797 1175 4870 ίσῳοχρόνῳ,
1192 4794 1488 4867 ἡλικιώτην
1516 4796 1627 4857 τοῖς
1648 4792 1899 4862 ἀγγέλοις
1924 4809 2047 4845 συν-

468 4891 659 4944 τάσσει
685 4891 780 4943 καὶ
806 4889 971 4953 αὐτὸς
1001 4889 1063 4942 τὸ
1104 4888 1328 4959 Πνεῦμα
1361 4888 1390 4941 ό
1436 4884 1852 4957 ἀφρονέστατος.
1909 4882 2047 4935 Ἀλλ’

474 4983 605 5045 δδοῦ,
634 4983 819 5051 φασιν,
844 4982 902 5035 ἐν
922 4980 1001 5051 τῷ
1021 4980 1275 5052 προφήτῃ
1296 4978 1544 5049 Ζαχαρία
1706 4975 2045 5047 γέγραπται·

475 5091 495 5123 ι
524 5072 661 5126 Τάδε
687 5072 834 5140 λέγει
863 5073 891 5123 ὁ
913 5070 1162 5139 ἄγγελος,
1188 5071 1217 5122 ό
1241 5068 1417 5125 λαλῶν
1438 5069 1496 5120 ὲν
1526 5066 1669 5138 ὲμοί.
1705 5085 1725 5118 ι
1757 5067 1867 5119 Καὶ
1891 5065 2048 5137 δῆλόν

469 5166 639 5226 ἐστιν,
688 5164 771 5216 ότι
813 5162 1041 5231 ἄγγελον
1083 5156 1219 5215 εἶναι
1268 5159 1330 5213 τὸ
1382 5159 1605 5229 Πνεῦμα
1659 5158 1910 5229 σημαίνει
1956 5158 2049 5211 τὸν

469 5256 527 5308 έν
555 5254 707 5325 αὐτῷ
736 5253 1023 5307 λαλοῦντα.
1040 5252 1211 5307 Τοῦτο
1246 5252 1304 5306 δὲ
1337 5251 1438 5304 οὐκ
1458 5250 1525 5304 ἂν
1553 5246 1728 5313 εἷπον,
1756 5250 1805 5301 εί
1837 5250 1903 5319 τῇ
1926 5249 2050 5303 ἀνα-

470 5345 669 5413 γνώσει
698 5345 1055 5417 προσέχοντες
1084 5340 1244 5416 ἦσαν.
1286 5342 1459 5406 Αὐτὸς
1506 5341 1616 5412 γὰρ
1656 5343 1685 5394 ὁ
1732 5341 2040 5411 Ζαχαρίας,

471 5437 635 5507 ἡνίκα
660 5438 759 5508 τὴν
786 5436 1050 5491 ὀπτασίαν
1076 5436 1204 5507 περὶ
1235 5435 1335 5505 τῆς
1372 5433 1591 5504 λυχνίας
1620 5431 1853 5503 ἑώρακε,
1875 5430 2008 5502 φησί
2028 5449 2040 5462 ·

477 5544 496 5568 ο
531 5528 642 5581 Καὶ
665 5527 936 5599 ἀπεκρίθη
958 5529 987 5581 ό
1010 5526 1238 5595 ἄγγελος
1262 5527 1290 5579 ό
1311 5524 1485 5577 λαλῶν
1508 5525 1567 5576 ὲν
1589 5524 1729 5593 ἐμοὶ,
1755 5522 1848 5575 καὶ
1869 5518 2041 5575 εἶπενο

544 5647 560 5717 ξ
600 5647 730 5717 Agg.
762 5660 824 5710 ti,
857 5646 925 5713 Ἲς
970 5645 1131 5705 ΙΙι-ὺτ.
1192 5662 1288 5713 xu,
1344 5646 1533 5703 26-28.

475 5718 494 5747 ‘
523 5715 691 5773 lacti;
732 5733 805 5783 tv,
846 5717 898 5772 5.

1612 5649 1631 5677 ²
1664 5647 1804 5703 Psal.
1856 5662 1985 5714 xcu,
2039 5649 2089 5701 l.
2168 5645 2231 5702 ³1
2264 5644 2505 5700 Timoth.
2543 5660 2597 5709 ν,
2635 5643 2727 5701 21.

2149 4628 2270 4666 cum
2303 4612 2418 4681 ipse
2448 4611 2787 4682 Valentinus,
2821 4617 2915 4685 qui
2947 4619 3168 4689 impiam
3194 4620 3336 4677 hanc
3352 4635 3585 4681 mentem
3616 4629 3721 4684 illis

2147 4699 2411 4769 inseruit,
2461 4703 2613 4757 illum
2651 4706 2891 4775 quidem,
2922 4706 3284 4775 Paracletum,
3316 4712 3418 4768 hos
3454 4731 3602 4778 vero,
3626 4733 3723 4771 an-

2147 4790 2299 4858 gelos
2330 4791 2715 4859 nominaverit,
2746 4794 2869 4848 licet
2897 4795 3038 4850 idem
3066 4797 3427 4854 stultissimus
3460 4799 3718 4870 Spiritum

2146 4881 2353 4951 angelis
2379 4892 2713 4938 coaetaneum
2737 4886 3041 4955 eodemque
3080 4887 3343 4942 duntaxat
3385 4899 3627 4961 tempore
3656 4908 3720 4949 ac

2147 4970 2269 5025 illos
2296 4973 2569 5027 exstitisse
2599 4976 2849 5029 senserit.
2906 4976 3010 5029 Sed
3064 4990 3211 5041 ecce,
3257 4978 3531 5048 inquiunt,
3576 4984 3715 5050 apud

2147 5061 2466 5130 prophetam
2517 5060 2841 5117 Zachariam
2889 5063 3156 5133 scriptum
3199 5074 3328 5119 est:
3371 5083 3389 5116 ι
3428 5064 3553 5121 Ilazc
3588 5069 3717 5122 dicit

2146 5156 2369 5222 angelus
2397 5154 2489 5223 qui
2521 5154 2759 5223 loquitur
2788 5156 2842 5210 in
2869 5171 2958 5211 me
2993 5156 3014 5187 ‘
3044 5196 3058 5209 .
3099 5173 3119 5207 ι
3158 5156 3321 5226 Atqui
3371 5158 3714 5227 perspicuum

2146 5251 2229 5295 est
2264 5242 2352 5295 hic
2383 5244 2608 5312 spiritus
2645 5246 2865 5300 nomine
2897 5246 3147 5316 angelum
3174 5246 3227 5299 in
3264 5246 3383 5316 ipso
3411 5246 3714 5317 loquentem

2147 5330 2462 5399 signiﬁcari.
2501 5332 2700 5389 Verum
2744 5336 2797 5389 id
2828 5336 3052 5389 minime
3072 5336 3331 5401 dicerent,
3371 5338 3419 5393 si
3468 5340 3611 5409 quod
3644 5340 3715 5395 le-

2148 5432 2281 5494 gunt
2310 5424 2509 5479 vellent
2540 5426 2834 5482 attendere.
2881 5424 3016 5479 Nam
3060 5425 3356 5481 Zacharias
3406 5428 3460 5481 in
3516 5430 3687 5485 cande

2146 5518 2289 5572 labri
2334 5518 2543 5573 visione
2572 5520 2687 5574 ait:
2721 5538 2739 5571 ι
2776 5518 2839 5572 Ει
2861 5519 3137 5587 respondit
3160 5518 3384 5590 angelus
3418 5521 3511 5590 qui
3533 5522 3719 5592 loque-

2806 5647 2824 5675 ³
2859 5641 3022 5700 llebr.
3078 5660 3119 5710 ι,
3159 5646 3242 5701 Η.
3322 5659 3340 5679 ο
3367 5644 3497 5702 Luc.
3538 5663 3578 5714 ι,
3633 5648 3720 5703 55.
