4030 6222
2758 162 2791 191 κ

444 260 554 323 6l9
1645 258 2043 319 EUTHYMII
2082 261 2446 320 ZlGABENl
3444 336 3449 343 ι
3595 278 3695 338 700

448 374 609 426 batur
638 370 690 425 in
716 386 823 437 me,
857 381 912 427 ct
934 372 1076 429 dixit
1109 389 1126 439 ;
1174 370 1450 441 Numquid
1502 370 1679 425 nescis
1704 370 1836 439 quid
1889 379 2004 425 sunt

2121 373 2195 427 Οὺ
2236 374 2528 442 γινώσκεις
2574 374 2627 429 τί
2656 376 2772 430 ἐστι
2802 376 3013 445 ταῦτα;
3046 378 3158 433 Kal
3182 373 3357 435 εἷπον·
3392 384 3549 455 Οὐχὶ,
3582 389 3691 441 Κύ.

445 464 606 519 haec?
633 462 697 519 Et
718 465 831 519 dixi
864 482 879 519 :
907 462 1047 532 Non,
1076 465 1323 519 Domine.
1354 464 1420 518 Et
1443 463 1747 533 respondit,
1780 462 1928 516 etalt
1949 465 2004 514 ad

2126 478 2233 530 ριε.
2274 464 2384 515 Καὶ
2434 464 2729 534 ἀπεκρίθη,
2773 468 2868 519 καὶ
2899 462 3019 521 εἷπε
3052 469 3189 539 πρὸς
3226 470 3295 538 μὲ
3322 470 3518 539 λέγων·
3590 471 3691 529 0'5-

443 571 553 619 me,
590 557 815 620 dicens;
847 555 960 611 Hoc
983 568 1064 611 est
1088 557 1310 609 verbum
1357 555 1569 610 Domini
1603 555 1669 609 ad
1693 552 2004 620 Zorobabel1

2121 570 2211 617 τος
2241 556 2269 607 6
2306 556 2465 624 λόγος
2516 558 2720 628 Κυρίου
2771 562 2909 629 πρὸς
2952 563 3275 631 Ζοροϐάϐελ,
3327 566 3524 633 λέγων’
3581 572 3692 623 Οὐκ

442 648 671 703 dicens:
704 651 818 704 Non
854 651 907 704 in
961 655 1160 705 virtute
1199 666 1416 719 magna,
1444 666 1544 706 nec
1578 652 1634 706 in
1662 652 1879 717 robore,
1921 651 2004 706 sed

2122 651 2180 701 tv
2208 651 2435 717 δυνάμει
2472 652 2703 720 μεγάλῃ,
2741 652 2861 705 οὐδὲ
2894 654 2953 706 ἐν
2984 654 3149 725 ίσχύῖ,
3182 656 3298 708 ἀλλ’
3326 656 3385 710 ἂν
3416 659 3689 730 Πνεῦματί

444 742 500 795 in
533 742 737 810 Spiritu
760 758 903 807 meo,
936 743 1066 797 dicit
1095 744 1359 800 Dominus
1401 746 1749 813 omnipotens
1780 746 1819 798 ί.
1862 764 1883 797 ι
1938 744 2004 798 Ea

2126 759 2251 811 μου,
2287 742 2439 809 λέγει
2495 744 2697 811 Κύριος
2747 748 3161 815 παντοκράτωρ.
3208 768 3225 800 ι
3283 749 3521 820 Εὔδηλον
3574 752 3687 817 οὖν,

442 835 645 901 quibus
673 835 839 903 liquet
871 838 1126 905 angelum
1187 839 1279 906 qui
1332 840 1609 907 prophetae
1668 838 2004 908 loquebatur,

2120 834 2193 895 ὡς
2261 834 2290 885 6
2345 833 2521 888 λαλῶν
2572 836 2827 902 ἄγγελος
2866 838 2945 906 τῷ
3024 842 3278 911 προφήτῃ
3338 843 3439 897 οὐκ
3494 840 3566 916 ἦν
3628 848 3690 901 τὸ

443 943 550 981 non
631 926 799 981 fuisse
853 927 1113 997 Spiritum
1150 939 1426 995 sanctum,
1456 929 1550 984 sed
1607 928 1759 983 illum
1793 930 2004 999 quidem

2117 925 2341 996 Πνεῦμα
2371 930 2432 981 τὸ
2465 926 2644 994 ἆγιον,
2681 930 2796 981 ἀλλ’
2830 932 2991 993 αὑτὸς
3023 933 3123 1001 μὲν
3156 934 3413 1000 ἄγγελος.
3450 938 3512 990 τὸ
3537 938 3594 990 δι
3627 938 3688 991 τὸ

439 1032 559 1071 esse
593 1018 865 1087 angelum,
898 1018 1041 1073 hunc
1074 1028 1253 1073 autem
1278 1035 1400 1073 esse
1420 1019 1680 1089 Spiritum
1714 1020 1801 1074 Dei
1830 1020 2009 1074 omni-

439 1110 693 1176 potentis,
729 1110 815 1161 cui
844 1118 897 1163 et
936 1110 1157 1178 angelus
1188 1112 1479 1170 ministrat,
1511 1112 1715 1181 quique
1747 1127 1774 1164 a
1815 1112 2008 1166 divini-

446 1208 556 1252 tate
596 1197 761 1252 dividi
787 1202 996 1267 nequit,
1039 1215 1103 1254 ac
1123 1202 1272 1255 verbi
1331 1202 1582 1270 proprius
1605 1212 1705 1256 est.
1760 1201 1914 1268 Quod
1964 1205 2007 1257 si

434 1292 679 1347 Apostoli
710 1291 870 1345 verba
905 1292 1059 1345 nobis
1091 1294 1472 1359 Opposuerint,
1526 1297 1615 1363 qui
1659 1296 1863 1350 scilicet
1892 1305 2012 1362 post

432 1383 711 1433 L'hrtstum
742 1381 939 1435 electos
962 1385 1182 1451 angelos
1205 1384 1506 1437 nominavit
1531 1402 1545 1451 ;
1572 1386 1752 1437 dicant
1785 1386 2004 1451 quinam

433 1488 500 1524 ex
527 1472 631 1527 illis
655 1468 907 1528 omnibus
924 1473 1171 1527 Trinitati
1198 1476 1576 1545 adjungendus
1600 1478 1708 1530 sit?
1730 1475 1839 1531 Nec
1860 1477 2005 1529 enim

438 1581 625 1618 mrtttcs
657 1582 799 1619 unus
834 1576 962 1620 sunt
989 1582 1237 1620 numero.
1272 1570 1378 1621 Aut
1406 1570 1531 1637 quis
1584 1568 1799 1622 illorum
1828 1569 1881 1621 in
1912 1584 2007 1622 co-

438 1655 637 1709 lumine
668 1658 848 1724 specie
873 1658 923 1710 in
960 1656 1251 1712 Jordanem
1299 1660 1616 1723 descendit?
1663 1660 1797 1714 Nam
1841 1661 2005 1714 millia

440 1749 667 1799 millium
719 1758 769 1801 et
833 1750 1012 1803 decies
1046 1749 1241 1803 millies
1284 1750 1422 1804 dena
1474 1752 1641 1805 millia
1697 1754 2010 1806 ministrant

438 1839 486 1889 ei
553 1838 591 1891 ².
645 1837 739 1892 Vel
767 1855 936 1909 quare
980 1842 1133 1896 crelis
1181 1843 1383 1912 apertis
1433 1859 1541 1897 non
1582 1846 1785 1899 dictum
1814 1856 1915 1907 est,
1944 1843 2011 1897 Et

441 1928 718 1982 descendit
766 1932 964 2000 aliquis
1012 1949 1079 1987 ex
1139 1934 1325 1987 electis
1369 1936 1594 2005 angelis,
1625 1937 1742 2002 sed,
1773 1937 2008 2004 Spiritus

440 2022 698 2075 sanctus?
734 2023 823 2076 Vel
874 2040 1043 2093 quare
1090 2026 1203 2095 ipse
1236 2026 1500 2082 Dominus
1533 2028 1598 2081 de
1652 2026 1756 2080 line
1794 2039 2002 2095 tempo-

439 2130 559 2165 rum
590 2130 709 2166 eum
744 2114 1025 2185 discipulis
1053 2117 1349 2183 disserens,
1588 2117 1842 2171 distincte
1884 2119 1958 2171 ait
1990 2135 2003 2170 :

442 2224 459 2254 ι
491 2203 661 2258 Mittet
695 2204 863 2259 Filius
891 2205 1127 2262 hominis
1150 2210 1369 2277 angelos
1401 2223 1531 2263 suos
1561 2208 1645 2262 '7»
1678 2208 1808 2263 Item
1834 2218 1885 2263 et
1912 2225 2008 2263 an-

439 2305 521 2349 tea
553 2296 752 2349 dictum
800 2295 1021 2352 fuerat:
1062 2316 1081 2349 (
1120 2298 1311 2371 Angeli
1363 2300 1747 2355 ministrabant
1786 2301 1836 2355 ei
1900 2304 1939 2353 ⁸.
1982 2321 2000 2353 ι

441 2386 641 2440 lterum
677 2404 894 2457 quoque
921 2390 1057 2444 dixit
1110 2408 1123 2444 :
1155 2409 1173 2442 ι
1227 2390 1463 2446 Exibunt
1498 2393 1675 2462 angeli
1730 2397 1772 2448 ⁵.
1818 2412 1837 2445 ›
1868 2392 2004 2447 Cum

436 2490 566 2529 vero
591 2477 870 2547 discipulis
899 2489 1149 2534 sanctum
1191 2482 1456 2574 Spiritum
1498 2484 1672 2548 daret,
1696 2485 1808 2539 ait:
1850 2504 1870 2536 ι
1907 2486 2007 2539 Ac-

434 2566 599 2634 cipite
640 2568 898 2638 Spiritum
940 2566 1213 2627 sanctum'
1258 2574 1297 2626 ⁸.
1337 2593 1355 2623 ι
1398 2573 1612 2629 Rursus
1654 2584 1706 2630 et
1732 2592 1855 2631 cum
1882 2593 2045 2632 θος-ε

435 2658 557 2711 dem
594 2660 658 2713 ad
701 2663 1099 2729 przedicaudum
1144 2665 1329 2719 misit:
1364 2684 1382 2716 ι
1407 2664 1632 2730 Euntes,
1667 2666 1864 2736 inquit,
1915 2668 2004 2722 do-

435 2760 551 2803 cete
573 2766 763 2806 omnes
795 2762 1001 2822 gentes.
1056 2755 1398 2824 haptizantes
1432 2774 1529 2813 eos
1566 2758 1620 2813 in
1653 2761 1871 2815 nomine
1901 2759 2005 2815 Pa-

439 2839 536 2893 tris
587 2851 639 2894 et
677 2840 795 2895 Filii
826 2856 878 2898 et
925 2846 1161 2915 Spiritus
1192 2850 1368 2904 sancti
1407 2852 1445 2903 ⁷.
1480 2869 1498 2901 ι
1530 2848 1639 2905 Nec
1664 2826 1805 2905 enim
1837 2867 2002 2921 ange-

436 2932 548 2985 lum
586 2948 708 2987 cum
750 2935 1027 2990 divinitate
1058 2940 1357 3006 copulavit,
1391 2956 1569 3011 neque
1620 2957 1721 2995 nos
1760 2943 1863 2997 sibi
1902 2943 2003 3012 ipsi

2035 1702 2077 1756 Β

2114 1018 2337 1086 Πνεῦμα
2385 1018 2481 1070 τοῦ
2547 1020 2684 1072 Θεοῦ
2746 1022 2861 1074 ἐστι
2922 1023 3017 1075 τοῦ
3073 1028 3540 1096 παντοκράτορος·
3592 1031 3689 1082 καὶ
3748 1068 3753 1073 -

2114 1111 2442 1165 διακονεῖται
2497 1112 2597 1181 μὲν
2657 1112 2791 1182 παρ’
2817 1114 3071 1181 ἀγγέλου,
3138 1116 3445 1186 ἀδιαίρετον
3476 1118 3534 1172 δὲ
3587 1123 3689 1191 τῆς

2117 1205 2370 1275 θεότητος
2404 1206 2537 1267 ἐστι,
2576 1207 2667 1259 καὶ
2699 1205 2831 1258 [διον
2856 1208 2949 1258 τοῦ
2978 1208 3157 1275 λόγου.
3203 1210 3357 1262 Ἐπεὶ
3379 1212 3431 1262 εί
3460 1213 3520 1264 τὸ
3554 1213 3690 1265 ἀπο-

2121 1296 2365 1349 στολικὸν
2398 1297 2826 1364 προφασίζονται
2855 1299 3043 1368 ῥητὸν,
3078 1301 3246 1355 διὰτὸ
3275 1303 3527 1372 εἰρῆσθαι
3552 1306 3689 1373 μετά

2108 1386 2197 1435 τὸν
2232 1388 2461 1456 Χριστὸν
2481 1389 2606 1449 τοὺς
2634 1388 2923 1449 ἐκλεκτοὺς
2951 1388 3239 1455 ἀγγέλους,
3267 1387 3579 1441 εἰπάτωσαν
3601 1394 3686 1452 τίς

2110 1478 2173 1528 ὲκ
2192 1477 2408 1529 πάντων
2431 1478 2633 1531 τούτων
2663 1480 2809 1531 ἐστὶν
2825 1480 2853 1531 6
2885 1481 2952 1547 τῇ
3093 1479 3283 1550 Τριάδι
3323 1480 3679 1551 συντασσόμε-

2109 1585 2225 1632 νος;
2262 1570 2335 1621 Οὺ
2383 1570 2490 1641 γὰρ
2631 1570 2832 1634 πάντες
2876 1570 2957 1636 εἷς
3000 1572 3106 1624 είσι
3138 1571 3214 1641 τῷ
3263 1571 3501 1643 ἀριθμῷ*
3535 1573 3568 1642 ἢ
3604 1573 3688 1636 τίς

2108 1660 2285 1712 αὐτῶν
2326 1662 2473 1713 ἐστιν
2511 1661 2539 1711 6
2578 1661 2853 1714 κατελθὼν
2883 1664 2963 1725 είς
2997 1662 3088 1714 τὸν
3148 1662 3420 1733 Ἰορδάνην
3453 1663 3514 1715 ὲν
3558 1661 3688 1715 εῖδει

2108 1752 2469 1820 περιστερᾶςς
2497 1752 2676 1804 Χίλιαι
2712 1750 2821 1823 γὰρ
2850 1752 3085 1821 χιλιάδες
3116 1753 3223 1806 εἰσὶ
3246 1754 3341 1806 καὶ
3372 1753 3565 1824 μύριαι
3587 1770 3688 1823 μυ-

2111 1840 2290 1911 ριάδες
2312 1845 2359 1894 οἱ
2388 1842 2848 1912 λειτουργοῦντες.
2874 1847 2942 1899 Ἦ
2972 1846 3059 1898 διὰ
3078 1845 3150 1909 τί,
3185 1847 3557 1916 ἀνοιγομένων
3578 1846 3686 1899 τῶν

2107 1933 2384 2003 οὐρανῶν,
2424 1934 2523 1987 οὐκ
2560 1938 2796 2007 εἴρηται,
2844 1938 2953 1990 Kal
2987 1938 3259 2006 κατῆλθεν
3286 1939 3350 1991 ἐκ
3389 1938 3500 1993 τῶν
3528 1937 3685 1991 ἐκλε-

2109 2024 2253 2076 κτῶν
2282 2022 2551 2092 ἀγγέλων,
2579 2024 2737 2091 ἀλλὰ,
2766 2026 2826 2079 τὸ
2864 2026 3089 2097 Πνεῦμα
3113 2028 3175 2080 τὸ
3202 2029 3387 2097 ἆγιον;
3415 2030 3488 2081 Ἦ
3518 2028 3606 2082 διὰ
3630 2029 3684 2082 τί

2108 2115 2267 2179 αὐτὸς
2287 2116 2314 2167 ὁ
2345 2115 2545 2187 Κύριος
2572 2118 2699 2188 περὶ
2732 2118 2830 2187 μὲν
2852 2120 2951 2189 τῆς
2973 2120 3280 2184 συντελείας
3307 2120 3685 2189 διαλεγόμενος

2107 2208 2217 2269 τοῖς
2261 2206 2546 2276 μαθηταῖς,
2574 2208 2895 2261 διαστέλλων
2930 2210 3027 2279 μὲν
3050 2211 3262 2279 ἔλεγεν·
3300 2230 3321 2262 ι
3376 2212 3689 2264 Ἀποστελεῖ

2106 2300 2133 2350 6
2167 2298 2294 2362 Υἱὸς
2320 2298 2413 2351 τοῦ
2440 2300 2733 2371 ἀνθρώπου
2785 2303 2912 2365 τοὺς
2960 2302 3223 2371 ἀγγέλους
3256 2304 3422 2356 αὑτοῦ
3450 2320 3464 2370 ;
3516 2323 3538 2356 ι
3576 2306 3685 2359 Καὶ

2105 2392 2212 2462 πρὸ
2243 2390 2445 2444 τούτων
2480 2392 2693 2463 εἴρητο·
2734 2412 2750 2443 ι
2790 2395 2851 2446 Οἱ
2882 2394 3100 2462 ἄγγελοι
3143 2395 3421 2464 διηκόνουν
3458 2396 3628 2467 αὐτῷ.
3659 2415 3678 2448 ι

2106 2480 2216 2532 Kal
2244 2482 2405 2535 πάλιν
2442 2482 2603 2544 αὐτὸς
2623 2483 2802 2551 λέγει·
2842 2502 2861 2535 ι
2910 2483 3310 2547 Ἐξελεύσονται
3335 2486 3385 2537 oi
3406 2484 3678 2554 ἄγγελοι.»

2104 2573 2232 2635 Τοῖς
2273 2573 2330 2625 δὲ
2390 2573 2658 2642 μαθηταῖς
2711 2575 2885 2638 διδοὺς
2918 2576 3073 2643 ἔλεγε
3141 2594 3159 2626 ι
3194 2575 3400 2629 Λάϐετε
3460 2576 3685 2647 Πνεῦμα

2104 2666 2292 2733 ἃγιον²
2338 2685 2357 2717 ι
2386 2665 2730 2718 ἀποστέλλων
2758 2683 2818 2718 τε
2858 2667 3054 2731 αὐτοὺς
3095 2667 3280 2735 ἔλεγε·
3322 2686 3343 2718 ι
3382 2668 3684 2739 Πορευθέν-

2104 2773 2195 2819 τες
2248 2754 2625 2826 μαθητεύσατε
2783 2757 2962 2811 πάντα
3012 2757 3081 2811 τὰ
3132 2758 3260 2829 ἔθνη
3284 2757 3682 2828 ,βαπτίζοντες

2106 2847 2301 2909 αὐτοὺς
2328 2849 2407 2909 είς
2434 2847 2493 2898 τὸ
2518 2846 2687 2917 ὄνομα
2718 2846 2810 2900 τοῦ
2849 2847 3065 2919 Πατρὺς
3084 2888 3098 2911 ,
3143 2848 3241 2901 καὶ
3276 2846 3369 2901 τοῦ
3397 2844 3561 2910 Υίοῦ,
3588 2848 3683 2900 καὶ

2106 2938 2199 2992 τοῦ
2233 2939 2387 3008 ἁγίου
2418 2939 2755 3009 Πνεύματος.
2802 2958 2820 2991 ι
2858 2941 2932 2992 Οὐ
2977 2940 3087 3010 γὰρ
3124 2940 3355 3009 ἄγγελον
3390 2939 3681 2993 συνέτασσε

437 3030 490 3076 et
517 3021 666 3077 Patri
696 3025 749 3078 in
781 3041 837 3079 re
870 3037 1049 3080 creata
1078 3029 1381 3097 conjunxit,
1410 3032 1503 3085 sed
1556 3032 1610 3085 in
1642 3033 1845 3101 Spiritu
1872 3050 1969 3088 san
1990 3064 2004 3076 -

2106 3035 2170 3103 τῇ
2195 3032 2429 3104 θεότητι,
2460 3031 2581 3085 οὐδὲ
2619 3034 2677 3085 ὲν
2712 3032 2970 3103 κτίσματι
3001 3033 3271 3103 συνῆπτεν
3311 3033 3462 3105 ἡμᾶς
3504 3030 3680 3102 ἑαυτῷ

437 3124 546 3181 cto,
574 3131 734 3185 quem
766 3132 888 3170 cum
942 3120 1299 3187 promitteret,
1333 3137 1440 3175 non
1497 3124 1574 3176 ait
1639 3139 1697 3177 se
1746 3125 2033 3194 angelum'

438 3206 673 3272 mittere,
700 3207 792 3261 sed
833 3227 851 3259 ι
890 3208 1153 3275 Spiritum
1183 3212 1427 3265 veritatis
1458 3213 1551 3281 qui
1583 3229 1613 3265 a
1665 3211 1826 3267 Patre
1877 3232 2006 3285 pro-

435 3298 597 3363 cedit,
645 3303 666 3335 ε
689 3317 707 3350 ι
746 3300 840 3369 qui
863 3302 1005 3354 idem
1032 3316 1099 3356 ex
1125 3302 1245 3371 ipso
1269 3304 1465 3372 accipit
1494 3312 1548 3358 et
1574 3305 1757 3359 datur.

624 3579 841 3652 Moyses
865 3594 1083 3651 quoque
1103 3580 1195 3650 qui
1232 3582 1457 3653 angelos
1486 3582 1706 3651 quidem
1740 3598 1828 3638 res
1852 3598 2005 3638 crea-

435 3686 522 3731 tas
551 3688 693 3737 esse,
753 3672 1013 3743 Spiritum
1070 3680 1251 3728 autem
1295 3684 1544 3729 sanctum
1598 3673 1733 3728 Filio
1754 3684 1807 3729 et
1857 3672 2003 3728 Patri

435 3768 788 3837 coniunctum
848 3774 1096 3833 noverat,
1152 3766 1263 3823 Deo
1317 3766 1420 3837 ipsi
1489 3766 1738 3821 dicente:
1778 3786 1795 3818 ι
1840 3768 2003 3831 Vade,

436 3859 667 3915 ascende
714 3858 781 3913 de
836 3857 959 3913 loco
1012 3859 1119 3913 isto
1166 3867 1222 3913 tu
1265 3868 1318 3913 et
1366 3859 1599 3929 populus
1654 3868 1779 3913 tuus
1843 3873 2002 3927 quem

434 3950 669 4005 eduxisti
701 3949 767 4003 de
800 3961 941 4004 terra
966 3947 1211 4019 Egypti,
1255 3951 1309 4002 in
1358 3957 1560 4003 terram
1616 3964 1778 4017 quam
1823 3948 2003 4017 juravi

435 4042 735 4103 Abraham,
773 4040 923 4096 Isaac
965 4048 1018 4095 et
1068 4039 1258 4107 Jacob,
1310 4041 1534 4095 dicens:
1564 4041 1768 4095 Semint
1814 4050 2000 4095 vestro

438 4134 581 4187 dabo
601 4149 719 4187 eam
755 4143 848 4187 :et
887 4134 1097 4186 mittam
1132 4142 1257 4188 ante
1306 4134 1501 4188 faciem
1549 4142 1697 4187 tuam
1747 4136 1998 4203 angelum

446 4243 648 4290 meum,
678 4234 730 4279 et
773 4226 951 4294 ejiciet
971 4225 1338 4280 Chananaeum
1372 4232 1426 4293 ⁹;
1456 4244 1473 4278 ι
1528 4226 1578 4280 id
1608 4228 1900 4289 recusavit,
1930 4227 2002 4281 ita

438 4317 773 4384 respondens
806 4332 818 4367 :
857 4334 874 4367 ι
906 4314 1017 4370 Nisi
1050 4317 1164 4385 ipse
1197 4316 1563 4387 proﬁciscaris
1590 4317 1902 4384 nobiscum,
1934 4333 2003 4371 ne

436 4423 523 4461 me
552 4422 615 4460 ex
642 4406 746 4460 isto
770 4406 889 4461 loco
922 4408 1122 4462 educas
1156 4413 1216 4460 ³ο.
1260 4427 1277 4459 ι
1311 4405 1534 4462 Nolebat
1587 4423 1780 4477 nempe
1831 4424 2002 4477 popu-

438 4499 547 4553 lum
580 4516 607 4551 a
637 4515 695 4551 re
736 4512 917 4552 creata
949 4499 1097 4564 duci,
1128 4515 1195 4553 ne
1235 4499 1313 4553 rei
1368 4508 1562 4554 creatae
1610 4502 1792 4568 potius
1840 4516 2003 4569 quam

439 4592 548 4645 Deo
573 4592 813 4645 omnium
845 4590 1095 4645 Creatori
1126 4590 1333 4645 servire
1360 4591 1649 4645 discerent.
1682 4591 1839 4645 Certe
1865 4590 2004 4643 idem

435 4686 526 4740 ille
581 4692 671 4754 qui
718 4683 969 4755 angelum
1018 4683 1211 4737 ducem
1265 4682 1465 4737 habere
1507 4689 1782 4743 rennerat,
1836 4684 2004 4736 Deum

434 4779 611 4849 ipsum
646 4788 704 4831 ut
732 4778 814 4830 sui
849 4776 955 4829 dux
1000 4783 1145 4830 esset
1194 4774 1423 4844 rogavit.
1480 4771 1635 4839 Quod
1672 4788 1795 4826 cum
1858 4777 2003 4828 Deus

434 4870 709 4942 pollicitus
776 4866 878 4936 ipsi
932 4866 1320 4934 responderit:
1363 4882 1380 4914 ι
1436 4861 1501 4916 Et
1558 4863 1701 4917 istud
1774 4863 1999 4917 verbum

435 4972 611 5025 tuum,
666 4959 809 5029 quod
869 4959 1081 5013 locutus
1130 4972 1210 5020 es,
1248 4955 1442 5009 faciam
1491 4970 1503 5006 :
1556 4954 1806 5007 invenisti
1854 4956 1998 5009 enim

436 5054 663 5123 gratiam
694 5066 877 5104 coram
932 5064 1040 5113 me,
1096 5058 1149 5102 et
1200 5048 1322 5100 novi
1354 5057 1404 5101 te
1437 5061 1547 5114 pra:
1582 5046 1890 5101 omnibus“
1923 5062 1938 5100 :
1974 5066 1993 5099 ι

431 5159 553 5197 cum
588 5143 713 5195 item
745 5142 866 5194 imle
891 5140 943 5193 in
976 5139 1114 5193 Isaia
1158 5141 1423 5207 scriptum
1456 5151 1698 5208 tegamus
1735 5157 1747 5192 :
1783 5157 1797 5188 ι
1836 5138 1938 5204 Qui
1967 5155 1992 5197 ε

430 5245 570 5288 terra
600 5234 786 5287 eduxit
807 5241 1079 5301 pastorem
1109 5230 1289 5284 ovium
1320 5248 1332 5283 :
1362 5229 1452 5282 ubi
1478 5237 1560 5283 est
1596 5231 1687 5297 qui
1732 5240 1910 5299 posuit
1944 5231 1987 5287 il

428 5322 561 5392 ipsis
607 5320 875 5392 Spiritum
918 5329 1192 5384 sanctum,
1220 5320 1312 5390 qui
1351 5320 1571 5391 Moysen
1616 5322 1844 5377 dextera
1905 5321 2002 5376 de-

427 5413 581 5467 duxit
616 5414 704 5467 "7
741 5432 757 5464 ι
797 5422 850 5469 et
880 5415 1041 5482 paulo
1091 5422 1213 5482 post
1250 5431 1263 5466 :
1298 5431 1317 5465 ι
1359 5414 1654 5467 Descendit
1696 5414 1927 5485 Spiritus
1968 5432 1996 5471 a

2032 4454 2075 4508 D

2104 3139 2163 3175 τε
2187 3124 2280 3175 καὶ
2300 3122 2379 3193 τῷ
2401 3124 2595 3193 Πατρὶ,
2627 3122 2741 3175 ἀλλ’
2773 3124 2829 3176 ὲν
2849 3122 2926 3193 τῷ
2954 3122 3233 3196 Πνεύματι
3261 3123 3338 3195 τῷ
3363 3124 3525 3195 ἁγίῳ,
3546 3124 3676 3193 ἅπερ

2106 3213 2265 3276 αὐτὸς
2295 3213 2759 3285 ἐπαγγελλόμενος
2899 3214 2999 3267 οὐκ
3027 3214 3249 3285 εἴρηκεν
3282 3215 3514 3285 ᾶγγελον
3549 3217 3678 3270 ἀπο-

2107 3305 2365 3369 στέλλειν,
2394 3305 2526 3359 ana
2549 3324 2567 3356 ι
2594 3306 2654 3358 τὸ
2677 3305 2897 3375 Πνεῦμα
2925 3306 3025 3377 τῆς
3056 3305 3330 3375 ἀληθείας,
3354 3307 3388 3360 6
3410 3305 3565 3379 παρὰ
3587 3306 3678 3360 τοῦ

2106 3398 2319 3465 Πατρὸς
2344 3398 2725 3469 ἐκπορεύεται,
2766 3416 2785 3452 ι
2813 3399 2909 3452 xal
2940 3400 3006 3453 ὲκ
3051 3398 3149 3451 τοῦ
3196 3398 3363 3457 αὐτοῦ
3417 3398 3679 3470 λαμὸάνει

2106 3486 2201 3540 καὶ
2233 3486 2452 3540 δίδοται.

2306 3600 2415 3652 Καὶ
2433 3600 2640 3671 Μωσῆς
2668 3601 2720 3669 γ’
2748 3595 2862 3665 οῦν,
2892 3600 3177 3669 γινώσκων
3218 3604 3347 3667 τοὺς
3396 3604 3496 3674 μὲν
3518 3606 3680 3674 ἀγγέ-

2104 3690 2227 3754 λους
2252 3690 2545 3762 κτίσματα,
2576 3689 2633 3743 τὸ
2663 3690 2719 3743 δὲ
2744 3690 2969 3761 Πνεῦμα
2993 3691 3053 3744 τὸ
3088 3690 3244 3760 ἅγιον
3280 3693 3563 3764 ἡνωμένον
3606 3694 3679 3765 τῷ

2104 3781 2219 3852 Υίῴ
2248 3782 2340 3835 καὶ
2364 3782 2442 3852 τῷ
2471 3783 2666 3854 Πατρὶ,
2706 3782 2959 3852 λέγοντος
2991 3781 3140 3854 αὐτῷ
3177 3782 3271 3837 τοῦ
3295 3784 3467 3838 Θεοῦ’
3514 3804 3533 3837 ι
3574 3786 3677 3839 Πο-

2109 3872 2265 3945 ρεύου
2291 3914 2305 3937 ,
2340 3873 2570 3945 ἀνάϐηθι
2598 3873 2850 3926 ἐντεῦθεν
2879 3874 2943 3926 σὺ
3092 3876 3185 3928 καὶ
3212 3878 3240 3929 6
3262 3876 3390 3940 λαός
3438 3893 3555 3943 σου,
3590 3875 3680 3941 οὓς

2105 3964 2371 4034 ἐξήγαγες
2402 3966 2465 4017 ἐκ
2496 3968 2599 4035 γῆς
2632 3965 2909 4033 Αἰγύπτου
2948 3968 3029 4029 εἰς
3073 3967 3171 4037 τὴν
3217 3967 3342 4037 γῆν,
3377 3968 3444 4039 ἢν
3490 3967 3680 4039 ὤμοσα

2103 4054 2179 4126 τῷ
2216 4055 2483 4125 Ἀϐραὰμ,
2511 4058 2604 4109 καὶ
2636 4056 2713 4125 τῷ
2748 4057 2953 4121 Ἰσαὰκ,
2992 4060 3085 4112 καὶ
3108 4059 3183 4130 τῷ
3236 4058 3431 4112 Ἰακὼσ
3467 4060 3640 4127 λέγων
3663 4075 3678 4089 ·

2103 4145 2193 4214 Τῷ
2222 4146 2491 4215 σπέρματι
2515 4146 2669 4216 ὑμῶν
2714 4146 2870 4200 δώσω
2903 4149 3071 4219 αὑτήν
3094 4167 3109 4180 ·
3152 4148 3246 4203 καὶ
3298 4152 3680 4203 συναποστελῶ

2104 4236 2210 4307 πρὸ
2241 4237 2527 4309 προσώπου
2563 4254 2656 4291 σου
2690 4238 2778 4291 τὸν
2806 4239 3035 4308 ἄγγελόν
3078 4259 3198 4311 μου,
3233 4242 3325 4296 καὶ
3343 4242 3564 4295 ἐκϐαλεῖ
3590 4242 3683 4295 τὸν

2102 4329 2403 4381 Χαναναῖον
2424 4346 2437 4359 ·
2476 4349 2493 4380 ι
2533 4333 2877 4400 παραιτεῖται
3020 4332 3194 4401 λέγων
3217 4351 3229 4363 ο
3268 4350 3286 4383 ι
3317 4332 3378 4384 El
3410 4332 3483 4403 μὴ
3524 4332 3682 4395 αὐτὸς

2104 4418 2422 4491 συμπορεύῃ
2469 4419 2586 4490 μεθ’
2620 4420 2797 4490 ἡμῶν,
2832 4422 2904 4493 μή
2935 4439 3000 4492 με
3029 4423 3314 4496 ἀναγάγῃς
3340 4424 3607 4477 ἐντεῦθεν.
3654 4442 3672 4475 ι

2103 4511 2214 4563 Οὐκ
2238 4510 2484 4564 ἐϐούλετο
2511 4513 2618 4582 γὰρ
2640 4513 2845 4583 κτίσμα
2985 4515 3346 4587 προηγεῖσθαι
3388 4516 3485 4569 τοῦ
3524 4515 3677 4577 λαοῦ,

2102 4602 2189 4655 ἴνα
2222 4601 2296 4673 μὴ
2342 4602 2552 4672 μάθωσι
2596 4603 2877 4675 λατρεύειν
2916 4609 2980 4676 τῇ
3032 4609 3208 4659 κτίσει
3252 4602 3402 4678 παρὰ
3442 4608 3533 4661 τὸν
3573 4607 3683 4660 κτί-

2108 4709 2270 4745 σαντα
2295 4692 2364 4744 τὰ
2389 4693 2565 4746 πάντα
2588 4693 2739 4748 Θεόν.
2785 4695 3022 4765 Ἀμέλει,
3045 4698 3133 4749 τὸν
3158 4697 3384 4766 ἄγγελον
3416 4715 3680 4769 παραιτη-

2104 4784 2356 4854 σάμενος,
2387 4786 2686 4855 παρεκάλει
2719 4785 2880 4840 αὐτὸν
2914 4788 3004 4840 τὸν
3033 4788 3164 4841 Θεὸν
3195 4790 3555 4861 καθηγεῖσθαι
3582 4790 3679 4842 αὐ-

2102 4873 2232 4927 τῶν.
2266 4873 2371 4927 Τοῦ
2398 4873 2452 4926 δὲ
2478 4872 2611 4926 Θεοῦ
2641 4874 3107 4945 ἐπαγγειλαμένου
3139 4878 3230 4929 καὶ
3264 4876 3507 4939 εἰπόντος
3543 4876 3677 4946 πρὸς

2104 4963 2264 5017 αὐτόν
2308 4979 2324 4995 ·
2444 4981 2463 5014 ι
2500 4962 2609 5015 Καὶ
2633 4962 2821 5017 τοῦτόν
2858 4981 2951 5017 σου
2989 4965 3080 5017 τὸν
3108 4964 3267 5033 λόγον
3289 5006 3303 5030 ,
3338 4964 3397 5017 ὃν
3426 4966 3673 5034 εἴρηκας,

2102 5056 2312 5127 ποιήσω
2332 5071 2347 5085 ⁸
2377 5054 2615 5126 εὕρηκας
2634 5056 2743 5129 γὰρ
2769 5058 2927 5128 χάριν
2954 5056 3182 5110 ἐνώπιόν
3207 5075 3329 5127 μου,
3357 5058 3449 5109 καὶ
3478 5054 3594 5109 οἶδά
3615 5070 3674 5108 σε

2106 5147 2254 5217 παρὰ
2281 5148 2517 5211 πάντας⁸
2552 5166 2570 5199 ι
2596 5148 2903 5219 γέγραπται
2936 5150 2992 5200 ὲν
3020 5148 3100 5218 τῷ
3139 5148 3368 5218 Ἦσατᾳο
3413 5165 3431 5197 ι
3474 5148 3530 5199 '0
3550 5146 3675 5198 ἀνα-

2104 5237 2332 5301 ϐιϐάσας
2362 5240 2425 5291 ὲκ
2452 5239 2549 5307 τῆς
2577 5238 2679 5310 γῆς
2704 5239 2792 5292 τὸν
2824 5239 3055 5309 ποιμένα
3083 5238 3192 5291 τῶν
3218 5238 3509 5308 προϐάτων
3529 5253 3543 5267 °
3573 5233 3674 5288 ποῦ

2110 5322 2438 5384 ἑστινὸθεὶς
2473 5325 2531 5375 ὲν
2550 5324 2734 5387 αὐτοῖς
2763 5323 2826 5377 τὸ
2858 5324 3082 5393 Πνεῦμα
3128 5326 3193 5376 τὸ
3246 5325 3423 5395 ἅγιον,
3472 5332 3505 5383 6
3557 5331 3678 5383 ἀναο

2106 5416 2293 5485 γαγὼν
2358 5419 2424 5488 τῇ
2478 5418 2627 5489 δεξιᾷ
2688 5419 2936 5489 Μωσῆν;
2975 5437 2994 5470 ο
3055 5419 3147 5471 καὶ
3192 5421 3312 5492 μετ’
3341 5424 3499 5491 ὀλίγα
3526 5425 3679 5493 φησί’

502 5530 519 5561 ⁸
550 5529 889 5605 lae-liantv,
918 5532 971 5598 5,
996 5531 1047 5585 6-
1111 5535 1131 5563 ¹
1168 5532 1309 5605 Dan.
1343 5548 1437 5597 vn,
1495 5534 1583 5588 10.
1643 5533 1872 5605 ’Matth.
1912 5550 2004 5605 χιι]

2113 5534 2160 5605 l_.
2237 5532 2258 5564 ⁸
2286 5534 2476 5588 Matth.
2508 5551 2579 5601 tv,
2606 5537 2691 5591 ll.
2770 5540 2789 5569 ⁸
2821 5536 3012 5593 Matth.
3037 5555 3154 5605 xm,
3186 5542 3274 5596 69.
3352 5540 3546 5595 ‘Joan.
3585 5558 3673 5604 xx,

426 5600 516 5651 Ἡ.

434 5672 475 5701 ι’
510 5671 610 5723 lsu.
644 5687 798 5733 unt,
838 5673 1024 5736 11,12.

596 5600 611 5627 ⁷
651 5603 1048 5664 Μειιιιιηνιιιι,
1084 5604 1166 5659 l9.
1243 5606 1264 5637 ⁸
1290 5604 1446 5660 Juan.
1482 5619 1572 5668 xv,
1622 5604 1727 5672 26;
1756 5619 1865 5668 xw,
1902 5604 1987 5658 Ν.

2112 5602 2284 5659 Exod.
2341 5621 2525 5671 sunt,
2566 5600 2633 5671 *t,
2677 5610 2731 5662 2.
2811 5610 2853 5641 ιο
2891 5612 3022 5665 una.
3064 5600 3149 5666 ιδ.
3226 5612 3422 5669 “ibid.
3468 5600 3670 5673 17.13.
