4030 6222
479 261 584 326 701

1482 269 1855 332 PANOPLIA
1897 273 2363 388 DOGMATICz}.
2393 303 2462 313 -
2486 279 2630 341 ΤιΤ.
2676 280 2781 344 XI.

3623 290 3730 352 702

486 422 506 454 ι
540 401 763 474 Κατέδη
784 399 1008 472 Πνεῦμα
1034 402 1184 475 παρὰ
1206 403 1411 476 Κυρίου
1433 407 1527 459 καὶ
1546 406 1828 478 ὡδήγησεν
1849 409 2066 475 αὐτούς.

2174 417 2402 474 Domino
2429 428 2483 472 et
2509 419 2703 474 ductor
2725 418 2938 474 illorum
2973 418 3092 476 fuit.
3131 419 3222 476 Sic
3245 420 3447 477 duxisti
3475 421 3735 492 populum

483 493 670 556 Οῦτως
704 493 912 564 ήγαγες
953 493 1045 546 τὸν
1089 493 1218 548 λαόν
1270 513 1364 548 σου
1423 497 1656 568 ποιήσας
1859 500 2068 571 σεαυτῷ

481 585 652 655 ὄνομα
675 585 832 656 δόξης
852 602 863 614 ο
896 603 914 636 ι
943 585 1023 648 τίς
1045 587 1110 639 ὲκ
1133 585 1336 639 τούτων
1356 588 1416 641 ού
1444 591 1645 660 συνορᾷ
1664 589 1761 662 τὴν
1788 591 2066 663 ἀλήθειαν;

484 673 592 728 Τοῦ
626 675 735 745 γὰρ
761 675 895 729 Θεοῦ
927 676 1398 748 ἐπαγγειλαμένου
1427 679 1807 750 καθηγεῖσθαι,
1835 683 1944 737 ίδοὺ
1968 685 2070 738 οὐκ

485 769 564 822 ἔτι
598 768 827 836 ἄγγελον
855 767 1246 836 ἐπαγγέλλεται
1287 769 1547 840 πέμπειν,
1579 772 1716 826 ἀλλὰ
1755 773 1817 826 τὸ
1845 775 2070 845 Πνεῦμα

484 858 674 921 αὐτοῦ,
708 859 736 913 ὃ
782 859 927 912 ἐστιν
959 858 1098 930 ὑπὲρ
1126 860 1253 923 τοὺς
1278 860 1542 929 ἀγγέλους
1566 902 1580 928 ,
1627 863 1723 917 καὶ
1760 865 1894 918 αὐτὸ
1937 865 2071 918 καθ-

483 949 790 1021 ηγούμενόν
834 949 948 1002 ἐστι
977 949 1072 1002 τοῦ
1101 948 1253 1006 λαοῦ.
1283 951 1393 1004 Καὶ
1420 951 1711 1017 δείκνυται,
1741 955 1822 1008 ὅτι
1865 956 1926 1008 ού
1959 955 2070 1008 τῶν

484 1042 822 1112 κτισμάτων,
858 1041 977 1094 οὐδὲ
999 1041 1228 1110 ἄγγελός
1263 1043 1380 1095 ἐστι
1403 1043 1461 1096 τὺ
1484 1044 1739 1116 Πνεῦμα,
1787 1045 1921 1099 ἀλλὰ
1959 1045 2070 1100 ἄνω

483 1135 585 1206 τῆς
629 1132 860 1196 κτίσεώς
907 1135 1053 1188 ἐστιν
1109 1175 1126 1202 ,
1284 1129 1564 1205 ήνωμένον
1603 1139 1670 1208 τῇ
1717 1137 1931 1210 θεότητι
1972 1139 2068 1193 τοῦ

486 1223 722 1297 Πατρός.
759 1224 928 1287 Αὐτὸς
956 1222 1065 1296 γὰρ
1087 1226 1114 1278 6
1144 1224 1275 1288 Θεὸς
1299 1225 1387 1280 διὰ
1426 1225 1521 1278 τοῦ
1565 1227 1738 1296 Λόγου
1797 1229 1855 1281 ὲν
1901 1228 2072 1283 Πνεύ-

489 1332 619 1385 ματι
649 1314 941 1386 καθήγεῐτο
973 1315 1066 1368 τοῦ
1113 1315 1278 1369 λαοῦο
1305 1315 1428 1371 ὅθεν
1469 1317 1560 1371 καὶ
1605 1317 1694 1372 διὰ
1748 1319 1926 1390 πάσης
1968 1319 2071 1390 τῆς

486 1409 527 1460 Γ
533 1408 712 1478 ραφῆς
752 1424 934 1478 φησιν·
972 1426 990 1458 ι
1036 1406 1175 1477 Ἐγὼ
1205 1410 1480 1480 ἀνήγαγον
1676 1411 1820 1482 ὑμᾶς
1866 1412 1932 1464 ὲκ
1968 1412 2072 1483 γῆς

485 1497 761 1567 Αἰγύπτου
783 1515 797 1528 ·
854 1498 1131 1569 μάρτυρες
1201 1500 1358 1570 ὑμεῖς
1390 1502 1534 1564 ὲστε,
1583 1501 1630 1553 εί
1657 1501 1787 1565 Θεὸς
1818 1497 1886 1574 ἦν
1918 1502 2073 1556 ἀλλό-

2170 519 2346 568 tnum.
2403 520 2462 563 ut
2503 511 2709 564 faceres
2759 511 2855 564 tibi
2888 527 3088 566 nomen
3132 512 3318 582 gloriae
3366 514 3426 564 ’τ
3466 531 3485 565 ι
3512 514 3635 581 quis
3669 529 3737 568 ex

2171 598 2256 653 his
2285 599 2567 653 veritatem
2595 616 2704 654 non
2733 602 3026 670 perspicit?
3056 602 3194 656 Nam
3217 618 3340 657 cum
3375 601 3519 656 Deus
3549 618 3610 657 se
3637 605 3740 656 du-

2170 705 2286 744 cem
2323 691 2504 759 populi
2537 691 2649 746 fore
2675 699 2822 747 esset
2863 693 3158 762 pollicitus,
3187 709 3313 748 ecce
3367 709 3473 748 non
3499 694 3610 762 jam
3641 709 3740 747 an-

2169 777 2371 847 gelum,
2405 779 2498 834 sed
2526 794 2683 834 suum
2706 779 2990 848 Spiritum,
3011 781 3103 849 qui
3124 782 3330 848 angelis
3361 782 3610 850 superior
3633 789 3738 846 est,

2169 868 2451 922 ductorem
2507 868 2689 936 populi
2750 884 2810 923 se
2863 869 3160 926 missurum
3219 872 3509 941 promittit.
3559 870 3740 936 Quare

2171 966 2317 1027 patet
2357 957 2620 1027 Spiritum
2660 975 2768 1014 non
2823 976 2889 1014 ex
2938 961 3103 1017 rebus
3137 962 3336 1016 creatis
3365 978 3542 1031 neque
3573 977 3741 1032 ange-
3794 975 3797 995 =

2171 1050 2282 1104 lum
2307 1067 2450 1112 esse.
2476 1051 2571 1106 sed
2603 1051 2766 1107 rebus
2791 1053 3051 1108 omnibus
3093 1055 3290 1110 creatis
3323 1053 3659 1123 superiorem
3687 1064 3741 1108 et
3790 1059 3795 1070 ‘

2170 1141 2346 1197 Patris
2399 1141 2672 1198 divinitati
2723 1142 3074 1213 conjunctum
3134 1159 3275 1200 esse.
3325 1143 3574 1213 Namque
3626 1145 3740 1214 ipse

2172 1233 2315 1288 Deus
2373 1249 2468 1303 per
2510 1231 2747 1288 Verbum
2799 1235 2852 1288 in
2918 1236 3122 1305 Spiritu
3179 1237 3437 1306 populum
3474 1237 3738 1300 ducebat;

2171 1325 2315 1380 unde
2366 1342 2460 1396 per
2487 1335 2655 1381 totam
2698 1326 3035 1396 Scripturam
3083 1337 3350 1382 testatur:
3390 1347 3407 1379 ι
3438 1327 3548 1397 Ego
3577 1327 3740 1382 eduxi

2173 1431 2269 1470 vos
2290 1416 2358 1469 de
2392 1424 2535 1469 terra
2559 1413 2780 1486 Egypti
2811 1432 2823 1467 :
2851 1425 3016 1470 testes
3045 1432 3140 1471 vos
3164 1418 3318 1481 estis,
3353 1418 3394 1471 si
3437 1415 3580 1471 Deus
3605 1417 3738 1471 alie-

2173 1521 2276 1558 nus
2300 1505 2492 1559 eratin
2517 1504 2670 1558 vobis
2701 1517 2898 1574 printer
2939 1520 3023 1558 me
3063 1513 3106 1557 ι.
3145 1524 3162 1555 ι
3195 1505 3383 1559 Sancti
3419 1521 3635 1575 quoque
3667 1506 3738 1561 ita

484 1607 634 1661 τριος
658 1590 714 1642 ὲν
749 1589 874 1660 ὑμῖν
899 1588 1034 1660 πλὴν
1058 1588 1213 1658 ἐμοῦ.
1259 1610 1276 1642 ι
1315 1591 1424 1644 Kal.
1470 1593 1520 1644 οί
1548 1591 1694 1660 ἆγιοι
1725 1591 1782 1643 δὲ
1811 1572 2066 1662 προσςριιιι⁹

2174 1593 2281 1649 Deo
2326 1595 2665 1665 loquuntur:
2702 1572 2723 1647 ἱ
2777 1595 3056 1650 Deduxisti
3110 1596 3252 1649 sicut
3295 1572 3447 1651 oves-
3477 1572 3738 1665 populum

484 1680 636 1735 νοῦσι
665 1680 743 1752 τῷ
769 1681 925 1752 Θεῷ·
971 1701 988 1732 ι
1042 1681 1342 1753 Ὠδήγησας
1391 1683 1465 1746 ὡς
1498 1683 1746 1756 πρόόατα
1791 1683 1882 1737 τὸν
1939 1683 2066 1738 λαόν

488 1790 582 1827 σου
608 1792 622 1806 ο
653 1794 670 1827 ι
691 1776 804 1836 καὶ,
831 1793 848 1826 ι
873 1773 1163 1846 Ὧδήγησεν
1192 1775 1389 1838 αὐτοὺς
1413 1775 1612 1846 Κύριος
1631 1776 1717 1828 ἐπ’
1795 1845 1800 1850 ι
1841 1773 2017 1827 ἐλπίδι
2047 1815 2063 1840 ,

487 1868 582 1922 καὶ
614 1868 714 1921 οὐκ
751 1867 1072 1923 ὲδειλίασαν.
1125 1887 1142 1919 ι
1184 1867 1370 1937 Τούτῳ
1402 1868 1494 1921 καὶ
1543 1867 1633 1920 τὸν
1679 1867 1846 1936 ὕμνον
1879 1868 2066 1920 ἀνατι-

486 1959 641 2014 θέασι
670 1959 916 2029 λέγοντες
938 1976 949 1991 ·
987 1976 1005 2010 ι
1048 1958 1138 2029 Τῷ
1169 1959 1479 2028 διαγαγόντι
1515 1959 1606 2012 τὸν
1647 1959 1772 2012 λαὸν
1818 1958 1982 2012 αὑτοῦ
2009 1960 2066 2011 ὲν

484 2054 550 2121 τῇ
589 2051 802 2123 ἐρήμῳ,
823 2051 909 2104 ὅτι
934 2051 1014 2114 είς
1036 2050 1126 2103 τὸν
1161 2049 1334 2104 αίῶνα
1357 2048 1418 2101 τὸ
1445 2047 1591 2113 ἔλεος
1613 2047 1798 2102 αὑτοῦ.
1831 2066 1850 2098 ι
1908 2049 1966 2102 ὐ
2010 2047 2066 2100 δὲ

487 2141 664 2214 μέγας
710 2142 918 2212 Μωσῆς
952 2140 1189 2210 συνεχῶς
1226 2140 1492 2209 διηγεῖται
1557 2150 1573 2166 ⁹
1740 2157 1757 2188 ι
1791 2137 2000 2208 Κύριος
2039 2138 2068 2189 6

487 2235 619 2299 Θεὸς
651 2236 681 2286 6
729 2234 1202 2305 προπορευόμενος
1241 2233 1348 2304 πρὸ
1388 2231 1678 2304 προσώπου
1714 2230 1887 2300 ὑμῶν.
1935 2249 1953 2281 ι
1994 2230 2069 2284 Τὸ

487 2327 597 2398 ἄρα
627 2325 720 2380 τοῦ
751 2325 885 2380 Θεοῦ
915 2325 1136 2396 Πνεῦμα
1165 2325 1264 2377 οὐκ
1296 2323 1360 2378 ἂν
1393 2325 1478 2394 εῐη
1516 2323 1763 2392 ἄγγελος,
1801 2321 1921 2375 οὐδὲ
1954 2320 2071 2373 κτί-

488 2437 624 2489 σμα,
652 2418 768 2472 ἀλλ’
799 2417 928 2471 ῐδιον
955 2417 1052 2486 τῆς
1073 2415 1324 2487 Θεότητος
1373 2413 1558 2469 αὐτοῦ.
1608 2413 1714 2467 Τοῦ
1752 2413 1860 2484 γὰρ
1906 2411 2071 2466 Πνεύ-

491 2527 662 2582 ματος
700 2510 850 2573 ὄντος
880 2509 940 2563 ὲν
965 2508 1044 2579 τῷ
1071 2505 1205 2579 λαῷ,
1235 2509 1262 2562 6
1283 2506 1414 2571 Θεὸς
1441 2506 1507 2560 δι’
1533 2506 1665 2559 Υίοῦ
1699 2508 1758 2560 ὲν
1790 2507 2071 2574 Πνεύματι

487 2597 558 2674 ἦν
585 2602 645 2656 ἐν
671 2602 877 2665 αὐτοῖς.

699 2694 836 2748 Ἀλλ’
862 2692 1000 2748 ἔστω
1025 2689 1218 2756 ταῦτα,
1245 2687 1378 2761 φασὶ
1406 2688 1498 2743 καὶ
1529 2689 1682 2743 αὐτοί
1708 2705 1722 2720 ο
1764 2688 1854 2745 διὰ
1887 2688 1941 2742 τί
1976 2683 2070 2743 οῦν

487 2786 519 2839 6
579 2783 903 2846 ’Δπόστολος
935 2782 1076 2854 μετὰ
1130 2781 1225 2835 τὸν
1267 2777 1500 2852 Χριστὸν
1558 2778 1659 2832 οὐκ
1715 2776 1969 2848 ὠνόμασε
2012 2776 2073 2830 τὸ

2166 1695 2318 1740 tuum
2375 1685 2450 1740 ’.ι
2477 1687 2542 1742 Ει
2565 1708 2577 1742 :
2604 1707 2621 1739 ι
2657 1687 2885 1742 Deduxit
2910 1703 3004 1743 eos
3029 1687 3294 1742 Dominus
3325 1689 3380 1742 in
3415 1703 3532 1757 spe,
3557 1699 3610 1741 et
3633 1704 3741 1741 non

2166 1777 2467 1835 timuerunt
2508 1783 2550 1834 ι.
2584 1799 2602 1832 ι
2638 1779 2778 1836 Iluie
2841 1780 3014 1834 eidem
3069 1783 3328 1851 hymnum
3378 1780 3613 1835 olferunt
3647 1781 3743 1848 qui

2168 1871 2324 1923 aiunt
2361 1887 2375 1923 :
2414 1888 2432 1920 ι
2456 1869 2560 1936 Qui
2587 1870 2824 1924 traduxit
2848 1870 3106 1939 populum
3139 1885 3298 1923 suum
3330 1884 3424 1939 per
3443 1869 3742 1935 desertum,

2166 1961 2427 2032 quoniam
2463 1961 2519 2014 in
2587 1962 2847 2016 saeculum
2910 1961 3286 2016 misericordia
3346 1962 3464 2032 ejus
3506 1966 3550 2014 ³.
3582 1981 3600 2014 ι
3634 1961 3746 2016 Ma-

2167 2067 2308 2122 gnus
2353 2066 2485 2107 vero
2539 2051 2753 2123 Moyses
2797 2053 3092 2126 identidem
3139 2054 3381 2123 repetit:
3421 2072 3440 2106 ι
3477 2053 3746 2109 Dominus

2167 2141 2310 2196 Deus
2338 2143 2431 2211 qui
2480 2143 2635 2212 praeit
2681 2153 2807 2197 ante
2862 2142 3058 2198 faciem
3117 2153 3354 2198 vestram
3410 2146 3501 2199 ⁸.»
3557 2143 3745 2213 Itaque

2166 2233 2264 2288 Dei
2294 2233 2534 2303 Spiritus
2561 2250 2668 2289 non
2704 2245 2788 2290 est
2813 2235 3041 2306 angelus
3077 2250 3254 2303 neque
3302 2250 3389 2290 res
3421 2244 3623 2299 creata,
3644 2235 3742 2289 sed

2168 2324 2290 2394 ejus
2327 2324 2626 2380 divinitatis
2657 2335 2740 2380 est
2780 2325 3055 2396 proprius.
3093 2323 3228 2378 Nam
3255 2341 3378 2379 cum
3407 2324 3646 2395 Spiritus
3687 2324 3743 2378 in

2170 2416 2373 2484 p0pulo
2405 2423 2573 2482 esset,
2606 2414 2751 2471 Deus
2780 2432 2877 2486 per
2905 2415 3104 2474 Filium
3133 2416 3190 2471 in
3221 2415 3429 2487 Spiritu
3453 2416 3512 2471 in
3539 2415 3741 2472 iisdem

2170 2515 2307 2560 erat.

2376 2683 2574 2738 Verum
2603 2683 2718 2738 baac
2746 2682 2820 2738 ita
2843 2681 2972 2749 sint,
3003 2681 3260 2754 inquiunt
3293 2683 3419 2738 illi:
3450 2699 3552 2740 cur
3574 2685 3745 2755 igitur

2173 2775 2468 2847 Apostolus
2501 2785 2624 2846 post
2650 2775 2954 2842 Christum,
2985 2792 3097 2832 non
3128 2777 3390 2846 Spiritum
3613 2792 3745 2832 san-

489 2875 719 2946 Πνεῦμα
747 2874 810 2927 τὸ
844 2873 1022 2942 ἅγιον,
1044 2871 1182 2928 ἀλλὰ
1204 2873 1328 2936 τοὺς
1357 2869 1648 2932 ἐκλεκτοὺς
1669 2867 1969 2938 ἀγγέλουςς
2001 2867 2073 2920 Τὸ

2174 2877 2342 2931 ctum,
2373 2868 2464 2922 sed
2483 2867 2917 2937 electosangelos
2955 2867 3295 2922 nominavit?
3318 2867 3483 2937 Atqui
3507 2866 3648 2922 idem
3675 2868 3745 2922 ab

489 2969 625 3024 αὐτὸ
651 2969 697 3022 δ’
721 2967 785 3020 ἄν
804 2984 888 3030 τις
916 2967 1115 3030 αὐτοὺς
1148 2965 1464 3036 ἐρωτήσειεο
1496 2960 1596 3016 Διὰ
1619 2961 1673 3014 τί
1703 2959 1778 3031 μὴ
1803 2958 2076 3031 ἀρχαγγέ-

488 3058 640 3126 λους,
661 3057 796 3128 μηδὲ
946 3053 1231 3138 χερουϐὶμ,
1268 3053 1401 3124 μηδὲ
1426 3052 1668 3122 σεραφὶμ
1687 3087 1700 3112 ,
1737 3048 1873 3122 μηδὲ
1895 3047 2079 3119 κυριό-

489 3167 683 3224 τητας,
712 3149 847 3221 μηδὲ
874 3146 1114 3218 θρόνους,
1142 3144 1276 3214 μηδὲ
1304 3143 1494 3214 ἕτερόν
1527 3159 1603 3207 τι,
1637 3139 1752 3194 ἀλλ’
1787 3139 2078 3200 ἐκλεκτοὺς

493 3243 692 3316 μόνους
716 3239 984 3310 ἀγγέλους
1010 3237 1294 3308 ὠνόμασεν
1327 3233 1630 3299 ὁ.Παῦλος;
1658 3229 1785 3303 'Ap’
1818 3226 1934 3294 οῦν,
1953 3229 2076 3282 ἐπεὶ

493 3337 570 3409 μὴ
605 3335 779 3397 οὕτως
803 3331 1108 3402 ὠνόμασεν,
1137 3329 1188 3382 οἱ
1217 3327 1438 3397 ἄγγελοι
1467 3323 1794 3396 ἀρχάγγελοί
1819 3325 1992 3387 εἰσιν,
2035 3322 2066 3393 ἢ

496 3429 647 3499 μόνοι
677 3423 896 3494 ἄγγελοί
937 3423 1066 3485 εισι,
1095 3421 1190 3475 καὶ
1223 3417 1346 3472 οὕτε
1381 3417 1658 3488 σεραφὶμ,
1699 3414 1732 3485 ἢ
1766 3412 2066 3486 χερουϐῳ,

493 3521 595 3574 οὐκ
618 3514 968 3589 ἁρχάγγελοι,
997 3512 1120 3566 οὐδὲ
1147 3510 1486 3581 κυριότητες,
1517 3508 1577 3560 οὐ
1603 3506 1803 3578 Θρόνοι,
1839 3506 1941 3558 οὐκ
1973 3505 2070 3576 ἀρ-

492 3612 608 3684 χαὶ,
636 3610 736 3680 οὐχ
779 3606 966 3678 ἕτερόν
994 3623 1047 3658 τι
1075 3603 1256 3670 ὲστίν;
1295 3601 1455 3656 Ἀλλὰ
1479 3598 1638 3655 τοῦτό
1662 3600 1811 3652 ἐστιν
1830 3596 2074 3666 ἀνάγκην

497 3703 599 3773 μὲν
624 3697 935 3754 ἐπιϐάλλειν
955 3695 1033 3768 τῷ
1073 3693 1402 3763 Ἀποστόλῳ,
1431 3692 1520 3747 διὰ
1555 3690 1606 3745 τί
1641 3691 1716 3762 μὴ
1741 3689 1932 3752 οὕτως,
1958 3689 2075 3741 ἀλλ’

495 3794 669 3856 οὕτως
689 3790 948 3862 ἔγραψεν,
984 3789 1198 3857 ἀγνοεῖν
1224 3785 1282 3840 δὲ
1307 3784 1404 3850 τὰς
1431 3783 1580 3846 Θείας
1601 3781 1844 3852 Γραφὰς,
1872 3779 1968 3832 καὶ
1990 3779 2078 3834 διὰ

492 3882 656 3937 τοῦτο
686 3878 988 3934 πλανᾶσθαι
1015 3877 1144 3947 περὶ
1319 3873 1416 3945 τὴν
1457 3871 1738 3942 ἀλήθειαν.
1794 3869 1927 3924 Ἰδοὺ
1966 3868 2076 3940 γὰρ

498 3971 651 4043 παρὰ
674 3970 772 4041 μὲν
791 3967 871 4040 τῷ
894 3967 1091 4037 Ἡσαΐᾳ
1115 3965 1423 4036 γέγραπται
1442 3978 1456 3993 ο
1487 3981 1505 4013 ι
1533 3958 1919 4033 Προσαγὰγετε
1941 3957 2078 4030 πρὸς

2175 2959 2282 3014 illis
2300 2959 2495 3013 merito
2522 2959 2646 3028 quis
2671 2959 2978 3016 sciscitetur
3003 2976 3018 3014 :
3038 2958 3216 3026 Quare
3234 2975 3341 3014 non
3361 2959 3742 3029 archangelos,

2171 3065 2346 3121 neque
2362 3049 2667 3116 cherubim,
2687 3066 2864 3122 neque
2890 3052 3171 3120 seraphin,
3204 3067 3380 3120 neque
3418 3051 3748 3106 dominatio-

2171 3157 2287 3208 nes,
2309 3158 2485 3212 neque
2520 3142 2769 3209 thronos,
2801 3159 2979 3213 neque
3009 3143 3139 3212 quid
3161 3143 3331 3207 aliud,
3359 3143 3451 3198 sed
3467 3143 3618 3200 solos
3633 3141 3743 3198 ele-

2172 3243 2292 3289 ctos
2310 3233 2529 3302 angelos
2554 3232 2756 3290 Paulus
2780 3236 3121 3291 nominavit?
3139 3235 3281 3290 Num
3308 3249 3460 3304 ergo,
3485 3235 3611 3304 quia
3635 3250 3743 3287 non

2172 3326 2247 3381 ita
2267 3328 2590 3394 nominavit,
2607 3326 2782 3398 angeli
2809 3337 2938 3382 sunt
2957 3329 3410 3399 archangeli,‘;aut
3431 3329 3535 3382 soli
3566 3325 3747 3397 angeli

2172 3419 2466 3484 exsistunt,
2497 3419 2740 3490 nullique
2772 3429 2900 3475 sunt
2959 3421 3232 3490 seraphim
3289 3428 3384 3475 aut
3437 3420 3744 3486 cherubim,

2174 3511 2310 3565 nulli
2355 3511 2668 3580 archangeli
2714 3519 2769 3566 et
2815 3511 3241 3575 dominationes,
3280 3512 3412 3564 nulli
3460 3509 3642 3564 throni
3693 3516 3748 3563 et

2175 3600 2540 3670 principatus,
2580 3600 2720 3654 nihil
2766 3600 3004 3668 denique
3052 3601 3200 3654 aliud
3250 3599 3502 3654 exsistit?
3543 3595 3744 3654 Verum

2175 3688 2229 3741 id
2263 3689 2538 3757 inquirere
2568 3689 2705 3743 nihil
2737 3689 2886 3744 aliud
2927 3698 3028 3752 est,
3055 3703 3220 3757 quam
3275 3689 3531 3754 Apostolo
3559 3703 3748 3742 neces-

2171 3779 2389 3840 _sitatem
2424 3779 2528 3832 hoc
2569 3779 2654 3832 vel
2682 3778 2776 3833 illo
2801 3780 2962 3833 modo
2992 3778 3264 3834 scribendi
3317 3779 3617 3847 imponere,
3643 3794 3744 3834 nec

2175 3887 2285 3926 non
2319 3870 2531 3926 divinas
2560 3873 2871 3940 Scripturas
2914 3872 3184 3941 ignorare,
3218 3887 3282 3925 ac
3329 3873 3558 3940 proinde
3586 3889 3617 3926 a
3661 3888 3745 3926 ve-

2174 3959 2333 4014 ritate
2361 3959 2636 4016 aberrare.
2681 3959 2818 4016 Eece
2865 3962 3008 4014 enim
3049 3960 3191 4032 apud
3236 3961 3430 4014 Isaiam
3477 3961 3740 4029 scriptum

495 4060 708 4134 .μὲ,καὶ
731 4060 998 4115 ἀκούσατε
1033 4056 1233 4112 ταῦτα’
1280 4057 1398 4111 Οὐκ
1434 4056 1530 4111 ἀπ’
1578 4051 1752 4126 ἀρχῆς
1790 4053 1848 4105 ὲν
1892 4053 2072 4121 κρυφῇ

2177 4052 2406 4121 legimus
2437 4068 2450 4103 :
2482 4071 2499 4102 ι
2543 4051 2794 4105 Accedite
2817 4051 2883 4105 ad
2922 4067 3009 4106 me
3038 4060 3093 4105 et
3120 4050 3308 4104 aitdite
3337 4052 3490 4106 haec:
3523 4050 3639 4104 Non
3674 4053 3743 4104 ab

500 4133 802 4226 λελάληκαο
843 4155 1005 4226 ήνίκα
1028 4152 1265 4221 ἐγένετο,
1285 4151 1402 4204 ἐκεῖ
1431 4149 1605 4220 ἤμην’
1641 4145 1734 4199 καὶ
1760 4143 1856 4198 νῦν
1879 4141 2078 4214 Κύριος

2174 4142 2328 4198 initio
2358 4145 2411 4197 in
2465 4141 2788 4196 abscondito
2836 4141 3050 4194 loeutus
3093 4154 3247 4203 sum;
3282 4152 3405 4190 cum
3455 4135 3628 4198 fieret,
3669 4133 3742 4186 ibi

504 4224 813 4302 ἀπέσταλκέ
847 4224 938 4316 με,
972 4245 1067 4298 και
1099 4243 1160 4297 τὸ
1192 4241 1417 4312 Πνεῦμα
1445 4236 1637 4294 αὐτοῦ’
1687 4255 1704 4287 ι
1741 4234 1896 4306 παρὰ
1915 4233 1974 4287 δὲ
2009 4231 2078 4302 τῷ

2174 4252 2318 4293 eram
2355 4255 2370 4290 :
2403 4245 2458 4291 et
2506 4249 2652 4288 nunc
2701 4232 2966 4288 Dominus
3039 4230 3186 4284 misit
3251 4243 3336 4282 me
3385 4235 3440 4281 et
3511 4224 3746 4294 Spiritus

519 4339 759 4408 Ἀγγαίῳ
786 4355 798 4367 σ
836 4355 854 4388 ι
883 4336 995 4389 Καὶ
1027 4334 1122 4390 νῦν
1300 4333 1557 4401 κατίσχυε
1588 4327 1912 4398 Ζοροϐάϐελ,
1941 4324 2088 4393 λέγει

508 4427 733 4497 Κύριος,
768 4426 862 4480 καὶ
889 4424 1148 4494 κατίσχυε
1188 4420 1359 4492 Ἰησοῦ
1393 4418 1529 4474 ὁτοῦ
1564 4416 1829 4479 Ἰωσεδὲκ,
1855 4417 1884 4468 6
1915 4414 2090 4484 ἱερεὺς

509 4525 538 4576 6
569 4521 763 4592 μέγας,
794 4519 944 4594 λέγει
975 4518 1199 4590 Κύριος.
1235 4515 1346 4568 Kal.
1381 4511 1719 4582 κατισχυέτω
1755 4509 1862 4571 πᾶς
1896 4508 1924 4558 6
1959 4505 2090 4568 λαὸς

509 4615 610 4682 τῆς
632 4612 754 4680 γῆς,
779 4609 929 4676 λέγει
963 4607 1165 4678 Κύριος
1189 4623 1203 4636 ο
1234 4605 1327 4658 καὶ
1353 4606 1578 4666 ποιεῖτε,
1617 4599 1750 4654 διότι
1782 4598 1901 4668 μεθ’
1940 4594 2092 4665 ὑμῶν

511 4701 622 4770 ἐγώ
643 4703 779 4771 είμι,
805 4700 953 4768 λέγει
975 4699 1178 4770 Κύριος
1200 4694 1614 4766 παντοκράτωρ,
1646 4691 1738 4746 καὶ
1768 4690 1830 4742 τὸ
1868 4686 2094 4758 Πνεῦμα

515 4811 618 4864 μου
663 4792 963 4861 ἐφέστηκεν
997 4793 1055 4843 ὲν
1089 4788 1239 4859 μέσῳ
1270 4785 1441 4857 ὑμῶν.
1482 4804 1499 4836 ι
1538 4785 1648 4839 Kal.
1679 4783 1810 4852 παρ’
1854 4779 2094 4850 ἀμφοτέ-

513 4899 631 4952 ροις
655 4885 769 4944 τοῖς
798 4881 1107 4952 προφήταις
1136 4877 1264 4946 περὶ
1287 4876 1448 4946 μόνου
1486 4873 1580 4927 τοῦ
1627 4872 1832 4944 Κυρίου
1870 4870 1966 4923 καὶ
2002 4867 2096 4921 τοῦ

514 4972 834 5042 Πνεύματος
879 4971 1066 5041 μνήμη
1102 4967 1316 5037 γέγονε.
1346 4965 1410 5018 Τί
1455 4965 1628 5018 τοίνυν
1673 4963 1767 5017 καὶ
1815 4961 1944 5032 περὶ
1982 4957 2100 5012 τού-

514 5080 606 5116 του
778 5061 1072 5132 φήσουσιν;
1094 5059 1157 5111 Εἰ
1191 5057 1321 5128 γὰρ,
1349 5055 1538 5125 ἐπειδὴ
1562 5055 1656 5108 τοῦ
1686 5050 1926 5125 Χριστοῦ
1965 5067 2098 5120 μνη-

519 5149 789 5222 μονεύσας
807 5150 836 5201 6
857 5148 1067 5211 Παῦλος
1086 5147 1214 5216 περὶ
1233 5147 1330 5217 μὲν
1352 5143 1445 5198 τοῦ
1467 5143 1605 5197 Πνεύ
1615 5141 1778 5213 ματος
1803 5138 2098 5210 ἐσιώπησε,

514 5242 624 5294 τῶν
662 5241 717 5295 δὲ
742 5239 1013 5294 ἐκλεκτῶν
1039 5240 1284 5309 ἀγγέλων
1319 5235 1711 5308 ἐμνημόνευσε,
1746 5231 1833 5286 διὰ
1863 5230 2020 5284 τοῦτο
2041 5231 2100 5281 ὲν

515 5332 772 5402 ἀγγέλοις
816 5330 878 5382 τὸ
923 5329 1148 5401 Πνεῦμα
1200 5329 1620 5382 συντάττουσινο
1655 5322 1802 5394 ὥρα,
1855 5320 1948 5373 καὶ
1987 5322 2102 5382 τοῖς

521 5424 878 5495 προφητικοῖς
911 5421 1120 5484 τούτοις
1172 5418 1602 5489 ἐντυγχάνοντας
1657 5460 1674 5486 ,
1834 5409 2096 5483 τολμηρός

523 5532 682 5586 τερον
707 5507 905 5576 αὐτοὺς
926 5510 1326 5580 διαλογίζεσθαι
1357 5509 1450 5563 καὶ
1483 5508 1609 5578 περὶ
1637 5503 1731 5560 τοῦ
1755 5501 2103 5573 σεσιωπημέο

2173 4327 2292 4396 ejus
2329 4330 2369 4380 ⁷.
2401 4345 2419 4378 ι
2472 4324 2539 4378 Et
2568 4322 2709 4394 apud
2738 4325 2990 4392 Aggrum
3029 4339 3041 4374 :
3079 4338 3096 4370 ι
3125 4318 3190 4374 Et
3235 4333 3382 4374 nunc
3407 4316 3742 4376 confortare,

2173 4417 2496 4482 Zorobabel,
2532 4418 2661 4473 dicit
2698 4414 2982 4477 Dominus,
3034 4421 3088 4468 et
3129 4408 3461 4469 confortare,
3506 4404 3634 4461 Jesu
3671 4405 3745 4460 (ili

2174 4509 2422 4574 Josedec.
2455 4507 2715 4565 sacerdos
2740 4520 2952 4574 magne,
2987 4511 3038 4558 et
3067 4501 3404 4558 confortatur
3428 4498 3609 4556 omnis
3655 4511 3750 4564 po-

2173 4601 2337 4672 pnlus
2398 4610 2572 4664 terrai,
2623 4597 2756 4653 dicit
2807 4595 3096 4655 Dominus.
3131 4603 3185 4649 et
3241 4592 3432 4654 facite,
3492 4589 3748 4658 quoniam

2178 4705 2278 4760 ego
2306 4689 2586 4744 vobiscum
2613 4703 2756 4747 sum.
2791 4686 2922 4740 dicit
2966 4684 3234 4737 Dominus
3275 4681 3640 4748 omnipotens.
3688 4673 3756 4728 Et

2185 4779 2423 4850 Spiritus
2471 4793 2623 4834 incus
2685 4777 2838 4831 stetit
2910 4775 2962 4828 in
3033 4773 3212 4828 medio
3282 4767 3493 4824 vestri“
3526 4806 3540 4820 .
3581 4785 3599 4816 ι
3650 4763 3750 4819 llic

2184 4873 2325 4942 apud
2354 4881 2644 4937 utrumque
2703 4866 3045 4936 prophetam,
3083 4862 3255 4920 solius
3299 4856 3514 4913 Domini
3539 4863 3590 4909 et
3626 4853 3748 4923 Spi-

2183 4964 2321 5016 ritus
2354 4961 2412 5016 lit
2453 4959 2656 5014 mentio
2699 4975 2712 5009 :
2755 4956 2884 5026 quid
2938 4955 3103 5024 igitur
3147 4952 3215 5007 ad
3260 4952 3312 5006 id
3346 4946 3541 5004 dicturi
3585 4944 3754 5000 sunt?

2183 5051 2317 5107 Nam
2349 5051 2480 5106 sieo
2506 5049 2648 5119 quod
2666 5047 2870 5102 Paulus
2902 5045 3106 5100 Christi
3151 5041 3479 5096 mentionem
3529 5035 3754 5098 faciens,

2186 5142 2253 5196 de
2283 5140 2487 5209 Spiritu
2519 5138 2767 5202 tacuerit,
2799 5144 2852 5190 et
2879 5135 3176 5189 electorum
3215 5129 3534 5198 angelorum
3562 5123 3758 5177 memi-

2189 5232 2331 5287 nerit
2359 5248 2374 5297 ;
2401 5230 2468 5294 si,
2507 5229 2753 5298 inquam,
2784 5243 2902 5280 eam
2938 5225 3008 5279 ob
3049 5236 3270 5278 oausam
3306 5218 3571 5288 Spiritum
3619 5214 3760 5267 inter

2189 5323 2413 5393 angelos
2437 5321 2708 5375 collocare
2750 5318 2886 5372 nihil
2918 5325 3177 5371 verentur
3211 5332 3224 5366 :
3266 5319 3435 5364 restat
3472 5315 3532 5361 ut
3566 5321 3635 5360 ex
3675 5306 3761 5359 his

2191 5411 2525 5486 propheticis
2568 5410 2770 5476 verbis,
2823 5408 2985 5461 iidem
3041 5406 3108 5459 de
3159 5403 3252 5456 illo
3286 5400 3378 5470 qui
3426 5398 3501 5452 ibi
3544 5395 3762 5486 silentio

2193 5482 2460 5556 omittitur
2482 5497 2743 5553 audacius
2780 5496 3076 5564 disputent.
3113 5490 3246 5545 Nam
3289 5490 3334 5544 si
3366 5488 3549 5542 dicant
3581 5482 3768 5540 Domi-

599 5656 614 5687 ¹
650 5656 753 5710 lsa.
784 5669 934 5718 uni,
966 5654 1052 5707 Η.
1131 5653 1151 5684 ¹
1178 5652 1347 5707 Levit.
1395 5670 1468 5714 xl,
1506 5649 1610 5713 65;
1684 5651 1838 5706 Deut.
1903 5665 2073 5705 xxx".
2135 5646 2258 5718 59;,
2297 5643 2434 5718 Ιδιι.Δ
2461 5657 2586 5706 xtv,
2629 5642 2734 5707 Si;
2791 5638 2918 5718 ρετ.
2950 5653 3075 5718 fin,
3102 5637 3156 5693 ι.
3235 5636 3632 5718 'fsa_l.uxvx,
3673 5632 3764 5692 21.

529 5724 550 5756 ⁸
577 5725 720 5780 l’sal.
757 5717 955 5784 Luvn.
988 5726 1074 5780 55.
1153 5725 1172 5756 ⁵
1198 5725 1344 5781 ι’θυι.
1378 5738 1574 5786 CXXXV,
1609 5722 1688 5777 Hi.
1769 5722 1789 5751 ⁶
1832 5721 1985 5776 Deut.
2010 5738 2050 5785 ι,
2075 5720 2164 5785 50,
2196 5717 2284 5772 53.

2362 5716 2379 5746 ⁷
2420 5712 2522 5770 lsa.
2565 5729 2750 5781 XLVIII,
2790 5712 2874 5766 16.
2950 5710 2971 5742 ⁸
3003 5712 3142 5784 Agg.
3172 5723 3232 5778 ιι,
3272 5707 3326 5776 5,
3361 5708 3412 5771 6.
