4086 6214
329 288 433 351 703
1572 290 1954 351 EUTIIYMII
2008 292 2369 352 ZlGABENl

3483 290 3583 352 ’ἵοί

336 433 465 471 num
494 432 635 485 esse,
664 418 806 473 idem
833 432 958 475 esse
991 431 1055 473 ac
1082 416 1281 472 Filium
1317 430 1438 470 esse
1466 432 1480 467 :
1512 414 1640 485 quid
1662 412 1727 467 de
1753 412 1912 467 Patre

2017 431 2122 468 νου.
2145 415 2245 469 "Av
2275 432 2333 468 τε
2361 414 2470 486 γάρ
2498 414 2585 468 τὸν
2612 415 2813 487 Κύριον
2830 410 2989 477 εἶναι,
3021 415 3281 488 φήσουσιν
3311 411 3448 469 εἶναι
3490 419 3580 469 τὸν

334 507 533 562 dicturi
587 510 748 563 sunt?
795 508 852 562 Si
907 522 1036 563 vero
1101 507 1230 560 illud
1275 505 1340 559 de
1381 503 1541 558 Patre
1590 502 1911 572 intelligant,

336 600 466 668 quid
501 601 700 654 dicturi
730 610 855 655 sunt
890 601 955 654 de
986 598 1163 651 Filio?
1208 596 1403 650 Procul
1434 605 1614 650 autem
1646 596 1789 649 absit
1830 596 1913 650 vol

340 707 367 746 δ
392 692 506 746 sola
542 692 885 760 cogitatione,
912 704 973 740 ea
1004 702 1125 757 quae
1152 702 1217 740 ex
1249 686 1463 739 illorum
1489 685 1754 741 sententia
1784 700 1911 739 con-

340 783 587 852 sequitur
622 781 892 850 impietas.
932 778 1132 846 Nempe
1159 778 1281 832 illos
1315 777 1646 846 respondere
1689 790 1915 831 necesse

340 884 443 939 cst,
468 877 551 927 vel
583 872 791 926 nullum
841 871 993 924 illum
1030 886 1172 937 esse,
1196 870 1302 935 vel,
1336 870 1478 938 quod
1529 869 1749 924 silentio
1784 883 1916 938 pra:-

341 966 631 1021 tcrmissus
655 965 748 1030 sit,
778 978 902 1018 eum
932 963 1074 1017 inter
1104 977 1192 1017 res
1221 972 1431 1016 creatas
1456 975 1840 1015 annumerare.

542 1053 682 1121 Quid
719 1055 846 1108 item
878 1054 1075 1108 dicturi
1112 1062 1268 1116 sunt,
1302 1054 1347 1107 si
1383 1052 1557 1120 ipsum
1592 1052 1757 1106 etiam
1805 1049 1913 1103 Do-

343 1145 550 1200 minum
586 1145 852 1199 dicentem
893 1143 1204 1197 audierint:
1245 1160 1264 1193 ι
1312 1141 1485 1196 Judex
1531 1142 1750 1211 quidam
1800 1150 1916 1196 erat

344 1236 398 1289 in
433 1235 667 1305 quadam
700 1235 937 1300 civitate,
973 1235 1065 1303 qui
1100 1234 1269 1288 Deum
1300 1249 1407 1286 non
1454 1234 1697 1299 timebat,
1733 1242 1787 1286 et
1817 1233 1916 1287 ho-

345 1327 545 1381 minem
587 1342 697 1381 non
734 1326 1085 1380 reverebatur
1150 1325 1192 1378 ³.
1232 1344 1250 1374 ι
1307 1323 1563 1392 Nunquid
1616 1324 1741 1392 quia
1796 1331 1917 1392 post

346 1415 515 1471 Deum
577 1418 855 1471 hominem
908 1416 1228 1480 nominavit,
1273 1415 1361 1469 ille
1414 1416 1576 1470 homo
1618 1423 1703 1469 est
1746 1413 1916 1469 Filius

344 1525 505 1580 quem
542 1510 779 1579 injustus
802 1510 969 1579 judex
1004 1524 1112 1563 non
1143 1508 1457 1563 reveretur?
1504 1508 1586 1561 An
1624 1507 1758 1561 ferte
1788 1508 1916 1576 quia

346 1608 468 1669 post
496 1598 688 1662 Deum,
733 1600 1006 1653 hominem
1039 1597 1358 1659 subdiderit,
1392 1598 1585 1651 tertius
1635 1607 1712 1650 est
1749 1595 1916 1649 Filius

2018 506 2161 569 Υἱὸν,
2195 506 2247 559 τί
2272 505 2337 559 ἂν
2360 505 2561 559 εἴποιεν
2588 507 2714 577 περί
2740 507 2833 559 τοῦ
2868 506 3113 578 Πατρός;
3140 506 3206 559 ἄν
3241 524 3299 558 τε
3344 506 3435 559 τὸν
3475 509 3585 559 Πα-

2011 596 2142 665 τέρα
2165 598 2379 661 εῐπωσι,
2425 596 2476 648 τί
2518 595 2582 648 ἂν
2612 597 2814 649 εἴποιεν
2843 596 2970 667 περὶ
3000 596 3091 647 τοῦ
3128 596 3289 661 Tim};
3330 596 3441 665 Τὴν
3480 598 3585 667 γὰρ

2012 686 2409 741 ἀκολουθοῦσαν
2441 688 2561 740 κατ’
2590 687 2831 750 ἐκείνους
2855 686 3166 758 δυσφημίαν
3207 688 3340 758 μηδὲ
3370 687 3582 757 λογίσα-

2016 778 2139 832 σθαί
2170 795 2289 831 τινα
2312 777 2521 846 γένοιτο
2541 794 2553 807 ⁸
2588 777 2804 846 ἀνάγκη
2836 778 2943 849 γὰρ
2972 778 3168 842 αὐτοὺς
3204 779 3399 840 εἰπεῖν,
3430 779 3461 849 ἢ
3504 780 3585 832 ὅτι

2012 869 2113 922 οὐκ
2140 868 2307 933 ἔστιν,
2334 868 2367 939 ἢ
2391 870 2503 931 τοῖς
2548 868 2816 938 ποιήμασι
2848 867 3200 939 συναριθμεῖν
3220 867 3281 920 τὸ
3312 885 3583 940 σεσιωπη-

2017 962 2196 1033 μένον.

2214 1053 2279 1106 Τί
2300 1053 2345 1104 δ’
2373 1052 2439 1106 ἂν
2467 1054 2672 1107 εἴποιεν
2709 1087 2727 1115 ,
2886 1051 2981 1104 ἐὰν
3020 1050 3312 1104 ἀκούσουσι
3358 1052 3451 1105 καὶ
3492 1051 3583 1105 τοῦ

2014 1145 2218 1216 Κυρίου
2244 1144 2517 1212 λέγοντος·
2543 1162 2562 1195 ι
2590 1144 2798 1215 Κριτής
2826 1161 2909 1206 τις
2932 1138 2999 1214 ἦν
3027 1141 3083 1196 ἐν
3115 1156 3223 1196 τινι
3269 1142 3422 1214 χώρᾳ
3440 1184 3456 1209 ,
3495 1144 3585 1195 τὸν

2013 1234 2145 1286 Θεὸν
2175 1233 2249 1304 μὴ
2280 1231 2645 1302 φοϐούμενος,
2690 1231 2783 1284 κα)⁸
2819 1230 3104 1301 ἄνθρωπον
3148 1231 3222 1302 μὴ
3260 1232 3583 1301 ἐντρεπόμε-

2014 1340 2121 1387 νος.
2156 1341 2174 1374 ι
2211 1318 2375 1390 τΛρα,
2412 1320 2599 1391 ἐπειδὴ
2643 1320 2782 1391 μετά
2824 1320 2914 1372 τὸν
2965 1319 3098 1371 Θεὸν
3306 1319 3583 1389 ὠνόμασεν

2014 1414 2315 1486 ἄνθρωπον,
2340 1416 2367 1467 6
2385 1414 2511 1477 Υἱός
2533 1415 2678 1466 ἐστιν
2704 1405 2859 1477 οὗτος
2889 1415 2916 1465 6
2948 1412 3249 1484 ἄνθρωπος,
3287 1412 3345 1467 ὃν
3370 1413 3469 1465 οὐκ
3502 1414 3578 1466 ἐν·

2015 1504 2224 1573 ετράπη
2253 1502 2473 1565 όάδικος
2498 1502 2689 1573 κριτής
2707 1518 2720 1566 ;
2749 1502 2819 1553 Ἢ
2840 1500 3025 1571 ἐπειδὴ
3050 1502 3183 1571 μετὰ
3202 1500 3291 1553 τὸν
3307 1499 3436 1553 Θεὸν
3451 1501 3583 1553 ὠνό-

2022 1610 2158 1663 μασε
2208 1593 2299 1646 τὸν
2337 1592 2649 1663 ἄνθρωπον,
2693 1592 2873 1662 τρίτος
2899 1592 3045 1645 ἐστὶν
3086 1592 3115 1643 ό
3148 1591 3275 1654 Υίὸς
3329 1590 3465 1661 μετὰ
3497 1591 3586 1643 τὸν

346 1699 470 1758 post
502 1688 801 1745 hominem.
833 1696 885 1741 et
915 1695 1145 1756 quartus
1179 1685 1414 1754 Spiritus
1460 1685 1724 1739 sanctus?
1754 1682 1916 1749 Quid,

2022 1681 2325 1753 ἄνθρωπον,
2366 1683 2461 1734 καὶ
2489 1682 2746 1752 τέταρτον
2770 1682 2829 1733 τὸ
2857 1681 3079 1752 Πνεῦμα
3108 1680 3169 1734 τὸ
3198 1681 3385 1749 ἆγιον;
3424 1680 3490 1731 Τί
3533 1680 3586 1733 δὲ

348 1778 395 1833 si
436 1779 756 1847 Apostolum
798 1778 983 1831 eadem
1018 1774 1259 1844 Epistula
1288 1790 1479 1829 rursus
1510 1775 1776 1829 dicentem
1818 1790 1918 1827 au-

348 1868 501 1922 diant
569 1887 586 1918 ι
623 1867 885 1935 Prmcipio
946 1866 1043 1919 tibi
1088 1880 1273 1920 coram
1332 1864 1482 1929 Deo,
1531 1866 1624 1934 qui
1684 1864 1919 1919 viviﬁcat

349 1959 554 2022 omnia,
589 1967 641 2012 et
669 1957 887 2011 Christo
924 1956 1073 2018 Jesu,
1123 1957 1217 2026 qui
1264 1955 1632 2010 testimonium
1684 1954 1917 2010 reddidit

351 2048 453 2103 sub
482 2048 674 2102 Pontio
714 2046 889 2101 Pilato
934 2047 1130 2101 bonam
1169 2045 1588 2111 confessionem,
1632 2054 1692 2100 ut
1737 2061 1918 2101 serves

352 2140 665 2195 mandatum
694 2139 812 2194 sine
841 2139 1070 2198 macula,
1098 2138 1571 2207 irreprehensibile
1614 2140 1634 2169 ²
1667 2157 1686 2189 ι
1716 2138 1739 2190 ?
1778 2135 1917 2190 Num

351 2232 478 2302 quia
505 2232 593 2285 hic
622 2230 688 2285 de
730 2230 937 2299 angelis
979 2238 1034 2283 et
1079 2228 1283 2299 Spiritu
1314 2230 1485 2293 siluit,
1519 2229 1585 2283 de
1618 2230 1822 2298 Spiritu
1871 2238 1925 2283 et

351 2322 419 2377 de
449 2320 652 2391 angelis
681 2328 862 2373 utrum
898 2319 1006 2374 sint
1034 2319 1319 2373 dubitant?
1360 2318 1435 2373 lta
1476 2333 1607 2373 sane
1644 2319 1925 2373 dubitare-

352 2412 482 2477 rint,
532 2411 772 2481 quandiu
820 2410 938 2463 haec
994 2409 1130 2463 adeo
1196 2409 1361 2479 impia
1418 2417 1607 2463 contra
1657 2408 1921 2479 Spiritum

354 2502 778 2556 meditabuntur.
804 2499 860 2555 Si
888 2512 1145 2570 praeterea
1172 2500 1237 2555 ad
1265 2501 1379 2555 haec
1408 2500 1529 2553 libri
1561 2499 1729 2554 Exodi
1762 2501 1921 2554 verba

355 2593 634 2647 attendant
663 2633 680 2660 ,
753 2611 771 2644 ι
817 2591 1022 2646 Timuit
1051 2602 1229 2647 autem
1265 2592 1495 2662 potrulus
1526 2591 1835 2658 Dominum,
1868 2601 1919 2646 et

357 2687 699 2742 crediderunt
732 2686 840 2741 Deo
879 2697 933 2741 et
961 2686 1127 2758 Moysi
1164 2703 1320 2741 servo
1353 2686 1471 2754 ejus
1506 2691 1526 2723 ³
1560 2725 1574 2749 ,
1617 2703 1636 2736 ι
1671 2701 1736 2738 an
1767 2682 1921 2753 Μογ-

2022 1773 2150 1844 ἀρα,
2167 1772 2261 1824 ἐὰν
2278 1772 2370 1824 καὶ
2397 1770 2490 1824 τοῦ
2526 1769 2847 1831 Ἀποστόλου
2876 1773 2932 1824 ὲν
2951 1772 3015 1841 τῇ
3034 1771 3169 1842 αὐτῇ
3201 1770 3451 1840 ἐπιστολῇ
3483 1771 3587 1823 πά-

2018 1864 2100 1918 λιν
2149 1862 2393 1931 λέγοντος
2422 1862 2729 1915 ἀκούσωσιο
2768 1881 2786 1913 ι
2819 1861 3189 1935 Παραγγέλλω
3229 1878 3309 1914 σοι
3361 1860 3587 1914 ἐνώπιον

2019 1955 2111 2008 τοῦ
2140 1954 2274 2008 Θεοῦ
2324 1952 2416 2006 τοῦ
2448 1952 2831 2021 ζωογονοῦντος
2871 1951 2941 2006 τὰ
2993 1953 3169 2006 πάντα
3194 1993 3209 2018 ,
3261 1952 3354 2005 καὶ
3384 1952 3587 2023 Κυρίου

2034 2045 2207 2116 Ἰησοῦ
2232 2043 2490 2115 Χριστοῦ,
2519 2042 2612 2096 τοῦ
2641 2044 3086 2114 μαρτυρήσαντος
3118 2042 3210 2093 ἐπὶ
3245 2041 3469 2095 Ποντίου
3496 2043 3591 2094 Πι-

2021 2138 2203 2199 λάτου,
2232 2136 2332 2206 τὴν
2353 2135 2521 2205 καλὴν
2554 2134 2860 2205 ὁμολογίαν,
2884 2133 3117 2205 τηρῆσαί
3143 2150 3202 2185 σε
3235 2134 3337 2204 τὴν
3375 2132 3592 2203 ἐντολὴν

2022 2228 2267 2291 ἄσπιλον,
2309 2226 2674 2296 ἀνεπίληπτον
2704 2241 2718 2290 ;
2750 2244 2769 2277 ι
2807 2220 2951 2296 *Αρα
2998 2220 3090 2278 οὖν
3114 2264 3129 2288 ,
3169 2225 3357 2296 ἐπειδὴ
3402 2224 3593 2277 σεσιώ-

2022 2337 2164 2389 πηκε
2184 2318 2279 2373 νῦν
2303 2336 2369 2370 πε
2379 2317 2431 2389 pl.
2455 2317 2698 2385 ἀγγέλων
2720 2317 2815 2370 καὶ
2837 2315 2976 2371 Πνεύ
2984 2333 3170 2387 ματος,
3196 2316 3588 2386 ἀμφιϐάλλουσι

2027 2408 2155 2478 περὶ
2188 2406 2521 2478 Πνεύματος,
2546 2410 2594 2461 εί
2628 2407 2742 2460 ἐστι
2784 2442 2803 2470 ,
2941 2407 3035 2459 καὶ
3071 2405 3195 2475 περὶ
3222 2405 3467 2473 ἀγγέλων
3488 2446 3502 2469 ,
3541 2406 3595 2458 εἴ

2027 2502 2131 2554 εἰσι
2154 2500 2292 2565 ;Ναὶ
2312 2499 2740 2571 ἀμφιὸάλλουσιν
2762 2500 2866 2563 ἕως
2893 2499 3115 2553 τοιαῦτα
3142 2499 3439 2568 δυσφημεῖν
3465 2499 3591 2569 περὶ

2024 2591 2117 2644 τοῦ
2164 2591 2480 2661 Πνεύματος
2519 2591 2972 2662 μεμελετήκασιν.
3042 2589 3166 2642 Ἐὰν
3212 2589 3269 2641 δὲ
3320 2589 3591 2642 ἀκούσωσι

2023 2685 2121 2755 τῆς
2153 2684 2375 2755 Γραφῆς
2401 2682 2662 2752 λεγούσης
2694 2684 2751 2734 ὲν
2906 2684 2971 2751 τῇ
3016 2680 3230 2752 Ἐξάδιρ,
3267 2700 3286 2731 ι
3322 2680 3587 2751 Ἐφοὸήθη

352 2789 467 2829 sem
499 2771 609 2827 Deo
636 2757 1224 2834 annumeraturisunt,
1262 2784 1436 2839 neque
1463 2778 1590 2839 post
1622 2767 1812 2832 Deum,
1844 2769 1922 2825 Fi-

2020 2767 2076 2820 δὲ
2096 2768 2125 2818 6
2148 2757 2289 2829 ’λαὸς
2323 2766 2412 2819 τὸν
2437 2764 2662 2837 Κύριον,
2718 2766 2814 2819 καὶ
2848 2767 3177 2820 ὲπιστευσαν
3210 2766 3288 2837 τῷ
3331 2766 3470 2835 Θεῷ,
3499 2768 3591 2819 καὶ

357 2865 487 2918 lium
517 2864 610 2919 sed
660 2864 837 2918 solum
870 2863 1110 2934 Moysem
1144 2870 1273 2916 sunt
1314 2859 1689 2916 intellecturi?
1717 2859 1854 2924 Quid
1886 2862 1931 2916 si

353 2957 518 3010 etiam
557 2955 920 3026 patriarcham
968 2953 1137 3009 Jacob
1198 2952 1437 3024 Josepho
1678 2952 1763 3006 his
1806 2967 1925 3004 ver-

2020 2861 2215 2930 Μωσῇ,
2249 2858 2324 2929 τῷ
2359 2858 2649 2930 θεραπόντι
2672 2858 2869 2926 αὐτοῦ,
2916 2878 2934 2910 ι
2976 2856 3086 2931 ἆρα
3133 2860 3593 2931 συναριθμήσουσι

2020 2951 2096 3022 τῷ
2128 2951 2245 3023 Θεῷ
2272 2952 2365 3005 τὸν
2392 2952 2618 3022 Μωσῆν,
2658 2953 2752 3005 καὶ
2788 2956 2925 3022 μετὰ
2952 2953 3044 3006 τὸν
3078 2952 3209 3005 Θεὸν
3257 2954 3317 3005 ού
3348 2955 3593 3025 νοήσουσι

353 3049 438 3102 bis
454 3048 772 3102 benedicere
792 3046 1143 3101 meminerint
1175 3064 1192 3096 ‹
1226 3045 1369 3101 Deus
1419 3044 1512 3115 qui
1546 3044 1724 3114 pascit
1754 3058 1839 3097 me
1862 3042 1922 3097 ab

2019 3042 2109 3095 τὸν
2137 3042 2283 3105 Υίὸν,
2310 3042 2445 3096 ἀλλά
2470 3041 2627 3113 μόνον
2653 3043 2744 3096 τὸν
2770 3044 3005 3113 Μωσῆν;
3044 3042 3132 3109 ,Τί
3173 3042 3252 3105 δὲ,
3304 3043 3399 3095 ἐὰν
3435 3043 3595 3096 ἀκού-

354 3138 723 3195 adolescentia
748 3153 867 3192 mea
898 3153 1072 3207 usque
1110 3138 1162 3191 in
1195 3147 1520 3207 praesentem
1547 3137 1688 3191 diem
1720 3153 1734 3203 ;
1760 3152 1930 3207 ange-

354 3229 460 3291 lus,
498 3229 593 3298 qui
632 3228 777 3282 eruit
808 3242 894 3282 me
927 3228 993 3281 de
1025 3228 1238 3282 cunctis
1272 3228 1449 3292 malis,
1481 3228 1767 3283 benedicat
1795 3240 1929 3297 pue-

352 3318 430 3372 ris
464 3318 585 3372 istis
631 3315 656 3349 ⁸
692 3336 711 3369 ι
735 3318 758 3370 ?
786 3315 926 3371 Num
964 3316 1089 3385 quia
1119 3326 1241 3386 post
1269 3316 1437 3372 Deum
1478 3318 1729 3386 angelum
1761 3313 1931 3370 nomi-

353 3408 523 3471 navit,
559 3408 710 3477 prior
753 3416 837 3462 est
871 3408 1098 3477 angelus
1131 3407 1291 3475 Filio,
1328 3416 1423 3462 aut
1459 3408 1631 3462 Filius
1659 3408 1800 3461 inter
1829 3421 1927 3461 an-

351 3499 500 3569 gelos
533 3498 964 3553 annumeratur?
1004 3497 1080 3553 Ita
1115 3498 1360 3568 profecto
1394 3498 1697 3562 senserint,
1730 3498 1930 3568 quippe

350 3592 549 3663 quibus
581 3607 678 3647 cor
703 3602 1020 3662 corruptum
1046 3594 1137 3647 sit.
1166 3592 1370 3647 Verum
1399 3608 1508 3647 non
1538 3593 1652 3647 haec
1685 3599 1770 3648 est
1800 3604 1931 3660 apo-

349 3683 539 3737 stolica
575 3684 727 3747 lides,
760 3698 935 3753 neque
965 3698 1027 3738 ea
1070 3681 1212 3737 ferre
1260 3683 1387 3738 licet
1426 3682 1762 3738 Christiano.
1791 3683 1927 3737 Nam

348 3781 535 3827 sancta
585 3781 639 3827 et
681 3772 837 3826 beata
870 3771 1110 3827 Trinitas
1151 3772 1429 3828 individua
1473 3781 1636 3842 atque
1676 3774 1793 3844 ipsa
1838 3789 1927 3829 se-

348 3879 472 3918 cum
505 3865 658 3917 unita
685 3872 798 3929 est,
832 3864 905 3918 ita
941 3871 999 3917 ut
1029 3863 1119 3917 ubi
1157 3863 1333 3919 Patris
1377 3866 1582 3921 mentio
1626 3865 1740 3929 ﬁat,
1777 3865 1925 3936 ejus-

347 3953 469 4008 dem
523 3955 709 4009 statim
742 3953 1004 4020 Verbum,
1047 3969 1113 4010 ac
1161 3955 1218 4008 in
1266 3954 1407 4010 Filio
1454 3955 1690 4025 Spiritus
1735 3958 1927 4013 debeat

348 4047 595 4114 intelligi.
643 4044 799 4112 Quod
853 4045 901 4101 si
950 4045 1123 4100 Filius
1176 4045 1509 4112 nominetur,
1562 4047 1813 4101 similiter
1870 4048 1925 4102 in

347 4134 487 4190 Filio
509 4144 592 4190 cst
617 4122 800 4202 Pater,
833 4151 932 4190 nec
960 4144 1115 4190 extra
1145 4134 1380 4191 Verbum
1410 4148 1494 4193 est
1529 4136 1765 4207 Spiritus
1800 4154 1927 4193 san-

349 4236 488 4281 ctus.
517 4225 796 4296 Siquidem
824 4242 931 4281 una
958 4236 1042 4283 est
1068 4227 1243 4284 Patris
1272 4230 1443 4298 gratia
1464 4246 1583 4300 quae
1607 4247 1700 4300 per
1726 4230 1923 4285 Filium

348 4319 402 4371 in
436 4318 640 4388 Spiritu
673 4326 863 4375 sancto
896 4321 1218 4390 completur.
1260 4320 1376 4376 Una
1424 4324 1626 4391 pariter
1666 4322 1925 4378 divinitas

2020 3151 2154 3186 σωσι
2190 3133 2285 3186 καὶ
2333 3132 2426 3186 τοῦ
2469 3134 2810 3204 πατριάρχου
2868 3132 3065 3186 Ἰακὼϐ
3120 3133 3469 3202 εύλογοῦντος
3503 3136 3593 3187 τὸν

2030 3225 2224 3296 Ἰωσὴφ
2259 3225 2352 3278 καὶ
2379 3225 2628 3292 λέγοντος
2648 3242 2662 3254 ·
2700 3244 2720 3276 ι
2763 3226 2821 3278 '0
2844 3225 2976 3289 Θεὸς
2994 3227 3022 3278 6
3044 3225 3259 3296 τρέφων
3289 3244 3355 3296 με
3393 3229 3457 3279 ὲκ
3482 3232 3595 3279 νεό-

2014 3316 2174 3386 τητός
2211 3334 2311 3388 μου
2336 3316 2441 3380 ἕως
2473 3316 2572 3387 τῆς
2603 3317 2814 3388 ἡμέρας
2842 3316 3047 3389 ταύτης
3070 3334 3083 3348 ·
3112 3320 3140 3371 6
3173 3318 3401 3387 ἄγγελος
3423 3321 3450 3372 ὀ
3468 3319 3592 3389 6e6-

2019 3408 2176 3478 μενός
2216 3425 2283 3478 με
2312 3409 2375 3461 ὲκ
2401 3408 2620 3460 πάντων
2654 3409 2763 3460 τῶν
2808 3409 2993 3463 κακῶν
3040 3409 3333 3479 εύλογήσαι
3524 3409 3594 3462 τὰ

2017 3499 2203 3553 παιδία
2231 3498 2404 3553 ταῦτα
2434 3518 2452 3550 ι
2482 3516 2496 3565 ;
2528 3496 2697 3570 Ἀρα,
2732 3501 2918 3573 ἐπειδὴ
2952 3500 3093 3572 μετὰ
3142 3502 3235 3555 τὸν
3291 3502 3423 3555 Θεὸν
3465 3502 3597 3555 ὠνό-

2018 3609 2192 3661 μασεν
2223 3591 2475 3660 ἄγγελον,
2526 3592 2741 3665 πρῶτός
2792 3595 2941 3647 ἐστιν
3136 3596 3166 3647 6
3216 3594 3446 3661 ἄγγελος
3497 3594 3593 3647 τοῦ

2019 3681 2168 3747 Υίοῦ,
2198 3684 2508 3754 ἢάγγέλοις
2548 3685 2964 3758 συναριθμεῖται
2992 3687 3021 3739 6
3062 3686 3220 3751 Υίός;
3258 3688 3398 3752 Ναὶ,
3432 3688 3593 3741 πάλιν

2012 3774 2154 3829 οὕτω
2189 3777 2462 3847 νοήσουσι,
2509 3777 2913 3850 διεφθαρμένην
2945 3778 3163 3849 ἔχοντες
3194 3779 3291 3850 τὴν
3339 3780 3588 3850 καρδίαν.

2026 3866 2163 3919 Ἀλλ’
2195 3866 2294 3937 οὐχ
2325 3869 2358 3938 ή
2392 3868 2724 3939 ἀποστολικὴ
2779 3870 2961 3933 πίστις
3019 3870 3137 3923 ἐστὶ
3164 3868 3387 3939 τοιαύτη
3412 3910 3428 3933 ,
3479 3868 3588 3921 οὐδ’

2011 3960 2146 4023 ὅλως
2173 3960 2498 4032 Χριστιανὸς
2522 3961 2809 4032 ἀνάσχοιτο
2839 3962 2904 4015 ἂν
2933 3961 3159 4015 τούτων.
3207 3960 3270 4015 Ἦ
3308 3962 3419 4033 γὰρ
3462 3960 3591 4027 ἁγία

2013 4052 2108 4104 καὶ
2160 4052 2409 4124 μακαρία
2438 4052 2483 4105 Τ
2488 4052 2631 4124 ριάς,
2661 4052 2967 4123 ἀδιαίρετος
3017 4053 3114 4107 καὶ⁵
3154 4052 3407 4123 ἡνωμένη
3456 4052 3591 4122 πρὸς

2012 4144 2210 4216 ἑαυτήν
2234 4145 2349 4197 ἐστι
2372 4162 2383 4173 ·
2405 4145 2499 4197 καὶ
2518 4144 2811 4215 λεγομένου
2828 4143 2922 4197 τοῦ
2944 4143 3176 4213 Πατρὸς,
3332 4142 3589 4213 πρόσεστι

2014 4236 2106 4289 καὶ
2138 4239 2166 4289 6
2186 4237 2376 4290 τούτου
2405 4237 2575 4306 Λόγος
2605 4237 2698 4289 καὶ
2725 4236 2787 4289 τὸ
2818 4236 2877 4289 ὲν
2914 4234 2992 4306 τῷ
3029 4233 3147 4305 Υίῷ
3181 4233 3424 4304 Πνεῦμα.
3465 4233 3588 4287 Ἐἀν

2012 4322 2068 4374 δὲ
2102 4322 2196 4375 καὶ⁸
2220 4325 2249 4376 6
2277 4323 2403 4386 Υἱὸς
2429 4321 2781 4394 ὀνομάζηται,
2808 4323 2866 4377 ὲν
2886 4323 2963 4393 τῷ
2991 4321 3107 4394 Υίῷ
3140 4323 3289 4375 ἐστιν
3312 4324 3342 4374 6
3377 4322 3586 4392 Πατὴρ,

348 4419 402 4465 et
457 4426 599 4465 unus
655 4409 799 4468 Deus
854 4424 937 4467 est
989 4413 1083 4482 qui
1131 4422 1214 4468 est
1259 4427 1424 4483 super
1474 4415 1679 4482 omnia,
1726 4424 1783 4471 et
1830 4431 1922 4486 per

2017 4414 2108 4467 καὶ
2138 4414 2199 4466 τὸ
2224 4414 2449 4485 Πνεῦμα
2478 4416 2578 4468 ούκ
2605 4414 2750 4469 ἐστιν
2784 4414 2942 4478 ὲκτὸς
2964 4414 3058 4468 τοῦ
3100 4413 3298 4482 Λόγου.
3342 4414 3458 4466 Μία
3482 4413 3587 4484 γάρ

347 4500 553 4565 omnia,
585 4509 748 4570 atque
776 4501 831 4555 in
859 4503 1134 4558 omnibus.
1167 4502 1413 4574 Namque
1443 4506 1557 4575 ipse
1580 4508 1755 4569 etiam
1777 4506 1922 4562 Pau-

349 4591 433 4646 lus
459 4591 618 4660 rujus
647 4593 763 4649 hac
792 4603 920 4647 sunt
946 4594 1130 4655 verba.
1166 4614 1184 4647 ι
1215 4595 1499 4650 Testilicor
1527 4611 1710 4653 coram
1740 4598 1849 4653 Deo
1869 4607 1926 4655 et.

346 4684 474 4741 Jesu
502 4686 721 4741 Christo
748 4689 770 4721 '
788 4730 800 4752 ,
830 4707 848 4738 ι
873 4684 1135 4757 Spiritum
1162 4703 1190 4742 a
1216 4687 1354 4743 Filio
1388 4690 1702 4760 neutiquam
1733 4691 1920 4755 dividi,

347 4778 439 4831 sed
460 4779 637 4847 ipsum
668 4779 722 4832 in
739 4777 961 4833 Christo
993 4793 1134 4845 esse,
1174 4780 1634 4849 quemadmodum
1665 4780 1835 4836 Filius
1867 4782 1920 4838 in

345 4866 503 4922 Patre
538 4878 640 4935 est,
678 4869 881 4938 optime
909 4878 1153 4925 noverat.
1178 4868 1573 4926 Convenicnter
1609 4879 1787 4926 tamen
1814 4872 1923 4927 ele-

345 4972 462 5014 rtos
490 4962 711 5030 angelos
741 4977 847 5016 una
879 4962 1149 5031 adiunxit,
1181 4973 1262 5029 ut,
1299 4964 1555 5033 quoniam
1598 4964 1712 5018 haec
1744 4964 1809 5017 ad
1841 4963 1922 5016 di-

344 5052 613 5119 scipulum
647 5052 954 5117 scribebat,
983 5052 1072 5107 ille
1098 5053 1187 5108 cui
1221 5055 1441 5109 minime
1480 5054 1682 5109 latebat
1709 5068 1773 5110 ea
1802 5069 1922 5124 qua:

344 5159 373 5196 a
418 5144 525 5196 Deo
572 5145 715 5199 dicta
767 5154 895 5200 sunt
940 5161 1035 5214 per
1079 5144 1358 5200 Christum
1410 5147 1465 5201 in
1523 5146 1726 5217 Spiritu
1778 5148 1919 5203 dicta

342 5252 485 5300 esse,
516 5246 569 5290 et
598 5238 821 5307 angelos
862 5254 949 5293 res
991 5248 1208 5294 nostras
1239 5240 1639 5305 administrare,
1677 5239 1920 5310 singulo-

343 5343 574 5393 rumque
606 5337 761 5383 actus
788 5330 1080 5398 speculari,
1120 5331 1365 5402 magistri
1395 5333 1796 5387 exhortationes
1824 5348 1919 5385 cu-

343 5419 588 5486 stodiret,
645 5430 704 5474 ut
761 5420 849 5476 cui
911 5437 1232 5491 persuasum
1301 5433 1446 5479 esset
1497 5424 1738 5479 omnium
1796 5439 1918 5494 quae

340 5507 547 5564 diceret
595 5510 742 5579 ipsos
786 5512 1011 5582 angelos
1060 5512 1436 5583 speculatores
1484 5522 1651 5571 testes
1696 5515 1914 5570 habere.

408 5717 424 5749 ι
468 5711 600 5770 Luc.
631 5719 857 5775 xvm.2.
938 5720 1005 5774 ’1
1038 5718 1179 5777 Tim.
1219 5738 1296 5781 νι.
1342 5724 1425 5780 l5.
1495 5726 1515 5759 ³
1543 5724 1714 5780 Exod.
1760 5725 1982 5780 xlv.5l.

2014 4508 2160 4559 ἔστιν
2184 4508 2247 4559 ὲκ
2264 4506 2357 4559 τοῦ
2382 4507 2593 4578 Πατρὸς
2627 4506 2786 4579 χάρις
2811 4505 2879 4560 δι’
2900 4505 3032 4559 Υιοῦ
3059 4508 3115 4558 ὲν
3148 4504 3429 4575 Πνεύματι
3451 4504 3590 4573 ἁγίῳ

2014 4597 2363 4668 πληρουμένη
2390 4613 2405 4628 ·
2462 4597 2556 4650 καὶ
2619 4596 2715 4668 μία
2753 4595 2944 4667 θεότης
3003 4595 3140 4660 ἐστὶ,
3190 4594 3285 4647 καὶ
3328 4588 3409 4657 εἷς
3461 4594 3589 4656 Θεός

2014 4690 2158 4741 ἐστι»
2329 4690 2359 4741 ὁ
2394 4688 2485 4741 ἐπὶ
2517 4688 2755 4753 πάντων,
2784 4688 2879 4742 καὶ
2908 4686 2995 4739 διὰ
3017 4686 3254 4749 πάντων,
3285 4687 3379 4739 καὶ
3410 4688 3468 4739 ἐν
3488 4687 3592 4738 πᾶ-

2017 4798 2122 4834 σιν.
2156 4780 2311 4834 Οὕτω
2333 4781 2440 4851 γὰρ
2473 4779 2568 4834 καὶ
2600 4782 2628 4832 6
2654 4778 2885 4842 Παῦλος,
2914 4777 3183 4850 εἰρηκὼς,
3226 4796 3245 4828 ι
3283 4777 3592 4849 Διαμαρτύ-

2019 4886 2184 4941 ρομαι
2217 4869 2442 4923 ἐνώπιον
2469 4870 2561 4923 τοῦ
2594 4869 2729 4923 Θεοῦ
2759 4870 2853 4923 καὶ
2886 4868 3059 4940 Ἰησοῦ
3086 4870 3325 4939 Χριστοῦ
3352 4912 3366 4934 ,
3420 4888 3437 4920 ι
3476 4868 3589 4936 ὲγί-

2015 4980 2242 5025 νωσκεν,
2273 4962 2433 5015 ὅτιού
2464 4962 2701 5034 διῃρεῖτο
2731 4960 2824 5015 τοῦ
2848 4960 2978 5015 Υίοῦ
3001 4961 3062 5014 τὸ
3094 4961 3321 5032 Πνεῦμα
3346 5001 3361 5025 ,
3387 4960 3501 5015 ἀλλ’
3532 4962 3590 5013 ὲν

2017 5052 2236 5125 Χριστῷ
2275 5049 2343 5123 ἦν
2377 5052 2472 5105 καὶ
2508 5053 2660 5115 αὐτὸ,
2720 5052 2906 5125 ὥσπερ
2945 5054 2973 5105 6
3004 5052 3131 5115 Υἱὸς
3183 5054 3241 5105 ὲν
3269 5052 3347 5123 τῷ
3380 5052 3587 5123 Πατρί-

2015 5141 2140 5201 τοὺς
2188 5141 2243 5194 δὲ
2292 5140 2579 5204 ἐκλεκτοὺς
2619 5141 2887 5210 ἀγγέλους
2934 5143 3311 5212 συνεπήγαγεν
3347 5142 3589 5206 εἰκότως,

2016 5231 2125 5295 ἴνα,
2163 5231 2348 5303 ἐπειδὴ
2403 5233 2768 5304 διαμαρτυρία
2815 5228 2883 5303 ἦν
2923 5232 3000 5303 τῷ
3052 5232 3264 5304 μαθητῇ
3305 5233 3589 5304 λεγομένη,

2015 5323 2320 5391 γινώσκων,
2368 5324 2442 5387 ὡς
2628 5325 2692 5377 τὰ
2723 5325 2819 5395 μὲν
2838 5325 3104 5397 λεγόμενα
3137 5326 3291 5397 παρὰ
3332 5325 3467 5378 Θεοῦ
3509 5324 3594 5376 διὰ

2016 5416 2251 5486 Χριστοῦ
2283 5418 2339 5468 ἐν
2372 5416 2650 5487 Πνεύματι
2682 5416 2998 5487 λελάληται,
3030 5417 3080 5469 οί
3120 5416 3178 5470 δὲ
3227 5416 3449 5485 ἄγγελοι
3481 5416 3595 5469 δια-

2016 5506 2233 5561 κονοῦσι
2273 5509 2341 5561 τὰ
2375 5508 2504 5579 παρ’
2530 5508 2708 5578 ἡμῶν,
2756 5509 3179 5572 ἐπισκοποῦντες
3215 5509 3315 5572 τὰς
3358 5508 3588 5567 ἑκάστου

2069 5723 2088 5756 ⁸
2117 5721 2257 5779 Gen.
2299 5737 2483 5778 xum.
2528 5720 2609 5775 l3.
2689 5718 2707 5744 ’⁵
2736 5716 2780 5771 ll
2813 5714 3054 5772 Timoth.
3086 5727 3162 5781 tv,
3195 5712 3245 5768 ι.
