4086 6214
518 283 622 348 705

516 417 767 491 πράξεις,
790 419 998 491 φυλάξῃ
1024 421 1119 484 τὰς
1136 419 1230 473 τοῦ
1251 419 1569 475 διδασκάλου

516 512 591 574 ὡς
615 511 754 580 ἔχων
783 513 909 575 τοὺς
934 512 1244 583 ἐφορῶντας
1282 513 1389 565 τῶν
1435 513 1743 585 λεγομένων
1788 512 2094 584 μάρτυρας.

518 605 588 657 Ἦ
628 605 769 675 τάχα
816 605 911 657 καὶ
962 604 1052 659 διά
1101 607 1227 672 τοὺς
1274 606 1363 660 διά
1391 606 1593 669 παντὸς
1637 604 1977 676 θεωροῦντας
2031 604 2094 657 τὸ

517 696 808 768 πρόσωπον
848 693 942 748 τοῦ
980 696 1222 766 Πατρὸς,
1264 695 1358 749 τοῦ
1408 697 1466 749 ὲν
1512 699 1628 760 τοῖς
1675 696 1944 769 οὐρανοῖς,
1983 694 2104 748 δια-

518 786 855 858 μαρτύρεται
896 785 991 838 νῦν

1439 289 1823 354 PANOI‘LlA
1860 290 2322 354 DOGMATICA.
2360 318 2431 334 —
2469 291 2617 353 TIT.
2665 293 2772 356 Χῖ.

3670 301 3774 364 706

1710 422 2054 492 παραινέσεις
2078 464 2093 488 ,

2201 424 2283 479 An
2320 422 2463 479 forte
2509 408 2735 493 angelos
2766 422 2861 493 qui
2896 438 3114 493 semper
3139 424 3323 480 vident
3353 422 3545 479 faciem
3570 421 3771 486 Patris.

2200 515 2295 585 qui
2339 514 2392 567 in
2445 514 2601 569 caelis
2648 523 2750 578 est,
2790 523 3008 584 propter
3043 513 3297 570 Ecclesia:
3327 514 3577 583 pusillos,
3607 524 3772 569 testes

2200 603 2454 672 appellat,
2496 613 2556 656 ut
2602 602 2928 671 discipulus,
2969 604 3199 674 cognitis
3248 604 3573 674 populorum
3613 617 3773 657 cura-

2209 694 2442 759 toribus,
2471 693 2718 762 Apostoli
2746 693 3149 759 admonitiones
3174 710 3284 750 non
3322 696 3635 766 negligeret.

1176 786 1463 856 ἀγγέλους,
1489 786 1654 842 ἕνεκά
1692 804 1756 853 γε
1787 786 1894 840 τῶν
1936 788 1994 839 ὲν
2025 788 2092 857 τῇ
2147 783 2443 855 Ἐκκλησία
2492 784 2737 856 μικρῶν,
2788 785 2907 852 ἴνα,
2958 784 3243 855 γινώσκων
3281 787 3311 839 6
3348 785 3595 859 μαθητὴς
3646 787 3773 850 τοὺς

515 881 821 954 κηδεμόνας
855 880 963 933 τῶν
990 879 1154 946 λαῶν,
1186 881 1261 953 μὴ
1300 881 1550 956 ἀμελήσῃ
1590 882 1700 936 τῶν
1731 881 2103 953 παραινέσεων
2139 876 2231 932 τοῦ
2280 878 2625 933 Ἀποστόλου.

709 972 831 1026 Τῶν
861 973 959 1044 μὲν
979 970 1073 1027 οῦν
1098 973 1257 1028 θείων
1281 974 1476 1045 λογίων
1496 974 1736 1038 τοιοῦτος
1761 976 1789 1029 6
1820 974 1946 1038 νοῦς
1971 974 2094 1044 ἐμοὶ

513 1065 785 1137 φαίνεται,
816 1065 1105 1136 διελέγχων
1132 1064 1230 1137 τὴν
1258 1065 1367 1119 τῶν
1390 1066 1601 1136 ἀλόγων
1630 1066 1772 1120 κατά
1802 1064 1896 1119 τοῦ
1926 1063 2096 1117 Πνεύ-

519 1174 688 1229 ματος
714 1156 1027 1227 δυσφημίαν
1045 1174 1060 1187 ·
1087 1159 1243 1212 αὐτοὶ
1266 1158 1324 1212 δὲ
1354 1158 1455 1230 τὴν
1494 1158 1827 1229 φιλονεικίαν
1858 1156 2092 1228 ἔμμονον

514 1249 732 1320 ἔχοντες
768 1248 907 1319 πρὸς
943 1248 1041 1320 τὴν
1062 1248 1340 1319 ἀλήθειαν,
1374 1252 1449 1314 ὠς
1479 1251 1731 1321 γράφεις,
1766 1248 1949 1302 οὐκέτι
1994 1246 2092 1317 μὲν

515 1337 627 1393 ἀπὸ
667 1336 775 1390 τῶν
804 1338 842 1390 Γ
846 1338 1034 1409 ραφῶν
1071 1337 1202 1409 (οὐχ
1228 1338 1541 1408 εὑρίσκουσι
1584 1339 1748 1411 γὰρ),
1768 1337 1876 1391 ἀπὸ
1902 1336 1961 1390 δὲ
1998 1334 2090 1388 τοῦ

517 1427 956 1499 περισσεύματος
997 1428 1098 1498 τῆς
1125 1428 1353 1500 καρδίας
1390 1429 1492 1500 τῆς
1538 1428 1674 1492 ίδίας
1707 1427 2088 1498 ἐρευγόμενοι,

519 1518 682 1573 πάλιν
710 1519 1039 1590 φάσκουσιν
1070 1521 1132 1573 Εί
1163 1520 1236 1592 μὴ
1268 1519 1473 1591 κτίσμα
1496 1520 1643 1584 ἐστὶ,
1678 1519 1811 1589 μηδὲ
1846 1517 1952 1571 τῶν
1987 1518 2090 1583 ἀγ-

519 1608 696 1678 γέλων
738 1603 820 1673 εἷς
851 1610 1021 1673 ἐστιν,
1051 1609 1164 1662 ἀλλ’
1187 1610 1252 1662 ὲκ
1298 1607 1394 1662 τοῦ
1442 1608 1655 1679 Πατρδς
1701 1604 2088 1676 ἐκπορεύεται·

518 1705 715 1760 οὐκοῦν
744 1703 872 1768 Υἱός
898 1705 1014 1758 ἔστι
1048 1703 1144 1758 καὶ
1171 1703 1304 1756 αὐτὸ
1336 1735 1354 1762 ,

525 1797 658 1851 αὐτό
677 1814 738 1851 τε
766 1796 863 1852 καὶ
895 1798 924 1850 6
943 1797 1134 1866 Λόγος.
1160 1795 1270 1850 Καὶ
1305 1797 1354 1849 εἰ
1376 1796 1603 1866 ἀδελφός
1634 1800 1772 1862 ἐστι,
1800 1798 1918 1863 πῶς
1949 1816 2109 1871 μονο-

526 1889 690 1959 γενὴς
718 1889 748 1942 6
783 1889 974 1957 Λόγος,
1010 1888 1043 1959 ἢ
1088 1887 1207 1952 πῶς
1230 1889 1331 1943 οὐκ
1364 1890 1490 1953 ῖσοι,
1513 1890 1677 1944 ἀλλ’ό
1712 1890 1812 1962 μὲν
1851 1891 1989 1963 μετά
2017 1893 2109 1947 τὸν

527 1980 769 2051 Πατέρα,
799 1980 860 2033 τὸ
892 1980 951 2033 δὲ
986 1978 1124 2050 μετά
1151 1979 1243 2033 τὸν
1273 1980 1401 2034 Υίόν
1427 1981 1753 2052 ὀνομάζεται
1813 1995 1830 2046 ;
1982 1981 2109 2047 Πῶς

525 2069 605 2136 δὲ,
639 2073 689 2124 εί
722 2072 785 2125 ἐκ
811 2071 908 2125 τοῦ
939 2072 1153 2143 Πατρός
1174 2074 1343 2137 ἐστιν,
1374 2073 1434 2126 οὐ
1472 2072 1688 2142 λέγεται
1718 2071 1815 2127 καί.
1856 2072 1988 2127 αὐτὸ
2016 2089 2108 2141 γε-

526 2161 819 2233 γεννῆσθαι
848 2201 862 2226 ,
920 2163 954 2234 ἢ
986 2164 1071 2217 ὅτι
1117 2163 1245 2229 Υίός
1274 2164 1443 2231 ἐστιν,
1498 2164 1612 2218 ἀλλ’
1645 2163 1833 2228 ἀπλῶς
1882 2162 2107 2236 Πνεῦμα

526 2252 716 2322 ἀγιον;
754 2253 817 2306 El
859 2253 915 2306 δὲ
962 2254 1059 2307 τοῦ
1083 2254 1217 2308 Υίοῦ
1249 2257 1365 2309 ἐστι
1399 2256 1460 2309 τὸ
1495 2255 1720 2327 Πνεῦμα
1780 2295 1797 2318 ,
1910 2254 2106 2308 οὐκοῦν

527 2346 752 2411 πάππος
778 2347 928 2401 ἐστὶν
960 2349 988 2402 6
1016 2346 1210 2419 Πατὴρ
1231 2349 1327 2402 τοῦ
1354 2350 1689 2420 Πνεύματος.
1716 2349 1950 2403 Τοιαῦτα
1981 2348 2107 2402 παί-

527 2439 712 2503 ζουσιν
737 2439 787 2492 oi
818 2438 1023 2510 ἄτιμοι,
1048 2440 1539 2511 περιεργαζόμενοι
1556 2441 1650 2495 καὶ
1681 2440 1924 2505 θέλοντες
1947 2442 2105 2513 ἐρευ-

527 2530 624 2600 νᾷν
653 2528 722 2583 τά
764 2527 903 2600 βάθη
961 2527 1058 2582 τοῦ
1112 2528 1271 2595 Θεοῦ,
1306 2529 1341 2584 ἀ
1396 2530 1588 2601 μηδεὶς
1616 2526 1790 2594 οἶδεν,
1824 2532 1877 2584 εί
1924 2531 2002 2602 μὴ
2044 2530 2107 2584 τὺ

527 2618 755 2692 Πνεῦμα
782 2619 878 2673 τοῦ
909 2621 1045 2674 Θεοῦ
1071 2621 1131 2675 τὸ
1158 2620 1442 2693 δυσφημού
1451 2639 1610 2693 μενον
1705 2622 1812 2678 ὑπὸ
1879 2623 2101 2680 τούτων.

531 2711 677 2766 Ἔδει
712 2711 812 2783 μὲν
841 2708 935 2766 οῦν
961 2713 1159 2784 μηκέτι
1186 2712 1395 2778 τούτοις
1422 2714 1853 2786 ἀποκρίνασθαι,
1883 2714 2027 2768 κατά
2048 2713 2107 2767 δὲ

525 2803 623 2876 τὴν
650 2805 1016 2877 ἀποστολικὴν
1045 2805 1444 2879 παραγγελίαν,
1471 2805 1610 2878 μετά
1636 2807 1734 2877 τὴν
1750 2809 1817 2860 ὲκ
1836 2806 1949 2861 τῶν
1976 2823 2108 2878 προσ

526 2896 830 2969 ειρημένων
876 2895 1160 2951 νουθεσίαν
1204 2896 1281 2962 ὡς
1326 2898 1638 2968 αίρετικοὺς
1663 2898 1863 2962 αὐτοὺς
1903 2916 2105 2971 παραι-

525 2988 772 3052 τεῖσθαι,
818 2988 852 3059 ἢ
897 2988 1024 3055 ἀξια
1070 2983 1146 3045 ὦν
1179 2989 1457 3061 ἐρωτῶσιν
1491 2991 1700 3063 ἐρωτᾷν
1751 2991 1977 3056 αὐτοὺς,
2012 2989 2109 3045 καὶ

521 3081 775 3134 ἀπαιτεῖν
798 3082 929 3152 παρ’
962 3080 1143 3134 αὐτῶν
1176 3080 1488 3153 ἀπόκρισιν,
1514 3082 1633 3135 οἵαν

522 3170 679 3241 ἡμῶν
718 3170 1063 3226 ἀπαιτοῦσιν.
1094 3172 1422 3226 Είπάτωσαν
1453 3173 1633 3227 τοίνυν
1655 3190 1668 3203 ·
1692 3173 1741 3226 εί
1771 3175 1800 3226 6
1822 3173 2012 3245 Πατὴρ
2043 3174 2108 3227 ἐκ

520 3262 726 3333 πατρός
751 3264 900 3327 ἐστι,
929 3262 1027 3316 καὶ
1051 3265 1101 3317 εί
1126 3263 1288 3328 ἀλλος
1315 3265 1415 3317 σὺν
1441 3263 1591 3335 αὐτῷ
1610 3263 1933 3336 γεγέννηται
1957 3303 1973 3330 ,
2012 3263 2107 3317 καί

519 3353 656 3406 είσιν
687 3352 908 3423 ἀδελφοὶ
934 3352 994 3419 ὶξ
1027 3353 1165 3418 ἑνὸς,
1198 3355 1294 3408 καὶ
1318 3352 1371 3405 τί
1399 3351 1571 3424 ὄνομα
1603 3355 1785 3417 αὐτοῖς
1832 3390 1849 3417 ,
2007 3351 2106 3405 καὶ

516 3442 604 3505 τίς
628 3445 658 3495 6
705 3443 802 3496 καὶ
838 3441 1045 3496 τούτων
1090 3442 1280 3514 Πατὴρ
1317 3443 1413 3496 καὶ
1464 3443 1721 3504 πάππος,
1757 3440 2027 3496 κάκείνων
2053 3441 2105 3494 al

519 3532 812 3604 πρόγονοι;
857 3532 996 3585 Ἀλλ’
1024 3533 1125 3587 οὐκ
1152 3528 1294 3586 εἶναι
1323 3533 1578 3605 φήσουσι.
1601 3530 1727 3595 Πῶς
1768 3526 1862 3586 οὖν
1890 3530 2105 3602 Πατὴρ,

519 3621 851 3689 λεγέτωσαν,
884 3621 1051 3685 αὐτὸς
1083 3621 1159 3693 μὴ
1192 3621 1484 3692 γενόμενος
1651 3622 1717 3674 ὲκ
1750 3620 1998 3691 Πατρός;
2034 3620 2107 3673 Ἦ

517 3714 638 3777 πῶς
679 3712 920 3785 ἠδυνήθη
954 3712 1083 3767 Υίδν
1113 3712 1292 3785 ἔχειν,
1326 3713 1404 3784 μὴ
1454 3711 1720 3783 πρότερον
1763 3710 1926 3774 αὐτὸς
1977 3708 2107 3772 Υίδς

518 3801 800 3874 γεννηθείς
818 3818 833 3867 ;
850 3798 1002 3868 Οἶδα,
1021 3804 1106 3856 ὃτι
1122 3801 1327 3873 ἀσεϐὴς
1348 3804 1382 3873 ἡ
1401 3799 1671 3872 ἐρώτησις
1695 3815 1709 3831 ⁸
1728 3798 1865 3855 ἀλλά
1883 3798 2105 3854 τοιαῦτα

518 3892 811 3957 παίζοντας
861 3892 1059 3956 αὐτοὺς
1109 3889 1325 3955 παίζειν
1372 3890 1602 3952 δίκαιον,
1647 3887 1738 3942 ἵνα
1783 3886 1888 3942 κᾶν
1915 3888 1981 3940 ὲκ
2006 3885 2107 3957 τῆς

515 3983 773 4055 τοιαύτης
788 3982 1019 4047 ἀτοπίας
1040 3983 1136 4037 κα)⁸
1151 3979 1384 4043 ἀσεϐοῦς
1407 3980 1730 4050 ἐρωτήσεως
1752 3975 2106 4032 αἰσθάνεσθαι

515 4076 614 4147 τῆς
646 4075 782 4139 ίδίας
818 4073 1133 4146 ἀφροσύνης
1164 4072 1451 4127 δύνωνται.
1492 4070 1608 4124 Οὐκ
1630 4068 1749 4123 ἐστι
1780 4068 1890 4140 γάρ
1910 4066 2105 4121 ταῦτα’

523 4166 600 4238 μὴ
624 4166 868 4235 γένοιτοί
910 4165 1018 4220 οὐδ’
1065 4163 1241 4229 οὕτως
1290 4164 1502 4235 ἐρωτᾷν
1553 4161 1684 4234 περὶ
1724 4160 1825 4232 τῆς
1854 4160 2108 4231 θεότητος

517 4259 734 4329 πρέπει.
763 4258 877 4313 Ούκ
906 4257 1023 4311 ἐστι
1047 4256 1157 4328 γάρ
1191 4256 1269 4319 ὡς
1314 4254 1601 4326 ἄνθρωπος
1643 4255 1673 4310 6
1712 4250 1868 4319 Θεδς,
1904 4252 1992 4306 ἵνα
2012 4251 2108 4305 καὶ

518 4349 837 4422 ἀνθρώπινα
859 4349 992 4420 περὶ
1018 4346 1185 4402 αὑτοῦ
1207 4363 1293 4411 τις
1319 4345 1567 4418 τολμήσῃ
1594 4345 1824 4418 ἐρωτᾷν.

730 4612 953 4683 Σιωπᾷν
995 4610 1095 4682 μὲν
1127 4590 1251 4675 οὖν,
1298 4607 1375 4672 ὡς
1408 4608 1701 4680 προεῖπον,
1735 4605 1829 4659 ἐπὶ
1870 4604 2104 4670 τούτοις,

518 4705 614 4764 καὶ
650 4706 726 4777 μὴ
772 4703 1182 4777 προσποιεῖσθαι
1222 4702 1350 4765 τοὺς
1389 4700 1671 4765 τοιούτους
1715 4699 1861 4754 ἔδειο
1916 4698 2006 4753 ἵνα
2047 4697 2107 4753 δὲ

523 4801 599 4872 μὴ
644 4798 678 4868 ἡ
730 4795 885 4869 ἡμῶν
937 4797 1117 4868 σιωπὴ
1171 4796 1444 4868 πρόφασιν
1494 4793 1875 4865 ἀναισχυντίας
1923 4792 2108 4857 αὐτοῖς

520 4892 822 4962 ἐμποιήσῃ,
871 4888 1219 4943 ἀκουέτωσαν
1246 4904 1276 4950 ο,
1298 4887 1511 4957 Ὠσπερ
1558 4885 1658 4939 οὐκ
1696 4882 1843 4938 ἔστιν
1876 4883 1971 4937 ἐπὶ
2010 4881 2105 4936 τοῦ

522 4981 738 5052 Πατρὸς
775 4981 951 5035 εἰπεῖν
986 4979 1241 5050 πατέρα,
1295 4976 1471 5041 οὕτως
1524 4978 1626 5032 οὐκ
1671 4976 1818 5030 ἔστιν
1868 4975 1963 5029 ἐπὶ
2009 4973 2105 5028 τοῦ

520 5071 654 5125 Υίοῦ
688 5072 863 5125 εἰπεῖν
910 5070 1160 5142 ἀδελφόν.
1198 5068 1305 5123 Τοῦ
1359 5069 1461 5141 μὲν
1489 5069 1598 5142 γὰρ
1629 5068 1862 5141 Πατρός,
1894 5067 1972 5131 ὡς
2010 5066 2106 5136 γέ-

519 5180 767 5235 γραπται
804 5162 1136 5236 ἔμπροσθεν,
1163 5161 1321 5226 ἀλλος
1350 5161 1483 5226 Θεὸς
1518 5163 1580 5215 οὐ
1610 5160 1832 5231 γέγονεν
1857 5177 1870 5191 ·
1892 5159 2022 5223 Υίὸς
2049 5158 2107 5212 δὶ

521 5255 622 5308 οὐκ
663 5253 811 5308 ἔστιν
846 5255 1006 5320 ἄλλος
1034 5273 1048 5287 -
1088 5253 1385 5327 μονογενὴς
1416 5251 1526 5324 γάρ
1553 5252 1705 5305 ἐστι·
1748 5251 1830 5305 διὸ
1863 5250 1958 5305 καὶ
2004 5248 2105 5321 μό-

521 5366 611 5413 νος
640 5349 737 5404 καὶ¹
761 5344 843 5414 εἷς
870 5349 898 5403 6
934 5347 1126 5420 Πατὴρ
1180 5383 1197 5411 ,
1348 5344 1511 5416 μόνου
1551 5343 1646 5399 καὶ¹
1674 5343 1792 5409 ὲνδς
1821 5340 1953 5397 Υίοῦ
1992 5343 2107 5395 Ila—

517 5442 625 5514 τήρ
649 5444 765 5496 ἐστι
792 5457 806 5471 ·
837 5439 934 5495 καὶ
964 5439 1058 5493 ἐπὶ
1097 5438 1265 5510 μόνης
1289 5436 1390 5508 τῆς
1422 5436 1673 5508 θεότητος
1703 5436 1765 5491 τὸ
1794 5434 1985 5507 Πατὴρ
2009 5433 2105 5490 καὶ

517 5534 583 5589 τδ
611 5533 740 5597 Υἱὸς
766 5530 999 5601 ἔστηκεν
1023 5529 1110 5584 ἀεὶ
1137 5527 1230 5584 καὶ
1267 5527 1405 5582 ἐστι.
1454 5527 1574 5582 Τῶν
1620 5526 1717 5599 μὲν
1744 5527 1854 5600 γὰρ
1893 5525 2105 5599 ἀνθρώ-

515 5641 635 5680 πων
664 5627 715 5679 εί
744 5624 929 5696 πατὴρ
957 5621 1176 5692 λέγεταί
1206 5638 1313 5688 τις,
1352 5619 1468 5675 ἀλλ’
1500 5619 1688 5692 ἑτέρου
1716 5620 1937 5690 γέγονεν
1965 5618 2099 5684 υίόςσ

517 5792 543 5800 ”
601 5810 618 5843 ι
656 5806 760 5865 Tu.
788 5820 871 5873 ιιι,
929 5805 1017 5862 to.

2386 969 2573 1041 itaque
2612 971 2660 1026 is
2690 970 2821 1025 mihi
2862 971 3072 1027 videtur
3100 985 3221 1028 esse
3252 985 3447 1028 sensus
3477 968 3771 1039 Scriptum

2197 1078 2390 1124 sacrae.
2424 1078 2533 1131 quo
2562 1063 2720 1134 plane
2747 1064 2965 1118 illorum
2990 1064 3255 1121 adversus
3280 1064 3544 1134 Spiritum
3576 1063 3770 1132 impie-

2198 1164 2281 1210 tas
2316 1155 2646 1210 validissime
2675 1155 2964 1211 refutatur.
2992 1153 3195 1211 Verum
3231 1155 3394 1210 iidem
3439 1156 3515 1209 illi
3557 1154 3767 1209 veritati

2196 1247 2475 1302 adversari
2502 1256 2754 1318 pergunt,
2774 1256 2829 1302 ut
2861 1247 3079 1313 scribis,
3099 1262 3205 1301 non
3221 1247 3333 1315 jam
3355 1262 3423 1301 ex
3449 1244 3765 1315 Scripturis,

2194 1340 2393 1409 quippe
2421 1341 2516 1410 qui
2546 1341 2681 1394 nihil
2710 1341 2783 1395 ibi
2813 1340 3113 1402 inveniant,
3141 1339 3235 1394 sed
3260 1354 3326 1393 ex
3353 1338 3556 1408 pr0prii
3588 1337 3768 1391 cordis

2196 1432 2557 1487 redundantia
2592 1434 2707 1487 haec
2752 1448 2947 1487 rursus
2993 1438 3245 1486 eructant
3273 1446 3287 1483 :
3324 1430 3381 1484 Si
3415 1429 3650 1499 Spiritus
3680 1442 3766 1482 res

2195 1523 2376 1577 creata
2410 1539 2516 1578 non
2545 1534 2647 1587 est,
2693 1539 2870 1593 neque
2900 1538 3043 1577 unus
3074 1538 3142 1578 ex
3172 1521 3401 1592 angelis,
3437 1520 3532 1575 sed
3566 1534 3633 1574 ex
3660 1517 3764 1572 Pa-

2198 1622 2278 1668 tre
2324 1616 2608 1683 procedit:
2643 1617 2808 1686 igitur
2853 1613 3025 1669 Filius
3074 1629 3288 1683 quoque
3338 1613 3454 1681 ipse
3501 1610 3765 1665 dicendus

1488 1704 1584 1758 καὶ
1609 1702 1704 1758 δύο
1728 1703 1946 1774 ἀδελφοί
1971 1707 2103 1762 εἰσιν

2187 1699 2286 1761 est,
2323 1690 2655 1761 proindequc
2707 1691 2817 1746 duo
2851 1701 2980 1746 sunt
3022 1691 3241 1756 fratres,
3296 1691 3414 1761 ipse
3453 1695 3665 1750 scilicet
3710 1707 3766 1752 et

2187 1777 2442 1837 Verbum.
2496 1781 2651 1848 Quod
2705 1781 2752 1837 si
2789 1779 2956 1837 frater
2993 1792 3127 1849 est,
3164 1784 3257 1850 qui
3313 1783 3429 1837 ﬁeri
3483 1794 3660 1854 potest
3710 1798 3771 1842 ut

2184 1873 2522 1945 unigenitum
2572 1874 2645 1929 sit
2676 1873 2938 1936 Verbum,
2975 1875 3059 1929 vel
3096 1882 3155 1929 ut
3201 1876 3440 1945 :equales
3485 1892 3594 1931 non
3637 1877 3767 1943 sint,

2184 1964 2279 2019 sed
2312 1963 2402 2021 hic
2434 1976 2557 2033 post
2587 1962 2826 2032 Patrem,
2871 1962 2963 2020 ille
3013 1975 3133 2035 post
3181 1964 3381 2020 Filium
3423 1968 3771 2024 nominetur?

2188 2053 2244 2108 Si
2275 2052 2405 2108 item
2435 2070 2501 2108 ex
2537 2053 2695 2109 Patre
2723 2063 2828 2118 est,
2860 2070 2960 2109 cur
3002 2071 3110 2110 non
3157 2065 3211 2111 et
3246 2056 3362 2126 ipse
3409 2058 3645 2127 genitus,
3678 2070 3771 2115 aut

2183 2144 2357 2200 Filius
2383 2159 2527 2212 esse,
2556 2144 2648 2199 sed
2675 2146 2995 2215 simpliciter
3019 2145 3255 2216 Spiritus
3287 2157 3511 2204 sanctus
3538 2150 3772 2205 dicitur?

2186 2235 2450 2306 Denique,
2482 2236 2527 2292 si
2560 2234 2680 2290 Filii
2712 2236 2927 2292 dicatur
2952 2252 3075 2293 esse
3122 2235 3361 2308 Spiritus
3394 2256 3407 2292 :
3443 2239 3604 2295 Pater
3637 2258 3769 2312 ergo

2182 2341 2319 2382 avus
2351 2336 2434 2383 est
2476 2326 2711 2397 Spiritus
2748 2329 2943 2383 sancti.
2995 2327 3122 2384 Haec
3172 2330 3471 2400 turpissimi
3520 2332 3770 2388 homines

2185 2418 2489 2474 cavillando
2532 2417 2831 2485 ell'utiunt,
2886 2420 2981 2490 qui
3032 2420 3308 2476 curiosius
3358 2421 3627 2492 profunda
3675 2422 3770 2478 Dei

2184 2508 2419 2565 scrutari
2470 2518 2760 2575 conantur,
2808 2525 2931 2579 quae
2974 2525 3136 2565 nemo
3182 2512 3335 2566 novit
3384 2512 3490 2568 nisi
3533 2511 3770 2584 Spiritus

2185 2599 2302 2666 Dei,
2336 2599 2405 2656 de
2433 2615 2543 2672 quo
2587 2601 2664 2656 illi
2714 2610 2825 2657 tam
2865 2604 3030 2673 impie
3079 2603 3345 2671 sentiunt,
3389 2606 3591 2676 quibus
3634 2605 3769 2660 nihil

2184 2691 2419 2762 amplius
2457 2692 2791 2762 respondere
2821 2708 3040 2764 aequum
3074 2710 3209 2752 sane
3239 2707 3418 2763 esset;
3449 2696 3544 2752 sed
3574 2710 3769 2751 secun-

2184 2781 2313 2837 dum
2345 2783 2591 2853 Apostoli
2622 2791 2951 2855 praeceptum
3003 2789 3050 2853 ⁸,
3083 2794 3205 2856 post
3236 2787 3546 2857 praedictam
3580 2788 3769 2842 admo-

2185 2874 2471 2943 nitionem,
2492 2886 2754 2947 tanquam
2778 2876 3020 2933 haeretici
3050 2877 3256 2933 vitandi
3285 2890 3496 2935 essent:
3519 2880 3600 2933 vel
3625 2887 3772 2935 certe

2188 2975 2248 3021 ut
2277 2982 2378 3023 nos
2411 2967 2772 3040 interrogant.
2810 2970 2889 3025 sic
2915 2984 3013 3026 eos
3039 2985 3070 3024 a
3102 2969 3264 3025 nobis
3290 2968 3616 3042 interrogari
3644 2985 3773 3040 ope-

1804 3082 1956 3136 αὐτοι
1975 3069 2161 3154 παρις
2186 3072 2265 3154 rae
2288 3058 2522 3127 pretium
2565 3058 2751 3124 fuerit,
2784 3059 3039 3131 idemque
3073 3074 3175 3117 nos
3203 3061 3273 3115 ab
3304 3060 3412 3115 illis
3443 3075 3764 3130 responsum

2183 3149 2496 3220 elllagitare,
2529 3153 2675 3221 quod
2727 3152 2809 3207 illi
2849 3167 2881 3208 a
2920 3153 3084 3210 nobis
3111 3154 3355 3225 exigunt.
3383 3152 3769 3222 Respondeaut

2185 3240 2370 3311 igitur,
2399 3249 2583 3297 utrum
2618 3240 2781 3299 Pater
2812 3257 2881 3298 ex
2926 3255 3082 3314 patre
3111 3243 3203 3303 sit,
3228 3252 3285 3297 et
3311 3257 3442 3297 num
3470 3242 3612 3298 alius
3639 3258 3765 3298 cum

2186 3332 2280 3387 illo
2503 3321 2720 3404 ﬁnitus
2764 3332 2946 3400 fuerit,
2979 3334 3197 3404 sintque
3250 3348 3317 3388 ex
3370 3348 3479 3388 uno
3528 3332 3765 3399 fratres,

2183 3424 2455 3496 qualeque
2486 3441 2688 3481 nomen
2720 3427 2832 3482 illis
2867 3428 2976 3483 sit?
3010 3426 3144 3492 Quis
3172 3425 3301 3480 item
3326 3438 3514 3480 eorum
3541 3435 3696 3496 pater
3715 3435 3771 3481 et

2182 3532 2341 3585 avus,
2372 3516 2467 3588 qui
2496 3518 2725 3588 proavi?
2757 3518 2924 3588 Atqui
2967 3518 3149 3575 nullos
3187 3534 3310 3576 esse
3338 3517 3766 3588 respondebunt.

2183 3602 2366 3670 Quare
2389 3618 2519 3675 ergo
2542 3603 2703 3660 Pater
2732 3606 2802 3661 ab
2833 3606 2939 3662 illis
2968 3607 3189 3673 dicitur,
3213 3607 3308 3677 qui
3344 3607 3488 3661 idem
3512 3622 3580 3661 ex
3604 3605 3767 3661 Patre

2184 3708 2296 3748 non
2342 3694 2415 3750 sit
2462 3696 2653 3751 ortus?
2678 3693 2777 3750 Vel
2814 3697 2908 3766 qui
2941 3696 3140 3752 Filium
3183 3697 3387 3752 habere
3431 3699 3630 3767 potuit,
3674 3698 3771 3769 qui

2188 3785 2304 3856 ipse
2356 3786 2510 3856 prius
2556 3786 2729 3843 Filius
2761 3803 2873 3844 non
2910 3788 3014 3845 fuit
3056 3789 3302 3859 genitus?
3333 3787 3595 3859 Equidem
3658 3805 3769 3844 non

2187 3889 2274 3931 me
2316 3874 2458 3945 fugit
2484 3875 2589 3931 ista
2626 3875 2906 3946 inquirere
2947 3874 3102 3931 nefas
3131 3875 3359 3930 omnino
3385 3889 3525 3929 esse.
3564 3872 3768 3929 Verum

2187 3964 2334 4021 haud
2360 3965 2430 4021 ab
2459 3980 2520 4021 re
2545 3964 2717 4023 fuerit
2752 3966 2828 4021 ita
2859 3965 3217 4023 illudentibus
3249 3965 3491 4020 vicissim
3520 3964 3768 4028 illudere,

2186 4063 2248 4108 ut
2294 4053 2490 4109 saltem
2526 4068 2594 4109 ex
2644 4054 2959 4125 huiusmodi
2988 4056 3225 4111 absurda
3259 4066 3314 4111 et
3341 4054 3507 4124 impia
3540 4055 3773 4109 interro-

2184 4144 2408 4214 gatione
2456 4144 2735 4215 propriam
2782 4146 3156 4216 insipientiam
3207 4145 3485 4216 percipere
3532 4145 3767 4199 valeant.

2184 4235 2299 4293 Nec
2326 4236 2472 4292 enim
2501 4235 2594 4294 illa
2632 4236 2746 4293 ullo
2778 4236 2940 4293 modo
2989 4245 3119 4293 sunt
3155 4255 3171 4293 :
3224 4236 3366 4292 absit
3396 4236 3409 4288 !
3449 4249 3627 4304 neque
3656 4235 3773 4290 haec

2186 4330 2255 4387 de
2307 4329 2592 4387 divinitate
2642 4330 2915 4392 sciscitari
2963 4330 3137 4386 decet.
3194 4326 3473 4400 Siquidem
3519 4341 3630 4382 non
3687 4334 3775 4383 est

2124 4421 2169 4478 D
2190 4420 2330 4480 Deus
2355 4422 2553 4478 similis
2578 4422 2890 4493 hominum,
2920 4433 2983 4479 ut
3021 4422 3124 4481 ista
3157 4423 3399 4479 humana
3427 4421 3496 4477 de
3528 4420 3623 4476 illo
3649 4434 3775 4491 per-

2184 4514 2398 4571 contari
2420 4514 2547 4585 quis
2577 4515 2796 4571 audeat.

2391 4606 2603 4676 Itaque,
2636 4615 2698 4661 ut
2721 4605 2834 4677 jam
2866 4606 3073 4674 monui,
3109 4605 3389 4663 silentium
3430 4605 3487 4657 in
3514 4603 3600 4658 his
3624 4615 3776 4672 quae-

2189 4696 2461 4754 stionibus
2506 4711 2750 4766 servare,
2794 4707 2849 4753 et
2905 4696 3222 4768 huiusmodi
3259 4698 3477 4752 illorum
3529 4694 3773 4764 argutias

2190 4789 2538 4846 dissimulare
2563 4789 2738 4845 satius
2759 4798 2907 4846 certe
2938 4789 3126 4845 fuerit.
3161 4787 3552 4842 Verumtamen
3580 4799 3648 4837 ne
3678 4798 3777 4839 no-

2192 4889 2367 4936 strum
2401 4880 2679 4936 silentium
2711 4878 2938 4950 majoris
2982 4880 3119 4950 ipsis
3167 4877 3260 4933 fiat
3303 4875 3654 4946 impudentia:
3683 4888 3779 4930 oe-

2192 4970 2342 5026 casio
2368 5011 2385 5037 ,
2441 4969 2557 5024 haec
2605 4968 2712 5026 illis
2756 4984 3023 5040 reponere
3070 4984 3181 5024 non
3229 4968 3521 5038 gravabor.
3572 4964 3780 5035 Nempe

2194 5060 2656 5134 quemadmodum
2693 5060 2876 5118 Patris
2922 5070 3132 5132 patrem
3193 5061 3378 5117 dicere
3420 5076 3529 5115 non
3584 5074 3784 5129 possu-

2194 5170 2342 5219 mus,
2370 5153 2442 5208 ita
2470 5166 2572 5207 nec
2597 5151 2718 5209 Filii
2751 5152 2998 5209 fratrem.
3027 5150 3275 5222 Namque
3305 5152 3505 5217 Patris,
3543 5161 3602 5205 ut
3624 5159 3786 5207 antea

2195 5245 2401 5302 dictum
2429 5249 2535 5305 cst,
2575 5242 2718 5300 alius
2761 5243 2903 5301 Deus
2932 5244 3116 5299 nullus
3151 5243 3255 5298 fuit
3280 5260 3294 5296 :
3322 5258 3424 5299 nec
3455 5242 3600 5297 ullus
3626 5240 3812 5297 εἰκῆ-κ

2195 5338 2323 5395 liter
2355 5337 2498 5395 alius
2543 5345 2629 5392 est
2671 5337 2855 5392 filius:
2884 5336 3199 5408 unigenitus
3241 5334 3387 5389 enim
3418 5343 3523 5389 est.
3549 5331 3787 5388 Proinde

2196 5440 2252 5489 et
2283 5431 2435 5490 solus
2464 5441 2521 5490 et
2545 5447 2690 5488 unus
2716 5429 2900 5497 Pater,
2928 5429 3101 5486 solius
3133 5436 3189 5483 et
3222 5425 3389 5481 unius
3420 5424 3544 5481 Filii
3577 5434 3663 5481 est
3681 5422 3789 5481 Pa-

2197 5531 2301 5589 ter,
2334 5532 2499 5592 atque
2524 5521 2663 5577 adeo
2700 5522 2756 5575 in
2795 5520 2913 5575 sola
2936 5517 3222 5575 divinitate
3246 5529 3462 5587 semper
3504 5522 3562 5572 et
3600 5523 3686 5572 est
3728 5524 3786 5571 et

2200 5615 2304 5672 fuit
2326 5614 2488 5671 Pater
2526 5630 2593 5671 ac
2633 5612 2828 5669 Filius.
2884 5611 3020 5668 Nam
3061 5609 3277 5668 tametsi
3325 5609 3467 5666 inter
3525 5608 3780 5666 homines
