4086 6214
352 294 454 355 707

352 504 592 561 Tametsi
628 506 882 561 similiter
912 506 1053 560 illius
1080 504 1202 573 quis
1229 502 1447 565 dicitur,
1482 511 1663 557 tamen
1690 500 1831 554 idem
1858 501 1937 555 al-

353 596 525 650 terius
569 604 653 650 cst
698 605 871 666 pater.
904 593 1060 649 Unde
1106 608 1210 647 non
1258 592 1479 661 proprie
1523 591 1577 643 in
1622 589 1936 645 hominibus

353 686 525 753 patris
556 694 610 740 et
638 686 733 740 lilii
761 700 958 739 nomen
988 691 1259 737 servatur.
1291 680 1382 736 Sic
1408 681 1686 735 Abraham
1716 682 1807 750 qui
1838 680 1937 735 fuit

330 778 500 831 .ﬁlius
530 776 741 841 Tliaraz,
776 776 915 829 idem
950 773 1051 828 fuit
1084 783 1239 844 pater
1272 773 1443 829 Isaac.
1491 772 1756 827 Similiter
1785 771 1937 827 Isaac

354 870 444 935 qui
477 868 618 921 tilius
650 877 767 921 erat
798 865 1052 931 Abrahae,
1089 866 1192 919 fuit
1235 874 1388 935 pater
1416 864 1605 929 Jacob,
1640 880 1813 933 eaque
1857 874 1941 917 est

356 960 607 1011 humanae
650 966 859 1011 natum
904 958 1167 1012 conditio.
1202 957 1339 1012 Nam
1389 959 1491 1013 sibi
1536 960 1766 1013 invicem
1814 968 1941 1012 sunt

357 1059 557 1116 partes,
596 1056 650 1102 et
698 1049 950 1118 quisquis
996 1051 1258 1119 gignitur,
1300 1052 1472 1120 patris
1505 1060 1712 1121 partem
1755 1051 1939 1125 habet,

354 1151 415 1195 ut
438 1150 492 1195 et
524 1142 638 1210 ipse
663 1143 889 1196 alterius
918 1143 1011 1196 ﬁat
1035 1154 1209 1212 pater.
1242 1142 1306 1198 At
1337 1160 1445 1198 non
1479 1146 1549 1198 ita
1582 1161 1638 1199 se
1666 1161 1752 1199 res
1781 1145 1944 1199 habet

356 1232 409 1284 in
457 1231 761 1287 divinitate.
804 1231 917 1288 Nec
950 1234 1094 1288 enim
1128 1234 1407 1288 hominum
1439 1235 1632 1289 similis
1662 1244 1743 1289 est
1776 1236 1940 1298 Deus,

357 1338 457 1377 nec
482 1324 710 1379 divisam
740 1325 902 1379 habet
950 1336 1224 1380 naturam.
1253 1326 1596 1396 Quapropter
1637 1342 1813 1397 neque
1856 1327 1941 1381 sui

356 1414 631 1475 divisione
674 1415 846 1469 ﬁlium
892 1425 1136 1485 generat,
1180 1425 1238 1470 ut
1274 1425 1328 1470 et
1362 1417 1476 1487 ipse
1521 1418 1747 1471 alterius
1791 1426 1945 1487 pater

357 1508 469 1571 tiat,
498 1523 621 1560 cum
652 1524 826 1577 neque
854 1509 969 1578 ipse
1002 1510 1070 1564 sit
1099 1526 1165 1563 ex
1196 1519 1371 1579 patre,
1411 1526 1586 1580 neque
1620 1510 1788 1564 Filius
1817 1525 1945 1579 pars

357 1600 429 1653 sit
464 1599 661 1655 Patris.
693 1600 879 1670 Itaque
905 1601 1077 1656 Filius
1103 1618 1209 1661 non
1246 1612 1490 1672 generat,
1529 1611 1589 1655 ιιι
1636 1604 1755 1672 ipse
1790 1602 1945 1672 geni-

359 1701 444 1744 tus
476 1702 580 1751 est,
619 1693 714 1745 sed
750 1703 896 1747 totus
923 1702 1006 1747 est
1041 1694 1210 1748 totius
1242 1695 1421 1764 imago
1444 1702 1499 1749 et
1529 1694 1787 1763 Splendor
1814 1709 1835 1744 τ
1864 1703 1947 1746 at-

352 1798 459 1851 que
494 1783 546 1835 in
584 1785 700 1838 sola
748 1785 1039 1839 divinitate
1084 1784 1249 1840 Pater
1296 1760 1515 1856 proprie
1554 1760 1639 1841 est
1682 1784 1863 1850 Pater,
1894 1795 1948 1840 et
1977 1760 2015 1814 Β

358 1873 528 1929 Filius
579 1878 795 1945 proprie
841 1888 925 1931 est
965 1877 1140 1932 Filius
1182 1897 1194 1931 :
1234 1879 1324 1948 qui
1378 1879 1540 1933 Pater
1587 1894 1802 1947 semper
1847 1877 1948 1932 fuit

356 1967 536 2030 Pater.
568 1978 622 2022 et
650 1969 821 2023 Filius
852 1971 1058 2039 pariter
1087 1986 1303 2042 semper
1328 1973 1429 2026 fuit
1454 1971 1645 2025 Filius.
1679 1971 1948 2038 Quemad-

358 2064 574 2113 modum
612 2062 741 2113 item
776 2078 1056 2131 nunquam
1092 2064 1253 2117 Pater
1287 2064 1503 2118 futurus
1536 2074 1619 2118 est
1646 2064 1832 2125 Filius,
1867 2064 1947 2118 sic

358 2168 634 2221 nunquam
668 2152 839 2207 Filius
876 2153 1094 2208 futurus
1123 2165 1206 2208 est
1237 2154 1418 2209 Pater.
1458 2155 1521 2209 Et
1558 2164 1619 2209 ut
1664 2170 1944 2225 nunquam

355 2244 517 2299 Pater
542 2246 754 2299 desinet
790 2246 942 2300 solus
976 2262 1099 2301 esse
1130 2246 1291 2301 Pater
1320 2267 1332 2301 :
1364 2249 1434 2302 ita
1468 2246 1641 2302 Filius
1670 2264 1945 2318 nunquam

354 2337 568 2390 desinet
602 2350 723 2389 esse
770 2336 921 2391 solus
967 2336 1160 2391 Filius.
1204 2336 1376 2393 Nemo
1426 2340 1589 2408 igitur
1623 2338 1727 2393 uisi
1767 2349 1948 2393 mente

354 2435 546 2495 captus
589 2428 787 2481 dixerit
812 2428 898 2482 vel
929 2429 1256 2499 cogitaverit
1289 2430 1511 2485 fratrem
1553 2447 1674 2493 esse
1702 2430 1865 2495 Filio,
1896 2439 1949 2486 et

356 2532 553 2571 nomen
584 2518 667 2571 avi
710 2517 857 2572 Patri
894 2522 1207 2575 convenire.
1248 2519 1387 2576 Hinc
1417 2522 1563 2577 enim
1595 2539 1861 2592 nusquam
1893 2523 1944 2577 in

358 2606 658 2677 Scripturis
691 2610 861 2664 sacris
896 2608 1134 2679 Spiritus
1186 2611 1329 2667 ﬁlius
1382 2614 1561 2667 dictus
1600 2623 1704 2675 est,
1741 2630 1807 2668 ue
1840 2613 1945 2669 fra-

355 2706 437 2750 ter
467 2713 588 2753 esse
626 2699 1036 2754 existimaretur
1079 2719 1092 2754 :
1143 2702 1218 2754 uti
1258 2718 1357 2758 nec
1385 2702 1530 2757 illius
1564 2702 1711 2767 Filii,
1745 2721 1811 2758 ne
1840 2704 1947 2759 I’a-

355 2797 435 2843 ter
463 2804 601 2847 avus
630 2791 963 2847 crederetur.
1003 2789 1110 2848 Sed
1156 2792 1353 2859 Filius,
1410 2794 1590 2851 Patris
1632 2804 1717 2850 est
1766 2796 1946 2864 ﬁlius;

861 2988 947 3043 Ex
975 2992 1153 3044 eadem
1192 2989 1439 3060 epistola.

443 3124 587 3182 Fons
633 3135 687 3181 et
744 3127 835 3181 lux
892 3129 1093 3182 dicitur
1150 3127 1329 3181 Pater.
1385 3126 1471 3181 Me
1529 3129 1693 3187 enim.
1739 3121 1938 3190 inquit.

369 3218 694 3287 reliquerunt
715 3220 911 3288 fontem
935 3237 1084 3289 aqua!
1099 3220 1226 3274 sive
1239 3219 1280 3273 ί.
1303 3220 1366 3273 Et
1384 3236 1444 3274 ru
1454 3235 1602 3297 rsum
1628 3219 1681 3271 in
1701 3216 1940 3276 Buruch,

370 3311 513 3374 Quid
551 3322 651 3375 est,
688 3313 885 3379 inquit,
929 3311 1122 3379 Israel,
1152 3316 1292 3384 quod
1326 3316 1380 3367 in
1416 3323 1564 3367 terra
1602 3312 1940 3365 inimicorum

370 3398 468 3449 es?
503 3397 785 3467 Reliquisti
822 3400 1016 3468 fontem
1065 3403 1359 3471 sapientior.
1392 3401 1455 3456 Et
1486 3400 1745 3465 Joannes,
1781 3398 1941 3461 Deus,

370 3484 572 3554 inquit,
614 3497 792 3541 uoster
822 3489 916 3541 lua:
932 3499 1010 3542 est
1035 3492 1075 3543 ¹.
1101 3490 1208 3544 Sed
1240 3489 1414 3545 Filius
1448 3491 1632 3551 etiam,
1666 3505 1778 3558 quo
1804 3488 1941 3541 inuiti

369 3578 719 3645 respondeat,
779 3578 975 3636 ﬂuvius
1026 3581 1249 3638 dicitur.
1314 3582 1557 3646 Flavius,
1608 3581 1806 3650 inquit,
1847 3580 1944 3633 Dei

370 3669 599 3737 repletus
630 3681 705 3725 est
727 3673 879 3742 aquis
902 3674 942 3728 ³.
967 3673 1229 3741 Splendor
1250 3684 1455 3729 autem.
1486 3690 1595 3743 quo
1619 3675 1941 3744 respondeat

369 3759 500 3811 luci.
532 3759 636 3824 Qui
667 3777 785 3813 cum
814 3764 904 3828 sit,
959 3763 1137 3833 inquit
1180 3764 1404 3827 Paulus,
1439 3765 1688 3831 splendor
1724 3764 1933 3833 glorias,

366 3857 414 3899 et
444 3848 615 3915 ﬁgura
636 3850 949 3905 substantiae
969 3853 1081 3917 ejus
1100 3853 1142 3906 δ.
1170 3852 1307 3906 Cum
1342 3854 1502 3924 igitur
1532 3854 1688 3907 Pater
1719 3853 1791 3907 sit
1824 3854 1937 3919 lux,

370 3935 545 3990 Filius
585 3951 766 3993 autem
818 3944 1078 4011 splendor
1109 3945 1279 4013 ipsius
1314 3945 1525 4013 (eadem
1571 3945 1717 3999 enim
1751 3943 1819 3998 de
1853 3944 1940 3998 his

373 4029 575 4096 sa'pius
610 4030 793 4085 dicere
845 4048 950 4086 non
983 4036 1317 4102 gravantur).
1355 4036 1479 4089 licet
1511 4036 1670 4089 etiam
1704 4036 1756 4089 in
1802 4034 1938 4089 Filio

369 4119 558 4173 videre
594 4118 880 4188 Spiritum.
932 4124 985 4178 in
1032 4139 1141 4193 quo
1174 4128 1566 4181 illuminamur.
1604 4123 1671 4178 Ut
1712 4126 1818 4188 det,
1854 4127 1939 4179 iu-

370 4209 515 4275 quit,
543 4213 683 4264 vobis
733 4212 989 4280 Spiritum
1049 4219 1346 4285 sapientiae,
1400 4231 1450 4273 et
1510 4220 1849 4274 reuelationis
1881 4218 1935 4271 in

365 4300 662 4367 cognitione
692 4303 858 4371 ipsius
915 4306 1247 4363 illuminatos
1284 4310 1464 4364 oculos
1493 4311 1666 4363 cordis
1692 4310 1732 4363 '.
1766 4310 1938 4364 Porro

1570 275 1951 334 EUTllYMII
1992 272 2355 334 ZIGABENI

350 426 502 484 pater
529 414 728 485 aliquis
757 413 977 477 dicitur,
1010 422 1188 468 tamen
1214 410 1352 465 idem
1378 408 1601 461 alterius
1634 408 1776 461 [ilius
1809 406 1931 462 fuit.

2044 406 2130 457 Kal
2182 404 2231 456 εί
2274 402 2388 468 υίὸς
2436 403 2685 472 λέγεται,
2731 402 2844 456 ἀλλ’
2880 401 3067 474 ἐτέρου
3117 401 3309 470 γέγονε

3517 268 3619 332 ’1θῖ

3513 420 3618 456 πα-

2036 499 2177 569 τήρ·
2222 495 2362 550 ὥστε
2405 497 2493 550 ἐπ’
2534 494 2838 568 ἀνθρώπων
2888 495 2961 565 μὴ
3006 492 3276 559 σώζεσθαι
3322 494 3527 564 κυρίως
3558 494 3619 546 τὸ

2037 588 2242 659 πατρὸς
2294 589 2389 642 καὶ
2441 587 2559 640 υίοῦ
2602 587 2790 655 ὄνομα.
2852 572 3103 655 ’Λθραὰμ
3150 584 3281 654 γοῦν
3311 624 3325 646 ,
3385 583 3500 648 υίὸς
3545 585 3620 638 ὢν

2035 680 2129 734 τοῦ
2164 681 2399 753 Θάρρου,
2440 680 2622 750 πατὴρ
2654 678 2845 746 γέγονε
2877 676 2971 730 τοῦ
3016 677 3220 729 ’ῐσαάκο
3273 675 3367 728 καὶ
3415 675 3617 740 Ἰσαὰκ,

2037 772 2152 834 υἱὸς
2198 770 2274 824 ὣν
2315 772 2408 825 τοῦ
2454 771 2733 843 Ἀϐραὰμ,
2784 768 2965 840 πατὴρ
3012 769 3203 837 γέγονε
3247 767 3340 820 τοῦ
3383 766 3578 821 Ἰακώϐ
3604 785 3617 797 ·

2038 864 2133 917 καὶ
2162 862 2351 917 τοῦτον
2381 863 2473 917 τὸν
2505 863 2707 935 τρόπον
2735 864 2768 934 ἡ
2805 861 2967 932 φύσις
3001 861 3107 914 τῶν
3142 859 3444 928 ἀνθρώπων
3472 858 3581 929 ἔχει
3604 876 3617 889 ·

2048 955 2188 1026 μέρη
2224 955 2333 1027 γάρ
2378 956 2515 1007 εἰσιν
2560 952 2837 1025 ἀλλήλων·
2886 953 2981 1005 καὶ
3018 953 3247 1015 ἕκαστος
3286 949 3622 1021 γεννώμενος

2046 1046 2277 1116 ἔχειτοῦ
2326 1047 2527 1115 πατρὸς
2564 1046 2749 1116 μέρος,
2788 1044 2876 1097 ἵνα
2910 1044 3003 1096 καὶ
3034 1042 3197 1107 αὐτὸς
3239 1043 3427 1113 ἐτέρου
3461 1042 3620 1113 γένη-

2041 1156 2128 1191 ται
2166 1139 2370 1209 πατήρ.
2418 1138 2542 1191 Ἐπὶ
2570 1138 2625 1190 δὲ
2664 1138 2763 1207 τῆς
2803 1136 3054 1207 θεότητος
3097 1135 3197 1187 οὐκ
3240 1134 3387 1187 ἔστιν
3430 1133 3620 1197 οῦτως.

2047 1231 2121 1283 Οὐ
2151 1230 2262 1301 γὰρ
2293 1230 2369 1291 ὡς
2401 1228 2686 1299 ἄνθρωπος
2718 1230 2746 1281 6
2777 1228 2930 1292 Θεὸς,
2958 1227 3079 1279 οὐδὲ
3114 1226 3479 1297 μεριζομένην
3512 1225 3625 1296 ἔχει

2044 1324 2244 1395 φύσινο
2282 1324 2362 1376 διὸ
2557 1323 2677 1375 οὐδὲ
2722 1324 2888 1392 γεννᾷ
2919 1321 3050 1374 Υίὸν
3100 1318 3492 1390 μεριζόμενος,
3540 1318 3627 1372 ἴνα

2045 1416 2139 1468 καὶ
2179 1415 2343 1478 αὐτὸς
2378 1414 2601 1485 γένηται
2647 1414 2837 1485 Πατὴρ
2883 1413 3092 1483 ἑτέρου,
3130 1411 3251 1463 ἐπεὶ
3301 1409 3423 1481 μηδ’
3466 1410 3628 1473 αὑτός

2046 1509 2193 1559 ἐστιν
2226 1507 2289 1557 ὲκ
2328 1506 2539 1577 Πατρός
2562 1522 2575 1535 ο
2609 1503 2731 1559 οὔτε
2766 1508 2793 1557 6
2824 1505 2950 1567 Υἱὸς
2974 1504 3029 1557 δὲ
3066 1503 3230 1575 μέρος
3261 1504 3379 1556 ἐστὶ
3399 1500 3494 1555 τοῦ
3519 1502 3630 1556 Πα-

2046 1598 2173 1669 τρός
2193 1614 2207 1626 ·
2240 1596 2319 1649 διὸ
2353 1600 2446 1651 καὶ
2658 1597 2777 1649 οὐδὲ
2826 1598 2989 1667 γεννᾷ
3014 1638 3028 1659 ,
3078 1595 3267 1667 ὥσπερ
3308 1594 3629 1665 γεγέννηται

2048 1691 2230 1754 αὐτὸς,
2266 1691 2402 1744 ἀλλὰ
2427 1691 2547 1753 ὅλος
2582 1690 2728 1743 ἐστὶν
2758 1688 2881 1741 ὅλου
2916 1686 3078 1741 εἰκὼν
3106 1688 3202 1741 καὶ
3246 1684 3587 1756 ἀπαύγασμα
3609 1702 3624 1714 ·

2051 1784 2266 1837 καὶέπὶ
2298 1782 2397 1852 τῆς
2431 1780 2683 1850 θεότητος
2734 1780 2901 1851 μόνης
2958 1781 2987 1832 6
3036 1778 3227 1849 Πατὴρ
3278 1777 3483 1848 κυρίως
3512 1775 3628 1829 ἐστὶ

2051 1876 2246 1946 Πατήρ
2271 1892 2284 1905 ·
2322 1876 2415 1928 καὶ
2443 1877 2471 1927 6
2497 1874 2643 1938 Υἱὸς,
2674 1873 2878 1944 κυρίως
2902 1872 3029 1934 Υίός
3060 1872 3235 1923 ἐστιν’
3273 1869 3367 1922 καὶ
3395 1869 3487 1922 ἐπὶ
3512 1868 3632 1921 τοῦ·

2052 1983 2159 2018 των
2209 1966 2407 2036 ἔστηκε
2449 1964 2509 2017 τὸ
2550 1964 2740 2033 Πατὴρ
2777 1964 2862 2016 ἀεὶ
2890 1962 3101 2032 Πατὴρ,
3134 1961 3228 2013 καὶ
3258 1959 3321 2011 τὸ
3358 1960 3365 1966 ’
3507 1956 3632 2019 Υἱὸς

2052 2058 2137 2109 ἀεὶ
2170 2056 2316 2119 Υἱός.
2349 2056 2458 2109 Kal
2484 2056 2674 2126 ὥσπερ
2704 2055 2802 2107 οὐκ
2827 2053 2893 2107 ἂν
2923 2052 3009 2117 εἴη
3041 2052 3168 2106 ποτὲ
3203 2054 3231 2105 6
3263 2050 3455 2123 Πατὴρ
3483 2050 3631 2115 Υἱὸς,

2054 2151 2227 2215 οὕτως
2258 2152 2356 2204 οὐκ
2389 2151 2453 2204 ἄν
2484 2167 2613 2203 ποτε
2635 2150 2845 2217 γένοιτο
2869 2148 2897 2199 6
2921 2148 3048 2210 Υἱὸς
3073 2148 3284 2217 Πατήρ.
3317 2146 3427 2200 Kal
3449 2143 3633 2217 ὥσπερ

2055 2244 2115 2295 οὐ
2143 2242 2407 2296 παύσεταί
2440 2259 2567 2294 ποτε
2610 2244 2637 2294 6
2670 2242 2863 2313 Πατὴρ
2907 2240 3065 2310 μόνος
3106 2238 3181 2291 ὢν
3228 2236 3633 2310 Πατὴρ,οῦτως

2052 2335 2113 2386 οὐ
2140 2333 2407 2388 παύσεταί
2435 2351 2561 2387 ποτε
2584 2334 2611 2386 6
2646 2334 2773 2397 Υἱὸς
2804 2332 2965 2403 μόνος
2994 2331 3069 2385 ὢν
3114 2332 3262 2396 Υἱός.
3300 2331 3484 2386 Μανία
3526 2330 3633 2401 ἄρα

2053 2427 2156 2482 κᾶν
2185 2428 2323 2492 ὅλως
2356 2427 2704 2499 ἐνθυμεῖσθαι
2738 2430 2832 2482 καί
2854 2428 3036 2497 λέγειν
3069 2427 3162 2482 ἐπὶ
3195 2427 3292 2497 μὲν
3321 2425 3454 2480 Υἱοῦ
3482 2425 3634 2480 ἀδελ-

2054 2521 2174 2589 φὸν,
2210 2521 2302 2573 ἐπὶ
2335 2520 2391 2573 δὲ
2426 2522 2636 2591 Πατρὸς
2663 2522 2723 2573 τὸ
2747 2520 2971 2572 πάππου
3142 2518 3330 2588 ὅνομα.
3363 2518 3497 2571 Οὐδὲ
3527 2516 3635 2587 γὰρ

2052 2610 2347 2681 ὠνομάσθη
2378 2611 2435 2663 ἐν
2469 2614 2586 2674 ταῖς
2620 2612 2863 2681 Γραφαῖς
2908 2609 3023 2673 υίὸς
3052 2609 3113 2663 τὸ
3151 2609 3397 2681 Πνεῦμα,
3436 2610 3522 2662 ἵνα
3560 2608 3634 2679 μὴ

2054 2702 2281 2771 ἁδελφὸς
2314 2704 2542 2775 νομισθῇ
2575 2720 2587 2732 ·
2621 2703 2741 2756 οὐδὲ
2773 2702 2889 2767 υίὸς
2920 2702 3014 2755 τοῦ
3055 2700 3208 2765 Υίοῦ,
3244 2701 3330 2753 ἵνα
3367 2702 3441 2771 μὴ
3490 2701 3634 2753 πάπ-

2051 2812 2152 2860 πος
2184 2797 2355 2849 νοοῖτο
2532 2798 2562 2849 ό
2596 2795 2787 2866 Πατήρ
2810 2812 2821 2824 ·
2858 2794 2973 2848 ἀλλ’
3015 2795 3043 2849 6
3094 2794 3244 2859 Υἱὸς,
3279 2792 3373 2846 τοῦ
3426 2791 3634 2861 Πατρὶς

2420 2971 2519 3024 Ἐκ
2550 2970 2660 3038 τῆς
2690 2968 2878 3037 αὐτῆς
2902 2970 3253 3039 επιστολῆς.

2111 3107 2291 3180 Πηγὴ,
2329 3108 2427 3162 καὶ
2459 3107 2577 3175 φῶς
2606 3108 2827 3177 λέγεται
2852 3110 2880 3162 ὁ
2910 3110 3120 3178 Πατήρ.
3175 3109 3313 3177 Ἐμὲ
3344 3110 3478 3177 γὰρ,
3509 3125 3614 3176 φη-

2044 3201 2149 3265 σὶν,
2179 3201 2577 3270 ἐγκατέλιπον
2596 3202 2802 3270 πηγὴν
2829 3202 3051 3268 ὕδατος
3080 3198 3320 3266 ζῶντος.
3356 3203 3467 3255 Καὶ
3509 3203 3613 3255 πά-

2041 3294 2124 3345 λιν
2154 3294 2209 3346 ὲν
2241 3292 2320 3363 τῷ
2352 3293 2592 3362 Βαρούχ⁹
2638 3294 2700 3347 Tt’
2731 3296 2901 3348 ἐστιν
2938 3293 3203 3362 Ἰσραὴλ,
3231 3292 3323 3346 ὅτι
3350 3292 3420 3345 ἐν
3441 3291 3515 3359 τῇ
3540 3292 3618 3360 τῇ

2041 3386 2160 3442 τῶν
2203 3387 2435 3456 ἐχθρῶν
2485 3389 2578 3453 aI;
2625 3388 3039 3456 Ἑγκατέλιπες
3094 3386 3209 3453 τὴν
3253 3386 3459 3454 πηγὴν
3507 3384 3619 3451 τῆς

2040 3482 2285 3550 σοφίας.
2342 3482 2453 3535 Καὶ
2492 3481 2636 3534 κατὰ
2684 3482 2777 3534 τὸν
2822 3481 3100 3550 Ἰωάννην,
3148 3481 3213 3533 'O
3264 3480 3410 3545 Θεὸς
3452 3480 3621 3549 ἡμῶν

2040 3573 2165 3642 φῶς
2198 3576 2352 3630 ἐστι.
2384 3575 2619 3642 Λέγεται
2653 3574 2710 3627 δὲ
2740 3574 2837 3627 καὶ
2870 3575 2898 3626 6
2924 3573 3075 3637 Υίδς,
3095 3573 3171 3636 ὡς
3205 3573 3306 3643 μὲν
3331 3573 3471 3644 πρὸς
3501 3573 3608 3641 τὴν

2039 3669 2223 3736 πηγὴν
2258 3667 2522 3736 ποταμός.
2558 3666 2622 3719 '0
2649 3666 2915 3735 ποταμὸς
2957 3668 3087 3735 γὰρ,
3125 3666 3283 3736 φησὶ,
3313 3666 3423 3720 τοῦ
3469 3668 3618 3721 Θεοῦ

2041 3760 2363 3827 ἐπληρώθη
2408 3759 2667 3822 ὑδάτων,
2701 3758 2840 3828 πρὸς
2884 3759 2943 3811 δὲ
2994 3758 3055 3811 τὸ
3102 3759 3218 3827 φῶς
3243 3759 3609 3827 ἀπαύγασμα,

2038 3851 2292 3919 λέγοντος
2327 3851 2421 3904 τοῦ
2475 3851 2713 3915 Παύλου,
2745 3851 2804 3911 ὃς
2833 3850 2910 3902 ὢν
2934 3848 3277 3921 ἀπαύγασμα
3305 3851 3407 3919 τῆς
3433 3851 3612 3920 δόξης,

2039 3945 2136 3996 καὶ
2165 3943 2454 4014 χαρακτὴρ
2502 3943 2605 4013 τῆς
2653 3943 3010 4006 ὑποστάσεως
3044 3942 3234 3995 αὐτοῦ.
3286 3943 3392 3996 Τοῦ
3433 3943 3613 3997 τοίνυν

2042 4035 2252 4104 [ἰατρὸς
2294 4035 2473 4101 φωτὸς
2505 4035 2679 4098 ὄντος,
2743 4034 2838 4086 τοῦ
2872 4033 2930 4086 δὲ
2986 4033 3115 4087 Υίοῦ
3176 4035 3617 4104 ἁπαυγάσματος

2014 4114 2233 4179 ἀύτοῦ·
2268 4126 2335 4179 τὰ
2361 4126 2501 4179 αὐτὰ
2535 4126 2644 4196 γὰρ
2693 4125 2825 4197 περὶ
2858 4126 3066 4179 τούτων
3102 4126 3201 4180 οὐκ
3242 4124 3501 4195 ὀκνητέον
3524 4126 3614 4180 λέ-

2040 4232 2157 4283 γειν
2217 4218 2518 4281 πολλάκις·
2577 4218 2787 4283 ἔξεστιν
2846 4222 2980 4291 ὁρᾷν
3034 4220 3131 4274 καὶ
3182 4220 3240 4273 δν
3292 4219 3372 4290 τῷ
3404 4219 3517 4288 Υίῴ
3556 4221 3618 4272 τὸ

2041 4309 2286 4380 Πνεῦμα,
2316 4313 2375 4364 ὲν
2403 4306 2447 4379 ᾧ
2500 4312 2872 4382 φωτιζόμεθα.
2929 4315 3057 4369 ἰνα
3100 4313 3231 4385 γὰρ,
3294 4313 3470 4383 φησὶ,
3496 4312 3615 4380 δῴη

370 4403 496 4441 cum
540 4390 910 4447 illumiumnur
936 4395 1163 4464 Spiritu,
1189 4398 1441 4453 Christus
1472 4409 1573 4462 est.
1610 4400 1700 4468 qui
1734 4400 1787 4452 in
1816 4403 1933 4468 ipso

2044 4400 2178 4469 ὑμῖν
2228 4403 2471 4471 Πνεῦμα
2517 4406 2742 4473 σοςρίας
2766 4403 2865 4458 καί
2890 4405 3336 4474 ἀποκαλύψεως
3375 4406 3449 4459 ἐν
3491 4406 3617 4458 ἐπι-

368 4479 661 4536 illuminat.
687 4485 821 4538 Erat
844 4487 1011 4552 enim,
1039 4490 1232 4558 inquit,
1252 4491 1344 4544 luat
1363 4507 1502 4555 vera,
1532 4508 1650 4561 qua:
1675 4494 1939 4545 illuminat

370 4585 577 4625 omnem
618 4576 881 4629 hominem
921 4579 1202 4634 uenientem
1243 4582 1297 4633 in
1338 4582 1647 4637 mendum'.
1671 4582 1937 4637 Praeterea

368 4676 501 4717 cum
553 4662 715 4718 Pater
757 4666 828 4720 sit
858 4666 1001 4730 fons,
1031 4668 1205 4724 Filius
1243 4679 1421 4725 autem
1455 4671 1653 4726 ﬂuvius
1699 4672 1936 4737 dicatur,

369 4768 490 4837 nos.
506 4755 749 4810 dicimur
785 4757 1048 4827 Spiritum
1089 4761 1275 4816 bibere
1303 4776 1321 4830 ;
1347 4763 1607 4829 scriptum
1637 4764 1779 4817 enim
1811 4774 1893 4817 est
1922 4780 1935 4817 :

362 4836 637 4910 Quoniam
656 4865 834 4903 omnes
862 4866 956 4904 nos
978 4867 1081 4905 uno
1104 4851 1311 4922 Spiritu
1332 4856 1503 4924 potati
1526 4870 1707 4910 sumus
1724 4856 1767 4911 ⁷.
1798 4857 1936 4911 Cum

362 4947 551 4992 autem
588 4952 841 5007 putamur
892 4942 1123 5012 Spiritu,
1159 4945 1435 5001 Christum
1478 4946 1733 5002 bibimus.
1785 4945 1941 5000 Bibe‘

365 5031 499 5085 bant
530 5033 695 5098 enim,
726 5035 927 5102 inquit,
959 5051 1025 5089 es
1052 5039 1381 5107 consequenti
1427 5054 1514 5092 eos
1560 5048 1709 5105 petra
1728 5080 1743 5103 ,
1787 5049 1938 5108 petra

364 5131 547 5175 autem
577 5132 691 5177 erat
736 5124 979 5180 Christus
1000 5126 1043 5182 '.
1070 5126 1154 5184 Ad
1188 5129 1303 5184 hzec
1340 5145 1462 5185 cum
1494 5129 1741 5185 Christus
1776 5146 1939 5187 verus

376 5214 449 5268 sit
481 5214 673 5281 Filius,
708 5232 808 5273 nos
840 5219 1102 5288 Spiritum
1131 5223 1482 5292 accipientes,
1510 5223 1775 5277 eilicimur
1812 5224 1929 5278 tllii.

379 5304 505 5360 Non
534 5310 673 5363 enim
714 5313 1011 5381 accepistis,
1059 5315 1256 5385 inquit,
1298 5315 1557 5385 Spiritum
1593 5319 1857 5372 servitutis
1886 5320 1939 5371 in

364 5399 643 5469 timerem,
684 5406 774 5458 sed
819 5408 1093 5476 aceepistis
1146 5409 1409 5475 Spiritum
1449 5411 1746 5479 adoptionis
1787 5412 1933 5479 ﬁlio-

366 5506 486 5544 rum
511 5494 555 5548 ⁸.
590 5495 727 5549 Cum
791 5509 975 5554 autem
1014 5516 1110 5570 per
1176 5501 1438 5572 Spiritum
1493 5503 1835 5576 adeptemur.
1886 5504 1941 5558 in

446 5649 463 5679 ¹
489 5648 689 5723 Je_re_m.
726 5666 788 5715 ιι,
822 5654 909 5705 15.
990 5657 1009 5686 ³
1035 5654 1245 5711 Βηιιοιι
1282 5673 1368 5722 nt,
1393 5658 1480 5723 l0,
1514 5657 1604 5713 12.

375 5716 465 5771 l7.
541 5719 560 5750 ⁷
590 5716 752 5774 Joau.
785 5737 823 5786 ι,
869 5729 924 5777 9.
999 5723 1021 5755 ⁸
1052 5724 1215 5781 lCor.
1250 5716 1477 5795 ιιι,’15.’
1560 5730 1581 5761 ⁸
1617 5730 1638 5782 l
1673 5728 1799 5787 Cor.
1838 5744 1893 5797 ι,
1922 5732 1980 5783 4.

1684 5661 1703 5689 ³
1732 5658 1753 5712 l
1784 5656 1940 5713 Joan.
1984 5678 2024 5725 I,
2049 5660 2103 5717 5.

2044 4493 2259 4561 γνώσει
2296 4496 2482 4549 αὑτοῦ
2526 4501 3023 4566 πεφωτισμένους
3067 4500 3209 4565 τοὺς
3240 4499 3616 4569 ,ὀφθαλμοὺς

2045 4583 2156 4653 τῆς
2186 4586 2452 4654 καρδίας.
2489 4588 2579 4657 Τῷ
2615 4589 2671 4642 δὲ
2701 4590 2981 4660 Πνεύματι
3009 4592 3401 4661 φωτιζομένων
3432 4592 3613 4661 ἡμῶν,

2042 4679 2332 4748 ὀΧριστός
2388 4682 2538 4733 ἐστιν
2585 4684 2613 4735 ό
2646 4685 2704 4734 ἐν
2759 4684 2909 4752 αὐτῷ
2967 4685 3240 4751 φωτίζων.
3302 4680 3424 4738 Ἦν
3484 4687 3611 4754 γὰρ,

2045 4771 2201 4841 φησὶ,
2244 4775 2307 4825 τὸ
2337 4772 2462 4842 φῶς
2490 4773 2557 4827 τὸ
2594 4775 2906 4842 ἀληθινὸν,
2941 4777 2972 4829 ὃ
3008 4776 3237 4845 φωτίζει
3271 4778 3469 4831 πάντα
3513 4778 3617 4830 ἇν-

2043 4866 2281 4929 θρωπον
2328 4865 2657 4934 ἐρχόμενον
2710 4868 2793 4933 εἰς
2819 4864 2926 4921 τὸν
2954 4872 3203 4936 κόσμον.
3243 4870 3413 4923 Πάλιν
3438 4888 3497 4924 τε
3521 4868 3615 4921 τοῦ

2045 4955 2258 5025 Πατρὸς
2289 4956 2446 5020 ὄντος
2477 4958 2683 5027 πηγῆς,
2721 4962 2814 5012 τοῦ
2847 4960 2903 5012 δὲ
2940 4960 3069 5014 Υίοῦ
3102 4961 3348 5031 ποταμοῦ
3386 4961 3618 5033 λεγομέ-

2043 5065 2158 5109 νου,
2196 5048 2376 5102 πίνειν
2404 5051 2679 5119 λεγόμεθα
2733 5054 2793 5105 τὸ
2851 5054 3097 5123 Πνεῦμα.
3132 5055 3453 5125 Γέγραπται
3485 5057 3613 5125 γὰρ,

2042 5142 2172 5193 Ὀτι
2204 5140 2378 5209 ἡμεῖς
2400 5141 2627 5206 πάντες
2651 5142 2720 5196 ἓν
2744 5145 2988 5214 Πνεῦμα
3006 5146 3442 5216 ἐποτίσθημεν,
3468 5150 3525 5200 τὸ
3556 5150 3612 5201 δὲ

2042 5231 2264 5302 Πνεῦμα
2297 5232 2647 5306 ποτιζόμενω
2680 5238 2771 5289 τὸν
2817 5237 3051 5308 Χριστὸν
3076 5238 3325 5306 πίνομεν.
3361 5240 3616 5293 Ἐπινον

2038 5325 2147 5391 τὰρ
2176 5321 2246 5375 ἐκ
2275 5325 2689 5395 πνευματικῆς
2715 5329 3180 5394 ἀκολουθούσης
3212 5329 3454 5396 πέτρας,
3484 5332 3521 5395 ἡ
3549 5328 3617 5380 δὲ

2047 5413 2235 5481 πέτρα
2254 5408 2334 5484 ἦν
2356 5417 2391 5470 ό
2422 5418 2700 5485 Χριστός.
2736 5418 2843 5470 Καὶ
2876 5404 3039 5471 πάλιν
3060 5418 3154 5471 τοῦ
3191 5420 3429 5488 Χριστοῦ
3461 5420 3616 5481 ὄντος

2049 5505 2309 5573 ἀληθινοῦ
2349 5507 2499 5577 Υίοῦ,
2546 5510 2710 5579 ἡμεῖς
2736 5511 2796 5563 τὸ
2831 5510 3057 5580 Πνεῦμα
3088 5508 3459 5581 λαμϐάνοντες
3507 5512 3618 5563 υἷο-

2198 5660 2221 5695 ⁸
2253 5660 2397 5720 Psal.
2434 5679 2581 5732 thv,
2617 5664 2703 5719 10.
2796 5668 2816 5698 ⁵
2846 5666 3011 5720 llehr.
3048 5681 3088 5733 ι,
3122 5667 3176 5721 5.
3276 5666 3297 5697 ⁸
3332 5666 3533 5737 Ephes.
3563 5681 3603 5727 ι.
