  <div class='ocr_page' id='page_1' title='image "/cluster/home/n/w/nwhite01/storage/ocr_20150623/130/hvd.32044073502387/362.png"; bbox 0 0 4086 6214; ppageno 0'>
   <div class='ocr_carea' id='block_1_1' title="bbox 400 254 510 319">
    <p class='ocr_par' dir='ltr' id='par_1_1' title="bbox 400 254 510 319">
     <span class='ocr_line' id='line_1_1' title="bbox 400 254 510 319; baseline -0.018 0"><span class='ocrx_word' id='word_1_1' title='bbox 400 254 510 319; x_wconf 73' lang='lat'><strong>713</strong></span> 
     </span>
    </p>
   </div>
   <div class='ocr_carea' id='block_1_2' title="bbox 1372 241 2693 312">
    <p class='ocr_par' dir='ltr' id='par_1_2' title="bbox 1372 241 2693 312">
     <span class='ocr_line' id='line_1_2' title="bbox 1372 241 2693 312; baseline -0.007 0"><span class='ocrx_word' id='word_1_2' title='bbox 1372 248 1742 312; x_wconf 74' lang='lat' dir='ltr'><strong>PANOPLIA</strong></span> <span class='ocrx_word' id='word_1_3' title='bbox 1785 245 2237 308; x_wconf 77' lang='lat' dir='ltr'><strong>DOGMATICA.</strong></span> <span class='ocrx_word' id='word_1_4' title='bbox 2280 268 2349 281; x_wconf 83' lang='grc'><strong>-</strong></span> <span class='ocrx_word' id='word_1_5' title='bbox 2378 242 2529 305; x_wconf 83' lang='grc' dir='ltr'><strong>ΤΙΤ.</strong></span> <span class='ocrx_word' id='word_1_6' title='bbox 2558 241 2693 304; x_wconf 84' lang='grc' dir='ltr'><strong>ΧΠ.</strong></span> 
     </span>
    </p>
   </div>
   <div class='ocr_carea' id='block_1_3' title="bbox 3563 229 3668 296">
    <p class='ocr_par' dir='ltr' id='par_1_3' title="bbox 3563 229 3668 296">
     <span class='ocr_line' id='line_1_3' title="bbox 3563 229 3668 296; baseline -0.019 -1"><span class='ocrx_word' id='word_1_7' title='bbox 3563 229 3668 296; x_wconf 81' lang='grc' dir='ltr'>τιι</span> 
     </span>
    </p>
   </div>
   <div class='ocr_carea' id='block_1_4' title="bbox 408 356 2000 441">
    <p class='ocr_par' dir='ltr' id='par_1_4' title="bbox 408 364 1985 441">
     <span class='ocr_line' id='line_1_4' title="bbox 408 364 1985 441; baseline -0.004 -17"><span class='ocrx_word' id='word_1_8' title='bbox 408 373 512 439; x_wconf 79' lang='grc' dir='ltr'>τῆς</span> <span class='ocrx_word' id='word_1_9' title='bbox 540 369 840 441; x_wconf 81' lang='grc' dir='ltr'><strong>σφραγῖδος</strong></span> <span class='ocrx_word' id='word_1_10' title='bbox 871 368 1003 438; x_wconf 55' lang='lat' dir='ltr'><strong>«pb,</strong></span> <span class='ocrx_word' id='word_1_11' title='bbox 1026 368 1093 421; x_wconf 72' lang='grc' dir='ltr'>τὰ</span> <span class='ocrx_word' id='word_1_12' title='bbox 1119 368 1380 438; x_wconf 83' lang='grc' dir='ltr'>χριόμενα</span> <span class='ocrx_word' id='word_1_13' title='bbox 1412 368 1507 419; x_wconf 78' lang='grc' dir='ltr'>καὶ</span> <span class='ocrx_word' id='word_1_14' title='bbox 1532 364 1985 435; x_wconf 72' lang='grc' dir='ltr'>σφραγιζόμενας</span> 
     </span>
    </p>
   </div>
   <div class='ocr_carea' id='block_1_5' title="bbox 2098 356 3670 441">
    <p class='ocr_par' dir='ltr' id='par_1_5' title="bbox 2098 356 3670 432">
     <span class='ocr_line' id='line_1_5' title="bbox 2098 356 3670 432; baseline -0.007 -13"><span class='ocrx_word' id='word_1_15' title='bbox 2098 363 2353 432; x_wconf 71' lang='lat' dir='ltr'><strong>unguenti</strong></span> <span class='ocrx_word' id='word_1_16' title='bbox 2386 370 2441 417; x_wconf 91' lang='lat' dir='ltr'><strong>et</strong></span> <span class='ocrx_word' id='word_1_17' title='bbox 2459 361 2621 432; x_wconf 88' lang='lat' dir='ltr'><strong>sigilli</strong></span> <span class='ocrx_word' id='word_1_18' title='bbox 2660 374 2783 415; x_wconf 89' lang='lat' dir='ltr'><strong>esse</strong></span> <span class='ocrx_word' id='word_1_19' title='bbox 2827 364 3006 428; x_wconf 89' lang='lat' dir='ltr'><strong>potest</strong></span> <span class='ocrx_word' id='word_1_20' title='bbox 3058 371 3181 412; x_wconf 90' lang='lat' dir='ltr'><strong>eum</strong></span> <span class='ocrx_word' id='word_1_21' title='bbox 3238 356 3324 411; x_wconf 85' lang='lat' dir='ltr'><strong>his</strong></span> <span class='ocrx_word' id='word_1_22' title='bbox 3360 356 3524 412; x_wconf 84' lang='lat' dir='ltr'><strong>rebus</strong></span> <span class='ocrx_word' id='word_1_23' title='bbox 3547 369 3670 425; x_wconf 67' lang='lat' dir='ltr'><strong>quas</strong></span> 
     </span>
    </p>
   </div>
   <div class='ocr_carea' id='block_1_6' title="bbox 406 456 1982 529">
    <p class='ocr_par' dir='ltr' id='par_1_6' title="bbox 406 456 1982 529">
     <span class='ocr_line' id='line_1_6' title="bbox 406 456 1982 529; baseline -0.006 -11"><span class='ocrx_word' id='word_1_24' title='bbox 406 460 623 519; x_wconf 83' lang='grc' dir='ltr'>Οὐκοῦν</span> <span class='ocrx_word' id='word_1_25' title='bbox 658 462 753 516; x_wconf 79' lang='grc' dir='ltr'><strong>καὶ</strong></span> <span class='ocrx_word' id='word_1_26' title='bbox 802 460 943 515; x_wconf 70' lang='grc' dir='ltr'>κατὰ</span> <span class='ocrx_word' id='word_1_27' title='bbox 997 458 1154 514; x_wconf 90' lang='grc' dir='ltr'>τοῦτο</span> <span class='ocrx_word' id='word_1_28' title='bbox 1199 460 1301 513; x_wconf 73' lang='grc' dir='ltr'>οὐκ</span> <span class='ocrx_word' id='word_1_29' title='bbox 1352 460 1419 512; x_wconf 83' lang='grc' dir='ltr'>ἂν</span> <span class='ocrx_word' id='word_1_30' title='bbox 1460 457 1546 529; x_wconf 87' lang='grc' dir='ltr'><strong>είη</strong></span> <span class='ocrx_word' id='word_1_31' title='bbox 1594 458 1701 511; x_wconf 84' lang='grc' dir='ltr'>τῶν</span> <span class='ocrx_word' id='word_1_32' title='bbox 1736 456 1982 511; x_wconf 82' lang='grc' dir='ltr'>πάντῶν.</span> 
     </span>
    </p>
   </div>
   <div class='ocr_carea' id='block_1_7' title="bbox 407 547 1989 622">
    <p class='ocr_par' dir='ltr' id='par_1_7' title="bbox 407 547 1989 622">
     <span class='ocr_line' id='line_1_7' title="bbox 407 547 1989 622; baseline -0.004 -14"><span class='ocrx_word' id='word_1_33' title='bbox 407 556 484 608; x_wconf 81' lang='grc' dir='ltr'><strong>Οὐ</strong></span> <span class='ocrx_word' id='word_1_34' title='bbox 547 554 655 621; x_wconf 67' lang='grc' dir='ltr'>γὰρ</span> <span class='ocrx_word' id='word_1_35' title='bbox 713 554 780 605; x_wconf 79' lang='grc' dir='ltr'><strong>ἂν</strong></span> <span class='ocrx_word' id='word_1_36' title='bbox 811 553 894 622; x_wconf 85' lang='grc' dir='ltr'><strong>εῐη</strong></span> <span class='ocrx_word' id='word_1_37' title='bbox 960 552 992 620; x_wconf 80' lang='grc' dir='ltr'><strong>ἡ</strong></span> <span class='ocrx_word' id='word_1_38' title='bbox 1060 555 1297 621; x_wconf 76' lang='grc' dir='ltr'>σφραγὶς</span> <span class='ocrx_word' id='word_1_39' title='bbox 1372 551 1435 602; x_wconf 79' lang='grc' dir='ltr'>ἐκ</span> <span class='ocrx_word' id='word_1_40' title='bbox 1506 548 1616 601; x_wconf 82' lang='grc' dir='ltr'><strong>τῶν</strong></span> <span class='ocrx_word' id='word_1_41' title='bbox 1690 547 1989 619; x_wconf 76' lang='grc' dir='ltr'>σφραγιζο-</span> 
     </span>
    </p>
   </div>
   <div class='ocr_carea' id='block_1_8' title="bbox 412 638 1987 715">
    <p class='ocr_par' dir='ltr' id='par_1_8' title="bbox 412 638 1987 715">
     <span class='ocr_line' id='line_1_8' title="bbox 412 638 1987 715; baseline -0.006 -16"><span class='ocrx_word' id='word_1_42' title='bbox 412 648 607 715; x_wconf 77' lang='grc' dir='ltr'>μένων,</span> <span class='ocrx_word' id='word_1_43' title='bbox 629 644 750 697; x_wconf 80' lang='grc' dir='ltr'>οὐδὲ</span> <span class='ocrx_word' id='word_1_44' title='bbox 781 643 843 694; x_wconf 78' lang='grc' dir='ltr'>τὸ</span> <span class='ocrx_word' id='word_1_45' title='bbox 874 643 1082 711; x_wconf 88' lang='grc' dir='ltr'>χρίσμα</span> <span class='ocrx_word' id='word_1_46' title='bbox 1109 644 1175 696; x_wconf 75' lang='grc' dir='ltr'><strong>ὲκ</strong></span> <span class='ocrx_word' id='word_1_47' title='bbox 1205 641 1314 693; x_wconf 84' lang='grc' dir='ltr'>τῶν</span> <span class='ocrx_word' id='word_1_48' title='bbox 1346 640 1677 712; x_wconf 77' lang='grc' dir='ltr'>χριομένωνο</span> <span class='ocrx_word' id='word_1_49' title='bbox 1707 638 1821 692; x_wconf 77' lang='grc' dir='ltr'>ἀλλ’</span> <span class='ocrx_word' id='word_1_50' title='bbox 1856 638 1987 692; x_wconf 85' lang='grc' dir='ltr'>ίδιόν</span> 
     </span>
    </p>
   </div>
   <div class='ocr_carea' id='block_1_9' title="bbox 407 728 1988 805">
    <p class='ocr_par' dir='ltr' id='par_1_9' title="bbox 407 728 1988 805">
     <span class='ocr_line' id='line_1_9' title="bbox 407 728 1988 805; baseline -0.006 -14"><span class='ocrx_word' id='word_1_51' title='bbox 407 741 527 792; x_wconf 73' lang='grc' dir='ltr'>ἐστι</span> <span class='ocrx_word' id='word_1_52' title='bbox 554 736 715 789; x_wconf 85' lang='grc' dir='ltr'>τοῦτο</span> <span class='ocrx_word' id='word_1_53' title='bbox 743 735 842 789; x_wconf 90' lang='grc' dir='ltr'>τοῦ</span> <span class='ocrx_word' id='word_1_54' title='bbox 869 736 1119 805; x_wconf 80' lang='grc' dir='ltr'>χρίοντος</span> <span class='ocrx_word' id='word_1_55' title='bbox 1148 736 1243 787; x_wconf 70' lang='grc' dir='ltr'><strong>καὶ</strong></span> <span class='ocrx_word' id='word_1_56' title='bbox 1266 734 1666 802; x_wconf 74' lang='grc' dir='ltr'>σφραγίςοντος</span> <span class='ocrx_word' id='word_1_57' title='bbox 1692 730 1892 798; x_wconf 84' lang='grc' dir='ltr'><strong>Λόγου.</strong></span> <span class='ocrx_word' id='word_1_58' title='bbox 1914 728 1988 782; x_wconf 79' lang='grc' dir='ltr'><strong>Τὸ</strong></span> 
     </span>
    </p>
   </div>
   <div class='ocr_carea' id='block_1_10' title="bbox 414 820 1993 899">
    <p class='ocr_par' dir='ltr' id='par_1_10' title="bbox 414 820 1993 899">
     <span class='ocr_line' id='line_1_10' title="bbox 414 820 1993 899; baseline -0.006 -15"><span class='ocrx_word' id='word_1_59' title='bbox 414 831 515 899; x_wconf 68' lang='grc' dir='ltr'>μὲν</span> <span class='ocrx_word' id='word_1_60' title='bbox 538 829 647 899; x_wconf 80' lang='grc' dir='ltr'>γὰρ</span> <span class='ocrx_word' id='word_1_61' title='bbox 667 828 878 898; x_wconf 82' lang='grc' dir='ltr'>χρίσμα</span> <span class='ocrx_word' id='word_1_62' title='bbox 902 827 1001 895; x_wconf 76' lang='grc' dir='ltr'>τὴν</span> <span class='ocrx_word' id='word_1_63' title='bbox 1021 826 1252 880; x_wconf 74' lang='grc' dir='ltr'>εὐωδίαν</span> <span class='ocrx_word' id='word_1_64' title='bbox 1278 828 1372 880; x_wconf 77' lang='grc' dir='ltr'>καὶ</span> <span class='ocrx_word' id='word_1_65' title='bbox 1402 824 1574 890; x_wconf 84' lang='grc' dir='ltr'>πνοὴν</span> <span class='ocrx_word' id='word_1_66' title='bbox 1593 820 1688 876; x_wconf 89' lang='grc' dir='ltr'><strong>τοῦ</strong></span> <span class='ocrx_word' id='word_1_67' title='bbox 1713 821 1993 893; x_wconf 87' lang='grc' dir='ltr'>χρίοντοος</span> 
     </span>
    </p>
   </div>
   <div class='ocr_carea' id='block_1_11' title="bbox 414 911 1989 992">
    <p class='ocr_par' dir='ltr' id='par_1_11' title="bbox 414 911 1989 992">
     <span class='ocr_line' id='line_1_11' title="bbox 414 911 1989 992; baseline -0.006 -17"><span class='ocrx_word' id='word_1_68' title='bbox 414 924 567 992; x_wconf 78' lang='grc' dir='ltr'>ἔχει,</span> <span class='ocrx_word' id='word_1_69' title='bbox 599 924 692 976; x_wconf 78' lang='grc' dir='ltr'>καὶ</span> <span class='ocrx_word' id='word_1_70' title='bbox 724 921 773 973; x_wconf 87' lang='grc' dir='ltr'><strong>οἱ</strong></span> <span class='ocrx_word' id='word_1_71' title='bbox 816 919 1092 990; x_wconf 83' lang='grc' dir='ltr'>χριόμενοι</span> <span class='ocrx_word' id='word_1_72' title='bbox 1130 918 1322 971; x_wconf 73' lang='grc' dir='ltr'>τούτου</span> <span class='ocrx_word' id='word_1_73' title='bbox 1364 914 1874 986; x_wconf 78' lang='grc' dir='ltr'>μεταλαμϐάνοντες</span> <span class='ocrx_word' id='word_1_74' title='bbox 1897 911 1989 966; x_wconf 74' lang='grc' dir='ltr'><strong>λέο</strong></span> 
     </span>
    </p>
   </div>
   <div class='ocr_carea' id='block_1_12' title="bbox 414 1000 1991 1078">
    <p class='ocr_par' dir='ltr' id='par_1_12' title="bbox 414 1000 1991 1078">
     <span class='ocr_line' id='line_1_12' title="bbox 414 1000 1991 1078; baseline -0.007 -16"><span class='ocrx_word' id='word_1_75' title='bbox 414 1026 574 1078; x_wconf 65' lang='grc' dir='ltr'>γ’,υσι</span> <span class='ocrx_word' id='word_1_76' title='bbox 593 1022 609 1037; x_wconf 81' lang='grc'><strong><em>⁸</em></strong></span> <span class='ocrx_word' id='word_1_77' title='bbox 659 1025 678 1057; x_wconf 81' lang='lat' dir='ltr'><strong>r</strong></span> <span class='ocrx_word' id='word_1_78' title='bbox 709 1005 948 1076; x_wconf 83' lang='grc' dir='ltr'><strong>Χριστοῦ</strong></span> <span class='ocrx_word' id='word_1_79' title='bbox 978 1006 1177 1059; x_wconf 80' lang='grc' dir='ltr'>εὐωδία</span> <span class='ocrx_word' id='word_1_80' title='bbox 1202 1004 1366 1072; x_wconf 82' lang='grc' dir='ltr'>ὲσμέν</span> <span class='ocrx_word' id='word_1_81' title='bbox 1389 1019 1404 1037; x_wconf 85' lang='grc'><strong>·</strong></span> <span class='ocrx_word' id='word_1_82' title='bbox 1434 1022 1453 1054; x_wconf 78' lang='grc' dir='ltr'>ι</span> <span class='ocrx_word' id='word_1_83' title='bbox 1483 1001 1595 1072; x_wconf 78' lang='grc' dir='ltr'><strong>ἠδὲ</strong></span> <span class='ocrx_word' id='word_1_84' title='bbox 1628 1000 1868 1071; x_wconf 71' lang='grc' dir='ltr'>σφραγὶς</span> <span class='ocrx_word' id='word_1_85' title='bbox 1893 1000 1991 1068; x_wconf 84' lang='grc' dir='ltr'>τὴν</span> 
     </span>
    </p>
   </div>
   <div class='ocr_carea' id='block_1_13' title="bbox 427 1090 1991 1172">
    <p class='ocr_par' dir='ltr' id='par_1_13' title="bbox 427 1090 1991 1172">
     <span class='ocr_line' id='line_1_13' title="bbox 427 1090 1991 1172; baseline -0.006 -19"><span class='ocrx_word' id='word_1_86' title='bbox 427 1100 644 1172; x_wconf 78' lang='grc' dir='ltr'>μορφὴν</span> <span class='ocrx_word' id='word_1_87' title='bbox 672 1096 915 1169; x_wconf 80' lang='grc' dir='ltr'><strong>Χριστοῦ</strong></span> <span class='ocrx_word' id='word_1_88' title='bbox 955 1095 1048 1151; x_wconf 88' lang='grc' dir='ltr'><strong>τοῦ</strong></span> <span class='ocrx_word' id='word_1_89' title='bbox 1104 1094 1497 1165; x_wconf 81' lang='grc' dir='ltr'>σφραγίζοντος</span> <span class='ocrx_word' id='word_1_90' title='bbox 1544 1092 1680 1164; x_wconf 78' lang='grc' dir='ltr'>ἔχει,</span> <span class='ocrx_word' id='word_1_91' title='bbox 1722 1092 1818 1145; x_wconf 77' lang='grc' dir='ltr'>καὶ</span> <span class='ocrx_word' id='word_1_92' title='bbox 1855 1090 1991 1143; x_wconf 86' lang='grc' dir='ltr'>ταύ-</span> 
     </span>
    </p>
   </div>
   <div class='ocr_carea' id='block_1_14' title="bbox 412 1180 1991 1260">
    <p class='ocr_par' dir='ltr' id='par_1_14' title="bbox 412 1180 1991 1260">
     <span class='ocr_line' id='line_1_14' title="bbox 412 1180 1991 1260; baseline -0.007 -17"><span class='ocrx_word' id='word_1_93' title='bbox 412 1208 513 1260; x_wconf 86' lang='grc' dir='ltr'><strong>της</strong></span> <span class='ocrx_word' id='word_1_94' title='bbox 544 1190 612 1241; x_wconf 76' lang='grc' dir='ltr'><strong>οί</strong></span> <span class='ocrx_word' id='word_1_95' title='bbox 642 1187 1074 1257; x_wconf 76' lang='grc' dir='ltr'>σφραγιζόμενοι</span> <span class='ocrx_word' id='word_1_96' title='bbox 1120 1185 1430 1255; x_wconf 77' lang='grc' dir='ltr'><strong>μετέχουσι,</strong></span> <span class='ocrx_word' id='word_1_97' title='bbox 1464 1181 1835 1253; x_wconf 78' lang='grc' dir='ltr'>μορφούμενοι</span> <span class='ocrx_word' id='word_1_98' title='bbox 1867 1180 1991 1234; x_wconf 88' lang='grc' dir='ltr'>κατ’</span> 
     </span>
    </p>
   </div>
   <div class='ocr_carea' id='block_1_15' title="bbox 414 1269 1995 1352">
    <p class='ocr_par' dir='ltr' id='par_1_15' title="bbox 414 1269 1995 1352">
     <span class='ocr_line' id='line_1_15' title="bbox 414 1269 1995 1352; baseline -0.006 -17"><span class='ocrx_word' id='word_1_99' title='bbox 414 1283 605 1352; x_wconf 76' lang='grc' dir='ltr'>αὐτὴν,</span> <span class='ocrx_word' id='word_1_100' title='bbox 638 1281 889 1349; x_wconf 82' lang='grc' dir='ltr'>λέγοντος</span> <span class='ocrx_word' id='word_1_101' title='bbox 920 1278 1014 1331; x_wconf 91' lang='grc' dir='ltr'><strong>τοῦ</strong></span> <span class='ocrx_word' id='word_1_102' title='bbox 1045 1277 1375 1330; x_wconf 80' lang='grc' dir='ltr'>Ἀποστόλου</span> <span class='ocrx_word' id='word_1_103' title='bbox 1403 1292 1417 1307; x_wconf 89' lang='grc'><strong>·</strong></span> <span class='ocrx_word' id='word_1_104' title='bbox 1450 1295 1468 1327; x_wconf 79' lang='lat' dir='ltr'><strong>r</strong></span> <span class='ocrx_word' id='word_1_105' title='bbox 1517 1276 1719 1329; x_wconf 91' lang='grc' dir='ltr'>Τεκνία</span> <span class='ocrx_word' id='word_1_106' title='bbox 1749 1290 1876 1344; x_wconf 89' lang='grc' dir='ltr'>μου,</span> <span class='ocrx_word' id='word_1_107' title='bbox 1895 1269 1995 1335; x_wconf 82' lang='grc' dir='ltr'><strong>οὒς</strong></span> 
     </span>
    </p>
   </div>
   <div class='ocr_carea' id='block_1_16' title="bbox 414 1361 1988 1438">
    <p class='ocr_par' dir='ltr' id='par_1_16' title="bbox 414 1361 1988 1438">
     <span class='ocr_line' id='line_1_16' title="bbox 414 1361 1988 1438; baseline -0.006 -14"><span class='ocrx_word' id='word_1_108' title='bbox 414 1373 579 1425; x_wconf 74' lang='grc' dir='ltr'>πάλιν</span> <span class='ocrx_word' id='word_1_109' title='bbox 607 1370 804 1433; x_wconf 74' lang='grc' dir='ltr'>ὠδίνω,</span> <span class='ocrx_word' id='word_1_110' title='bbox 844 1369 1005 1438; x_wconf 81' lang='grc' dir='ltr'>ἄχρις</span> <span class='ocrx_word' id='word_1_111' title='bbox 1028 1361 1088 1420; x_wconf 78' lang='grc' dir='ltr'>οὗ</span> <span class='ocrx_word' id='word_1_112' title='bbox 1122 1365 1389 1435; x_wconf 80' lang='grc' dir='ltr'><strong>μορφωθῇ</strong></span> <span class='ocrx_word' id='word_1_113' title='bbox 1419 1364 1655 1435; x_wconf 80' lang='grc' dir='ltr'>Χριστὸς</span> <span class='ocrx_word' id='word_1_114' title='bbox 1684 1364 1745 1417; x_wconf 76' lang='grc' dir='ltr'>ὲν</span> <span class='ocrx_word' id='word_1_115' title='bbox 1779 1363 1927 1432; x_wconf 79' lang='grc' dir='ltr'>ὑμῖν.</span> <span class='ocrx_word' id='word_1_116' title='bbox 1968 1379 1988 1414; x_wconf 76' lang='grc' dir='ltr'>ι</span> 
     </span>
    </p>
   </div>
   <div class='ocr_carea' id='block_1_17' title="bbox 417 1448 1997 1526">
    <p class='ocr_par' dir='ltr' id='par_1_17' title="bbox 417 1448 1997 1526">
     <span class='ocr_line' id='line_1_17' title="bbox 417 1448 1997 1526; baseline -0.008 -14"><span class='ocrx_word' id='word_1_117' title='bbox 417 1460 577 1513; x_wconf 75' lang='grc' dir='ltr'>Οὕτω</span> <span class='ocrx_word' id='word_1_118' title='bbox 644 1458 699 1511; x_wconf 76' lang='grc' dir='ltr'>δὲ</span> <span class='ocrx_word' id='word_1_119' title='bbox 759 1454 1218 1526; x_wconf 79' lang='grc' dir='ltr'>σφραγιζόμενοι,</span> <span class='ocrx_word' id='word_1_120' title='bbox 1283 1453 1515 1516; x_wconf 75' lang='grc' dir='ltr'><strong>εἰκότως</strong></span> <span class='ocrx_word' id='word_1_121' title='bbox 1579 1451 1674 1506; x_wconf 74' lang='grc' dir='ltr'>καὶ</span> <span class='ocrx_word' id='word_1_122' title='bbox 1744 1448 1997 1505; x_wconf 75' lang='grc' dir='ltr'>κοινωνοὶ</span> 
     </span>
    </p>
   </div>
   <div class='ocr_carea' id='block_1_18' title="bbox 418 1537 1997 1619">
    <p class='ocr_par' dir='ltr' id='par_1_18' title="bbox 418 1537 1997 1619">
     <span class='ocr_line' id='line_1_18' title="bbox 418 1537 1997 1619; baseline -0.007 -15"><span class='ocrx_word' id='word_1_123' title='bbox 418 1552 568 1613; x_wconf 63' lang='grc' dir='ltr'>θείας</span> <span class='ocrx_word' id='word_1_124' title='bbox 617 1550 831 1619; x_wconf 76' lang='grc' dir='ltr'>φύσεως</span> <span class='ocrx_word' id='word_1_125' title='bbox 872 1546 1171 1616; x_wconf 81' lang='grc' dir='ltr'><strong>γινόμεθα,</strong></span> <span class='ocrx_word' id='word_1_126' title='bbox 1219 1544 1294 1607; x_wconf 86' lang='grc' dir='ltr'>ὡς</span> <span class='ocrx_word' id='word_1_127' title='bbox 1344 1537 1502 1598; x_wconf 77' lang='grc' dir='ltr'>εἶπεν</span> <span class='ocrx_word' id='word_1_128' title='bbox 1548 1543 1577 1595; x_wconf 89' lang='grc' dir='ltr'><strong>ό</strong></span> <span class='ocrx_word' id='word_1_129' title='bbox 1623 1541 1850 1613; x_wconf 80' lang='grc' dir='ltr'><strong>Πέτρος,</strong></span> <span class='ocrx_word' id='word_1_130' title='bbox 1900 1540 1997 1595; x_wconf 80' lang='grc' dir='ltr'>καὶ</span> 
     </span>
    </p>
   </div>
   <div class='ocr_carea' id='block_1_19' title="bbox 413 1631 2073 1731">
    <p class='ocr_par' dir='ltr' id='par_1_19' title="bbox 413 1631 2073 1731">
     <span class='ocr_line' id='line_1_19' title="bbox 413 1631 2073 1731; baseline 0.011 -35"><span class='ocrx_word' id='word_1_131' title='bbox 413 1643 560 1697; x_wconf 69' lang='grc' dir='ltr'>οὕτω</span> <span class='ocrx_word' id='word_1_132' title='bbox 618 1641 836 1712; x_wconf 81' lang='grc' dir='ltr'><strong>μετέχει</strong></span> <span class='ocrx_word' id='word_1_133' title='bbox 893 1640 1045 1693; x_wconf 84' lang='grc' dir='ltr'>πᾶσα</span> <span class='ocrx_word' id='word_1_134' title='bbox 1102 1637 1368 1731; x_wconf 12' lang='grc' dir='ltr'>ῄγκτίεξις</span> <span class='ocrx_word' id='word_1_135' title='bbox 1412 1633 1509 1688; x_wconf 70' lang='grc' dir='ltr'><strong>τοῦ</strong></span> <span class='ocrx_word' id='word_1_136' title='bbox 1569 1634 1749 1703; x_wconf 81' lang='grc' dir='ltr'>Λόγου</span> <span class='ocrx_word' id='word_1_137' title='bbox 1805 1634 1864 1687; x_wconf 64' lang='grc' dir='ltr'><strong>έν</strong></span> <span class='ocrx_word' id='word_1_138' title='bbox 1919 1631 2000 1702; x_wconf 72' lang='grc' dir='ltr'><strong>τῷ</strong></span> <span class='ocrx_word' id='word_1_139' title='bbox 2032 1676 2073 1731; x_wconf 77' lang='grc' dir='ltr'>Β</span> 
     </span>
    </p>
   </div>
   <div class='ocr_carea' id='block_1_20' title="bbox 418 1728 1321 1805">
    <p class='ocr_par' dir='ltr' id='par_1_20' title="bbox 418 1728 1321 1805">
     <span class='ocr_line' id='line_1_20' title="bbox 418 1728 1321 1805; baseline -0.004 -17"><span class='ocrx_word' id='word_1_140' title='bbox 418 1734 693 1805; x_wconf 75' lang='grc' dir='ltr'>Πνεῦματι</span> <span class='ocrx_word' id='word_1_141' title='bbox 718 1731 915 1804; x_wconf 84' lang='grc' dir='ltr'>[Ιιατρί</span> <span class='ocrx_word' id='word_1_142' title='bbox 943 1733 1026 1785; x_wconf 83' lang='lat' dir='ltr'><strong>ed.</strong></span> <span class='ocrx_word' id='word_1_143' title='bbox 1064 1728 1321 1801; x_wconf 79' lang='lat' dir='ltr'><strong>Moldau.]</strong></span> 
     </span>
    </p>
   </div>
   <div class='ocr_carea' id='block_1_21' title="bbox 609 1807 1998 1882">
    <p class='ocr_par' dir='ltr' id='par_1_21' title="bbox 609 1807 1998 1882">
     <span class='ocr_line' id='line_1_21' title="bbox 609 1807 1998 1882; baseline -0.006 -13"><span class='ocrx_word' id='word_1_144' title='bbox 609 1818 717 1869; x_wconf 75' lang='lat' dir='ltr'><strong>Kal.</strong></span> <span class='ocrx_word' id='word_1_145' title='bbox 749 1812 837 1867; x_wconf 73' lang='grc' dir='ltr'>διὰ</span> <span class='ocrx_word' id='word_1_146' title='bbox 868 1812 963 1866; x_wconf 88' lang='grc' dir='ltr'><strong>τοῦ</strong></span> <span class='ocrx_word' id='word_1_147' title='bbox 996 1810 1312 1882; x_wconf 85' lang='grc' dir='ltr'>Πνεύματος</span> <span class='ocrx_word' id='word_1_148' title='bbox 1334 1808 1605 1881; x_wconf 87' lang='grc' dir='ltr'>λεγόμεθα</span> <span class='ocrx_word' id='word_1_149' title='bbox 1642 1807 1844 1871; x_wconf 82' lang='grc' dir='ltr'>πάντες</span> <span class='ocrx_word' id='word_1_150' title='bbox 1866 1808 1998 1878; x_wconf 84' lang='grc' dir='ltr'>μέτ-</span> 
     </span>
    </p>
   </div>
   <div class='ocr_carea' id='block_1_22' title="bbox 410 1898 2000 1981">
    <p class='ocr_par' dir='ltr' id='par_1_22' title="bbox 410 1898 2000 1981">
     <span class='ocr_line' id='line_1_22' title="bbox 410 1898 2000 1981; baseline -0.006 -20"><span class='ocrx_word' id='word_1_151' title='bbox 410 1924 527 1981; x_wconf 78' lang='grc' dir='ltr'>οχοι</span> <span class='ocrx_word' id='word_1_152' title='bbox 574 1904 669 1959; x_wconf 89' lang='grc' dir='ltr'><strong>τοῦ</strong></span> <span class='ocrx_word' id='word_1_153' title='bbox 698 1903 856 1957; x_wconf 87' lang='grc' dir='ltr'>Θεοῦ·</span> <span class='ocrx_word' id='word_1_154' title='bbox 910 1920 930 1954; x_wconf 75' lang='lat' dir='ltr'><strong>r</strong></span> <span class='ocrx_word' id='word_1_155' title='bbox 967 1902 1081 1956; x_wconf 79' lang='grc' dir='ltr'>Οὐκ</span> <span class='ocrx_word' id='word_1_156' title='bbox 1126 1901 1327 1964; x_wconf 76' lang='grc' dir='ltr'>οἴδατε,</span> <span class='ocrx_word' id='word_1_157' title='bbox 1387 1901 1495 1971; x_wconf 86' lang='grc' dir='ltr'>γάρ</span> <span class='ocrx_word' id='word_1_158' title='bbox 1524 1917 1707 1972; x_wconf 86' lang='grc' dir='ltr'>φησιν,</span> <span class='ocrx_word' id='word_1_159' title='bbox 1758 1900 1841 1953; x_wconf 79' lang='grc' dir='ltr'>ὅτι</span> <span class='ocrx_word' id='word_1_160' title='bbox 1873 1898 2000 1963; x_wconf 81' lang='grc' dir='ltr'>ναὸς</span> 
     </span>
    </p>
   </div>
   <div class='ocr_carea' id='block_1_23' title="bbox 408 1992 2002 2066">
    <p class='ocr_par' dir='ltr' id='par_1_23' title="bbox 408 1992 2002 2066">
     <span class='ocr_line' id='line_1_23' title="bbox 408 1992 2002 2066; baseline -0.006 -11"><span class='ocrx_word' id='word_1_161' title='bbox 408 2000 547 2059; x_wconf 85' lang='grc' dir='ltr'>Θεοῦ</span> <span class='ocrx_word' id='word_1_162' title='bbox 575 2000 723 2062; x_wconf 77' lang='grc' dir='ltr'>ἐστε,</span> <span class='ocrx_word' id='word_1_163' title='bbox 753 1996 848 2051; x_wconf 73' lang='grc' dir='ltr'><strong>καὶ</strong></span> <span class='ocrx_word' id='word_1_164' title='bbox 870 1996 931 2050; x_wconf 80' lang='grc' dir='ltr'><strong>τὸ</strong></span> <span class='ocrx_word' id='word_1_165' title='bbox 965 1995 1189 2066; x_wconf 81' lang='grc' dir='ltr'>Πνεῦμα</span> <span class='ocrx_word' id='word_1_166' title='bbox 1208 1993 1304 2047; x_wconf 90' lang='grc' dir='ltr'><strong>τοῦ</strong></span> <span class='ocrx_word' id='word_1_167' title='bbox 1328 1992 1463 2047; x_wconf 88' lang='grc' dir='ltr'>Θεοῦ</span> <span class='ocrx_word' id='word_1_168' title='bbox 1491 1993 1548 2046; x_wconf 79' lang='grc' dir='ltr'>ἐν</span> <span class='ocrx_word' id='word_1_169' title='bbox 1576 1994 1704 2064; x_wconf 77' lang='grc' dir='ltr'>ὑμῖν</span> <span class='ocrx_word' id='word_1_170' title='bbox 1728 1994 1900 2059; x_wconf 82' lang='grc' dir='ltr'>οίκεῖ;</span> <span class='ocrx_word' id='word_1_171' title='bbox 1933 1992 2002 2047; x_wconf 71' lang='lat' dir='ltr'><strong>Et</strong></span> 
     </span>
    </p>
   </div>
   <div class='ocr_carea' id='block_1_24' title="bbox 412 2083 1995 2157">
    <p class='ocr_par' dir='ltr' id='par_1_24' title="bbox 412 2083 1995 2157">
     <span class='ocr_line' id='line_1_24' title="bbox 412 2083 1995 2157; baseline -0.007 -10"><span class='ocrx_word' id='word_1_172' title='bbox 412 2110 494 2157; x_wconf 86' lang='grc' dir='ltr'><strong>τις</strong></span> <span class='ocrx_word' id='word_1_173' title='bbox 513 2093 606 2146; x_wconf 86' lang='grc' dir='ltr'><strong>τὸν</strong></span> <span class='ocrx_word' id='word_1_174' title='bbox 633 2092 759 2146; x_wconf 83' lang='grc' dir='ltr'>ναὸν</span> <span class='ocrx_word' id='word_1_175' title='bbox 784 2088 877 2143; x_wconf 90' lang='grc' dir='ltr'>τοῦ</span> <span class='ocrx_word' id='word_1_176' title='bbox 929 2087 1062 2142; x_wconf 84' lang='grc' dir='ltr'>Θεοῦ</span> <span class='ocrx_word' id='word_1_177' title='bbox 1090 2086 1319 2157; x_wconf 76' lang='grc' dir='ltr'>φθείρει,</span> <span class='ocrx_word' id='word_1_178' title='bbox 1353 2084 1544 2157; x_wconf 75' lang='grc' dir='ltr'>φθερεῖ</span> <span class='ocrx_word' id='word_1_179' title='bbox 1586 2083 1775 2139; x_wconf 90' lang='grc' dir='ltr'>τοῦτον</span> <span class='ocrx_word' id='word_1_180' title='bbox 1793 2086 1822 2138; x_wconf 90' lang='grc' dir='ltr'><strong>ό</strong></span> <span class='ocrx_word' id='word_1_181' title='bbox 1844 2083 1995 2147; x_wconf 85' lang='grc' dir='ltr'>Θεός.</span> 
     </span>
    </p>
   </div>
   <div class='ocr_carea' id='block_1_25' title="bbox 421 2175 1991 2253">
    <p class='ocr_par' dir='ltr' id='par_1_25' title="bbox 421 2175 1991 2253">
     <span class='ocr_line' id='line_1_25' title="bbox 421 2175 1991 2253; baseline -0.006 -15"><span class='ocrx_word' id='word_1_182' title='bbox 421 2184 481 2238; x_wconf 85' lang='lat'><strong>&#39;0</strong></span> <span class='ocrx_word' id='word_1_183' title='bbox 525 2181 636 2253; x_wconf 80' lang='grc' dir='ltr'>γὰρ</span> <span class='ocrx_word' id='word_1_184' title='bbox 667 2181 794 2244; x_wconf 78' lang='grc' dir='ltr'>ναὸς</span> <span class='ocrx_word' id='word_1_185' title='bbox 838 2178 931 2232; x_wconf 87' lang='grc' dir='ltr'><strong>τοῦ</strong></span> <span class='ocrx_word' id='word_1_186' title='bbox 996 2176 1134 2231; x_wconf 88' lang='grc' dir='ltr'>Θεοῦ</span> <span class='ocrx_word' id='word_1_187' title='bbox 1192 2176 1347 2246; x_wconf 73' lang='grc' dir='ltr'>ἅγιός</span> <span class='ocrx_word' id='word_1_188' title='bbox 1398 2177 1567 2240; x_wconf 78' lang='grc' dir='ltr'>ἐστιν,</span> <span class='ocrx_word' id='word_1_189' title='bbox 1619 2175 1815 2238; x_wconf 79' lang='grc' dir='ltr'>οἵτινές</span> <span class='ocrx_word' id='word_1_190' title='bbox 1869 2177 1991 2228; x_wconf 76' lang='grc' dir='ltr'>ἐστε</span> 
     </span>
    </p>
   </div>
   <div class='ocr_carea' id='block_1_26' title="bbox 412 2264 1998 2344">
    <p class='ocr_par' dir='ltr' id='par_1_26' title="bbox 412 2264 1998 2344">
     <span class='ocr_line' id='line_1_26' title="bbox 412 2264 1998 2344; baseline -0.005 -17"><span class='ocrx_word' id='word_1_191' title='bbox 412 2275 627 2344; x_wconf 73' lang='grc' dir='ltr'>ὑμεῖς.»</span> <span class='ocrx_word' id='word_1_192' title='bbox 655 2273 719 2325; x_wconf 84' lang='grc' dir='ltr'>Εί</span> <span class='ocrx_word' id='word_1_193' title='bbox 751 2270 956 2341; x_wconf 67' lang='grc' dir='ltr'>κτίσμα</span> <span class='ocrx_word' id='word_1_194' title='bbox 989 2269 1047 2322; x_wconf 84' lang='grc' dir='ltr'>δὲ</span> <span class='ocrx_word' id='word_1_195' title='bbox 1076 2264 1144 2340; x_wconf 82' lang='grc' dir='ltr'>ἦν</span> <span class='ocrx_word' id='word_1_196' title='bbox 1190 2268 1251 2322; x_wconf 84' lang='grc' dir='ltr'>τὸ</span> <span class='ocrx_word' id='word_1_197' title='bbox 1291 2266 1517 2338; x_wconf 88' lang='grc' dir='ltr'>Πνεῦμα</span> <span class='ocrx_word' id='word_1_198' title='bbox 1573 2266 1634 2319; x_wconf 85' lang='grc' dir='ltr'>τὸ</span> <span class='ocrx_word' id='word_1_199' title='bbox 1688 2266 1864 2335; x_wconf 80' lang='grc' dir='ltr'>ἆγιον,</span> <span class='ocrx_word' id='word_1_200' title='bbox 1899 2267 1998 2320; x_wconf 78' lang='grc' dir='ltr'><strong>οὐκ</strong></span> 
     </span>
    </p>
   </div>
   <div class='ocr_carea' id='block_1_27' title="bbox 410 2357 1994 2436">
    <p class='ocr_par' dir='ltr' id='par_1_27' title="bbox 410 2357 1994 2436">
     <span class='ocr_line' id='line_1_27' title="bbox 410 2357 1994 2436; baseline -0.009 -14"><span class='ocrx_word' id='word_1_201' title='bbox 410 2368 479 2423; x_wconf 84' lang='grc' dir='ltr'>ἄν</span> <span class='ocrx_word' id='word_1_202' title='bbox 509 2384 595 2429; x_wconf 90' lang='grc' dir='ltr'><strong>τις</strong></span> <span class='ocrx_word' id='word_1_203' title='bbox 624 2368 681 2418; x_wconf 81' lang='grc' dir='ltr'>ὲν</span> <span class='ocrx_word' id='word_1_204' title='bbox 713 2364 862 2436; x_wconf 84' lang='grc' dir='ltr'>αὐτῷ</span> <span class='ocrx_word' id='word_1_205' title='bbox 897 2361 1159 2435; x_wconf 80' lang='grc' dir='ltr'><strong>μετουσία</strong></span> <span class='ocrx_word' id='word_1_206' title='bbox 1211 2359 1304 2414; x_wconf 89' lang='grc' dir='ltr'><strong>τοῦ</strong></span> <span class='ocrx_word' id='word_1_207' title='bbox 1332 2359 1468 2414; x_wconf 87' lang='grc' dir='ltr'>Θεοῦ</span> <span class='ocrx_word' id='word_1_208' title='bbox 1503 2359 1712 2428; x_wconf 84' lang='grc' dir='ltr'>γένοιτο</span> <span class='ocrx_word' id='word_1_209' title='bbox 1827 2357 1956 2427; x_wconf 80' lang='grc' dir='ltr'>ἡμῖν</span> <span class='ocrx_word' id='word_1_210' title='bbox 1981 2375 1994 2388; x_wconf 78' lang='grc' dir='ltr'><strong>ο</strong></span> 
     </span>
    </p>
   </div>
   <div class='ocr_carea' id='block_1_28' title="bbox 413 2449 1998 2528">
    <p class='ocr_par' dir='ltr' id='par_1_28' title="bbox 413 2449 1998 2528">
     <span class='ocr_line' id='line_1_28' title="bbox 413 2449 1998 2528; baseline -0.006 -16"><span class='ocrx_word' id='word_1_211' title='bbox 413 2458 530 2512; x_wconf 85' lang='grc' dir='ltr'>ἀλλ’</span> <span class='ocrx_word' id='word_1_212' title='bbox 563 2457 596 2528; x_wconf 79' lang='grc' dir='ltr'>ἢ</span> <span class='ocrx_word' id='word_1_213' title='bbox 630 2457 737 2528; x_wconf 80' lang='grc' dir='ltr'>ἄρα</span> <span class='ocrx_word' id='word_1_214' title='bbox 770 2457 1027 2527; x_wconf 82' lang='grc' dir='ltr'>κτίσματι</span> <span class='ocrx_word' id='word_1_215' title='bbox 1080 2454 1177 2524; x_wconf 85' lang='grc' dir='ltr'><strong>μὲν</strong></span> <span class='ocrx_word' id='word_1_216' title='bbox 1210 2450 1615 2523; x_wconf 86' lang='grc' dir='ltr'>συνηπτόμεθα,</span> <span class='ocrx_word' id='word_1_217' title='bbox 1646 2450 1916 2522; x_wconf 83' lang='grc' dir='ltr'><strong>ἀλλότριοι</strong></span> <span class='ocrx_word' id='word_1_218' title='bbox 1942 2449 1998 2503; x_wconf 85' lang='grc' dir='ltr'>δὲ</span> 
     </span>
    </p>
   </div>
   <div class='ocr_carea' id='block_1_29' title="bbox 412 2541 1997 2621">
    <p class='ocr_par' dir='ltr' id='par_1_29' title="bbox 412 2541 1997 2621">
     <span class='ocr_line' id='line_1_29' title="bbox 412 2541 1997 2621; baseline -0.006 -18"><span class='ocrx_word' id='word_1_219' title='bbox 412 2551 514 2621; x_wconf 84' lang='grc' dir='ltr'>τῆς</span> <span class='ocrx_word' id='word_1_220' title='bbox 545 2549 697 2613; x_wconf 81' lang='grc' dir='ltr'>θείας</span> <span class='ocrx_word' id='word_1_221' title='bbox 730 2548 944 2617; x_wconf 82' lang='grc' dir='ltr'>φύσεως</span> <span class='ocrx_word' id='word_1_222' title='bbox 1000 2544 1312 2616; x_wconf 77' lang='grc' dir='ltr'>ἐγινόμεθα,</span> <span class='ocrx_word' id='word_1_223' title='bbox 1378 2544 1454 2607; x_wconf 85' lang='grc' dir='ltr'>ὡς</span> <span class='ocrx_word' id='word_1_224' title='bbox 1506 2542 1647 2597; x_wconf 85' lang='grc' dir='ltr'>κατὰ</span> <span class='ocrx_word' id='word_1_225' title='bbox 1692 2541 1857 2613; x_wconf 90' lang='grc' dir='ltr'>μηδὲν</span> <span class='ocrx_word' id='word_1_226' title='bbox 1898 2542 1997 2593; x_wconf 82' lang='grc' dir='ltr'><strong>αὺ-</strong></span> 
     </span>
    </p>
   </div>
   <div class='ocr_carea' id='block_1_30' title="bbox 413 2633 1999 2712">
    <p class='ocr_par' dir='ltr' id='par_1_30' title="bbox 413 2633 1999 2712">
     <span class='ocr_line' id='line_1_30' title="bbox 413 2633 1999 2712; baseline -0.005 -17"><span class='ocrx_word' id='word_1_227' title='bbox 413 2641 512 2712; x_wconf 83' lang='grc' dir='ltr'>τῆς</span> <span class='ocrx_word' id='word_1_228' title='bbox 653 2638 992 2710; x_wconf 83' lang='grc' dir='ltr'>μετέχοντες.</span> <span class='ocrx_word' id='word_1_229' title='bbox 1051 2637 1167 2691; x_wconf 85' lang='grc' dir='ltr'>Νῦν</span> <span class='ocrx_word' id='word_1_230' title='bbox 1222 2636 1299 2697; x_wconf 85' lang='grc' dir='ltr'><strong>δὲ,</strong></span> <span class='ocrx_word' id='word_1_231' title='bbox 1335 2636 1423 2689; x_wconf 80' lang='grc' dir='ltr'><strong>ὅτε</strong></span> <span class='ocrx_word' id='word_1_232' title='bbox 1480 2633 1753 2705; x_wconf 87' lang='grc' dir='ltr'>λεγόμεθα</span> <span class='ocrx_word' id='word_1_233' title='bbox 1785 2634 1999 2704; x_wconf 77' lang='grc' dir='ltr'>μέτοχοι</span> 
     </span>
    </p>
   </div>
   <div class='ocr_carea' id='block_1_31' title="bbox 414 2725 2002 2803">
    <p class='ocr_par' dir='ltr' id='par_1_31' title="bbox 414 2725 2002 2803">
     <span class='ocr_line' id='line_1_31' title="bbox 414 2725 2002 2803; baseline -0.006 -17"><span class='ocrx_word' id='word_1_234' title='bbox 414 2729 653 2803; x_wconf 87' lang='grc' dir='ltr'>Χριστοῦ</span> <span class='ocrx_word' id='word_1_235' title='bbox 712 2732 806 2784; x_wconf 84' lang='grc' dir='ltr'><strong>καί</strong></span> <span class='ocrx_word' id='word_1_236' title='bbox 865 2731 1080 2801; x_wconf 86' lang='grc' dir='ltr'><strong>μέτοχοι</strong></span> <span class='ocrx_word' id='word_1_237' title='bbox 1134 2728 1290 2792; x_wconf 88' lang='grc' dir='ltr'>Θεοῦ,</span> <span class='ocrx_word' id='word_1_238' title='bbox 1340 2727 1615 2781; x_wconf 86' lang='grc' dir='ltr'>δείκνυται</span> <span class='ocrx_word' id='word_1_239' title='bbox 1662 2725 1724 2778; x_wconf 83' lang='grc' dir='ltr'><strong>τὸ</strong></span> <span class='ocrx_word' id='word_1_240' title='bbox 1783 2725 1841 2778; x_wconf 87' lang='grc' dir='ltr'>ὲν</span> <span class='ocrx_word' id='word_1_241' title='bbox 1870 2726 2002 2795; x_wconf 80' lang='grc' dir='ltr'>ἡμῖν</span> 
     </span>
    </p>
   </div>
   <div class='ocr_carea' id='block_1_32' title="bbox 414 2810 2003 2895">
    <p class='ocr_par' dir='ltr' id='par_1_32' title="bbox 414 2810 2003 2895">
     <span class='ocr_line' id='line_1_32' title="bbox 414 2810 2003 2895; baseline -0.008 -19"><span class='ocrx_word' id='word_1_242' title='bbox 414 2822 626 2895; x_wconf 86' lang='grc' dir='ltr'>χρίσμα</span> <span class='ocrx_word' id='word_1_243' title='bbox 658 2822 753 2874; x_wconf 75' lang='grc' dir='ltr'><strong>καὶ</strong></span> <span class='ocrx_word' id='word_1_244' title='bbox 785 2822 818 2891; x_wconf 75' lang='grc' dir='ltr'>ἡ</span> <span class='ocrx_word' id='word_1_245' title='bbox 881 2819 1119 2892; x_wconf 81' lang='grc' dir='ltr'>σφραγὶς</span> <span class='ocrx_word' id='word_1_246' title='bbox 1167 2818 1242 2889; x_wconf 84' lang='grc' dir='ltr'>μὴ</span> <span class='ocrx_word' id='word_1_247' title='bbox 1290 2810 1426 2870; x_wconf 69' lang='grc' dir='ltr'>οὖσα</span> <span class='ocrx_word' id='word_1_248' title='bbox 1458 2817 1558 2885; x_wconf 81' lang='grc' dir='ltr'>τῆς</span> <span class='ocrx_word' id='word_1_249' title='bbox 1588 2814 1698 2868; x_wconf 87' lang='grc' dir='ltr'><strong>τῶν</strong></span> <span class='ocrx_word' id='word_1_250' title='bbox 1757 2811 2003 2884; x_wconf 84' lang='grc' dir='ltr'>γενητῶν</span> 
     </span>
    </p>
   </div>
   <div class='ocr_carea' id='block_1_33' title="bbox 415 2904 2006 2982">
    <p class='ocr_par' dir='ltr' id='par_1_33' title="bbox 415 2904 2006 2982">
     <span class='ocr_line' id='line_1_33' title="bbox 415 2904 2006 2982; baseline -0.006 -16"><span class='ocrx_word' id='word_1_251' title='bbox 415 2911 654 2982; x_wconf 81' lang='grc' dir='ltr'>φύσεως,</span> <span class='ocrx_word' id='word_1_252' title='bbox 676 2911 813 2965; x_wconf 85' lang='grc' dir='ltr'>ἁλλὰ</span> <span class='ocrx_word' id='word_1_253' title='bbox 842 2912 940 2981; x_wconf 79' lang='grc' dir='ltr'>τῆς</span> <span class='ocrx_word' id='word_1_254' title='bbox 1073 2909 1165 2964; x_wconf 88' lang='grc' dir='ltr'><strong>τοῦ</strong></span> <span class='ocrx_word' id='word_1_255' title='bbox 1190 2909 1341 2973; x_wconf 83' lang='grc' dir='ltr'>Υἱοῦ,</span> <span class='ocrx_word' id='word_1_256' title='bbox 1357 2907 1445 2961; x_wconf 77' lang='grc' dir='ltr'>διὰ</span> <span class='ocrx_word' id='word_1_257' title='bbox 1461 2906 1565 2960; x_wconf 85' lang='grc' dir='ltr'><strong>τοῦ</strong></span> <span class='ocrx_word' id='word_1_258' title='bbox 1578 2909 1635 2960; x_wconf 80' lang='grc' dir='ltr'>ὲν</span> <span class='ocrx_word' id='word_1_259' title='bbox 1657 2905 1807 2975; x_wconf 78' lang='grc' dir='ltr'>αὐτῷ</span> <span class='ocrx_word' id='word_1_260' title='bbox 1837 2904 2006 2958; x_wconf 84' lang='grc' dir='ltr'>Πνεύ-</span> 
     </span>
    </p>
   </div>
   <div class='ocr_carea' id='block_1_34' title="bbox 418 2998 2005 3075">
    <p class='ocr_par' dir='ltr' id='par_1_34' title="bbox 418 2998 2005 3075">
     <span class='ocr_line' id='line_1_34' title="bbox 418 2998 2005 3075; baseline -0.004 -18"><span class='ocrx_word' id='word_1_261' title='bbox 418 3021 589 3075; x_wconf 86' lang='grc' dir='ltr'>ματος</span> <span class='ocrx_word' id='word_1_262' title='bbox 623 3004 985 3067; x_wconf 79' lang='grc' dir='ltr'>συνάπτοντος</span> <span class='ocrx_word' id='word_1_263' title='bbox 1037 3003 1186 3073; x_wconf 78' lang='grc' dir='ltr'>ἡμᾶς</span> <span class='ocrx_word' id='word_1_264' title='bbox 1246 3001 1326 3072; x_wconf 83' lang='grc' dir='ltr'>τῷ</span> <span class='ocrx_word' id='word_1_265' title='bbox 1380 2999 1577 3071; x_wconf 87' lang='grc' dir='ltr'>Πατρί.</span> <span class='ocrx_word' id='word_1_266' title='bbox 1635 2998 1806 3052; x_wconf 87' lang='grc' dir='ltr'>Τοῦτο</span> <span class='ocrx_word' id='word_1_267' title='bbox 1837 2998 1948 3070; x_wconf 82' lang='grc' dir='ltr'>γὰρ</span> <span class='ocrx_word' id='word_1_268' title='bbox 1975 2999 2005 3051; x_wconf 89' lang='grc' dir='ltr'><strong>ό</strong></span> 
     </span>
    </p>
   </div>
   <div class='ocr_carea' id='block_1_35' title="bbox 429 3091 2007 3167">
    <p class='ocr_par' dir='ltr' id='par_1_35' title="bbox 429 3091 2007 3167">
     <span class='ocr_line' id='line_1_35' title="bbox 429 3091 2007 3167; baseline -0.003 -18"><span class='ocrx_word' id='word_1_269' title='bbox 429 3096 706 3167; x_wconf 77' lang='grc' dir='ltr'>Ἰωάννης,</span> <span class='ocrx_word' id='word_1_270' title='bbox 740 3096 816 3158; x_wconf 83' lang='grc' dir='ltr'>ὡς</span> <span class='ocrx_word' id='word_1_271' title='bbox 845 3096 904 3149; x_wconf 86' lang='grc' dir='ltr'>ὲν</span> <span class='ocrx_word' id='word_1_272' title='bbox 954 3097 1067 3158; x_wconf 82' lang='grc' dir='ltr'>τοῖς</span> <span class='ocrx_word' id='word_1_273' title='bbox 1121 3092 1430 3165; x_wconf 75' lang='grc' dir='ltr'>ἔμπροσθεν</span> <span class='ocrx_word' id='word_1_274' title='bbox 1460 3092 1692 3163; x_wconf 74' lang='grc' dir='ltr'>εἴρηται,</span> <span class='ocrx_word' id='word_1_275' title='bbox 1741 3091 2007 3147; x_wconf 83' lang='grc' dir='ltr'>διδάσκων</span> 
     </span>
    </p>
   </div>
   <div class='ocr_carea' id='block_1_36' title="bbox 416 3181 2007 3259">
    <p class='ocr_par' dir='ltr' id='par_1_36' title="bbox 416 3181 2007 3259">
     <span class='ocr_line' id='line_1_36' title="bbox 416 3181 2007 3259; baseline -0.003 -19"><span class='ocrx_word' id='word_1_276' title='bbox 416 3186 672 3259; x_wconf 63' lang='grc' dir='ltr'>ἔγραψεν</span> <span class='ocrx_word' id='word_1_277' title='bbox 711 3204 730 3237; x_wconf 74' lang='grc' dir='ltr'>ι</span> <span class='ocrx_word' id='word_1_278' title='bbox 779 3187 867 3240; x_wconf 85' lang='grc' dir='ltr'>Ἐν</span> <span class='ocrx_word' id='word_1_279' title='bbox 921 3187 1094 3256; x_wconf 82' lang='grc' dir='ltr'>τούτῳ</span> <span class='ocrx_word' id='word_1_280' title='bbox 1126 3184 1488 3256; x_wconf 84' lang='grc' dir='ltr'>γινώσκομεν,</span> <span class='ocrx_word' id='word_1_281' title='bbox 1524 3185 1607 3238; x_wconf 83' lang='grc' dir='ltr'>ὅτι</span> <span class='ocrx_word' id='word_1_282' title='bbox 1647 3185 1706 3236; x_wconf 82' lang='grc' dir='ltr'>ὲν</span> <span class='ocrx_word' id='word_1_283' title='bbox 1751 3182 1830 3254; x_wconf 83' lang='grc' dir='ltr'><strong>τῷ</strong></span> <span class='ocrx_word' id='word_1_284' title='bbox 1888 3181 2007 3254; x_wconf 87' lang='grc' dir='ltr'>Θεῷ</span> 
     </span>
    </p>
   </div>
   <div class='ocr_carea' id='block_1_37' title="bbox 419 3273 2007 3350">
    <p class='ocr_par' dir='ltr' id='par_1_37' title="bbox 419 3273 2007 3350">
     <span class='ocr_line' id='line_1_37' title="bbox 419 3273 2007 3350; baseline -0.004 -18"><span class='ocrx_word' id='word_1_285' title='bbox 419 3278 672 3350; x_wconf 80' lang='grc' dir='ltr'>μένομεν,</span> <span class='ocrx_word' id='word_1_286' title='bbox 700 3280 792 3333; x_wconf 77' lang='grc' dir='ltr'>καὶ</span> <span class='ocrx_word' id='word_1_287' title='bbox 822 3278 984 3341; x_wconf 75' lang='grc' dir='ltr'>αὐτὸς</span> <span class='ocrx_word' id='word_1_288' title='bbox 1015 3279 1074 3331; x_wconf 85' lang='grc' dir='ltr'>ὲν</span> <span class='ocrx_word' id='word_1_289' title='bbox 1123 3280 1277 3348; x_wconf 83' lang='grc' dir='ltr'>ἡμῖν,</span> <span class='ocrx_word' id='word_1_290' title='bbox 1322 3277 1404 3330; x_wconf 84' lang='grc' dir='ltr'><strong>ὅτι</strong></span> <span class='ocrx_word' id='word_1_291' title='bbox 1453 3277 1518 3328; x_wconf 80' lang='grc' dir='ltr'><strong>ἐκ</strong></span> <span class='ocrx_word' id='word_1_292' title='bbox 1553 3274 1647 3328; x_wconf 85' lang='grc' dir='ltr'><strong>τοῦ</strong></span> <span class='ocrx_word' id='word_1_293' title='bbox 1688 3273 2007 3345; x_wconf 86' lang='grc' dir='ltr'>Πνεύματος</span> 
     </span>
    </p>
   </div>
   <div class='ocr_carea' id='block_1_38' title="bbox 417 3365 2009 3439">
    <p class='ocr_par' dir='ltr' id='par_1_38' title="bbox 417 3365 2009 3439">
     <span class='ocr_line' id='line_1_38' title="bbox 417 3365 2009 3439; baseline -0.003 -15"><span class='ocrx_word' id='word_1_294' title='bbox 417 3369 585 3424; x_wconf 78' lang='grc' dir='ltr'>αὐτοῦ</span> <span class='ocrx_word' id='word_1_295' title='bbox 613 3370 776 3433; x_wconf 79' lang='grc' dir='ltr'>αὐτὸς</span> <span class='ocrx_word' id='word_1_296' title='bbox 807 3369 1006 3424; x_wconf 74' lang='grc' dir='ltr'>ἔδωκεν</span> <span class='ocrx_word' id='word_1_297' title='bbox 1026 3371 1179 3439; x_wconf 84' lang='grc' dir='ltr'>ἡμῖν.</span> <span class='ocrx_word' id='word_1_298' title='bbox 1220 3387 1238 3420; x_wconf 72' lang='grc' dir='ltr'>ι</span> <span class='ocrx_word' id='word_1_299' title='bbox 1275 3368 1335 3421; x_wconf 75' lang='lat' dir='ltr'><strong>Et</strong></span> <span class='ocrx_word' id='word_1_300' title='bbox 1396 3367 1461 3426; x_wconf 75' lang='grc' dir='ltr'><strong>δὲ⁴</strong></span> <span class='ocrx_word' id='word_1_301' title='bbox 1481 3369 1546 3437; x_wconf 82' lang='grc' dir='ltr'><strong>τῇ</strong></span> <span class='ocrx_word' id='word_1_302' title='bbox 1576 3365 1670 3419; x_wconf 89' lang='grc' dir='ltr'><strong>τοῦ</strong></span> <span class='ocrx_word' id='word_1_303' title='bbox 1692 3365 2009 3437; x_wconf 83' lang='grc' dir='ltr'>Πνεύματος</span> 
     </span>
    </p>
   </div>
   <div class='ocr_carea' id='block_1_39' title="bbox 421 3456 2008 3534">
    <p class='ocr_par' dir='ltr' id='par_1_39' title="bbox 421 3456 2008 3534">
     <span class='ocr_line' id='line_1_39' title="bbox 421 3456 2008 3534; baseline -0.003 -20"><span class='ocrx_word' id='word_1_304' title='bbox 421 3461 682 3534; x_wconf 78' lang='grc' dir='ltr'>μετουσίᾳ</span> <span class='ocrx_word' id='word_1_305' title='bbox 701 3460 965 3532; x_wconf 84' lang='grc' dir='ltr'>γινόμεθα</span> <span class='ocrx_word' id='word_1_306' title='bbox 1008 3458 1254 3514; x_wconf 76' lang='grc' dir='ltr'><strong>κοινωνώ¹</strong></span> <span class='ocrx_word' id='word_1_307' title='bbox 1310 3457 1461 3521; x_wconf 85' lang='grc' dir='ltr'>θείας</span> <span class='ocrx_word' id='word_1_308' title='bbox 1502 3458 1738 3528; x_wconf 83' lang='grc' dir='ltr'>φύσεως,</span> <span class='ocrx_word' id='word_1_309' title='bbox 1778 3456 2008 3527; x_wconf 84' lang='grc' dir='ltr'>μαίνοιτ’</span> 
     </span>
    </p>
   </div>
   <div class='ocr_carea' id='block_1_40' title="bbox 417 3546 2008 3620">
    <p class='ocr_par' dir='ltr' id='par_1_40' title="bbox 417 3546 2008 3620">
     <span class='ocr_line' id='line_1_40' title="bbox 417 3546 2008 3620; baseline -0.003 -15"><span class='ocrx_word' id='word_1_310' title='bbox 417 3551 486 3605; x_wconf 80' lang='grc' dir='ltr'>ἄν</span> <span class='ocrx_word' id='word_1_311' title='bbox 510 3566 593 3612; x_wconf 88' lang='grc' dir='ltr'><strong>τις</strong></span> <span class='ocrx_word' id='word_1_312' title='bbox 616 3550 790 3620; x_wconf 87' lang='grc' dir='ltr'>λέγων</span> <span class='ocrx_word' id='word_1_313' title='bbox 822 3551 882 3604; x_wconf 85' lang='grc' dir='ltr'>τὸ</span> <span class='ocrx_word' id='word_1_314' title='bbox 911 3548 1135 3619; x_wconf 84' lang='grc' dir='ltr'>Πνεῦμα</span> <span class='ocrx_word' id='word_1_315' title='bbox 1155 3551 1252 3620; x_wconf 83' lang='grc' dir='ltr'><strong>τῆς</strong></span> <span class='ocrx_word' id='word_1_316' title='bbox 1280 3548 1502 3619; x_wconf 86' lang='grc' dir='ltr'>κτιστῆς</span> <span class='ocrx_word' id='word_1_317' title='bbox 1530 3547 1766 3616; x_wconf 82' lang='grc' dir='ltr'>φύσεως,</span> <span class='ocrx_word' id='word_1_318' title='bbox 1809 3549 1903 3601; x_wconf 73' lang='grc' dir='ltr'><strong>καὶ</strong></span> <span class='ocrx_word' id='word_1_319' title='bbox 1932 3546 2008 3618; x_wconf 81' lang='grc' dir='ltr'>μὴ</span> 
     </span>
    </p>
   </div>
   <div class='ocr_carea' id='block_1_41' title="bbox 420 3634 2001 3714">
    <p class='ocr_par' dir='ltr' id='par_1_41' title="bbox 420 3634 2001 3714">
     <span class='ocr_line' id='line_1_41' title="bbox 420 3634 2001 3714; baseline -0.003 -18"><span class='ocrx_word' id='word_1_320' title='bbox 420 3642 523 3714; x_wconf 77' lang='grc' dir='ltr'><strong>τῆς</strong></span> <span class='ocrx_word' id='word_1_321' title='bbox 546 3642 640 3697; x_wconf 89' lang='grc' dir='ltr'><strong>τοῦ</strong></span> <span class='ocrx_word' id='word_1_322' title='bbox 669 3641 823 3698; x_wconf 87' lang='grc' dir='ltr'>Θεοῦ.</span> <span class='ocrx_word' id='word_1_323' title='bbox 847 3642 944 3696; x_wconf 73' lang='grc' dir='ltr'><strong>Διὰ</strong></span> <span class='ocrx_word' id='word_1_324' title='bbox 967 3641 1125 3695; x_wconf 81' lang='grc' dir='ltr'>τοῦτο</span> <span class='ocrx_word' id='word_1_325' title='bbox 1157 3640 1265 3714; x_wconf 82' lang='grc' dir='ltr'>γὰρ</span> <span class='ocrx_word' id='word_1_326' title='bbox 1294 3644 1391 3696; x_wconf 74' lang='grc' dir='ltr'><strong>καὶ</strong></span> <span class='ocrx_word' id='word_1_327' title='bbox 1424 3643 1481 3694; x_wconf 80' lang='grc' dir='ltr'><strong>ὲν</strong></span> <span class='ocrx_word' id='word_1_328' title='bbox 1506 3638 1586 3704; x_wconf 78' lang='grc' dir='ltr'>οἷς</span> <span class='ocrx_word' id='word_1_329' title='bbox 1607 3642 1836 3710; x_wconf 88' lang='grc' dir='ltr'>γίνεται,</span> <span class='ocrx_word' id='word_1_330' title='bbox 1858 3634 2001 3692; x_wconf 71' lang='grc' dir='ltr'>οὗτοι</span> 
     </span>
    </p>
   </div>
   <div class='ocr_carea' id='block_1_42' title="bbox 417 3728 1997 3800">
    <p class='ocr_par' dir='ltr' id='par_1_42' title="bbox 417 3728 1997 3800">
     <span class='ocr_line' id='line_1_42' title="bbox 417 3728 1997 3800; baseline -0.001 -14"><span class='ocrx_word' id='word_1_331' title='bbox 417 3731 789 3786; x_wconf 88' lang='grc' dir='ltr'>θεοποιοῦνται</span> <span class='ocrx_word' id='word_1_332' title='bbox 825 3749 841 3765; x_wconf 68' lang='grc' dir='ltr'><em>υ</em></span> <span class='ocrx_word' id='word_1_333' title='bbox 984 3733 1029 3785; x_wconf 84' lang='grc' dir='ltr'><strong>εί</strong></span> <span class='ocrx_word' id='word_1_334' title='bbox 1060 3732 1118 3786; x_wconf 82' lang='grc' dir='ltr'><strong>δὲ</strong></span> <span class='ocrx_word' id='word_1_335' title='bbox 1145 3732 1397 3797; x_wconf 85' lang='grc' dir='ltr'>θεοποιεί,</span> <span class='ocrx_word' id='word_1_336' title='bbox 1435 3733 1531 3785; x_wconf 84' lang='grc' dir='ltr'><strong>οὐκ</strong></span> <span class='ocrx_word' id='word_1_337' title='bbox 1562 3729 1879 3800; x_wconf 79' lang='grc' dir='ltr'>ἀμφίϐολον,</span> <span class='ocrx_word' id='word_1_338' title='bbox 1919 3728 1997 3784; x_wconf 82' lang='grc' dir='ltr'><strong>ὄτι</strong></span> 
     </span>
    </p>
   </div>
   <div class='ocr_carea' id='block_1_43' title="bbox 413 3820 2000 3894">
    <p class='ocr_par' dir='ltr' id='par_1_43' title="bbox 413 3820 2000 3894">
     <span class='ocr_line' id='line_1_43' title="bbox 413 3820 2000 3894; baseline -0.003 -18"><span class='ocrx_word' id='word_1_339' title='bbox 413 3825 450 3894; x_wconf 78' lang='grc' dir='ltr'>ἡ</span> <span class='ocrx_word' id='word_1_340' title='bbox 485 3822 672 3876; x_wconf 78' lang='grc' dir='ltr'>τούτου</span> <span class='ocrx_word' id='word_1_341' title='bbox 702 3822 862 3890; x_wconf 83' lang='grc' dir='ltr'>φύσις</span> <span class='ocrx_word' id='word_1_342' title='bbox 895 3823 1029 3878; x_wconf 88' lang='grc' dir='ltr'>Θεοῦ</span> <span class='ocrx_word' id='word_1_343' title='bbox 1057 3824 1189 3878; x_wconf 76' lang='grc' dir='ltr'>ἐστι.</span> <span class='ocrx_word' id='word_1_344' title='bbox 1218 3823 1327 3877; x_wconf 76' lang='grc' dir='ltr'><strong>Καὶ</strong></span> <span class='ocrx_word' id='word_1_345' title='bbox 1352 3823 1432 3876; x_wconf 71' lang='grc' dir='ltr'>ἔτι</span> <span class='ocrx_word' id='word_1_346' title='bbox 1465 3823 1520 3875; x_wconf 85' lang='grc' dir='ltr'>δὲ</span> <span class='ocrx_word' id='word_1_347' title='bbox 1693 3820 2000 3893; x_wconf 84' lang='grc' dir='ltr'>φανερώτε-</span> 
     </span>
    </p>
   </div>
   <div class='ocr_carea' id='block_1_44' title="bbox 417 3910 2001 3988">
    <p class='ocr_par' dir='ltr' id='par_1_44' title="bbox 417 3910 2001 3988">
     <span class='ocr_line' id='line_1_44' title="bbox 417 3910 2001 3988; baseline -0.002 -20"><span class='ocrx_word' id='word_1_348' title='bbox 417 3932 511 3988; x_wconf 85' lang='grc' dir='ltr'>ρον</span> <span class='ocrx_word' id='word_1_349' title='bbox 532 3916 613 3979; x_wconf 85' lang='grc' dir='ltr'><strong>είς</strong></span> <span class='ocrx_word' id='word_1_350' title='bbox 636 3915 915 3987; x_wconf 81' lang='grc' dir='ltr'>ἀναίρεσιν</span> <span class='ocrx_word' id='word_1_351' title='bbox 963 3917 1064 3987; x_wconf 84' lang='grc' dir='ltr'><strong>τῆς</strong></span> <span class='ocrx_word' id='word_1_352' title='bbox 1101 3915 1365 3988; x_wconf 84' lang='grc' dir='ltr'>αἱρέσεως</span> <span class='ocrx_word' id='word_1_353' title='bbox 1398 3912 1600 3984; x_wconf 83' lang='grc' dir='ltr'>ταύτης</span> <span class='ocrx_word' id='word_1_354' title='bbox 1655 3914 1710 3965; x_wconf 74' lang='grc' dir='ltr'><strong>ἐν</strong></span> <span class='ocrx_word' id='word_1_355' title='bbox 1767 3910 1844 3982; x_wconf 81' lang='grc' dir='ltr'>τῷ</span> <span class='ocrx_word' id='word_1_356' title='bbox 1874 3913 2001 3965; x_wconf 85' lang='grc' dir='ltr'>έκα-</span> 
     </span>
    </p>
   </div>
   <div class='ocr_carea' id='block_1_45' title="bbox 410 4005 1997 4082">
    <p class='ocr_par' dir='ltr' id='par_1_45' title="bbox 410 4005 1997 4082">
     <span class='ocr_line' id='line_1_45' title="bbox 410 4005 1997 4082; baseline -0.004 -21"><span class='ocrx_word' id='word_1_357' title='bbox 410 4008 590 4081; x_wconf 89' lang='grc' dir='ltr'>τοστῷ</span> <span class='ocrx_word' id='word_1_358' title='bbox 622 4008 792 4082; x_wconf 82' lang='grc' dir='ltr'>τρίτῳ</span> <span class='ocrx_word' id='word_1_359' title='bbox 835 4006 1036 4080; x_wconf 81' lang='grc' dir='ltr'>ψαλμῷ</span> <span class='ocrx_word' id='word_1_360' title='bbox 1055 4009 1261 4081; x_wconf 81' lang='grc' dir='ltr'>ᾅδεται,</span> <span class='ocrx_word' id='word_1_361' title='bbox 1309 4009 1384 4072; x_wconf 86' lang='grc' dir='ltr'>ὡς</span> <span class='ocrx_word' id='word_1_362' title='bbox 1416 4005 1724 4079; x_wconf 83' lang='grc' dir='ltr'>ἔμπροσθεν</span> <span class='ocrx_word' id='word_1_363' title='bbox 1754 4006 1997 4076; x_wconf 73' lang='grc' dir='ltr'>εἴπομενο</span> 
     </span>
    </p>
   </div>
   <div class='ocr_carea' id='block_1_46' title="bbox 416 4096 2001 4172">
    <p class='ocr_par' dir='ltr' id='par_1_46' title="bbox 416 4096 2001 4172">
     <span class='ocr_line' id='line_1_46' title="bbox 416 4096 2001 4172; baseline -0.001 -21"><span class='ocrx_word' id='word_1_364' title='bbox 416 4119 437 4151; x_wconf 72' lang='grc' dir='ltr'><strong>ε</strong></span> <span class='ocrx_word' id='word_1_365' title='bbox 486 4099 819 4163; x_wconf 82' lang='grc' dir='ltr'>Ἀντανελείς</span> <span class='ocrx_word' id='word_1_366' title='bbox 839 4099 901 4153; x_wconf 81' lang='grc' dir='ltr'><strong>τὸ</strong></span> <span class='ocrx_word' id='word_1_367' title='bbox 929 4099 1146 4172; x_wconf 86' lang='grc' dir='ltr'>πνεῦμα</span> <span class='ocrx_word' id='word_1_368' title='bbox 1178 4098 1380 4167; x_wconf 82' lang='grc' dir='ltr'>αὐτῶν,</span> <span class='ocrx_word' id='word_1_369' title='bbox 1409 4099 1504 4153; x_wconf 63' lang='grc' dir='ltr'><strong>καὶ¹</strong></span> <span class='ocrx_word' id='word_1_370' title='bbox 1542 4097 1873 4167; x_wconf 74' lang='grc' dir='ltr'>ὲκλείψουσι,</span> <span class='ocrx_word' id='word_1_371' title='bbox 1909 4096 2001 4150; x_wconf 76' lang='grc' dir='ltr'>καὶ</span> 
     </span>
    </p>
   </div>
   <div class='ocr_carea' id='block_1_47' title="bbox 411 4187 1999 4264">
    <p class='ocr_par' dir='ltr' id='par_1_47' title="bbox 411 4187 1999 4264">
     <span class='ocr_line' id='line_1_47' title="bbox 411 4187 1999 4264; baseline -0.004 -18"><span class='ocrx_word' id='word_1_372' title='bbox 411 4194 495 4256; x_wconf 87' lang='grc' dir='ltr'><strong>είς</strong></span> <span class='ocrx_word' id='word_1_373' title='bbox 521 4192 612 4246; x_wconf 84' lang='grc' dir='ltr'><strong>τὸν</strong></span> <span class='ocrx_word' id='word_1_374' title='bbox 644 4190 772 4264; x_wconf 83' lang='grc' dir='ltr'>χοῦν</span> <span class='ocrx_word' id='word_1_375' title='bbox 801 4193 982 4247; x_wconf 80' lang='grc' dir='ltr'>αὐτῶν</span> <span class='ocrx_word' id='word_1_376' title='bbox 1030 4192 1465 4264; x_wconf 62' lang='grc' dir='ltr'>ἐπιστρέφουσιν.</span> <span class='ocrx_word' id='word_1_377' title='bbox 1515 4188 1920 4255; x_wconf 79' lang='grc' dir='ltr'>Ἐξαποστελείς</span> <span class='ocrx_word' id='word_1_378' title='bbox 1942 4187 1999 4241; x_wconf 85' lang='grc' dir='ltr'><strong>τὸ</strong></span> 
     </span>
    </p>
   </div>
   <div class='ocr_carea' id='block_1_48' title="bbox 410 4279 2004 4355">
    <p class='ocr_par' dir='ltr' id='par_1_48' title="bbox 410 4279 2004 4355">
     <span class='ocr_line' id='line_1_48' title="bbox 410 4279 2004 4355; baseline -0.003 -19"><span class='ocrx_word' id='word_1_379' title='bbox 410 4284 645 4355; x_wconf 85' lang='grc' dir='ltr'>Πνεῦμά</span> <span class='ocrx_word' id='word_1_380' title='bbox 677 4302 793 4349; x_wconf 89' lang='grc' dir='ltr'>σου,</span> <span class='ocrx_word' id='word_1_381' title='bbox 844 4285 936 4339; x_wconf 80' lang='grc' dir='ltr'>καὶ</span> <span class='ocrx_word' id='word_1_382' title='bbox 980 4284 1385 4355; x_wconf 85' lang='grc' dir='ltr'>κτισθήσονται,</span> <span class='ocrx_word' id='word_1_383' title='bbox 1439 4283 1532 4336; x_wconf 78' lang='grc' dir='ltr'>καὶ</span> <span class='ocrx_word' id='word_1_384' title='bbox 1583 4282 1915 4344; x_wconf 85' lang='grc' dir='ltr'>ἀνακαινιεῖς</span> <span class='ocrx_word' id='word_1_385' title='bbox 1942 4279 2004 4333; x_wconf 85' lang='grc' dir='ltr'>τὸ</span> 
     </span>
    </p>
   </div>
   <div class='ocr_carea' id='block_1_49' title="bbox 412 4373 1686 4448">
    <p class='ocr_par' dir='ltr' id='par_1_49' title="bbox 412 4373 1686 4448">
     <span class='ocr_line' id='line_1_49' title="bbox 412 4373 1686 4448; baseline -0.002 -20"><span class='ocrx_word' id='word_1_386' title='bbox 412 4376 706 4448; x_wconf 82' lang='grc' dir='ltr'>πρόσωπον</span> <span class='ocrx_word' id='word_1_387' title='bbox 734 4377 834 4447; x_wconf 81' lang='grc' dir='ltr'>τῆς</span> <span class='ocrx_word' id='word_1_388' title='bbox 868 4376 1025 4447; x_wconf 76' lang='grc' dir='ltr'>γῆς.»</span> <span class='ocrx_word' id='word_1_389' title='bbox 1068 4376 1125 4429; x_wconf 88' lang='grc' dir='ltr'>ὐ</span> <span class='ocrx_word' id='word_1_390' title='bbox 1154 4374 1211 4427; x_wconf 80' lang='grc' dir='ltr'>δὲ</span> <span class='ocrx_word' id='word_1_391' title='bbox 1244 4373 1454 4437; x_wconf 77' lang='grc' dir='ltr'>Παῦλος</span> <span class='ocrx_word' id='word_1_392' title='bbox 1487 4374 1686 4443; x_wconf 82' lang='grc' dir='ltr'>γράφει</span> 
     </span>
    </p>
   </div>
   <div class='ocr_carea' id='block_1_50' title="bbox 419 4461 2004 4539">
    <p class='ocr_par' dir='ltr' id='par_1_50' title="bbox 419 4461 2004 4539">
     <span class='ocr_line' id='line_1_50' title="bbox 419 4461 2004 4539; baseline -0.005 -18"><span class='ocrx_word' id='word_1_393' title='bbox 419 4468 550 4521; x_wconf 73' lang='grc' dir='ltr'><strong>«Διὰ</strong></span> <span class='ocrx_word' id='word_1_394' title='bbox 575 4467 800 4539; x_wconf 87' lang='grc' dir='ltr'>λουτροῦ</span> <span class='ocrx_word' id='word_1_395' title='bbox 830 4467 1251 4536; x_wconf 86' lang='grc' dir='ltr'>παλιγγενεσίας</span> <span class='ocrx_word' id='word_1_396' title='bbox 1278 4467 1371 4519; x_wconf 75' lang='grc' dir='ltr'><strong>καὶ</strong></span> <span class='ocrx_word' id='word_1_397' title='bbox 1397 4462 1812 4526; x_wconf 82' lang='grc' dir='ltr'>ἀνακαινώσεως</span> <span class='ocrx_word' id='word_1_398' title='bbox 1834 4461 2004 4516; x_wconf 79' lang='grc' dir='ltr'>Πνεῦ-</span> 
     </span>
    </p>
   </div>
   <div class='ocr_carea' id='block_1_51' title="bbox 415 4551 2000 4629">
    <p class='ocr_par' dir='ltr' id='par_1_51' title="bbox 415 4551 2000 4629">
     <span class='ocr_line' id='line_1_51' title="bbox 415 4551 2000 4629; baseline -0.003 -18"><span class='ocrx_word' id='word_1_399' title='bbox 415 4576 585 4629; x_wconf 84' lang='grc' dir='ltr'>ματος</span> <span class='ocrx_word' id='word_1_400' title='bbox 606 4558 784 4626; x_wconf 82' lang='grc' dir='ltr'>ἁγίου,</span> <span class='ocrx_word' id='word_1_401' title='bbox 806 4551 867 4611; x_wconf 75' lang='grc' dir='ltr'>οὗ</span> <span class='ocrx_word' id='word_1_402' title='bbox 898 4558 1110 4629; x_wconf 76' lang='grc' dir='ltr'>ἐξέχεεν</span> <span class='ocrx_word' id='word_1_403' title='bbox 1135 4558 1221 4627; x_wconf 77' lang='grc' dir='ltr'><strong>ἐφ’</strong></span> <span class='ocrx_word' id='word_1_404' title='bbox 1260 4558 1407 4628; x_wconf 77' lang='grc' dir='ltr'>ἡμᾶς</span> <span class='ocrx_word' id='word_1_405' title='bbox 1434 4554 1706 4619; x_wconf 82' lang='grc' dir='ltr'>πλουσίως</span> <span class='ocrx_word' id='word_1_406' title='bbox 1761 4553 1844 4608; x_wconf 78' lang='grc' dir='ltr'>διὰ</span> <span class='ocrx_word' id='word_1_407' title='bbox 1892 4554 2000 4625; x_wconf 79' lang='grc' dir='ltr'><strong>Ἰη-</strong></span> 
     </span>
    </p>
   </div>
   <div class='ocr_carea' id='block_1_52' title="bbox 414 4642 2004 4721">
    <p class='ocr_par' dir='ltr' id='par_1_52' title="bbox 414 4642 2004 4721">
     <span class='ocr_line' id='line_1_52' title="bbox 414 4642 2004 4721; baseline -0.003 -20"><span class='ocrx_word' id='word_1_408' title='bbox 414 4648 510 4701; x_wconf 88' lang='grc' dir='ltr'><strong>σοῦ</strong></span> <span class='ocrx_word' id='word_1_409' title='bbox 545 4649 836 4721; x_wconf 73' lang='grc' dir='ltr'>Χριστοῦ.»</span> <span class='ocrx_word' id='word_1_410' title='bbox 875 4649 937 4702; x_wconf 89' lang='grc' dir='ltr'>Εί</span> <span class='ocrx_word' id='word_1_411' title='bbox 969 4648 1026 4701; x_wconf 86' lang='grc' dir='ltr'>δὲ</span> <span class='ocrx_word' id='word_1_412' title='bbox 1054 4649 1082 4701; x_wconf 85' lang='grc' dir='ltr'><strong>ό</strong></span> <span class='ocrx_word' id='word_1_413' title='bbox 1112 4647 1302 4719; x_wconf 81' lang='grc' dir='ltr'>Πατὴρ</span> <span class='ocrx_word' id='word_1_414' title='bbox 1320 4646 1408 4700; x_wconf 85' lang='grc' dir='ltr'>διὰ</span> <span class='ocrx_word' id='word_1_415' title='bbox 1426 4645 1520 4699; x_wconf 88' lang='grc' dir='ltr'><strong>τοῦ</strong></span> <span class='ocrx_word' id='word_1_416' title='bbox 1557 4645 1730 4715; x_wconf 87' lang='grc' dir='ltr'>Λόγου</span> <span class='ocrx_word' id='word_1_417' title='bbox 1763 4647 1820 4697; x_wconf 82' lang='grc' dir='ltr'>ὲν</span> <span class='ocrx_word' id='word_1_418' title='bbox 1842 4642 2004 4697; x_wconf 85' lang='grc' dir='ltr'>Πνεύ-</span> 
     </span>
    </p>
   </div>
   <div class='ocr_carea' id='block_1_53' title="bbox 416 4733 1997 4814">
    <p class='ocr_par' dir='ltr' id='par_1_53' title="bbox 416 4733 1997 4814">
     <span class='ocr_line' id='line_1_53' title="bbox 416 4733 1997 4814; baseline -0.005 -18"><span class='ocrx_word' id='word_1_419' title='bbox 416 4760 549 4813; x_wconf 90' lang='grc' dir='ltr'>ματι</span> <span class='ocrx_word' id='word_1_420' title='bbox 580 4743 722 4814; x_wconf 83' lang='grc' dir='ltr'>ἁγίῳ</span> <span class='ocrx_word' id='word_1_421' title='bbox 891 4741 1063 4805; x_wconf 73' lang='grc' dir='ltr'>κτίζει</span> <span class='ocrx_word' id='word_1_422' title='bbox 1126 4739 1194 4793; x_wconf 75' lang='grc' dir='ltr'>τὰ</span> <span class='ocrx_word' id='word_1_423' title='bbox 1243 4739 1439 4804; x_wconf 76' lang='grc' dir='ltr'>πάντα,</span> <span class='ocrx_word' id='word_1_424' title='bbox 1499 4738 1592 4791; x_wconf 71' lang='grc' dir='ltr'><strong>καὶ</strong></span> <span class='ocrx_word' id='word_1_425' title='bbox 1643 4733 1997 4801; x_wconf 75' lang='grc' dir='ltr'>ἀνακαινίζειο</span> 
     </span>
    </p>
   </div>
   <div class='ocr_carea' id='block_1_54' title="bbox 414 4827 2003 4905">
    <p class='ocr_par' dir='ltr' id='par_1_54' title="bbox 414 4827 2003 4905">
     <span class='ocr_line' id='line_1_54' title="bbox 414 4827 2003 4905; baseline -0.003 -18"><span class='ocrx_word' id='word_1_426' title='bbox 414 4834 545 4887; x_wconf 81' lang='grc' dir='ltr'>ποία</span> <span class='ocrx_word' id='word_1_427' title='bbox 572 4833 827 4905; x_wconf 80' lang='grc' dir='ltr'>ὁμοιότης</span> <span class='ocrx_word' id='word_1_428' title='bbox 888 4831 921 4903; x_wconf 86' lang='grc' dir='ltr'>ἢ</span> <span class='ocrx_word' id='word_1_429' title='bbox 983 4830 1273 4900; x_wconf 83' lang='grc' dir='ltr'>συγγένεια</span> <span class='ocrx_word' id='word_1_430' title='bbox 1318 4829 1397 4901; x_wconf 82' lang='grc' dir='ltr'>τῷ</span> <span class='ocrx_word' id='word_1_431' title='bbox 1451 4827 1689 4893; x_wconf 69' lang='grc' dir='ltr'>κτίζοντι</span> <span class='ocrx_word' id='word_1_432' title='bbox 1747 4828 1885 4897; x_wconf 82' lang='grc' dir='ltr'>πρὸς</span> <span class='ocrx_word' id='word_1_433' title='bbox 1934 4829 2003 4882; x_wconf 87' lang='grc' dir='ltr'>τὰ</span> 
     </span>
    </p>
   </div>
   <div class='ocr_carea' id='block_1_55' title="bbox 415 4916 2002 4996">
    <p class='ocr_par' dir='ltr' id='par_1_55' title="bbox 415 4916 2002 4996">
     <span class='ocr_line' id='line_1_55' title="bbox 415 4916 2002 4996; baseline -0.004 -16"><span class='ocrx_word' id='word_1_434' title='bbox 415 4926 727 4996; x_wconf 84' lang='grc' dir='ltr'>κτίσματα;</span> <span class='ocrx_word' id='word_1_435' title='bbox 768 4926 838 4978; x_wconf 84' lang='grc' dir='ltr'>Ἢ</span> <span class='ocrx_word' id='word_1_436' title='bbox 872 4925 1007 4988; x_wconf 85' lang='grc' dir='ltr'>ὅλως</span> <span class='ocrx_word' id='word_1_437' title='bbox 1045 4923 1163 4988; x_wconf 83' lang='grc' dir='ltr'>πῶς</span> <span class='ocrx_word' id='word_1_438' title='bbox 1206 4924 1270 4978; x_wconf 77' lang='grc' dir='ltr'><strong>ἂν</strong></span> <span class='ocrx_word' id='word_1_439' title='bbox 1292 4925 1400 4995; x_wconf 73' lang='grc' dir='ltr'>εἴη,</span> <span class='ocrx_word' id='word_1_440' title='bbox 1463 4925 1522 4976; x_wconf 86' lang='grc' dir='ltr'>ὲν</span> <span class='ocrx_word' id='word_1_441' title='bbox 1576 4916 1620 4990; x_wconf 84' lang='grc' dir='ltr'>ᾧ</span> <span class='ocrx_word' id='word_1_442' title='bbox 1665 4921 1906 4985; x_wconf 77' lang='grc' dir='ltr'>κτίζεται</span> <span class='ocrx_word' id='word_1_443' title='bbox 1936 4921 2002 4974; x_wconf 73' lang='grc' dir='ltr'>τὰ</span> 
     </span>
    </p>
   </div>
   <div class='ocr_carea' id='block_1_56' title="bbox 411 5012 1999 5087">
    <p class='ocr_par' dir='ltr' id='par_1_56' title="bbox 411 5012 1999 5087">
     <span class='ocr_line' id='line_1_56' title="bbox 411 5012 1999 5087; baseline -0.004 -16"><span class='ocrx_word' id='word_1_444' title='bbox 411 5019 612 5081; x_wconf 82' lang='grc' dir='ltr'>πάντα,</span> <span class='ocrx_word' id='word_1_445' title='bbox 637 5017 875 5087; x_wconf 87' lang='grc' dir='ltr'>κτίσμα;</span> <span class='ocrx_word' id='word_1_446' title='bbox 924 5015 1233 5069; x_wconf 80' lang='grc' dir='ltr'>Ἀκολουθεί</span> <span class='ocrx_word' id='word_1_447' title='bbox 1285 5014 1393 5087; x_wconf 82' lang='grc' dir='ltr'>γὰρ</span> <span class='ocrx_word' id='word_1_448' title='bbox 1435 5016 1501 5085; x_wconf 78' lang='grc' dir='ltr'>τῇ</span> <span class='ocrx_word' id='word_1_449' title='bbox 1535 5012 1760 5083; x_wconf 77' lang='grc' dir='ltr'>τοιαύτῃ</span> <span class='ocrx_word' id='word_1_450' title='bbox 1789 5012 1999 5082; x_wconf 78' lang='grc' dir='ltr'>δυσφη-</span> 
     </span>
    </p>
   </div>
   <div class='ocr_carea' id='block_1_57' title="bbox 416 5106 2002 5181">
    <p class='ocr_par' dir='ltr' id='par_1_57' title="bbox 416 5106 2002 5181">
     <span class='ocr_line' id='line_1_57' title="bbox 416 5106 2002 5181; baseline -0.001 -21"><span class='ocrx_word' id='word_1_451' title='bbox 416 5110 516 5181; x_wconf 84' lang='grc' dir='ltr'>μίᾳ</span> <span class='ocrx_word' id='word_1_452' title='bbox 554 5111 650 5164; x_wconf 73' lang='grc' dir='ltr'><strong>καὶ</strong></span> <span class='ocrx_word' id='word_1_453' title='bbox 680 5111 713 5180; x_wconf 84' lang='grc' dir='ltr'><strong>ἡ</strong></span> <span class='ocrx_word' id='word_1_454' title='bbox 744 5112 823 5173; x_wconf 88' lang='grc' dir='ltr'><strong>είς</strong></span> <span class='ocrx_word' id='word_1_455' title='bbox 844 5109 934 5162; x_wconf 78' lang='grc' dir='ltr'><strong>τὸν</strong></span> <span class='ocrx_word' id='word_1_456' title='bbox 977 5109 1104 5162; x_wconf 83' lang='grc' dir='ltr'>Υίὸν</span> <span class='ocrx_word' id='word_1_457' title='bbox 1141 5140 1149 5147; x_wconf 59' lang='grc' dir='ltr'>-η</span> <span class='ocrx_word' id='word_1_458' title='bbox 1165 5107 1484 5179; x_wconf 83' lang='grc' dir='ltr'>βλασφημία</span> <span class='ocrx_word' id='word_1_459' title='bbox 1539 5120 1554 5135; x_wconf 83' lang='grc'><em>⁰</em></span> <span class='ocrx_word' id='word_1_460' title='bbox 1704 5106 1845 5160; x_wconf 80' lang='grc' dir='ltr'>ὥστε</span> <span class='ocrx_word' id='word_1_461' title='bbox 1876 5106 2002 5169; x_wconf 74' lang='grc' dir='ltr'>τοὺς</span> 
     </span>
    </p>
   </div>
   <div class='ocr_carea' id='block_1_58' title="bbox 410 5197 2000 5273">
    <p class='ocr_par' dir='ltr' id='par_1_58' title="bbox 410 5197 2000 5273">
     <span class='ocr_line' id='line_1_58' title="bbox 410 5197 2000 5273; baseline 0 -17"><span class='ocrx_word' id='word_1_462' title='bbox 410 5204 672 5271; x_wconf 80' lang='grc' dir='ltr'>λέγοντας</span> <span class='ocrx_word' id='word_1_463' title='bbox 699 5202 760 5255; x_wconf 86' lang='grc' dir='ltr'><strong>τὸ</strong></span> <span class='ocrx_word' id='word_1_464' title='bbox 792 5199 1017 5273; x_wconf 87' lang='grc' dir='ltr'>Πνεῦμα</span> <span class='ocrx_word' id='word_1_465' title='bbox 1052 5202 1256 5272; x_wconf 88' lang='grc' dir='ltr'>κτίσμα</span> <span class='ocrx_word' id='word_1_466' title='bbox 1306 5203 1501 5265; x_wconf 78' lang='grc' dir='ltr'>εἰπεῖν,</span> <span class='ocrx_word' id='word_1_467' title='bbox 1529 5201 1610 5254; x_wconf 84' lang='grc' dir='ltr'><strong>ὅτι</strong></span> <span class='ocrx_word' id='word_1_468' title='bbox 1635 5199 1727 5254; x_wconf 78' lang='grc' dir='ltr'>καὶ</span> <span class='ocrx_word' id='word_1_469' title='bbox 1750 5199 1778 5250; x_wconf 86' lang='grc' dir='ltr'><strong>ό</strong></span> <span class='ocrx_word' id='word_1_470' title='bbox 1807 5197 2000 5265; x_wconf 73' lang='grc' dir='ltr'>Λόγος,</span> 
     </span>
    </p>
   </div>
   <div class='ocr_carea' id='block_1_59' title="bbox 410 5288 2001 5363">
    <p class='ocr_par' dir='ltr' id='par_1_59' title="bbox 410 5288 2001 5363">
     <span class='ocr_line' id='line_1_59' title="bbox 410 5288 2001 5363; baseline -0.005 -15"><span class='ocrx_word' id='word_1_471' title='bbox 410 5295 478 5348; x_wconf 80' lang='grc' dir='ltr'><strong>δι’</strong></span> <span class='ocrx_word' id='word_1_472' title='bbox 501 5289 562 5349; x_wconf 73' lang='grc' dir='ltr'>οὗ</span> <span class='ocrx_word' id='word_1_473' title='bbox 589 5294 659 5348; x_wconf 70' lang='grc' dir='ltr'><strong>τὰ</strong></span> <span class='ocrx_word' id='word_1_474' title='bbox 686 5296 862 5348; x_wconf 81' lang='grc' dir='ltr'>πάντα</span> <span class='ocrx_word' id='word_1_475' title='bbox 887 5294 1151 5360; x_wconf 79' lang='grc' dir='ltr'>κτίζεται,</span> <span class='ocrx_word' id='word_1_476' title='bbox 1208 5293 1416 5363; x_wconf 84' lang='grc' dir='ltr'>κτίσμα</span> <span class='ocrx_word' id='word_1_477' title='bbox 1473 5292 1639 5346; x_wconf 79' lang='grc' dir='ltr'>ἐστίν.</span> <span class='ocrx_word' id='word_1_478' title='bbox 1693 5290 1869 5345; x_wconf 86' lang='grc' dir='ltr'>Είκὼν</span> <span class='ocrx_word' id='word_1_479' title='bbox 1909 5288 2001 5341; x_wconf 88' lang='grc' dir='ltr'><strong>τοῦ</strong></span> 
     </span>
    </p>
   </div>
   <div class='ocr_carea' id='block_1_60' title="bbox 409 5384 2004 5454">
    <p class='ocr_par' dir='ltr' id='par_1_60' title="bbox 409 5384 2004 5454">
     <span class='ocr_line' id='line_1_60' title="bbox 409 5384 2004 5454; baseline -0.003 -14"><span class='ocrx_word' id='word_1_480' title='bbox 409 5386 546 5441; x_wconf 83' lang='grc' dir='ltr'>Υίοῦ</span> <span class='ocrx_word' id='word_1_481' title='bbox 569 5387 785 5452; x_wconf 81' lang='grc' dir='ltr'>λέγεται</span> <span class='ocrx_word' id='word_1_482' title='bbox 810 5388 903 5441; x_wconf 75' lang='grc' dir='ltr'><strong>καὶ</strong></span> <span class='ocrx_word' id='word_1_483' title='bbox 937 5388 1050 5440; x_wconf 77' lang='grc' dir='ltr'>ἔστι</span> <span class='ocrx_word' id='word_1_484' title='bbox 1080 5388 1139 5439; x_wconf 75' lang='grc' dir='ltr'>τὸ</span> <span class='ocrx_word' id='word_1_485' title='bbox 1170 5386 1414 5454; x_wconf 85' lang='grc' dir='ltr'>Πνεῦμα·</span> <span class='ocrx_word' id='word_1_486' title='bbox 1452 5406 1468 5437; x_wconf 73' lang='grc' dir='ltr'>ι</span> <span class='ocrx_word' id='word_1_487' title='bbox 1492 5385 1598 5450; x_wconf 80' lang='grc' dir='ltr'>Οὓς</span> <span class='ocrx_word' id='word_1_488' title='bbox 1636 5406 1654 5437; x_wconf 74' lang='grc' dir='ltr'>ι</span> <span class='ocrx_word' id='word_1_489' title='bbox 1692 5384 1800 5453; x_wconf 78' lang='grc' dir='ltr'>γὰρ</span> <span class='ocrx_word' id='word_1_490' title='bbox 1839 5400 2004 5452; x_wconf 74' lang='grc' dir='ltr'>«προ-</span> 
     </span>
    </p>
   </div>
   <div class='ocr_carea' id='block_1_61' title="bbox 2095 446 3671 524">
    <p class='ocr_par' dir='ltr' id='par_1_61' title="bbox 2095 446 3671 524">
     <span class='ocr_line' id='line_1_61' title="bbox 2095 446 3671 524; baseline -0.005 -16"><span class='ocrx_word' id='word_1_491' title='bbox 2095 463 2372 524; x_wconf 83' lang='lat' dir='ltr'><strong>unguntur</strong></span> <span class='ocrx_word' id='word_1_492' title='bbox 2397 463 2451 508; x_wconf 89' lang='lat' dir='ltr'><strong>et</strong></span> <span class='ocrx_word' id='word_1_493' title='bbox 2484 451 2807 523; x_wconf 88' lang='lat' dir='ltr'><strong>signantur?</strong></span> <span class='ocrx_word' id='word_1_494' title='bbox 2832 448 3029 520; x_wconf 82' lang='lat' dir='ltr'><strong>Nequit</strong></span> <span class='ocrx_word' id='word_1_495' title='bbox 3062 447 3289 519; x_wconf 77' lang='lat' dir='ltr'><strong>proinde</strong></span> <span class='ocrx_word' id='word_1_496' title='bbox 3317 446 3433 502; x_wconf 87' lang='lat' dir='ltr'><strong>fieri</strong></span> <span class='ocrx_word' id='word_1_497' title='bbox 3459 456 3519 502; x_wconf 90' lang='lat' dir='ltr'><strong>ut</strong></span> <span class='ocrx_word' id='word_1_498' title='bbox 3554 447 3671 515; x_wconf 84' lang='lat' dir='ltr'><strong>ipse</strong></span> 
     </span>
    </p>
   </div>
   <div class='ocr_carea' id='block_1_62' title="bbox 2095 538 3672 610">
    <p class='ocr_par' dir='ltr' id='par_1_62' title="bbox 2095 538 3672 610">
     <span class='ocr_line' id='line_1_62' title="bbox 2095 538 3672 610; baseline -0.006 -11"><span class='ocrx_word' id='word_1_499' title='bbox 2095 546 2235 601; x_wconf 91' lang='lat' dir='ltr'><strong>inter</strong></span> <span class='ocrx_word' id='word_1_500' title='bbox 2252 559 2339 599; x_wconf 90' lang='lat' dir='ltr'><strong>res</strong></span> <span class='ocrx_word' id='word_1_501' title='bbox 2351 558 2540 599; x_wconf 80' lang='lat' dir='ltr'><strong>omnes</strong></span> <span class='ocrx_word' id='word_1_502' title='bbox 2551 553 2885 597; x_wconf 84' lang='lat' dir='ltr'><strong>numeretur.</strong></span> <span class='ocrx_word' id='word_1_503' title='bbox 2906 540 3013 596; x_wconf 86' lang='lat' dir='ltr'><strong>Nec</strong></span> <span class='ocrx_word' id='word_1_504' title='bbox 3026 540 3169 594; x_wconf 88' lang='lat' dir='ltr'><strong>enim</strong></span> <span class='ocrx_word' id='word_1_505' title='bbox 3182 539 3382 610; x_wconf 78' lang='lat' dir='ltr'><strong>aliquis</strong></span> <span class='ocrx_word' id='word_1_506' title='bbox 3395 552 3461 592; x_wconf 82' lang='lat' dir='ltr'><strong>ex</strong></span> <span class='ocrx_word' id='word_1_507' title='bbox 3480 538 3566 592; x_wconf 90' lang='lat' dir='ltr'><strong>his</strong></span> <span class='ocrx_word' id='word_1_508' title='bbox 3577 538 3672 606; x_wconf 92' lang='lat' dir='ltr'><strong>qui</strong></span> 
     </span>
    </p>
   </div>
   <div class='ocr_carea' id='block_1_63' title="bbox 2095 615 3672 704">
    <p class='ocr_par' dir='ltr' id='par_1_63' title="bbox 2095 615 3672 704">
     <span class='ocr_line' id='line_1_63' title="bbox 2095 615 3672 704; baseline -0.006 -15"><span class='ocrx_word' id='word_1_509' title='bbox 2095 615 2406 704; x_wconf 78' lang='lat' dir='ltr'><strong>signantur,</strong></span> <span class='ocrx_word' id='word_1_510' title='bbox 2428 631 2668 702; x_wconf 87' lang='lat' dir='ltr'><strong>sigillum</strong></span> <span class='ocrx_word' id='word_1_511' title='bbox 2694 632 2811 700; x_wconf 89' lang='lat' dir='ltr'><strong>ipse</strong></span> <span class='ocrx_word' id='word_1_512' title='bbox 2835 630 3099 685; x_wconf 86' lang='lat' dir='ltr'><strong>dicendus</strong></span> <span class='ocrx_word' id='word_1_513' title='bbox 3129 629 3201 685; x_wconf 90' lang='lat' dir='ltr'><strong>sit</strong></span> <span class='ocrx_word' id='word_1_514' title='bbox 3233 646 3247 684; x_wconf 89' lang='lat'><strong>:</strong></span> <span class='ocrx_word' id='word_1_515' title='bbox 3284 645 3385 685; x_wconf 90' lang='lat' dir='ltr'><strong>nec</strong></span> <span class='ocrx_word' id='word_1_516' title='bbox 3418 627 3672 683; x_wconf 72' lang='lat' dir='ltr'><strong>similiter</strong></span> 
     </span>
    </p>
   </div>
   <div class='ocr_carea' id='block_1_64' title="bbox 2095 720 3687 794">
    <p class='ocr_par' dir='ltr' id='par_1_64' title="bbox 2095 720 3687 794">
     <span class='ocr_line' id='line_1_64' title="bbox 2095 720 3687 794; baseline -0.004 -16"><span class='ocrx_word' id='word_1_517' title='bbox 2095 725 2293 794; x_wconf 85' lang='lat' dir='ltr'><strong>aliquis</strong></span> <span class='ocrx_word' id='word_1_518' title='bbox 2315 739 2381 778; x_wconf 78' lang='lat' dir='ltr'><strong>ex</strong></span> <span class='ocrx_word' id='word_1_519' title='bbox 2411 724 2496 778; x_wconf 90' lang='lat' dir='ltr'><strong>his</strong></span> <span class='ocrx_word' id='word_1_520' title='bbox 2532 739 2625 792; x_wconf 82' lang='lat' dir='ltr'><strong>qui</strong></span> <span class='ocrx_word' id='word_1_521' title='bbox 2668 731 2967 792; x_wconf 86' lang='lat' dir='ltr'><strong>unguntur,</strong></span> <span class='ocrx_word' id='word_1_522' title='bbox 2994 729 3329 785; x_wconf 77' lang='lat' dir='ltr'><strong>unguentum</strong></span> <span class='ocrx_word' id='word_1_523' title='bbox 3372 720 3513 775; x_wconf 88' lang='lat' dir='ltr'><strong>idem</strong></span> <span class='ocrx_word' id='word_1_524' title='bbox 3545 727 3687 775; x_wconf 49' lang='lat' dir='ltr'><strong>ent-</strong></span> 
     </span>
    </p>
   </div>
   <div class='ocr_carea' id='block_1_65' title="bbox 2097 808 3671 883">
    <p class='ocr_par' dir='ltr' id='par_1_65' title="bbox 2097 808 3671 883">
     <span class='ocr_line' id='line_1_65' title="bbox 2097 808 3671 883; baseline -0.004 -13"><span class='ocrx_word' id='word_1_525' title='bbox 2097 815 2202 871; x_wconf 88' lang='lat' dir='ltr'><strong>Sed</strong></span> <span class='ocrx_word' id='word_1_526' title='bbox 2231 816 2285 870; x_wconf 97' lang='lat' dir='ltr'><strong>id</strong></span> <span class='ocrx_word' id='word_1_527' title='bbox 2323 813 2601 883; x_wconf 79' lang='lat' dir='ltr'><strong>pruprium</strong></span> <span class='ocrx_word' id='word_1_528' title='bbox 2634 822 2718 867; x_wconf 90' lang='lat' dir='ltr'><strong>est</strong></span> <span class='ocrx_word' id='word_1_529' title='bbox 2770 813 3023 882; x_wconf 86' lang='lat' dir='ltr'><strong>ungeutis</strong></span> <span class='ocrx_word' id='word_1_530' title='bbox 3069 822 3126 866; x_wconf 89' lang='lat' dir='ltr'><strong>et</strong></span> <span class='ocrx_word' id='word_1_531' title='bbox 3169 812 3438 881; x_wconf 81' lang='lat' dir='ltr'><strong>signautis</strong></span> <span class='ocrx_word' id='word_1_532' title='bbox 3485 808 3671 864; x_wconf 88' lang='lat' dir='ltr'><strong>Verbi.</strong></span> 
     </span>
    </p>
   </div>
   <div class='ocr_carea' id='block_1_66' title="bbox 2100 899 3672 976">
    <p class='ocr_par' dir='ltr' id='par_1_66' title="bbox 2100 899 3672 976">
     <span class='ocr_line' id='line_1_66' title="bbox 2100 899 3672 976; baseline -0.004 -18"><span class='ocrx_word' id='word_1_533' title='bbox 2100 903 2440 976; x_wconf 75' lang='lat' dir='ltr'><strong>Unguentum</strong></span> <span class='ocrx_word' id='word_1_534' title='bbox 2465 902 2685 972; x_wconf 83' lang='lat' dir='ltr'><strong>quidem</strong></span> <span class='ocrx_word' id='word_1_535' title='bbox 2719 901 2973 971; x_wconf 87' lang='lat' dir='ltr'><strong>ungentis</strong></span> <span class='ocrx_word' id='word_1_536' title='bbox 3016 900 3337 955; x_wconf 82' lang='lat' dir='ltr'><strong>suavitatem</strong></span> <span class='ocrx_word' id='word_1_537' title='bbox 3371 910 3425 953; x_wconf 84' lang='lat' dir='ltr'><strong>et</strong></span> <span class='ocrx_word' id='word_1_538' title='bbox 3450 899 3672 954; x_wconf 82' lang='lat' dir='ltr'><strong>odorem</strong></span> 
     </span>
    </p>
   </div>
   <div class='ocr_carea' id='block_1_67' title="bbox 2096 991 3669 1063">
    <p class='ocr_par' dir='ltr' id='par_1_67' title="bbox 2096 991 3669 1063">
     <span class='ocr_line' id='line_1_67' title="bbox 2096 991 3669 1063; baseline -0.002 -13"><span class='ocrx_word' id='word_1_539' title='bbox 2096 996 2312 1061; x_wconf 84' lang='lat' dir='ltr'><strong>retinet,</strong></span> <span class='ocrx_word' id='word_1_540' title='bbox 2332 993 2487 1063; x_wconf 82' lang='lat' dir='ltr'><strong>cujus</strong></span> <span class='ocrx_word' id='word_1_541' title='bbox 2515 993 2807 1063; x_wconf 72' lang='lat' dir='ltr'><strong>participes</strong></span> <span class='ocrx_word' id='word_1_542' title='bbox 2831 991 2959 1048; x_wconf 87' lang='lat' dir='ltr'><strong>facti</strong></span> <span class='ocrx_word' id='word_1_543' title='bbox 2990 993 3080 1062; x_wconf 91' lang='lat' dir='ltr'><strong>qui</strong></span> <span class='ocrx_word' id='word_1_544' title='bbox 3114 1002 3413 1062; x_wconf 82' lang='lat' dir='ltr'><strong>unguntur,</strong></span> <span class='ocrx_word' id='word_1_545' title='bbox 3437 993 3630 1047; x_wconf 91' lang='lat' dir='ltr'><strong>dicunt</strong></span> <span class='ocrx_word' id='word_1_546' title='bbox 3655 1012 3669 1047; x_wconf 91' lang='lat'><strong>:</strong></span> 
     </span>
    </p>
   </div>
   <div class='ocr_carea' id='block_1_68' title="bbox 2104 1079 3705 1151">
    <p class='ocr_par' dir='ltr' id='par_1_68' title="bbox 2104 1079 3705 1151">
     <span class='ocr_line' id='line_1_68' title="bbox 2104 1079 3705 1151; baseline -0.002 -14"><span class='ocrx_word' id='word_1_547' title='bbox 2104 1102 2133 1137; x_wconf 68' lang='grc' dir='ltr'><strong>ι’</strong></span> <span class='ocrx_word' id='word_1_548' title='bbox 2155 1083 2359 1139; x_wconf 86' lang='lat' dir='ltr'><strong>Christi</strong></span> <span class='ocrx_word' id='word_1_549' title='bbox 2392 1084 2570 1138; x_wconf 91' lang='lat' dir='ltr'><strong>bonus</strong></span> <span class='ocrx_word' id='word_1_550' title='bbox 2604 1083 2739 1138; x_wconf 90' lang='lat' dir='ltr'><strong>odor</strong></span> <span class='ocrx_word' id='word_1_551' title='bbox 2769 1096 2964 1136; x_wconf 90' lang='lat' dir='ltr'><strong>sumus</strong></span> <span class='ocrx_word' id='word_1_552' title='bbox 3021 1084 3055 1134; x_wconf 76' lang='grc'><strong>³.</strong></span> <span class='ocrx_word' id='word_1_553' title='bbox 3092 1100 3110 1132; x_wconf 71' lang='grc' dir='ltr'>ι</span> <span class='ocrx_word' id='word_1_554' title='bbox 3153 1079 3403 1151; x_wconf 84' lang='lat' dir='ltr'><strong>Sigillum</strong></span> <span class='ocrx_word' id='word_1_555' title='bbox 3435 1096 3566 1136; x_wconf 89' lang='lat' dir='ltr'><strong>vero</strong></span> <span class='ocrx_word' id='word_1_556' title='bbox 3598 1082 3705 1141; x_wconf 87' lang='lat' dir='ltr'><strong>si--</strong></span> 
     </span>
    </p>
   </div>
   <div class='ocr_carea' id='block_1_69' title="bbox 2098 1173 3680 1247">
    <p class='ocr_par' dir='ltr' id='par_1_69' title="bbox 2098 1173 3680 1247">
     <span class='ocr_line' id='line_1_69' title="bbox 2098 1173 3680 1247; baseline -0.001 -17"><span class='ocrx_word' id='word_1_557' title='bbox 2098 1177 2314 1247; x_wconf 80' lang='lat' dir='ltr'><strong>gnantis</strong></span> <span class='ocrx_word' id='word_1_558' title='bbox 2338 1174 2541 1229; x_wconf 86' lang='lat' dir='ltr'><strong>Christi</strong></span> <span class='ocrx_word' id='word_1_559' title='bbox 2575 1173 2807 1243; x_wconf 80' lang='lat' dir='ltr'><strong>elligiem</strong></span> <span class='ocrx_word' id='word_1_560' title='bbox 2848 1180 3048 1237; x_wconf 86' lang='lat' dir='ltr'><strong>servat,</strong></span> <span class='ocrx_word' id='word_1_561' title='bbox 3074 1174 3231 1242; x_wconf 85' lang='lat' dir='ltr'><strong>cujus</strong></span> <span class='ocrx_word' id='word_1_562' title='bbox 3264 1175 3357 1243; x_wconf 88' lang='lat' dir='ltr'><strong>qui</strong></span> <span class='ocrx_word' id='word_1_563' title='bbox 3397 1174 3680 1244; x_wconf 82' lang='lat' dir='ltr'><strong>signantur</strong></span> 
     </span>
    </p>
   </div>
   <div class='ocr_carea' id='block_1_70' title="bbox 2094 1266 3683 1339">
    <p class='ocr_par' dir='ltr' id='par_1_70' title="bbox 2094 1266 3683 1339">
     <span class='ocr_line' id='line_1_70' title="bbox 2094 1266 3683 1339; baseline 0.001 -17"><span class='ocrx_word' id='word_1_564' title='bbox 2094 1269 2388 1339; x_wconf 86' lang='lat' dir='ltr'><strong>participes</strong></span> <span class='ocrx_word' id='word_1_565' title='bbox 2413 1268 2612 1334; x_wconf 73' lang='lat' dir='ltr'><strong>effecti,</strong></span> <span class='ocrx_word' id='word_1_566' title='bbox 2638 1269 2705 1322; x_wconf 91' lang='lat' dir='ltr'><strong>ad</strong></span> <span class='ocrx_word' id='word_1_567' title='bbox 2735 1283 2855 1322; x_wconf 84' lang='lat' dir='ltr'><strong>eam</strong></span> <span class='ocrx_word' id='word_1_568' title='bbox 2882 1266 3317 1333; x_wconf 89' lang='lat' dir='ltr'><strong>conformantur,</strong></span> <span class='ocrx_word' id='word_1_569' title='bbox 3355 1278 3413 1322; x_wconf 93' lang='lat' dir='ltr'><strong>ut</strong></span> <span class='ocrx_word' id='word_1_570' title='bbox 3440 1269 3516 1322; x_wconf 89' lang='lat' dir='ltr'><strong>ait</strong></span> <span class='ocrx_word' id='word_1_571' title='bbox 3536 1268 3683 1338; x_wconf 85' lang='lat' dir='ltr'><strong>Apo-</strong></span> 
     </span>
    </p>
   </div>
   <div class='ocr_carea' id='block_1_71' title="bbox 2097 1357 3682 1430">
    <p class='ocr_par' dir='ltr' id='par_1_71' title="bbox 2097 1357 3682 1430">
     <span class='ocr_line' id='line_1_71' title="bbox 2097 1357 3682 1430; baseline 0.001 -15"><span class='ocrx_word' id='word_1_572' title='bbox 2097 1360 2273 1415; x_wconf 90' lang='lat' dir='ltr'><strong>stolus</strong></span> <span class='ocrx_word' id='word_1_573' title='bbox 2303 1377 2317 1412; x_wconf 90' lang='lat'><strong>:</strong></span> <span class='ocrx_word' id='word_1_574' title='bbox 2365 1378 2384 1411; x_wconf 72' lang='grc' dir='ltr'><strong>ι</strong></span> <span class='ocrx_word' id='word_1_575' title='bbox 2422 1357 2602 1414; x_wconf 89' lang='lat' dir='ltr'><strong>Filioli</strong></span> <span class='ocrx_word' id='word_1_576' title='bbox 2638 1359 2766 1423; x_wconf 89' lang='lat' dir='ltr'><strong>mei,</strong></span> <span class='ocrx_word' id='word_1_577' title='bbox 2795 1375 2937 1430; x_wconf 93' lang='lat' dir='ltr'><strong>quos</strong></span> <span class='ocrx_word' id='word_1_578' title='bbox 2968 1360 3165 1414; x_wconf 87' lang='lat' dir='ltr'><strong>iterum</strong></span> <span class='ocrx_word' id='word_1_579' title='bbox 3214 1360 3476 1429; x_wconf 88' lang='lat' dir='ltr'><strong>parturio,</strong></span> <span class='ocrx_word' id='word_1_580' title='bbox 3508 1360 3682 1416; x_wconf 90' lang='lat' dir='ltr'><strong>donec</strong></span> 
     </span>
    </p>
   </div>
   <div class='ocr_carea' id='block_1_72' title="bbox 2096 1446 3682 1504">
    <p class='ocr_par' dir='ltr' id='par_1_72' title="bbox 2096 1446 3682 1504">
     <span class='ocr_line' id='line_1_72' title="bbox 2096 1446 3682 1504; baseline -0.003 0"><span class='ocrx_word' id='word_1_581' title='bbox 2096 1447 2363 1504; x_wconf 78' lang='lat' dir='ltr'><strong>formetur</strong></span> <span class='ocrx_word' id='word_1_582' title='bbox 2408 1448 2659 1504; x_wconf 85' lang='lat' dir='ltr'><strong>Christus</strong></span> <span class='ocrx_word' id='word_1_583' title='bbox 2698 1448 2753 1502; x_wconf 92' lang='lat' dir='ltr'><strong>in</strong></span> <span class='ocrx_word' id='word_1_584' title='bbox 2803 1448 2958 1504; x_wconf 84' lang='lat' dir='ltr'><strong>vobis</strong></span> <span class='ocrx_word' id='word_1_585' title='bbox 3017 1446 3058 1502; x_wconf 82' lang='grc'><strong>¹.</strong></span> <span class='ocrx_word' id='word_1_586' title='bbox 3100 1465 3119 1498; x_wconf 80' lang='grc' dir='ltr'>ι</span> <span class='ocrx_word' id='word_1_587' title='bbox 3166 1446 3281 1503; x_wconf 86' lang='lat' dir='ltr'><strong>Hoc</strong></span> <span class='ocrx_word' id='word_1_588' title='bbox 3307 1456 3486 1501; x_wconf 89' lang='lat' dir='ltr'><strong>autem</strong></span> <span class='ocrx_word' id='word_1_589' title='bbox 3519 1447 3682 1500; x_wconf 89' lang='lat' dir='ltr'><strong>modo</strong></span> 
     </span>
    </p>
   </div>
   <div class='ocr_carea' id='block_1_73' title="bbox 2097 1538 3683 1611">
    <p class='ocr_par' dir='ltr' id='par_1_73' title="bbox 2097 1538 3683 1611">
     <span class='ocr_line' id='line_1_73' title="bbox 2097 1538 3683 1611; baseline -0.004 -13"><span class='ocrx_word' id='word_1_590' title='bbox 2097 1540 2316 1611; x_wconf 84' lang='lat' dir='ltr'><strong>signati,</strong></span> <span class='ocrx_word' id='word_1_591' title='bbox 2347 1541 2736 1596; x_wconf 78' lang='lat' dir='ltr'><strong>convenienter</strong></span> <span class='ocrx_word' id='word_1_592' title='bbox 2773 1539 2974 1594; x_wconf 62' lang='lat' dir='ltr'><strong>divina:</strong></span> <span class='ocrx_word' id='word_1_593' title='bbox 3006 1548 3215 1594; x_wconf 82' lang='lat' dir='ltr'><strong>naturae</strong></span> <span class='ocrx_word' id='word_1_594' title='bbox 3246 1547 3530 1594; x_wconf 86' lang='lat' dir='ltr'><strong>consortes</strong></span> <span class='ocrx_word' id='word_1_595' title='bbox 3560 1538 3683 1594; x_wconf 88' lang='lat' dir='ltr'><strong>red-</strong></span> 
     </span>
    </p>
   </div>
   <div class='ocr_carea' id='block_1_74' title="bbox 2097 1625 3683 1701">
    <p class='ocr_par' dir='ltr' id='par_1_74' title="bbox 2097 1625 3683 1701">
     <span class='ocr_line' id='line_1_74' title="bbox 2097 1625 3683 1701; baseline -0.003 -11"><span class='ocrx_word' id='word_1_596' title='bbox 2097 1634 2299 1700; x_wconf 85' lang='lat' dir='ltr'><strong>dimur,</strong></span> <span class='ocrx_word' id='word_1_597' title='bbox 2328 1633 2407 1688; x_wconf 89' lang='lat' dir='ltr'><strong>uti</strong></span> <span class='ocrx_word' id='word_1_598' title='bbox 2435 1633 2593 1688; x_wconf 88' lang='lat' dir='ltr'><strong>docet</strong></span> <span class='ocrx_word' id='word_1_599' title='bbox 2622 1630 2818 1687; x_wconf 87' lang='lat' dir='ltr'><strong>Petrus</strong></span> <span class='ocrx_word' id='word_1_600' title='bbox 2868 1625 2890 1655; x_wconf 90' lang='grc'><strong><em>³</em></strong></span> <span class='ocrx_word' id='word_1_601' title='bbox 2925 1650 2938 1684; x_wconf 90' lang='lat'><strong>:</strong></span> <span class='ocrx_word' id='word_1_602' title='bbox 2976 1640 3139 1701; x_wconf 87' lang='lat' dir='ltr'><strong>atque</strong></span> <span class='ocrx_word' id='word_1_603' title='bbox 3184 1634 3257 1686; x_wconf 87' lang='lat' dir='ltr'><strong>ita</strong></span> <span class='ocrx_word' id='word_1_604' title='bbox 3297 1632 3564 1685; x_wconf 67' lang='lat' dir='ltr'><strong>universae</strong></span> <span class='ocrx_word' id='word_1_605' title='bbox 3594 1646 3683 1686; x_wconf 87' lang='lat' dir='ltr'><strong>res</strong></span> 
     </span>
    </p>
   </div>
   <div class='ocr_carea' id='block_1_75' title="bbox 2097 1721 3305 1792">
    <p class='ocr_par' dir='ltr' id='par_1_75' title="bbox 2097 1721 3305 1792">
     <span class='ocr_line' id='line_1_75' title="bbox 2097 1721 3305 1792; baseline -0.005 -11"><span class='ocrx_word' id='word_1_606' title='bbox 2097 1736 2293 1781; x_wconf 69' lang='lat' dir='ltr'><strong>creatae</strong></span> <span class='ocrx_word' id='word_1_607' title='bbox 2315 1723 2478 1779; x_wconf 84' lang='lat' dir='ltr'><strong>Verbi</strong></span> <span class='ocrx_word' id='word_1_608' title='bbox 2508 1723 2563 1783; x_wconf 86' lang='lat' dir='ltr'><strong>in</strong></span> <span class='ocrx_word' id='word_1_609' title='bbox 2597 1721 2802 1792; x_wconf 88' lang='lat' dir='ltr'><strong>Spiritu</strong></span> <span class='ocrx_word' id='word_1_610' title='bbox 2832 1722 2971 1776; x_wconf 83' lang='lat' dir='ltr'><strong>fiunt</strong></span> <span class='ocrx_word' id='word_1_611' title='bbox 2996 1722 3305 1791; x_wconf 89' lang='lat' dir='ltr'><strong>participes.</strong></span> 
     </span>
    </p>
   </div>
   <div class='ocr_carea' id='block_1_76' title="bbox 2283 1815 3686 1887">
    <p class='ocr_par' dir='ltr' id='par_1_76' title="bbox 2283 1815 3686 1887">
     <span class='ocr_line' id='line_1_76' title="bbox 2283 1815 3686 1887; baseline 0.001 -16"><span class='ocrx_word' id='word_1_612' title='bbox 2283 1816 2487 1872; x_wconf 88' lang='lat' dir='ltr'><strong>Omnes</strong></span> <span class='ocrx_word' id='word_1_613' title='bbox 2518 1816 2772 1871; x_wconf 90' lang='lat' dir='ltr'><strong>similiter</strong></span> <span class='ocrx_word' id='word_1_614' title='bbox 2819 1830 2914 1885; x_wconf 89' lang='lat' dir='ltr'><strong>per</strong></span> <span class='ocrx_word' id='word_1_615' title='bbox 2948 1815 3213 1885; x_wconf 88' lang='lat' dir='ltr'><strong>Spiritum</strong></span> <span class='ocrx_word' id='word_1_616' title='bbox 3261 1816 3354 1870; x_wconf 90' lang='lat' dir='ltr'><strong>Dei</strong></span> <span class='ocrx_word' id='word_1_617' title='bbox 3394 1818 3686 1887; x_wconf 83' lang='lat' dir='ltr'><strong>participes</strong></span> 
     </span>
    </p>
   </div>
   <div class='ocr_carea' id='block_1_77' title="bbox 2097 1905 3685 1978">
    <p class='ocr_par' dir='ltr' id='par_1_77' title="bbox 2097 1905 3685 1978">
     <span class='ocr_line' id='line_1_77' title="bbox 2097 1905 3685 1978; baseline 0.001 -14"><span class='ocrx_word' id='word_1_618' title='bbox 2097 1908 2352 1964; x_wconf 87' lang='lat' dir='ltr'><strong>dicimur.</strong></span> <span class='ocrx_word' id='word_1_619' title='bbox 2391 1926 2410 1959; x_wconf 76' lang='grc' dir='ltr'>ι</span> <span class='ocrx_word' id='word_1_620' title='bbox 2442 1905 2699 1971; x_wconf 80' lang='lat' dir='ltr'><strong>Nescitis,</strong></span> <span class='ocrx_word' id='word_1_621' title='bbox 2720 1907 2921 1976; x_wconf 89' lang='lat' dir='ltr'><strong>inquit,</strong></span> <span class='ocrx_word' id='word_1_622' title='bbox 2952 1907 3079 1977; x_wconf 89' lang='lat' dir='ltr'><strong>quia</strong></span> <span class='ocrx_word' id='word_1_623' title='bbox 3115 1908 3373 1978; x_wconf 88' lang='lat' dir='ltr'><strong>templum</strong></span> <span class='ocrx_word' id='word_1_624' title='bbox 3407 1908 3497 1963; x_wconf 89' lang='lat' dir='ltr'><strong>Dei</strong></span> <span class='ocrx_word' id='word_1_625' title='bbox 3525 1911 3685 1976; x_wconf 86' lang='lat' dir='ltr'><strong>estis,</strong></span> 
     </span>
    </p>
   </div>
   <div class='ocr_carea' id='block_1_78' title="bbox 2097 1996 3684 2075">
    <p class='ocr_par' dir='ltr' id='par_1_78' title="bbox 2097 1996 3684 2075">
     <span class='ocr_line' id='line_1_78' title="bbox 2097 1996 3684 2075; baseline 0 -22"><span class='ocrx_word' id='word_1_626' title='bbox 2097 2007 2152 2053; x_wconf 90' lang='lat' dir='ltr'><strong>et</strong></span> <span class='ocrx_word' id='word_1_627' title='bbox 2168 1996 2407 2069; x_wconf 88' lang='lat' dir='ltr'><strong>Spiritus</strong></span> <span class='ocrx_word' id='word_1_628' title='bbox 2430 1998 2524 2053; x_wconf 89' lang='lat' dir='ltr'><strong>Dei</strong></span> <span class='ocrx_word' id='word_1_629' title='bbox 2552 1997 2764 2052; x_wconf 88' lang='lat' dir='ltr'><strong>habitat</strong></span> <span class='ocrx_word' id='word_1_630' title='bbox 2788 1996 2841 2050; x_wconf 93' lang='lat' dir='ltr'><strong>in</strong></span> <span class='ocrx_word' id='word_1_631' title='bbox 2866 1998 3062 2053; x_wconf 76' lang='lat' dir='ltr'><strong>vobis?</strong></span> <span class='ocrx_word' id='word_1_632' title='bbox 3088 1996 3146 2053; x_wconf 92' lang='lat' dir='ltr'><strong>Si</strong></span> <span class='ocrx_word' id='word_1_633' title='bbox 3167 1999 3291 2068; x_wconf 88' lang='lat' dir='ltr'><strong>quis</strong></span> <span class='ocrx_word' id='word_1_634' title='bbox 3309 2000 3567 2075; x_wconf 69' lang='lat' dir='ltr'><strong>tempjum</strong></span> <span class='ocrx_word' id='word_1_635' title='bbox 3587 1998 3684 2055; x_wconf 87' lang='lat' dir='ltr'><strong>Dei</strong></span> 
     </span>
    </p>
   </div>
   <div class='ocr_carea' id='block_1_79' title="bbox 2096 2086 3683 2159">
    <p class='ocr_par' dir='ltr' id='par_1_79' title="bbox 2096 2086 3683 2159">
     <span class='ocr_line' id='line_1_79' title="bbox 2096 2086 3683 2159; baseline -0.001 -14"><span class='ocrx_word' id='word_1_636' title='bbox 2096 2089 2403 2156; x_wconf 86' lang='lat' dir='ltr'><strong>violaverit,</strong></span> <span class='ocrx_word' id='word_1_637' title='bbox 2427 2087 2705 2159; x_wconf 85' lang='lat' dir='ltr'><strong>disperdet</strong></span> <span class='ocrx_word' id='word_1_638' title='bbox 2734 2087 2885 2142; x_wconf 89' lang='lat' dir='ltr'><strong>illum</strong></span> <span class='ocrx_word' id='word_1_639' title='bbox 2912 2086 3077 2144; x_wconf 88' lang='lat' dir='ltr'><strong>Deus.</strong></span> <span class='ocrx_word' id='word_1_640' title='bbox 3106 2087 3390 2159; x_wconf 87' lang='lat' dir='ltr'><strong>Templum</strong></span> <span class='ocrx_word' id='word_1_641' title='bbox 3415 2090 3560 2144; x_wconf 86' lang='lat' dir='ltr'><strong>enim</strong></span> <span class='ocrx_word' id='word_1_642' title='bbox 3586 2090 3683 2146; x_wconf 91' lang='lat' dir='ltr'><strong>Dei</strong></span> 
     </span>
    </p>
   </div>
   <div class='ocr_carea' id='block_1_80' title="bbox 2098 2178 3685 2251">
    <p class='ocr_par' dir='ltr' id='par_1_80' title="bbox 2098 2178 3685 2251">
     <span class='ocr_line' id='line_1_80' title="bbox 2098 2178 3685 2251; baseline 0 -16"><span class='ocrx_word' id='word_1_643' title='bbox 2098 2190 2349 2235; x_wconf 87' lang='lat' dir='ltr'><strong>sanctum</strong></span> <span class='ocrx_word' id='word_1_644' title='bbox 2379 2187 2483 2243; x_wconf 89' lang='lat' dir='ltr'><strong>est,</strong></span> <span class='ocrx_word' id='word_1_645' title='bbox 2511 2178 2655 2249; x_wconf 87' lang='lat' dir='ltr'><strong>quod</strong></span> <span class='ocrx_word' id='word_1_646' title='bbox 2678 2180 2810 2234; x_wconf 88' lang='lat' dir='ltr'><strong>estis</strong></span> <span class='ocrx_word' id='word_1_647' title='bbox 2835 2195 2934 2235; x_wconf 77' lang='lat' dir='ltr'><strong>vos</strong></span> <span class='ocrx_word' id='word_1_648' title='bbox 2979 2180 3024 2235; x_wconf 76' lang='grc'><strong>⁸.</strong></span> <span class='ocrx_word' id='word_1_649' title='bbox 3050 2198 3071 2231; x_wconf 73' lang='grc' dir='ltr'>ι</span> <span class='ocrx_word' id='word_1_650' title='bbox 3104 2178 3209 2235; x_wconf 90' lang='lat' dir='ltr'><strong>Sed</strong></span> <span class='ocrx_word' id='word_1_651' title='bbox 3241 2181 3286 2234; x_wconf 87' lang='lat' dir='ltr'><strong>si</strong></span> <span class='ocrx_word' id='word_1_652' title='bbox 3304 2178 3537 2251; x_wconf 88' lang='lat' dir='ltr'><strong>Spiritus</strong></span> <span class='ocrx_word' id='word_1_653' title='bbox 3555 2197 3685 2247; x_wconf 83' lang='lat' dir='ltr'><strong>sau-</strong></span> 
     </span>
    </p>
   </div>
   <div class='ocr_carea' id='block_1_81' title="bbox 2098 2270 3684 2333">
    <p class='ocr_par' dir='ltr' id='par_1_81' title="bbox 2098 2270 3684 2333">
     <span class='ocr_line' id='line_1_81' title="bbox 2098 2270 3684 2333; baseline 0.003 -9"><span class='ocrx_word' id='word_1_654' title='bbox 2098 2278 2219 2325; x_wconf 87' lang='lat' dir='ltr'><strong>ctus</strong></span> <span class='ocrx_word' id='word_1_655' title='bbox 2246 2284 2332 2325; x_wconf 92' lang='lat' dir='ltr'><strong>res</strong></span> <span class='ocrx_word' id='word_1_656' title='bbox 2362 2276 2547 2324; x_wconf 87' lang='lat' dir='ltr'><strong>creata</strong></span> <span class='ocrx_word' id='word_1_657' title='bbox 2570 2278 2713 2325; x_wconf 82' lang='lat' dir='ltr'><strong>esset</strong></span> <span class='ocrx_word' id='word_1_658' title='bbox 2739 2308 2754 2333; x_wconf 92' lang='lat'><strong>,</strong></span> <span class='ocrx_word' id='word_1_659' title='bbox 2787 2270 2933 2325; x_wconf 87' lang='lat' dir='ltr'><strong>nulla</strong></span> <span class='ocrx_word' id='word_1_660' title='bbox 2964 2286 3097 2328; x_wconf 88' lang='lat' dir='ltr'><strong>sane</strong></span> <span class='ocrx_word' id='word_1_661' title='bbox 3140 2271 3229 2326; x_wconf 89' lang='lat' dir='ltr'><strong>Dei</strong></span> <span class='ocrx_word' id='word_1_662' title='bbox 3255 2272 3684 2328; x_wconf 88' lang='lat' dir='ltr'><strong>communicatio</strong></span> 
     </span>
    </p>
   </div>
   <div class='ocr_carea' id='block_1_82' title="bbox 2099 2361 3682 2439">
    <p class='ocr_par' dir='ltr' id='par_1_82' title="bbox 2099 2361 3682 2439">
     <span class='ocr_line' id='line_1_82' title="bbox 2099 2361 3682 2439; baseline 0.003 -24"><span class='ocrx_word' id='word_1_663' title='bbox 2099 2361 2260 2439; x_wconf 8' lang='lat' dir='ltr'><strong>nobis}</strong></span> <span class='ocrx_word' id='word_1_664' title='bbox 2293 2361 2346 2415; x_wconf 92' lang='lat' dir='ltr'><strong>in</strong></span> <span class='ocrx_word' id='word_1_665' title='bbox 2385 2361 2511 2431; x_wconf 80' lang='lat' dir='ltr'><strong>ipso</strong></span> <span class='ocrx_word' id='word_1_666' title='bbox 2525 2371 2703 2427; x_wconf 88' lang='lat' dir='ltr'><strong>esset;</strong></span> <span class='ocrx_word' id='word_1_667' title='bbox 2737 2363 2830 2418; x_wconf 91' lang='lat' dir='ltr'><strong>sed</strong></span> <span class='ocrx_word' id='word_1_668' title='bbox 2859 2364 2935 2417; x_wconf 90' lang='lat' dir='ltr'><strong>rei</strong></span> <span class='ocrx_word' id='word_1_669' title='bbox 2968 2371 3167 2418; x_wconf 66' lang='lat' dir='ltr'><strong>creatae</strong></span> <span class='ocrx_word' id='word_1_670' title='bbox 3196 2363 3682 2434; x_wconf 77' lang='lat' dir='ltr'><strong>coniungeremur,</strong></span> 
     </span>
    </p>
   </div>
   <div class='ocr_carea' id='block_1_83' title="bbox 2099 2453 3687 2529">
    <p class='ocr_par' dir='ltr' id='par_1_83' title="bbox 2099 2453 3687 2529">
     <span class='ocr_line' id='line_1_83' title="bbox 2099 2453 3687 2529; baseline 0.004 -21"><span class='ocrx_word' id='word_1_671' title='bbox 2099 2460 2154 2508; x_wconf 85' lang='lat' dir='ltr'><strong>et</strong></span> <span class='ocrx_word' id='word_1_672' title='bbox 2172 2453 2372 2508; x_wconf 61' lang='lat' dir='ltr'><strong>divina:</strong></span> <span class='ocrx_word' id='word_1_673' title='bbox 2394 2462 2603 2509; x_wconf 76' lang='lat' dir='ltr'><strong>natura:</strong></span> <span class='ocrx_word' id='word_1_674' title='bbox 2616 2455 2776 2510; x_wconf 88' lang='lat' dir='ltr'><strong>alieni</strong></span> <span class='ocrx_word' id='word_1_675' title='bbox 2795 2470 3065 2521; x_wconf 90' lang='lat' dir='ltr'><strong>essemus,</strong></span> <span class='ocrx_word' id='word_1_676' title='bbox 3083 2466 3269 2526; x_wconf 85' lang='lat' dir='ltr'><strong>utpote</strong></span> <span class='ocrx_word' id='word_1_677' title='bbox 3288 2458 3435 2512; x_wconf 90' lang='lat' dir='ltr'><strong>nulla</strong></span> <span class='ocrx_word' id='word_1_678' title='bbox 3454 2458 3506 2513; x_wconf 93' lang='lat' dir='ltr'><strong>in</strong></span> <span class='ocrx_word' id='word_1_679' title='bbox 3534 2467 3687 2529; x_wconf 90' lang='lat' dir='ltr'><strong>parte</strong></span> 
     </span>
    </p>
   </div>
   <div class='ocr_carea' id='block_1_84' title="bbox 2101 2540 3688 2614">
    <p class='ocr_par' dir='ltr' id='par_1_84' title="bbox 2101 2540 3688 2614">
     <span class='ocr_line' id='line_1_84' title="bbox 2101 2540 3688 2614; baseline 0.005 -18"><span class='ocrx_word' id='word_1_680' title='bbox 2101 2542 2222 2611; x_wconf 86' lang='lat' dir='ltr'><strong>ejus</strong></span> <span class='ocrx_word' id='word_1_681' title='bbox 2251 2540 2379 2597; x_wconf 83' lang='lat' dir='ltr'><strong>facti</strong></span> <span class='ocrx_word' id='word_1_682' title='bbox 2414 2544 2727 2614; x_wconf 84' lang='lat' dir='ltr'><strong>participes.</strong></span> <span class='ocrx_word' id='word_1_683' title='bbox 2762 2543 2920 2601; x_wconf 86' lang='lat' dir='ltr'><strong>Nunc</strong></span> <span class='ocrx_word' id='word_1_684' title='bbox 2957 2563 3085 2602; x_wconf 87' lang='lat' dir='ltr'><strong>vero</strong></span> <span class='ocrx_word' id='word_1_685' title='bbox 3109 2563 3233 2603; x_wconf 91' lang='lat' dir='ltr'><strong>cum</strong></span> <span class='ocrx_word' id='word_1_686' title='bbox 3275 2548 3478 2605; x_wconf 91' lang='lat' dir='ltr'><strong>Christi</strong></span> <span class='ocrx_word' id='word_1_687' title='bbox 3505 2560 3558 2606; x_wconf 86' lang='lat' dir='ltr'><strong>et</strong></span> <span class='ocrx_word' id='word_1_688' title='bbox 3592 2549 3688 2606; x_wconf 92' lang='lat' dir='ltr'><strong>Dei</strong></span> 
     </span>
    </p>
   </div>
   <div class='ocr_carea' id='block_1_85' title="bbox 2102 2633 3690 2709">
    <p class='ocr_par' dir='ltr' id='par_1_85' title="bbox 2102 2633 3690 2709">
     <span class='ocr_line' id='line_1_85' title="bbox 2102 2633 3690 2709; baseline 0.008 -24"><span class='ocrx_word' id='word_1_689' title='bbox 2102 2633 2394 2702; x_wconf 86' lang='lat' dir='ltr'><strong>participes</strong></span> <span class='ocrx_word' id='word_1_690' title='bbox 2418 2634 2687 2701; x_wconf 87' lang='lat' dir='ltr'><strong>dicamur,</strong></span> <span class='ocrx_word' id='word_1_691' title='bbox 2715 2637 2902 2706; x_wconf 88' lang='lat' dir='ltr'><strong>utique</strong></span> <span class='ocrx_word' id='word_1_692' title='bbox 2926 2647 3135 2693; x_wconf 88' lang='lat' dir='ltr'><strong>constat</strong></span> <span class='ocrx_word' id='word_1_693' title='bbox 3166 2649 3501 2709; x_wconf 80' lang='lat' dir='ltr'><strong>unguentum</strong></span> <span class='ocrx_word' id='word_1_694' title='bbox 3528 2650 3581 2696; x_wconf 91' lang='lat' dir='ltr'><strong>et</strong></span> <span class='ocrx_word' id='word_1_695' title='bbox 3613 2643 3690 2698; x_wconf 91' lang='lat' dir='ltr'><strong>si-</strong></span> 
     </span>
    </p>
   </div>
   <div class='ocr_carea' id='block_1_86' title="bbox 2104 2726 3684 2795">
    <p class='ocr_par' dir='ltr' id='par_1_86' title="bbox 2104 2726 3684 2795">
     <span class='ocr_line' id='line_1_86' title="bbox 2104 2726 3684 2795; baseline 0.007 -18"><span class='ocrx_word' id='word_1_696' title='bbox 2104 2726 2319 2795; x_wconf 77' lang='lat' dir='ltr'><strong>gillum,</strong></span> <span class='ocrx_word' id='word_1_697' title='bbox 2349 2726 2492 2795; x_wconf 90' lang='lat' dir='ltr'><strong>quod</strong></span> <span class='ocrx_word' id='word_1_698' title='bbox 2524 2726 2578 2780; x_wconf 91' lang='lat' dir='ltr'><strong>in</strong></span> <span class='ocrx_word' id='word_1_699' title='bbox 2610 2728 2768 2785; x_wconf 86' lang='lat' dir='ltr'><strong>nobis</strong></span> <span class='ocrx_word' id='word_1_700' title='bbox 2801 2738 2904 2793; x_wconf 88' lang='lat' dir='ltr'><strong>est,</strong></span> <span class='ocrx_word' id='word_1_701' title='bbox 2940 2744 3047 2784; x_wconf 89' lang='lat' dir='ltr'><strong>non</strong></span> <span class='ocrx_word' id='word_1_702' title='bbox 3080 2731 3148 2785; x_wconf 91' lang='lat' dir='ltr'><strong>ad</strong></span> <span class='ocrx_word' id='word_1_703' title='bbox 3178 2747 3362 2788; x_wconf 88' lang='lat' dir='ltr'><strong>rermn</strong></span> <span class='ocrx_word' id='word_1_704' title='bbox 3396 2732 3684 2795; x_wconf 85' lang='lat' dir='ltr'><strong>factarum.</strong></span> 
     </span>
    </p>
   </div>
   <div class='ocr_carea' id='block_1_87' title="bbox 2105 2816 3689 2894">
    <p class='ocr_par' dir='ltr' id='par_1_87' title="bbox 2105 2816 3689 2894">
     <span class='ocr_line' id='line_1_87' title="bbox 2105 2816 3689 2894; baseline 0.006 -23"><span class='ocrx_word' id='word_1_705' title='bbox 2105 2816 2198 2871; x_wconf 90' lang='lat' dir='ltr'><strong>sed</strong></span> <span class='ocrx_word' id='word_1_706' title='bbox 2230 2818 2296 2872; x_wconf 86' lang='lat' dir='ltr'><strong>ad</strong></span> <span class='ocrx_word' id='word_1_707' title='bbox 2337 2816 2456 2872; x_wconf 87' lang='lat' dir='ltr'><strong>Filii</strong></span> <span class='ocrx_word' id='word_1_708' title='bbox 2495 2827 2744 2874; x_wconf 91' lang='lat' dir='ltr'><strong>naturam</strong></span> <span class='ocrx_word' id='word_1_709' title='bbox 2790 2821 3079 2891; x_wconf 85' lang='lat' dir='ltr'><strong>pertinere,</strong></span> <span class='ocrx_word' id='word_1_710' title='bbox 3112 2823 3202 2892; x_wconf 94' lang='lat' dir='ltr'><strong>qui</strong></span> <span class='ocrx_word' id='word_1_711' title='bbox 3246 2838 3346 2878; x_wconf 90' lang='lat' dir='ltr'><strong>nos</strong></span> <span class='ocrx_word' id='word_1_712' title='bbox 3376 2840 3470 2894; x_wconf 91' lang='lat' dir='ltr'><strong>per</strong></span> <span class='ocrx_word' id='word_1_713' title='bbox 3514 2825 3689 2894; x_wconf 79' lang='lat' dir='ltr'><strong>Spiri-</strong></span> 
     </span>
    </p>
   </div>
   <div class='ocr_carea' id='block_1_88' title="bbox 2106 2909 3688 2985">
    <p class='ocr_par' dir='ltr' id='par_1_88' title="bbox 2106 2909 3688 2985">
     <span class='ocr_line' id='line_1_88' title="bbox 2106 2909 3688 2985; baseline 0.008 -25"><span class='ocrx_word' id='word_1_714' title='bbox 2106 2916 2246 2974; x_wconf 87' lang='lat' dir='ltr'><strong>tum,</strong></span> <span class='ocrx_word' id='word_1_715' title='bbox 2271 2909 2364 2979; x_wconf 91' lang='lat' dir='ltr'><strong>qui</strong></span> <span class='ocrx_word' id='word_1_716' title='bbox 2395 2910 2446 2962; x_wconf 92' lang='lat' dir='ltr'><strong>in</strong></span> <span class='ocrx_word' id='word_1_717' title='bbox 2479 2912 2597 2979; x_wconf 89' lang='lat' dir='ltr'><strong>ipso</strong></span> <span class='ocrx_word' id='word_1_718' title='bbox 2637 2920 2741 2978; x_wconf 88' lang='lat' dir='ltr'><strong>est,</strong></span> <span class='ocrx_word' id='word_1_719' title='bbox 2778 2910 2927 2966; x_wconf 87' lang='lat' dir='ltr'><strong>Patri</strong></span> <span class='ocrx_word' id='word_1_720' title='bbox 2961 2913 3263 2985; x_wconf 84' lang='lat' dir='ltr'><strong>conjungit.</strong></span> <span class='ocrx_word' id='word_1_721' title='bbox 3312 2913 3550 2984; x_wconf 85' lang='lat' dir='ltr'><strong>ldipsum</strong></span> <span class='ocrx_word' id='word_1_722' title='bbox 3590 2933 3688 2972; x_wconf 89' lang='lat' dir='ltr'><strong>nos</strong></span> 
     </span>
    </p>
   </div>
   <div class='ocr_carea' id='block_1_89' title="bbox 2035 2995 3689 3088">
    <p class='ocr_par' dir='ltr' id='par_1_89' title="bbox 2035 2995 3689 3088">
     <span class='ocr_line' id='line_1_89' title="bbox 2035 2995 3689 3088; baseline 0.004 -38"><span class='ocrx_word' id='word_1_723' title='bbox 2035 3032 2078 3088; x_wconf 74' lang='lat' dir='ltr'><strong>C</strong></span> <span class='ocrx_word' id='word_1_724' title='bbox 2105 2995 2370 3065; x_wconf 86' lang='lat' dir='ltr'><strong>Joannes,</strong></span> <span class='ocrx_word' id='word_1_725' title='bbox 2391 2998 2466 3052; x_wconf 90' lang='lat' dir='ltr'><strong>uti</strong></span> <span class='ocrx_word' id='word_1_726' title='bbox 2495 3012 2660 3067; x_wconf 88' lang='lat' dir='ltr'><strong>supra</strong></span> <span class='ocrx_word' id='word_1_727' title='bbox 2688 2998 2891 3054; x_wconf 91' lang='lat' dir='ltr'><strong>dictum</strong></span> <span class='ocrx_word' id='word_1_728' title='bbox 2917 3009 3021 3063; x_wconf 84' lang='lat' dir='ltr'><strong>est,</strong></span> <span class='ocrx_word' id='word_1_729' title='bbox 3039 3000 3123 3056; x_wconf 94' lang='lat' dir='ltr'><strong>his</strong></span> <span class='ocrx_word' id='word_1_730' title='bbox 3148 3001 3328 3056; x_wconf 84' lang='lat' dir='ltr'><strong>verbis</strong></span> <span class='ocrx_word' id='word_1_731' title='bbox 3348 3001 3542 3056; x_wconf 88' lang='lat' dir='ltr'><strong>docet:</strong></span> <span class='ocrx_word' id='word_1_732' title='bbox 3579 3020 3597 3053; x_wconf 85' lang='lat' dir='ltr'><strong>r</strong></span> <span class='ocrx_word' id='word_1_733' title='bbox 3631 3001 3689 3057; x_wconf 89' lang='lat' dir='ltr'><strong>ln</strong></span> 
     </span>
    </p>
   </div>
   <div class='ocr_carea' id='block_1_90' title="bbox 2110 3089 3692 3164">
    <p class='ocr_par' dir='ltr' id='par_1_90' title="bbox 2110 3089 3692 3164">
     <span class='ocr_line' id='line_1_90' title="bbox 2110 3089 3692 3164; baseline 0.004 -21"><span class='ocrx_word' id='word_1_734' title='bbox 2110 3089 2215 3145; x_wconf 87' lang='lat' dir='ltr'><strong>hoc</strong></span> <span class='ocrx_word' id='word_1_735' title='bbox 2230 3091 2612 3159; x_wconf 79' lang='lat' dir='ltr'><strong>cegnoscimus</strong></span> <span class='ocrx_word' id='word_1_736' title='bbox 2629 3092 2826 3160; x_wconf 89' lang='lat' dir='ltr'><strong>quiain</strong></span> <span class='ocrx_word' id='word_1_737' title='bbox 2846 3091 2957 3146; x_wconf 85' lang='lat' dir='ltr'><strong>Deo</strong></span> <span class='ocrx_word' id='word_1_738' title='bbox 2990 3094 3559 3164; x_wconf 85' lang='lat' dir='ltr'><strong>manemus,etipsein</strong></span> <span class='ocrx_word' id='word_1_739' title='bbox 3590 3109 3692 3149; x_wconf 88' lang='lat' dir='ltr'><strong>no-</strong></span> 
     </span>
    </p>
   </div>
   <div class='ocr_carea' id='block_1_91' title="bbox 2122 3180 3690 3257">
    <p class='ocr_par' dir='ltr' id='par_1_91' title="bbox 2122 3180 3690 3257">
     <span class='ocr_line' id='line_1_91' title="bbox 2122 3180 3690 3257; baseline 0.004 -22"><span class='ocrx_word' id='word_1_740' title='bbox 2122 3180 2242 3248; x_wconf 83' lang='lat' dir='ltr'><strong>bis;</strong></span> <span class='ocrx_word' id='word_1_741' title='bbox 2269 3183 2528 3252; x_wconf 90' lang='lat' dir='ltr'><strong>quoniam</strong></span> <span class='ocrx_word' id='word_1_742' title='bbox 2555 3184 2620 3238; x_wconf 92' lang='lat' dir='ltr'><strong>de</strong></span> <span class='ocrx_word' id='word_1_743' title='bbox 2635 3184 2837 3254; x_wconf 89' lang='lat' dir='ltr'><strong>Spiritu</strong></span> <span class='ocrx_word' id='word_1_744' title='bbox 2858 3200 2959 3240; x_wconf 92' lang='lat' dir='ltr'><strong>suo</strong></span> <span class='ocrx_word' id='word_1_745' title='bbox 2982 3186 3302 3241; x_wconf 89' lang='lat' dir='ltr'><strong>deditnobis</strong></span> <span class='ocrx_word' id='word_1_746' title='bbox 3341 3192 3413 3241; x_wconf 73' lang='grc' dir='ltr'><strong>υ.»</strong></span> <span class='ocrx_word' id='word_1_747' title='bbox 3439 3188 3494 3242; x_wconf 93' lang='lat' dir='ltr'><strong>Si</strong></span> <span class='ocrx_word' id='word_1_748' title='bbox 3527 3202 3690 3257; x_wconf 85' lang='lat' dir='ltr'><strong>porro</strong></span> 
     </span>
    </p>
   </div>
   <div class='ocr_carea' id='block_1_92' title="bbox 2108 3271 3690 3343">
    <p class='ocr_par' dir='ltr' id='par_1_92' title="bbox 2108 3271 3690 3343">
     <span class='ocr_line' id='line_1_92' title="bbox 2108 3271 3690 3343; baseline 0.004 -16"><span class='ocrx_word' id='word_1_749' title='bbox 2108 3271 2348 3343; x_wconf 88' lang='lat' dir='ltr'><strong>Spiritus</strong></span> <span class='ocrx_word' id='word_1_750' title='bbox 2385 3274 2885 3331; x_wconf 89' lang='lat' dir='ltr'><strong>communicatione</strong></span> <span class='ocrx_word' id='word_1_751' title='bbox 2927 3277 3125 3332; x_wconf 87' lang='lat' dir='ltr'><strong>divinae</strong></span> <span class='ocrx_word' id='word_1_752' title='bbox 3160 3286 3367 3333; x_wconf 68' lang='lat' dir='ltr'><strong>naturae</strong></span> <span class='ocrx_word' id='word_1_753' title='bbox 3400 3289 3690 3334; x_wconf 87' lang='lat' dir='ltr'><strong>consortes</strong></span> 
     </span>
    </p>
   </div>
   <div class='ocr_carea' id='block_1_93' title="bbox 2104 3362 3686 3438">
    <p class='ocr_par' dir='ltr' id='par_1_93' title="bbox 2104 3362 3686 3438">
     <span class='ocr_line' id='line_1_93' title="bbox 2104 3362 3686 3438; baseline 0.002 -19"><span class='ocrx_word' id='word_1_754' title='bbox 2104 3362 2392 3427; x_wconf 83' lang='lat' dir='ltr'><strong>ellicimur,</strong></span> <span class='ocrx_word' id='word_1_755' title='bbox 2416 3379 2578 3419; x_wconf 85' lang='lat' dir='ltr'><strong>nemo</strong></span> <span class='ocrx_word' id='word_1_756' title='bbox 2613 3375 2763 3420; x_wconf 84' lang='lat' dir='ltr'><strong>certe</strong></span> <span class='ocrx_word' id='word_1_757' title='bbox 2796 3366 2899 3422; x_wconf 89' lang='lat' dir='ltr'><strong>nisi</strong></span> <span class='ocrx_word' id='word_1_758' title='bbox 2933 3367 3159 3422; x_wconf 89' lang='lat' dir='ltr'><strong>insanus</strong></span> <span class='ocrx_word' id='word_1_759' title='bbox 3191 3368 3389 3422; x_wconf 75' lang='lat' dir='ltr'><strong>dixerit</strong></span> <span class='ocrx_word' id='word_1_760' title='bbox 3418 3366 3686 3438; x_wconf 88' lang='lat' dir='ltr'><strong>Spiritum</strong></span> 
     </span>
    </p>
   </div>
   <div class='ocr_carea' id='block_1_94' title="bbox 2106 3455 3690 3522">
    <p class='ocr_par' dir='ltr' id='par_1_94' title="bbox 2106 3455 3690 3522">
     <span class='ocr_line' id='line_1_94' title="bbox 2106 3455 3690 3522; baseline 0.004 -13"><span class='ocrx_word' id='word_1_761' title='bbox 2106 3471 2216 3510; x_wconf 91' lang='lat' dir='ltr'><strong>non</strong></span> <span class='ocrx_word' id='word_1_762' title='bbox 2250 3455 2368 3522; x_wconf 89' lang='lat' dir='ltr'><strong>Dei,</strong></span> <span class='ocrx_word' id='word_1_763' title='bbox 2397 3458 2491 3511; x_wconf 89' lang='lat' dir='ltr'><strong>sed</strong></span> <span class='ocrx_word' id='word_1_764' title='bbox 2519 3470 2716 3512; x_wconf 74' lang='lat' dir='ltr'><strong>creata:</strong></span> <span class='ocrx_word' id='word_1_765' title='bbox 2744 3474 2867 3513; x_wconf 87' lang='lat' dir='ltr'><strong>esse</strong></span> <span class='ocrx_word' id='word_1_766' title='bbox 2896 3469 3122 3513; x_wconf 69' lang='lat' dir='ltr'><strong>naturae.</strong></span> <span class='ocrx_word' id='word_1_767' title='bbox 3151 3458 3262 3515; x_wconf 88' lang='lat' dir='ltr'><strong>Nec</strong></span> <span class='ocrx_word' id='word_1_768' title='bbox 3289 3460 3433 3514; x_wconf 89' lang='lat' dir='ltr'><strong>enim</strong></span> <span class='ocrx_word' id='word_1_769' title='bbox 3485 3461 3590 3515; x_wconf 89' lang='lat' dir='ltr'><strong>alia</strong></span> <span class='ocrx_word' id='word_1_770' title='bbox 3621 3462 3690 3515; x_wconf 88' lang='lat' dir='ltr'><strong>de</strong></span> 
     </span>
    </p>
   </div>
   <div class='ocr_carea' id='block_1_95' title="bbox 2106 3546 3689 3621">
    <p class='ocr_par' dir='ltr' id='par_1_95' title="bbox 2106 3546 3689 3621">
     <span class='ocr_line' id='line_1_95' title="bbox 2106 3546 3689 3621; baseline 0.004 -23"><span class='ocrx_word' id='word_1_771' title='bbox 2106 3560 2272 3601; x_wconf 89' lang='lat' dir='ltr'><strong>causa</strong></span> <span class='ocrx_word' id='word_1_772' title='bbox 2305 3546 2361 3601; x_wconf 88' lang='lat' dir='ltr'><strong>hi</strong></span> <span class='ocrx_word' id='word_1_773' title='bbox 2388 3547 2441 3600; x_wconf 89' lang='lat' dir='ltr'><strong>in</strong></span> <span class='ocrx_word' id='word_1_774' title='bbox 2473 3550 2673 3618; x_wconf 90' lang='lat' dir='ltr'><strong>quibus</strong></span> <span class='ocrx_word' id='word_1_775' title='bbox 2708 3549 2796 3603; x_wconf 89' lang='lat' dir='ltr'><strong>ille</strong></span> <span class='ocrx_word' id='word_1_776' title='bbox 2822 3558 2927 3614; x_wconf 84' lang='lat' dir='ltr'><strong>est,</strong></span> <span class='ocrx_word' id='word_1_777' title='bbox 2956 3551 3031 3605; x_wconf 81' lang='lat' dir='ltr'><strong>dii</strong></span> <span class='ocrx_word' id='word_1_778' title='bbox 3074 3551 3399 3607; x_wconf 82' lang='lat' dir='ltr'><strong>eﬂiciuntur.</strong></span> <span class='ocrx_word' id='word_1_779' title='bbox 3448 3551 3604 3621; x_wconf 82' lang='lat' dir='ltr'><strong>Quod</strong></span> <span class='ocrx_word' id='word_1_780' title='bbox 3642 3555 3689 3605; x_wconf 87' lang='lat' dir='ltr'><strong>si</strong></span> 
     </span>
    </p>
   </div>
   <div class='ocr_carea' id='block_1_96' title="bbox 2100 3643 3688 3714">
    <p class='ocr_par' dir='ltr' id='par_1_96' title="bbox 2100 3643 3688 3714">
     <span class='ocr_line' id='line_1_96' title="bbox 2100 3643 3688 3714; baseline 0.001 -15"><span class='ocrx_word' id='word_1_781' title='bbox 2100 3647 2232 3699; x_wconf 85' lang='lat' dir='ltr'><strong>deos</strong></span> <span class='ocrx_word' id='word_1_782' title='bbox 2274 3645 2456 3708; x_wconf 80' lang='lat' dir='ltr'><strong>eliieit,</strong></span> <span class='ocrx_word' id='word_1_783' title='bbox 2499 3643 2726 3698; x_wconf 91' lang='lat' dir='ltr'><strong>dubium</strong></span> <span class='ocrx_word' id='word_1_784' title='bbox 2772 3659 2879 3697; x_wconf 87' lang='lat' dir='ltr'><strong>non</strong></span> <span class='ocrx_word' id='word_1_785' title='bbox 2914 3653 3018 3707; x_wconf 84' lang='lat' dir='ltr'><strong>est,</strong></span> <span class='ocrx_word' id='word_1_786' title='bbox 3051 3646 3182 3714; x_wconf 90' lang='lat' dir='ltr'><strong>quin</strong></span> <span class='ocrx_word' id='word_1_787' title='bbox 3223 3645 3338 3714; x_wconf 86' lang='lat' dir='ltr'><strong>ejus</strong></span> <span class='ocrx_word' id='word_1_788' title='bbox 3363 3655 3557 3701; x_wconf 84' lang='lat' dir='ltr'><strong>natura</strong></span> <span class='ocrx_word' id='word_1_789' title='bbox 3594 3649 3688 3700; x_wconf 87' lang='lat' dir='ltr'><strong>Dei</strong></span> 
     </span>
    </p>
   </div>
   <div class='ocr_carea' id='block_1_97' title="bbox 2101 3732 3679 3806">
    <p class='ocr_par' dir='ltr' id='par_1_97' title="bbox 2101 3732 3679 3806">
     <span class='ocr_line' id='line_1_97' title="bbox 2101 3732 3679 3806; baseline 0.001 -18"><span class='ocrx_word' id='word_1_790' title='bbox 2101 3735 2190 3788; x_wconf 85' lang='lat' dir='ltr'><strong>sit.</strong></span> <span class='ocrx_word' id='word_1_791' title='bbox 2224 3732 2380 3800; x_wconf 81' lang='lat' dir='ltr'><strong>Quod</strong></span> <span class='ocrx_word' id='word_1_792' title='bbox 2430 3734 2558 3788; x_wconf 91' lang='lat' dir='ltr'><strong>item</strong></span> <span class='ocrx_word' id='word_1_793' title='bbox 2613 3736 2911 3791; x_wconf 88' lang='lat' dir='ltr'><strong>centesimo</strong></span> <span class='ocrx_word' id='word_1_794' title='bbox 2960 3737 3119 3790; x_wconf 82' lang='lat' dir='ltr'><strong>tertio</strong></span> <span class='ocrx_word' id='word_1_795' title='bbox 3173 3738 3383 3806; x_wconf 88' lang='lat' dir='ltr'><strong>psalmo</strong></span> <span class='ocrx_word' id='word_1_796' title='bbox 3431 3738 3679 3801; x_wconf 85' lang='lat' dir='ltr'><strong>habetur,</strong></span> 
     </span>
    </p>
   </div>
   <div class='ocr_carea' id='block_1_98' title="bbox 2100 3823 3684 3894">
    <p class='ocr_par' dir='ltr' id='par_1_98' title="bbox 2100 3823 3684 3894">
     <span class='ocr_line' id='line_1_98' title="bbox 2100 3823 3684 3894; baseline 0.002 -15"><span class='ocrx_word' id='word_1_797' title='bbox 2100 3825 2305 3879; x_wconf 89' lang='lat' dir='ltr'><strong>clarius</strong></span> <span class='ocrx_word' id='word_1_798' title='bbox 2330 3823 2508 3878; x_wconf 90' lang='lat' dir='ltr'><strong>adhuc</strong></span> <span class='ocrx_word' id='word_1_799' title='bbox 2535 3835 2917 3894; x_wconf 76' lang='lat' dir='ltr'><strong>argumentum</strong></span> <span class='ocrx_word' id='word_1_800' title='bbox 2948 3827 3011 3881; x_wconf 86' lang='lat' dir='ltr'><strong>ad</strong></span> <span class='ocrx_word' id='word_1_801' title='bbox 3041 3828 3242 3882; x_wconf 89' lang='lat' dir='ltr'><strong>hancce</strong></span> <span class='ocrx_word' id='word_1_802' title='bbox 3263 3826 3512 3882; x_wconf 66' lang='lat' dir='ltr'><strong>haaresim</strong></span> <span class='ocrx_word' id='word_1_803' title='bbox 3531 3845 3684 3885; x_wconf 87' lang='lat' dir='ltr'><strong>ever-</strong></span> 
     </span>
    </p>
   </div>
   <div class='ocr_carea' id='block_1_99' title="bbox 2101 3915 3681 3989">
    <p class='ocr_par' dir='ltr' id='par_1_99' title="bbox 2101 3915 3681 3989">
     <span class='ocr_line' id='line_1_99' title="bbox 2101 3915 3681 3989; baseline 0.002 -19"><span class='ocrx_word' id='word_1_804' title='bbox 2101 3915 2318 3970; x_wconf 87' lang='lat' dir='ltr'><strong>tendam</strong></span> <span class='ocrx_word' id='word_1_805' title='bbox 2357 3916 2515 3971; x_wconf 83' lang='lat' dir='ltr'><strong>nohis</strong></span> <span class='ocrx_word' id='word_1_806' title='bbox 2539 3916 2869 3985; x_wconf 84' lang='lat' dir='ltr'><strong>suppeditat,</strong></span> <span class='ocrx_word' id='word_1_807' title='bbox 2898 3928 2956 3972; x_wconf 92' lang='lat' dir='ltr'><strong>ut</strong></span> <span class='ocrx_word' id='word_1_808' title='bbox 2982 3919 3093 3989; x_wconf 90' lang='lat' dir='ltr'><strong>jam</strong></span> <span class='ocrx_word' id='word_1_809' title='bbox 3121 3920 3476 3975; x_wconf 89' lang='lat' dir='ltr'><strong>monuimus:</strong></span> <span class='ocrx_word' id='word_1_810' title='bbox 3512 3939 3530 3971; x_wconf 80' lang='grc' dir='ltr'><strong>ι</strong></span> <span class='ocrx_word' id='word_1_811' title='bbox 3564 3922 3681 3973; x_wconf 70' lang='grc' dir='ltr'>Λιι-</span> 
     </span>
    </p>
   </div>
   <div class='ocr_carea' id='block_1_100' title="bbox 2100 4006 3680 4080">
    <p class='ocr_par' dir='ltr' id='par_1_100' title="bbox 2100 4006 3680 4080">
     <span class='ocr_line' id='line_1_100' title="bbox 2100 4006 3680 4080; baseline 0.003 -19"><span class='ocrx_word' id='word_1_812' title='bbox 2100 4006 2241 4063; x_wconf 56' lang='grc' dir='ltr'>[ιῑρε</span> <span class='ocrx_word' id='word_1_813' title='bbox 2275 4006 2527 4076; x_wconf 88' lang='lat' dir='ltr'><strong>spiritum</strong></span> <span class='ocrx_word' id='word_1_814' title='bbox 2566 4022 2777 4072; x_wconf 90' lang='lat' dir='ltr'><strong>eorum,</strong></span> <span class='ocrx_word' id='word_1_815' title='bbox 2994 4018 3047 4062; x_wconf 85' lang='lat' dir='ltr'><strong>et</strong></span> <span class='ocrx_word' id='word_1_816' title='bbox 3084 4009 3355 4075; x_wconf 85' lang='lat' dir='ltr'><strong>deficient,</strong></span> <span class='ocrx_word' id='word_1_817' title='bbox 3383 4020 3436 4066; x_wconf 91' lang='lat' dir='ltr'><strong>et</strong></span> <span class='ocrx_word' id='word_1_818' title='bbox 3475 4012 3526 4064; x_wconf 82' lang='lat' dir='ltr'><strong>in</strong></span> <span class='ocrx_word' id='word_1_819' title='bbox 3557 4013 3680 4080; x_wconf 86' lang='lat' dir='ltr'><strong>pul-</strong></span> 
     </span>
    </p>
   </div>
   <div class='ocr_carea' id='block_1_101' title="bbox 2099 4100 3682 4172">
    <p class='ocr_par' dir='ltr' id='par_1_101' title="bbox 2099 4100 3682 4172">
     <span class='ocr_line' id='line_1_101' title="bbox 2099 4100 3682 4172; baseline 0.005 -22"><span class='ocrx_word' id='word_1_820' title='bbox 2099 4114 2280 4153; x_wconf 77' lang='lat' dir='ltr'><strong>verem</strong></span> <span class='ocrx_word' id='word_1_821' title='bbox 2308 4114 2468 4154; x_wconf 85' lang='lat' dir='ltr'><strong>suum</strong></span> <span class='ocrx_word' id='word_1_822' title='bbox 2494 4109 2853 4154; x_wconf 83' lang='lat' dir='ltr'><strong>revertentur.</strong></span> <span class='ocrx_word' id='word_1_823' title='bbox 2888 4100 3112 4156; x_wconf 83' lang='lat' dir='ltr'><strong>Emittes</strong></span> <span class='ocrx_word' id='word_1_824' title='bbox 3136 4101 3396 4172; x_wconf 90' lang='lat' dir='ltr'><strong>Spiritum</strong></span> <span class='ocrx_word' id='word_1_825' title='bbox 3420 4113 3593 4168; x_wconf 90' lang='lat' dir='ltr'><strong>tuum,</strong></span> <span class='ocrx_word' id='word_1_826' title='bbox 3627 4113 3682 4158; x_wconf 89' lang='lat' dir='ltr'><strong>et</strong></span> 
     </span>
    </p>
   </div>
   <div class='ocr_carea' id='block_1_102' title="bbox 2098 4181 3681 4254">
    <p class='ocr_par' dir='ltr' id='par_1_102' title="bbox 2098 4181 3681 4254">
     <span class='ocr_line' id='line_1_102' title="bbox 2098 4181 3681 4254; baseline 0.001 -9"><span class='ocrx_word' id='word_1_827' title='bbox 2098 4190 2453 4254; x_wconf 85' lang='lat' dir='ltr'><strong>creabuutur,</strong></span> <span class='ocrx_word' id='word_1_828' title='bbox 2480 4200 2534 4246; x_wconf 88' lang='lat' dir='ltr'><strong>et</strong></span> <span class='ocrx_word' id='word_1_829' title='bbox 2567 4190 2857 4245; x_wconf 87' lang='lat' dir='ltr'><strong>reuovabis</strong></span> <span class='ocrx_word' id='word_1_830' title='bbox 2888 4190 3079 4247; x_wconf 89' lang='lat' dir='ltr'><strong>faciem</strong></span> <span class='ocrx_word' id='word_1_831' title='bbox 3112 4202 3267 4248; x_wconf 62' lang='lat' dir='ltr'><strong>terra:</strong></span> <span class='ocrx_word' id='word_1_832' title='bbox 3316 4197 3357 4247; x_wconf 78' lang='lat'><strong>‘.</strong></span> <span class='ocrx_word' id='word_1_833' title='bbox 3382 4212 3400 4246; x_wconf 73' lang='grc' dir='ltr'>ι</span> <span class='ocrx_word' id='word_1_834' title='bbox 3448 4193 3512 4246; x_wconf 84' lang='lat' dir='ltr'><strong>Et</strong></span> <span class='ocrx_word' id='word_1_835' title='bbox 3543 4181 3681 4247; x_wconf 71' lang='lat' dir='ltr'><strong>Pau-</strong></span> 
     </span>
    </p>
   </div>
   <div class='ocr_carea' id='block_1_103' title="bbox 2098 4281 3682 4355">
    <p class='ocr_par' dir='ltr' id='par_1_103' title="bbox 2098 4281 3682 4355">
     <span class='ocr_line' id='line_1_103' title="bbox 2098 4281 3682 4355; baseline 0.002 -18"><span class='ocrx_word' id='word_1_836' title='bbox 2098 4283 2185 4338; x_wconf 90' lang='lat' dir='ltr'><strong>lus</strong></span> <span class='ocrx_word' id='word_1_837' title='bbox 2211 4283 2324 4338; x_wconf 84' lang='lat' dir='ltr'><strong>haec</strong></span> <span class='ocrx_word' id='word_1_838' title='bbox 2348 4281 2470 4337; x_wconf 90' lang='lat' dir='ltr'><strong>Tito</strong></span> <span class='ocrx_word' id='word_1_839' title='bbox 2504 4282 2691 4338; x_wconf 86' lang='lat' dir='ltr'><strong>scribit</strong></span> <span class='ocrx_word' id='word_1_840' title='bbox 2718 4301 2729 4336; x_wconf 92' lang='lat'><strong>:</strong></span> <span class='ocrx_word' id='word_1_841' title='bbox 2767 4302 2785 4333; x_wconf 76' lang='grc' dir='ltr'>ι</span> <span class='ocrx_word' id='word_1_842' title='bbox 2813 4281 2917 4337; x_wconf 88' lang='lat' dir='ltr'><strong>Per</strong></span> <span class='ocrx_word' id='word_1_843' title='bbox 2943 4283 3222 4338; x_wconf 85' lang='lat' dir='ltr'><strong>lavacrum</strong></span> <span class='ocrx_word' id='word_1_844' title='bbox 3249 4284 3682 4355; x_wconf 77' lang='lat' dir='ltr'><strong>regenerationis</strong></span> 
     </span>
    </p>
   </div>
   <div class='ocr_carea' id='block_1_104' title="bbox 1810 4366 3683 4445">
    <p class='ocr_par' dir='ltr' id='par_1_104' title="bbox 1810 4366 3683 4445">
     <span class='ocr_line' id='line_1_104' title="bbox 1810 4366 3683 4445; baseline 0.002 -16"><span class='ocrx_word' id='word_1_845' title='bbox 1810 4369 1954 4436; x_wconf 76' lang='grc' dir='ltr'>Τίτῳ</span> <span class='ocrx_word' id='word_1_846' title='bbox 1983 4387 1997 4401; x_wconf 85' lang='grc'>⁶</span> <span class='ocrx_word' id='word_1_847' title='bbox 2030 4366 2073 4421; x_wconf 81' lang='grc' dir='ltr'><strong>Ι)</strong></span> <span class='ocrx_word' id='word_1_848' title='bbox 2099 4388 2153 4431; x_wconf 89' lang='lat' dir='ltr'><strong>et</strong></span> <span class='ocrx_word' id='word_1_849' title='bbox 2185 4376 2557 4431; x_wconf 88' lang='lat' dir='ltr'><strong>reuovatiouis</strong></span> <span class='ocrx_word' id='word_1_850' title='bbox 2588 4374 2823 4445; x_wconf 89' lang='lat' dir='ltr'><strong>Spiritus</strong></span> <span class='ocrx_word' id='word_1_851' title='bbox 2852 4376 3050 4442; x_wconf 90' lang='lat' dir='ltr'><strong>sancti,</strong></span> <span class='ocrx_word' id='word_1_852' title='bbox 3086 4392 3247 4444; x_wconf 89' lang='lat' dir='ltr'><strong>quem</strong></span> <span class='ocrx_word' id='word_1_853' title='bbox 3284 4376 3476 4431; x_wconf 76' lang='lat' dir='ltr'><strong>effudit</strong></span> <span class='ocrx_word' id='word_1_854' title='bbox 3499 4377 3551 4430; x_wconf 87' lang='lat' dir='ltr'><strong>in</strong></span> <span class='ocrx_word' id='word_1_855' title='bbox 3581 4391 3683 4432; x_wconf 88' lang='lat' dir='ltr'><strong>nos</strong></span> 
     </span>
    </p>
   </div>
   <div class='ocr_carea' id='block_1_105' title="bbox 2098 4466 3683 4538">
    <p class='ocr_par' dir='ltr' id='par_1_105' title="bbox 2098 4466 3683 4538">
     <span class='ocr_line' id='line_1_105' title="bbox 2098 4466 3683 4538; baseline -0.003 -13"><span class='ocrx_word' id='word_1_856' title='bbox 2098 4468 2313 4525; x_wconf 81' lang='lat' dir='ltr'><strong>abunde</strong></span> <span class='ocrx_word' id='word_1_857' title='bbox 2330 4484 2423 4538; x_wconf 88' lang='lat' dir='ltr'><strong>per</strong></span> <span class='ocrx_word' id='word_1_858' title='bbox 2442 4466 2628 4523; x_wconf 79' lang='lat' dir='ltr'><strong>Jesum</strong></span> <span class='ocrx_word' id='word_1_859' title='bbox 2647 4467 2925 4522; x_wconf 88' lang='lat' dir='ltr'><strong>Christum</strong></span> <span class='ocrx_word' id='word_1_860' title='bbox 2975 4473 3015 4520; x_wconf 92' lang='grc'><strong>⁷.</strong></span> <span class='ocrx_word' id='word_1_861' title='bbox 3043 4488 3062 4520; x_wconf 77' lang='grc' dir='ltr'>ι</span> <span class='ocrx_word' id='word_1_862' title='bbox 3088 4468 3143 4522; x_wconf 91' lang='lat' dir='ltr'><strong>Si</strong></span> <span class='ocrx_word' id='word_1_863' title='bbox 3186 4468 3352 4538; x_wconf 84' lang='lat' dir='ltr'><strong>igitur</strong></span> <span class='ocrx_word' id='word_1_864' title='bbox 3377 4468 3537 4523; x_wconf 89' lang='lat' dir='ltr'><strong>Pater</strong></span> <span class='ocrx_word' id='word_1_865' title='bbox 3563 4484 3683 4521; x_wconf 90' lang='lat' dir='ltr'><strong>om-</strong></span> 
     </span>
    </p>
   </div>
   <div class='ocr_carea' id='block_1_106' title="bbox 2101 4557 3684 4629">
    <p class='ocr_par' dir='ltr' id='par_1_106' title="bbox 2101 4557 3684 4629">
     <span class='ocr_line' id='line_1_106' title="bbox 2101 4557 3684 4629; baseline -0.001 -15"><span class='ocrx_word' id='word_1_866' title='bbox 2101 4561 2188 4615; x_wconf 91' lang='lat' dir='ltr'><strong>nia</strong></span> <span class='ocrx_word' id='word_1_867' title='bbox 2241 4575 2335 4629; x_wconf 89' lang='lat' dir='ltr'><strong>per</strong></span> <span class='ocrx_word' id='word_1_868' title='bbox 2370 4558 2606 4614; x_wconf 84' lang='lat' dir='ltr'><strong>Verbum</strong></span> <span class='ocrx_word' id='word_1_869' title='bbox 2662 4558 2715 4613; x_wconf 93' lang='lat' dir='ltr'><strong>in</strong></span> <span class='ocrx_word' id='word_1_870' title='bbox 2752 4557 2956 4628; x_wconf 91' lang='lat' dir='ltr'><strong>Spiritu</strong></span> <span class='ocrx_word' id='word_1_871' title='bbox 3006 4568 3159 4613; x_wconf 85' lang='lat' dir='ltr'><strong>creat</strong></span> <span class='ocrx_word' id='word_1_872' title='bbox 3187 4570 3242 4614; x_wconf 89' lang='lat' dir='ltr'><strong>et</strong></span> <span class='ocrx_word' id='word_1_873' title='bbox 3262 4570 3486 4614; x_wconf 82' lang='lat' dir='ltr'><strong>renovat</strong></span> <span class='ocrx_word' id='word_1_874' title='bbox 3518 4577 3530 4612; x_wconf 90' lang='lat'><strong>:</strong></span> <span class='ocrx_word' id='word_1_875' title='bbox 3560 4573 3684 4627; x_wconf 68' lang='lat' dir='ltr'><strong>quae</strong></span> 
     </span>
    </p>
   </div>
   <div class='ocr_carea' id='block_1_107' title="bbox 2100 4649 3682 4721">
    <p class='ocr_par' dir='ltr' id='par_1_107' title="bbox 2100 4649 3682 4721">
     <span class='ocr_line' id='line_1_107' title="bbox 2100 4649 3682 4721; baseline -0.003 -14"><span class='ocrx_word' id='word_1_876' title='bbox 2100 4652 2404 4707; x_wconf 83' lang='lat' dir='ltr'><strong>similitudo</strong></span> <span class='ocrx_word' id='word_1_877' title='bbox 2434 4661 2531 4706; x_wconf 91' lang='lat' dir='ltr'><strong>aut</strong></span> <span class='ocrx_word' id='word_1_878' title='bbox 2556 4651 2812 4721; x_wconf 88' lang='lat' dir='ltr'><strong>cognatio</strong></span> <span class='ocrx_word' id='word_1_879' title='bbox 2840 4652 3080 4707; x_wconf 88' lang='lat' dir='ltr'><strong>creantis</strong></span> <span class='ocrx_word' id='word_1_880' title='bbox 3104 4667 3227 4707; x_wconf 90' lang='lat' dir='ltr'><strong>cum</strong></span> <span class='ocrx_word' id='word_1_881' title='bbox 3260 4651 3424 4705; x_wconf 88' lang='lat' dir='ltr'><strong>rebus</strong></span> <span class='ocrx_word' id='word_1_882' title='bbox 3446 4649 3682 4705; x_wconf 85' lang='lat' dir='ltr'><strong>creatis?</strong></span> 
     </span>
    </p>
   </div>
   <div class='ocr_carea' id='block_1_108' title="bbox 2101 4740 3677 4810">
    <p class='ocr_par' dir='ltr' id='par_1_108' title="bbox 2101 4740 3677 4810">
     <span class='ocr_line' id='line_1_108' title="bbox 2101 4740 3677 4810; baseline -0.001 -14"><span class='ocrx_word' id='word_1_883' title='bbox 2101 4740 2195 4796; x_wconf 89' lang='lat' dir='ltr'><strong>Vel</strong></span> <span class='ocrx_word' id='word_1_884' title='bbox 2240 4741 2333 4810; x_wconf 88' lang='lat' dir='ltr'><strong>qui</strong></span> <span class='ocrx_word' id='word_1_885' title='bbox 2368 4741 2592 4795; x_wconf 90' lang='lat' dir='ltr'><strong>omnino</strong></span> <span class='ocrx_word' id='word_1_886' title='bbox 2664 4740 2781 4795; x_wconf 83' lang='lat' dir='ltr'><strong>ﬁeri</strong></span> <span class='ocrx_word' id='word_1_887' title='bbox 2828 4750 2994 4810; x_wconf 90' lang='lat' dir='ltr'><strong>queat</strong></span> <span class='ocrx_word' id='word_1_888' title='bbox 3045 4748 3104 4794; x_wconf 90' lang='lat' dir='ltr'><strong>ut</strong></span> <span class='ocrx_word' id='word_1_889' title='bbox 3145 4742 3234 4796; x_wconf 89' lang='lat' dir='ltr'><strong>ille</strong></span> <span class='ocrx_word' id='word_1_890' title='bbox 3266 4757 3352 4796; x_wconf 81' lang='lat' dir='ltr'><strong>res</strong></span> <span class='ocrx_word' id='word_1_891' title='bbox 3397 4742 3468 4795; x_wconf 85' lang='lat' dir='ltr'><strong>sit</strong></span> <span class='ocrx_word' id='word_1_892' title='bbox 3497 4752 3677 4795; x_wconf 83' lang='lat' dir='ltr'><strong>creata</strong></span> 
     </span>
    </p>
   </div>
   <div class='ocr_carea' id='block_1_109' title="bbox 2100 4833 3681 4904">
    <p class='ocr_par' dir='ltr' id='par_1_109' title="bbox 2100 4833 3681 4904">
     <span class='ocr_line' id='line_1_109' title="bbox 2100 4833 3681 4904; baseline -0.001 -16"><span class='ocrx_word' id='word_1_893' title='bbox 2100 4837 2153 4888; x_wconf 91' lang='lat' dir='ltr'><strong>in</strong></span> <span class='ocrx_word' id='word_1_894' title='bbox 2184 4851 2293 4904; x_wconf 91' lang='lat' dir='ltr'><strong>quo</strong></span> <span class='ocrx_word' id='word_1_895' title='bbox 2326 4835 2512 4889; x_wconf 89' lang='lat' dir='ltr'><strong>omnia</strong></span> <span class='ocrx_word' id='word_1_896' title='bbox 2548 4834 2851 4891; x_wconf 87' lang='lat' dir='ltr'><strong>creantur?</strong></span> <span class='ocrx_word' id='word_1_897' title='bbox 2879 4833 3022 4889; x_wconf 90' lang='lat' dir='ltr'><strong>Sane</strong></span> <span class='ocrx_word' id='word_1_898' title='bbox 3047 4849 3171 4889; x_wconf 88' lang='lat' dir='ltr'><strong>cum</strong></span> <span class='ocrx_word' id='word_1_899' title='bbox 3210 4834 3375 4903; x_wconf 88' lang='lat' dir='ltr'><strong>impia</strong></span> <span class='ocrx_word' id='word_1_900' title='bbox 3404 4834 3507 4888; x_wconf 89' lang='lat' dir='ltr'><strong>hac</strong></span> <span class='ocrx_word' id='word_1_901' title='bbox 3551 4848 3681 4887; x_wconf 86' lang='lat' dir='ltr'><strong>seu-</strong></span> 
     </span>
    </p>
   </div>
   <div class='ocr_carea' id='block_1_110' title="bbox 2100 4923 3680 4995">
    <p class='ocr_par' dir='ltr' id='par_1_110' title="bbox 2100 4923 3680 4995">
     <span class='ocr_line' id='line_1_110' title="bbox 2100 4923 3680 4995; baseline -0.002 -13"><span class='ocrx_word' id='word_1_902' title='bbox 2100 4929 2265 4983; x_wconf 71' lang='lat' dir='ltr'><strong>tCutia</strong></span> <span class='ocrx_word' id='word_1_903' title='bbox 2290 4927 2377 4981; x_wconf 89' lang='lat' dir='ltr'><strong>illa</strong></span> <span class='ocrx_word' id='word_1_904' title='bbox 2408 4927 2643 4981; x_wconf 71' lang='lat' dir='ltr'><strong>collatrct</strong></span> <span class='ocrx_word' id='word_1_905' title='bbox 2682 4941 2805 4995; x_wconf 80' lang='lat' dir='ltr'><strong>qua:</strong></span> <span class='ocrx_word' id='word_1_906' title='bbox 2837 4923 2961 4979; x_wconf 82' lang='lat' dir='ltr'><strong>Filii</strong></span> <span class='ocrx_word' id='word_1_907' title='bbox 2997 4924 3336 4979; x_wconf 82' lang='lat' dir='ltr'><strong>divinitatem</strong></span> <span class='ocrx_word' id='word_1_908' title='bbox 3374 4924 3680 4994; x_wconf 83' lang='lat' dir='ltr'><strong>impugnat,</strong></span> 
     </span>
    </p>
   </div>
   <div class='ocr_carea' id='block_1_111' title="bbox 2099 5014 3678 5086">
    <p class='ocr_par' dir='ltr' id='par_1_111' title="bbox 2099 5014 3678 5086">
     <span class='ocr_line' id='line_1_111' title="bbox 2099 5014 3678 5086; baseline -0.002 -14"><span class='ocrx_word' id='word_1_909' title='bbox 2099 5023 2172 5073; x_wconf 73' lang='lat' dir='ltr'><strong>ita</strong></span> <span class='ocrx_word' id='word_1_910' title='bbox 2210 5017 2381 5086; x_wconf 90' lang='lat' dir='ltr'><strong>utqui</strong></span> <span class='ocrx_word' id='word_1_911' title='bbox 2410 5016 2674 5086; x_wconf 88' lang='lat' dir='ltr'><strong>Spiritum</strong></span> <span class='ocrx_word' id='word_1_912' title='bbox 2708 5032 2821 5070; x_wconf 87' lang='lat' dir='ltr'><strong>rem</strong></span> <span class='ocrx_word' id='word_1_913' title='bbox 2856 5024 3095 5070; x_wconf 82' lang='lat' dir='ltr'><strong>creatam</strong></span> <span class='ocrx_word' id='word_1_914' title='bbox 3124 5029 3246 5070; x_wconf 88' lang='lat' dir='ltr'><strong>esse</strong></span> <span class='ocrx_word' id='word_1_915' title='bbox 3271 5014 3678 5083; x_wconf 82' lang='lat' dir='ltr'><strong>contenderim,</strong></span> 
     </span>
    </p>
   </div>
   <div class='ocr_carea' id='block_1_112' title="bbox 2098 5105 3680 5177">
    <p class='ocr_par' dir='ltr' id='par_1_112' title="bbox 2098 5105 3680 5177">
     <span class='ocr_line' id='line_1_112' title="bbox 2098 5105 3680 5177; baseline 0 -15"><span class='ocrx_word' id='word_1_916' title='bbox 2098 5110 2317 5164; x_wconf 80' lang='lat' dir='ltr'><strong>eosdem</strong></span> <span class='ocrx_word' id='word_1_917' title='bbox 2343 5107 2501 5163; x_wconf 86' lang='lat' dir='ltr'><strong>fateri</strong></span> <span class='ocrx_word' id='word_1_918' title='bbox 2543 5121 2766 5163; x_wconf 89' lang='lat' dir='ltr'><strong>necesse</strong></span> <span class='ocrx_word' id='word_1_919' title='bbox 2795 5108 2867 5161; x_wconf 87' lang='lat' dir='ltr'><strong>sit</strong></span> <span class='ocrx_word' id='word_1_920' title='bbox 2899 5105 3157 5172; x_wconf 87' lang='lat' dir='ltr'><strong>Verbum,</strong></span> <span class='ocrx_word' id='word_1_921' title='bbox 3193 5122 3287 5176; x_wconf 89' lang='lat' dir='ltr'><strong>per</strong></span> <span class='ocrx_word' id='word_1_922' title='bbox 3316 5109 3459 5177; x_wconf 81' lang='lat' dir='ltr'><strong>quod</strong></span> <span class='ocrx_word' id='word_1_923' title='bbox 3496 5109 3680 5163; x_wconf 88' lang='lat' dir='ltr'><strong>omnia</strong></span> 
     </span>
    </p>
   </div>
   <div class='ocr_carea' id='block_1_113' title="bbox 2097 5199 3682 5270">
    <p class='ocr_par' dir='ltr' id='par_1_113' title="bbox 2097 5199 3682 5270">
     <span class='ocr_line' id='line_1_113' title="bbox 2097 5199 3682 5270; baseline -0.001 -13"><span class='ocrx_word' id='word_1_924' title='bbox 2097 5211 2377 5266; x_wconf 85' lang='lat' dir='ltr'><strong>creantur,</strong></span> <span class='ocrx_word' id='word_1_925' title='bbox 2408 5216 2518 5255; x_wconf 89' lang='lat' dir='ltr'><strong>rem</strong></span> <span class='ocrx_word' id='word_1_926' title='bbox 2548 5215 2767 5270; x_wconf 91' lang='lat' dir='ltr'><strong>quoque</strong></span> <span class='ocrx_word' id='word_1_927' title='bbox 2808 5211 3044 5255; x_wconf 85' lang='lat' dir='ltr'><strong>creatam</strong></span> <span class='ocrx_word' id='word_1_928' title='bbox 3082 5216 3224 5256; x_wconf 83' lang='lat' dir='ltr'><strong>esse.</strong></span> <span class='ocrx_word' id='word_1_929' title='bbox 3263 5201 3472 5254; x_wconf 84' lang='lat' dir='ltr'><strong>Addam</strong></span> <span class='ocrx_word' id='word_1_930' title='bbox 3506 5199 3682 5270; x_wconf 86' lang='lat' dir='ltr'><strong>Spiri-</strong></span> 
     </span>
    </p>
   </div>
   <div class='ocr_carea' id='block_1_114' title="bbox 2095 5287 3683 5360">
    <p class='ocr_par' dir='ltr' id='par_1_114' title="bbox 2095 5287 3683 5360">
     <span class='ocr_line' id='line_1_114' title="bbox 2095 5287 3683 5360; baseline 0 -17"><span class='ocrx_word' id='word_1_931' title='bbox 2095 5300 2209 5344; x_wconf 74' lang='lat' dir='ltr'><strong>tum</strong></span> <span class='ocrx_word' id='word_1_932' title='bbox 2250 5289 2540 5360; x_wconf 85' lang='lat' dir='ltr'><strong>imaginem</strong></span> <span class='ocrx_word' id='word_1_933' title='bbox 2568 5287 2688 5342; x_wconf 89' lang='lat' dir='ltr'><strong>Filii</strong></span> <span class='ocrx_word' id='word_1_934' title='bbox 2714 5298 2769 5343; x_wconf 88' lang='lat' dir='ltr'><strong>et</strong></span> <span class='ocrx_word' id='word_1_935' title='bbox 2794 5289 2898 5342; x_wconf 79' lang='lat' dir='ltr'><strong>diei</strong></span> <span class='ocrx_word' id='word_1_936' title='bbox 2916 5298 3121 5345; x_wconf 90' lang='lat' dir='ltr'><strong>etesse.</strong></span> <span class='ocrx_word' id='word_1_937' title='bbox 3152 5288 3310 5355; x_wconf 86' lang='lat' dir='ltr'><strong>Nam,</strong></span> <span class='ocrx_word' id='word_1_938' title='bbox 3333 5309 3351 5340; x_wconf 74' lang='grc' dir='ltr'><strong>ι</strong></span> <span class='ocrx_word' id='word_1_939' title='bbox 3373 5287 3521 5354; x_wconf 81' lang='lat' dir='ltr'><strong>Quos</strong></span> <span class='ocrx_word' id='word_1_940' title='bbox 3544 5305 3683 5359; x_wconf 69' lang='lat' dir='ltr'><strong>pra:-</strong></span> 
     </span>
    </p>
   </div>
   <div class='ocr_carea' id='block_1_115' title="bbox 2095 5382 3680 5453">
    <p class='ocr_par' dir='ltr' id='par_1_115' title="bbox 2095 5382 3680 5453">
     <span class='ocr_line' id='line_1_115' title="bbox 2095 5382 3680 5453; baseline 0 -14"><span class='ocrx_word' id='word_1_941' title='bbox 2095 5385 2255 5439; x_wconf 71' lang='lat' dir='ltr'><strong>seitit</strong></span> <span class='ocrx_word' id='word_1_942' title='bbox 2278 5392 2329 5438; x_wconf 83' lang='lat' dir='ltr'><strong>et</strong></span> <span class='ocrx_word' id='word_1_943' title='bbox 2352 5384 2757 5453; x_wconf 75' lang='lat' dir='ltr'><strong>prtedestinavit</strong></span> <span class='ocrx_word' id='word_1_944' title='bbox 2779 5383 3092 5439; x_wconf 84' lang='lat' dir='ltr'><strong>conformes</strong></span> <span class='ocrx_word' id='word_1_945' title='bbox 3130 5384 3243 5437; x_wconf 79' lang='lat' dir='ltr'><strong>lieri</strong></span> <span class='ocrx_word' id='word_1_946' title='bbox 3273 5383 3527 5449; x_wconf 76' lang='lat' dir='ltr'><strong>imaginis</strong></span> <span class='ocrx_word' id='word_1_947' title='bbox 3557 5382 3680 5439; x_wconf 86' lang='lat' dir='ltr'><strong>Filii</strong></span> 
     </span>
    </p>
   </div>
   <div class='ocr_carea' id='block_1_116' title="bbox 482 5552 2000 5627">
    <p class='ocr_par' dir='ltr' id='par_1_116' title="bbox 482 5556 2000 5627">
     <span class='ocr_line' id='line_1_116' title="bbox 482 5556 2000 5627; baseline -0.002 -10"><span class='ocrx_word' id='word_1_948' title='bbox 482 5566 497 5595; x_wconf 84' lang='grc'>¹</span> <span class='ocrx_word' id='word_1_949' title='bbox 534 5563 574 5619; x_wconf 88' lang='lat' dir='ltr'><strong>ll</strong></span> <span class='ocrx_word' id='word_1_950' title='bbox 597 5562 723 5619; x_wconf 87' lang='lat' dir='ltr'><strong>Cor.</strong></span> <span class='ocrx_word' id='word_1_951' title='bbox 754 5578 811 5625; x_wconf 82' lang='grc' dir='ltr'>ιι,</span> <span class='ocrx_word' id='word_1_952' title='bbox 846 5561 935 5615; x_wconf 78' lang='grc'><strong>15.</strong></span> <span class='ocrx_word' id='word_1_953' title='bbox 998 5560 1017 5590; x_wconf 82' lang='grc'><strong>’</strong></span> <span class='ocrx_word' id='word_1_954' title='bbox 1043 5558 1223 5615; x_wconf 87' lang='lat' dir='ltr'><strong>Galat.</strong></span> <span class='ocrx_word' id='word_1_955' title='bbox 1254 5573 1327 5625; x_wconf 87' lang='lat' dir='ltr'><strong>tv,</strong></span> <span class='ocrx_word' id='word_1_956' title='bbox 1374 5558 1456 5613; x_wconf 84' lang='lat' dir='ltr'><strong>l9.</strong></span> <span class='ocrx_word' id='word_1_957' title='bbox 1506 5560 1526 5591; x_wconf 84' lang='grc'><em>³</em></span> <span class='ocrx_word' id='word_1_958' title='bbox 1560 5556 1599 5613; x_wconf 89' lang='lat' dir='ltr'><strong>Il</strong></span> <span class='ocrx_word' id='word_1_959' title='bbox 1634 5561 1780 5614; x_wconf 82' lang='lat' dir='ltr'><strong>Petr.</strong></span> <span class='ocrx_word' id='word_1_960' title='bbox 1815 5558 1934 5627; x_wconf 70' lang='lat'><strong>1,4.</strong></span> <span class='ocrx_word' id='word_1_961' title='bbox 1995 5558 2000 5584; x_wconf 85' lang='lat'>‘</span> 
     </span>
    </p>
   </div>
   <div class='ocr_carea' id='block_1_117' title="bbox 2098 5552 3684 5627">
    <p class='ocr_par' dir='ltr' id='par_1_117' title="bbox 2098 5552 3684 5626">
     <span class='ocr_line' id='line_1_117' title="bbox 2098 5552 3684 5626; baseline -0.004 -13"><span class='ocrx_word' id='word_1_962' title='bbox 2098 5556 2317 5626; x_wconf 54' lang='lat' dir='ltr'><strong>Cornu,</strong></span> <span class='ocrx_word' id='word_1_963' title='bbox 2364 5555 2449 5621; x_wconf 79' lang='grc'><strong>16,</strong></span> <span class='ocrx_word' id='word_1_964' title='bbox 2480 5554 2562 5611; x_wconf 87' lang='lat' dir='ltr'><strong>l7.</strong></span> <span class='ocrx_word' id='word_1_965' title='bbox 2633 5552 2883 5610; x_wconf 80' lang='lat' dir='ltr'><strong>&#39;lJoan.</strong></span> <span class='ocrx_word' id='word_1_966' title='bbox 2915 5568 2989 5621; x_wconf 84' lang='lat' dir='ltr'><strong>tv,</strong></span> <span class='ocrx_word' id='word_1_967' title='bbox 3048 5553 3133 5609; x_wconf 79' lang='lat' dir='ltr'><strong>l5.</strong></span> <span class='ocrx_word' id='word_1_968' title='bbox 3217 5555 3237 5585; x_wconf 86' lang='grc'>⁶</span> <span class='ocrx_word' id='word_1_969' title='bbox 3277 5553 3422 5610; x_wconf 81' lang='lat' dir='ltr'><strong>Psal.</strong></span> <span class='ocrx_word' id='word_1_970' title='bbox 3455 5552 3684 5619; x_wconf 81' lang='lat' dir='ltr'><strong>cu,29,</strong></span> 
     </span>
    </p>
   </div>
   <div class='ocr_carea' id='block_1_118' title="bbox 406 5632 921 5697">
    <p class='ocr_par' dir='ltr' id='par_1_118' title="bbox 406 5632 921 5697">
     <span class='ocr_line' id='line_1_118' title="bbox 406 5632 921 5697; baseline -0.008 -7"><span class='ocrx_word' id='word_1_971' title='bbox 406 5632 499 5690; x_wconf 74' lang='lat'><strong>30.</strong></span> <span class='ocrx_word' id='word_1_972' title='bbox 568 5651 581 5667; x_wconf 84' lang='lat'><strong><em>&#39;</em></strong></span> <span class='ocrx_word' id='word_1_973' title='bbox 621 5632 729 5689; x_wconf 86' lang='lat' dir='ltr'><strong>Tit.</strong></span> <span class='ocrx_word' id='word_1_974' title='bbox 765 5650 844 5697; x_wconf 82' lang='grc' dir='ltr'>ιιι,</span> <span class='ocrx_word' id='word_1_975' title='bbox 870 5632 921 5687; x_wconf 83' lang='lat'><strong>5.</strong></span> 
     </span>
    </p>
   </div>
   <div class='ocr_carea' id='block_1_119' title="bbox 734 5728 1476 5793">
    <p class='ocr_par' dir='ltr' id='par_1_119' title="bbox 734 5728 1476 5793">
     <span class='ocr_line' id='line_1_119' title="bbox 734 5728 1476 5793; baseline -0.007 -1"><span class='ocrx_word' id='word_1_976' title='bbox 734 5733 1005 5793; x_wconf 71' lang='lat' dir='ltr'><strong>PATuOL.</strong></span> <span class='ocrx_word' id='word_1_977' title='bbox 1049 5731 1169 5792; x_wconf 74' lang='lat' dir='ltr'><strong>Gtt.</strong></span> <span class='ocrx_word' id='word_1_978' title='bbox 1212 5728 1476 5790; x_wconf 74' lang='lat' dir='ltr'><strong>CXXX.</strong></span> 
     </span>
    </p>
   </div>
   <div class='ocr_carea' id='block_1_120' title="bbox 3238 5722 3317 5781">
    <p class='ocr_par' dir='ltr' id='par_1_120' title="bbox 3238 5722 3317 5781">
     <span class='ocr_line' id='line_1_120' title="bbox 3238 5722 3317 5781; baseline -0.013 0"><span class='ocrx_word' id='word_1_979' title='bbox 3238 5722 3317 5781; x_wconf 72' lang='lat'><strong>23</strong></span> 
     </span>
    </p>
   </div>
  </div>
