4030 6222
430 225 536 292 'ii'l

437 366 489 416 ei
529 382 549 415 ι
578 364 757 428 οὐδεὶς
783 360 891 418 οἶδε
926 365 994 418 τὰ
1026 366 1118 421 τοῦ
1162 366 1296 422 Θεοῦ
1329 404 1345 430 ,

429 543 582 601 εἶπεν
597 549 625 600 ὁ
650 549 924 614 Ἰάκωϐος,
947 570 963 601 ι
985 552 1356 625 παραλλαγὴῆ
1377 556 1582 627 τροπῆς
1607 556 1921 627 ἁποσκίασμ
1934 573 1978 611 ι’
1995 577 2012 607 ι

426 640 489 691 ἐν
524 637 603 709 τῷ
629 639 749 710 Θεῷ
774 640 835 694 ὃν
865 641 927 694 τὸ
986 642 1210 714 Πνεῦμα
1261 644 1321 697 τὸ
1361 647 1539 714 ἅγιον,
1577 647 1804 710 εἰκότως
1830 648 1896 700 ἂν
1931 649 2015 719 εἴη

425 732 694 803 ἄτρεπτον
718 733 813 786 καὶ
840 731 1256 804 ἀπαράλλακτον
1278 736 1371 789 καὶ
1392 736 1685 808 ἄρθαρτον.
1725 738 1794 789 Ἦ
1823 736 1880 789 δὲ
1904 736 2013 789 τῶν

423 822 669 894 γενητῶν
702 824 803 902 καὶ.
815 824 923 877 τῶν
947 827 1177 881 κτιστῶν
1228 827 1386 896 φύσις
1417 830 1532 883 ἐστὶ
1559 829 1788 902 τρεπτὴ,
1819 831 1915 884 ἅτε
1946 830 2011 902 δὴ

422 914 625 981 ἔξωθεν
730 954 753 966 ς
795 900 929 969 ’δῦσα
958 919 1056 989 τῆς
1080 919 1173 971 τοῦ
1197 918 1333 973 Θεοῦ
1360 920 1566 986 οὐσίας,
1598 900 1697 975 καὶ
1724 900 1787 985 ἐξ
1810 922 1916 975 οὐκ
1932 900 2015 974 ὅνέ

421 1022 532 1058 των
563 1006 863 1059 ῦποστᾶσασ
899 1026 918 1058 ι
947 1010 1056 1072 πᾶς
1084 1028 1104 1061 ι
1142 1009 1240 1079 μὲν
1268 1011 1379 1083 γὰρ
1418 1030 1436 1063 ι
1468 1012 1771 1084 ἄνθρωπος,
1799 1030 1820 1066 ι
1853 1013 2009 1082 φησι,

427 1112 445 1143 ι
476 1092 769 1164 "(suamng
802 1097 934 1160 Καὶ,
1000 1116 1019 1148 ι
1069 1100 1270 1165 πάντες
1300 1102 1565 1173 ἥμαρτον,
1589 1104 1685 1157 καὶ
1712 1106 2008 1179 ὑστεροῦν-

420 1201 511 1236 ται
544 1184 644 1254 τῆς
667 1183 827 1256 δόξης
857 1186 953 1239 τοῦ
984 1187 1143 1243 Θεοῦ.
1190 1191 1482 1260 Ἀγγέλους
1515 1194 1573 1246 δὲ
1775 1199 1903 1261 τοὺς
1933 1199 2007 1270 μὴ

417 1276 765 1347 τηρήσαντας
798 1277 896 1348 τὴν
923 1280 1132 1335 ἑαυτῶν
1189 1283 1384 1355 ἀρχὴν,
1418 1284 1530 1338 ἀλλ’
1559 1288 1921 1354 ἀπολιπόντας
1950 1291 2010 1344 τὸ

418 1367 554 1419 ἴδιον
582 1369 922 1449 οἰκητήριον,
956 1372 1036 1435 είς
1063 1373 1244 1443 κρίσιν
1273 1375 1516 1446 μεγάλης
1542 1377 1754 1449 ἡμέρας
1790 1380 2009 1452 δεσμοῖς

417 1457 614 1522 ἀϊδίοις
639 1459 745 1514 ὑπὸ
770 1458 933 1529 ζόφον
960 1463 1283 1535 τετήρηκεν.
1320 1485 1338 1517 ι
1380 1467 1469 1519 Ἐν
1502 1467 1559 1520 δὲ
1583 1468 1661 1539 τῷ
1700 1469 1839 1523 ’ἰώϐο
1882 1491 1899 1521 ι
1938 1473 2005 1526 El

412 1547 562 1601 κατὰ
589 1547 760 1617 ἁγίων
775 1549 1022 1618 ἀγγέλων
1194 1553 1359 1607 αὑτοῦ
1384 1556 1443 1607 οὐ
1465 1556 1731 1623 πιστεύει,
1765 1560 1908 1614 κατά
1947 1561 2005 1615 δὲ

414 1636 669 1745 ἀγῖέλιιιν
726 1639 893 1693 αὑτοῦ
941 1641 1153 1743 σκολιόν
1194 1661 1246 1696 τι
1299 1645 1607 1717 ἐπενόησεν·
1645 1647 1820 1720 ἄστρα
1852 1651 1909 1704 δὲ
1939 1652 2002 1704 οὐ
2026 1692 2063 1745 Β

415 1726 638 1799 καθαρά
663 1728 892 1783 ἐνώπιον
918 1729 1105 1784 αὐτοῦ’
1135 1751 1154 1785 ι
1179 1734 1209 1786 ὁ
1248 1732 1303 1786 δὲ
1334 1734 1547 1800 Παῦλος
1581 1739 1804 1809 γράφει·
1843 1759 1861 1790 ι
1887 1742 2004 1794 Οὐκ

412 1816 616 1881 οἴδατε,
644 1818 732 1893 ὅτι
762 1820 1026 1889 ἀγγέλους
1082 1822 1396 1895 κρινοῦμεν,
1434 1827 1629 1897 μήτιγε
1678 1828 1944 1898 βιωτικάς
1977 1850 1996 1883 ι

394 1967 399 1972 ,
428 1908 588 1961 Ἀλλὰ
608 1909 725 1981 γὰρ
758 1912 851 1965 καὶ
873 1911 1207 1985 ἠκούσαμεν,
1230 1916 1365 1972 ὃτιό
1386 1916 1634 1983 διάϐολος
1668 1959 1685 1985 ,
1807 1923 1868 1975 ἐν
1898 1923 1995 1993 μέ-

416 2016 495 2069 σῳ
524 2000 631 2053 τῶν
659 2001 925 2073 χερουὸὶμ
959 2002 1055 2070 ὣν,
1086 2007 1179 2061 καὶ
1218 2007 1650 2081 ἀτωσυφράγισμα
1680 2012 1998 2082 ὁμοιώσεως

411 2094 727 2163 γενόμενος,
764 2095 1020 2178 ἐξέπεσεν
1069 2098 1135 2152 ἐκ
1189 2098 1283 2152 τοῦ
1313 2101 1543 2171 οὐρανοῦ
1584 2101 1661 2166 ὡς
1712 2105 1994 2175 ἀστραπή.

413 2186 476 2265 Ei
506 2185 564 2240 δὲ
593 2185 662 2240 τά
698 2187 795 2258 μὲν
826 2188 1100 2259 κτίσματα
1126 2191 1381 2262 τοιαύτην
1405 2192 1518 2265 ἔχει
1550 2194 1710 2263 φύσιν
1744 2231 1763 2257 .
1904 2198 1999 2252 καὶ

409 2276 722 2348 γέγραπται
748 2279 875 2348 περὶ
931 2279 1178 2349 ἀγγέλων
1201 2282 1445 2339 τοιαῦτα·
1485 2284 1546 2338 τὸ
1573 2284 1630 2338 δὲ
1687 2284 1912 2357 Πνεῦμα
1938 2286 1998 2339 τὸ

411 2368 546 2422 αὑτό
572 2370 696 2423 ἐστι
739 2370 834 2424 καὶ
856 2370 1231 2436 ἀναλλοίωτον,
1268 2374 1363 2427 καὶ
1387 2375 1486 2445 τῆς
1536 2374 1634 2428 τοῦ
1674 2375 1807 2431 Υίοῦ
1835 2377 1995 2447 ἀτρε-

408 2458 538 2528 ψίας
596 2460 736 2524 ἐστὶ,
799 2461 955 2532 μένον
1000 2462 1088 2515 ἀεὶ
1154 2464 1251 2517 σὺν
1309 2464 1458 2535 αὐτῷ
1519 2465 1806 2536 ἄτρεπτονο
1865 2467 1994 2521 ποία

407 2550 663 2620 ὁμοιότης
680 2550 765 2621 τῷ
786 2551 1043 2623 ἀτρέπτῳ
1061 2553 1197 2623 πρὸς
1224 2554 1294 2607 τὰ
1320 2555 1664 2626 τρεπόμενας
1686 2558 1858 2628 Δῆλον
1885 2556 1994 2630 γάρ

1408 240 1780 303 PANOPLIA
1822 241 2279 307 DOGllA'l‘ICA.
2307 267 2379 279 —
2402 244 2548 308 TlT.
2591 244 2733 310 XII.

3573 252 3676 315 718

1489 372 1535 424 εἰ
1568 371 1643 441 μὴ
1685 370 1748 424 ea
1795 371 1992 442 Πνεῦμι

2074 372 2360 443 teognovit
2384 386 2504 441 quae
2530 380 2659 427 sunt
2686 371 2802 437 Dei,
2832 374 2935 428 nisi
2973 371 3207 445 Spiritus
3244 377 3362 444 Dei,
3390 380 3482 451 qui
3503 392 3585 437 est
3624 384 3673 436 in

429 455 525 509 τοῦ
557 456 694 510 Θεοῦ
718 458 779 510 τὸ
809 460 866 511 ὲν
897 458 1098 529 αὐτῷ’»
1137 462 1237 514 οὐκ
1266 462 1463 537 ἔστιδὲ
1488 461 1638 534 παρὰ
1662 462 1742 533 τῷ
1767 463 1910 533 Θεῷ,
1944 463 2020 527 ὡς

2104 462 2223 530 ipso
2262 466 2281 496 ι
2310 476 2324 526 ;
2356 478 2374 511 ι
2412 476 2522 515 non
2561 470 2644 515 est
2680 469 2860 515 autem
2892 464 3033 531 apud
3067 465 3232 519 Deum
3255 505 3269 529 ,
3302 476 3362 521 ut
3390 468 3549 525 docet
3578 469 3670 524 Ja—
3737 458 3753 541 ,ί

2100 553 2291 613 cobus.
2326 570 2344 603 ι
2378 550 2759 609 transmutatio
2800 566 2899 607 nec
2937 553 3328 612 vicissitudinis
3375 559 3667 616 obumbra-
3732 586 3735 587 ν

2100 644 2174 697 tio
2211 643 2267 696 ἐ
2297 661 2316 693 ι
2351 643 2472 712 jure
2503 657 2566 696 ac
2595 644 2787 698 merito
2814 644 3050 713 Spiritus
3075 655 3320 713 sanctus,
3350 650 3442 718 qui
3476 651 3528 704 in
3560 650 3667 707 Deo

2090 743 2197 795 est.
2224 732 2580 789 immutabilis
2599 743 2658 789 et
2682 735 3032 805 incorruptus
3060 740 3355 810 omnisque
3394 742 3668 798 vicissitu-

2094 823 2238 879 dinis
2262 838 2458 895 expers
2479 840 2604 881 esse
2625 827 2929 883 censendus
2956 837 3058 883 est.
3082 828 3151 883 At
3180 847 3362 886 rerum
3396 833 3662 889 factarum

2091 925 2147 970 et
2178 926 2484 971 creatarum
2526 926 2720 972 natura
2763 919 3039 975 mutabilis
3081 930 3191 988 est,
3218 931 3406 992 utpote
3446 940 3567 994 quae
3594 928 3665 979 sit

2090 1015 2243 1060 extra
2275 1005 2369 1061 Dei
2391 1006 2775 1066 substantiam.
2804 1016 2861 1062 et
2887 1024 2917 1063 e
2940 1010 3113 1063 nihilo
3150 1012 3436 1069 exstiterit.
3481 1013 3663 1082 Siqui-

2089 1097 2211 1153 dem
2248 1116 2271 1150 ι
2309 1101 2487 1153 omnis
2521 1098 2706 1165 homo,
2736 1100 2935 1169 inquit,
2967 1103 3196 1156 mendax
3257 1103 3293 1157 ⁸.
3322 1123 3340 1155 ι
3377 1103 3460 1168 Et,
3493 1123 3511 1157 ι
3544 1122 3662 1160 om-

2088 1202 2186 1242 nes
2206 1198 2571 1256 peccaverunt
2591 1198 2648 1243 et
2670 1200 2828 1259 egent
2854 1191 3023 1259 gloria
3048 1190 3141 1244 Dei
3197 1189 3236 1245 ⁵.
3266 1192 3501 1263 Angelos
3536 1213 3661 1248 vero

2087 1280 2181 1350 qui
2206 1294 2316 1335 non
2342 1292 2695 1334 servaverunt
2727 1296 2886 1335 suum
2923 1282 3308 1351 principatum,
3337 1286 3430 1339 sed
3460 1280 3658 1339 dereli-

2086 1376 2322 1438 querunt
2353 1383 2511 1423 suum
2544 1369 2903 1434 domicilium,
2932 1371 2988 1423 in
3020 1372 3286 1439 judicium
3324 1374 3656 1443 magnidici.

2085 1458 2316 1515 vinculis
2339 1459 2557 1517 aeternis
2590 1459 2697 1513 sub
2716 1460 2945 1528 caligine
2972 1463 3269 1516 reservavit
3315 1462 3357 1518 ⁵.
3377 1484 3395 1514 ι
3426 1463 3490 1518 Ει
3516 1468 3658 1533 ιιρυιι

2080 1548 2184 1604 Job
2218 1570 2230 1603 :
2272 1567 2292 1600 ‹
2321 1547 2380 1603 Si
2407 1550 2609 1605 sanctis
2636 1550 2841 1618 angelis
2870 1552 2986 1605 suis
3020 1567 3128 1606 non
3162 1552 3309 1617 fidit,
3338 1556 3431 1608 sed
3464 1565 3656 1611 contra

2080 1641 2303 1709 angelos
2335 1656 2560 1710 pravum
2591 1642 2721 1710 quid
2755 1644 3015 1713 cogitavit
3076 1646 3126 1705 ⁶;
3160 1645 3333 1700 stellae
3377 1662 3504 1700 vero
3546 1663 3654 1702 non

2078 1741 2208 1788 sunt
2246 1732 2465 1789 mundae
2512 1732 2565 1786 in
2613 1744 2906 1803 conspectu
2934 1734 3054 1803 ejus
3079 1735 3099 1765 ⁷
3128 1774 3145 1787 .
3179 1754 3198 1787 ι
3234 1735 3435 1795 Paulus
3468 1752 3647 1793 autem

2072 1821 2270 1878 scribit
2304 1840 2317 1876 :
2364 1840 2385 1873 ι
2417 1820 2650 1881 Nescitis
2691 1825 2952 1893 quoniam
2996 1825 3215 1893 angelos
3245 1826 3651 1895 judicabimus?

2076 1921 2279 1984 quanto
2308 1913 2483 1984 magis
2514 1916 2793 1971 saecularia
2827 1913 2848 1945 ⁸
2872 1916 2894 1970 i
2922 1935 2940 1967 ι
2975 1915 3115 1982 Quin
3149 1918 3314 1975 etiam
3340 1920 3649 1977 audivimus

2068 2003 2373 2070 diabolum,
2403 2004 2496 2073 qui
2530 2004 2582 2057 in
2616 2004 2795 2063 medio
2827 2004 3106 2060 cherubim
3143 2007 3345 2073 stabat,
3369 2015 3426 2062 et
3461 2009 3645 2078 signa-

2070 2093 2257 2149 culum
2280 2093 2657 2150 similitudinis
2679 2104 2816 2159 erat,
2846 2110 2876 2149 e
2912 2097 3052 2150 coelo
3085 2097 3240 2166 quasi
3289 2095 3472 2166 fulgur
3505 2098 3648 2154 ceci-

2074 2182 2223 2239 disse
2263 2180 2306 2238 ".
2334 2182 2395 2237 Si
2426 2198 2589 2254 porro
2612 2198 2674 2238 ea
2702 2193 2784 2239 est
2810 2199 2990 2239 rerum
3023 2195 3328 2240 crcatarum
3353 2194 3564 2248 natura,
3591 2196 3646 2241 et

2076 2272 2189 2327 haec
2213 2272 2280 2328 de
2304 2272 2511 2347 angelis
2534 2273 2732 2342 scripta
2761 2283 2925 2341 sunt;
2954 2275 2999 2329 si
3018 2283 3208 2333 contra
3230 2275 3467 2345 Spiritus
3500 2278 3640 2337 idem

2072 2373 2284 2429 semper
2311 2368 2365 2414 et
2396 2359 2573 2416 omnis
2600 2361 2913 2419 mutationis
2952 2378 3142 2431 expers
3183 2373 3285 2431 est,
3318 2366 3408 2435 qui
3433 2375 3487 2420 et
3520 2364 3642 2420 Filii

2071 2451 2530 2513 immutabiliutis
2560 2453 2851 2522 particeps,
2885 2469 3007 2509 cum
3046 2457 3163 2524 ipso
3190 2472 3404 2527 semper
3441 2459 3643 2514 immu~

2071 2540 2250 2595 labilis
2267 2550 2446 2597 manet
2470 2559 2483 2595 :
2510 2557 2782 2611 quaenam,
2807 2544 3019 2607 amabo,
3048 2544 3348 2599 similitudo
3386 2546 3642 2603 immuta-

412 2640 603 2713 ἀνείη,
628 2642 711 2705 ὡς
740 2640 865 2695 οὔτε
890 2642 1095 2713 κτίσμα
1120 2644 1288 2709 ἐστὶν,
1323 2644 1600 2711 οῦτεόλως
1625 2648 1725 2718 τῆς
1757 2648 1866 2704 τῶν
1895 2628 1992 2716 ἀγέ

2074 2628 2192 2688 bilis
2220 2645 2343 2684 cum
2368 2631 2751 2689 mutabilibus?
2785 2630 2922 2688 Hine
2974 2634 3117 2689 enim
3153 2636 3501 2705 perspicuum
3532 2647 3637 2705 est,

411 2731 582 2801 γιλων
614 2732 802 2796 οὐσίας
830 2732 966 2797 ἐστὶ,
1007 2733 1096 2786 διὰ
1146 2733 1207 2788 τδ
1235 2736 1477 2802 ἐκείνους
1532 2734 1671 2794 εἶναι
1703 2739 1988 2810 τρεπτούςο

2069 2736 2244 2793 neque
2272 2737 2386 2775 rem
2413 2730 2647 2777 creatam
2681 2737 2822 2782 esse.
2859 2739 3034 2794 neque
3060 2724 3127 2779 ad
3171 2727 3485 2796 angelorum
3507 2769 3521 2789 ,
3556 2737 3639 2780 ut-

408 2823 521 2877 ἀλλ’
548 2821 713 2880 diu)»
739 2822 835 2877 τοῦ
871 2823 1067 2893 Λόγου,
1104 2825 1199 2877 καὶ
1247 2824 1341 2880 τοῦ
1403 2830 1616 2899 Πατρδς
1670 2830 1798 2885 ἴδιόν
1844 2832 1986 2886 ἐστι.

2074 2820 2192 2879 pote
2209 2812 2301 2881 qui
2324 2811 2612 2866 mutabiles
2638 2813 2768 2876 sint,
2790 2821 3037 2867 naturam
3056 2816 3345 2883 pertinere,
3364 2817 3457 2872 sed
3478 2815 3638 2872 Verbi

410 2914 574 2968 Πάλιν
614 2916 758 2980 τ’ιῇ
789 2916 885 2987 μὲν
910 2917 1139 2989 Πνεῦμα
1166 2919 1374 2993 Κυρίου
1407 2920 1736 2992 πεπλήρωκε
1770 2921 1869 2992 τὴν
1905 2923 1988 2976 ciu

2067 2902 2357 2974 imaginem
2385 2913 2439 2959 et
2458 2903 2631 2959 Patris
2654 2904 2927 2973 proprium
2955 2919 3095 2959 esse.
3114 2904 3378 2961 Praeterea
3403 2904 3639 2977 Spiritus

409 3007 696 3077 κουμένην.
746 3006 904 3064 οὕτω
959 3008 1068 3080 γὰρ
1112 3010 1209 3063 καὶ
1254 2991 1295 3063 ’ὁ
1339 3011 1502 3065 Δαϐὶδ
1545 2991 1758 3081 ψάλλειο
1823 2991 1983 3067 ιΠοῦ

2074 2991 2281 3049 Domini
2327 2992 2639 3048 universum
2685 2994 2872 3046 orbem
2912 2992 3152 3061 replevit.
3186 2992 3260 3046 Ita
3290 2996 3433 3048 enim
3471 2992 3635 3047 David

415 3095 664 3166 πορευθῶ
685 3097 797 3151 ἀπὸ
821 3096 915 3154 τοῦ
946 3098 1262 3171 Πνεῦματός
1296 3116 1425 3165 σου;
1457 3119 1475 3151 ι
1510 3101 1620 3154 Καὶ
1651 3102 1810 3156 πάλιν
1831 3104 1888 3156 ὲν
1919 3106 1985 3175 τῇ

2074 3085 2263 3141 cecinit
2290 3104 2303 3140 :
2338 3104 2357 3137 ι
2385 3085 2506 3151 Quo
2539 3084 2629 3140 ibo
2651 3100 2681 3138 a
2707 3082 2914 3153 Spiritu
2938 3094 3036 3139 .tuo
3064 3082 3137 3137 ὀἳ
3173 3103 3192 3137 ι
3230 3083 3300 3141 Ει
3325 3086 3376 3138 in
3411 3085 3640 3167 Sapien-

410 3185 579 3257 Σοφίᾳ
602 3186 925 3259 γέγραπταιο
984 3208 1007 3243 ι
1044 3189 1118 3244 Τὸ
1157 3189 1267 3263 γὰρ
1315 3190 1590 3263 ἄφθαρτόν
1625 3207 1720 3245 σου
1761 3173 1989 3264 Πνεῦμά

2074 3177 2140 3232 tia
2165 3177 2425 3247 scriptum
2452 3185 2537 3232 est
2565 3194 2578 3230 :
2612 3193 2631 3226 ι
2669 3175 2822 3230 Tuus
2850 3174 2996 3229 enim
3030 3173 3379 3244 incorruptus
3407 3174 3646 3247 Spiritus

409 3278 555 3330 ἐστιν
578 3277 645 3330 -ὲν
678 3279 864 3331 πᾶσι.»
897 3278 977 3333 Τά
1006 3280 1067 3334 δὲ
1090 3280 1293 3351 γενητὰ
1315 3281 1490 3335 πάντα
1527 3284 1585 3335 ὲν
1648 3283 1985 3356 μεμερισμέ-

407 3385 516 3431 νοις
550 3368 738 3432 τόποις
770 3371 926 3434 εἰσὶν,
958 3371 1109 3442 ἥλιος
1135 3372 1257 3443 μὲν,
1303 3372 1397 3427 καὶ
1439 3371 1657 3444 σελήνη,
1703 3374 1797 3427 καὶ
1827 3374 1984 3428 ἀστέ-

406 3475 498 3528 ρες
527 3462 587 3513 ὲν
607 3458 684 3530 τῷ
716 3460 1074 3533 στερεώματι,
1129 3462 1349 3533 νεφέλαι
1407 3464 1463 3518 δὲ
1496 3464 1554 3518 ὲν
1604 3463 1684 3535 τῷ
1709 3465 1854 3537 ἀέρισ
1885 3465 1981 3520 καὶ

401 3553 512 3615 τοῖς
536 3550 845 3622 ἀνθρώποις
884 3552 1110 3624 ἔστησεν
1142 3555 1267 3625 ὅρια
1321 3554 1510 3609 ἐθνῶν·
1545 3555 1600 3609 οῖ
1643 3571 1703 3608 τε
1758 3554 1980 3624 ἄγγελοι

400 3642 817 3697 ἀποστέλλονται
849 3645 929 3708 είς
948 3644 1244 3708 διακονίας·
1281 3663 1300 3696 ι
1348 3645 1460 3699 Καὶ
1486 3640 1648 3717 ἦλθον
1675 3647 1724 3699 οἱ
1756 3644 1979 3713 ἄγγελοι

401 3734 741 3805 παραστῆναι
771 3733 998 3788 ἐνώπιον
1022 3733 1114 3788 τοῦ
1143 3734 1399 3807 Κυρίου,ι
1429 3734 1505 3797 ὡς
1533 3736 1592 3789 ὲν
1621 3732 1699 3805 τῷ
1739 3732 1857 3786 Ἰὼϐ
1888 3733 1979 3801 γέο

398 3841 659 3896 γραπται·
684 3826 798 3890 καὶ,
830 3844 854 3878 ι
886 3824 1212 3896 ὲνυπνιάσθη
1238 3825 1297 3878 δὲ
1326 3823 1521 3879 Ἰακὼϐ
1553 3826 1582 3877 ὁ
1608 3823 1971 3895 πατριάρχης

398 3918 523 3981 καὶ,
587 3917 696 3971 ἰδοὺ
730 3916 931 3986 κλίμαξ
969 3905 1338 3988 ὲστηριγμένη
1385 3916 1443 3967 ὲν
1490 3916 1556 3984 τῇ
1585 3916 1677 3984 γῇ,
1720 3908 1787 3984 ἧς
1817 3915 1850 3983 ἠ
1882 3931 1974 3967 κε-

2074 3902 2205 3957 tcala
2226 3902 2415 3956 innixa
2441 3902 2494 3955 in
2523 3909 2687 3968 terra,
2712 3901 2868 3971 cujus
2885 3916 3143 3955 cacumen

396 4007 538 4078 φαλὴ
562 4008 842 4076 ἀφικνεῖτο
865 4008 944 4071 εἰς
975 4007 1066 4059 τὸν
1089 4006 1340 4077 οὐρανὸν,
1397 4007 1489 4059 καὶ
1534 4008 1582 4058 oi
1623 4005 1845 4074 ἄγγελοι
1876 4005 1971 4059 τοῦ

393 4098 526 4152 Θεοῦ
564 4097 850 4153 ἀνέὅαινον
889 4097 984 4152 καὶ
1016 4098 1332 4152 κατέϐαινον
1362 4099 1447 4150 ἐπ’
1468 4096 1655 4166 αὐτῆς.
1695 4116 1713 4149 ι
1746 4097 1809 4150 Εἰ
1832 4096 1890 4150 δὲ
1911 4096 1972 4151 τὸ

2064 3278 2148 3325 est
2180 3270 2233 3322 in
2264 3267 2518 3325 omnibus
2547 3265 2610 3322 ¹¹.
2639 3285 2658 3318 ι
2690 3265 2853 3336 Atqui
2883 3267 3151 3322 universae
3182 3283 3270 3322 res
3303 3266 3455 3322 factae
3483 3268 3535 3320 in
3564 3267 3646 3321 di-

2063 3360 2198 3417 visis
2229 3360 2362 3415 locis
2390 3357 2677 3424 exsistunt,
2709 3359 2855 3414 verbi
2881 3359 3076 3430 gratia.
3104 3360 3206 3426 sol,
3236 3360 3362 3414 luna
3388 3370 3442 3414 et
3471 3368 3641 3424 astra,

2064 3450 2120 3505 in
2151 3448 2515 3514 firmamento,
2548 3462 2602 3506 et
2624 3451 2795 3506 nubes
2825 3450 2880 3504 in
2908 3466 3053 3506 aere.
3086 3450 3145 3505 ln
3171 3453 3484 3507 hominibus
3500 3470 3642 3524 quo-

2062 3558 2170 3613 que
2198 3543 2480 3607 nationum
2514 3542 2774 3597 terminos
2807 3542 3093 3597 constituit
3129 3538 3187 3596 ".
3220 3542 3409 3612 Angeli
3446 3544 3641 3597 simili-

2065 3642 2145 3689 ter
2188 3634 2245 3687 in
2288 3632 2594 3688 ministeria
2642 3632 2968 3687 mittuntur:
3006 3651 3024 3683 ι
3063 3631 3129 3685 Ει
3166 3643 3432 3688 venerunt
3460 3637 3639 3706 angeli

2063 3722 2158 3777 Dei
2186 3731 2245 3776 ut
2271 3721 2591 3777 assisterent
2617 3737 2798 3776 roram
2834 3722 3088 3786 Domino,
3116 3742 3132 3772 ι
3166 3723 3244 3775 ιιιί
3280 3724 3332 3776 in
3365 3723 3467 3779 Job
3500 3726 3635 3796 legi-

2062 3826 2184 3866 mus
2209 3807 2272 3864 ¹³.
2306 3810 2393 3876 Ει,
2433 3829 2451 3860 ι
2484 3811 2777 3865 somniavit
2823 3809 2992 3866 Jacob
3034 3810 3367 3880 patriarcha.
3414 3812 3480 3865 Et
3509 3830 3632 3870 ecce

3351 3902 3416 3956 ad
3438 3902 3634 3958 cmlum

2063 3994 2443 4067 perveniebat:
2472 4002 2525 4050 et
2546 3993 2719 4065 angeli
2756 3991 2849 4047 Dei
2879 3992 3241 4046 ascendebant
3262 3982 3316 4047 et
3338 3994 3635 4050 descende-

2062 4088 2193 4141 bant
2227 4100 2322 4155 per
2345 4085 2519 4153 ipsam
2542 4081 2601 4138 “.
2628 4103 2648 4136 ι
2684 4082 2737 4138 Si
2774 4084 2935 4155 igitur
2969 4082 3204 4153 Spiritus
3221 4085 3403 4138 omnia
3423 4085 3631 4156 implet,

397 4188 494 4257 μὲν
520 4185 746 4256 Πνεῦμα
772 4186 947 4240 πάντα
971 4184 1186 4257 πληροῖ,
1205 4186 1298 4237 καὶ
1329 4186 1387 4237 ὲν
1415 4182 1493 4254 τῷ
1520 4182 1681 4253 Λόγῳ
1708 4182 1970 4253 πάρεστιν

2074 4186 2111 4231 ξι
2141 4176 2196 4230 in
2218 4174 2397 4231 Verbo
2425 4190 2663 4244 praesens
2699 4185 2781 4230 est
2806 4176 2859 4228 in
2890 4173 3072 4228 medio
3109 4173 3389 4243 omnium;
3419 4178 3462 4231 si
3498 4194 3632 4233 con-

392 4280 447 4332 ὲν
478 4279 631 4343 μέσῳ
680 4277 900 4330 πάντων
967 4311 982 4335 .
1118 4280 1172 4331 οἱ
1230 4274 1287 4327 δὲ
1346 4274 1565 4343 ἄγγελοι
1620 4270 1967 4327 ἐλαττοῦνται

2058 4277 2140 4322 tra
2184 4267 2357 4335 angeli
2402 4267 2504 4321 hac
2547 4267 2602 4322 in
2645 4284 2703 4323 re
2743 4268 2815 4321 illi
2842 4268 3061 4332 cedunt,
3098 4276 3262 4334 atque
3290 4268 3400 4325 illic
3422 4279 3631 4327 tantum

389 4353 578 4424 τούτῳ,
615 4356 713 4409 καὶ
742 4354 873 4411 ἔνθα
923 4357 1364 4426 ἀποστέλλονται,
1392 4361 1489 4412 καὶ
1535 4359 1791 4432 πάρεισιν
1817 4376 1833 4392 °
1868 4363 1992 4418 οὐκί

2074 4352 2255 4407 tdsunt
2286 4367 2395 4421 quo
2427 4352 2720 4408 mittuntur
2747 4356 3008 4437 {dubium
3033 4358 3222 4429 utique
3250 4374 3358 4415 non
3388 4366 3645 4433 est,qnin

387 4446 683 4516 ἀμφίϐολον
729 4442 845 4512 οῦν,
876 4447 957 4501 ὅτι
1002 4446 1127 4501 οὗτε
1176 4449 1287 4504 τῶν
1338 4452 1602 4523 γενητῶν,
1655 4452 1780 4507 οὕτε
1826 4456 1964 4519 ὅλως

2074 4444 2293 4514 Spiritus
2335 4460 2437 4500 nec
2468 4460 2557 4501 res
2598 4444 2740 4501 facta
2791 4462 2895 4502 nec
2926 4450 3156 4522 angelus
3186 4452 3280 4519 sit,
3310 4454 3388 4509 uti
3420 4465 3635 4510 conten-

386 4538 617 4606 ἄγγελός
665 4542 839 4605 ἐστιν,
867 4540 943 4604 ὡς
994 4532 1154 4608 ὑμεῖς
1204 4540 1413 4611 λέγετε,
1449 4543 1510 4598 τὸ
1560 4544 1808 4615 Πνεῦμα,
1848 4546 1965 4600 ἀλλ’

385 4629 492 4681 ἀνω
518 4627 623 4698 τῆς
648 4629 759 4683 τῶν
797 4630 1046 4700 ἀγγέλων
1080 4633 1297 4701 φύσεώς
1336 4635 1503 4692 ἐστιν.
1754 4690 1757 4693 .

456 4720 628 4774 Πάλιν
677 4722 783 4793 γὰρ
808 4723 904 4776 καὶ
950 4724 1015 4776 ὲκ
1048 4724 1255 4778 τούτων
1302 4726 1368 4781 ἄν
1403 4746 1486 4793 τις
1520 4729 1620 4784 ἴδοι
1653 4732 1714 4785 τὺ
1740 4732 1970 4802 Πνεῦμα

385 4809 444 4861 τὸ
470 4810 652 4879 ἅγιον,
685 4812 760 4876 ὼς
793 4814 1058 4884 μεθεκτόν
1090 4818 1208 4870 ἐστι
1239 4820 1335 4872 καὶ
1366 4820 1429 4872 οὐ
1464 4823 1692 4894 μετέχον
1716 4826 1804 4895 (τά
1835 4825 1975 4880 αῦτά

386 4902 494 4969 γὰρ
520 4901 709 4970 λέγειν
730 4905 833 4956 οὐκ
863 4903 1172 4976 ὀκνητέον).
1208 4926 1227 4960 ι
1280 4909 1565 4965 Ἀδύνατον
1592 4913 1721 4984 γὰρ,
1757 4934 1777 4965 ›
1812 4916 1972 4988 φησι,

393 5008 411 5043 ι
438 4995 564 5057 τοὺς
585 4994 734 5060 inae
754 4996 1538 5072 φωτισθέντας,γευσαμένους
1561 5021 1619 5058 τε
1642 5007 1739 5076 τῆς
1763 5008 1973 5079 δωρεᾶς

387 5083 485 5149 τῆς
508 5088 855 5156 ἐπουρανίου,
882 5089 977 5143 καὶ
1002 5091 1263 5161 μετόχους
1298 5094 1611 5166 Πνεῦματος
1635 5099 1791 5167 ἀγίου
1813 5116 1973 5168 γενο-

393 5183 610 5245 μένους,
639 5179 732 5231 καὶ
771 5180 935 5236 καλὸν
963 5186 1341 5254 γευσαμένους
1370 5186 1504 5240 Θεοῦ
1537 5189 1710 5261 ῥῆμα,
1741 5211 1760 5243 ι
1789 5193 1881 5246 καὶ
1907 5193 1974 5248 τὰ

395 5269 546 5340 ἑξῆς.
577 5272 642 5324 οι
665 5270 720 5325 δὲ
745 5272 993 5342 ἄγγελοι,
1010 5277 1105 5330 καὶ
1125 5278 1193 5332 τὰ
1214 5277 1351 5333 ἄλλα
1373 5281 1648 5352 κτίσματα
1677 5285 1808 5354 μετέ
1813 5286 1976 5355 Λοντά

395 5363 543 5417 ἔστιν
566 5364 730 5418 αὐτοῦ
760 5366 855 5420 τοῦ
870 5368 1195 5440 ιΠνεύματος
1211 5386 1225 5401 ⁸
1260 5370 1347 5426 διὰ
1369 5372 1527 5428 τοῦτο
1548 5376 1656 5447 γὰρ
1676 5379 1849 5431 ταῦτα
1876 5379 1975 5449 μὲν

467 5522 483 5551 ¹
521 5517 695 5574 lCor.
753 5533 811 5581 ιι,
874 5518 962 5575 Η.
1048 5523 1069 5552 ²
1124 5518 1240 5575 Jac.
1286 5534 1324 5584 ι,
1371 5519 1461 5573 17.

394 5604 520 5654 xxv,
546 5590 601 5644 5.
651 5589 675 5620 ⁸
709 5588 724 5640 I
756 5590 882 5643 Cor.
913 5606 984 5653 νι,
1011 5592 1065 5646 3.
1141 5592 1162 5621 '
1188 5591 1382 5644 Ezech.
1420 5593 1727 5655 xxvut,12.

401 5674 438 5723 t,
486 5664 540 5715 ti.
620 5659 662 5691 ’⁸
692 5658 888 5714 Cenes.
923 5676 1106 5726 xxvut,
1152 5660 1238 5714 ιε.
1320 5658 1552 5714 "Hebr.
1585 5663 1731 5725 vni.

1556 5520 1575 5551 ³
1607 5519 1751 5597 Psal.
1778 5537 1913 5597 civ,
1944 5523 2032 5597 li.
2107 5532 2127 5563 ι
2170 5532 2325 5585 noun.
2365 5546 2445 5597 ιιι,
2492 5529 2585 5584 25.
2665 5531 2687 5563 '
2720 5528 2843 5585 Jud.
2879 5533 2933 5588 6.

2058 4538 2188 4592 dere
2216 4538 2452 4616 audetis,
2483 4540 2579 4595 sed
2631 4540 2947 4609 angelorum
2983 4553 3174 4598 natura
3204 4548 3456 4616 superior
3498 4559 3643 4603 certe

2055 4612 2364 4685 censendus
2391 4641 2496 4686 εει.

2137 4719 2428 4781 Enimvero
2477 4739 2672 4781 rursus
2727 4741 2791 4781 ex
2845 4726 2930 4782 his
2965 4743 3088 4797 quae
3116 4728 3444 4797 subjieimus
3489 4730 3639 4783 Scli-

2068 4826 2240 4884 plura:
2271 4816 2449 4873 verbis
2475 4818 2700 4875 evidens
2735 4819 2898 4876 luerit
2924 4819 3185 4891 Spiritum
3225 4832 3473 4876 sanctum
3505 4823 3641 4878 alios

2068 4911 2151 4963 sui
2199 4910 2492 4982 participes
2521 4910 2727 4976 facere,
2760 4928 2868 4969 non
2903 4928 3033 4969 vero
3067 4914 3380 4984 participem
3408 4915 3636 4970 aliorum

2068 5000 2181 5055 ﬁeri
2210 5008 2357 5074 (nam
2377 5003 2565 5061 eadem
2590 5014 2831 5075 repetere
2853 5021 2921 5063 ne
2959 5007 3031 5063 sit
3070 5006 3400 5076 molestum).
3417 5004 3637 5077 Nempe,

2071 5108 2089 5143 ι
2111 5092 2451 5163 Intpossibile
2480 5106 2562 5151 est
2587 5097 2731 5152 enim
2753 5112 2850 5153 eos
2877 5099 2968 5168 qui
2991 5099 3158 5153 semel
3177 5107 3305 5154 sunt
3327 5099 3638 5162 illuminati,

2068 5197 2430 5255 gustaverunt
2454 5188 2614 5243 etiam
2639 5190 2844 5247 donum
2871 5191 3092 5248 (mleste
3116 5202 3170 5249 et
3197 5192 3487 5265 participes
3512 5190 3639 5246 facti

2067 5277 2451 5348 suntSpiritus
2474 5282 2674 5346 sancti,
2693 5291 3160 5354 gustaveruntque
3183 5284 3385 5339 bonum
3409 5283 3499 5339 Dei
3524 5301 3641 5339 ver-

2067 5366 2266 5433 bum“,
2281 5372 2850 5442 ietczetera.Atangeli
2869 5386 2920 5428 et
2938 5381 3146 5428 caeteras
3165 5388 3250 5427 res
3266 5380 3459 5428 creata:
3474 5374 3641 5444 ipsius

3029 5531 3051 5562 ⁸
3074 5532 3177 5589 10b
3205 5549 3277 5597 ιν,
3323 5534 3406 5591 I8.
3487 5535 3506 5567 ⁷
3541 5534 3642 5590 Jnlt

1809 5593 1851 5623 '°
1882 5592 1992 5648 i’sal

2074 5618 2305 5669 :xuvtit,
2337 5603 2390 5655 7.
2432 5592 2501 5632 ’⁸⁸
2537 5600 2666 5671 Sap.
2701 5617 2797 5670 xu,
2832 5602 2880 5656 1.
2942 5602 2984 5632 ¹¹
3006 5604 3129 5666 Act.
3168 5592 3297 5672 xui,
3328 5605 3416 5661 26.
3473 5604 3514 5636 ⁸³
3540 5606 3642 5659 Jun
