4030 6222
427 231 552 294 ’ἮΩ

1657 225 2040 289 EUTllYMll
2081 225 2443 286 ZIGABENI

3589 227 3698 292 720

449 341 687 409 Spiritus
723 340 856 397 liunt
888 341 1202 412 participes.
1258 340 1381 395 llaec
1428 338 1570 392 enim
1607 338 1725 407 ipsa
1754 348 1840 392 est
1878 338 2011 391 ratio

2123 339 2412 393 ἐκπίπτειν
2454 335 2513 389 οὗ
2559 335 2819 407 μετέσχον
2863 335 3122 391 δύναται*
3157 303 3216 390 τὸ
3265 338 3320 392 δὲ
3358 338 3579 411 Πνεῦμα
3606 343 3693 397 ἀεὶ

449 451 545 487 rur
573 435 642 488 ab
671 450 735 490 eo
771 435 927 503 cujus
961 449 1090 490 sunt
1138 431 1430 502 participes
1483 431 1698 498 possint
1735 431 2007 484 excidere.

450 526 688 594 Spiritus
716 543 843 582 vero
875 528 1012 581 idem
1053 525 1289 594 profecto
1323 536 1540 591 semper
1573 530 1676 577 est.

979 617 1062 669 Ea:
1098 616 1277 668 eadem
1304 624 1352 668 et
1377 615 1494 668 hoc.

525 710 740 772 Euam,
775 711 981 776 inqttit,
1017 710 1195 760 docete
1236 723 1412 762 omnes
1446 717 1646 776 gentes,
1689 707 2018 776 baptismate:

449 820 534 856 eos
572 803 623 853 in
649 802 857 853 nomine
891 800 1090 858 lintris,
1141 810 1189 853 et
1236 799 1387 861 Filii,
1441 810 1490 854 et
1538 799 1777 868 Spiritus
1820 801 2013 854 sancti.

448 890 689 956 Apostoli
721 899 898 943 autem
933 890 1157 958 profecti
1211 890 1289 945 sic
1343 891 1665 946 docuerunt.
1711 890 1777 944 Et
1815 891 1926 944 haec
1966 892 2018 944 in

447 999 662 1038 onmem
699 996 919 1051 terram,
945 1001 1062 1055 quae
1112 986 1213 1040 sub
1241 987 1380 1041 coelo
1410 996 1514 1050 est,
1564 987 1901 1054 promulgata
1939 995 2020 1040 est

451 1076 782 1144 pnedicatio,
813 1077 1000 1146 Itaque
1032 1092 1155 1132 Cum
1187 1077 1305 1132 ﬁdei
1340 1079 1752 1132 fundamentum
1795 1079 1892 1132 hoc
1925 1077 2019 1132 Ita-

452 1169 569 1219 beat
602 1168 863 1233 Ecclesia,
889 1167 1073 1220 dicunt
1121 1169 1276 1223 nobis
1319 1184 1533 1222 rursum
1579 1170 1703 1234 isti,
1739 1180 1901 1237 atque
1937 1184 2020 1222 re-

449 1261 770 1330 spondeant,
805 1261 968 1314 Estne
1009 1259 1270 1325 Trinitas,
1296 1276 1360 1315 an
1391 1261 1658 1314 duaiitas?
1686 1263 1728 1316 si
1761 1261 2019 1325 dualitas,

449 1369 569 1406 eum
602 1355 762 1407 rebus
792 1352 1093 1422 procreatis
1143 1354 1366 1422 spiritus
1399 1370 1427 1406 a
1475 1355 1625 1408 vobis
1680 1364 2015 1408 numeretur.

451 1447 546 1499 Sin
579 1445 816 1500 Trinitas
843 1457 948 1510 est,
977 1457 1033 1500 ttt
1067 1462 1196 1501 vere
1224 1458 1306 1502 est
1333 1488 1346 1511 ,
1382 1458 1656 1502 ostensum
1700 1460 1878 1502 autem
1914 1454 2013 1511 cst,

450 1539 591 1591 hanc
635 1554 739 1592 non
789 1553 909 1592 esse
942 1540 1294 1601 distractam,
1328 1555 1503 1607 ltt-qtlc
1533 1539 1852 1593 dissimilem
1875 1578 1890 1603 ,
1928 1553 2023 1593 nc-

431 1643 602 1682 cesse
635 1640 738 1693 est,
785 1644 945 1682 unam
984 1629 1139 1698 ltnjus
1181 1645 1304 1683 esse
1347 1631 1690 1684 sanctitatem
1716 1668 1732 1695 ,
1768 1640 1821 1682 et
1855 1644 2017 1682 unam

2123 430 2185 485 τὸ
2213 430 2345 484 αὑτό
2377 431 2537 484 ἑστιν.

2485 611 2588 666 Ἐκ
2629 610 2743 680 τῆς
2775 610 2966 678 αὐτῆς
3005 614 3102 666 καὶ
3143 613 3337 667 τοῦτο.

2199 703 2615 773 Πορευθέντες,
2679 705 2834 774 φησι,
2899 707 3321 772 μαθητεύσατε
3363 707 3564 763 πάντα
3626 712 3698 764 τὰ

2125 798 2294 865 ἔθνη,
2313 797 2706 862 ,βαπτίζοντες
2737 797 2962 863 αὐτοὺς.
2987 799 3074 861 είς
3107 816 3172 862 τί)
3203 799 3392 866 ὄνομα
3442 799 3548 852 τοῦ
3583 806 3699 853 Ila-

2126 905 2283 958 τρεῖς,
2321 890 2417 943 καί
2474 885 2582 943 τοῦ
2631 889 2793 953 Υίοῦ,
2833 891 2928 942 καὶ
2960 889 3066 944 τοῦ
3091 891 3266 956 ἁγίου
3325 892 3694 958 Πνεύματος.

2127 987 2185 1038 0i
2218 984 2272 1036 δὲ
2307 983 2596 1037 ἀπόστολοι
2651 984 3011 1052 πορευθέντες
3058 982 3234 1040 οὕτως
3293 985 3565 1050 ἐδίδαξαν,
3604 987 3703 1038 καὶ

2125 1075 2281 1128 τοῦτό
2319 1077 2467 1128 ἑστιν
2494 1079 2570 1138 sl,-
2602 1077 2784 1128 πᾶσαν
2811 1076 2907 1145 τὴν
2929 1074 3022 1128 ὑπ’
3055 1075 3286 1144 οὐρανὸν
3316 1077 3374 1127 τὸ
3408 1077 3696 1146 κήρυγμα.

2126 1169 2336 1222 Οὐκοῦν
2360 1169 2548 1221 τοῦτον
2579 1170 2810 1239 ἐχούσης
2835 1169 2934 1238 τῆς
2969 1167 3297 1238 Ἐκκλησίας
3329 1169 3421 1223 τὸν
3446 1170 3701 1238 θεμέλιον

2124 1261 2222 1332 τῆς
2275 1261 2534 1324 πίστεως,
2579 1263 2888 1315 εἰπάτωσαν
2938 1263 3100 1314 πάλιν
3141 1264 3273 1330 ἡμῖν
3328 1263 3554 1326 ἐκεῖνοι,
3603 1266 3701 1314 καὶ

2125 1353 2637 1424 ἀποκρινάσθωσαν,
2673 1355 2841 1425 Τριάς
2869 1357 3038 1420 ἐστιν,
3086 1354 3118 1424 ἣ
3149 1355 3320 1422 δυάσς
3357 1355 3417 1408 El
3471 1356 3572 1425 μὲν
3603 1352 3701 1409 οὖν

2125 1448 2254 1508 δυάς
2288 1451 2423 1510 ἐστι,
2456 1447 2898 1518 συναριθμείσοω
2939 1447 3064 1517 παρ’
3099 1447 3254 1517 ὑμῶν
3283 1450 3393 1511 τοῖς
3428 1449 3700 1516 κτίσμασι

2126 1538 2187 1590 τὸ
2221 1537 2465 1608 Πνεῦμα.
2503 1539 2564 1591 El
2602 1538 2657 1590 δὲ
2687 1538 2856 1606 Τριὰς
2894 1541 3060 1603 ἐστιν,
3092 1538 3280 1610 ὥσπερ
3307 1535 3401 1592 οὖν
3435 1544 3528 1592 καὶ
3557 1541 3696 1602 ἑστι,

2126 1631 2402 1683 δέδεικται
2459 1630 2516 1684 δὲ
2557 1632 2862 1702 ἀδιαίρετος
2916 1629 3074 1697 οὖσα,
3136 1633 3229 1686 καὶ
3258 1633 3359 1686 οὐκ
3417 1633 3698 1701 ἀνόμοιος,

457 1719 616 1785 hujus
677 1719 1077 1782 mternitatem,
1164 1719 1665 1788 immutabilemque
1743 1728 2011 1774 naturam.

2123 1721 2338 1792 ἀνάγκη
2372 1721 2500 1790 μίαν
2536 1717 2680 1774 εἶναι
2724 1722 2932 1793 ταύτης
2968 1724 3067 1788 τὴν
3095 1725 3385 1793 ἁγιότητα.
3423 1724 3519 1775 καὶ
3563 1724 3698 1792 μίαν

439 1811 915 1873 Quemadmodum
971 1811 1118 1864 enim
1187 1812 1336 1873 lides,
1401 1826 1522 1878 qua:
1575 1812 1625 1864 itt
1684 1811 1852 1879 ipsam
1910 1821 2020 1864 tra-

431 1900 615 1964 'ditnr,
677 1902 783 1955 Deo
837 1901 1132 1970 conjungit.
1189 1901 1290 1966 Qui
1339 1917 1465 1956 vero
1505 1902 1776 1956 subtrahit
1818 1901 2020 1970 aliquid

448 2008 479 2047 ο
523 1992 810 2060 'l‘riuitate,
871 2003 922 2048 et
977 1993 1066 2063 qui
1122 1994 1172 2046 in
1231 1995 1347 2048 solo
1403 1995 1572 2062 patris
1625 1994 1866 2057 nomine,
1928 2001 2021 2045 aut

449 2087 502 2138 itt
547 2085 662 2140 solo
721 2085 819 2140 ﬁlii
878 2087 1119 2150 nomine,
1169 2097 1260 2140 aut
1314 2087 1364 2140 in
1427 2088 1619 2156 patris,
1680 2098 1731 2140 et
1791 2085 1883 2164 lilii
1926 2100 2020 2138 no-

435 2179 636 2243 ‘llline,
704 2189 913 2236 remoto
976 2180 1164 2248 spiritu
1227 2182 1552 2250 baptizatur,
1617 2181 1748 2234 nihil
1798 2179 2015 2248 accipit,

446 2272 540 2324 sed
603 2272 779 2326 inanis
837 2282 893 2326 et
961 2271 1318 2342 imperfectus
1375 2281 1486 2326 tum
1561 2274 1696 2342 ipse,
1753 2281 1864 2327 tum
1924 2274 2019 2342 qui

442 2367 658 2420 videtur
721 2366 975 2430 tradere,
1033 2374 1356 2432 permanet,
1408 2365 1679 2434 siquidem
1726 2367 1780 2420 in
1838 2363 2021 2419 Trini-

451 2464 559 2510 tate
611 2454 873 2524 perfectio
921 2468 1022 2522 est,
1060 2456 1134 2510 ita
1185 2457 1275 2524 qui
1314 2455 1505 2510 Filium
1543 2471 1572 2510 a
1627 2455 1786 2512 Patre
1839 2471 2020 2527 segre-

447 2559 578 2618 gat,
633 2558 726 2602 aut
770 2549 1019 2618 spiritum
1071 2548 1302 2602 collocat
1350 2549 1492 2602 inter
1541 2563 1630 2603 res
1681 2558 2016 2616 procreatas,

447 2657 493 2696 ts
526 2656 624 2696 nec
655 2641 843 2706 tilium,
873 2657 969 2696 nec
1008 2651 1215 2710 patrem
1256 2640 1439 2702 habet,
1477 2643 1570 2695 sed
1599 2641 1797 2710 impius
1821 2651 1922 2705 est,
1965 2651 2020 2694 et

450 2733 648 2787 inlideli
682 2733 936 2798 deter'tor,
974 2741 1028 2786 et
1061 2733 1277 2800 quidvis
1306 2733 1488 2801 potius
1514 2772 1529 2796 ,
1561 2745 1720 2800 quam
1756 2731 2018 2786 Christia-

448 2840 584 2887 nus,
629 2832 683 2878 et
732 2824 857 2892 jure
901 2823 954 2876 in
1015 2825 1253 2892 quidem.
1309 2822 1465 2876 Sicut
1517 2825 1662 2878 enim
1721 2838 1884 2877 unum
1935 2833 2020 2876 cst

447 2917 710 2984 baptisma
747 2919 798 2970 in
829 2918 1018 2984 Patre,
1054 2925 1108 2971 et
1148 2915 1305 2982 Filio,
1340 2927 1393 2970 et
1425 2917 1626 2985 Spiritu
1660 2926 1880 2996 sancto”
1902 2926 2016 2968 tta-

2124 1815 2328 1886 ταύτης
2355 1815 2452 1884 τὴν
2481 1815 2783 1884 ἁῖδιότητα,
2809 1816 2905 1867 καὶ
2934 1814 3032 1885 τὴν
3077 1815 3175 1884 τῆς
3208 1814 3477 1885 ἁτρεψίας
3507 1815 3695 1884 φύσιν.

2127 1907 2340 1979 Ὥσπερ
2369 1909 2532 1978 γὰρὴ
2569 1908 2652 1972 τίς
2681 1906 2849 1976 αὐτὴν
2898 1908 3308 1978 παραδιδομένη
3351 1908 3535 1970 πίστις
3568 1924 3698 1959 συν-

2124 2001 2284 2051 άπτει
2315 1999 2454 2070 Θεῷ,
2488 2001 2516 2051 ὁ
2545 1999 2602 2052 δὲ
2654 1998 3055 2069 ὑφαιρούμενός
3089 2017 3139 2052 τι
3177 1999 3276 2068 τῆς
3312 1998 3562 2068 Τριάδος,
3601 1998 3700 2050 καὶ

2125 2093 2181 2142 ἐν
2221 2090 2369 2159 μόνῳ
2415 2089 2493 2160 τῷ
2535 2088 2629 2142 τοῦ
2667 2090 2878 2160 Πατρδς
2921 2090 3150 2156 ὀνόματι
3203 2088 3625 2159 βαπτιζόμενος,
3658 2087 3695 2155 ἦ

2124 2184 2181 2235 ὲν
2219 2183 2366 2254 μόνῳ
2404 2185 2481 2254 τῷ
2515 2183 2739 2254 ὀνόματι
2788 2183 2878 2235 τοῦ
2918 2184 3071 2247 Tia-3,
3121 2184 3152 2252 ἢ
3189 2184 3359 2252 χωρὶς
3390 2181 3485 2234 τοῦ
3519 2181 3697 2234 Ilvati-

2126 2292 2297 2345 ματος
2323 2279 2382 2329 ἑν
2431 2276 2631 2346 Πατρὶ,
2694 2275 2789 2328 καὶ
2835 2275 2973 2344 Υἱῷ,
3014 2275 3169 2328 οὐδὲν
3226 2274 3516 2344 λαμϐάνει,
3555 2275 3697 2326 ἀλλὰ

2125 2369 2299 2433 κενὸς,
2338 2369 2432 2422 καὶ
2473 2369 2668 2439 ἀτελὴς
2721 2368 2884 2430 αὐτός
2917 2386 2998 2432 τε,
3054 2368 3148 2421 καὶ
3183 2368 3212 2419 δ
3256 2365 3432 2420 δοκῶν
3487 2366 3698 2420 διδόναι

2120 2459 2389 2530 διαμένει.
2443 2462 2530 2514 Ἐν
2555 2463 2619 2531 τῇ
2669 2461 2860 2531 Τριάδι
2897 2460 3004 2529 γὰρ
3033 2457 3347 2530 ὴτελείωσίς
3381 2459 3530 2510 ἐστιν
3552 2473 3566 2486 ·
3596 2455 3695 2508 οῦ-

2119 2569 2230 2616 τως
2287 2555 2316 2605 ὁ
2372 2551 2596 2622 διαιρῶν
2656 2554 2747 2605 τὶν
2799 2551 2924 2604 Υίδν
2971 2551 3078 2605 ἀπὸ
3111 2549 3204 2603 τοῦ
3253 2548 3493 2620 Πατρδς,
3552 2551 3586 2617 ἢ
3632 2551 3698 2601 τὸ

2123 2641 2347 2710 Πνεῦμα
2380 2643 2636 2709 κατάγων
2669 2642 2749 2705 εἰς
2803 2643 2870 2694 τὰ
2923 2643 3218 2711 κτίσμλτα.
3253 2639 3378 2692 οὔτε
3437 2641 3529 2694 τιν
3564 2639 3695 2691 Υἱὸν

2119 2733 2256 2803 ἔχει,
2291 2733 2415 2787 οὔτε
2444 2734 2536 2786 τὸν
2569 2734 2808 2802 Πατέρα,
2865 2735 2979 2786 ἀλλ’
3011 2736 3155 2786 ἐστιν
3189 2733 3368 2796 ἄθεος,
3424 2732 3518 2785 καὶ
3561 2732 3699 2783 ἀπί-

2121 2840 2248 2876 στου
2277 2827 2492 2893 χεξρων,
2523 2829 2616 2878 καὶ
2665 2825 2841 2878 πάντα
2871 2824 3095 2894 μᾶλλον,
3127 2824 3160 2892 ἢ
3208 2825 3563 2894 Χρικτιανδς,
3597 2824 3697 2875 καὶ

2117 2917 2341 2978 δικαίως
2374 2934 2456 2971 τε.
2497 2917 2766 2988 Καθάπερ
2795 2917 2904 2988 γὰρ
2951 2919 3010 2970 ἓν
3048 2919 3167 2969 ἐστι
3220 2915 3279 2967 τὸ
3314 2915 3600 2986 βάπτισμα
3633 2918 3696 2966 ἂν

447 3007 639 3074 dirum,
693 3020 748 3062 et
782 3023 886 3062 una
917 3008 1049 3063 iich
1073 3020 1156 3063 est
1194 3010 1246 3062 in
1287 3011 1456 3078 ipsam
1493 3011 1750 3066 nimirum
1775 3012 2011 3065 'l‘rinita-

2124 3011 2299 3080 Πατρὶ
2334 3013 2427 3064 καὶ
2468 3011 2578 3080 Υίῷ
2612 3012 2702 3063 καὶ
2741 3010 3021 3079 Πνεύματι
3082 3010 3223 3077 ἁγίῳ
3259 3011 3560 3078 διδόμενον,
3597 3012 3695 3062 καὶ

452 3112 579 3161 tem,
611 3108 667 3152 ut
706 3105 782 3152 ait
815 3098 1249 3168 Apostolus',sio
1282 3113 1467 3156 sancta
1503 3103 1744 3159 Trinitas
1769 3120 1890 3174 qua:
1925 3121 2016 3160 ea-

439 3193 556 3247 dem
579 3189 636 3245 in
661 3190 842 3259 seipsa
874 3200 976 3254 est,
993 3198 1044 3242 et
1069 3206 1254 3245 secum
1283 3191 1400 3261 ipsa
1429 3194 1718 3260 conjuncta
1749 3203 1851 3255 est,
1875 3193 2010 3246 nihil

440 3283 492 3334 in
523 3295 581 3334 sc
609 3295 789 3333 rerum
819 3280 1083 3333 factarum
1115 3280 1306 3344 habet;
1349 3282 1568 3349 hreeque
1587 3280 1870 3336 Trinitatis
1891 3284 2011 3336 uni-

437 3381 520 3424 tas
555 3369 830 3424 individua
855 3371 1260 3438 est,unaquein
1293 3371 1537 3425 eamdem
1560 3371 1691 3425 fides
1719 3380 1820 3426 est.
1854 3371 2009 3438 Quod

435 3464 482 3516 si
524 3462 598 3515 uti
631 3477 747 3526 vos,
776 3460 1015 3530 Trepici,
1059 3463 1352 3516 commenti
1386 3463 1538 3524 estis,
1578 3478 1681 3517 non
1731 3463 1802 3516 ita
1831 3478 1888 3518 sc
1922 3477 2009 3517 res

437 3551 616 3612 habet,
636 3551 750 3612 sed,
780 3559 838 3604 ut
859 3552 1196 3616 somniastis,
1221 3552 1457 3622 Spiritus
1475 3563 1698 3609 sanctus
1728 3571 1814 3610 res
1830 3564 2008 3609 creata

435 3659 464 3696 a
489 3643 644 3699 vobis
683 3643 883 3698 dicitur
915 3645 1066 3713 :jam
1100 3659 1206 3697 non
1247 3661 1351 3699 una
1379 3655 1461 3700 est
1503 3647 1634 3701 tidcs
1669 3657 1866 3708 vestra,
1901 3661 2006 3700 non

435 3751 602 3790 unum
644 3737 933 3805 baptisma,
964 3737 1055 3790 sed
1092 3738 1236 3791 duo:
1271 3755 1437 3792 unttm
1475 3739 1680 3794 scilicet
1713 3740 1764 3792 in
1795 3738 2006 3794 Patrem

432 3837 485 3882 et
515 3825 738 3884 Filium.
772 3827 918 3882 aliud
951 3828 1003 3880 in
1037 3830 1288 3899 angelum
1324 3829 1417 3900 qui
1455 3846 1541 3884 res
1565 3840 1742 3884 creata
1777 3841 1893 3893 est;
1925 3832 2006 3883 ni-

435 3919 620 3988 hilque
643 3919 755 3988 jam
797 3921 951 3975 vobis
990 3922 1242 3985 ﬁrmum,
1273 3922 1405 3976 nihil
1435 3938 1619 3974 verum
1654 3921 2004 3990 superfuerit.

431 4011 564 4078 Quae
605 4013 748 4065 enim
798 4013 1111 4066 communio
1153 4013 1292 4066 inter
1323 4028 1433 4066 rem
1477 4011 1674 4066 factam
1703 4023 1755 4065 et
1785 4011 1901 4079 ejus
1931 4012 2009 4067 ef-

430 4103 724 4158 fectorem?
772 4102 866 4156 Vel
929 4120 1050 4171 qua:
1103 4104 1332 4158 societas
1391 4105 1532 4157 inter
1582 4119 1667 4157 res
1720 4103 2007 4157 inferiores

428 4204 641 4247 creatas
671 4206 723 4247 ct
757 4193 990 4248 Verbum
1025 4210 1053 4248 a
1089 4211 1198 4264 quo
1222 4195 1494 4264 producta:
1518 4195 1679 4248 sunt?
1710 4195 1867 4250 Certe
1886 4196 2008 4249 bea-

433 4295 518 4338 tus
554 4284 779 4351 Paulus,
815 4286 907 4354 qui
944 4285 1044 4339 ista
1081 4285 1304 4339 minime
1331 4287 1635 4354 ignorabat,
1663 4301 1770 4338 non
1804 4296 1862 4338 ttt
1890 4300 2006 4351 vos,

2131 3104 2228 3172 μία
2263 3104 2444 3166 πίστις
2476 3104 2625 3156 ἐστὶν
2661 3104 2742 3168 είς
2770 3103 2967 3174 αὐτὴν,
2998 3106 3072 3166 ὡς
3101 3099 3255 3158 εἴπεν
3285 3105 3314 3156 ό
3345 3101 3691 3163 ’Δπόστολος,

2114 3194 2284 3256 οὕτως
2320 3197 2350 3262 ἡ
2389 3195 2517 3261 ἁγία
2549 3192 2739 3264 Τριάς,
2790 3193 2823 3263 ἡ
2880 3193 3017 3263 αὐτὴ
3069 3189 3204 3248 οὖσα
3233 3195 3400 3263 ἑαυτῇ
3442 3226 3458 3251 ,
3609 3193 3702 3246 καὶ

2114 3285 2362 3354 ἡνωμένη
2389 3283 2523 3354 πρὸς
2544 3284 2765 3355 ἑαυτὴν,
2793 3285 2945 3336 οὐδὲν
2985 3285 3095 3354 ἔχει
3119 3286 3173 3335 ὲν
3205 3285 3368 3352 ἑαυτῇ
3401 3283 3508 3335 τῶν
3536 3300 3702 3352 γενη-

2110 3374 2235 3426 τῶν·
2271 3374 2363 3426 καὶ
2393 3373 2528 3444 αὓτη
2558 3374 2654 3444 τῆς
2689 3375 2730 3425 Τ
2739 3373 2916 3445 ριάδος
2941 3376 2972 3444 ἡ
3011 3372 3312 3442 ἀδιαίρετος
3466 3369 3652 3436 ἑνότης
3680 3412 3698 3436 ,

2112 3464 2204 3516 καὶ
2229 3463 2325 3531 μία
2355 3466 2386 3534 ἡ
2423 3465 2501 3526 εἰς
2526 3463 2727 3534 ταύτην
2758 3465 2940 3527 πίστις
2977 3464 3143 3517 ἐστίν.
3205 3465 3264 3517 Ei
3295 3463 3352 3516 δὲ
3399 3463 3543 3516 κατὰ
3598 3467 3699 3531 τὴν

2111 3554 2263 3624 ὑμῶν
2307 3555 2412 3607 τῶν
2454 3556 2739 3626 Τροπικῶν
2770 3555 3116 3626 ἐπεξεύρεσιν
3165 3556 3264 3625 οὐχ
3322 3553 3498 3619 οὕτως
3528 3557 3697 3618 ἐστὶν,

2109 3645 2222 3697 ἀλλ’
2253 3647 2641 3717 ὲνυπνιάσοητε
2669 3647 2873 3716 κτίσμα
3062 3647 3243 3715 λέγειν
3275 3647 3334 3699 τὸ
3369 3645 3600 3716 Πνεῦμα
3639 3647 3701 3699 τὸ

2109 3738 2281 3805 ἆγιονο
2311 3739 2490 3792 οὐκέτι
2529 3741 2626 3810 μία
2681 3741 2862 3802 πίστις
2911 3741 3056 3793 ἐστὶν
3117 3739 3291 3808 ὑμῶν,
3336 3739 3458 3792 οὐδὲ
3494 3739 3552 3792 ἓν
3599 3739 3698 3808 βά-

2110 3848 2343 3899 πτισμα,
2368 3831 2504 3884 ἀλλὰ
2541 3831 2650 3884 δὺοο
2678 3831 2734 3883 ἓν
2771 3832 2872 3902 μὲν
2907 3833 2984 3894 εἰς
3021 3830 3238 3899 Πατέρα
3279 3830 3374 3883 καὶ
3399 3830 3548 3882 Υίὸν·
3580 3829 3700 3882 ἓτε-

2111 3937 2203 3989 ρον
2241 3920 2296 3972 δὲ
2329 3921 2407 3983 εἰς
2466 3921 2692 3988 ἄγγελον
2759 3921 2962 3991 κτίσμα
3005 3921 3155 3973 ὄντα·
3200 3920 3294 3972 καὶ
3335 3921 3488 3973 οὐδὲν
3513 3920 3699 3972 λοιπὸν

2111 4011 2264 4079 ὑμῶν
2294 4012 2535 4080 ἀσφαλὲς
2569 4012 2689 4065 οὐδὲ
2741 4011 2958 4082 ἀληθές.
2989 4011 3126 4064 Ποία
3179 4011 3287 4080 γὰρ
3325 4011 3584 4064 κοινωνία
3605 4027 3698 4078 γε-

2109 4100 2253 4170 νητῷ
2293 4101 2385 4153 καὶ
2439 4101 2791 4171 δημιουργῷς
2837 4103 2907 4154 Ἦ
2977 4101 3105 4153 ποία
3177 4099 3365 4168 ἑνότης
3403 4102 3516 4161 τοῖς
3546 4101 3701 4153 κάτω

2109 4193 2370 4262 κτίσμασι
2452 4194 2545 4246 καὶ
2604 4192 2684 4260 τῷ
2741 4193 2913 4246 ταῦτα
2970 4192 3438 4262 δημιουργήσαντι
3504 4191 3699 4259 Λόγῳ;

2109 4281 2276 4335 Τοῦτο
2307 4282 2460 4345 εἰδὼς
2508 4286 2536 4336 ὁ
2601 4283 2871 4354 μακάριος
2927 4283 3174 4346 Παῦλος,
3227 4283 3288 4336 οὐ
3352 4283 3553 4352 διαιρεί
3600 4283 3701 4352 τὴν

431 4374 748 4429 Trinitatem
783 4375 994 4440 dividit,
1024 4375 1116 4429 sed
1141 4376 1259 4444 ejus
1291 4377 1552 4430 unitatem
1583 4377 1885 4430 luculenter
1912 4378 2009 4430 do-

2116 4373 2334 4443 Τριάδα,
2363 4372 2550 4444 ὥσπερ
2582 4375 2758 4444 ὑμεῖς,
2791 4373 2924 4427 ἀλλὰ
2973 4373 3071 4444 τὴν
3120 4373 3348 4442 ἑνότητα
3389 4373 3592 4442 ταύτης
3621 4372 3701 4424 δι-

428 4476 508 4520 cet
534 4483 656 4520 cum
686 4467 752 4519 de
787 4466 1165 4534 spiritualibus
1196 4466 1358 4519 rebus
1387 4467 1451 4519 ad
1483 4467 1793 4521 Corinthios
1820 4467 2007 4521 scribit

428 4569 480 4613 et
515 4557 698 4612 omnia
730 4557 795 4610 ad
831 4573 998 4610 unttm
1027 4555 1192 4608 Deum
1219 4555 1434 4610 Patrem
1463 4566 1718 4625 tanquam
1750 4557 1813 4610 ad
1845 4568 2006 4625 caput

431 4653 532 4704 hoc
561 4659 720 4720 pacto
743 4649 953 4703 reducit
979 4667 990 4702 :
1023 4669 1040 4698 ι
1065 4647 1364 4703 Divisioncs
1389 4663 1517 4703 vero
1543 4650 1838 4718 gratiarum
1859 4658 2002 4710 sunt,

428 4745 566 4797 iiem
593 4751 773 4796 autem
809 4739 1043 4809 Spirittts
1078 4757 1090 4793 :
1132 4749 1185 4793 ct
1213 4739 1510 4794 divisiones
1546 4738 2002 4792 ministrationum

427 4844 577 4903 sunt,
606 4835 743 4888 idem
774 4844 954 4888 autem
981 4833 1240 4888 Dominus
1273 4851 1284 4886 :
1323 4841 1375 4885 et
1410 4832 1704 4884 divisiones
1736 4833 2003 4899 operatio-

424 4943 555 4981 num
599 4935 745 4989 sunt,
776 4926 912 4979 ident
951 4942 1077 4980 vero
1109 4925 1270 4987 Dens,
1304 4926 1394 4994 qtti
1443 4933 1700 4991 operatur
1733 4924 1913 4976 omnia
1952 4924 2003 4976 itt

424 5018 682 5070 omnibus
735 5021 772 5070 '.
811 5036 826 5066 ι
852 5015 982 5081 Quae
1005 5018 1149 5071 enim
1186 5017 1422 5086 Spiritus
1455 5017 1684 5085 singulis
1708 5016 2002 5078 distribuit,

425 5122 485 5158 ea
511 5122 540 5159 a
566 5105 721 5159 Patre
754 5121 844 5174 per
879 5104 1110 5159 Verbum
1139 5107 1354 5159 dantur.
1390 5105 1518 5159 Nam
1554 5106 1733 5159 omnia
1767 5105 2003 5174 (μιαιῐή-

426 5200 524 5252 tris
549 5208 698 5260 sunt,
725 5208 852 5253 sunt
900 5199 1024 5252 item
1066 5196 1185 5250 Filii
1219 5218 1230 5250 :
1275 5197 1416 5251 unde
1457 5214 1517 5251 ea
1550 5213 1670 5266 quae
1702 5213 1729 5251 a
1761 5195 1900 5250 Filio
1949 5197 2000 5250 in

425 5293 631 5359 Spiritu
667 5293 884 5357 dantur,
921 5305 1041 5344 vcra
1075 5299 1200 5343 sunt
1232 5287 1411 5342 Patris
1453 5303 1699 5343 mouera.
1742 5287 2004 5341 Similiter

425 5400 545 5436 tum
581 5383 820 5454 Spiritus
853 5385 904 5438 in
941 5383 1095 5439 nobis
1126 5391 1228 5448 est,
1261 5383 1518 5445 Verbum,
1550 5396 1578 5433 a
1605 5397 1712 5449 quo
1739 5381 1887 5435 illurn
1913 5395 2002 5434 ac-

509 5601 524 5628 ¹
572 5599 767 5666 lﬁpbes.
808 5619 876 5665 tv,
918 5602 972 5656 5.
1051 5606 1068 5634 ²
1103 5602 1118 5655 l
1148 5601 1273 5658 Cor.
1316 5620 1414 5672 xu,
1443 5605 1556 5660 4-6.

2108 4465 2320 4516 δάσκιον
2351 4465 2552 4534 ἔγραψε
2597 4464 2898 4534 Κορινθίοις
2956 4465 3082 4534 περὶ
3129 4464 3234 4516 τῶν
3285 4463 3699 4533 πνευματικῶν,

2109 4560 2201 4610 καὶ
2238 4558 2304 4610 τὰ
2345 4557 2518 4611 πάντα
2552 4559 2630 4620 εἰς
2658 4556 2754 4610 ἕνα
2777 4557 2908 4610 Θεὸν
2930 4557 3022 4608 τὸν
3046 4555 3264 4626 Πατέρα
3297 4555 3699 4624 ἁνακεφαλαιοῖ

2107 4649 2306 4718 λέγων’
2331 4669 2348 4699 ι
2391 4649 2693 4720 Διαιρέσεις
2723 4647 2776 4700 δὲ
2818 4647 3174 4716 χαρισμάτων
3209 4646 3333 4708 εἰσὶ,
3366 4645 3427 4697 τὸ
3455 4644 3510 4697 δὲ
3565 4645 3703 4696 αὐτὶ

2109 4738 2350 4808 Ιῐνεῦμαυ
2385 4741 2478 4792 καὶ
2516 4739 2808 4808 διαιρέσεις
2847 4738 3130 4791 διακονιῶν
3195 4739 3352 4798 εἰσιν,
3377 4739 3404 4789 ὁ
3439 4736 3494 4788 δὲ
3530 4735 3698 4797 αὐτὸς

2108 4832 2307 4901 Κύριος
2359 4849 2372 4862 ·
2510 4833 2600 4882 καὶ
2652 4830 2943 4900 διαιρέσεις
2981 4828 3372 4899 ἐνεργημάτων
3390 4828 3547 4890 εἰσιν,
3582 4831 3609 4880 ὁ
3640 4829 3699 4881 δὲ

2105 4924 2264 4986 αὐτὸς
2295 4923 2426 4986 Θεὸς
2450 4925 2479 4974 ὀ
2504 4922 2738 4992 ἐνεργῶν
2778 4921 2846 4973 τὰ
2889 4921 3065 4973 πάντα
3096 4922 3152 4972 ἐν
3217 4921 3398 4972 πᾶσιν,
3429 4939 3444 4970 t
3467 4922 3552 4971 ’Ἃ
3587 4921 3700 4992 γὰρ

2105 5016 2162 5066 ci;
2193 5015 2415 5085 Πνεῦμα
2442 5014 2654 5084 ἑκάστῳ
2683 5015 2897 5085 διαιρεῖ,
2931 5013 3102 5066 ταῦτα
3154 5013 3306 5083 παρὰ
3335 5011 3428 5064 τοῦ
3480 5015 3700 5084 Πατρδς

2103 5106 2190 5159 διὰ
2219 5106 2310 5160 τοῦ
2341 5106 2513 5175 Λόγου
2543 5108 2880 5177 χορηγεῖται.
2914 5107 3100 5166 Πάντα
3155 5105 3262 5178 γὰρ
3309 5104 3376 5157 τὰ
3430 5104 3526 5157 τοῦ
3583 5107 3699 5159 Πα-

2102 5199 2250 5268 τρδς,
2287 5198 2380 5250 τοῦ
2417 5198 2544 5250 Υίοῦ
2582 5199 2719 5251 ἐστι’
2749 5197 2828 5250 διὸ
2863 5198 2955 5250 καὶ
3009 5199 3076 5251 τὰ
3109 5198 3258 5269 παρᾶ
3308 5198 3401 5254 τοῦ
3463 5199 3594 5252 Υἱοῦ
3638 5200 3698 5252 ἐν

2104 5291 2378 5359 Πνεύματι
2403 5290 2656 5361 διδόμενα
2683 5290 2777 5344 τοῦ
2820 5291 3034 5360 Πατρός
3055 5293 3170 5344 ἐστι
3215 5295 3552 5366 χαρίσματα.
3584 5293 3696 5344 Καὶ

2101 5380 2193 5433 τοῦ
2225 5381 2538 5451 Πνεύματοτ
2574 5381 2630 5436 δὲ
2656 5382 2808 5441 δντος
2838 5383 2894 5437 ἐν
2917 5383 3069 5451 ἡμῖν,
3101 5385 3193 5447 καὶ
3213 5385 3241 5436 ὁ
3283 5387 3453 5456 Λόγος
3483 5390 3510 5442 ὁ
3538 5385 3696 5440 τοῦτο
