  <div class='ocr_page' id='page_1' title='image "/cluster/home/n/w/nwhite01/storage/ocr_20150623/130/hvd.32044073502387/366.png"; bbox 0 0 4030 6222; ppageno 0'>
   <div class='ocr_carea' id='block_1_1' title="bbox 347 356 447 420">
    <p class='ocr_par' dir='ltr' id='par_1_1' title="bbox 347 356 447 420">
     <span class='ocr_line' id='line_1_1' title="bbox 347 356 447 420; baseline -0.02 0"><span class='ocrx_word' id='word_1_1' title='bbox 347 356 447 420; x_wconf 67' lang='grc' dir='ltr'>’ἵει</span> 
     </span>
    </p>
   </div>
   <div class='ocr_carea' id='block_1_2' title="bbox 1284 350 2598 419">
    <p class='ocr_par' dir='ltr' id='par_1_2' title="bbox 1284 350 2598 419">
     <span class='ocr_line' id='line_1_2' title="bbox 1284 350 2598 419; baseline 0.005 -6"><span class='ocrx_word' id='word_1_2' title='bbox 1284 350 1658 413; x_wconf 77' lang='lat' dir='ltr'><strong>PANOPLIA</strong></span> <span class='ocrx_word' id='word_1_3' title='bbox 1702 351 2159 415; x_wconf 78' lang='lat' dir='ltr'><strong>DOGMATICA.</strong></span> <span class='ocrx_word' id='word_1_4' title='bbox 2190 379 2256 392; x_wconf 91' lang='grc'><strong>-</strong></span> <span class='ocrx_word' id='word_1_5' title='bbox 2280 353 2426 419; x_wconf 86' lang='grc' dir='ltr'>ΤΙΤ.</span> <span class='ocrx_word' id='word_1_6' title='bbox 2464 354 2598 419; x_wconf 81' lang='grc' dir='ltr'>Χιῐ.</span> 
     </span>
    </p>
   </div>
   <div class='ocr_carea' id='block_1_3' title="bbox 3486 356 3604 421">
    <p class='ocr_par' dir='ltr' id='par_1_3' title="bbox 3486 356 3604 421">
     <span class='ocr_line' id='line_1_3' title="bbox 3486 356 3604 421; baseline 0.017 -2"><span class='ocrx_word' id='word_1_7' title='bbox 3486 356 3604 421; x_wconf 56' lang='grc' dir='ltr'><strong>Ἰςῒ</strong></span> 
     </span>
    </p>
   </div>
   <div class='ocr_carea' id='block_1_4' title="bbox 349 463 1942 543">
    <p class='ocr_par' dir='ltr' id='par_1_4' title="bbox 349 463 1923 537">
     <span class='ocr_line' id='line_1_4' title="bbox 349 463 1923 537; baseline -0.004 -12"><span class='ocrx_word' id='word_1_8' title='bbox 349 468 524 533; x_wconf 88' lang='grc' dir='ltr'>διδούς</span> <span class='ocrx_word' id='word_1_9' title='bbox 566 468 720 522; x_wconf 73' lang='grc' dir='ltr'>ἐστιν</span> <span class='ocrx_word' id='word_1_10' title='bbox 774 466 836 521; x_wconf 75' lang='grc' dir='ltr'>ἰν</span> <span class='ocrx_word' id='word_1_11' title='bbox 901 467 1055 537; x_wconf 84' lang='grc' dir='ltr'>ἡμῖν,</span> <span class='ocrx_word' id='word_1_12' title='bbox 1110 463 1207 520; x_wconf 76' lang='grc' dir='ltr'>καὶ</span> <span class='ocrx_word' id='word_1_13' title='bbox 1258 466 1318 517; x_wconf 72' lang='grc' dir='ltr'>ὲν</span> <span class='ocrx_word' id='word_1_14' title='bbox 1361 463 1440 536; x_wconf 80' lang='grc' dir='ltr'>τῷ</span> <span class='ocrx_word' id='word_1_15' title='bbox 1492 466 1653 537; x_wconf 84' lang='grc' dir='ltr'>Λόγῳ</span> <span class='ocrx_word' id='word_1_16' title='bbox 1707 466 1852 520; x_wconf 73' lang='grc' dir='ltr'>ἐστὶν</span> <span class='ocrx_word' id='word_1_17' title='bbox 1894 467 1923 519; x_wconf 89' lang='grc' dir='ltr'><strong>ό</strong></span> 
     </span>
    </p>
   </div>
   <div class='ocr_carea' id='block_1_5' title="bbox 2036 463 3590 543">
    <p class='ocr_par' dir='ltr' id='par_1_5' title="bbox 2036 467 3590 543">
     <span class='ocr_line' id='line_1_5' title="bbox 2036 467 3590 543; baseline -0.003 -18"><span class='ocrx_word' id='word_1_18' title='bbox 2036 472 2268 543; x_wconf 81' lang='lat' dir='ltr'><strong>:ipimus,</strong></span> <span class='ocrx_word' id='word_1_19' title='bbox 2293 472 2346 526; x_wconf 88' lang='lat' dir='ltr'><strong>in</strong></span> <span class='ocrx_word' id='word_1_20' title='bbox 2381 471 2539 526; x_wconf 88' lang='lat' dir='ltr'><strong>nobis</strong></span> <span class='ocrx_word' id='word_1_21' title='bbox 2560 470 2723 526; x_wconf 87' lang='lat' dir='ltr'><strong>etiam</strong></span> <span class='ocrx_word' id='word_1_22' title='bbox 2751 479 2852 534; x_wconf 89' lang='lat' dir='ltr'><strong>est,</strong></span> <span class='ocrx_word' id='word_1_23' title='bbox 2881 478 2936 525; x_wconf 89' lang='lat' dir='ltr'><strong>et</strong></span> <span class='ocrx_word' id='word_1_24' title='bbox 2969 470 3022 524; x_wconf 91' lang='lat' dir='ltr'><strong>in</strong></span> <span class='ocrx_word' id='word_1_25' title='bbox 3056 467 3236 524; x_wconf 88' lang='lat' dir='ltr'><strong>Verbo</strong></span> <span class='ocrx_word' id='word_1_26' title='bbox 3261 475 3344 524; x_wconf 91' lang='lat' dir='ltr'><strong>est</strong></span> <span class='ocrx_word' id='word_1_27' title='bbox 3372 483 3590 538; x_wconf 83' lang='lat' dir='ltr'><strong>quoque</strong></span> 
     </span>
    </p>
   </div>
   <div class='ocr_carea' id='block_1_6' title="bbox 348 548 1940 623">
    <p class='ocr_par' dir='ltr' id='par_1_6' title="bbox 348 548 1940 623">
     <span class='ocr_line' id='line_1_6' title="bbox 348 548 1940 623; baseline -0.001 -16"><span class='ocrx_word' id='word_1_28' title='bbox 348 554 557 623; x_wconf 85' lang='grc' dir='ltr'>Πατήρ·</span> <span class='ocrx_word' id='word_1_29' title='bbox 590 551 685 606; x_wconf 72' lang='grc' dir='ltr'>καὶ</span> <span class='ocrx_word' id='word_1_30' title='bbox 716 549 890 614; x_wconf 76' lang='grc' dir='ltr'>οὕτως</span> <span class='ocrx_word' id='word_1_31' title='bbox 914 551 1030 603; x_wconf 70' lang='grc' dir='ltr'>ἐστὶ</span> <span class='ocrx_word' id='word_1_32' title='bbox 1062 548 1145 614; x_wconf 79' lang='grc' dir='ltr'>τὸ,</span> <span class='ocrx_word' id='word_1_33' title='bbox 1209 567 1229 601; x_wconf 76' lang='grc' dir='ltr'><strong>ι</strong></span> <span class='ocrx_word' id='word_1_34' title='bbox 1281 549 1645 622; x_wconf 86' lang='grc' dir='ltr'>Ἐλευσόμεθα</span> <span class='ocrx_word' id='word_1_35' title='bbox 1683 551 1797 621; x_wconf 74' lang='grc' dir='ltr'><strong>ἐγὼ</strong></span> <span class='ocrx_word' id='word_1_36' title='bbox 1842 550 1940 607; x_wconf 69' lang='grc' dir='ltr'>καὶ</span> 
     </span>
    </p>
   </div>
   <div class='ocr_carea' id='block_1_7' title="bbox 346 639 1941 716">
    <p class='ocr_par' dir='ltr' id='par_1_7' title="bbox 346 639 1941 716">
     <span class='ocr_line' id='line_1_7' title="bbox 346 639 1941 716; baseline -0.003 -16"><span class='ocrx_word' id='word_1_37' title='bbox 346 649 376 700; x_wconf 90' lang='lat'><strong>0</strong></span> <span class='ocrx_word' id='word_1_38' title='bbox 403 644 613 716; x_wconf 80' lang='grc' dir='ltr'>Πατὴρ,</span> <span class='ocrx_word' id='word_1_39' title='bbox 648 643 742 698; x_wconf 69' lang='grc' dir='ltr'>καὶ</span> <span class='ocrx_word' id='word_1_40' title='bbox 776 641 943 714; x_wconf 79' lang='grc' dir='ltr'>μονὴν</span> <span class='ocrx_word' id='word_1_41' title='bbox 968 641 1100 713; x_wconf 77' lang='grc' dir='ltr'>παρ’</span> <span class='ocrx_word' id='word_1_42' title='bbox 1127 639 1279 711; x_wconf 81' lang='grc' dir='ltr'>αὐτῷ</span> <span class='ocrx_word' id='word_1_43' title='bbox 1299 642 1652 714; x_wconf 80' lang='grc' dir='ltr'>ποιήσομεν,ι</span> <span class='ocrx_word' id='word_1_44' title='bbox 1687 642 1941 713; x_wconf 80' lang='grc' dir='ltr'>καθάπερ</span> 
     </span>
    </p>
   </div>
   <div class='ocr_carea' id='block_1_8' title="bbox 349 733 1940 810">
    <p class='ocr_par' dir='ltr' id='par_1_8' title="bbox 349 733 1940 810">
     <span class='ocr_line' id='line_1_8' title="bbox 349 733 1940 810; baseline -0.001 -20"><span class='ocrx_word' id='word_1_45' title='bbox 349 737 586 810; x_wconf 74' lang='grc' dir='ltr'>εἴρηται.</span> <span class='ocrx_word' id='word_1_46' title='bbox 624 734 794 789; x_wconf 83' lang='grc' dir='ltr'>Ἔνθα</span> <span class='ocrx_word' id='word_1_47' title='bbox 820 734 930 807; x_wconf 82' lang='grc' dir='ltr'>γὰρ</span> <span class='ocrx_word' id='word_1_48' title='bbox 979 734 1042 788; x_wconf 75' lang='grc' dir='ltr'>τὸ</span> <span class='ocrx_word' id='word_1_49' title='bbox 1086 735 1223 805; x_wconf 82' lang='grc' dir='ltr'>φῶς,</span> <span class='ocrx_word' id='word_1_50' title='bbox 1251 735 1367 788; x_wconf 76' lang='grc' dir='ltr'>ἐκεί</span> <span class='ocrx_word' id='word_1_51' title='bbox 1392 735 1486 788; x_wconf 74' lang='grc' dir='ltr'>καὶ</span> <span class='ocrx_word' id='word_1_52' title='bbox 1661 733 1724 788; x_wconf 76' lang='grc' dir='ltr'>τὸ</span> <span class='ocrx_word' id='word_1_53' title='bbox 1761 733 1940 788; x_wconf 84' lang='grc' dir='ltr'>ἀπαύ-</span> 
     </span>
    </p>
   </div>
   <div class='ocr_carea' id='block_1_9' title="bbox 349 823 1938 898">
    <p class='ocr_par' dir='ltr' id='par_1_9' title="bbox 349 823 1938 898">
     <span class='ocr_line' id='line_1_9' title="bbox 349 823 1938 898; baseline -0.003 -17"><span class='ocrx_word' id='word_1_54' title='bbox 349 844 555 898; x_wconf 72' lang='grc' dir='ltr'>γασμα*</span> <span class='ocrx_word' id='word_1_55' title='bbox 612 825 707 880; x_wconf 73' lang='grc' dir='ltr'>καὶ</span> <span class='ocrx_word' id='word_1_56' title='bbox 745 824 876 881; x_wconf 77' lang='grc' dir='ltr'>ἔνθα</span> <span class='ocrx_word' id='word_1_57' title='bbox 899 824 963 878; x_wconf 80' lang='grc' dir='ltr'>τὸ</span> <span class='ocrx_word' id='word_1_58' title='bbox 992 825 1356 896; x_wconf 84' lang='grc' dir='ltr'>ἀπαύγασμα,</span> <span class='ocrx_word' id='word_1_59' title='bbox 1399 825 1517 877; x_wconf 78' lang='grc' dir='ltr'>ἐκεῖ</span> <span class='ocrx_word' id='word_1_60' title='bbox 1562 824 1657 878; x_wconf 75' lang='grc' dir='ltr'>καὶ</span> <span class='ocrx_word' id='word_1_61' title='bbox 1688 826 1723 894; x_wconf 80' lang='grc' dir='ltr'><strong>ἡ</strong></span> <span class='ocrx_word' id='word_1_62' title='bbox 1748 823 1938 877; x_wconf 89' lang='grc' dir='ltr'>τούτου</span> 
     </span>
    </p>
   </div>
   <div class='ocr_carea' id='block_1_10' title="bbox 351 914 1937 989">
    <p class='ocr_par' dir='ltr' id='par_1_10' title="bbox 351 914 1937 989">
     <span class='ocr_line' id='line_1_10' title="bbox 351 914 1937 989; baseline -0.001 -18"><span class='ocrx_word' id='word_1_63' title='bbox 351 918 602 989; x_wconf 80' lang='grc' dir='ltr'>ἐνέργεια</span> <span class='ocrx_word' id='word_1_64' title='bbox 635 917 732 971; x_wconf 74' lang='grc' dir='ltr'>καὶ</span> <span class='ocrx_word' id='word_1_65' title='bbox 761 915 1049 986; x_wconf 82' lang='grc' dir='ltr'>αύγοειδὴς</span> <span class='ocrx_word' id='word_1_66' title='bbox 1075 915 1257 987; x_wconf 85' lang='grc' dir='ltr'>χάρις.</span> <span class='ocrx_word' id='word_1_67' title='bbox 1310 915 1424 969; x_wconf 72' lang='grc' dir='ltr'>Καὶ</span> <span class='ocrx_word' id='word_1_68' title='bbox 1472 914 1633 969; x_wconf 88' lang='grc' dir='ltr'>τοῦτο</span> <span class='ocrx_word' id='word_1_69' title='bbox 1669 915 1831 970; x_wconf 81' lang='grc' dir='ltr'>πάλιν</span> <span class='ocrx_word' id='word_1_70' title='bbox 1856 916 1937 970; x_wconf 78' lang='grc' dir='ltr'>διο</span> 
     </span>
    </p>
   </div>
   <div class='ocr_carea' id='block_1_11' title="bbox 352 1004 1940 1081">
    <p class='ocr_par' dir='ltr' id='par_1_11' title="bbox 352 1004 1940 1081">
     <span class='ocr_line' id='line_1_11' title="bbox 352 1004 1940 1081; baseline -0.003 -16"><span class='ocrx_word' id='word_1_71' title='bbox 352 1012 569 1065; x_wconf 79' lang='grc' dir='ltr'>δάσκων</span> <span class='ocrx_word' id='word_1_72' title='bbox 600 1012 628 1063; x_wconf 91' lang='lat'><strong>0</strong></span> <span class='ocrx_word' id='word_1_73' title='bbox 657 1007 871 1073; x_wconf 80' lang='grc' dir='ltr'>Παῦλος</span> <span class='ocrx_word' id='word_1_74' title='bbox 898 1007 1138 1081; x_wconf 75' lang='grc' dir='ltr'><strong>ἔγραφεν</strong></span> <span class='ocrx_word' id='word_1_75' title='bbox 1168 1004 1325 1072; x_wconf 72' lang='grc' dir='ltr'>αὖθις</span> <span class='ocrx_word' id='word_1_76' title='bbox 1504 1006 1812 1079; x_wconf 84' lang='grc' dir='ltr'><strong>Κορινθίοις</strong></span> <span class='ocrx_word' id='word_1_77' title='bbox 1847 1010 1940 1063; x_wconf 73' lang='grc' dir='ltr'>καὶ</span> 
     </span>
    </p>
   </div>
   <div class='ocr_carea' id='block_1_12' title="bbox 351 1100 1939 1175">
    <p class='ocr_par' dir='ltr' id='par_1_12' title="bbox 351 1100 1939 1175">
     <span class='ocr_line' id='line_1_12' title="bbox 351 1100 1939 1175; baseline -0.001 -20"><span class='ocrx_word' id='word_1_78' title='bbox 351 1105 411 1156; x_wconf 85' lang='grc' dir='ltr'>ὲν</span> <span class='ocrx_word' id='word_1_79' title='bbox 430 1105 496 1175; x_wconf 78' lang='grc' dir='ltr'>τῇ</span> <span class='ocrx_word' id='word_1_80' title='bbox 519 1102 747 1174; x_wconf 78' lang='grc' dir='ltr'><strong>δευτέρᾳ</strong></span> <span class='ocrx_word' id='word_1_81' title='bbox 771 1101 1061 1172; x_wconf 81' lang='grc' dir='ltr'><strong>Ἐπιστολῇ</strong></span> <span class='ocrx_word' id='word_1_82' title='bbox 1106 1100 1301 1170; x_wconf 85' lang='grc' dir='ltr'>λέγων·</span> <span class='ocrx_word' id='word_1_83' title='bbox 1340 1119 1359 1151; x_wconf 84' lang='grc' dir='ltr'><strong>ι</strong></span> <span class='ocrx_word' id='word_1_84' title='bbox 1411 1101 1477 1155; x_wconf 84' lang='grc' dir='ltr'><strong><em>Ἦ</em></strong></span> <span class='ocrx_word' id='word_1_85' title='bbox 1508 1103 1666 1173; x_wconf 83' lang='grc' dir='ltr'>χάρις</span> <span class='ocrx_word' id='word_1_86' title='bbox 1703 1100 1797 1154; x_wconf 90' lang='grc' dir='ltr'><strong>τοῦ</strong></span> <span class='ocrx_word' id='word_1_87' title='bbox 1823 1103 1939 1155; x_wconf 89' lang='grc' dir='ltr'>Κυ-</span> 
     </span>
    </p>
   </div>
   <div class='ocr_carea' id='block_1_13' title="bbox 353 1192 1937 1268">
    <p class='ocr_par' dir='ltr' id='par_1_13' title="bbox 353 1192 1937 1268">
     <span class='ocr_line' id='line_1_13' title="bbox 353 1192 1937 1268; baseline 0 -20"><span class='ocrx_word' id='word_1_88' title='bbox 353 1196 473 1268; x_wconf 89' lang='grc' dir='ltr'>ρίου</span> <span class='ocrx_word' id='word_1_89' title='bbox 504 1194 659 1265; x_wconf 82' lang='grc' dir='ltr'>ἡμῶν</span> <span class='ocrx_word' id='word_1_90' title='bbox 695 1192 870 1264; x_wconf 80' lang='grc' dir='ltr'><strong>Ἰησοῦ</strong></span> <span class='ocrx_word' id='word_1_91' title='bbox 923 1192 1183 1266; x_wconf 82' lang='grc' dir='ltr'><strong>Χριστοῦ,</strong></span> <span class='ocrx_word' id='word_1_92' title='bbox 1236 1192 1386 1264; x_wconf 73' lang='grc' dir='ltr'>καὶὴ</span> <span class='ocrx_word' id='word_1_93' title='bbox 1425 1193 1612 1265; x_wconf 81' lang='grc' dir='ltr'><strong>ἀγάπη</strong></span> <span class='ocrx_word' id='word_1_94' title='bbox 1658 1193 1752 1247; x_wconf 89' lang='grc' dir='ltr'><strong>τοῦ</strong></span> <span class='ocrx_word' id='word_1_95' title='bbox 1779 1193 1937 1261; x_wconf 83' lang='grc' dir='ltr'>Θεοῦ,</span> 
     </span>
    </p>
   </div>
   <div class='ocr_carea' id='block_1_14' title="bbox 352 1284 1939 1357">
    <p class='ocr_par' dir='ltr' id='par_1_14' title="bbox 352 1284 1939 1357">
     <span class='ocr_line' id='line_1_14' title="bbox 352 1284 1939 1357; baseline 0 -16"><span class='ocrx_word' id='word_1_96' title='bbox 352 1287 448 1341; x_wconf 77' lang='grc' dir='ltr'>καὶ</span> <span class='ocrx_word' id='word_1_97' title='bbox 471 1289 505 1357; x_wconf 80' lang='grc' dir='ltr'>ἡ</span> <span class='ocrx_word' id='word_1_98' title='bbox 534 1287 787 1340; x_wconf 77' lang='grc' dir='ltr'>κοινωνία</span> <span class='ocrx_word' id='word_1_99' title='bbox 808 1284 902 1339; x_wconf 90' lang='grc' dir='ltr'><strong>τοῦ</strong></span> <span class='ocrx_word' id='word_1_100' title='bbox 949 1285 1105 1355; x_wconf 81' lang='grc' dir='ltr'>ἁγίου</span> <span class='ocrx_word' id='word_1_101' title='bbox 1150 1285 1491 1356; x_wconf 76' lang='grc' dir='ltr'>Πνεύματος,</span> <span class='ocrx_word' id='word_1_102' title='bbox 1530 1284 1670 1356; x_wconf 83' lang='grc' dir='ltr'>μετὰ</span> <span class='ocrx_word' id='word_1_103' title='bbox 1722 1286 1939 1341; x_wconf 83' lang='grc' dir='ltr'>πάντων</span> 
     </span>
    </p>
   </div>
   <div class='ocr_carea' id='block_1_15' title="bbox 356 1374 1939 1450">
    <p class='ocr_par' dir='ltr' id='par_1_15' title="bbox 356 1374 1939 1450">
     <span class='ocr_line' id='line_1_15' title="bbox 356 1374 1939 1450; baseline -0.003 -18"><span class='ocrx_word' id='word_1_104' title='bbox 356 1378 563 1450; x_wconf 78' lang='grc' dir='ltr'>ὑμῶν.»</span> <span class='ocrx_word' id='word_1_105' title='bbox 606 1379 671 1431; x_wconf 82' lang='grc' dir='ltr'><strong>Ἦ</strong></span> <span class='ocrx_word' id='word_1_106' title='bbox 705 1377 815 1447; x_wconf 86' lang='grc' dir='ltr'><strong>γὰρ</strong></span> <span class='ocrx_word' id='word_1_107' title='bbox 851 1378 1107 1448; x_wconf 79' lang='grc' dir='ltr'>διδομένη</span> <span class='ocrx_word' id='word_1_108' title='bbox 1132 1377 1293 1448; x_wconf 80' lang='grc' dir='ltr'>χάρις</span> <span class='ocrx_word' id='word_1_109' title='bbox 1325 1375 1420 1429; x_wconf 74' lang='grc' dir='ltr'>καὶ</span> <span class='ocrx_word' id='word_1_110' title='bbox 1457 1375 1636 1445; x_wconf 82' lang='grc' dir='ltr'>δωρεὰ</span> <span class='ocrx_word' id='word_1_111' title='bbox 1667 1376 1726 1429; x_wconf 82' lang='grc' dir='ltr'><strong>έν</strong></span> <span class='ocrx_word' id='word_1_112' title='bbox 1748 1374 1939 1447; x_wconf 83' lang='grc' dir='ltr'>Τριάδι</span> 
     </span>
    </p>
   </div>
   <div class='ocr_carea' id='block_1_16' title="bbox 353 1470 1936 1544">
    <p class='ocr_par' dir='ltr' id='par_1_16' title="bbox 353 1470 1936 1544">
     <span class='ocr_line' id='line_1_16' title="bbox 353 1470 1936 1544; baseline 0 -18"><span class='ocrx_word' id='word_1_113' title='bbox 353 1473 551 1527; x_wconf 82' lang='grc' dir='ltr'>δίδοται</span> <span class='ocrx_word' id='word_1_114' title='bbox 585 1471 738 1544; x_wconf 81' lang='grc' dir='ltr'>παρὰ</span> <span class='ocrx_word' id='word_1_115' title='bbox 762 1471 857 1526; x_wconf 91' lang='grc' dir='ltr'><strong>τοῦ</strong></span> <span class='ocrx_word' id='word_1_116' title='bbox 884 1471 1097 1544; x_wconf 68' lang='grc' dir='ltr'>Πατρός</span> <span class='ocrx_word' id='word_1_117' title='bbox 1119 1471 1336 1525; x_wconf 72' lang='grc' dir='ltr'>δι’Υίοῦ</span> <span class='ocrx_word' id='word_1_118' title='bbox 1371 1472 1430 1524; x_wconf 84' lang='grc' dir='ltr'>ὲν</span> <span class='ocrx_word' id='word_1_119' title='bbox 1460 1470 1740 1542; x_wconf 89' lang='grc' dir='ltr'>Πνεύματι</span> <span class='ocrx_word' id='word_1_120' title='bbox 1771 1470 1936 1542; x_wconf 83' lang='grc' dir='ltr'>ἁγίῳ.</span> 
     </span>
    </p>
   </div>
   <div class='ocr_carea' id='block_1_17' title="bbox 356 1550 1937 1637">
    <p class='ocr_par' dir='ltr' id='par_1_17' title="bbox 356 1550 1937 1637">
     <span class='ocr_line' id='line_1_17' title="bbox 356 1550 1937 1637; baseline -0.001 -18"><span class='ocrx_word' id='word_1_121' title='bbox 356 1567 568 1637; x_wconf 78' lang='grc' dir='ltr'>Ὠσπερ</span> <span class='ocrx_word' id='word_1_122' title='bbox 598 1550 707 1636; x_wconf 75' lang='grc' dir='ltr'><strong>γάρ</strong></span> <span class='ocrx_word' id='word_1_123' title='bbox 730 1565 795 1617; x_wconf 81' lang='grc' dir='ltr'>ὲκ</span> <span class='ocrx_word' id='word_1_124' title='bbox 820 1564 915 1617; x_wconf 90' lang='grc' dir='ltr'><strong>τοῦ</strong></span> <span class='ocrx_word' id='word_1_125' title='bbox 960 1565 1171 1636; x_wconf 80' lang='grc' dir='ltr'>Πατρός</span> <span class='ocrx_word' id='word_1_126' title='bbox 1229 1566 1346 1617; x_wconf 76' lang='grc' dir='ltr'>ἐστι</span> <span class='ocrx_word' id='word_1_127' title='bbox 1385 1563 1454 1617; x_wconf 83' lang='grc' dir='ltr'><strong>δι’</strong></span> <span class='ocrx_word' id='word_1_128' title='bbox 1490 1561 1619 1617; x_wconf 86' lang='grc' dir='ltr'>Υίοῦ</span> <span class='ocrx_word' id='word_1_129' title='bbox 1798 1565 1831 1633; x_wconf 81' lang='grc' dir='ltr'>ἡ</span> <span class='ocrx_word' id='word_1_130' title='bbox 1863 1563 1937 1617; x_wconf 91' lang='grc' dir='ltr'>δι-</span> 
     </span>
    </p>
   </div>
   <div class='ocr_carea' id='block_1_18' title="bbox 354 1652 1941 1726">
    <p class='ocr_par' dir='ltr' id='par_1_18' title="bbox 354 1652 1941 1726">
     <span class='ocr_line' id='line_1_18' title="bbox 354 1652 1941 1726; baseline -0.003 -16"><span class='ocrx_word' id='word_1_131' title='bbox 354 1656 557 1726; x_wconf 80' lang='grc' dir='ltr'>δομένη</span> <span class='ocrx_word' id='word_1_132' title='bbox 585 1654 769 1726; x_wconf 83' lang='grc' dir='ltr'>χάρις,</span> <span class='ocrx_word' id='word_1_133' title='bbox 815 1652 989 1719; x_wconf 70' lang='grc' dir='ltr'>οὕτως</span> <span class='ocrx_word' id='word_1_134' title='bbox 1040 1655 1140 1709; x_wconf 82' lang='grc' dir='ltr'>οὐκ</span> <span class='ocrx_word' id='word_1_135' title='bbox 1171 1653 1237 1709; x_wconf 78' lang='grc' dir='ltr'>ἂν</span> <span class='ocrx_word' id='word_1_136' title='bbox 1280 1654 1492 1723; x_wconf 79' lang='grc' dir='ltr'>γένοιτο</span> <span class='ocrx_word' id='word_1_137' title='bbox 1540 1652 1795 1708; x_wconf 82' lang='grc' dir='ltr'>κοινωνία</span> <span class='ocrx_word' id='word_1_138' title='bbox 1841 1652 1941 1724; x_wconf 80' lang='grc' dir='ltr'>τῆς</span> 
     </span>
    </p>
   </div>
   <div class='ocr_carea' id='block_1_19' title="bbox 2011 557 3589 635">
    <p class='ocr_par' dir='ltr' id='par_1_19' title="bbox 2011 557 3589 635">
     <span class='ocr_line' id='line_1_19' title="bbox 2011 557 3589 635; baseline -0.005 -16"><span class='ocrx_word' id='word_1_139' title='bbox 2011 564 2192 628; x_wconf 82' lang='lat' dir='ltr'><strong>Pater,</strong></span> <span class='ocrx_word' id='word_1_140' title='bbox 2216 574 2379 635; x_wconf 90' lang='lat' dir='ltr'><strong>atque</strong></span> <span class='ocrx_word' id='word_1_141' title='bbox 2412 564 2487 619; x_wconf 91' lang='lat' dir='ltr'><strong>ita</strong></span> <span class='ocrx_word' id='word_1_142' title='bbox 2518 564 2578 618; x_wconf 85' lang='lat' dir='ltr'><strong>ﬁt</strong></span> <span class='ocrx_word' id='word_1_143' title='bbox 2608 563 2791 618; x_wconf 90' lang='lat' dir='ltr'><strong>istud:</strong></span> <span class='ocrx_word' id='word_1_144' title='bbox 2831 581 2848 614; x_wconf 83' lang='grc' dir='ltr'><strong>ι</strong></span> <span class='ocrx_word' id='word_1_145' title='bbox 2875 560 3295 631; x_wconf 81' lang='lat' dir='ltr'><strong>Veniemus‘ego</strong></span> <span class='ocrx_word' id='word_1_146' title='bbox 3332 569 3385 613; x_wconf 88' lang='lat' dir='ltr'><strong>et</strong></span> <span class='ocrx_word' id='word_1_147' title='bbox 3409 557 3589 621; x_wconf 83' lang='lat' dir='ltr'><strong>Pater,</strong></span> 
     </span>
    </p>
   </div>
   <div class='ocr_carea' id='block_1_20' title="bbox 2014 650 3597 724">
    <p class='ocr_par' dir='ltr' id='par_1_20' title="bbox 2014 650 3597 724">
     <span class='ocr_line' id='line_1_20' title="bbox 2014 650 3597 724; baseline -0.007 -14"><span class='ocrx_word' id='word_1_148' title='bbox 2014 663 2064 710; x_wconf 86' lang='lat' dir='ltr'><strong>et</strong></span> <span class='ocrx_word' id='word_1_149' title='bbox 2100 655 2436 709; x_wconf 83' lang='lat' dir='ltr'><strong>mansionem</strong></span> <span class='ocrx_word' id='word_1_150' title='bbox 2467 654 2611 724; x_wconf 88' lang='lat' dir='ltr'><strong>apud</strong></span> <span class='ocrx_word' id='word_1_151' title='bbox 2653 668 2777 708; x_wconf 88' lang='lat' dir='ltr'><strong>cum</strong></span> <span class='ocrx_word' id='word_1_152' title='bbox 2822 652 3089 708; x_wconf 80' lang='lat' dir='ltr'><strong>faciemus</strong></span> <span class='ocrx_word' id='word_1_153' title='bbox 3125 661 3172 716; x_wconf 80' lang='grc' dir='ltr'><strong>ι,</strong></span> <span class='ocrx_word' id='word_1_154' title='bbox 3204 671 3222 702; x_wconf 77' lang='grc' dir='ltr'><strong>ι</strong></span> <span class='ocrx_word' id='word_1_155' title='bbox 3268 650 3345 705; x_wconf 85' lang='grc' dir='ltr'>ιιιί</span> <span class='ocrx_word' id='word_1_156' title='bbox 3372 650 3597 719; x_wconf 75' lang='lat' dir='ltr'><strong>jamdi-</strong></span> 
     </span>
    </p>
   </div>
   <div class='ocr_carea' id='block_1_21' title="bbox 2013 743 3594 812">
    <p class='ocr_par' dir='ltr' id='par_1_21' title="bbox 2013 743 3594 812">
     <span class='ocr_line' id='line_1_21' title="bbox 2013 743 3594 812; baseline -0.003 -12"><span class='ocrx_word' id='word_1_157' title='bbox 2013 756 2159 801; x_wconf 89' lang='lat' dir='ltr'><strong>ctum</strong></span> <span class='ocrx_word' id='word_1_158' title='bbox 2191 755 2292 801; x_wconf 89' lang='lat' dir='ltr'><strong>est.</strong></span> <span class='ocrx_word' id='word_1_159' title='bbox 2326 744 2426 801; x_wconf 90' lang='lat' dir='ltr'><strong>Ubi</strong></span> <span class='ocrx_word' id='word_1_160' title='bbox 2455 746 2601 800; x_wconf 90' lang='lat' dir='ltr'><strong>enim</strong></span> <span class='ocrx_word' id='word_1_161' title='bbox 2639 746 2729 800; x_wconf 82' lang='lat' dir='ltr'><strong>lux</strong></span> <span class='ocrx_word' id='word_1_162' title='bbox 2758 753 2862 805; x_wconf 86' lang='lat' dir='ltr'><strong>est,</strong></span> <span class='ocrx_word' id='word_1_163' title='bbox 2882 745 2994 799; x_wconf 90' lang='lat' dir='ltr'><strong>illic</strong></span> <span class='ocrx_word' id='word_1_164' title='bbox 3015 751 3068 799; x_wconf 88' lang='lat' dir='ltr'><strong>ct</strong></span> <span class='ocrx_word' id='word_1_165' title='bbox 3092 743 3351 812; x_wconf 81' lang='lat' dir='ltr'><strong>splendor</strong></span> <span class='ocrx_word' id='word_1_166' title='bbox 3373 758 3594 812; x_wconf 81' lang='lat' dir='ltr'><strong>queque</strong></span> 
     </span>
    </p>
   </div>
   <div class='ocr_carea' id='block_1_22' title="bbox 2012 834 3592 907">
    <p class='ocr_par' dir='ltr' id='par_1_22' title="bbox 2012 834 3592 907">
     <span class='ocr_line' id='line_1_22' title="bbox 2012 834 3592 907; baseline -0.003 -16"><span class='ocrx_word' id='word_1_167' title='bbox 2012 846 2134 892; x_wconf 86' lang='lat' dir='ltr'><strong>est:</strong></span> <span class='ocrx_word' id='word_1_168' title='bbox 2169 837 2257 892; x_wconf 92' lang='lat' dir='ltr'><strong>ubi</strong></span> <span class='ocrx_word' id='word_1_169' title='bbox 2286 837 2414 892; x_wconf 89' lang='lat' dir='ltr'><strong>item</strong></span> <span class='ocrx_word' id='word_1_170' title='bbox 2451 838 2706 907; x_wconf 74' lang='lat' dir='ltr'><strong>splendor</strong></span> <span class='ocrx_word' id='word_1_171' title='bbox 2740 847 2844 901; x_wconf 90' lang='lat' dir='ltr'><strong>est,</strong></span> <span class='ocrx_word' id='word_1_172' title='bbox 2875 838 2946 891; x_wconf 87' lang='lat' dir='ltr'><strong>ibi</strong></span> <span class='ocrx_word' id='word_1_173' title='bbox 2984 837 3238 892; x_wconf 72' lang='lat' dir='ltr'><strong>similiter</strong></span> <span class='ocrx_word' id='word_1_174' title='bbox 3259 845 3311 888; x_wconf 80' lang='lat' dir='ltr'><strong>et</strong></span> <span class='ocrx_word' id='word_1_175' title='bbox 3335 836 3454 904; x_wconf 84' lang='lat' dir='ltr'><strong>ejus</strong></span> <span class='ocrx_word' id='word_1_176' title='bbox 3480 834 3592 888; x_wconf 57' lang='lat' dir='ltr'><strong>otii.</strong></span> 
     </span>
    </p>
   </div>
   <div class='ocr_carea' id='block_1_23' title="bbox 2012 914 3591 997">
    <p class='ocr_par' dir='ltr' id='par_1_23' title="bbox 2012 914 3591 997">
     <span class='ocr_line' id='line_1_23' title="bbox 2012 914 3591 997; baseline -0.003 -15"><span class='ocrx_word' id='word_1_177' title='bbox 2012 927 2211 982; x_wconf 87' lang='lat' dir='ltr'><strong>cientia</strong></span> <span class='ocrx_word' id='word_1_178' title='bbox 2239 935 2293 982; x_wconf 85' lang='lat' dir='ltr'><strong>et</strong></span> <span class='ocrx_word' id='word_1_179' title='bbox 2318 927 2598 997; x_wconf 80' lang='lat' dir='ltr'><strong>splendida</strong></span> <span class='ocrx_word' id='word_1_180' title='bbox 2626 937 2708 981; x_wconf 85' lang='lat' dir='ltr'><strong>est</strong></span> <span class='ocrx_word' id='word_1_181' title='bbox 2738 926 2931 996; x_wconf 81' lang='lat' dir='ltr'><strong>gratia.</strong></span> <span class='ocrx_word' id='word_1_182' title='bbox 2960 925 3118 992; x_wconf 86' lang='lat' dir='ltr'><strong>Quod</strong></span> <span class='ocrx_word' id='word_1_183' title='bbox 3148 925 3288 980; x_wconf 86' lang='lat' dir='ltr'><strong>idem</strong></span> <span class='ocrx_word' id='word_1_184' title='bbox 3314 914 3591 981; x_wconf 84' lang='lat' dir='ltr'><strong>Paulusin</strong></span> 
     </span>
    </p>
   </div>
   <div class='ocr_carea' id='block_1_24' title="bbox 2012 1013 3589 1088">
    <p class='ocr_par' dir='ltr' id='par_1_24' title="bbox 2012 1013 3589 1088">
     <span class='ocr_line' id='line_1_24' title="bbox 2012 1013 3589 1088; baseline -0.004 -15"><span class='ocrx_word' id='word_1_185' title='bbox 2012 1016 2254 1073; x_wconf 86' lang='lat' dir='ltr'><strong>secunda</strong></span> <span class='ocrx_word' id='word_1_186' title='bbox 2283 1015 2523 1088; x_wconf 82' lang='lat' dir='ltr'><strong>Epistula</strong></span> <span class='ocrx_word' id='word_1_187' title='bbox 2567 1016 2633 1070; x_wconf 88' lang='lat' dir='ltr'><strong>ad</strong></span> <span class='ocrx_word' id='word_1_188' title='bbox 2663 1015 2980 1071; x_wconf 73' lang='lat' dir='ltr'><strong>Corinthios</strong></span> <span class='ocrx_word' id='word_1_189' title='bbox 3035 1015 3123 1070; x_wconf 92' lang='lat' dir='ltr'><strong>his</strong></span> <span class='ocrx_word' id='word_1_190' title='bbox 3173 1014 3350 1070; x_wconf 82' lang='lat' dir='ltr'><strong>verbis</strong></span> <span class='ocrx_word' id='word_1_191' title='bbox 3398 1013 3589 1083; x_wconf 81' lang='lat' dir='ltr'><strong>docet:</strong></span> 
     </span>
    </p>
   </div>
   <div class='ocr_carea' id='block_1_25' title="bbox 2019 1104 3633 1172">
    <p class='ocr_par' dir='ltr' id='par_1_25' title="bbox 2019 1104 3633 1172">
     <span class='ocr_line' id='line_1_25' title="bbox 2019 1104 3633 1172; baseline 0 -11"><span class='ocrx_word' id='word_1_192' title='bbox 2019 1127 2040 1161; x_wconf 73' lang='grc' dir='ltr'><strong>ι</strong></span> <span class='ocrx_word' id='word_1_193' title='bbox 2059 1107 2245 1166; x_wconf 84' lang='lat' dir='ltr'><strong>Gratia</strong></span> <span class='ocrx_word' id='word_1_194' title='bbox 2261 1107 2477 1162; x_wconf 83' lang='lat' dir='ltr'><strong>Domini</strong></span> <span class='ocrx_word' id='word_1_195' title='bbox 2497 1107 2669 1163; x_wconf 82' lang='lat' dir='ltr'><strong>nostri</strong></span> <span class='ocrx_word' id='word_1_196' title='bbox 2685 1106 2814 1163; x_wconf 86' lang='lat' dir='ltr'><strong>Jesu</strong></span> <span class='ocrx_word' id='word_1_197' title='bbox 2836 1106 3060 1172; x_wconf 85' lang='lat' dir='ltr'><strong>Christi,</strong></span> <span class='ocrx_word' id='word_1_198' title='bbox 3077 1116 3131 1161; x_wconf 88' lang='lat' dir='ltr'><strong>et</strong></span> <span class='ocrx_word' id='word_1_199' title='bbox 3148 1105 3389 1161; x_wconf 81' lang='lat' dir='ltr'><strong>Charitas</strong></span> <span class='ocrx_word' id='word_1_200' title='bbox 3408 1104 3522 1169; x_wconf 85' lang='lat' dir='ltr'><strong>Dei,</strong></span> <span class='ocrx_word' id='word_1_201' title='bbox 3540 1115 3609 1160; x_wconf 84' lang='grc' dir='ltr'>ει·</span> <span class='ocrx_word' id='word_1_202' title='bbox 3630 1160 3633 1161; x_wconf 30' lang='grc' dir='ltr'><strong>ν</strong></span> 
     </span>
    </p>
   </div>
   <div class='ocr_carea' id='block_1_26' title="bbox 2015 1192 3605 1268">
    <p class='ocr_par' dir='ltr' id='par_1_26' title="bbox 2015 1192 3605 1268">
     <span class='ocr_line' id='line_1_26' title="bbox 2015 1192 3605 1268; baseline -0.004 -12"><span class='ocrx_word' id='word_1_203' title='bbox 2015 1199 2442 1256; x_wconf 81' lang='lat' dir='ltr'><strong>communicatio</strong></span> <span class='ocrx_word' id='word_1_204' title='bbox 2474 1199 2648 1255; x_wconf 86' lang='lat' dir='ltr'><strong>sancti</strong></span> <span class='ocrx_word' id='word_1_205' title='bbox 2681 1197 2918 1268; x_wconf 85' lang='lat' dir='ltr'><strong>Spiritus</strong></span> <span class='ocrx_word' id='word_1_206' title='bbox 2945 1197 3017 1253; x_wconf 90' lang='lat' dir='ltr'><strong>sit</strong></span> <span class='ocrx_word' id='word_1_207' title='bbox 3053 1212 3177 1252; x_wconf 90' lang='lat' dir='ltr'><strong>cum</strong></span> <span class='ocrx_word' id='word_1_208' title='bbox 3211 1196 3467 1251; x_wconf 85' lang='lat' dir='ltr'><strong>omnibus</strong></span> <span class='ocrx_word' id='word_1_209' title='bbox 3498 1192 3605 1250; x_wconf 38' lang='lat' dir='ltr'><strong>vol,</strong></span> 
     </span>
    </p>
   </div>
   <div class='ocr_carea' id='block_1_27' title="bbox 2016 1287 3592 1358">
    <p class='ocr_par' dir='ltr' id='par_1_27' title="bbox 2016 1287 3592 1358">
     <span class='ocr_line' id='line_1_27' title="bbox 2016 1287 3592 1358; baseline -0.003 -12"><span class='ocrx_word' id='word_1_210' title='bbox 2016 1291 2101 1347; x_wconf 90' lang='lat' dir='ltr'><strong>bis</strong></span> <span class='ocrx_word' id='word_1_211' title='bbox 2141 1293 2182 1345; x_wconf 82' lang='lat'><strong>’.</strong></span> <span class='ocrx_word' id='word_1_212' title='bbox 2219 1309 2238 1341; x_wconf 79' lang='grc' dir='ltr'><strong>ι</strong></span> <span class='ocrx_word' id='word_1_213' title='bbox 2264 1288 2448 1344; x_wconf 82' lang='lat' dir='ltr'><strong>Gratia</strong></span> <span class='ocrx_word' id='word_1_214' title='bbox 2660 1289 2804 1344; x_wconf 89' lang='lat' dir='ltr'><strong>enim</strong></span> <span class='ocrx_word' id='word_1_215' title='bbox 2831 1298 2883 1344; x_wconf 90' lang='lat' dir='ltr'><strong>et</strong></span> <span class='ocrx_word' id='word_1_216' title='bbox 2909 1289 3109 1344; x_wconf 87' lang='lat' dir='ltr'><strong>donum</strong></span> <span class='ocrx_word' id='word_1_217' title='bbox 3145 1287 3290 1358; x_wconf 91' lang='lat' dir='ltr'><strong>quod</strong></span> <span class='ocrx_word' id='word_1_218' title='bbox 3321 1288 3375 1341; x_wconf 92' lang='lat' dir='ltr'><strong>in</strong></span> <span class='ocrx_word' id='word_1_219' title='bbox 3410 1287 3592 1342; x_wconf 87' lang='lat' dir='ltr'><strong>Trini-</strong></span> 
     </span>
    </p>
   </div>
   <div class='ocr_carea' id='block_1_28' title="bbox 2016 1377 3607 1450">
    <p class='ocr_par' dir='ltr' id='par_1_28' title="bbox 2016 1377 3607 1450">
     <span class='ocr_line' id='line_1_28' title="bbox 2016 1377 3607 1450; baseline -0.006 -13"><span class='ocrx_word' id='word_1_220' title='bbox 2016 1390 2125 1437; x_wconf 85' lang='lat' dir='ltr'><strong>tate</strong></span> <span class='ocrx_word' id='word_1_221' title='bbox 2153 1382 2334 1445; x_wconf 88' lang='lat' dir='ltr'><strong>datur,</strong></span> <span class='ocrx_word' id='word_1_222' title='bbox 2367 1381 2528 1435; x_wconf 90' lang='lat' dir='ltr'><strong>datur</strong></span> <span class='ocrx_word' id='word_1_223' title='bbox 2556 1396 2586 1434; x_wconf 92' lang='lat' dir='ltr'><strong>a</strong></span> <span class='ocrx_word' id='word_1_224' title='bbox 2613 1379 2775 1435; x_wconf 88' lang='lat' dir='ltr'><strong>Patre</strong></span> <span class='ocrx_word' id='word_1_225' title='bbox 2801 1395 2897 1450; x_wconf 91' lang='lat' dir='ltr'><strong>per</strong></span> <span class='ocrx_word' id='word_1_226' title='bbox 2926 1378 3126 1433; x_wconf 83' lang='lat' dir='ltr'><strong>Filium</strong></span> <span class='ocrx_word' id='word_1_227' title='bbox 3155 1380 3206 1432; x_wconf 91' lang='lat' dir='ltr'><strong>in</strong></span> <span class='ocrx_word' id='word_1_228' title='bbox 3238 1377 3444 1448; x_wconf 85' lang='lat' dir='ltr'><strong>Spiritu</strong></span> <span class='ocrx_word' id='word_1_229' title='bbox 3475 1394 3607 1434; x_wconf 81' lang='lat' dir='ltr'><strong>san-.</strong></span> 
     </span>
    </p>
   </div>
   <div class='ocr_carea' id='block_1_29' title="bbox 2016 1469 3599 1542">
    <p class='ocr_par' dir='ltr' id='par_1_29' title="bbox 2016 1469 3599 1542">
     <span class='ocr_line' id='line_1_29' title="bbox 2016 1469 3599 1542; baseline -0.004 -12"><span class='ocrx_word' id='word_1_230' title='bbox 2016 1482 2124 1530; x_wconf 87' lang='lat' dir='ltr'><strong>cto.</strong></span> <span class='ocrx_word' id='word_1_231' title='bbox 2160 1474 2297 1528; x_wconf 77' lang='lat' dir='ltr'><strong>Nam</strong></span> <span class='ocrx_word' id='word_1_232' title='bbox 2326 1472 2793 1542; x_wconf 85' lang='lat' dir='ltr'><strong>quemadmodum.</strong></span> <span class='ocrx_word' id='word_1_233' title='bbox 2817 1487 2883 1528; x_wconf 85' lang='lat' dir='ltr'><strong>ex</strong></span> <span class='ocrx_word' id='word_1_234' title='bbox 2908 1470 3070 1527; x_wconf 84' lang='lat' dir='ltr'><strong>Patre</strong></span> <span class='ocrx_word' id='word_1_235' title='bbox 3095 1486 3190 1541; x_wconf 88' lang='lat' dir='ltr'><strong>per</strong></span> <span class='ocrx_word' id='word_1_236' title='bbox 3217 1469 3414 1525; x_wconf 85' lang='lat' dir='ltr'><strong>Filium</strong></span> <span class='ocrx_word' id='word_1_237' title='bbox 3434 1473 3599 1525; x_wconf 88' lang='lat' dir='ltr'><strong>datur</strong></span> 
     </span>
    </p>
   </div>
   <div class='ocr_carea' id='block_1_30' title="bbox 2016 1561 3594 1637">
    <p class='ocr_par' dir='ltr' id='par_1_30' title="bbox 2016 1561 3594 1637">
     <span class='ocr_line' id='line_1_30' title="bbox 2016 1561 3594 1637; baseline -0.004 -17"><span class='ocrx_word' id='word_1_238' title='bbox 2016 1567 2213 1637; x_wconf 81' lang='lat' dir='ltr'><strong>gratia,</strong></span> <span class='ocrx_word' id='word_1_239' title='bbox 2242 1565 2314 1619; x_wconf 91' lang='lat' dir='ltr'><strong>ita</strong></span> <span class='ocrx_word' id='word_1_240' title='bbox 2351 1566 2405 1619; x_wconf 91' lang='lat' dir='ltr'><strong>in</strong></span> <span class='ocrx_word' id='word_1_241' title='bbox 2443 1565 2601 1620; x_wconf 90' lang='lat' dir='ltr'><strong>nobis</strong></span> <span class='ocrx_word' id='word_1_242' title='bbox 2627 1565 2755 1619; x_wconf 86' lang='lat' dir='ltr'><strong>ﬁeri.</strong></span> <span class='ocrx_word' id='word_1_243' title='bbox 2772 1580 2878 1618; x_wconf 89' lang='lat' dir='ltr'><strong>non</strong></span> <span class='ocrx_word' id='word_1_244' title='bbox 2911 1572 3092 1633; x_wconf 84' lang='lat' dir='ltr'><strong>potest</strong></span> <span class='ocrx_word' id='word_1_245' title='bbox 3125 1563 3253 1616; x_wconf 89' lang='lat' dir='ltr'><strong>doni</strong></span> <span class='ocrx_word' id='word_1_246' title='bbox 3276 1561 3594 1617; x_wconf 84' lang='lat' dir='ltr'><strong>communi-</strong></span> 
     </span>
    </p>
   </div>
   <div class='ocr_carea' id='block_1_31' title="bbox 2016 1653 3596 1727">
    <p class='ocr_par' dir='ltr' id='par_1_31' title="bbox 2016 1653 3596 1727">
     <span class='ocr_line' id='line_1_31' title="bbox 2016 1653 3596 1727; baseline -0.005 -13"><span class='ocrx_word' id='word_1_247' title='bbox 2016 1658 2161 1714; x_wconf 83' lang='lat' dir='ltr'><strong>catio</strong></span> <span class='ocrx_word' id='word_1_248' title='bbox 2189 1658 2293 1714; x_wconf 89' lang='lat' dir='ltr'><strong>nisi</strong></span> <span class='ocrx_word' id='word_1_249' title='bbox 2319 1658 2371 1712; x_wconf 91' lang='lat' dir='ltr'><strong>in</strong></span> <span class='ocrx_word' id='word_1_250' title='bbox 2401 1657 2609 1727; x_wconf 85' lang='lat' dir='ltr'><strong>Spiritu</strong></span> <span class='ocrx_word' id='word_1_251' title='bbox 2632 1665 2839 1712; x_wconf 85' lang='lat' dir='ltr'><strong>saneto.</strong></span> <span class='ocrx_word' id='word_1_252' title='bbox 2873 1655 3049 1725; x_wconf 81' lang='lat' dir='ltr'><strong>Hujus</strong></span> <span class='ocrx_word' id='word_1_253' title='bbox 3077 1654 3345 1725; x_wconf 89' lang='lat' dir='ltr'><strong>siquidem</strong></span> <span class='ocrx_word' id='word_1_254' title='bbox 3373 1653 3596 1723; x_wconf 81' lang='lat' dir='ltr'><strong>partici-</strong></span> 
     </span>
    </p>
   </div>
   <div class='ocr_carea' id='block_1_32' title="bbox 353 1741 1942 1823">
    <p class='ocr_par' dir='ltr' id='par_1_32' title="bbox 353 1741 1937 1817">
     <span class='ocr_line' id='line_1_32' title="bbox 353 1741 1937 1817; baseline -0.001 -18"><span class='ocrx_word' id='word_1_255' title='bbox 353 1747 559 1809; x_wconf 84' lang='grc' dir='ltr'>δόσεως</span> <span class='ocrx_word' id='word_1_256' title='bbox 590 1747 649 1797; x_wconf 78' lang='grc' dir='ltr'>ἔν</span> <span class='ocrx_word' id='word_1_257' title='bbox 680 1747 834 1817; x_wconf 76' lang='grc' dir='ltr'>ἡμῖν,</span> <span class='ocrx_word' id='word_1_258' title='bbox 883 1747 932 1799; x_wconf 77' lang='grc' dir='ltr'><strong>εί</strong></span> <span class='ocrx_word' id='word_1_259' title='bbox 988 1745 1063 1816; x_wconf 78' lang='grc' dir='ltr'>μὴ</span> <span class='ocrx_word' id='word_1_260' title='bbox 1121 1746 1177 1799; x_wconf 80' lang='grc' dir='ltr'>ὲν</span> <span class='ocrx_word' id='word_1_261' title='bbox 1219 1743 1299 1816; x_wconf 82' lang='grc' dir='ltr'>τῷ</span> <span class='ocrx_word' id='word_1_262' title='bbox 1326 1741 1604 1813; x_wconf 86' lang='grc' dir='ltr'>Πνεύματι</span> <span class='ocrx_word' id='word_1_263' title='bbox 1654 1741 1730 1813; x_wconf 78' lang='grc' dir='ltr'>τῷ</span> <span class='ocrx_word' id='word_1_264' title='bbox 1777 1741 1937 1813; x_wconf 76' lang='grc' dir='ltr'>ἁγίῳ.</span> 
     </span>
    </p>
   </div>
   <div class='ocr_carea' id='block_1_33' title="bbox 2036 1741 3614 1823">
    <p class='ocr_par' dir='ltr' id='par_1_33' title="bbox 2036 1747 3614 1819">
     <span class='ocr_line' id='line_1_33' title="bbox 2036 1747 3614 1819; baseline -0.005 -13"><span class='ocrx_word' id='word_1_265' title='bbox 2036 1768 2111 1807; x_wconf 77' lang='lat' dir='ltr'><strong>)cs</strong></span> <span class='ocrx_word' id='word_1_266' title='bbox 2144 1748 2535 1817; x_wconf 61' lang='lat' dir='ltr'><strong>eﬂi&#39;cti,Patris</strong></span> <span class='ocrx_word' id='word_1_267' title='bbox 2565 1749 2908 1815; x_wconf 88' lang='lat' dir='ltr'><strong>charitatem,</strong></span> <span class='ocrx_word' id='word_1_268' title='bbox 2933 1747 3057 1802; x_wconf 90' lang='lat' dir='ltr'><strong>Filii</strong></span> <span class='ocrx_word' id='word_1_269' title='bbox 3090 1748 3320 1819; x_wconf 90' lang='lat' dir='ltr'><strong>gratiam</strong></span> <span class='ocrx_word' id='word_1_270' title='bbox 3346 1755 3399 1802; x_wconf 71' lang='lat' dir='ltr'><strong>et</strong></span> <span class='ocrx_word' id='word_1_271' title='bbox 3424 1747 3614 1816; x_wconf 87' lang='lat' dir='ltr'><strong>ipsius,</strong></span> 
     </span>
    </p>
   </div>
   <div class='ocr_carea' id='block_1_34' title="bbox 356 1833 1939 1907">
    <p class='ocr_par' dir='ltr' id='par_1_34' title="bbox 356 1833 1939 1907">
     <span class='ocr_line' id='line_1_34' title="bbox 356 1833 1939 1907; baseline -0.003 -17"><span class='ocrx_word' id='word_1_272' title='bbox 356 1836 560 1890; x_wconf 83' lang='grc' dir='ltr'><strong>Τούτου</strong></span> <span class='ocrx_word' id='word_1_273' title='bbox 621 1836 731 1907; x_wconf 84' lang='grc' dir='ltr'><strong>γὰρ</strong></span> <span class='ocrx_word' id='word_1_274' title='bbox 781 1836 1120 1907; x_wconf 81' lang='grc' dir='ltr'><strong>μετέχοντες,</strong></span> <span class='ocrx_word' id='word_1_275' title='bbox 1175 1835 1369 1907; x_wconf 82' lang='grc' dir='ltr'>ἔχομεν</span> <span class='ocrx_word' id='word_1_276' title='bbox 1423 1833 1518 1890; x_wconf 90' lang='grc' dir='ltr'><strong>τοῦ</strong></span> <span class='ocrx_word' id='word_1_277' title='bbox 1574 1834 1788 1906; x_wconf 83' lang='grc' dir='ltr'>Πατρδς</span> <span class='ocrx_word' id='word_1_278' title='bbox 1840 1833 1939 1904; x_wconf 80' lang='grc' dir='ltr'><strong>τὴν</strong></span> 
     </span>
    </p>
   </div>
   <div class='ocr_carea' id='block_1_35' title="bbox 357 1922 1938 2000">
    <p class='ocr_par' dir='ltr' id='par_1_35' title="bbox 357 1922 1938 2000">
     <span class='ocr_line' id='line_1_35' title="bbox 357 1922 1938 2000; baseline -0.002 -20"><span class='ocrx_word' id='word_1_279' title='bbox 357 1928 603 1998; x_wconf 83' lang='grc' dir='ltr'>ἀγάπην,</span> <span class='ocrx_word' id='word_1_280' title='bbox 655 1927 878 1980; x_wconf 77' lang='grc' dir='ltr'>καὶτοῦ</span> <span class='ocrx_word' id='word_1_281' title='bbox 932 1927 1064 1983; x_wconf 84' lang='grc' dir='ltr'>Υίοῦ</span> <span class='ocrx_word' id='word_1_282' title='bbox 1113 1928 1212 2000; x_wconf 79' lang='grc' dir='ltr'>τὴν</span> <span class='ocrx_word' id='word_1_283' title='bbox 1267 1927 1449 1999; x_wconf 86' lang='grc' dir='ltr'>χάριν,</span> <span class='ocrx_word' id='word_1_284' title='bbox 1508 1925 1601 1980; x_wconf 79' lang='grc' dir='ltr'>καὶ</span> <span class='ocrx_word' id='word_1_285' title='bbox 1651 1925 1815 1979; x_wconf 81' lang='grc' dir='ltr'>αὐτοῦ</span> <span class='ocrx_word' id='word_1_286' title='bbox 1843 1922 1938 1979; x_wconf 89' lang='grc' dir='ltr'><strong>τοῦ</strong></span> 
     </span>
    </p>
   </div>
   <div class='ocr_carea' id='block_1_36' title="bbox 356 2018 1141 2091">
    <p class='ocr_par' dir='ltr' id='par_1_36' title="bbox 356 2018 1141 2091">
     <span class='ocr_line' id='line_1_36' title="bbox 356 2018 1141 2091; baseline 0.001 -18"><span class='ocrx_word' id='word_1_287' title='bbox 356 2019 497 2073; x_wconf 87' lang='grc' dir='ltr'>Πνεύ</span> <span class='ocrx_word' id='word_1_288' title='bbox 504 2035 672 2091; x_wconf 87' lang='grc' dir='ltr'>ματος</span> <span class='ocrx_word' id='word_1_289' title='bbox 703 2018 802 2090; x_wconf 82' lang='grc' dir='ltr'>τὴν</span> <span class='ocrx_word' id='word_1_290' title='bbox 838 2019 1141 2074; x_wconf 81' lang='grc' dir='ltr'>κοινωνίαν.</span> 
     </span>
    </p>
   </div>
   <div class='ocr_carea' id='block_1_37' title="bbox 548 2111 1939 2184">
    <p class='ocr_par' dir='ltr' id='par_1_37' title="bbox 548 2111 1939 2184">
     <span class='ocr_line' id='line_1_37' title="bbox 548 2111 1939 2184; baseline 0.009 -20"><span class='ocrx_word' id='word_1_291' title='bbox 548 2111 663 2166; x_wconf 85' lang='grc' dir='ltr'>Μία</span> <span class='ocrx_word' id='word_1_292' title='bbox 694 2112 803 2183; x_wconf 81' lang='grc' dir='ltr'>ἄρα</span> <span class='ocrx_word' id='word_1_293' title='bbox 839 2113 933 2166; x_wconf 77' lang='grc' dir='ltr'><strong>καὶ</strong></span> <span class='ocrx_word' id='word_1_294' title='bbox 965 2113 1029 2165; x_wconf 85' lang='grc' dir='ltr'>ὲκ</span> <span class='ocrx_word' id='word_1_295' title='bbox 1057 2111 1260 2166; x_wconf 83' lang='grc' dir='ltr'>τούτων</span> <span class='ocrx_word' id='word_1_296' title='bbox 1303 2114 1336 2184; x_wconf 83' lang='grc' dir='ltr'>ἡ</span> <span class='ocrx_word' id='word_1_297' title='bbox 1384 2115 1483 2184; x_wconf 78' lang='grc' dir='ltr'>τῆς</span> <span class='ocrx_word' id='word_1_298' title='bbox 1513 2111 1745 2183; x_wconf 86' lang='grc' dir='ltr'>Τριάδος</span> <span class='ocrx_word' id='word_1_299' title='bbox 1790 2112 1939 2183; x_wconf 77' lang='grc' dir='ltr'><strong>ἐνέρ-</strong></span> 
     </span>
    </p>
   </div>
   <div class='ocr_carea' id='block_1_38' title="bbox 358 2201 1938 2276">
    <p class='ocr_par' dir='ltr' id='par_1_38' title="bbox 358 2201 1938 2276">
     <span class='ocr_line' id='line_1_38' title="bbox 358 2201 1938 2276; baseline 0 -20"><span class='ocrx_word' id='word_1_300' title='bbox 358 2220 483 2271; x_wconf 89' lang='grc' dir='ltr'>γεια</span> <span class='ocrx_word' id='word_1_301' title='bbox 502 2202 796 2257; x_wconf 81' lang='grc' dir='ltr'>δείκνυται.</span> <span class='ocrx_word' id='word_1_302' title='bbox 827 2203 903 2257; x_wconf 83' lang='grc' dir='ltr'>Ού</span> <span class='ocrx_word' id='word_1_303' title='bbox 930 2203 1039 2276; x_wconf 83' lang='grc' dir='ltr'><strong>γὰρ</strong></span> <span class='ocrx_word' id='word_1_304' title='bbox 1062 2204 1137 2267; x_wconf 85' lang='grc' dir='ltr'>ὠς</span> <span class='ocrx_word' id='word_1_305' title='bbox 1164 2204 1295 2275; x_wconf 78' lang='grc' dir='ltr'>παρ’</span> <span class='ocrx_word' id='word_1_306' title='bbox 1324 2203 1555 2258; x_wconf 77' lang='grc' dir='ltr'>ἑκάστου</span> <span class='ocrx_word' id='word_1_307' title='bbox 1580 2203 1815 2274; x_wconf 81' lang='grc' dir='ltr'>διάφορα</span> <span class='ocrx_word' id='word_1_308' title='bbox 1844 2201 1938 2257; x_wconf 80' lang='grc' dir='ltr'>καὶ</span> 
     </span>
    </p>
   </div>
   <div class='ocr_carea' id='block_1_39' title="bbox 359 2294 1932 2366">
    <p class='ocr_par' dir='ltr' id='par_1_39' title="bbox 359 2294 1932 2366">
     <span class='ocr_line' id='line_1_39' title="bbox 359 2294 1932 2366; baseline 0.003 -21"><span class='ocrx_word' id='word_1_309' title='bbox 359 2294 664 2365; x_wconf 78' lang='grc' dir='ltr'>διῃρημένα</span> <span class='ocrx_word' id='word_1_310' title='bbox 691 2294 760 2348; x_wconf 76' lang='grc' dir='ltr'><strong>τὰ</strong></span> <span class='ocrx_word' id='word_1_311' title='bbox 788 2294 1041 2366; x_wconf 81' lang='grc' dir='ltr'>διδόμενα</span> <span class='ocrx_word' id='word_1_312' title='bbox 1072 2295 1329 2366; x_wconf 85' lang='grc' dir='ltr'>σημαίνει</span> <span class='ocrx_word' id='word_1_313' title='bbox 1354 2296 1383 2348; x_wconf 98' lang='lat'><strong>0</strong></span> <span class='ocrx_word' id='word_1_314' title='bbox 1436 2294 1757 2359; x_wconf 81' lang='grc' dir='ltr'>Ἀπόστολος</span> <span class='ocrx_word' id='word_1_315' title='bbox 1777 2311 1791 2324; x_wconf 73' lang='grc'><strong>⁸</strong></span> <span class='ocrx_word' id='word_1_316' title='bbox 1822 2294 1932 2349; x_wconf 80' lang='grc' dir='ltr'>ἀλλ’</span> 
     </span>
    </p>
   </div>
   <div class='ocr_carea' id='block_1_40' title="bbox 348 2378 1934 2451">
    <p class='ocr_par' dir='ltr' id='par_1_40' title="bbox 348 2378 1934 2451">
     <span class='ocr_line' id='line_1_40' title="bbox 348 2378 1934 2451; baseline -0.005 -11"><span class='ocrx_word' id='word_1_317' title='bbox 348 2388 429 2440; x_wconf 77' lang='grc' dir='ltr'>ὅτι</span> <span class='ocrx_word' id='word_1_318' title='bbox 455 2383 528 2437; x_wconf 85' lang='grc' dir='ltr'>τὰ</span> <span class='ocrx_word' id='word_1_319' title='bbox 545 2381 797 2451; x_wconf 84' lang='grc' dir='ltr'>διδόμενα</span> <span class='ocrx_word' id='word_1_320' title='bbox 962 2380 1018 2432; x_wconf 79' lang='grc' dir='ltr'>ὲν</span> <span class='ocrx_word' id='word_1_321' title='bbox 1042 2378 1235 2450; x_wconf 83' lang='grc' dir='ltr'>Τριάδι</span> <span class='ocrx_word' id='word_1_322' title='bbox 1259 2378 1480 2442; x_wconf 85' lang='grc' dir='ltr'>δίδοται,</span> <span class='ocrx_word' id='word_1_323' title='bbox 1515 2378 1610 2432; x_wconf 73' lang='grc' dir='ltr'><strong>καὶ</strong></span> <span class='ocrx_word' id='word_1_324' title='bbox 1644 2378 1714 2432; x_wconf 83' lang='grc' dir='ltr'>τὰ</span> <span class='ocrx_word' id='word_1_325' title='bbox 1753 2378 1934 2433; x_wconf 84' lang='grc' dir='ltr'>πάντα</span> 
     </span>
    </p>
   </div>
   <div class='ocr_carea' id='block_1_41' title="bbox 352 2468 1938 2541">
    <p class='ocr_par' dir='ltr' id='par_1_41' title="bbox 352 2468 1938 2541">
     <span class='ocr_line' id='line_1_41' title="bbox 352 2468 1938 2541; baseline -0.004 -13"><span class='ocrx_word' id='word_1_326' title='bbox 352 2474 412 2541; x_wconf 76' lang='grc' dir='ltr'>ἐξ</span> <span class='ocrx_word' id='word_1_327' title='bbox 439 2473 557 2537; x_wconf 80' lang='grc' dir='ltr'>ἑνὸς</span> <span class='ocrx_word' id='word_1_328' title='bbox 578 2469 713 2526; x_wconf 83' lang='grc' dir='ltr'>Θεοῦ</span> <span class='ocrx_word' id='word_1_329' title='bbox 743 2473 879 2524; x_wconf 74' lang='grc' dir='ltr'>ἐστι.</span> <span class='ocrx_word' id='word_1_330' title='bbox 911 2470 986 2524; x_wconf 86' lang='grc' dir='ltr'><strong>Τὸ</strong></span> <span class='ocrx_word' id='word_1_331' title='bbox 1006 2469 1185 2524; x_wconf 86' lang='grc' dir='ltr'>τοίνυν</span> <span class='ocrx_word' id='word_1_332' title='bbox 1208 2470 1283 2541; x_wconf 83' lang='grc' dir='ltr'>μὴ</span> <span class='ocrx_word' id='word_1_333' title='bbox 1311 2468 1372 2523; x_wconf 82' lang='grc' dir='ltr'>ὃν</span> <span class='ocrx_word' id='word_1_334' title='bbox 1394 2468 1622 2539; x_wconf 86' lang='grc' dir='ltr'>κτίσμα,</span> <span class='ocrx_word' id='word_1_335' title='bbox 1658 2469 1775 2523; x_wconf 83' lang='grc' dir='ltr'>ἀλλ’</span> <span class='ocrx_word' id='word_1_336' title='bbox 1795 2472 1938 2541; x_wconf 82' lang='grc' dir='ltr'>ἡνω-</span> 
     </span>
    </p>
   </div>
   <div class='ocr_carea' id='block_1_42' title="bbox 356 2561 1936 2639">
    <p class='ocr_par' dir='ltr' id='par_1_42' title="bbox 356 2561 1936 2639">
     <span class='ocr_line' id='line_1_42' title="bbox 356 2561 1936 2639; baseline -0.005 -18"><span class='ocrx_word' id='word_1_337' title='bbox 356 2567 514 2639; x_wconf 81' lang='grc' dir='ltr'>μένον</span> <span class='ocrx_word' id='word_1_338' title='bbox 540 2564 620 2635; x_wconf 78' lang='grc' dir='ltr'><strong>τῷ</strong></span> <span class='ocrx_word' id='word_1_339' title='bbox 656 2563 787 2634; x_wconf 77' lang='grc' dir='ltr'><strong>Υίῷ,</strong></span> <span class='ocrx_word' id='word_1_340' title='bbox 820 2563 896 2627; x_wconf 85' lang='grc' dir='ltr'><strong>ὡς</strong></span> <span class='ocrx_word' id='word_1_341' title='bbox 920 2565 949 2617; x_wconf 94' lang='lat'><strong>0</strong></span> <span class='ocrx_word' id='word_1_342' title='bbox 980 2563 1105 2626; x_wconf 81' lang='grc' dir='ltr'><strong>Υἱὸς</strong></span> <span class='ocrx_word' id='word_1_343' title='bbox 1143 2563 1353 2635; x_wconf 75' lang='grc' dir='ltr'>ἥνωται</span> <span class='ocrx_word' id='word_1_344' title='bbox 1387 2562 1465 2634; x_wconf 86' lang='grc' dir='ltr'>τῷ</span> <span class='ocrx_word' id='word_1_345' title='bbox 1492 2563 1689 2632; x_wconf 78' lang='grc' dir='ltr'>Πατρὶ,</span> <span class='ocrx_word' id='word_1_346' title='bbox 1720 2561 1782 2614; x_wconf 79' lang='grc' dir='ltr'>τὸ</span> <span class='ocrx_word' id='word_1_347' title='bbox 1811 2578 1936 2614; x_wconf 74' lang='grc' dir='ltr'>συν·</span> 
     </span>
    </p>
   </div>
   <div class='ocr_carea' id='block_1_43' title="bbox 350 2653 1940 2728">
    <p class='ocr_par' dir='ltr' id='par_1_43' title="bbox 350 2653 1940 2728">
     <span class='ocr_line' id='line_1_43' title="bbox 350 2653 1940 2728; baseline -0.003 -17"><span class='ocrx_word' id='word_1_348' title='bbox 350 2657 705 2728; x_wconf 80' lang='grc' dir='ltr'>δοξαζόμενον</span> <span class='ocrx_word' id='word_1_349' title='bbox 740 2657 915 2727; x_wconf 81' lang='grc' dir='ltr'>Πατρὶ</span> <span class='ocrx_word' id='word_1_350' title='bbox 942 2655 1038 2708; x_wconf 72' lang='grc' dir='ltr'>καὶ</span> <span class='ocrx_word' id='word_1_351' title='bbox 1069 2654 1205 2725; x_wconf 83' lang='grc' dir='ltr'>Υἰῷ,</span> <span class='ocrx_word' id='word_1_352' title='bbox 1224 2657 1317 2708; x_wconf 80' lang='grc' dir='ltr'>καὶ</span> <span class='ocrx_word' id='word_1_353' title='bbox 1342 2653 1593 2722; x_wconf 88' lang='grc' dir='ltr'>θεολογού</span> <span class='ocrx_word' id='word_1_354' title='bbox 1603 2671 1763 2723; x_wconf 85' lang='grc' dir='ltr'>μενον</span> <span class='ocrx_word' id='word_1_355' title='bbox 1802 2654 1940 2724; x_wconf 80' lang='grc' dir='ltr'>μετὰ</span> 
     </span>
    </p>
   </div>
   <div class='ocr_carea' id='block_1_44' title="bbox 353 2742 1937 2820">
    <p class='ocr_par' dir='ltr' id='par_1_44' title="bbox 353 2742 1937 2820">
     <span class='ocr_line' id='line_1_44' title="bbox 353 2742 1937 2820; baseline -0.002 -20"><span class='ocrx_word' id='word_1_356' title='bbox 353 2748 447 2801; x_wconf 85' lang='grc' dir='ltr'><strong>τοῦ</strong></span> <span class='ocrx_word' id='word_1_357' title='bbox 478 2749 672 2817; x_wconf 87' lang='grc' dir='ltr'>Λόγου,</span> <span class='ocrx_word' id='word_1_358' title='bbox 702 2748 955 2819; x_wconf 78' lang='grc' dir='ltr'>ἐνεργοῦν</span> <span class='ocrx_word' id='word_1_359' title='bbox 977 2765 1035 2800; x_wconf 90' lang='grc' dir='ltr'><strong>τε</strong></span> <span class='ocrx_word' id='word_1_360' title='bbox 1061 2748 1207 2819; x_wconf 75' lang='grc' dir='ltr'>ἅπερ</span> <span class='ocrx_word' id='word_1_361' title='bbox 1247 2749 1275 2801; x_wconf 91' lang='grc' dir='ltr'><strong>ὁ</strong></span> <span class='ocrx_word' id='word_1_362' title='bbox 1309 2747 1498 2820; x_wconf 77' lang='grc' dir='ltr'>Πατὴρ</span> <span class='ocrx_word' id='word_1_363' title='bbox 1538 2744 1627 2799; x_wconf 81' lang='grc' dir='ltr'><strong>διὰ</strong></span> <span class='ocrx_word' id='word_1_364' title='bbox 1680 2744 1775 2798; x_wconf 90' lang='grc' dir='ltr'><strong>τοῦ</strong></span> <span class='ocrx_word' id='word_1_365' title='bbox 1806 2742 1937 2798; x_wconf 77' lang='grc' dir='ltr'>Υίοῦ</span> 
     </span>
    </p>
   </div>
   <div class='ocr_carea' id='block_1_45' title="bbox 357 2837 1941 2909">
    <p class='ocr_par' dir='ltr' id='par_1_45' title="bbox 357 2837 1941 2909">
     <span class='ocr_line' id='line_1_45' title="bbox 357 2837 1941 2909; baseline -0.003 -17"><span class='ocrx_word' id='word_1_366' title='bbox 357 2838 670 2909; x_wconf 75' lang='grc' dir='ltr'>ἐργάζεται,</span> <span class='ocrx_word' id='word_1_367' title='bbox 693 2838 811 2901; x_wconf 84' lang='grc' dir='ltr'>πῶς</span> <span class='ocrx_word' id='word_1_368' title='bbox 842 2839 871 2889; x_wconf 90' lang='lat'><strong>0</strong></span> <span class='ocrx_word' id='word_1_369' title='bbox 898 2838 1074 2908; x_wconf 82' lang='grc' dir='ltr'>λέγων</span> <span class='ocrx_word' id='word_1_370' title='bbox 1095 2838 1302 2908; x_wconf 81' lang='grc' dir='ltr'>κτίσμα</span> <span class='ocrx_word' id='word_1_371' title='bbox 1330 2839 1429 2891; x_wconf 82' lang='grc' dir='ltr'>οὐκ</span> <span class='ocrx_word' id='word_1_372' title='bbox 1452 2837 1713 2909; x_wconf 84' lang='grc' dir='ltr'>ἄντικρυς</span> <span class='ocrx_word' id='word_1_373' title='bbox 1744 2838 1822 2900; x_wconf 87' lang='grc' dir='ltr'><strong>είς</strong></span> <span class='ocrx_word' id='word_1_374' title='bbox 1844 2837 1941 2889; x_wconf 85' lang='grc' dir='ltr'>αύ-</span> 
     </span>
    </p>
   </div>
   <div class='ocr_carea' id='block_1_46' title="bbox 354 2924 1938 3001">
    <p class='ocr_par' dir='ltr' id='par_1_46' title="bbox 354 2924 1938 3001">
     <span class='ocr_line' id='line_1_46' title="bbox 354 2924 1938 3001; baseline -0.001 -19"><span class='ocrx_word' id='word_1_375' title='bbox 354 2930 444 2982; x_wconf 80' lang='grc' dir='ltr'><strong>τὺν</strong></span> <span class='ocrx_word' id='word_1_376' title='bbox 475 2930 569 2983; x_wconf 80' lang='grc' dir='ltr'><strong>τὸν</strong></span> <span class='ocrx_word' id='word_1_377' title='bbox 599 2929 728 2984; x_wconf 80' lang='grc' dir='ltr'>Υἱδν</span> <span class='ocrx_word' id='word_1_378' title='bbox 756 2929 977 2995; x_wconf 73' lang='grc' dir='ltr'>ἀσεὸεῖς</span> <span class='ocrx_word' id='word_1_379' title='bbox 1002 2929 1171 2983; x_wconf 81' lang='grc' dir='ltr'>Οὐδὲν</span> <span class='ocrx_word' id='word_1_380' title='bbox 1203 2929 1314 3001; x_wconf 87' lang='grc' dir='ltr'>γάρ</span> <span class='ocrx_word' id='word_1_381' title='bbox 1360 2930 1509 2982; x_wconf 78' lang='grc' dir='ltr'>ἑστιν</span> <span class='ocrx_word' id='word_1_382' title='bbox 1540 2929 1569 2982; x_wconf 83' lang='grc' dir='ltr'><strong>ὅ</strong></span> <span class='ocrx_word' id='word_1_383' title='bbox 1614 2928 1689 3001; x_wconf 81' lang='grc' dir='ltr'><strong>μὴ</strong></span> <span class='ocrx_word' id='word_1_384' title='bbox 1717 2927 1806 2981; x_wconf 83' lang='grc' dir='ltr'>διὰ</span> <span class='ocrx_word' id='word_1_385' title='bbox 1844 2924 1938 2981; x_wconf 85' lang='grc' dir='ltr'><strong>τοῦ</strong></span> 
     </span>
    </p>
   </div>
   <div class='ocr_carea' id='block_1_47' title="bbox 356 3018 1942 3093">
    <p class='ocr_par' dir='ltr' id='par_1_47' title="bbox 356 3018 1942 3093">
     <span class='ocr_line' id='line_1_47' title="bbox 356 3018 1942 3093; baseline -0.001 -19"><span class='ocrx_word' id='word_1_386' title='bbox 356 3022 528 3090; x_wconf 83' lang='grc' dir='ltr'>Λόγου</span> <span class='ocrx_word' id='word_1_387' title='bbox 560 3023 618 3073; x_wconf 81' lang='grc' dir='ltr'>ἐν</span> <span class='ocrx_word' id='word_1_388' title='bbox 638 3020 716 3091; x_wconf 83' lang='grc' dir='ltr'><strong>τῷ</strong></span> <span class='ocrx_word' id='word_1_389' title='bbox 740 3019 1018 3093; x_wconf 87' lang='grc' dir='ltr'>Πνεύματι</span> <span class='ocrx_word' id='word_1_390' title='bbox 1043 3021 1254 3089; x_wconf 88' lang='grc' dir='ltr'>γίνεται</span> <span class='ocrx_word' id='word_1_391' title='bbox 1282 3021 1376 3074; x_wconf 79' lang='grc' dir='ltr'>καὶ</span> <span class='ocrx_word' id='word_1_392' title='bbox 1408 3021 1734 3092; x_wconf 75' lang='grc' dir='ltr'>ἐνεργεῖται.</span> <span class='ocrx_word' id='word_1_393' title='bbox 1769 3018 1942 3072; x_wconf 89' lang='grc' dir='ltr'>Τοῦτο</span> 
     </span>
    </p>
   </div>
   <div class='ocr_carea' id='block_1_48' title="bbox 2019 1839 3163 1913">
    <p class='ocr_par' dir='ltr' id='par_1_48' title="bbox 2019 1839 3163 1913">
     <span class='ocr_line' id='line_1_48' title="bbox 2019 1839 3163 1913; baseline -0.001 -17"><span class='ocrx_word' id='word_1_394' title='bbox 2019 1842 2257 1913; x_wconf 84' lang='lat' dir='ltr'><strong>Spiritus</strong></span> <span class='ocrx_word' id='word_1_395' title='bbox 2288 1839 2838 1897; x_wconf 74' lang='lat' dir='ltr'><strong>communicationem</strong></span> <span class='ocrx_word' id='word_1_396' title='bbox 2870 1840 3163 1898; x_wconf 74' lang='lat' dir='ltr'><strong>habemus.</strong></span> 
     </span>
    </p>
   </div>
   <div class='ocr_carea' id='block_1_49' title="bbox 2218 2104 3599 2176">
    <p class='ocr_par' dir='ltr' id='par_1_49' title="bbox 2218 2104 3599 2176">
     <span class='ocr_line' id='line_1_49' title="bbox 2218 2104 3599 2176; baseline -0.001 -16"><span class='ocrx_word' id='word_1_397' title='bbox 2218 2104 2293 2160; x_wconf 84' lang='lat' dir='ltr'><strong>Ex</strong></span> <span class='ocrx_word' id='word_1_398' title='bbox 2322 2106 2409 2161; x_wconf 89' lang='lat' dir='ltr'><strong>his</strong></span> <span class='ocrx_word' id='word_1_399' title='bbox 2464 2105 2630 2176; x_wconf 80' lang='lat' dir='ltr'><strong>igitur</strong></span> <span class='ocrx_word' id='word_1_400' title='bbox 2668 2121 2774 2159; x_wconf 86' lang='lat' dir='ltr'><strong>una</strong></span> <span class='ocrx_word' id='word_1_401' title='bbox 2824 2105 3109 2161; x_wconf 82' lang='lat' dir='ltr'><strong>Trinitatis</strong></span> <span class='ocrx_word' id='word_1_402' title='bbox 3138 2106 3420 2160; x_wconf 77' lang='lat' dir='ltr'><strong>rlﬁcicntia</strong></span> <span class='ocrx_word' id='word_1_403' title='bbox 3475 2120 3599 2160; x_wconf 88' lang='lat' dir='ltr'><strong>esse</strong></span> 
     </span>
    </p>
   </div>
   <div class='ocr_carea' id='block_1_50' title="bbox 2021 2197 3598 2267">
    <p class='ocr_par' dir='ltr' id='par_1_50' title="bbox 2021 2197 3598 2267">
     <span class='ocr_line' id='line_1_50' title="bbox 2021 2197 3598 2267; baseline -0.004 -11"><span class='ocrx_word' id='word_1_404' title='bbox 2021 2199 2343 2256; x_wconf 78' lang='lat' dir='ltr'><strong>ostenditur.</strong></span> <span class='ocrx_word' id='word_1_405' title='bbox 2370 2197 2481 2254; x_wconf 87' lang='lat' dir='ltr'><strong>Nec</strong></span> <span class='ocrx_word' id='word_1_406' title='bbox 2509 2201 2651 2253; x_wconf 89' lang='lat' dir='ltr'><strong>enim</strong></span> <span class='ocrx_word' id='word_1_407' title='bbox 2686 2199 2896 2253; x_wconf 82' lang='lat' dir='ltr'><strong>diversa</strong></span> <span class='ocrx_word' id='word_1_408' title='bbox 2924 2208 2978 2253; x_wconf 90' lang='lat' dir='ltr'><strong>et</strong></span> <span class='ocrx_word' id='word_1_409' title='bbox 2997 2198 3170 2253; x_wconf 77' lang='lat' dir='ltr'><strong>divisa</strong></span> <span class='ocrx_word' id='word_1_410' title='bbox 3199 2198 3315 2253; x_wconf 88' lang='lat' dir='ltr'><strong>dari</strong></span> <span class='ocrx_word' id='word_1_411' title='bbox 3347 2212 3378 2253; x_wconf 87' lang='lat' dir='ltr'><strong>a</strong></span> <span class='ocrx_word' id='word_1_412' title='bbox 3408 2197 3598 2267; x_wconf 80' lang='lat' dir='ltr'><strong>singu-</strong></span> 
     </span>
    </p>
   </div>
   <div class='ocr_carea' id='block_1_51' title="bbox 2020 2289 3601 2364">
    <p class='ocr_par' dir='ltr' id='par_1_51' title="bbox 2020 2289 3601 2364">
     <span class='ocr_line' id='line_1_51' title="bbox 2020 2289 3601 2364; baseline -0.002 -17"><span class='ocrx_word' id='word_1_413' title='bbox 2020 2293 2090 2348; x_wconf 90' lang='lat' dir='ltr'><strong>lis</strong></span> <span class='ocrx_word' id='word_1_414' title='bbox 2113 2293 2382 2364; x_wconf 80' lang='lat' dir='ltr'><strong>signiﬁcat</strong></span> <span class='ocrx_word' id='word_1_415' title='bbox 2405 2292 2722 2362; x_wconf 84' lang='lat' dir='ltr'><strong>Apostolus,</strong></span> <span class='ocrx_word' id='word_1_416' title='bbox 2755 2290 2847 2348; x_wconf 78' lang='lat' dir='ltr'><strong>sed</strong></span> <span class='ocrx_word' id='word_1_417' title='bbox 2880 2306 2942 2345; x_wconf 89' lang='lat' dir='ltr'><strong>ea</strong></span> <span class='ocrx_word' id='word_1_418' title='bbox 2964 2307 3085 2362; x_wconf 73' lang='lat' dir='ltr'><strong>quae</strong></span> <span class='ocrx_word' id='word_1_419' title='bbox 3106 2292 3324 2356; x_wconf 88' lang='lat' dir='ltr'><strong>dantur,</strong></span> <span class='ocrx_word' id='word_1_420' title='bbox 3378 2290 3433 2345; x_wconf 88' lang='lat' dir='ltr'><strong>in</strong></span> <span class='ocrx_word' id='word_1_421' title='bbox 3474 2289 3601 2344; x_wconf 76' lang='lat' dir='ltr'><strong>Tri~</strong></span> 
     </span>
    </p>
   </div>
   <div class='ocr_carea' id='block_1_52' title="bbox 2036 2379 3619 2453">
    <p class='ocr_par' dir='ltr' id='par_1_52' title="bbox 2036 2379 3619 2453">
     <span class='ocr_line' id='line_1_52' title="bbox 2036 2379 3619 2453; baseline 0.002 -22"><span class='ocrx_word' id='word_1_422' title='bbox 2036 2379 2205 2435; x_wconf 86' lang='lat' dir='ltr'><strong>nitate</strong></span> <span class='ocrx_word' id='word_1_423' title='bbox 2236 2384 2376 2446; x_wconf 90' lang='lat' dir='ltr'><strong>dari,</strong></span> <span class='ocrx_word' id='word_1_424' title='bbox 2416 2384 2709 2453; x_wconf 86' lang='lat' dir='ltr'><strong>omniaque</strong></span> <span class='ocrx_word' id='word_1_425' title='bbox 2744 2399 2814 2440; x_wconf 72' lang='lat' dir='ltr'><strong>ex</strong></span> <span class='ocrx_word' id='word_1_426' title='bbox 2849 2400 2959 2438; x_wconf 89' lang='lat' dir='ltr'><strong>uno</strong></span> <span class='ocrx_word' id='word_1_427' title='bbox 2992 2382 3099 2437; x_wconf 86' lang='lat' dir='ltr'><strong>Deo</strong></span> <span class='ocrx_word' id='word_1_428' title='bbox 3132 2396 3274 2436; x_wconf 88' lang='lat' dir='ltr'><strong>esse.</strong></span> <span class='ocrx_word' id='word_1_429' title='bbox 3314 2379 3408 2435; x_wconf 84' lang='lat' dir='ltr'><strong>Ille</strong></span> <span class='ocrx_word' id='word_1_430' title='bbox 3454 2381 3619 2452; x_wconf 78' lang='lat' dir='ltr'><strong>igitur</strong></span> 
     </span>
    </p>
   </div>
   <div class='ocr_carea' id='block_1_53' title="bbox 2037 2473 3618 2544">
    <p class='ocr_par' dir='ltr' id='par_1_53' title="bbox 2037 2473 3618 2544">
     <span class='ocr_line' id='line_1_53' title="bbox 2037 2473 3618 2544; baseline -0.001 -16"><span class='ocrx_word' id='word_1_431' title='bbox 2037 2475 2241 2544; x_wconf 77' lang='lat' dir='ltr'><strong>quires</strong></span> <span class='ocrx_word' id='word_1_432' title='bbox 2267 2485 2453 2531; x_wconf 81' lang='lat' dir='ltr'><strong>creata</strong></span> <span class='ocrx_word' id='word_1_433' title='bbox 2505 2490 2612 2530; x_wconf 92' lang='lat' dir='ltr'><strong>non</strong></span> <span class='ocrx_word' id='word_1_434' title='bbox 2664 2484 2768 2538; x_wconf 88' lang='lat' dir='ltr'><strong>est,</strong></span> <span class='ocrx_word' id='word_1_435' title='bbox 2803 2476 2895 2530; x_wconf 89' lang='lat' dir='ltr'><strong>sed</strong></span> <span class='ocrx_word' id='word_1_436' title='bbox 2928 2491 3052 2530; x_wconf 88' lang='lat' dir='ltr'><strong>cum</strong></span> <span class='ocrx_word' id='word_1_437' title='bbox 3104 2473 3244 2528; x_wconf 87' lang='lat' dir='ltr'><strong>Filio</strong></span> <span class='ocrx_word' id='word_1_438' title='bbox 3298 2488 3404 2527; x_wconf 89' lang='lat' dir='ltr'><strong>non</strong></span> <span class='ocrx_word' id='word_1_439' title='bbox 3459 2486 3618 2527; x_wconf 84' lang='lat' dir='ltr'><strong>secus</strong></span> 
     </span>
    </p>
   </div>
   <div class='ocr_carea' id='block_1_54' title="bbox 2037 2564 3617 2638">
    <p class='ocr_par' dir='ltr' id='par_1_54' title="bbox 2037 2564 3617 2638">
     <span class='ocr_line' id='line_1_54' title="bbox 2037 2564 3617 2638; baseline -0.005 -15"><span class='ocrx_word' id='word_1_440' title='bbox 2037 2568 2362 2638; x_wconf 69' lang='lat' dir='ltr'><strong>coniunctus</strong></span> <span class='ocrx_word' id='word_1_441' title='bbox 2396 2578 2499 2630; x_wconf 89' lang='lat' dir='ltr'><strong>est,</strong></span> <span class='ocrx_word' id='word_1_442' title='bbox 2531 2583 2595 2623; x_wconf 81' lang='lat' dir='ltr'><strong>ac</strong></span> <span class='ocrx_word' id='word_1_443' title='bbox 2625 2567 2741 2637; x_wconf 88' lang='lat' dir='ltr'><strong>ipsc</strong></span> <span class='ocrx_word' id='word_1_444' title='bbox 2770 2567 2940 2622; x_wconf 79' lang='lat' dir='ltr'><strong>Filius</strong></span> <span class='ocrx_word' id='word_1_445' title='bbox 2974 2582 3098 2621; x_wconf 89' lang='lat' dir='ltr'><strong>cum</strong></span> <span class='ocrx_word' id='word_1_446' title='bbox 3139 2565 3297 2621; x_wconf 84' lang='lat' dir='ltr'><strong>Patre</strong></span> <span class='ocrx_word' id='word_1_447' title='bbox 3323 2583 3335 2619; x_wconf 90' lang='lat'><strong>:</strong></span> <span class='ocrx_word' id='word_1_448' title='bbox 3363 2564 3457 2635; x_wconf 90' lang='lat' dir='ltr'><strong>qui</strong></span> <span class='ocrx_word' id='word_1_449' title='bbox 3486 2565 3617 2620; x_wconf 86' lang='lat' dir='ltr'><strong>item</strong></span> 
     </span>
    </p>
   </div>
   <div class='ocr_carea' id='block_1_55' title="bbox 2039 2655 3637 2723">
    <p class='ocr_par' dir='ltr' id='par_1_55' title="bbox 2039 2655 3637 2723">
     <span class='ocr_line' id='line_1_55' title="bbox 2039 2655 3637 2723; baseline -0.003 -8"><span class='ocrx_word' id='word_1_450' title='bbox 2039 2676 2161 2716; x_wconf 90' lang='lat' dir='ltr'><strong>cum</strong></span> <span class='ocrx_word' id='word_1_451' title='bbox 2195 2660 2354 2715; x_wconf 84' lang='lat' dir='ltr'><strong>Patre</strong></span> <span class='ocrx_word' id='word_1_452' title='bbox 2384 2669 2437 2715; x_wconf 89' lang='lat' dir='ltr'><strong>et</strong></span> <span class='ocrx_word' id='word_1_453' title='bbox 2467 2660 2606 2714; x_wconf 72' lang='lat' dir='ltr'><strong>Filio</strong></span> <span class='ocrx_word' id='word_1_454' title='bbox 2625 2660 2960 2723; x_wconf 79' lang='lat' dir='ltr'><strong>honoratur,</strong></span> <span class='ocrx_word' id='word_1_455' title='bbox 2993 2666 3048 2711; x_wconf 82' lang='lat' dir='ltr'><strong>et</strong></span> <span class='ocrx_word' id='word_1_456' title='bbox 3076 2673 3200 2714; x_wconf 89' lang='lat' dir='ltr'><strong>cum</strong></span> <span class='ocrx_word' id='word_1_457' title='bbox 3247 2655 3427 2712; x_wconf 87' lang='lat' dir='ltr'><strong>Verbo</strong></span> <span class='ocrx_word' id='word_1_458' title='bbox 3475 2656 3637 2711; x_wconf 72' lang='lat' dir='ltr'><strong>Deus.</strong></span> 
     </span>
    </p>
   </div>
   <div class='ocr_carea' id='block_1_56' title="bbox 2039 2745 3739 2820">
    <p class='ocr_par' dir='ltr' id='par_1_56' title="bbox 2039 2745 3739 2820">
     <span class='ocr_line' id='line_1_56' title="bbox 2039 2745 3739 2820; baseline -0.003 -16"><span class='ocrx_word' id='word_1_459' title='bbox 2039 2753 2374 2820; x_wconf 74' lang='lat' dir='ltr'><strong>agnoscitur,</strong></span> <span class='ocrx_word' id='word_1_460' title='bbox 2430 2766 2642 2806; x_wconf 87' lang='lat' dir='ltr'><strong>necnon</strong></span> <span class='ocrx_word' id='word_1_461' title='bbox 2670 2766 2733 2806; x_wconf 90' lang='lat' dir='ltr'><strong>ea</strong></span> <span class='ocrx_word' id='word_1_462' title='bbox 2765 2751 2882 2819; x_wconf 91' lang='lat' dir='ltr'><strong>ipsa</strong></span> <span class='ocrx_word' id='word_1_463' title='bbox 2909 2751 3023 2819; x_wconf 80' lang='lat' dir='ltr'><strong>agit</strong></span> <span class='ocrx_word' id='word_1_464' title='bbox 3053 2764 3176 2819; x_wconf 75' lang='lat' dir='ltr'><strong>qua:</strong></span> <span class='ocrx_word' id='word_1_465' title='bbox 3227 2764 3323 2818; x_wconf 91' lang='lat' dir='ltr'><strong>per</strong></span> <span class='ocrx_word' id='word_1_466' title='bbox 3375 2745 3621 2803; x_wconf 89' lang='lat' dir='ltr'><strong>Verbum</strong></span> <span class='ocrx_word' id='word_1_467' title='bbox 3724 2745 3739 2758; x_wconf 84' lang='lat'><strong>‘</strong></span> 
     </span>
    </p>
   </div>
   <div class='ocr_carea' id='block_1_57' title="bbox 2038 2838 3737 2911">
    <p class='ocr_par' dir='ltr' id='par_1_57' title="bbox 2038 2838 3737 2911">
     <span class='ocr_line' id='line_1_57' title="bbox 2038 2838 3737 2911; baseline -0.001 -16"><span class='ocrx_word' id='word_1_468' title='bbox 2038 2840 2198 2896; x_wconf 88' lang='lat' dir='ltr'><strong>Pater</strong></span> <span class='ocrx_word' id='word_1_469' title='bbox 2221 2842 2420 2908; x_wconf 82' lang='lat' dir='ltr'><strong>eﬁicit;</strong></span> <span class='ocrx_word' id='word_1_470' title='bbox 2453 2843 2547 2911; x_wconf 82' lang='lat' dir='ltr'><strong>qui</strong></span> <span class='ocrx_word' id='word_1_471' title='bbox 2575 2857 2662 2897; x_wconf 78' lang='lat' dir='ltr'><strong>res</strong></span> <span class='ocrx_word' id='word_1_472' title='bbox 2696 2849 2882 2896; x_wconf 88' lang='lat' dir='ltr'><strong>creata</strong></span> <span class='ocrx_word' id='word_1_473' title='bbox 2906 2839 3014 2895; x_wconf 91' lang='lat' dir='ltr'><strong>dici</strong></span> <span class='ocrx_word' id='word_1_474' title='bbox 3050 2840 3245 2909; x_wconf 86' lang='lat' dir='ltr'><strong>possit,</strong></span> <span class='ocrx_word' id='word_1_475' title='bbox 3276 2838 3383 2894; x_wconf 90' lang='lat' dir='ltr'><strong>nisi</strong></span> <span class='ocrx_word' id='word_1_476' title='bbox 3427 2840 3497 2893; x_wconf 88' lang='lat' dir='ltr'><strong>ab</strong></span> <span class='ocrx_word' id='word_1_477' title='bbox 3548 2853 3618 2894; x_wconf 88' lang='lat' dir='ltr'><strong>eo</strong></span> <span class='ocrx_word' id='word_1_478' title='bbox 3713 2880 3737 2893; x_wconf 56' lang='grc' dir='ltr'><strong>κ</strong></span> 
     </span>
    </p>
   </div>
   <div class='ocr_carea' id='block_1_58' title="bbox 2038 2930 3619 3005">
    <p class='ocr_par' dir='ltr' id='par_1_58' title="bbox 2038 2930 3619 3005">
     <span class='ocr_line' id='line_1_58' title="bbox 2038 2930 3619 3005; baseline -0.003 -17"><span class='ocrx_word' id='word_1_479' title='bbox 2038 2935 2197 3005; x_wconf 87' lang='lat' dir='ltr'><strong>plane</strong></span> <span class='ocrx_word' id='word_1_480' title='bbox 2227 2935 2319 3005; x_wconf 91' lang='lat' dir='ltr'><strong>qui</strong></span> <span class='ocrx_word' id='word_1_481' title='bbox 2344 2935 2397 2989; x_wconf 91' lang='lat' dir='ltr'><strong>in</strong></span> <span class='ocrx_word' id='word_1_482' title='bbox 2430 2935 2629 2990; x_wconf 88' lang='lat' dir='ltr'><strong>Filium</strong></span> <span class='ocrx_word' id='word_1_483' title='bbox 2662 2936 2839 3004; x_wconf 85' lang='lat' dir='ltr'><strong>ipsum</strong></span> <span class='ocrx_word' id='word_1_484' title='bbox 2866 2932 3067 3002; x_wconf 89' lang='lat' dir='ltr'><strong>impius</strong></span> <span class='ocrx_word' id='word_1_485' title='bbox 3099 2930 3306 2986; x_wconf 79' lang='lat' dir='ltr'><strong>fuerit?</strong></span> <span class='ocrx_word' id='word_1_486' title='bbox 3335 2930 3619 3001; x_wconf 87' lang='lat' dir='ltr'><strong>Siquidem</strong></span> 
     </span>
    </p>
   </div>
   <div class='ocr_carea' id='block_1_59' title="bbox 2041 3012 3621 3096">
    <p class='ocr_par' dir='ltr' id='par_1_59' title="bbox 2041 3012 3621 3096">
     <span class='ocr_line' id='line_1_59' title="bbox 2041 3012 3621 3096; baseline -0.002 -16"><span class='ocrx_word' id='word_1_487' title='bbox 2041 3027 2175 3080; x_wconf 91' lang='lat' dir='ltr'><strong>nihil</strong></span> <span class='ocrx_word' id='word_1_488' title='bbox 2205 3042 2430 3096; x_wconf 87' lang='lat' dir='ltr'><strong>prorsus</strong></span> <span class='ocrx_word' id='word_1_489' title='bbox 2458 3036 2561 3091; x_wconf 84' lang='lat' dir='ltr'><strong>est,</strong></span> <span class='ocrx_word' id='word_1_490' title='bbox 2595 3027 2735 3094; x_wconf 87' lang='lat' dir='ltr'><strong>quod</strong></span> <span class='ocrx_word' id='word_1_491' title='bbox 2765 3041 2870 3080; x_wconf 89' lang='lat' dir='ltr'><strong>non</strong></span> <span class='ocrx_word' id='word_1_492' title='bbox 2904 3040 2998 3094; x_wconf 86' lang='lat' dir='ltr'><strong>per</strong></span> <span class='ocrx_word' id='word_1_493' title='bbox 3023 3022 3265 3078; x_wconf 86' lang='lat' dir='ltr'><strong>Verbum</strong></span> <span class='ocrx_word' id='word_1_494' title='bbox 3299 3024 3389 3078; x_wconf 89' lang='lat' dir='ltr'><strong>ﬁat</strong></span> <span class='ocrx_word' id='word_1_495' title='bbox 3412 3033 3464 3079; x_wconf 90' lang='lat' dir='ltr'><strong>et</strong></span> <span class='ocrx_word' id='word_1_496' title='bbox 3492 3012 3621 3093; x_wconf 57' lang='lat' dir='ltr'><strong>aga-</strong></span> 
     </span>
    </p>
   </div>
   <div class='ocr_carea' id='block_1_60' title="bbox 357 3111 1942 3188">
    <p class='ocr_par' dir='ltr' id='par_1_60' title="bbox 357 3111 1940 3184">
     <span class='ocr_line' id='line_1_60' title="bbox 357 3111 1940 3184; baseline -0.001 -21"><span class='ocrx_word' id='word_1_497' title='bbox 357 3113 451 3165; x_wconf 74' lang='grc' dir='ltr'><strong>καὶ</strong></span> <span class='ocrx_word' id='word_1_498' title='bbox 474 3113 531 3165; x_wconf 79' lang='grc' dir='ltr'>ἐν</span> <span class='ocrx_word' id='word_1_499' title='bbox 556 3113 812 3183; x_wconf 71' lang='grc' dir='ltr'>Ψαλμοῖς</span> <span class='ocrx_word' id='word_1_500' title='bbox 840 3113 1026 3184; x_wconf 77' lang='grc' dir='ltr'>ᾄδεται</span> <span class='ocrx_word' id='word_1_501' title='bbox 1051 3130 1064 3143; x_wconf 88' lang='grc'><strong>·</strong></span> <span class='ocrx_word' id='word_1_502' title='bbox 1092 3131 1111 3164; x_wconf 76' lang='grc' dir='ltr'><strong>ι</strong></span> <span class='ocrx_word' id='word_1_503' title='bbox 1141 3111 1233 3183; x_wconf 82' lang='grc' dir='ltr'><strong>Τῷ</strong></span> <span class='ocrx_word' id='word_1_504' title='bbox 1271 3111 1429 3182; x_wconf 84' lang='grc' dir='ltr'>Λόγῳ</span> <span class='ocrx_word' id='word_1_505' title='bbox 1461 3111 1665 3181; x_wconf 78' lang='grc' dir='ltr'>Κυρίου</span> <span class='ocrx_word' id='word_1_506' title='bbox 1694 3112 1744 3163; x_wconf 87' lang='grc' dir='ltr'><strong>οί</strong></span> <span class='ocrx_word' id='word_1_507' title='bbox 1779 3112 1940 3182; x_wconf 82' lang='grc' dir='ltr'>ούρα-</span> 
     </span>
    </p>
   </div>
   <div class='ocr_carea' id='block_1_61' title="bbox 2036 3111 3623 3188">
    <p class='ocr_par' dir='ltr' id='par_1_61' title="bbox 2041 3115 3623 3188">
     <span class='ocr_line' id='line_1_61' title="bbox 2041 3115 3623 3188; baseline -0.001 -16"><span class='ocrx_word' id='word_1_508' title='bbox 2041 3129 2128 3172; x_wconf 91' lang='lat' dir='ltr'><strong>tur</strong></span> <span class='ocrx_word' id='word_1_509' title='bbox 2151 3118 2205 3172; x_wconf 90' lang='lat' dir='ltr'><strong>in</strong></span> <span class='ocrx_word' id='word_1_510' title='bbox 2241 3118 2497 3188; x_wconf 91' lang='lat' dir='ltr'><strong>Spiritu:</strong></span> <span class='ocrx_word' id='word_1_511' title='bbox 2545 3118 3005 3187; x_wconf 83' lang='lat' dir='ltr'><strong>quemadmodum</strong></span> <span class='ocrx_word' id='word_1_512' title='bbox 3058 3116 3221 3171; x_wconf 91' lang='lat' dir='ltr'><strong>etiam</strong></span> <span class='ocrx_word' id='word_1_513' title='bbox 3279 3116 3330 3170; x_wconf 89' lang='lat' dir='ltr'><strong>in</strong></span> <span class='ocrx_word' id='word_1_514' title='bbox 3387 3115 3623 3170; x_wconf 88' lang='lat' dir='ltr'><strong>Psalmis</strong></span> 
     </span>
    </p>
   </div>
   <div class='ocr_carea' id='block_1_62' title="bbox 356 3197 1942 3271">
    <p class='ocr_par' dir='ltr' id='par_1_62' title="bbox 356 3197 1942 3271">
     <span class='ocr_line' id='line_1_62' title="bbox 356 3197 1942 3271; baseline -0.001 -19"><span class='ocrx_word' id='word_1_515' title='bbox 356 3200 437 3253; x_wconf 72' lang='grc' dir='ltr'>νοὶ</span> <span class='ocrx_word' id='word_1_516' title='bbox 476 3198 911 3271; x_wconf 76' lang='grc' dir='ltr'>ἐστερεώθησαν,</span> <span class='ocrx_word' id='word_1_517' title='bbox 960 3201 1053 3254; x_wconf 78' lang='grc' dir='ltr'>καὶ</span> <span class='ocrx_word' id='word_1_518' title='bbox 1099 3198 1177 3269; x_wconf 84' lang='grc' dir='ltr'>τῷ</span> <span class='ocrx_word' id='word_1_519' title='bbox 1210 3198 1490 3269; x_wconf 88' lang='grc' dir='ltr'>Πνεύματι</span> <span class='ocrx_word' id='word_1_520' title='bbox 1536 3197 1630 3252; x_wconf 90' lang='grc' dir='ltr'><strong>τοῦ</strong></span> <span class='ocrx_word' id='word_1_521' title='bbox 1676 3198 1942 3269; x_wconf 89' lang='grc' dir='ltr'>στόματος</span> 
     </span>
    </p>
   </div>
   <div class='ocr_carea' id='block_1_63' title="bbox 357 3287 1942 3366">
    <p class='ocr_par' dir='ltr' id='par_1_63' title="bbox 357 3287 1942 3366">
     <span class='ocr_line' id='line_1_63' title="bbox 357 3287 1942 3366; baseline -0.003 -21"><span class='ocrx_word' id='word_1_522' title='bbox 357 3289 520 3345; x_wconf 83' lang='grc' dir='ltr'>αὐτοῦ</span> <span class='ocrx_word' id='word_1_523' title='bbox 570 3291 773 3363; x_wconf 80' lang='grc' dir='ltr'>πᾶσαή</span> <span class='ocrx_word' id='word_1_524' title='bbox 805 3290 1033 3362; x_wconf 87' lang='grc' dir='ltr'>δύναμις</span> <span class='ocrx_word' id='word_1_525' title='bbox 1054 3290 1262 3345; x_wconf 79' lang='grc' dir='ltr'>αὐτῶν·</span> <span class='ocrx_word' id='word_1_526' title='bbox 1298 3310 1317 3343; x_wconf 80' lang='grc' dir='ltr'><strong>ι</strong></span> <span class='ocrx_word' id='word_1_527' title='bbox 1346 3291 1446 3366; x_wconf 68' lang='grc' dir='ltr'><strong>καὶΔ</strong></span> <span class='ocrx_word' id='word_1_528' title='bbox 1477 3291 1536 3344; x_wconf 83' lang='grc' dir='ltr'>ὲν</span> <span class='ocrx_word' id='word_1_529' title='bbox 1563 3289 1642 3361; x_wconf 85' lang='grc' dir='ltr'>τῷ</span> <span class='ocrx_word' id='word_1_530' title='bbox 1666 3287 1942 3359; x_wconf 78' lang='grc' dir='ltr'>ἑκατοστῴ</span> 
     </span>
    </p>
   </div>
   <div class='ocr_carea' id='block_1_64' title="bbox 356 3379 1943 3452">
    <p class='ocr_par' dir='ltr' id='par_1_64' title="bbox 356 3379 1943 3452">
     <span class='ocr_line' id='line_1_64' title="bbox 356 3379 1943 3452; baseline -0.002 -18"><span class='ocrx_word' id='word_1_531' title='bbox 356 3380 776 3452; x_wconf 79' lang='grc' dir='ltr'>τεσσαρακοστῷ</span> <span class='ocrx_word' id='word_1_532' title='bbox 804 3380 1018 3452; x_wconf 74' lang='grc' dir='ltr'>ἑϐδόμῳ</span> <span class='ocrx_word' id='word_1_533' title='bbox 1035 3379 1261 3452; x_wconf 80' lang='grc' dir='ltr'>ψαλμῷ-</span> <span class='ocrx_word' id='word_1_534' title='bbox 1294 3400 1311 3433; x_wconf 85' lang='grc' dir='ltr'><strong>ι</strong></span> <span class='ocrx_word' id='word_1_535' title='bbox 1349 3380 1666 3434; x_wconf 84' lang='grc' dir='ltr'>Ἀποστελεὶ</span> <span class='ocrx_word' id='word_1_536' title='bbox 1851 3379 1943 3432; x_wconf 84' lang='grc' dir='ltr'>τὸν</span> 
     </span>
    </p>
   </div>
   <div class='ocr_carea' id='block_1_65' title="bbox 357 3470 1947 3543">
    <p class='ocr_par' dir='ltr' id='par_1_65' title="bbox 357 3470 1947 3543">
     <span class='ocr_line' id='line_1_65' title="bbox 357 3470 1947 3543; baseline 0.001 -19"><span class='ocrx_word' id='word_1_537' title='bbox 357 3471 527 3540; x_wconf 87' lang='grc' dir='ltr'>Λόγον</span> <span class='ocrx_word' id='word_1_538' title='bbox 572 3470 736 3525; x_wconf 81' lang='grc' dir='ltr'>αὐτοῦ</span> <span class='ocrx_word' id='word_1_539' title='bbox 763 3511 779 3535; x_wconf 84' lang='grc'><strong>,</strong></span> <span class='ocrx_word' id='word_1_540' title='bbox 823 3471 918 3525; x_wconf 76' lang='grc' dir='ltr'>καὶ</span> <span class='ocrx_word' id='word_1_541' title='bbox 945 3470 1097 3543; x_wconf 83' lang='grc' dir='ltr'>τήξει</span> <span class='ocrx_word' id='word_1_542' title='bbox 1135 3472 1308 3526; x_wconf 85' lang='grc' dir='ltr'>αὐτά·</span> <span class='ocrx_word' id='word_1_543' title='bbox 1354 3472 1577 3526; x_wconf 89' lang='grc' dir='ltr'>πνεύσει</span> <span class='ocrx_word' id='word_1_544' title='bbox 1610 3471 1671 3524; x_wconf 83' lang='grc' dir='ltr'>τὸ</span> <span class='ocrx_word' id='word_1_545' title='bbox 1718 3470 1947 3543; x_wconf 87' lang='grc' dir='ltr'>Πνεῦμα.</span> 
     </span>
    </p>
   </div>
   <div class='ocr_carea' id='block_1_66' title="bbox 358 3560 1939 3636">
    <p class='ocr_par' dir='ltr' id='par_1_66' title="bbox 358 3560 1939 3636">
     <span class='ocr_line' id='line_1_66' title="bbox 358 3560 1939 3636; baseline 0.001 -22"><span class='ocrx_word' id='word_1_546' title='bbox 358 3560 548 3625; x_wconf 81' lang='grc' dir='ltr'>αὑτοῦ,</span> <span class='ocrx_word' id='word_1_547' title='bbox 579 3561 674 3614; x_wconf 76' lang='grc' dir='ltr'>καὶ</span> <span class='ocrx_word' id='word_1_548' title='bbox 706 3562 965 3636; x_wconf 68' lang='grc' dir='ltr'>ρυήσεται</span> <span class='ocrx_word' id='word_1_549' title='bbox 1002 3561 1192 3616; x_wconf 78' lang='grc' dir='ltr'>ὕδατα.</span> <span class='ocrx_word' id='word_1_550' title='bbox 1232 3581 1249 3613; x_wconf 80' lang='grc' dir='ltr'><strong>ι</strong></span> <span class='ocrx_word' id='word_1_551' title='bbox 1286 3562 1394 3617; x_wconf 84' lang='grc' dir='ltr'>Καὶ</span> <span class='ocrx_word' id='word_1_552' title='bbox 1434 3561 1836 3633; x_wconf 79' lang='grc' dir='ltr'>ὲδικαιώθημεν</span> <span class='ocrx_word' id='word_1_553' title='bbox 1862 3562 1939 3627; x_wconf 76' lang='grc' dir='ltr'>δὲ,</span> 
     </span>
    </p>
   </div>
   <div class='ocr_carea' id='block_1_67' title="bbox 356 3647 1941 3727">
    <p class='ocr_par' dir='ltr' id='par_1_67' title="bbox 356 3647 1941 3727">
     <span class='ocr_line' id='line_1_67' title="bbox 356 3647 1941 3727; baseline 0.001 -23"><span class='ocrx_word' id='word_1_554' title='bbox 356 3651 433 3715; x_wconf 78' lang='grc' dir='ltr'>ὡς</span> <span class='ocrx_word' id='word_1_555' title='bbox 462 3647 615 3704; x_wconf 79' lang='grc' dir='ltr'>εἶπεν</span> <span class='ocrx_word' id='word_1_556' title='bbox 646 3651 676 3703; x_wconf 91' lang='lat'><strong>0</strong></span> <span class='ocrx_word' id='word_1_557' title='bbox 713 3651 1059 3727; x_wconf 75' lang='grc' dir='ltr'>’Λπόστολος,</span> <span class='ocrx_word' id='word_1_558' title='bbox 1104 3671 1123 3703; x_wconf 81' lang='grc' dir='ltr'><strong>ι</strong></span> <span class='ocrx_word' id='word_1_559' title='bbox 1158 3654 1216 3705; x_wconf 80' lang='grc' dir='ltr'>ὲν</span> <span class='ocrx_word' id='word_1_560' title='bbox 1240 3651 1318 3722; x_wconf 81' lang='grc' dir='ltr'><strong>τῷ</strong></span> <span class='ocrx_word' id='word_1_561' title='bbox 1346 3652 1568 3723; x_wconf 82' lang='grc' dir='ltr'>ὀνόματι</span> <span class='ocrx_word' id='word_1_562' title='bbox 1608 3651 1703 3705; x_wconf 69' lang='grc' dir='ltr'><strong>⁴τοῦ</strong></span> <span class='ocrx_word' id='word_1_563' title='bbox 1737 3652 1941 3723; x_wconf 89' lang='grc' dir='ltr'>Κυρίου</span> 
     </span>
    </p>
   </div>
   <div class='ocr_carea' id='block_1_68' title="bbox 357 3740 1941 3814">
    <p class='ocr_par' dir='ltr' id='par_1_68' title="bbox 357 3740 1941 3814">
     <span class='ocr_line' id='line_1_68' title="bbox 357 3740 1941 3814; baseline 0 -19"><span class='ocrx_word' id='word_1_564' title='bbox 357 3740 516 3812; x_wconf 72' lang='grc' dir='ltr'>ἡμῶν</span> <span class='ocrx_word' id='word_1_565' title='bbox 552 3740 727 3812; x_wconf 85' lang='grc' dir='ltr'>Ἰησοῦ</span> <span class='ocrx_word' id='word_1_566' title='bbox 761 3740 1019 3814; x_wconf 88' lang='grc' dir='ltr'>Χριστοῦ,</span> <span class='ocrx_word' id='word_1_567' title='bbox 1055 3742 1150 3795; x_wconf 60' lang='grc' dir='ltr'><strong>καί⁵</strong></span> <span class='ocrx_word' id='word_1_568' title='bbox 1177 3743 1236 3796; x_wconf 82' lang='grc' dir='ltr'>ὲν</span> <span class='ocrx_word' id='word_1_569' title='bbox 1266 3742 1347 3813; x_wconf 84' lang='grc' dir='ltr'><strong>τῷ</strong></span> <span class='ocrx_word' id='word_1_570' title='bbox 1379 3742 1656 3814; x_wconf 86' lang='grc' dir='ltr'>Πνεύματι</span> <span class='ocrx_word' id='word_1_571' title='bbox 1688 3740 1783 3795; x_wconf 87' lang='grc' dir='ltr'><strong>τοῦ</strong></span> <span class='ocrx_word' id='word_1_572' title='bbox 1803 3741 1941 3795; x_wconf 84' lang='grc' dir='ltr'>Θεοῦ</span> 
     </span>
    </p>
   </div>
   <div class='ocr_carea' id='block_1_69' title="bbox 358 3830 1939 3905">
    <p class='ocr_par' dir='ltr' id='par_1_69' title="bbox 358 3830 1939 3905">
     <span class='ocr_line' id='line_1_69' title="bbox 358 3830 1939 3905; baseline 0.002 -22"><span class='ocrx_word' id='word_1_573' title='bbox 358 3830 538 3901; x_wconf 72' lang='grc' dir='ltr'>ἡμῶν.</span> <span class='ocrx_word' id='word_1_574' title='bbox 583 3849 602 3882; x_wconf 77' lang='grc' dir='ltr'><strong>ι</strong></span> <span class='ocrx_word' id='word_1_575' title='bbox 644 3831 971 3903; x_wconf 84' lang='grc' dir='ltr'>Ἀδιαίρετον</span> <span class='ocrx_word' id='word_1_576' title='bbox 992 3834 1100 3903; x_wconf 85' lang='grc' dir='ltr'>γάρ</span> <span class='ocrx_word' id='word_1_577' title='bbox 1122 3835 1240 3887; x_wconf 79' lang='grc' dir='ltr'>ἐστι</span> <span class='ocrx_word' id='word_1_578' title='bbox 1271 3832 1365 3887; x_wconf 87' lang='grc' dir='ltr'><strong>τοῦ</strong></span> <span class='ocrx_word' id='word_1_579' title='bbox 1390 3833 1566 3902; x_wconf 89' lang='grc' dir='ltr'>Λόγου</span> <span class='ocrx_word' id='word_1_580' title='bbox 1597 3832 1658 3887; x_wconf 79' lang='grc' dir='ltr'><strong>τὸ</strong></span> <span class='ocrx_word' id='word_1_581' title='bbox 1696 3834 1939 3905; x_wconf 87' lang='grc' dir='ltr'>Πνεῦμα.</span> 
     </span>
    </p>
   </div>
   <div class='ocr_carea' id='block_1_70' title="bbox 368 3923 1943 4000">
    <p class='ocr_par' dir='ltr' id='par_1_70' title="bbox 368 3923 1943 4000">
     <span class='ocr_line' id='line_1_70' title="bbox 368 3923 1943 4000; baseline 0.004 -25"><span class='ocrx_word' id='word_1_582' title='bbox 368 3923 587 3995; x_wconf 70' lang='grc' dir='ltr'>Ἀμέλει</span> <span class='ocrx_word' id='word_1_583' title='bbox 632 3923 882 3992; x_wconf 85' lang='grc' dir='ltr'>λέγοντος</span> <span class='ocrx_word' id='word_1_584' title='bbox 933 3924 1029 3978; x_wconf 87' lang='grc' dir='ltr'><strong>τοῦ</strong></span> <span class='ocrx_word' id='word_1_585' title='bbox 1068 3927 1274 3999; x_wconf 87' lang='grc' dir='ltr'>Κυρίου</span> <span class='ocrx_word' id='word_1_586' title='bbox 1323 3959 1339 3987; x_wconf 81' lang='grc'><strong>,</strong></span> <span class='ocrx_word' id='word_1_587' title='bbox 1509 3946 1527 3978; x_wconf 80' lang='grc' dir='ltr'><strong>ι</strong></span> <span class='ocrx_word' id='word_1_588' title='bbox 1579 3928 1943 4000; x_wconf 87' lang='grc' dir='ltr'>Ἐλευσόμεθα</span> 
     </span>
    </p>
   </div>
   <div class='ocr_carea' id='block_1_71' title="bbox 358 4013 1948 4089">
    <p class='ocr_par' dir='ltr' id='par_1_71' title="bbox 358 4013 1948 4089">
     <span class='ocr_line' id='line_1_71' title="bbox 358 4013 1948 4089; baseline 0.004 -22"><span class='ocrx_word' id='word_1_589' title='bbox 358 4013 470 4083; x_wconf 75' lang='grc' dir='ltr'><strong>ἐγὼ</strong></span> <span class='ocrx_word' id='word_1_590' title='bbox 495 4014 590 4068; x_wconf 75' lang='grc' dir='ltr'>καὶ</span> <span class='ocrx_word' id='word_1_591' title='bbox 629 4016 659 4068; x_wconf 90' lang='lat'><strong>0</strong></span> <span class='ocrx_word' id='word_1_592' title='bbox 693 4014 882 4087; x_wconf 85' lang='grc' dir='ltr'>Πατὴρ</span> <span class='ocrx_word' id='word_1_593' title='bbox 910 4058 924 4082; x_wconf 95' lang='grc'><strong>,</strong></span> <span class='ocrx_word' id='word_1_594' title='bbox 965 4034 983 4067; x_wconf 75' lang='grc' dir='ltr'><strong>ι</strong></span> <span class='ocrx_word' id='word_1_595' title='bbox 1015 4017 1425 4089; x_wconf 80' lang='grc' dir='ltr'>συνεισέρχεται</span> <span class='ocrx_word' id='word_1_596' title='bbox 1468 4018 1529 4072; x_wconf 82' lang='grc' dir='ltr'>τὸ</span> <span class='ocrx_word' id='word_1_597' title='bbox 1570 4017 1794 4089; x_wconf 89' lang='grc' dir='ltr'>Πνεῦμα</span> <span class='ocrx_word' id='word_1_598' title='bbox 1844 4018 1948 4073; x_wconf 84' lang='grc' dir='ltr'>οὐκ</span> 
     </span>
    </p>
   </div>
   <div class='ocr_carea' id='block_1_72' title="bbox 358 4106 1946 4183">
    <p class='ocr_par' dir='ltr' id='par_1_72' title="bbox 358 4106 1946 4183">
     <span class='ocr_line' id='line_1_72' title="bbox 358 4106 1946 4183; baseline 0.001 -20"><span class='ocrx_word' id='word_1_599' title='bbox 358 4106 590 4179; x_wconf 72' lang='grc' dir='ltr'>ἄλλωςῆ</span> <span class='ocrx_word' id='word_1_600' title='bbox 623 4106 699 4172; x_wconf 82' lang='grc' dir='ltr'><strong>ὡς</strong></span> <span class='ocrx_word' id='word_1_601' title='bbox 720 4109 749 4160; x_wconf 90' lang='lat'><strong>0</strong></span> <span class='ocrx_word' id='word_1_602' title='bbox 777 4107 907 4172; x_wconf 84' lang='grc' dir='ltr'>Υίὸς</span> <span class='ocrx_word' id='word_1_603' title='bbox 1090 4110 1148 4162; x_wconf 77' lang='grc' dir='ltr'>ὲν</span> <span class='ocrx_word' id='word_1_604' title='bbox 1180 4110 1313 4180; x_wconf 81' lang='grc' dir='ltr'>ἡμῖν</span> <span class='ocrx_word' id='word_1_605' title='bbox 1344 4111 1580 4183; x_wconf 79' lang='grc' dir='ltr'>οἰκήσων</span> <span class='ocrx_word' id='word_1_606' title='bbox 1600 4150 1614 4175; x_wconf 92' lang='grc'><strong>,</strong></span> <span class='ocrx_word' id='word_1_607' title='bbox 1641 4110 1946 4181; x_wconf 80' lang='grc' dir='ltr'>γράφοντος</span> 
     </span>
    </p>
   </div>
   <div class='ocr_carea' id='block_1_73' title="bbox 375 4199 1945 4273">
    <p class='ocr_par' dir='ltr' id='par_1_73' title="bbox 375 4199 1945 4273">
     <span class='ocr_line' id='line_1_73' title="bbox 375 4199 1945 4273; baseline 0.002 -20"><span class='ocrx_word' id='word_1_608' title='bbox 375 4199 641 4269; x_wconf 77' lang='grc' dir='ltr'>Ἐφεσίοις</span> <span class='ocrx_word' id='word_1_609' title='bbox 685 4199 780 4253; x_wconf 90' lang='grc' dir='ltr'><strong>τοῦ</strong></span> <span class='ocrx_word' id='word_1_610' title='bbox 813 4200 1063 4255; x_wconf 83' lang='grc' dir='ltr'>Παύλου·</span> <span class='ocrx_word' id='word_1_611' title='bbox 1111 4220 1130 4253; x_wconf 83' lang='grc' dir='ltr'><strong>ι</strong></span> <span class='ocrx_word' id='word_1_612' title='bbox 1174 4200 1291 4256; x_wconf 84' lang='grc' dir='ltr'>Ἵνα</span> <span class='ocrx_word' id='word_1_613' title='bbox 1315 4202 1426 4273; x_wconf 82' lang='grc' dir='ltr'>δῴη</span> <span class='ocrx_word' id='word_1_614' title='bbox 1486 4203 1613 4273; x_wconf 86' lang='grc' dir='ltr'>ύμῖν</span> <span class='ocrx_word' id='word_1_615' title='bbox 1659 4202 1801 4256; x_wconf 84' lang='grc' dir='ltr'>κατὰ</span> <span class='ocrx_word' id='word_1_616' title='bbox 1855 4203 1945 4256; x_wconf 83' lang='grc' dir='ltr'>τὸν</span> 
     </span>
    </p>
   </div>
   <div class='ocr_carea' id='block_1_74' title="bbox 363 4290 1947 4364">
    <p class='ocr_par' dir='ltr' id='par_1_74' title="bbox 363 4290 1947 4364">
     <span class='ocr_line' id='line_1_74' title="bbox 363 4290 1947 4364; baseline 0.001 -20"><span class='ocrx_word' id='word_1_617' title='bbox 363 4290 593 4344; x_wconf 84' lang='grc' dir='ltr'>πλοῦτον</span> <span class='ocrx_word' id='word_1_618' title='bbox 609 4291 708 4361; x_wconf 80' lang='grc' dir='ltr'>τῆς</span> <span class='ocrx_word' id='word_1_619' title='bbox 741 4290 901 4362; x_wconf 80' lang='grc' dir='ltr'>δόξης</span> <span class='ocrx_word' id='word_1_620' title='bbox 932 4290 1119 4355; x_wconf 79' lang='grc' dir='ltr'>αὑτοῦ,</span> <span class='ocrx_word' id='word_1_621' title='bbox 1140 4291 1368 4363; x_wconf 85' lang='grc' dir='ltr'>δυνάμει</span> <span class='ocrx_word' id='word_1_622' title='bbox 1407 4292 1835 4364; x_wconf 63' lang='grc' dir='ltr'>κραταιωθῆναι,</span> <span class='ocrx_word' id='word_1_623' title='bbox 1859 4293 1947 4346; x_wconf 81' lang='grc' dir='ltr'><strong>διὰ</strong></span> 
     </span>
    </p>
   </div>
   <div class='ocr_carea' id='block_1_75' title="bbox 362 4381 1948 4455">
    <p class='ocr_par' dir='ltr' id='par_1_75' title="bbox 362 4381 1948 4455">
     <span class='ocr_line' id='line_1_75' title="bbox 362 4381 1948 4455; baseline 0.001 -18"><span class='ocrx_word' id='word_1_624' title='bbox 362 4383 456 4437; x_wconf 88' lang='grc' dir='ltr'><strong>τοῦ</strong></span> <span class='ocrx_word' id='word_1_625' title='bbox 487 4382 806 4453; x_wconf 86' lang='grc' dir='ltr'>Πνεύματος</span> <span class='ocrx_word' id='word_1_626' title='bbox 826 4381 993 4436; x_wconf 81' lang='grc' dir='ltr'>αὐτοῦ</span> <span class='ocrx_word' id='word_1_627' title='bbox 1031 4383 1113 4447; x_wconf 87' lang='grc' dir='ltr'><strong>είς</strong></span> <span class='ocrx_word' id='word_1_628' title='bbox 1148 4383 1239 4438; x_wconf 85' lang='grc' dir='ltr'>τὸν</span> <span class='ocrx_word' id='word_1_629' title='bbox 1273 4383 1382 4437; x_wconf 78' lang='grc' dir='ltr'>ἔσω</span> <span class='ocrx_word' id='word_1_630' title='bbox 1423 4384 1728 4455; x_wconf 78' lang='grc' dir='ltr'>ἄνθρωπον,</span> <span class='ocrx_word' id='word_1_631' title='bbox 1764 4400 1948 4447; x_wconf 75' lang='grc' dir='ltr'>κατοι-</span> 
     </span>
    </p>
   </div>
   <div class='ocr_carea' id='block_1_76' title="bbox 2041 3206 3619 3278">
    <p class='ocr_par' dir='ltr' id='par_1_76' title="bbox 2041 3206 3619 3278">
     <span class='ocr_line' id='line_1_76' title="bbox 2041 3206 3619 3278; baseline -0.003 -13"><span class='ocrx_word' id='word_1_632' title='bbox 2041 3211 2260 3265; x_wconf 86' lang='lat' dir='ltr'><strong>canitur</strong></span> <span class='ocrx_word' id='word_1_633' title='bbox 2290 3230 2303 3266; x_wconf 92' lang='lat'><strong>:</strong></span> <span class='ocrx_word' id='word_1_634' title='bbox 2342 3229 2359 3261; x_wconf 84' lang='grc' dir='ltr'><strong>ι</strong></span> <span class='ocrx_word' id='word_1_635' title='bbox 2393 3209 2573 3266; x_wconf 87' lang='lat' dir='ltr'><strong>Verbo</strong></span> <span class='ocrx_word' id='word_1_636' title='bbox 2604 3209 2820 3264; x_wconf 89' lang='lat' dir='ltr'><strong>Domini</strong></span> <span class='ocrx_word' id='word_1_637' title='bbox 2854 3210 2976 3266; x_wconf 61' lang='lat' dir='ltr'><strong>coeli</strong></span> <span class='ocrx_word' id='word_1_638' title='bbox 3006 3208 3209 3264; x_wconf 89' lang='lat' dir='ltr'><strong>ﬁrmati</strong></span> <span class='ocrx_word' id='word_1_639' title='bbox 3237 3216 3387 3273; x_wconf 88' lang='lat' dir='ltr'><strong>sunt,</strong></span> <span class='ocrx_word' id='word_1_640' title='bbox 3415 3217 3468 3262; x_wconf 87' lang='lat' dir='ltr'><strong>et</strong></span> <span class='ocrx_word' id='word_1_641' title='bbox 3492 3206 3619 3278; x_wconf 80' lang='lat' dir='ltr'><strong>Spi-</strong></span> 
     </span>
    </p>
   </div>
   <div class='ocr_carea' id='block_1_77' title="bbox 2042 3300 3622 3372">
    <p class='ocr_par' dir='ltr' id='par_1_77' title="bbox 2042 3300 3622 3372">
     <span class='ocr_line' id='line_1_77' title="bbox 2042 3300 3622 3372; baseline -0.001 -17"><span class='ocrx_word' id='word_1_642' title='bbox 2042 3302 2147 3355; x_wconf 88' lang='lat' dir='ltr'><strong>ritu</strong></span> <span class='ocrx_word' id='word_1_643' title='bbox 2162 3301 2594 3372; x_wconf 84' lang='lat' dir='ltr'><strong>orisejusomnis</strong></span> <span class='ocrx_word' id='word_1_644' title='bbox 2611 3302 2782 3356; x_wconf 83' lang='lat' dir='ltr'><strong>virtus</strong></span> <span class='ocrx_word' id='word_1_645' title='bbox 2809 3317 2998 3357; x_wconf 90' lang='lat' dir='ltr'><strong>eorum</strong></span> <span class='ocrx_word' id='word_1_646' title='bbox 3040 3306 3093 3369; x_wconf 86' lang='grc'>³;</span> <span class='ocrx_word' id='word_1_647' title='bbox 3118 3320 3135 3352; x_wconf 86' lang='grc' dir='ltr'><strong>ι</strong></span> <span class='ocrx_word' id='word_1_648' title='bbox 3162 3309 3217 3356; x_wconf 88' lang='grc' dir='ltr'><strong>ει</strong></span> <span class='ocrx_word' id='word_1_649' title='bbox 3242 3300 3294 3353; x_wconf 92' lang='lat' dir='ltr'><strong>in</strong></span> <span class='ocrx_word' id='word_1_650' title='bbox 3323 3301 3622 3355; x_wconf 87' lang='lat' dir='ltr'><strong>centesimo</strong></span> 
     </span>
    </p>
   </div>
   <div class='ocr_carea' id='block_1_78' title="bbox 2043 3390 3621 3464">
    <p class='ocr_par' dir='ltr' id='par_1_78' title="bbox 2043 3390 3621 3464">
     <span class='ocr_line' id='line_1_78' title="bbox 2043 3390 3621 3464; baseline -0.003 -16"><span class='ocrx_word' id='word_1_651' title='bbox 2043 3392 2463 3464; x_wconf 84' lang='lat' dir='ltr'><strong>quadragesimo</strong></span> <span class='ocrx_word' id='word_1_652' title='bbox 2487 3393 2721 3463; x_wconf 86' lang='lat' dir='ltr'><strong>septimo</strong></span> <span class='ocrx_word' id='word_1_653' title='bbox 2748 3394 2961 3463; x_wconf 84' lang='lat' dir='ltr'><strong>psalmo</strong></span> <span class='ocrx_word' id='word_1_654' title='bbox 2995 3413 3007 3445; x_wconf 91' lang='lat'><strong>:</strong></span> <span class='ocrx_word' id='word_1_655' title='bbox 3058 3412 3077 3443; x_wconf 81' lang='grc' dir='ltr'><strong>ι</strong></span> <span class='ocrx_word' id='word_1_656' title='bbox 3119 3392 3341 3447; x_wconf 80' lang='grc' dir='ltr'>Ειιιὶιιει</span> <span class='ocrx_word' id='word_1_657' title='bbox 3385 3390 3621 3446; x_wconf 80' lang='lat' dir='ltr'><strong>Verbum</strong></span> 
     </span>
    </p>
   </div>
   <div class='ocr_carea' id='block_1_79' title="bbox 2043 3481 3625 3556">
    <p class='ocr_par' dir='ltr' id='par_1_79' title="bbox 2043 3481 3625 3556">
     <span class='ocr_line' id='line_1_79' title="bbox 2043 3481 3625 3556; baseline -0.005 -13"><span class='ocrx_word' id='word_1_658' title='bbox 2043 3487 2229 3554; x_wconf 85' lang='lat' dir='ltr'><strong>suum,</strong></span> <span class='ocrx_word' id='word_1_659' title='bbox 2260 3494 2316 3541; x_wconf 90' lang='lat' dir='ltr'><strong>et</strong></span> <span class='ocrx_word' id='word_1_660' title='bbox 2344 3484 2654 3556; x_wconf 80' lang='lat' dir='ltr'><strong>liquefaciet</strong></span> <span class='ocrx_word' id='word_1_661' title='bbox 2675 3500 2736 3540; x_wconf 90' lang='lat' dir='ltr'><strong>ea</strong></span> <span class='ocrx_word' id='word_1_662' title='bbox 2757 3502 2772 3551; x_wconf 89' lang='lat'><strong>;</strong></span> <span class='ocrx_word' id='word_1_663' title='bbox 2794 3483 2942 3539; x_wconf 84' lang='lat' dir='ltr'><strong>ﬂabit</strong></span> <span class='ocrx_word' id='word_1_664' title='bbox 2959 3482 3195 3554; x_wconf 86' lang='lat' dir='ltr'><strong>Spiritus</strong></span> <span class='ocrx_word' id='word_1_665' title='bbox 3217 3481 3358 3551; x_wconf 89' lang='lat' dir='ltr'><strong>ejus,</strong></span> <span class='ocrx_word' id='word_1_666' title='bbox 3388 3493 3440 3536; x_wconf 90' lang='lat' dir='ltr'><strong>et</strong></span> <span class='ocrx_word' id='word_1_667' title='bbox 3458 3482 3625 3536; x_wconf 81' lang='lat' dir='ltr'><strong>tinent</strong></span> 
     </span>
    </p>
   </div>
   <div class='ocr_carea' id='block_1_80' title="bbox 2044 3573 3624 3645">
    <p class='ocr_par' dir='ltr' id='par_1_80' title="bbox 2044 3573 3624 3645">
     <span class='ocr_line' id='line_1_80' title="bbox 2044 3573 3624 3645; baseline -0.005 -12"><span class='ocrx_word' id='word_1_668' title='bbox 2044 3592 2199 3645; x_wconf 62' lang='lat' dir='ltr'><strong>aqua:</strong></span> <span class='ocrx_word' id='word_1_669' title='bbox 2248 3580 2294 3633; x_wconf 74' lang='grc'>⁸.</span> <span class='ocrx_word' id='word_1_670' title='bbox 2335 3594 2355 3628; x_wconf 75' lang='grc' dir='ltr'><strong>ι</strong></span> <span class='ocrx_word' id='word_1_671' title='bbox 2386 3575 2471 3639; x_wconf 86' lang='lat' dir='ltr'><strong>Et,</strong></span> <span class='ocrx_word' id='word_1_672' title='bbox 2523 3585 2579 3629; x_wconf 92' lang='lat' dir='ltr'><strong>ut</strong></span> <span class='ocrx_word' id='word_1_673' title='bbox 2608 3578 2686 3630; x_wconf 90' lang='lat' dir='ltr'><strong>ait</strong></span> <span class='ocrx_word' id='word_1_674' title='bbox 2717 3575 3032 3644; x_wconf 84' lang='lat' dir='ltr'><strong>Apostolus,</strong></span> <span class='ocrx_word' id='word_1_675' title='bbox 3065 3593 3084 3624; x_wconf 80' lang='grc' dir='ltr'><strong>ι</strong></span> <span class='ocrx_word' id='word_1_676' title='bbox 3122 3573 3406 3642; x_wconf 85' lang='lat' dir='ltr'><strong>justiﬁcati</strong></span> <span class='ocrx_word' id='word_1_677' title='bbox 3432 3588 3624 3627; x_wconf 89' lang='lat' dir='ltr'><strong>sumus</strong></span> 
     </span>
    </p>
   </div>
   <div class='ocr_carea' id='block_1_81' title="bbox 2046 3660 3625 3731">
    <p class='ocr_par' dir='ltr' id='par_1_81' title="bbox 2046 3660 3625 3731">
     <span class='ocr_line' id='line_1_81' title="bbox 2046 3660 3625 3731; baseline -0.005 -9"><span class='ocrx_word' id='word_1_678' title='bbox 2046 3668 2099 3722; x_wconf 92' lang='lat' dir='ltr'><strong>in</strong></span> <span class='ocrx_word' id='word_1_679' title='bbox 2142 3666 2363 3722; x_wconf 88' lang='lat' dir='ltr'><strong>nomine</strong></span> <span class='ocrx_word' id='word_1_680' title='bbox 2408 3665 2622 3720; x_wconf 86' lang='lat' dir='ltr'><strong>Domini</strong></span> <span class='ocrx_word' id='word_1_681' title='bbox 2673 3665 2847 3719; x_wconf 83' lang='lat' dir='ltr'><strong>nostri</strong></span> <span class='ocrx_word' id='word_1_682' title='bbox 2904 3662 3036 3719; x_wconf 82' lang='lat' dir='ltr'><strong>Jesn</strong></span> <span class='ocrx_word' id='word_1_683' title='bbox 3083 3662 3289 3718; x_wconf 88' lang='lat' dir='ltr'><strong>Christi</strong></span> <span class='ocrx_word' id='word_1_684' title='bbox 3332 3670 3387 3718; x_wconf 90' lang='lat' dir='ltr'><strong>et</strong></span> <span class='ocrx_word' id='word_1_685' title='bbox 3419 3662 3473 3715; x_wconf 91' lang='lat' dir='ltr'><strong>in</strong></span> <span class='ocrx_word' id='word_1_686' title='bbox 3510 3660 3625 3731; x_wconf 90' lang='lat' dir='ltr'><strong>Spi-</strong></span> 
     </span>
    </p>
   </div>
   <div class='ocr_carea' id='block_1_82' title="bbox 2044 3751 3627 3825">
    <p class='ocr_par' dir='ltr' id='par_1_82' title="bbox 2044 3751 3627 3825">
     <span class='ocr_line' id='line_1_82' title="bbox 2044 3751 3627 3825; baseline -0.004 -13"><span class='ocrx_word' id='word_1_687' title='bbox 2044 3759 2153 3813; x_wconf 86' lang='lat' dir='ltr'><strong>ritu</strong></span> <span class='ocrx_word' id='word_1_688' title='bbox 2182 3756 2275 3811; x_wconf 88' lang='lat' dir='ltr'><strong>Dei</strong></span> <span class='ocrx_word' id='word_1_689' title='bbox 2306 3756 2479 3811; x_wconf 90' lang='lat' dir='ltr'><strong>nostri</strong></span> <span class='ocrx_word' id='word_1_690' title='bbox 2531 3755 2572 3810; x_wconf 83' lang='grc'>⁸.</span> <span class='ocrx_word' id='word_1_691' title='bbox 2620 3773 2636 3806; x_wconf 81' lang='grc' dir='ltr'><strong>ι</strong></span> <span class='ocrx_word' id='word_1_692' title='bbox 2664 3754 2914 3825; x_wconf 86' lang='lat' dir='ltr'><strong>Namque</strong></span> <span class='ocrx_word' id='word_1_693' title='bbox 2963 3752 3201 3824; x_wconf 90' lang='lat' dir='ltr'><strong>Spiritus</strong></span> <span class='ocrx_word' id='word_1_694' title='bbox 3232 3768 3260 3807; x_wconf 87' lang='lat' dir='ltr'><strong>a</strong></span> <span class='ocrx_word' id='word_1_695' title='bbox 3304 3751 3481 3806; x_wconf 83' lang='lat' dir='ltr'><strong>Verbo</strong></span> <span class='ocrx_word' id='word_1_696' title='bbox 3535 3767 3627 3805; x_wconf 75' lang='lat' dir='ltr'><strong>ne-</strong></span> 
     </span>
    </p>
   </div>
   <div class='ocr_carea' id='block_1_83' title="bbox 2045 3840 3626 3919">
    <p class='ocr_par' dir='ltr' id='par_1_83' title="bbox 2045 3840 3626 3919">
     <span class='ocr_line' id='line_1_83' title="bbox 2045 3840 3626 3919; baseline -0.006 -15"><span class='ocrx_word' id='word_1_697' title='bbox 2045 3850 2164 3919; x_wconf 91' lang='lat' dir='ltr'><strong>quit</strong></span> <span class='ocrx_word' id='word_1_698' title='bbox 2189 3846 2377 3903; x_wconf 84' lang='lat' dir='ltr'><strong>dividi.</strong></span> <span class='ocrx_word' id='word_1_699' title='bbox 2400 3844 2656 3901; x_wconf 79' lang='lat' dir='ltr'><strong>Profecto</strong></span> <span class='ocrx_word' id='word_1_700' title='bbox 2687 3860 2812 3899; x_wconf 91' lang='lat' dir='ltr'><strong>cum</strong></span> <span class='ocrx_word' id='word_1_701' title='bbox 2840 3844 3096 3899; x_wconf 85' lang='lat' dir='ltr'><strong>Christus</strong></span> <span class='ocrx_word' id='word_1_702' title='bbox 3125 3843 3225 3906; x_wconf 89' lang='lat' dir='ltr'><strong>ait,</strong></span> <span class='ocrx_word' id='word_1_703' title='bbox 3270 3862 3288 3894; x_wconf 81' lang='grc' dir='ltr'><strong>ι</strong></span> <span class='ocrx_word' id='word_1_704' title='bbox 3324 3840 3626 3896; x_wconf 71' lang='grc' dir='ltr'>νειῑίειῐιιιε</span> 
     </span>
    </p>
   </div>
   <div class='ocr_carea' id='block_1_84' title="bbox 2045 3932 3623 4012">
    <p class='ocr_par' dir='ltr' id='par_1_84' title="bbox 2045 3932 3623 4012">
     <span class='ocr_line' id='line_1_84' title="bbox 2045 3932 3623 4012; baseline -0.007 -17"><span class='ocrx_word' id='word_1_705' title='bbox 2045 3954 2146 4012; x_wconf 78' lang='lat' dir='ltr'><strong>ego</strong></span> <span class='ocrx_word' id='word_1_706' title='bbox 2171 3946 2224 3995; x_wconf 87' lang='lat' dir='ltr'><strong>et</strong></span> <span class='ocrx_word' id='word_1_707' title='bbox 2244 3937 2405 3993; x_wconf 86' lang='lat' dir='ltr'><strong>Pater</strong></span> <span class='ocrx_word' id='word_1_708' title='bbox 2462 3940 2508 4005; x_wconf 83' lang='grc'>⁸,</span> <span class='ocrx_word' id='word_1_709' title='bbox 2557 3957 2575 3989; x_wconf 77' lang='grc' dir='ltr'><strong>ι</strong></span> <span class='ocrx_word' id='word_1_710' title='bbox 2621 3952 2730 3991; x_wconf 93' lang='lat' dir='ltr'><strong>una</strong></span> <span class='ocrx_word' id='word_1_711' title='bbox 2771 3950 2990 4006; x_wconf 85' lang='lat' dir='ltr'><strong>quoque</strong></span> <span class='ocrx_word' id='word_1_712' title='bbox 3023 3934 3190 3989; x_wconf 86' lang='lat' dir='ltr'><strong>intrat</strong></span> <span class='ocrx_word' id='word_1_713' title='bbox 3238 3932 3475 4004; x_wconf 88' lang='lat' dir='ltr'><strong>Spiritus</strong></span> <span class='ocrx_word' id='word_1_714' title='bbox 3515 3947 3623 3986; x_wconf 83' lang='lat' dir='ltr'><strong>non</strong></span> 
     </span>
    </p>
   </div>
   <div class='ocr_carea' id='block_1_85' title="bbox 2045 4023 3626 4097">
    <p class='ocr_par' dir='ltr' id='par_1_85' title="bbox 2045 4023 3626 4097">
     <span class='ocr_line' id='line_1_85' title="bbox 2045 4023 3626 4097; baseline -0.004 -14"><span class='ocrx_word' id='word_1_715' title='bbox 2045 4028 2155 4083; x_wconf 90' lang='lat' dir='ltr'><strong>alio</strong></span> <span class='ocrx_word' id='word_1_716' title='bbox 2202 4027 2366 4082; x_wconf 90' lang='lat' dir='ltr'><strong>modo</strong></span> <span class='ocrx_word' id='word_1_717' title='bbox 2419 4041 2584 4097; x_wconf 88' lang='lat' dir='ltr'><strong>quam</strong></span> <span class='ocrx_word' id='word_1_718' title='bbox 2634 4025 2807 4080; x_wconf 83' lang='lat' dir='ltr'><strong>Filius</strong></span> <span class='ocrx_word' id='word_1_719' title='bbox 2873 4025 2930 4080; x_wconf 91' lang='lat' dir='ltr'><strong>in</strong></span> <span class='ocrx_word' id='word_1_720' title='bbox 2980 4024 3139 4080; x_wconf 91' lang='lat' dir='ltr'><strong>nobis</strong></span> <span class='ocrx_word' id='word_1_721' title='bbox 3170 4023 3532 4088; x_wconf 87' lang='lat' dir='ltr'><strong>habitaturus,</strong></span> <span class='ocrx_word' id='word_1_722' title='bbox 3565 4030 3626 4077; x_wconf 85' lang='lat' dir='ltr'><strong>ut</strong></span> 
     </span>
    </p>
   </div>
   <div class='ocr_carea' id='block_1_86' title="bbox 2047 4115 3628 4189">
    <p class='ocr_par' dir='ltr' id='par_1_86' title="bbox 2047 4115 3628 4189">
     <span class='ocr_line' id='line_1_86' title="bbox 2047 4115 3628 4189; baseline -0.002 -16"><span class='ocrx_word' id='word_1_723' title='bbox 2047 4118 2248 4176; x_wconf 88' lang='lat' dir='ltr'><strong>Paulus</strong></span> <span class='ocrx_word' id='word_1_724' title='bbox 2279 4120 2347 4175; x_wconf 91' lang='lat' dir='ltr'><strong>ad</strong></span> <span class='ocrx_word' id='word_1_725' title='bbox 2385 4117 2655 4189; x_wconf 86' lang='lat' dir='ltr'><strong>Ephesios</strong></span> <span class='ocrx_word' id='word_1_726' title='bbox 2694 4116 2929 4174; x_wconf 90' lang='lat' dir='ltr'><strong>scribit:</strong></span> <span class='ocrx_word' id='word_1_727' title='bbox 2961 4134 2979 4168; x_wconf 83' lang='grc' dir='ltr'><strong>ι</strong></span> <span class='ocrx_word' id='word_1_728' title='bbox 3023 4115 3094 4172; x_wconf 80' lang='lat' dir='ltr'><strong>Ut</strong></span> <span class='ocrx_word' id='word_1_729' title='bbox 3120 4116 3211 4171; x_wconf 88' lang='lat' dir='ltr'><strong>det</strong></span> <span class='ocrx_word' id='word_1_730' title='bbox 3243 4115 3403 4172; x_wconf 86' lang='lat' dir='ltr'><strong>vobis</strong></span> <span class='ocrx_word' id='word_1_731' title='bbox 3435 4129 3628 4171; x_wconf 88' lang='lat' dir='ltr'><strong>secun-</strong></span> 
     </span>
    </p>
   </div>
   <div class='ocr_carea' id='block_1_87' title="bbox 2047 4204 3629 4277">
    <p class='ocr_par' dir='ltr' id='par_1_87' title="bbox 2047 4204 3629 4277">
     <span class='ocr_line' id='line_1_87' title="bbox 2047 4204 3629 4277; baseline -0.001 -15"><span class='ocrx_word' id='word_1_732' title='bbox 2047 4207 2177 4263; x_wconf 92' lang='lat' dir='ltr'><strong>dum</strong></span> <span class='ocrx_word' id='word_1_733' title='bbox 2207 4207 2431 4264; x_wconf 81' lang='lat' dir='ltr'><strong>divitias</strong></span> <span class='ocrx_word' id='word_1_734' title='bbox 2480 4207 2668 4277; x_wconf 71' lang='lat' dir='ltr'><strong>gloria:</strong></span> <span class='ocrx_word' id='word_1_735' title='bbox 2714 4220 2850 4271; x_wconf 69' lang='lat' dir='ltr'><strong>suat,</strong></span> <span class='ocrx_word' id='word_1_736' title='bbox 2898 4205 3102 4260; x_wconf 86' lang='lat' dir='ltr'><strong>virtute</strong></span> <span class='ocrx_word' id='word_1_737' title='bbox 3150 4204 3501 4261; x_wconf 88' lang='lat' dir='ltr'><strong>corroborari</strong></span> <span class='ocrx_word' id='word_1_738' title='bbox 3530 4220 3629 4274; x_wconf 89' lang='lat' dir='ltr'><strong>per</strong></span> 
     </span>
    </p>
   </div>
   <div class='ocr_carea' id='block_1_88' title="bbox 2050 4293 3625 4366">
    <p class='ocr_par' dir='ltr' id='par_1_88' title="bbox 2050 4293 3625 4366">
     <span class='ocr_line' id='line_1_88' title="bbox 2050 4293 3625 4366; baseline -0.001 -17"><span class='ocrx_word' id='word_1_739' title='bbox 2050 4294 2313 4366; x_wconf 85' lang='lat' dir='ltr'><strong>Spiritum</strong></span> <span class='ocrx_word' id='word_1_740' title='bbox 2344 4296 2467 4366; x_wconf 88' lang='lat' dir='ltr'><strong>ejus</strong></span> <span class='ocrx_word' id='word_1_741' title='bbox 2493 4296 2548 4349; x_wconf 93' lang='lat' dir='ltr'><strong>in</strong></span> <span class='ocrx_word' id='word_1_742' title='bbox 2596 4295 2914 4350; x_wconf 90' lang='lat' dir='ltr'><strong>interiorem</strong></span> <span class='ocrx_word' id='word_1_743' title='bbox 2972 4294 3244 4351; x_wconf 85' lang='lat' dir='ltr'><strong>hominem</strong></span> <span class='ocrx_word' id='word_1_744' title='bbox 3275 4335 3291 4361; x_wconf 92' lang='lat'><strong>,</strong></span> <span class='ocrx_word' id='word_1_745' title='bbox 3343 4293 3625 4349; x_wconf 88' lang='lat' dir='ltr'><strong>Christum</strong></span> 
     </span>
    </p>
   </div>
   <div class='ocr_carea' id='block_1_89' title="bbox 2049 4381 3630 4446">
    <p class='ocr_par' dir='ltr' id='par_1_89' title="bbox 2049 4381 3630 4446">
     <span class='ocr_line' id='line_1_89' title="bbox 2049 4381 3630 4446; baseline -0.001 -7"><span class='ocrx_word' id='word_1_746' title='bbox 2049 4385 2296 4441; x_wconf 88' lang='lat' dir='ltr'><strong>habitare</strong></span> <span class='ocrx_word' id='word_1_747' title='bbox 2341 4386 2381 4440; x_wconf 75' lang='grc'>⁷.</span> <span class='ocrx_word' id='word_1_748' title='bbox 2422 4404 2442 4437; x_wconf 76' lang='grc' dir='ltr'><strong>ι</strong></span> <span class='ocrx_word' id='word_1_749' title='bbox 2473 4385 2648 4439; x_wconf 85' lang='lat' dir='ltr'><strong>Porro</strong></span> <span class='ocrx_word' id='word_1_750' title='bbox 2674 4398 2800 4439; x_wconf 89' lang='lat' dir='ltr'><strong>cum</strong></span> <span class='ocrx_word' id='word_1_751' title='bbox 2826 4381 3001 4439; x_wconf 84' lang='lat' dir='ltr'><strong>Filius</strong></span> <span class='ocrx_word' id='word_1_752' title='bbox 3030 4382 3084 4438; x_wconf 93' lang='lat' dir='ltr'><strong>in</strong></span> <span class='ocrx_word' id='word_1_753' title='bbox 3115 4383 3277 4439; x_wconf 90' lang='lat' dir='ltr'><strong>nobis</strong></span> <span class='ocrx_word' id='word_1_754' title='bbox 3331 4393 3435 4446; x_wconf 90' lang='lat' dir='ltr'><strong>est,</strong></span> <span class='ocrx_word' id='word_1_755' title='bbox 3467 4384 3630 4438; x_wconf 86' lang='lat' dir='ltr'><strong>Pater</strong></span> 
     </span>
    </p>
   </div>
   <div class='ocr_carea' id='block_1_90' title="bbox 365 4461 1942 4548">
    <p class='ocr_par' dir='ltr' id='par_1_90' title="bbox 365 4472 1942 4548">
     <span class='ocr_line' id='line_1_90' title="bbox 365 4472 1942 4548; baseline -0.001 -18"><span class='ocrx_word' id='word_1_756' title='bbox 365 4478 530 4548; x_wconf 80' lang='grc' dir='ltr'>κῆσαι</span> <span class='ocrx_word' id='word_1_757' title='bbox 563 4476 655 4529; x_wconf 80' lang='grc' dir='ltr'>τὸν</span> <span class='ocrx_word' id='word_1_758' title='bbox 676 4474 932 4547; x_wconf 83' lang='grc' dir='ltr'>Χριστόν.</span> <span class='ocrx_word' id='word_1_759' title='bbox 964 4494 982 4526; x_wconf 81' lang='grc' dir='ltr'><strong>ι</strong></span> <span class='ocrx_word' id='word_1_760' title='bbox 1017 4472 1124 4528; x_wconf 91' lang='grc' dir='ltr'>Τοῦ</span> <span class='ocrx_word' id='word_1_761' title='bbox 1156 4474 1215 4527; x_wconf 82' lang='grc' dir='ltr'>δὲ</span> <span class='ocrx_word' id='word_1_762' title='bbox 1234 4475 1362 4528; x_wconf 87' lang='grc' dir='ltr'>Υίοῦ</span> <span class='ocrx_word' id='word_1_763' title='bbox 1394 4475 1452 4528; x_wconf 87' lang='grc' dir='ltr'>ὲν</span> <span class='ocrx_word' id='word_1_764' title='bbox 1484 4475 1619 4544; x_wconf 79' lang='grc' dir='ltr'>ἡμῖν</span> <span class='ocrx_word' id='word_1_765' title='bbox 1649 4474 1821 4538; x_wconf 75' lang='grc' dir='ltr'>ὄντος,</span> <span class='ocrx_word' id='word_1_766' title='bbox 1866 4474 1942 4529; x_wconf 79' lang='grc' dir='ltr'>ἔτι</span> 
     </span>
    </p>
   </div>
   <div class='ocr_carea' id='block_1_91' title="bbox 2036 4461 3629 4548">
    <p class='ocr_par' dir='ltr' id='par_1_91' title="bbox 2049 4473 3629 4546">
     <span class='ocr_line' id='line_1_91' title="bbox 2049 4473 3629 4546; baseline -0.004 -16"><span class='ocrx_word' id='word_1_767' title='bbox 2049 4491 2270 4546; x_wconf 88' lang='lat' dir='ltr'><strong>quoque</strong></span> <span class='ocrx_word' id='word_1_768' title='bbox 2301 4476 2469 4531; x_wconf 90' lang='lat' dir='ltr'><strong>simul</strong></span> <span class='ocrx_word' id='word_1_769' title='bbox 2491 4483 2676 4541; x_wconf 86' lang='lat' dir='ltr'><strong>est,ut</strong></span> <span class='ocrx_word' id='word_1_770' title='bbox 2696 4474 2869 4530; x_wconf 86' lang='lat' dir='ltr'><strong>Filius</strong></span> <span class='ocrx_word' id='word_1_771' title='bbox 2898 4474 3015 4545; x_wconf 90' lang='lat' dir='ltr'><strong>ipse</strong></span> <span class='ocrx_word' id='word_1_772' title='bbox 3038 4474 3114 4529; x_wconf 83' lang='lat' dir='ltr'><strong>ita</strong></span> <span class='ocrx_word' id='word_1_773' title='bbox 3146 4482 3422 4530; x_wconf 84' lang='lat' dir='ltr'><strong>testatur:</strong></span> <span class='ocrx_word' id='word_1_774' title='bbox 3462 4491 3481 4524; x_wconf 77' lang='grc' dir='ltr'><strong>ι</strong></span> <span class='ocrx_word' id='word_1_775' title='bbox 3515 4473 3629 4541; x_wconf 81' lang='lat' dir='ltr'><strong>Ego</strong></span> 
     </span>
    </p>
   </div>
   <div class='ocr_carea' id='block_1_92' title="bbox 367 4563 1948 4639">
    <p class='ocr_par' dir='ltr' id='par_1_92' title="bbox 367 4563 1948 4639">
     <span class='ocr_line' id='line_1_92' title="bbox 367 4563 1948 4639; baseline -0.003 -15"><span class='ocrx_word' id='word_1_776' title='bbox 367 4571 462 4624; x_wconf 77' lang='grc' dir='ltr'>καὶ</span> <span class='ocrx_word' id='word_1_777' title='bbox 489 4571 519 4623; x_wconf 91' lang='lat'><strong>0</strong></span> <span class='ocrx_word' id='word_1_778' title='bbox 546 4567 757 4639; x_wconf 85' lang='grc' dir='ltr'>Πατὴρ,</span> <span class='ocrx_word' id='word_1_779' title='bbox 779 4566 1028 4635; x_wconf 81' lang='grc' dir='ltr'>λέγοντος</span> <span class='ocrx_word' id='word_1_780' title='bbox 1059 4565 1154 4619; x_wconf 89' lang='grc' dir='ltr'><strong>τοῦ</strong></span> <span class='ocrx_word' id='word_1_781' title='bbox 1186 4564 1318 4618; x_wconf 84' lang='grc' dir='ltr'>Υίοῦ</span> <span class='ocrx_word' id='word_1_782' title='bbox 1339 4581 1354 4597; x_wconf 86' lang='grc'><strong>·</strong></span> <span class='ocrx_word' id='word_1_783' title='bbox 1398 4584 1416 4617; x_wconf 83' lang='grc' dir='ltr'><strong>ι</strong></span> <span class='ocrx_word' id='word_1_784' title='bbox 1471 4563 1613 4634; x_wconf 85' lang='grc' dir='ltr'><strong>Ἐγὼ</strong></span> <span class='ocrx_word' id='word_1_785' title='bbox 1637 4567 1696 4618; x_wconf 84' lang='grc' dir='ltr'>ὲν</span> <span class='ocrx_word' id='word_1_786' title='bbox 1728 4564 1807 4635; x_wconf 82' lang='grc' dir='ltr'>τῷ</span> <span class='ocrx_word' id='word_1_787' title='bbox 1833 4568 1948 4620; x_wconf 87' lang='grc' dir='ltr'>Πα-</span> 
     </span>
    </p>
   </div>
   <div class='ocr_carea' id='block_1_93' title="bbox 365 4655 1949 4733">
    <p class='ocr_par' dir='ltr' id='par_1_93' title="bbox 365 4655 1949 4733">
     <span class='ocr_line' id='line_1_93' title="bbox 365 4655 1949 4733; baseline -0.003 -19"><span class='ocrx_word' id='word_1_788' title='bbox 365 4662 476 4733; x_wconf 65' lang='lat' dir='ltr'><strong>cpi,</strong></span> <span class='ocrx_word' id='word_1_789' title='bbox 509 4659 606 4714; x_wconf 78' lang='grc' dir='ltr'>καὶ</span> <span class='ocrx_word' id='word_1_790' title='bbox 635 4660 666 4711; x_wconf 93' lang='lat'><strong>0</strong></span> <span class='ocrx_word' id='word_1_791' title='bbox 687 4657 876 4729; x_wconf 79' lang='grc' dir='ltr'>Πατὴρ</span> <span class='ocrx_word' id='word_1_792' title='bbox 908 4657 966 4709; x_wconf 81' lang='grc' dir='ltr'>ὲν</span> <span class='ocrx_word' id='word_1_793' title='bbox 997 4656 1139 4727; x_wconf 77' lang='grc' dir='ltr'>ἐμοί.</span> <span class='ocrx_word' id='word_1_794' title='bbox 1183 4675 1201 4707; x_wconf 81' lang='grc' dir='ltr'><strong>ι</strong></span> <span class='ocrx_word' id='word_1_795' title='bbox 1232 4655 1325 4710; x_wconf 82' lang='grc' dir='ltr'>Διὸ</span> <span class='ocrx_word' id='word_1_796' title='bbox 1360 4656 1488 4720; x_wconf 79' lang='grc' dir='ltr'>καὶ,</span> <span class='ocrx_word' id='word_1_797' title='bbox 1541 4655 1825 4727; x_wconf 82' lang='grc' dir='ltr'>γινομένου</span> <span class='ocrx_word' id='word_1_798' title='bbox 1855 4655 1949 4709; x_wconf 92' lang='grc' dir='ltr'><strong>τοῦ</strong></span> 
     </span>
    </p>
   </div>
   <div class='ocr_carea' id='block_1_94' title="bbox 367 4746 1952 4820">
    <p class='ocr_par' dir='ltr' id='par_1_94' title="bbox 367 4746 1952 4820">
     <span class='ocr_line' id='line_1_94' title="bbox 367 4746 1952 4820; baseline -0.004 -14"><span class='ocrx_word' id='word_1_799' title='bbox 367 4752 539 4819; x_wconf 87' lang='grc' dir='ltr'>Λόγου</span> <span class='ocrx_word' id='word_1_800' title='bbox 571 4752 629 4804; x_wconf 71' lang='grc' dir='ltr'>ὲν</span> <span class='ocrx_word' id='word_1_801' title='bbox 653 4751 768 4813; x_wconf 81' lang='grc' dir='ltr'>τοῖς</span> <span class='ocrx_word' id='word_1_802' title='bbox 791 4748 1114 4820; x_wconf 83' lang='grc' dir='ltr'>προφήταις,</span> <span class='ocrx_word' id='word_1_803' title='bbox 1145 4749 1204 4800; x_wconf 82' lang='grc' dir='ltr'>ἐν</span> <span class='ocrx_word' id='word_1_804' title='bbox 1244 4746 1395 4818; x_wconf 86' lang='grc' dir='ltr'><strong>αὐτῷ</strong></span> <span class='ocrx_word' id='word_1_805' title='bbox 1431 4746 1510 4818; x_wconf 82' lang='grc' dir='ltr'><strong>τῷ</strong></span> <span class='ocrx_word' id='word_1_806' title='bbox 1549 4746 1829 4818; x_wconf 87' lang='grc' dir='ltr'>Πνεύματι</span> <span class='ocrx_word' id='word_1_807' title='bbox 1869 4746 1952 4818; x_wconf 84' lang='grc' dir='ltr'>τῷ</span> 
     </span>
    </p>
   </div>
   <div class='ocr_carea' id='block_1_95' title="bbox 367 4837 1949 4913">
    <p class='ocr_par' dir='ltr' id='par_1_95' title="bbox 367 4837 1949 4913">
     <span class='ocr_line' id='line_1_95' title="bbox 367 4837 1949 4913; baseline -0.003 -17"><span class='ocrx_word' id='word_1_808' title='bbox 367 4842 509 4912; x_wconf 77' lang='grc' dir='ltr'>ἁγίῳ</span> <span class='ocrx_word' id='word_1_809' title='bbox 569 4838 993 4913; x_wconf 79' lang='grc' dir='ltr'>προφητεύουσι.</span> <span class='ocrx_word' id='word_1_810' title='bbox 1048 4838 1159 4909; x_wconf 81' lang='grc' dir='ltr'><strong>Τῆς</strong></span> <span class='ocrx_word' id='word_1_811' title='bbox 1220 4838 1351 4907; x_wconf 90' lang='grc' dir='ltr'>γοῦν</span> <span class='ocrx_word' id='word_1_812' title='bbox 1388 4837 1610 4909; x_wconf 84' lang='grc' dir='ltr'>Γραφῆς</span> <span class='ocrx_word' id='word_1_813' title='bbox 1653 4837 1949 4909; x_wconf 86' lang='grc' dir='ltr'>λεγούσης,</span> 
     </span>
    </p>
   </div>
   <div class='ocr_carea' id='block_1_96' title="bbox 375 4928 1953 5000">
    <p class='ocr_par' dir='ltr' id='par_1_96' title="bbox 375 4928 1953 5000">
     <span class='ocr_line' id='line_1_96' title="bbox 375 4928 1953 5000; baseline -0.003 -12"><span class='ocrx_word' id='word_1_814' title='bbox 375 4954 394 4987; x_wconf 78' lang='grc' dir='ltr'><strong>ι</strong></span> <span class='ocrx_word' id='word_1_815' title='bbox 437 4935 550 4988; x_wconf 75' lang='grc' dir='ltr'>Καὶ</span> <span class='ocrx_word' id='word_1_816' title='bbox 729 4929 948 4999; x_wconf 66' lang='grc' dir='ltr'>ἐγένετο</span> <span class='ocrx_word' id='word_1_817' title='bbox 980 4928 1151 4998; x_wconf 85' lang='grc' dir='ltr'>Λόγος</span> <span class='ocrx_word' id='word_1_818' title='bbox 1183 4929 1391 5000; x_wconf 84' lang='grc' dir='ltr'>Κυρίου</span> <span class='ocrx_word' id='word_1_819' title='bbox 1432 4947 1450 4980; x_wconf 79' lang='grc' dir='ltr'><strong>ι</strong></span> <span class='ocrx_word' id='word_1_820' title='bbox 1491 4928 1628 4999; x_wconf 85' lang='grc' dir='ltr'>πρὸς</span> <span class='ocrx_word' id='word_1_821' title='bbox 1662 4929 1811 4983; x_wconf 88' lang='grc' dir='ltr'>τόνδε</span> <span class='ocrx_word' id='word_1_822' title='bbox 1863 4929 1953 4983; x_wconf 83' lang='grc' dir='ltr'><strong>τὸν</strong></span> 
     </span>
    </p>
   </div>
   <div class='ocr_carea' id='block_1_97' title="bbox 372 5018 1953 5099">
    <p class='ocr_par' dir='ltr' id='par_1_97' title="bbox 372 5018 1953 5099">
     <span class='ocr_line' id='line_1_97' title="bbox 372 5018 1953 5099; baseline -0.004 -21"><span class='ocrx_word' id='word_1_823' title='bbox 372 5027 676 5099; x_wconf 77' lang='grc' dir='ltr'>προφήτην,</span> <span class='ocrx_word' id='word_1_824' title='bbox 702 5021 973 5076; x_wconf 85' lang='grc' dir='ltr'>δείκνυται</span> <span class='ocrx_word' id='word_1_825' title='bbox 1003 5018 1363 5092; x_wconf 85' lang='grc' dir='ltr'>προφητεύων</span> <span class='ocrx_word' id='word_1_826' title='bbox 1394 5020 1453 5072; x_wconf 84' lang='grc' dir='ltr'>ὲν</span> <span class='ocrx_word' id='word_1_827' title='bbox 1480 5018 1556 5090; x_wconf 82' lang='grc' dir='ltr'>τῷ</span> <span class='ocrx_word' id='word_1_828' title='bbox 1572 5018 1712 5073; x_wconf 90' lang='grc' dir='ltr'>Πνεύ</span> <span class='ocrx_word' id='word_1_829' title='bbox 1722 5037 1852 5091; x_wconf 88' lang='grc' dir='ltr'>ματι</span> <span class='ocrx_word' id='word_1_830' title='bbox 1874 5020 1953 5091; x_wconf 82' lang='grc' dir='ltr'>τῷ</span> 
     </span>
    </p>
   </div>
   <div class='ocr_carea' id='block_1_98' title="bbox 371 5109 1950 5186">
    <p class='ocr_par' dir='ltr' id='par_1_98' title="bbox 371 5109 1950 5186">
     <span class='ocr_line' id='line_1_98' title="bbox 371 5109 1950 5186; baseline -0.004 -15"><span class='ocrx_word' id='word_1_831' title='bbox 371 5116 530 5186; x_wconf 80' lang='grc' dir='ltr'>ἁγίῳ.</span> <span class='ocrx_word' id='word_1_832' title='bbox 579 5115 669 5168; x_wconf 87' lang='grc' dir='ltr'><strong>Ἐν</strong></span> <span class='ocrx_word' id='word_1_833' title='bbox 714 5113 814 5184; x_wconf 82' lang='grc' dir='ltr'>μὲν</span> <span class='ocrx_word' id='word_1_834' title='bbox 863 5110 974 5184; x_wconf 73' lang='grc' dir='ltr'><strong>γὰρ</strong></span> <span class='ocrx_word' id='word_1_835' title='bbox 1181 5109 1258 5180; x_wconf 81' lang='grc' dir='ltr'>τῷ</span> <span class='ocrx_word' id='word_1_836' title='bbox 1305 5110 1553 5181; x_wconf 73' lang='grc' dir='ltr'>Ζαχαρία</span> <span class='ocrx_word' id='word_1_837' title='bbox 1606 5111 1950 5184; x_wconf 84' lang='grc' dir='ltr'>γέγραπται·</span> 
     </span>
    </p>
   </div>
   <div class='ocr_carea' id='block_1_99' title="bbox 377 5200 1951 5276">
    <p class='ocr_par' dir='ltr' id='par_1_99' title="bbox 377 5200 1951 5276">
     <span class='ocr_line' id='line_1_99' title="bbox 377 5200 1951 5276; baseline -0.003 -17"><span class='ocrx_word' id='word_1_838' title='bbox 377 5228 394 5259; x_wconf 84' lang='grc' dir='ltr'><strong>ι</strong></span> <span class='ocrx_word' id='word_1_839' title='bbox 430 5207 578 5276; x_wconf 78' lang='grc' dir='ltr'>Πλὴν</span> <span class='ocrx_word' id='word_1_840' title='bbox 604 5206 729 5268; x_wconf 75' lang='grc' dir='ltr'>τοὺς</span> <span class='ocrx_word' id='word_1_841' title='bbox 760 5204 952 5272; x_wconf 84' lang='grc' dir='ltr'>λόγους</span> <span class='ocrx_word' id='word_1_842' title='bbox 981 5219 1083 5273; x_wconf 92' lang='grc' dir='ltr'><strong>μου</strong></span> <span class='ocrx_word' id='word_1_843' title='bbox 1110 5203 1205 5255; x_wconf 71' lang='grc' dir='ltr'><strong>καὶ</strong></span> <span class='ocrx_word' id='word_1_844' title='bbox 1241 5200 1310 5254; x_wconf 82' lang='grc' dir='ltr'><strong>τὰ</strong></span> <span class='ocrx_word' id='word_1_845' title='bbox 1337 5201 1545 5272; x_wconf 87' lang='grc' dir='ltr'>νόμιμά</span> <span class='ocrx_word' id='word_1_846' title='bbox 1581 5218 1682 5272; x_wconf 89' lang='grc' dir='ltr'><strong>μου</strong></span> <span class='ocrx_word' id='word_1_847' title='bbox 1711 5201 1951 5272; x_wconf 82' lang='grc' dir='ltr'>δέχεσθε,</span> 
     </span>
    </p>
   </div>
   <div class='ocr_carea' id='block_1_100' title="bbox 371 5290 1953 5364">
    <p class='ocr_par' dir='ltr' id='par_1_100' title="bbox 371 5290 1953 5364">
     <span class='ocr_line' id='line_1_100' title="bbox 371 5290 1953 5364; baseline -0.004 -13"><span class='ocrx_word' id='word_1_848' title='bbox 371 5299 467 5351; x_wconf 83' lang='grc' dir='ltr'>ὅσα</span> <span class='ocrx_word' id='word_1_849' title='bbox 488 5293 601 5364; x_wconf 81' lang='grc' dir='ltr'><strong>ἐγὼ</strong></span> <span class='ocrx_word' id='word_1_850' title='bbox 623 5292 935 5361; x_wconf 75' lang='grc' dir='ltr'>ἐντέλλομαι</span> <span class='ocrx_word' id='word_1_851' title='bbox 953 5292 1012 5344; x_wconf 81' lang='grc' dir='ltr'>ὲν</span> <span class='ocrx_word' id='word_1_852' title='bbox 1034 5290 1313 5361; x_wconf 87' lang='grc' dir='ltr'>Πνεύματί</span> <span class='ocrx_word' id='word_1_853' title='bbox 1334 5308 1436 5361; x_wconf 90' lang='grc' dir='ltr'><strong>μου</strong></span> <span class='ocrx_word' id='word_1_854' title='bbox 1463 5292 1578 5355; x_wconf 84' lang='grc' dir='ltr'>τοῖς</span> <span class='ocrx_word' id='word_1_855' title='bbox 1615 5290 1822 5357; x_wconf 91' lang='grc' dir='ltr'>δούλοις</span> <span class='ocrx_word' id='word_1_856' title='bbox 1852 5309 1953 5363; x_wconf 91' lang='grc' dir='ltr'><strong>μου</strong></span> 
     </span>
    </p>
   </div>
   <div class='ocr_carea' id='block_1_101' title="bbox 373 5381 1956 5458">
    <p class='ocr_par' dir='ltr' id='par_1_101' title="bbox 373 5381 1956 5458">
     <span class='ocr_line' id='line_1_101' title="bbox 373 5381 1956 5458; baseline -0.003 -17"><span class='ocrx_word' id='word_1_857' title='bbox 373 5391 481 5450; x_wconf 82' lang='grc' dir='ltr'>τοῖς</span> <span class='ocrx_word' id='word_1_858' title='bbox 513 5386 852 5458; x_wconf 84' lang='grc' dir='ltr'>προφήταις·</span> <span class='ocrx_word' id='word_1_859' title='bbox 888 5402 905 5435; x_wconf 75' lang='grc' dir='ltr'><strong>ι</strong></span> <span class='ocrx_word' id='word_1_860' title='bbox 941 5383 1029 5437; x_wconf 83' lang='grc' dir='ltr'>ὅτε</span> <span class='ocrx_word' id='word_1_861' title='bbox 1052 5381 1148 5436; x_wconf 80' lang='grc' dir='ltr'>καὶ</span> <span class='ocrx_word' id='word_1_862' title='bbox 1179 5383 1297 5453; x_wconf 79' lang='grc' dir='ltr'>μετ’</span> <span class='ocrx_word' id='word_1_863' title='bbox 1324 5381 1483 5450; x_wconf 84' lang='grc' dir='ltr'>ὀλίγα</span> <span class='ocrx_word' id='word_1_864' title='bbox 1507 5383 1827 5454; x_wconf 76' lang='grc' dir='ltr'>αἰτιώμενος</span> <span class='ocrx_word' id='word_1_865' title='bbox 1863 5382 1956 5437; x_wconf 82' lang='grc' dir='ltr'>τὸν</span> 
     </span>
    </p>
   </div>
   <div class='ocr_carea' id='block_1_102' title="bbox 375 5473 1954 5548">
    <p class='ocr_par' dir='ltr' id='par_1_102' title="bbox 375 5473 1954 5548">
     <span class='ocr_line' id='line_1_102' title="bbox 375 5473 1954 5548; baseline -0.002 -15"><span class='ocrx_word' id='word_1_866' title='bbox 375 5479 501 5533; x_wconf 76' lang='grc' dir='ltr'>λαὸν</span> <span class='ocrx_word' id='word_1_867' title='bbox 535 5480 691 5547; x_wconf 69' lang='grc' dir='ltr'>ἔλεγε</span> <span class='ocrx_word' id='word_1_868' title='bbox 712 5493 724 5505; x_wconf 76' lang='grc' dir='ltr'><strong><em>ο</em></strong></span> <span class='ocrx_word' id='word_1_869' title='bbox 750 5496 769 5528; x_wconf 82' lang='grc' dir='ltr'><strong>ι</strong></span> <span class='ocrx_word' id='word_1_870' title='bbox 796 5476 904 5530; x_wconf 76' lang='grc' dir='ltr'>Καὶ</span> <span class='ocrx_word' id='word_1_871' title='bbox 930 5476 1032 5546; x_wconf 83' lang='grc' dir='ltr'>τὴν</span> <span class='ocrx_word' id='word_1_872' title='bbox 1065 5475 1292 5547; x_wconf 85' lang='grc' dir='ltr'>καρδίαν</span> <span class='ocrx_word' id='word_1_873' title='bbox 1315 5473 1496 5527; x_wconf 85' lang='grc' dir='ltr'>αὐτῶν</span> <span class='ocrx_word' id='word_1_874' title='bbox 1514 5474 1706 5540; x_wconf 72' lang='grc' dir='ltr'>ἔταξαν</span> <span class='ocrx_word' id='word_1_875' title='bbox 1728 5474 1954 5548; x_wconf 82' lang='grc' dir='ltr'>ἀπειθῆ,</span> 
     </span>
    </p>
   </div>
   <div class='ocr_carea' id='block_1_103' title="bbox 458 5634 1545 5703">
    <p class='ocr_par' dir='ltr' id='par_1_103' title="bbox 458 5634 1545 5703">
     <span class='ocr_line' id='line_1_103' title="bbox 458 5634 1545 5703; baseline -0.007 -9"><span class='ocrx_word' id='word_1_876' title='bbox 458 5644 471 5671; x_wconf 91' lang='grc'>¹</span> <span class='ocrx_word' id='word_1_877' title='bbox 510 5640 667 5693; x_wconf 77' lang='lat' dir='ltr'><strong>Joan.</strong></span> <span class='ocrx_word' id='word_1_878' title='bbox 705 5638 930 5703; x_wconf 68' lang='lat' dir='ltr'><strong>3tv,23.</strong></span> <span class='ocrx_word' id='word_1_879' title='bbox 1008 5637 1029 5668; x_wconf 80' lang='lat'><strong>’</strong></span> <span class='ocrx_word' id='word_1_880' title='bbox 1061 5634 1101 5689; x_wconf 88' lang='grc'><strong>11</strong></span> <span class='ocrx_word' id='word_1_881' title='bbox 1128 5636 1257 5691; x_wconf 88' lang='lat' dir='ltr'><strong>Cor.</strong></span> <span class='ocrx_word' id='word_1_882' title='bbox 1301 5650 1418 5699; x_wconf 81' lang='lat' dir='ltr'><strong>xm,</strong></span> <span class='ocrx_word' id='word_1_883' title='bbox 1460 5635 1545 5688; x_wconf 73' lang='grc'><strong>15.</strong></span> 
     </span>
    </p>
   </div>
   <div class='ocr_carea' id='block_1_104' title="bbox 2051 4563 3628 4631">
    <p class='ocr_par' dir='ltr' id='par_1_104' title="bbox 2051 4563 3628 4631">
     <span class='ocr_line' id='line_1_104' title="bbox 2051 4563 3628 4631; baseline -0.005 -9"><span class='ocrx_word' id='word_1_884' title='bbox 2051 4568 2106 4622; x_wconf 91' lang='lat' dir='ltr'><strong>in</strong></span> <span class='ocrx_word' id='word_1_885' title='bbox 2143 4568 2321 4631; x_wconf 87' lang='lat' dir='ltr'><strong>Patre,</strong></span> <span class='ocrx_word' id='word_1_886' title='bbox 2349 4576 2403 4624; x_wconf 88' lang='lat' dir='ltr'><strong>et</strong></span> <span class='ocrx_word' id='word_1_887' title='bbox 2426 4566 2586 4623; x_wconf 81' lang='lat' dir='ltr'><strong>Pater</strong></span> <span class='ocrx_word' id='word_1_888' title='bbox 2613 4566 2667 4621; x_wconf 93' lang='lat' dir='ltr'><strong>in</strong></span> <span class='ocrx_word' id='word_1_889' title='bbox 2693 4582 2781 4623; x_wconf 88' lang='lat' dir='ltr'><strong>me</strong></span> <span class='ocrx_word' id='word_1_890' title='bbox 2827 4572 2875 4619; x_wconf 76' lang='grc'>⁸.</span> <span class='ocrx_word' id='word_1_891' title='bbox 2911 4585 2931 4620; x_wconf 81' lang='grc' dir='ltr'><strong>ι</strong></span> <span class='ocrx_word' id='word_1_892' title='bbox 2966 4564 3105 4620; x_wconf 86' lang='lat' dir='ltr'><strong>Hinc</strong></span> <span class='ocrx_word' id='word_1_893' title='bbox 3129 4580 3254 4620; x_wconf 91' lang='lat' dir='ltr'><strong>cum</strong></span> <span class='ocrx_word' id='word_1_894' title='bbox 3298 4563 3535 4619; x_wconf 77' lang='lat' dir='ltr'><strong>Verbum</strong></span> <span class='ocrx_word' id='word_1_895' title='bbox 3573 4563 3628 4615; x_wconf 91' lang='lat' dir='ltr'><strong>in</strong></span> 
     </span>
    </p>
   </div>
   <div class='ocr_carea' id='block_1_105' title="bbox 2052 4652 3628 4730">
    <p class='ocr_par' dir='ltr' id='par_1_105' title="bbox 2052 4652 3628 4730">
     <span class='ocr_line' id='line_1_105' title="bbox 2052 4652 3628 4730; baseline -0.007 -16"><span class='ocrx_word' id='word_1_896' title='bbox 2052 4660 2332 4730; x_wconf 89' lang='lat' dir='ltr'><strong>prophetis</strong></span> <span class='ocrx_word' id='word_1_897' title='bbox 2360 4658 2536 4724; x_wconf 86' lang='lat' dir='ltr'><strong>adest,</strong></span> <span class='ocrx_word' id='word_1_898' title='bbox 2589 4659 2668 4713; x_wconf 92' lang='lat' dir='ltr'><strong>illi</strong></span> <span class='ocrx_word' id='word_1_899' title='bbox 2699 4658 2754 4713; x_wconf 93' lang='lat' dir='ltr'><strong>in</strong></span> <span class='ocrx_word' id='word_1_900' title='bbox 2786 4658 2907 4729; x_wconf 91' lang='lat' dir='ltr'><strong>ipso</strong></span> <span class='ocrx_word' id='word_1_901' title='bbox 2959 4655 3168 4728; x_wconf 81' lang='lat' dir='ltr'><strong>Spiritu</strong></span> <span class='ocrx_word' id='word_1_902' title='bbox 3209 4662 3403 4710; x_wconf 89' lang='lat' dir='ltr'><strong>saneto</strong></span> <span class='ocrx_word' id='word_1_903' title='bbox 3438 4652 3628 4715; x_wconf 75' lang='lat' dir='ltr'><strong>vatici-</strong></span> 
     </span>
    </p>
   </div>
   <div class='ocr_carea' id='block_1_106' title="bbox 2053 4744 3634 4821">
    <p class='ocr_par' dir='ltr' id='par_1_106' title="bbox 2053 4744 3634 4821">
     <span class='ocr_line' id='line_1_106' title="bbox 2053 4744 3634 4821; baseline -0.003 -18"><span class='ocrx_word' id='word_1_904' title='bbox 2053 4760 2276 4804; x_wconf 89' lang='lat' dir='ltr'><strong>nantur.</strong></span> <span class='ocrx_word' id='word_1_905' title='bbox 2310 4748 2466 4806; x_wconf 89' lang='lat' dir='ltr'><strong>Unde</strong></span> <span class='ocrx_word' id='word_1_906' title='bbox 2492 4764 2615 4805; x_wconf 93' lang='lat' dir='ltr'><strong>cum</strong></span> <span class='ocrx_word' id='word_1_907' title='bbox 2652 4748 2939 4821; x_wconf 88' lang='lat' dir='ltr'><strong>Scriptura</strong></span> <span class='ocrx_word' id='word_1_908' title='bbox 2990 4748 3141 4812; x_wconf 85' lang='lat' dir='ltr'><strong>dicit,</strong></span> <span class='ocrx_word' id='word_1_909' title='bbox 3173 4765 3193 4798; x_wconf 79' lang='grc' dir='ltr'><strong>ι</strong></span> <span class='ocrx_word' id='word_1_910' title='bbox 3233 4745 3299 4799; x_wconf 85' lang='grc' dir='ltr'>Ει</span> <span class='ocrx_word' id='word_1_911' title='bbox 3322 4744 3525 4800; x_wconf 79' lang='lat' dir='ltr'><strong>factum</strong></span> <span class='ocrx_word' id='word_1_912' title='bbox 3547 4754 3634 4798; x_wconf 78' lang='lat' dir='ltr'><strong>est</strong></span> 
     </span>
    </p>
   </div>
   <div class='ocr_carea' id='block_1_107' title="bbox 2059 4835 3631 4912">
    <p class='ocr_par' dir='ltr' id='par_1_107' title="bbox 2059 4835 3631 4912">
     <span class='ocr_line' id='line_1_107' title="bbox 2059 4835 3631 4912; baseline -0.004 -18"><span class='ocrx_word' id='word_1_913' title='bbox 2059 4838 2290 4896; x_wconf 82' lang='lat' dir='ltr'><strong>Verbum</strong></span> <span class='ocrx_word' id='word_1_914' title='bbox 2314 4860 2332 4893; x_wconf 81' lang='grc' dir='ltr'><strong>ι</strong></span> <span class='ocrx_word' id='word_1_915' title='bbox 2355 4843 2421 4896; x_wconf 87' lang='lat' dir='ltr'><strong>ad</strong></span> <span class='ocrx_word' id='word_1_916' title='bbox 2446 4842 2605 4898; x_wconf 89' lang='lat' dir='ltr'><strong>talem</strong></span> <span class='ocrx_word' id='word_1_917' title='bbox 2637 4842 2980 4912; x_wconf 87' lang='lat' dir='ltr'><strong>prophetam,</strong></span> <span class='ocrx_word' id='word_1_918' title='bbox 3012 4840 3165 4893; x_wconf 90' lang='lat' dir='ltr'><strong>illum</strong></span> <span class='ocrx_word' id='word_1_919' title='bbox 3190 4837 3244 4890; x_wconf 89' lang='lat' dir='ltr'><strong>in</strong></span> <span class='ocrx_word' id='word_1_920' title='bbox 3272 4835 3478 4906; x_wconf 89' lang='lat' dir='ltr'><strong>Spiritu</strong></span> <span class='ocrx_word' id='word_1_921' title='bbox 3503 4850 3631 4889; x_wconf 85' lang='lat' dir='ltr'><strong>san-</strong></span> 
     </span>
    </p>
   </div>
   <div class='ocr_carea' id='block_1_108' title="bbox 2054 4928 3627 5005">
    <p class='ocr_par' dir='ltr' id='par_1_108' title="bbox 2054 4928 3627 5005">
     <span class='ocr_line' id='line_1_108' title="bbox 2054 4928 3627 5005; baseline -0.005 -16"><span class='ocrx_word' id='word_1_922' title='bbox 2054 4943 2145 4990; x_wconf 87' lang='lat' dir='ltr'><strong>cto</strong></span> <span class='ocrx_word' id='word_1_923' title='bbox 2175 4934 2466 4988; x_wconf 83' lang='lat' dir='ltr'><strong>vaticinari</strong></span> <span class='ocrx_word' id='word_1_924' title='bbox 2494 4934 2785 5005; x_wconf 81' lang='lat' dir='ltr'><strong>signiﬁcat.</strong></span> <span class='ocrx_word' id='word_1_925' title='bbox 2810 4932 2964 4993; x_wconf 58' lang='lat' dir='ltr'><strong>tNam</strong></span> <span class='ocrx_word' id='word_1_926' title='bbox 2993 4932 3046 4986; x_wconf 92' lang='lat' dir='ltr'><strong>in</strong></span> <span class='ocrx_word' id='word_1_927' title='bbox 3072 4930 3334 4986; x_wconf 87' lang='lat' dir='ltr'><strong>Zacharia</strong></span> <span class='ocrx_word' id='word_1_928' title='bbox 3364 4928 3627 4999; x_wconf 87' lang='lat' dir='ltr'><strong>scriptum</strong></span> 
     </span>
    </p>
   </div>
   <div class='ocr_carea' id='block_1_109' title="bbox 2054 5020 3632 5091">
    <p class='ocr_par' dir='ltr' id='par_1_109' title="bbox 2054 5020 3632 5091">
     <span class='ocr_line' id='line_1_109' title="bbox 2054 5020 3632 5091; baseline -0.007 -12"><span class='ocrx_word' id='word_1_929' title='bbox 2054 5032 2179 5079; x_wconf 89' lang='lat' dir='ltr'><strong>est:</strong></span> <span class='ocrx_word' id='word_1_930' title='bbox 2221 5041 2240 5075; x_wconf 79' lang='grc' dir='ltr'><strong>ι</strong></span> <span class='ocrx_word' id='word_1_931' title='bbox 2283 5022 2669 5078; x_wconf 87' lang='lat' dir='ltr'><strong>Verumtamen</strong></span> <span class='ocrx_word' id='word_1_932' title='bbox 2700 5024 2862 5079; x_wconf 87' lang='lat' dir='ltr'><strong>verba</strong></span> <span class='ocrx_word' id='word_1_933' title='bbox 2898 5038 3015 5077; x_wconf 86' lang='lat' dir='ltr'><strong>mea</strong></span> <span class='ocrx_word' id='word_1_934' title='bbox 3046 5030 3101 5076; x_wconf 89' lang='lat' dir='ltr'><strong>et</strong></span> <span class='ocrx_word' id='word_1_935' title='bbox 3122 5020 3361 5091; x_wconf 83' lang='lat' dir='ltr'><strong>legitima</strong></span> <span class='ocrx_word' id='word_1_936' title='bbox 3397 5033 3515 5072; x_wconf 88' lang='lat' dir='ltr'><strong>mea</strong></span> <span class='ocrx_word' id='word_1_937' title='bbox 3539 5032 3632 5069; x_wconf 91' lang='lat' dir='ltr'><strong>su-</strong></span> 
     </span>
    </p>
   </div>
   <div class='ocr_carea' id='block_1_110' title="bbox 2053 5108 3625 5185">
    <p class='ocr_par' dir='ltr' id='par_1_110' title="bbox 2053 5108 3625 5185">
     <span class='ocr_line' id='line_1_110' title="bbox 2053 5108 3625 5185; baseline -0.005 -14"><span class='ocrx_word' id='word_1_938' title='bbox 2053 5116 2264 5185; x_wconf 86' lang='lat' dir='ltr'><strong>scipite,</strong></span> <span class='ocrx_word' id='word_1_939' title='bbox 2291 5130 2414 5183; x_wconf 71' lang='lat' dir='ltr'><strong>qua:</strong></span> <span class='ocrx_word' id='word_1_940' title='bbox 2439 5128 2540 5184; x_wconf 72' lang='lat' dir='ltr'><strong>ego</strong></span> <span class='ocrx_word' id='word_1_941' title='bbox 2570 5115 2776 5171; x_wconf 87' lang='lat' dir='ltr'><strong>mando</strong></span> <span class='ocrx_word' id='word_1_942' title='bbox 2799 5115 2854 5168; x_wconf 91' lang='lat' dir='ltr'><strong>in</strong></span> <span class='ocrx_word' id='word_1_943' title='bbox 2894 5111 3101 5183; x_wconf 86' lang='lat' dir='ltr'><strong>Spiritu</strong></span> <span class='ocrx_word' id='word_1_944' title='bbox 3135 5125 3256 5165; x_wconf 90' lang='lat' dir='ltr'><strong>meo</strong></span> <span class='ocrx_word' id='word_1_945' title='bbox 3286 5108 3462 5165; x_wconf 82' lang='lat' dir='ltr'><strong>servis</strong></span> <span class='ocrx_word' id='word_1_946' title='bbox 3486 5108 3625 5163; x_wconf 89' lang='lat' dir='ltr'><strong>meis</strong></span> 
     </span>
    </p>
   </div>
   <div class='ocr_carea' id='block_1_111' title="bbox 2054 5198 3628 5275">
    <p class='ocr_par' dir='ltr' id='par_1_111' title="bbox 2054 5198 3628 5275">
     <span class='ocr_line' id='line_1_111' title="bbox 2054 5198 3628 5275; baseline -0.004 -17"><span class='ocrx_word' id='word_1_947' title='bbox 2054 5206 2337 5275; x_wconf 86' lang='lat' dir='ltr'><strong>prephetis</strong></span> <span class='ocrx_word' id='word_1_948' title='bbox 2367 5206 2387 5236; x_wconf 84' lang='lat'><em>’</em></span> <span class='ocrx_word' id='word_1_949' title='bbox 2422 5246 2435 5260; x_wconf 91' lang='lat'>.</span> <span class='ocrx_word' id='word_1_950' title='bbox 2474 5223 2493 5257; x_wconf 72' lang='grc' dir='ltr'><strong>ι</strong></span> <span class='ocrx_word' id='word_1_951' title='bbox 2534 5204 2704 5259; x_wconf 80' lang='lat' dir='ltr'><strong>Paulo</strong></span> <span class='ocrx_word' id='word_1_952' title='bbox 2729 5213 2854 5275; x_wconf 88' lang='lat' dir='ltr'><strong>post</strong></span> <span class='ocrx_word' id='word_1_953' title='bbox 2884 5203 3049 5258; x_wconf 88' lang='lat' dir='ltr'><strong>etiam</strong></span> <span class='ocrx_word' id='word_1_954' title='bbox 3086 5199 3346 5272; x_wconf 87' lang='lat' dir='ltr'><strong>populum</strong></span> <span class='ocrx_word' id='word_1_955' title='bbox 3383 5198 3469 5254; x_wconf 89' lang='lat' dir='ltr'><strong>his</strong></span> <span class='ocrx_word' id='word_1_956' title='bbox 3502 5213 3628 5253; x_wconf 87' lang='lat' dir='ltr'><strong>ver-</strong></span> 
     </span>
    </p>
   </div>
   <div class='ocr_carea' id='block_1_112' title="bbox 2053 5293 3631 5366">
    <p class='ocr_par' dir='ltr' id='par_1_112' title="bbox 2053 5293 3631 5366">
     <span class='ocr_line' id='line_1_112' title="bbox 2053 5293 3631 5366; baseline -0.006 -14"><span class='ocrx_word' id='word_1_957' title='bbox 2053 5297 2137 5352; x_wconf 87' lang='lat' dir='ltr'><strong>bis</strong></span> <span class='ocrx_word' id='word_1_958' title='bbox 2162 5296 2417 5366; x_wconf 83' lang='lat' dir='ltr'><strong>objurgat</strong></span> <span class='ocrx_word' id='word_1_959' title='bbox 2448 5315 2461 5350; x_wconf 89' lang='lat'><strong>:</strong></span> <span class='ocrx_word' id='word_1_960' title='bbox 2492 5315 2510 5347; x_wconf 82' lang='grc' dir='ltr'><strong>ι</strong></span> <span class='ocrx_word' id='word_1_961' title='bbox 2536 5295 2599 5351; x_wconf 84' lang='lat' dir='ltr'><strong>Et</strong></span> <span class='ocrx_word' id='word_1_962' title='bbox 2627 5311 2723 5352; x_wconf 88' lang='lat' dir='ltr'><strong>cor</strong></span> <span class='ocrx_word' id='word_1_963' title='bbox 2752 5310 2915 5351; x_wconf 92' lang='lat' dir='ltr'><strong>suum</strong></span> <span class='ocrx_word' id='word_1_964' title='bbox 2939 5293 3275 5349; x_wconf 87' lang='lat' dir='ltr'><strong>obstinatum</strong></span> <span class='ocrx_word' id='word_1_965' title='bbox 3300 5296 3631 5354; x_wconf 87' lang='lat' dir='ltr'><strong>statuerunt,</strong></span> 
     </span>
    </p>
   </div>
   <div class='ocr_carea' id='block_1_113' title="bbox 2053 5380 3637 5459">
    <p class='ocr_par' dir='ltr' id='par_1_113' title="bbox 2053 5380 3637 5459">
     <span class='ocr_line' id='line_1_113' title="bbox 2053 5380 3637 5459; baseline -0.006 -15"><span class='ocrx_word' id='word_1_966' title='bbox 2053 5404 2123 5444; x_wconf 89' lang='lat' dir='ltr'><strong>ne</strong></span> <span class='ocrx_word' id='word_1_967' title='bbox 2151 5387 2402 5443; x_wconf 82' lang='lat' dir='ltr'><strong>audirent</strong></span> <span class='ocrx_word' id='word_1_968' title='bbox 2433 5388 2605 5459; x_wconf 81' lang='lat' dir='ltr'><strong>legem</strong></span> <span class='ocrx_word' id='word_1_969' title='bbox 2640 5402 2841 5449; x_wconf 88' lang='lat' dir='ltr'><strong>meam,</strong></span> <span class='ocrx_word' id='word_1_970' title='bbox 2865 5395 2920 5443; x_wconf 80' lang='lat' dir='ltr'><strong>et</strong></span> <span class='ocrx_word' id='word_1_971' title='bbox 2966 5385 3130 5439; x_wconf 89' lang='lat' dir='ltr'><strong>verba</strong></span> <span class='ocrx_word' id='word_1_972' title='bbox 3166 5399 3290 5453; x_wconf 70' lang='lat' dir='ltr'><strong>qua:</strong></span> <span class='ocrx_word' id='word_1_973' title='bbox 3326 5382 3479 5437; x_wconf 91' lang='lat' dir='ltr'><strong>misit</strong></span> <span class='ocrx_word' id='word_1_974' title='bbox 3534 5380 3637 5435; x_wconf 79' lang='lat' dir='ltr'><strong>Do-</strong></span> 
     </span>
    </p>
   </div>
   <div class='ocr_carea' id='block_1_114' title="bbox 2054 5473 3640 5548">
    <p class='ocr_par' dir='ltr' id='par_1_114' title="bbox 2054 5473 3640 5548">
     <span class='ocr_line' id='line_1_114' title="bbox 2054 5473 3640 5548; baseline -0.005 -14"><span class='ocrx_word' id='word_1_975' title='bbox 2054 5479 2238 5534; x_wconf 87' lang='lat' dir='ltr'><strong>minus</strong></span> <span class='ocrx_word' id='word_1_976' title='bbox 2266 5478 2613 5548; x_wconf 86' lang='lat' dir='ltr'><strong>omnipotens</strong></span> <span class='ocrx_word' id='word_1_977' title='bbox 2643 5478 2701 5533; x_wconf 88' lang='lat' dir='ltr'><strong>in</strong></span> <span class='ocrx_word' id='word_1_978' title='bbox 2756 5475 2963 5547; x_wconf 88' lang='lat' dir='ltr'><strong>Spiritu</strong></span> <span class='ocrx_word' id='word_1_979' title='bbox 3001 5489 3104 5530; x_wconf 87' lang='lat' dir='ltr'><strong>suo</strong></span> <span class='ocrx_word' id='word_1_980' title='bbox 3129 5474 3183 5533; x_wconf 87' lang='lat' dir='ltr'><strong>in</strong></span> <span class='ocrx_word' id='word_1_981' title='bbox 3221 5473 3480 5529; x_wconf 88' lang='lat' dir='ltr'><strong>manibus</strong></span> <span class='ocrx_word' id='word_1_982' title='bbox 3506 5487 3640 5542; x_wconf 65' lang='grc' dir='ltr'>υτον</span> 
     </span>
    </p>
   </div>
   <div class='ocr_carea' id='block_1_115' title="bbox 1624 5632 3623 5699">
    <p class='ocr_par' dir='ltr' id='par_1_115' title="bbox 1624 5632 3623 5699">
     <span class='ocr_line' id='line_1_115' title="bbox 1624 5632 3623 5699; baseline 0.003 -14"><span class='ocrx_word' id='word_1_983' title='bbox 1624 5633 1643 5664; x_wconf 85' lang='grc'><em>³</em></span> <span class='ocrx_word' id='word_1_984' title='bbox 1687 5634 1826 5688; x_wconf 83' lang='lat' dir='ltr'><strong>t‘sal.</strong></span> <span class='ocrx_word' id='word_1_985' title='bbox 1858 5649 2029 5699; x_wconf 77' lang='lat' dir='ltr'><strong>xmt,</strong></span> <span class='ocrx_word' id='word_1_986' title='bbox 2062 5635 2095 5689; x_wconf 85' lang='lat'><strong>6</strong></span> <span class='ocrx_word' id='word_1_987' title='bbox 2193 5634 2213 5664; x_wconf 73' lang='lat'><strong>&quot;</strong></span> <span class='ocrx_word' id='word_1_988' title='bbox 2245 5632 2387 5690; x_wconf 78' lang='lat' dir='ltr'><strong>Psal.</strong></span> <span class='ocrx_word' id='word_1_989' title='bbox 2429 5646 2628 5699; x_wconf 75' lang='lat' dir='ltr'><strong>chvn,</strong></span> <span class='ocrx_word' id='word_1_990' title='bbox 2679 5633 2763 5690; x_wconf 82' lang='grc'><strong>18.</strong></span> <span class='ocrx_word' id='word_1_991' title='bbox 2839 5634 2861 5665; x_wconf 84' lang='grc'><strong><em>⁵</em></strong></span> <span class='ocrx_word' id='word_1_992' title='bbox 2895 5634 2914 5688; x_wconf 88' lang='grc' dir='ltr'><strong>ι</strong></span> <span class='ocrx_word' id='word_1_993' title='bbox 2954 5635 3080 5691; x_wconf 83' lang='lat' dir='ltr'><strong>Cor.</strong></span> <span class='ocrx_word' id='word_1_994' title='bbox 3125 5651 3213 5699; x_wconf 68' lang='grc' dir='ltr'>ιἰ,,</span> <span class='ocrx_word' id='word_1_995' title='bbox 3253 5634 3336 5689; x_wconf 77' lang='lat' dir='ltr'><strong>it.</strong></span> <span class='ocrx_word' id='word_1_996' title='bbox 3415 5635 3435 5665; x_wconf 82' lang='grc'><strong>⁸</strong></span> <span class='ocrx_word' id='word_1_997' title='bbox 3464 5633 3623 5691; x_wconf 83' lang='lat' dir='ltr'><strong>Joau.</strong></span> 
     </span>
    </p>
   </div>
   <div class='ocr_carea' id='block_1_116' title="bbox 384 5701 2150 5776">
    <p class='ocr_par' dir='ltr' id='par_1_116' title="bbox 384 5701 2150 5776">
     <span class='ocr_line' id='line_1_116' title="bbox 384 5701 2150 5776; baseline -0.003 -13"><span class='ocrx_word' id='word_1_998' title='bbox 384 5727 496 5776; x_wconf 69' lang='lat' dir='ltr'><strong>xw,</strong></span> <span class='ocrx_word' id='word_1_999' title='bbox 529 5710 621 5764; x_wconf 71' lang='lat'><strong>‘25.</strong></span> <span class='ocrx_word' id='word_1_1000' title='bbox 699 5707 720 5740; x_wconf 83' lang='lat'><strong><em>&quot;</em></strong></span> <span class='ocrx_word' id='word_1_1001' title='bbox 749 5701 947 5776; x_wconf 71' lang='lat' dir='ltr'><strong>Ephcs.</strong></span> <span class='ocrx_word' id='word_1_1002' title='bbox 980 5721 1032 5769; x_wconf 82' lang='grc' dir='ltr'><strong>ν,</strong></span> <span class='ocrx_word' id='word_1_1003' title='bbox 1074 5705 1159 5759; x_wconf 76' lang='grc'><strong>16.</strong></span> <span class='ocrx_word' id='word_1_1004' title='bbox 1240 5705 1261 5737; x_wconf 84' lang='grc'>⁸</span> <span class='ocrx_word' id='word_1_1005' title='bbox 1295 5705 1450 5759; x_wconf 78' lang='lat' dir='ltr'><strong>Joan.</strong></span> <span class='ocrx_word' id='word_1_1006' title='bbox 1489 5720 1596 5769; x_wconf 74' lang='lat' dir='ltr'><strong>MV,</strong></span> <span class='ocrx_word' id='word_1_1007' title='bbox 1633 5704 1716 5757; x_wconf 81' lang='grc'><strong>10.</strong></span> <span class='ocrx_word' id='word_1_1008' title='bbox 1793 5706 1812 5735; x_wconf 85' lang='grc'><em>’</em></span> <span class='ocrx_word' id='word_1_1009' title='bbox 1836 5701 1998 5757; x_wconf 81' lang='lat' dir='ltr'><strong>Zach.</strong></span> <span class='ocrx_word' id='word_1_1010' title='bbox 2028 5720 2066 5770; x_wconf 90' lang='grc' dir='ltr'><strong>ι,</strong></span> <span class='ocrx_word' id='word_1_1011' title='bbox 2100 5708 2150 5758; x_wconf 78' lang='lat' dir='ltr'><strong>tt.</strong></span> 
     </span>
    </p>
   </div>
  </div>
