4030 6222
453 392 556 453 73

1661 377 2036 446 EUTHYilll
2085 377 2256 438 ZiGA
2271 378 2446 438 BEN!

3585 376 3684 438 724

455 506 741 570 pbetarom
771 502 892 570 ejus
942 504 1210 572 priorum.
1250 520 1267 553 ι
1343 501 1539 556 Petrus
1590 500 1720 556 item
1749 498 1804 553 in
1859 495 2007 550 Actis

2134 490 2203 543 τοῦ
2238 493 2315 562 μὴ
2349 493 2658 548 εἰσακούειν
2676 494 2800 556 τοὺς
2832 493 3029 563 νόμους
3060 508 3161 564 μου
3192 493 3283 546 καὶ
3317 494 3442 557 τοὺς
3470 490 3679 560 λόγους.

456 588 527 639 ita
555 589 826 655 loquitur:
868 605 884 638 ι
929 587 1039 642 Viri
1071 586 1288 650 fratres,
1310 588 1596 655 Oportebat
1631 584 1842 654 impleri
1872 581 2018 636 Scri-

457 682 669 738 pturam
703 686 864 740 quam
891 670 1140 737 praedixit
1165 669 1400 738 Spiritus
1450 679 1674 724 sanctus
1709 670 1747 722 ¹.
1784 683 1802 718 i
1829 668 1897 720 At
1920 666 2018 719 ab-

456 755 635 808 surda:
663 753 1010 822 Tropicorum
1047 751 1240 807 fabulae
1258 770 1285 806 a
1318 753 1614 823 Scripturis
1637 752 1790 806 valde
1807 752 2018 805 dissen-

461 838 623 896 tiunt,
681 837 1137 906 consentiuntque
1197 837 1420 891 omnino
1492 851 1615 892 cum
1691 836 2016 889 Arianorum

463 919 649 972 haeresi
683 935 696 971 :
725 920 866 972 unde
893 921 1189 976 verisimile
1212 922 1284 975 sit
1318 921 1440 974 illos
1482 936 1586 974 non
1610 920 1715 973 alia
1742 919 1808 972 tle
1854 933 2018 972 causa

463 1001 531 1052 ita
567 1000 930 1067 dissimulare,
965 1005 1068 1058 nisi
1099 1022 1205 1074 quo
1239 999 1449 1058 facilius
1495 1005 1773 1074 simplices
1806 1003 2022 1070 decipe-

460 1092 596 1137 rent.
620 1081 723 1139 Sed
747 1087 933 1156 gratia:
961 1090 1190 1144 Domino
1211 1089 1493 1154 habendae,
1515 1088 1683 1158 quod,
1717 1098 1777 1141 ut
1801 1087 2018 1150 scribis,

457 1164 640 1219 fictam
680 1183 834 1222 suam
895 1186 1018 1224 cum
1056 1171 1274 1226 Arianis
1321 1172 1723 1226 contentionem
1767 1175 2022 1239 obtegere

460 1263 568 1302 non
602 1253 898 1319 potuerint.
937 1253 1212 1324 Siquidem
1244 1265 1298 1309 et
1338 1255 1553 1308 illorum
1607 1257 1790 1308 odium
1846 1256 1899 1308 in
1965 1267 2023 1308 se

464 1333 609 1400 ipsos
642 1337 1077 1404 concitaverunt,
1103 1343 1161 1391 ut
1213 1338 1305 1404 qui
1363 1340 1537 1392 solum
1590 1338 1878 1407 Spiritum,
1911 1351 2019 1391 non

458 1427 640 1469 autem
676 1418 907 1474 Verbum
942 1435 1053 1475 rem
1086 1430 1322 1476 creatam
1347 1437 1470 1478 esse
1493 1423 1708 1476 dicant:
1738 1430 1792 1476 et
1813 1422 1880 1476 ab
1902 1420 2024 1474 aliis

459 1503 715 1556 omnibus
743 1504 1124 1574 reprobantu‘r,
1159 1507 1304 1576 quod
1361 1507 1562 1575 liQtieat
1593 1519 1718 1560 vere
1752 1519 1852 1560 eos
1913 1506 2023 1559 bel-

459 1583 570 1637 lum
609 1598 796 1640 contra
836 1603 1083 1643 sanetum
1133 1589 1398 1660 Spiritum
1431 1605 1642 1660 gerere,
1687 1604 1752 1643 ac
1793 1589 2025 1658 proinde

464 1668 609 1721 brevi
638 1667 755 1722 fore
787 1680 1054 1735 mortuos,
1096 1681 1281 1741 utpote
1308 1673 1513 1740 Spiritu
1547 1686 1744 1725 vacuos
1772 1679 1824 1725 et
1851 1670 2024 1726 desti-

463 1760 626 1805 tutos.
650 1749 853 1822 Neirpe
877 1757 1002 1824 quia
1028 1764 1154 1809 sunt
1187 1756 1450 1811 animales
1486 1756 1756 1820 homines,
1789 1770 1896 1809 non
1926 1771 2024 1824 po-

465 1844 708 1898 tuerunt,
743 1846 799 1890 ut
861 1837 1020 1892 docet
1071 1841 1263 1893 beatus
1324 1841 1615 1908 Apostolus
1650 1841 1691 1902 ²,

464 1934 586 1985 quae
618 1932 743 1972 sunt
773 1920 1010 1989 Spiritus
1034 1921 1150 1987 Dei,
1182 1932 1369 1992 utpote
1390 1925 1479 1993 qui
1502 1923 1856 1993 spiritualiter
1884 1924 2026 1993 diju-

463 2005 794 2056 dicarcntur.
823 2005 892 2057 At
921 2007 1010 2074 qni
1036 2023 1098 2061 ea
1149 2024 1269 2077 qua:
1305 2019 1432 2064 sunt
1480 2009 1727 2064 veritatis
1783 2009 2025 2078 sapiunt,

465 2087 648 2138 omnia
676 2088 895 2153 quidem
921 2090 1243 2156 dijudicant,
1278 2091 1379 2160 ipsi
1424 2107 1555 2146 vero
1579 2108 1608 2145 a
1643 2093 1862 2146 nemine
1883 2091 2027 2160 diju-

463 2166 736 2231 dicantur,
757 2173 1198 2241 qnantloquidem
1217 2169 1500 2228 Dominum
1521 2176 1572 2228 in
1593 2173 1788 2243 seipsis
1803 2171 2028 2240 habent,

465 2250 558 2316 qui
599 2251 705 2306 illis
735 2265 788 2307 et
828 2255 1067 2323 scipsum
1099 2263 1153 2312 et
1179 2269 1274 2327 per
1299 2258 1537 2327 scipsum
1576 2257 1792 2314 Patrem
1825 2259 1878 2312 in
1907 2258 2031 2328 Spi-

471 2337 577 2390 ritu
608 2339 882 2405 patefacit.
911 2340 1016 2396 Sed
1055 2342 1172 2412 ipse
1233 2343 1498 2398 Dominus
1563 2341 1724 2398 JeSus
1775 2343 2030 2398 Christus

473 2435 569 2486 per
599 2421 838 2490 scipsum
865 2424 1079 2492 quidem
1107 2426 1528 2492 Saniaritanam,
1555 2441 1617 2480 ac
1637 2439 1738 2481 nos
1764 2441 1857 2496 per
1885 2425 2029 2479 illam

468 2503 666 2559 deinde
693 2505 898 2570 docuit,
921 2521 1084 2576 quam
1109 2507 1344 2578 perfecta
1371 2518 1427 2563 et
1453 2510 1703 2564 absoluta
1737 2510 1812 2564 sit
1841 2518 2029 2564 sancta

466 2584 728 2654 Trinitas,
761 2604 991 2660 eamque
1020 2591 1355 2647 individuam
1385 2609 1447 2648 ac
1478 2608 1640 2647 unam
1682 2593 2030 2647 Divinitatem

467 2671 756 2726 exsistere.
784 2672 863 2738 ld,
899 2675 1146 2743 inquam,
1175 2675 1287 2744 ipsa
1313 2685 1542 2731 testatur
1575 2677 1796 2739 veritas,
1828 2676 1915 2730 ubi
1933 2675 2032 2728 Sa-

470 2757 750 2809 maritanze
779 2757 854 2810 ait
893 2775 906 2813 :
939 2775 956 2808 ι
992 2757 1167 2813 Crede
1221 2759 1378 2826 milii,
1446 2760 1662 2825 mulier,
1706 2760 1837 2829 quia
1880 2758 2032 2814 venit

468 2838 625 2904 liora,
661 2848 714 2892 et
747 2857 891 2894 nunc
922 2851 1024 2902 est.
1064 2859 1186 2898 cum
1224 2845 1336 2900 veri
1371 2848 1687 2899 adoratores
1730 2845 2034 2899 adorabunt

471 2915 686 2974 Patrem
724 2923 776 2975 in
805 2923 1010 2992 Spiritu
1039 2935 1092 2980 et
1126 2929 1380 2982 veritate.
1414 2927 1550 2982 Nam
1591 2940 1646 2982 et
1674 2928 1838 2981 Pater
1894 2928 2031 2983 tales

469 3006 664 3070 quierit
691 3005 780 3072 qui
805 3007 1032 3059 adorent
1063 3019 1204 3060 eum.
1244 3008 1480 3078 Spiritus
1533 3020 1615 3064 est
1647 3011 1805 3074 Deus,
1841 3017 1896 3063 et
1938 3025 2034 3064 eos

466 3088 560 3156 qui
593 3088 822 3142 adorant
843 3105 988 3155 eum,
1016 3089 1070 3144 in
1100 3091 1306 3159 Spiritu
1331 3104 1384 3147 et
1417 3095 1641 3148 veritate
1661 3097 1876 3161 oportet
1903 3095 2034 3146 ado-

2119 574 2212 638 οῢς
2258 577 2606 643 ἐξαπέστειλε
2647 573 2850 647 Κύριος
2895 577 3292 645 παντοκράτωρ
3319 578 3377 628 ἐν
3407 578 3684 645 Πνεύμστι

2119 659 2303 716 αὑτοῦ.
2347 662 2406 714 Ὀ
2432 663 2487 716 δὲ
2520 664 2719 733 Πέτρος
2748 664 2806 715 ὲν
2829 663 2948 725 ταῖς
2980 663 3248 731 Πράξεσιν
3279 663 3485 730 ἔλεγεν,
3523 663 3684 714 «Ἂν-

2118 747 2243 813 δρες
2296 746 2533 814 ἀδελφοὶ,
2591 748 2699 800 ἔδει
2764 746 3116 816 πληρωθῆναι
3168 747 3266 816 τὴν
3321 748 3571 816 Γραφὴν,
3619 748 3683 816 ἣν

2120 833 2346 899 προεῖπε
2362 832 2421 883 τὸ
2448 830 2669 898 Πνεῦμα
2693 831 2753 882 τὸ
2773 829 2946 898 ἅγιον.
2963 851 2981 882 ι
3016 832 3120 883 Καὶ
3149 831 3264 896 μετ’
3283 831 3439 899 ὀλίγα
3459 848 3471 859 ·
3508 849 3526 882 t
3567 831 3687 884 Τῶν

2120 913 2175 966 δὲ
2204 915 2482 985 τροπικῶν
2511 917 2547 984 ἡ
2577 914 2895 977 ἀλλόπιστος
2932 915 3227 982 μυθολογία
3275 916 3538 985 διαφωνεῖ
3589 916 3686 984 μὲν

2122 999 2257 1066 πρὸς
2279 1001 2373 1062 τὰς
2396 999 2435 1051 Γ
2443 999 2639 1068 ραφάς,
2666 1000 2948 1067 συμφωνεῖ
2969 995 3022 1050 δὲ
3049 1001 3111 1065 τῇ
3145 995 3256 1052 τῶν
3286 999 3690 1070 ἀρειομανιτῶν

2121 1082 2336 1153 ἀλογία,
2365 1083 2457 1135 καὶ
2487 1083 2630 1142 εἰκὸς
2647 1083 2842 1144 αὐτοὺς
2860 1081 3031 1143 οὕτως
3052 1082 3444 1150 ἀποκρίνεσθαι
3475 1083 3688 1152 ἀπάτης

2122 1167 2307 1220 ἕνεκεν
2345 1168 2452 1219 τῶν
2483 1165 2904 1236 ἀκεραιοτέρων.
2952 1163 3111 1218 Ἀλλά
3145 1166 3301 1236 χάρις
3338 1163 3417 1234 τῷ
3478 1163 3684 1237 Κυρίῳ,

2124 1251 2239 1312 ὅτι,
2269 1251 2342 1313 ὡς
2376 1251 2627 1320 γράφεις,
2667 1251 2764 1302 οὐκ
2804 1245 2988 1301 ἔλαϐον
3027 1250 3320 1312 σκέποντες
3365 1250 3591 1313 ἑαυτοὺς
3620 1254 3687 1320 τῇ

2126 1334 2260 1402 πρὸς
2296 1335 2422 1396 τοὺς
2472 1335 2788 1403 ’Λρειανοὺς
2834 1337 3194 1404 προσποιήτῳ
3248 1336 3561 1406 ἀντι).ογίᾳ’
3597 1337 3688 1390 καὶ

2125 1423 2234 1491 γὰρ
2264 1419 2358 1473 καὶ
2377 1419 2504 1489 παρ’
2535 1420 2757 1472 ἐκείνων
2784 1413 3148 1488 ἐμισήθησαν,
3179 1415 3254 1481 ὡς
3282 1413 3357 1488 τῷ
3383 1417 3496 1472 ὄντι
3529 1434 3688 1474 πνευ-

2130 1502 2588 1571 ματομαχοῦντες.
2633 1517 2652 1552 ι
2693 1504 2801 1554 Καὶ
2838 1503 2957 1570 μετ’
2992 1502 3192 1568 ὀλίγον,
3232 1516 3250 1552 ι
3285 1502 3566 1570 Γινόμενοι
3603 1517 3692 1556 νε-

2127 1590 2250 1657 κροὶ
2279 1588 2474 1658 ἔρημοι
2502 1588 2597 1640 καὶ
2631 1588 2778 1640 κενοὶ
2805 1587 2898 1638 τοῦ
2932 1586 3246 1654 Πνεύματος
3275 1587 3444 1650 ὄντες.
3481 1608 3498 1638 i
3543 1589 3693 1642 Κατά

2126 1672 2233 1741 τάρ
2251 1672 2342 1722 τὸν
2361 1671 2627 1738 μακάριον
2641 1669 2962 1721 Ἀπόστσλσν
2979 1668 3198 1738 ψυχικοὶ
3220 1669 3500 1740 ἄνθρωποι
3520 1673 3692 1736 ὅντες,

2126 1751 2226 1806 οὐκ
2246 1752 2854 1824 ἠδυνήθησανδόξασθαι
2878 1753 2944 1805 τὰ
2961 1751 3056 1805 τοῦ
3081 1751 3397 1822 Πνεύματος
3421 1755 3512 1808 τοῦ
3535 1754 3696 1819 Θεοῦ,

1746 1841 2025 1909 percipere

2134 1839 2211 1891 ὅτι
2271 1838 2654 1902 πνευματικῶς
2703 1837 3078 1905 ἀπεκρίνοντο.
3115 1838 3178 1889 Oi
3221 1839 3277 1891 δὲ
3324 1839 3391 1892 τά
3423 1841 3518 1908 τῆς
3565 1841 3696 1910 ἁλη-

2133 1922 2282 1984 θείας
2323 1921 2645 1992 φρονοῦντες
2695 1920 3042 1988 ἀνακρίνουσι
3080 1919 3178 1987 μὲν
3224 1921 3419 1978 πάντα,
3451 1921 3607 1974 αὐτοὶ
3640 1919 3700 1975 δὲ

2132 2006 2224 2058 ὑπ’
2253 2006 2464 2068 οὐδενὸς
2481 2005 2883 2073 ἀνακρίνονται,
2911 2006 3123 2074 ἔχοντες
3146 2006 3202 2055 ἐν
3227 2007 3438 2068 ἑαυτοῖς
3467 2005 3560 2058 τὸν
3585 2005 3699 2058 Κύ-

2135 2107 2245 2158 ριον
2269 2089 2726 2143 ἀποκαλύπτοντα
2763 2089 2944 2149 αὐτοῖς
2985 2088 3043 2139 ὲν
3082 2087 3158 2157 τῷ
3195 2087 3474 2156 Πνεύματι
3503 2089 3698 2141 ἑαυτόν

2130 2188 2211 2236 τε,
2245 2173 2338 2223 καὶ
2366 2171 2432 2223 δι’
2463 2170 2653 2223 ἑαυτοῦ
2689 2173 2779 2223 τὸν
2815 2169 3050 2239 Πατέρα.
3089 2167 3260 2233 Αύτδς
3297 2167 3403 2239 γὰρ
3437 2168 3464 2223 ὁ
3496 2170 3700 2240 Κύριος

2145 2255 2352 2323 Ἰησοῦς
2382 2253 2614 2326 Χριστὸς
2643 2253 2708 2307 δι’
2734 2253 2927 2307 ἑαυτοῦ
2950 2253 3194 2307 ἐδίδασκε
3224 2256 3321 2320 τὴν
3343 2254 3696 2326 Σαμαρεῖτιν,

2133 2339 2226 2391 καὶ
2268 2335 2334 2388 δι’
2363 2334 2534 2404 αὐτῆς
2567 2339 2731 2406 ἡμᾶς,
2765 2339 2862 2406 τὴν
2890 2337 2988 2404 τῆς
3030 2337 3190 2404 ἁγίας
3223 2336 3452 2406 Τριάδος
3494 2338 3700 2391 eam.

2132 2437 2271 2491 τητα
2317 2416 2619 2492 ἀδιαίρετον
2650 2420 3019 2490 ὑπάρχουσαν,
3056 2421 3153 2472 καὶ
3188 2423 3316 2490 μίαν
3357 2421 3586 2489 Θεότητα
3618 2421 3703 2474 λέ-

2133 2520 2266 2570 γων,
2305 2523 2320 2554 ι
2359 2504 2582 2557 Πίστευὲ
2613 2518 2722 2572 μοι,
2753 2505 2936 2569 γύναι,
2966 2505 3045 2555 ὅτι
3081 2499 3298 2570 ἔρχεται
3322 2502 3464 2573 ὥρα,
3488 2503 3582 2555 καὶ
3606 2502 3704 2555 νῦν

2134 2589 2304 2650 ἐστιν,
2335 2591 2424 2640 ὅτε
2456 2589 2505 2639 οἱ
2535 2588 2783 2655 ἀληθινοὶ
2834 2589 3207 2657 προσκυνηταὶ
3259 2587 3702 2657 προσκυνήσουσι

2134 2671 2210 2739 τῷ
2246 2671 2418 2738 Πατρὶ
2475 2672 2551 2722 ἐν·
2581 2669 2855 2736 Πνεύματι
2900 2669 2991 2720 καὶ
3043 2668 3294 2738 ἀληθεία.
3340 2692 3356 2719 ι
3393 2671 3503 2722 Καὶ
3529 2671 3703 2740 γὰρῤ

2135 2755 2321 2823 Πατὴρ
2350 2752 2622 2812 τοιούτους
2659 2752 2812 2821 ζητεῖ
2850 2751 2977 2813 τοὺς
3024 2752 3462 2820 προσκυνοῦντας
3510 2751 3698 2812 αὑτὸν,

2135 2841 2214 2892 ὅτι
2249 2837 2472 2904 Πνεῦμα
2502 2837 2530 2888 ὁ
2568 2835 2722 2900 Θεὸς,
2761 2837 2853 2888 καὶ
2894 2835 3020 2897 τοὺς
3055 2837 3492 2905 προσκυνοῦντας
3537 2836 3700 2888 αὑτὸν

2137 2924 2195 2975 ὲν
2231 2921 2505 2989 Πνεύματι
2544 2920 2638 2973 καὶ
2667 2918 2896 2990 ἀληθείᾳ
2932 2920 3012 2972 δεῖ
3049 2923 3396 2991 προσκυνεῖν.
3426 2921 3702 2974 Δέδεικται

2136 3008 2316 3058 τοίνυν
2357 3003 2607 3057 ἐντεῦθεν
2634 3003 2708 3065 ὡς
2738 3000 2966 3071 ἀλήθεια
2994 3005 3092 3074 μὲν
3123 3006 3285 3068 αὐτὸς
3313 3008 3340 3058 ὁ
3373 3006 3500 3067 Υἱός
3533 3007 3702 3070 ἐστιν,

2137 3089 2212 3152 ὡς
2241 3088 2402 3151 αὑτός
2450 3100 2635 3157 φησιν,
2679 3106 2697 3137 ‹
2748 3081 2888 3155 Ἐγώ
2922 3090 3037 3156 εἰμι
3067 3092 3097 3156 ἡ
3132 3088 3386 3159 ἀλήθεια.
3424 3109 3444 3140 ι
3484 3089 3616 3156 Περὶ
3642 3088 3702 3142 οὗ

467 3187 589 3226 rare
619 3173 664 3226 ³.
688 3191 706 3224 ι
741 3172 869 3227 inde
891 3175 1034 3238 enim
1062 3177 1412 3244 perspicuum
1444 3183 1823 3232 estveritatem
1857 3179 2029 3246 ipsum

2140 3175 2234 3226 καὶ
2263 3175 2289 3226 ὀ
2314 3173 2600 3242 προφήτης
2633 3165 2796 3222 Δαϐὶδ
2823 3169 3142 3224 ἐπεκαλεῖτο
3173 3171 3367 3240 λέγων,
3400 3191 3418 3224 ι
3472 3167 3705 3238 Ἑξαπύ-

467 3272 586 3312 tSSC
615 3253 832 3323 Filium,
892 3267 950 3312 ut
976 3261 1094 3328 ipse
1149 3261 1244 3326 ait,
1301 3280 1319 3312 ι
1376 3255 1485 3330 Ego
1536 3276 1656 3316 sum
1713 3262 2025 3326 veritas‘.»

467 3355 629 3408 quem
684 3352 738 3397 et
790 3342 1053 3410 propheta
1103 3343 1270 3397 David
1322 3344 1407 3400 liis
1454 3344 1635 3398 verbis
1688 3344 2028 3398 invocabat:

475 3439 490 3470 ι
526 3420 727 3476 Emitte
762 3426 938 3477 llltClli
993 3434 1138 3478 tuam
1185 3435 1241 3480 et
1282 3429 1560 3481 veritatem
1613 3436 1757 3479 tuam
1785 3428 1828 3481 ⁵.
1856 3443 1874 3476 ι
1909 3426 2032 3480 Veri

470 3507 635 3573 igitur
657 3509 977 3563 a'loratores
1024 3509 1235 3564 Patrem
1274 3511 1494 3579 quidem
1552 3510 1879 3577 adorabunt,
1937 3510 2032 3564 sed

473 3603 525 3639 Ill
551 3589 757 3658 Spiritu
789 3602 843 3644 et
877 3601 1120 3656 veritate,
1156 3593 1352 3647 Filium
1407 3589 1681 3656 videlicet,
1706 3603 1760 3646 et
1799 3595 1851 3646 itt
1894 3591 2034 3646 Filio

471 3673 733 3741 Spiritum
765 3677 1093 3730 conlitendo.
1118 3675 1251 3730 Nam
1277 3693 1305 3730 a
1333 3675 1470 3730 Filio
1516 3677 1763 3744 separari
1809 3692 1916 3730 non
1941 3694 2034 3747 po-

471 3768 575 3811 test
599 3757 853 3826 Spiritus,
887 3759 963 3812 uti
988 3775 1087 3814 nec
1110 3775 1138 3813 a
1171 3759 1329 3814 Patre
1347 3759 1536 3825 Filius,
1567 3761 2030 3830 quemadmodum

470 3856 582 3907 ipsa
622 3839 836 3894 Veritas
871 3844 956 3897 bis
989 3843 1170 3899 verbis
1203 3843 1364 3897 docet
1394 3861 1406 3895 :
1447 3861 1465 3893 ι
1503 3842 1714 3898 Mittam
1740 3843 1894 3897 vobis
1932 3843 2029 3896 Pa-

471 3917 754 3990 racletttm,
791 3923 1053 3993 Spiritum
1083 3925 1353 3992 veritatis,
1377 3925 1468 3994 qui
1499 3939 1527 3978 a
1564 3924 1725 3980 Patre
1760 3926 2030 3996 procedit,

469 4025 630 4074 quem
664 4011 898 4066 mundus
932 4027 1034 4064 non
1067 4021 1241 4079 potest
1266 4012 1509 4080 accipere
1539 4009 1579 4064 ‘.
1619 4029 1637 4060 ι

468 4101 604 4154 Item
644 4103 707 4154 de
737 4097 940 4170 Spiritu
987 4115 1190 4163 sancto,
1240 4101 1428 4155 Basilii
1481 4097 1662 4168 Magni
1704 4120 1768 4157 ex
1797 4105 2032 4158 oratione

538 4179 754 4239 quarta,
788 4181 892 4241 qua
923 4181 1110 4225 contra
1143 4171 1462 4225 Eunomium
1493 4176 1803 4239 disputavit.

540 4334 1002 4400 Quemadmodum
1024 4333 1189 4389 Filius
1214 4334 1382 4388 Patre
1402 4335 1673 4403 posterior
1697 4345 1779 4389 εει
1810 4337 2030 4390 ordine:

471 4422 522 4472 in
553 4417 962 4474 enumeratione
991 4418 1133 4471 enim
1163 4418 1482 4486 prmpoaitus
1533 4425 1616 4472 est
1651 4419 1808 4473 Pater
1845 4437 1857 4473 :
1894 4420 2034 4490 Bap-

2142 3255 2349 3310 στειλον
2385 3257 2444 3308 τὸ
2490 3255 2605 3322 φῶς
2652 3272 2744 3307 σου
2777 3253 2870 3307 καὶ
2915 3256 3012 3324 τὴν
3041 3253 3297 3322 ἀλήθειάν
3328 3271 3444 3310 σου.
3487 3273 3508 3307 ι
3554 3251 3616 3308 οι
3649 3255 3706 3310 δὲ

2141 3339 2384 3408 ἀληθινοὶ
2426 3338 2803 3408 προσκυνηταὶ
2841 3337 3206 3408 προσκυνοῦσι
3259 3337 3358 3408 μὲν
3398 3331 3476 3408 τῷ
3513 3339 3708 3410 [la-:91,

2141 3423 2256 3476 ἀλλ’
2299 3424 2355 3473 ὲν
2398 3422 2673 3489 Πνεύματι
2709 3420 2802 3474 καὶ
2852 3417 3080 3492 ἀληθεία
3124 3414 3517 3490 ὁμολογοῦντες
3558 3419 3706 3488 Υίδν,

2140 3508 2234 3559 καὶ
2272 3507 2329 3557 ἐν
2356 3506 2506 3576 αύτῴ
2549 3506 2608 3558 τὸ
2647 3506 2885 3574 Πνεῦμα.
2929 3503 3019 3568 Ὠς
3066 3505 3367 3576 ἀχώριστος
3393 3503 3421 3558 ὁ
3453 3500 3583 3570 Υἱὸς
3613 3496 3735 3561 τοῦ

2143 3585 2369 3657 Πατρὺς,
2399 3590 2538 3658 αὑτὴ
2559 3591 2591 3660 ἡ
2616 3587 2840 3658 ἀλήθεια
2860 3592 3128 3658 μαρτυρεῖ
3156 3588 3413 3655 λέγουσαι
3449 3607 3468 3639 ι
3503 3588 3710 3660 Πὶμψω

2141 3674 2268 3742 ὑμῖν
2303 3673 2392 3726 τὸν
2428 3673 2778 3742 Παράκλητον
2832 3673 2892 3723 τὸ
2940 3671 3158 3740 Πνεῦμα
3209 3669 3308 3740 τῆς
3356 3673 3638 3743 ἀληθείας,
3680 3666 3710 3724 ὃ

2142 3758 2291 3825 παρά
2319 3757 2416 3809 τοῦ
2459 3757 2667 3825 [largae
2701 3754 3080 3823 ἐκπορεύεται,
3103 3755 3130 3807 ὃ
3163 3755 3191 3806 ὁ
3222 3757 3426 3823 κόσμος
3457 3755 3520 3809 οὐ
3550 3755 3706 3808 Utine

2139 3857 2224 3892 ται
2252 3841 2458 3893 λαϐεῖν.
2502 3861 2518 3891 ι

2143 4104 2268 4157 Ἔτι
2310 4103 2459 4174 περὶ,
2485 4103 2590 4174 τοῦ
2647 4103 3239 4174 ἁγίου-,Πνεύματοᾳ
3290 4104 3397 4158 τοῦ
3437 4103 3709 4174 μεγάλου

2212 4167 2535 4225 Βασιλείου
2563 4171 2636 4243 ἐκ
2666 4167 2771 4226 τ’οῦ
2800 4167 2848 4225 δ’
2871 4167 3059 4243 λότοὺ
3091 4167 3386 4241 τῶιῖπρὸς
3407 4167 3708 4243 Εύιίόμιογ

2208 4241 2652 4311 ἀντερῤητικῶν.

2213 4333 2423 4402 Ὠσπερ
2457 4334 2485 4386 ὁ
2532 4327 2661 4396 Υἱὸς
2715 4327 2866 4398 τάξει
2922 4334 3019 4402 μὲν
3047 4333 3297 4405 δεύτερος
3334 4335 3428 4388 τοῦ
3468 4336 3705 4406 Πατρὸς.

2145 4418 2505 4486 προτέτακται
2563 4417 2672 4487 γὰρ
2728 4418 2756 4469 ὁ
2807 4417 2995 4489 Πατὴρ
3054 4420 3112 4470 ἐν
3156 4419 3232 4488 τῇ
3269 4417 3707 4491 συναριθμήσειο

471 4512 694 4559 tizautcs
738 4517 847 4568 eos,
886 4503 1082 4570 inquit,
1127 4503 1182 4555 in
1241 4504 1445 4556 nomine
1474 4503 1680 4570 Patris,
1710 4504 1757 4558 et
1814 4503 1956 4569 Filii,
1989 4517 2029 4559 et

2145 4499 2536 4565 Βαπτίζοντες
2589 4501 2721 4570 γὰρ,
2773 4493 2958 4569 φησὶν,
3004 4498 3229 4567 αὐτοὺς
3285 4504 3374 4568 εις
3405 4505 3471 4556 τὸ
3520 4503 3710 4572 ὄνομα

471 4591 703 4659 Spiritus
749 4586 920 4640 sancti
945 4587 997 4650 ";
1020 4587 1282 4656 dignitate
1308 4594 1589 4656 prieterea,
1621 4601 1686 4642 ex
1708 4586 1866 4643 Patre
1890 4589 2032 4644 enim

473 4675 659 4738 Filius,
719 4689 825 4729 non
877 4688 940 4726 ex
973 4668 1110 4724 Filio
1138 4669 1299 4725 Pater
1327 4687 1341 4737 ;
1375 4681 1566 4726 natura
1596 4685 1724 4727 vero
1769 4673 1992 4741 aequalis
2017 4689 2035 4726 :

473 4759 585 4831 Ego
618 4760 784 4826 enim,
822 4759 1015 4828 inquit,
1060 4767 1108 4810 et
1139 4755 1300 4809 Pater
1345 4773 1504 4810 unum
1540 4773 1720 4810 sumus
1750 4756 1806 4809 'z
1857 4757 1937 4812 sic
1981 4768 2038 4811 et

472 4848 708 4918 Spiritus
744 4854 967 4898 sanctus
993 4841 1186 4895 ordine
1219 4841 1434 4910 quidem
1472 4839 1609 4894 Filio
1638 4843 1908 4909 posterior
1931 4855 2036 4910 est,

472 4943 529 4986 ut
587 4948 653 4986 ex
702 4929 1186 4985 connumeratione
1233 4925 1563 4981 declaratum
1624 4934 1725 4990 est,
1779 4927 2039 4996 dignitate

471 5016 633 5070 etiam
663 5011 929 5082 profecto.
981 5003 1217 5080 Spiritus
1258 5008 1402 5062 enim
1434 5005 1554 5061 Filii
1585 5007 1802 5074 dicitur,
1837 5019 1893 5064 ut
1945 5010 2038 5079 qui

470 5115 564 5166 per
613 5096 806 5153 Filium
855 5096 1123 5165 praebetur
1180 5110 1195 5146 :
1240 5091 1390 5146 Misit
1429 5094 1591 5154 enim,
1645 5089 1842 5160 inquit,
1896 5089 2038 5148 Deus

470 5182 730 5250 Spiritum
779 5176 913 5232 Filii
968 5179 1052 5230 sui
1107 5178 1161 5228 in
1200 5175 1359 5228 corda
1392 5175 1640 5228 nostra’.
1688 5167 1804 5228 Non
1857 5187 2036 5230 autem

470 5263 638 5319 Filius
673 5263 870 5319 dicitur
901 5262 1068 5328 ipsius
1094 5259 1345 5327 Spiritus.
1371 5257 1574 5311 Natura
1606 5262 1783 5312 tamen
1813 5259 2038 5328 aequalis

468 5360 553 5404 est
600 5347 743 5402 Patri
773 5357 826 5401 et
857 5344 1011 5399 Filio.
1042 5343 1247 5408 Quibus
1273 5343 1414 5393 enim
1446 5341 1631 5395 eadem
1668 5351 1749 5395 est
1778 5343 1938 5404 actio,
1974 5341 2041 5396 iis

471 5435 658 5488 eadem
694 5441 777 5486 est
804 5432 966 5484 etiam
1005 5435 1216 5480 natura.
1267 5425 1331 5476 At
1382 5423 1676 5478 Eunomius
1713 5439 1836 5478 eum
1871 5439 2041 5478 annu-

472 5516 787 5570 merationis
843 5514 1018 5568 ordini
1053 5511 1375 5580 adjungens.
1401 5509 1571 5563 tertia:
1613 5509 1791 5577 ipsum
1835 5517 2039 5561 naturai

472 5599 855 5666 pronuntiavit.

544 5719 559 5748 ¹
602 5718 723 5773 Act.
751 5733 788 5782 I,
827 5718 912 5770 16.
1039 5718 1058 5748 ³
1091 5717 1109 5770 l
1139 5717 1264 5770 Cor.
1303 5731 1362 5777 ιι,
1401 5713 1486 5766 Η.

1594 5715 1613 5743 ³
1635 5708 1793 5762 Joan.
1828 5723 1900 5769 tv,
1925 5707 2015 5772 2|,
2043 5707 2130 5759 22.

2140 4584 2246 4638 τοῦ
2276 4584 2524 4650 Πατρός,
2558 4583 2654 4636 καὶ
2693 4584 2797 4636 τοῦ
2833 4582 2992 4647 Υιοῦ,
3035 4584 3136 4637 καὶ
3167 4578 3274 4638 τοῦ
3320 4581 3494 4654 ἁγίου
3526 4586 3713 4640 Ilvati-

2136 4680 2352 4735 ματοςο
2386 4665 2465 4717 ἔτι
2486 4665 2543 4717 δὲ
2575 4668 2667 4717 καὶ
2707 4665 3003 4736 ἀξιώματι·
3037 4669 3100 4720 ὲκ
3132 4668 3342 4736 Πατρδς
3375 4668 3484 4738 γὰρ
3508 4669 3536 4721 ό
3559 4668 3710 4733 Υἱὸς,

2140 4753 2240 4804 οὐκ
2269 4752 2332 4802 ἐκ
2359 4749 2452 4802 τοῦ
2479 4748 2606 4801 Υίοῦ
2632 4749 2659 4800 ὁ
2693 4749 2902 4820 Πατὴρ,
2933 4752 3094 4819 φύσει
3123 4751 3179 4804 δὲ
3211 4754 3359 4815 ἴσος·
3393 4753 3544 4821 Ἐγὼ
3577 4755 3710 4822 γὰρ,

2144 4834 2297 4902 φησι,
2331 4834 2428 4886 καὶ
2459 4836 2490 4886 ό
2518 4832 2720 4900 Πατὴρ
2751 4831 2821 4887 ἕν
2843 4834 3033 4902 ἐσμεν
3052 4850 3066 4864 ο
3096 4834 3238 4888 οὕτω
3259 4838 3352 4889 καὶ
3390 4837 3454 4888 τὸ
3486 4837 3712 4905 Πνεῦμα

2144 4914 2205 4971 τὸ
2249 4918 2402 4984 ἅγιον
2439 4915 2590 4981 τάξει
2641 4918 2738 4985 μὲν
2783 4919 3036 4986 δεύτερον
3084 4919 3177 4970 τοῦ
3222 4912 3376 4984 Υίού,
3429 4919 3612 4979 καθὼς
3650 4921 3711 4971 ὲν

2147 5007 2213 5073 τῇ
2271 5001 2665 5072 συναριθμήσει
2713 5001 3044 5069 δεδήλωται,
3099 5005 3189 5057 ναὶ
3243 5003 3348 5072 μὴν
3402 5004 3497 5056 καὶ
3545 5002 3713 5069 ἀξιώ-

2142 5101 2304 5154 ματι.
2339 5083 2560 5154 Πνεῦμα
2600 5079 2707 5152 γὰρ
2768 5079 2899 5136 Υίοῦ
2958 5085 3197 5150 λέγεται,
3234 5085 3308 5148 ὡς
3340 5085 3426 5138 διὰ
3454 5086 3550 5138 τοῦ
3583 5079 3712 5139 Υίοῦ

2147 5170 2569 5240 χορηγούμενον.
2615 5169 3042 5233 ’1⁴.ξαπέστειλε
3064 5171 3191 5238 γὰρ,
3218 5187 3291 5238 φη
3304 5170 3404 5232 τὶν,
3428 5171 3459 5222 ό
3485 5173 3630 5235 Θεὸς
3648 5169 3712 5223 τὸ

2146 5255 2389 5321 Πνεῦμα
2420 5247 2521 5306 τοῦ
2557 5254 2694 5305 γ’ἱοῦ
2732 5253 2918 5306 αὑτοῦ
2953 5256 3038 5317 εις
3087 5253 3194 5318 τὰς
3227 5254 3474 5321 καρδίας
3503 5253 3669 5322 ἡμῶν
3701 5269 3714 5281 ·

2146 5335 2208 5388 ού
2249 5336 2354 5404 μὴν
2397 5337 2424 5387 6
2452 5331 2579 5399 Υἱὸς
2616 5330 2955 5406 Πνεύματος.
2982 5331 3146 5387 Φύσει
3185 5337 3242 5389 δὲ
3275 5336 3389 5389 ἴσον
3421 5335 3514 5388 καὶ
3544 5335 3715 5404 [lupi

2148 5421 2244 5473 καὶ
2264 5419 2396 5490 Υίῷ.
2421 5412 2516 5480 Οἷς
2542 5419 2648 5488 γὰρ
2677 5420 2709 5488 ὴ
2739 5418 2875 5488 αὑτὴ
2903 5417 3172 5487 ἐνέργεια,
3202 5417 3412 5480 τούτοις
3441 5416 3535 5470 καὶ
3558 5416 3713 5485 φύσις

2145 5506 2180 5572 ἡ
2216 5504 2376 5572 αὑτὴ.
2411 5497 2668 5571 Εὖνόμιος
2690 5497 2747 5555 δὲ
2769 5505 2834 5572 τῇ
2867 5501 3018 5567 τάξει
3045 5501 3334 5571 προσσχὼν
3362 5503 3460 5568 τῆς
3495 5515 3713 5569 συναρι-

2146 5588 2424 5658 Θμήσεως,
2459 5587 2651 5656 τρίτης
2684 5587 2815 5638 αὐτὸ
2857 5585 3069 5655 φύσεως
3095 5586 3436 5654 ἀπεφήνατο.

2253 5709 2273 5731 ⁸
2308 5699 2465 5753 Joan.
2507 5715 2615 5764 xiv,
2654 5700 2706 5752 6.
2834 5701 2852 5730 ⁸
2887 5700 3024 5755 Psal.
3056 5715 3184 5763 xui,
3212 5693 3264 5752 3.
3386 5698 3406 5730 ⁸
3437 5693 3593 5751 Joan.
3621 5706 3707 5756 xv,

467 5794 577 5857 ao;
619 5771 726 5852 xw,
763 5771 846 5841 i7.
923 5788 942 5817 τ
973 5785 1160 5840 Matth.
1198 5771 1387 5850 χχνιιὶ,
1425 5785 1511 5837 t9.
1588 5781 1609 5813 ι
1638 5778 1871 5843 ιοεηωι,
1903 5779 1993 5832 ao.
2070 5777 2090 5807 ο
2120 5771 2300 5827 Galat.
2335 5785 2409 5834 iv,
2443 5771 2496 5823 6.
