  <div class='ocr_page' id='page_1' title='image "/cluster/home/n/w/nwhite01/storage/ocr_20150623/130/hvd.32044073502387/369.png"; bbox 0 0 4030 6222; ppageno 0'>
   <div class='ocr_carea' id='block_1_1' title="bbox 457 363 560 426">
    <p class='ocr_par' dir='ltr' id='par_1_1' title="bbox 457 363 560 426">
     <span class='ocr_line' id='line_1_1' title="bbox 457 363 560 426; baseline 0.029 -3"><span class='ocrx_word' id='word_1_1' title='bbox 457 363 560 426; x_wconf 72' lang='lat'><strong>727</strong></span> 
     </span>
    </p>
   </div>
   <div class='ocr_carea' id='block_1_2' title="bbox 1683 356 2468 423">
    <p class='ocr_par' dir='ltr' id='par_1_2' title="bbox 1683 356 2468 423">
     <span class='ocr_line' id='line_1_2' title="bbox 1683 356 2468 423; baseline -0.005 0"><span class='ocrx_word' id='word_1_2' title='bbox 1683 356 2065 423; x_wconf 83' lang='lat' dir='ltr'><strong>EUTHYMII</strong></span> <span class='ocrx_word' id='word_1_3' title='bbox 2106 359 2468 422; x_wconf 84' lang='lat' dir='ltr'><strong>ZIGABENI</strong></span> 
     </span>
    </p>
   </div>
   <div class='ocr_carea' id='block_1_3' title="bbox 3593 357 3698 421">
    <p class='ocr_par' dir='ltr' id='par_1_3' title="bbox 3593 357 3698 421">
     <span class='ocr_line' id='line_1_3' title="bbox 3593 357 3698 421; baseline -0.029 0"><span class='ocrx_word' id='word_1_4' title='bbox 3593 357 3698 421; x_wconf 72' lang='grc'><strong>728</strong></span> 
     </span>
    </p>
   </div>
   <div class='ocr_carea' id='block_1_4' title="bbox 453 473 2009 546">
    <p class='ocr_par' dir='ltr' id='par_1_4' title="bbox 453 475 2009 546">
     <span class='ocr_line' id='line_1_4' title="bbox 453 475 2009 546; baseline 0 -16"><span class='ocrx_word' id='word_1_5' title='bbox 453 476 632 530; x_wconf 80' lang='lat' dir='ltr'><strong><em>omnia</em></strong></span> <span class='ocrx_word' id='word_1_6' title='bbox 696 484 949 545; x_wconf 77' lang='lat' dir='ltr'><strong>operatur</strong></span> <span class='ocrx_word' id='word_1_7' title='bbox 993 491 1126 529; x_wconf 88' lang='lat' dir='ltr'><strong>unus</strong></span> <span class='ocrx_word' id='word_1_8' title='bbox 1182 485 1231 530; x_wconf 82' lang='lat' dir='ltr'><strong>et</strong></span> <span class='ocrx_word' id='word_1_9' title='bbox 1285 477 1422 530; x_wconf 84' lang='lat' dir='ltr'><strong>idem</strong></span> <span class='ocrx_word' id='word_1_10' title='bbox 1472 475 1727 546; x_wconf 80' lang='lat' dir='ltr'><strong>Spiritus,</strong></span> <span class='ocrx_word' id='word_1_11' title='bbox 1791 475 2009 531; x_wconf 76' lang='lat' dir='ltr'><strong>dieidem</strong></span> 
     </span>
    </p>
   </div>
   <div class='ocr_carea' id='block_1_5' title="bbox 2113 473 3698 546">
    <p class='ocr_par' dir='ltr' id='par_1_5' title="bbox 2127 473 3698 546">
     <span class='ocr_line' id='line_1_5' title="bbox 2127 473 3698 546; baseline 0.001 -17"><span class='ocrx_word' id='word_1_12' title='bbox 2127 477 2299 541; x_wconf 68' lang='grc' dir='ltr'><em>ἄλλῳ</em></span> <span class='ocrx_word' id='word_1_13' title='bbox 2318 477 2385 530; x_wconf 81' lang='grc' dir='ltr'><strong>δὲ</strong></span> <span class='ocrx_word' id='word_1_14' title='bbox 2407 477 2736 546; x_wconf 73' lang='grc' dir='ltr'><strong>προφητεία</strong></span> <span class='ocrx_word' id='word_1_15' title='bbox 2757 492 2770 507; x_wconf 88' lang='grc'><strong>·</strong></span> <span class='ocrx_word' id='word_1_16' title='bbox 2809 476 2976 543; x_wconf 74' lang='grc' dir='ltr'><em>ἄλλῳ</em></span> <span class='ocrx_word' id='word_1_17' title='bbox 3003 474 3072 529; x_wconf 74' lang='grc' dir='ltr'><strong>δὲ</strong></span> <span class='ocrx_word' id='word_1_18' title='bbox 3106 473 3402 540; x_wconf 77' lang='grc' dir='ltr'><em>διάκρισις</em></span> <span class='ocrx_word' id='word_1_19' title='bbox 3434 476 3698 544; x_wconf 77' lang='grc' dir='ltr'><em>πνευμά-</em></span> 
     </span>
    </p>
   </div>
   <div class='ocr_carea' id='block_1_6' title="bbox 450 558 2021 630">
    <p class='ocr_par' dir='ltr' id='par_1_6' title="bbox 450 558 2021 630">
     <span class='ocr_line' id='line_1_6' title="bbox 450 558 2021 630; baseline 0.001 -18"><span class='ocrx_word' id='word_1_20' title='bbox 450 561 675 628; x_wconf 87' lang='lat' dir='ltr'><strong>singulis</strong></span> <span class='ocrx_word' id='word_1_21' title='bbox 720 569 876 628; x_wconf 89' lang='lat' dir='ltr'><strong>prout</strong></span> <span class='ocrx_word' id='word_1_22' title='bbox 937 561 1050 613; x_wconf 81' lang='lat' dir='ltr'><strong>vult</strong></span> <span class='ocrx_word' id='word_1_23' title='bbox 1093 563 1133 614; x_wconf 82' lang='lat'><strong>&#39;.</strong></span> <span class='ocrx_word' id='word_1_24' title='bbox 1215 558 1423 613; x_wconf 79' lang='lat' dir='ltr'><strong>Dixerit</strong></span> <span class='ocrx_word' id='word_1_25' title='bbox 1487 562 1686 630; x_wconf 78' lang='lat' dir='ltr'><strong>aliquis</strong></span> <span class='ocrx_word' id='word_1_26' title='bbox 1742 562 1841 615; x_wconf 88' lang='lat' dir='ltr'><strong>has</strong></span> <span class='ocrx_word' id='word_1_27' title='bbox 1899 576 2021 615; x_wconf 88' lang='lat' dir='ltr'><strong>om-</strong></span> 
     </span>
    </p>
   </div>
   <div class='ocr_carea' id='block_1_7' title="bbox 451 644 2022 716">
    <p class='ocr_par' dir='ltr' id='par_1_7' title="bbox 451 644 2022 716">
     <span class='ocr_line' id='line_1_7' title="bbox 451 644 2022 716; baseline 0.004 -22"><span class='ocrx_word' id='word_1_28' title='bbox 451 658 568 708; x_wconf 85' lang='lat' dir='ltr'><strong>nes,</strong></span> <span class='ocrx_word' id='word_1_29' title='bbox 601 651 654 697; x_wconf 87' lang='lat' dir='ltr'><strong>et</strong></span> <span class='ocrx_word' id='word_1_30' title='bbox 687 644 842 707; x_wconf 88' lang='lat' dir='ltr'><strong>alias,</strong></span> <span class='ocrx_word' id='word_1_31' title='bbox 870 658 1206 712; x_wconf 70' lang='lat' dir='ltr'><strong>quzecunque</strong></span> <span class='ocrx_word' id='word_1_32' title='bbox 1239 656 1362 698; x_wconf 85' lang='lat' dir='ltr'><strong>sunt</strong></span> <span class='ocrx_word' id='word_1_33' title='bbox 1390 645 1628 712; x_wconf 80' lang='lat' dir='ltr'><strong>Spiritus</strong></span> <span class='ocrx_word' id='word_1_34' title='bbox 1656 649 1869 716; x_wconf 69' lang='lat' dir='ltr'><strong>gratim,</strong></span> <span class='ocrx_word' id='word_1_35' title='bbox 1899 661 2022 700; x_wconf 88' lang='lat' dir='ltr'><strong>esse</strong></span> 
     </span>
    </p>
   </div>
   <div class='ocr_carea' id='block_1_8' title="bbox 451 725 2018 796">
    <p class='ocr_par' dir='ltr' id='par_1_8' title="bbox 451 725 2018 796">
     <span class='ocr_line' id='line_1_8' title="bbox 451 725 2018 796; baseline 0.004 -20"><span class='ocrx_word' id='word_1_36' title='bbox 451 734 706 793; x_wconf 86' lang='lat' dir='ltr'><strong>tanquam</strong></span> <span class='ocrx_word' id='word_1_37' title='bbox 765 740 962 792; x_wconf 90' lang='lat' dir='ltr'><strong>corpus</strong></span> <span class='ocrx_word' id='word_1_38' title='bbox 1010 725 1199 794; x_wconf 86' lang='lat' dir='ltr'><strong>ipsius,</strong></span> <span class='ocrx_word' id='word_1_39' title='bbox 1255 728 1493 795; x_wconf 83' lang='lat' dir='ltr'><strong>singulas</strong></span> <span class='ocrx_word' id='word_1_40' title='bbox 1544 738 1721 783; x_wconf 84' lang='lat' dir='ltr'><strong>autem</strong></span> <span class='ocrx_word' id='word_1_41' title='bbox 1775 729 2018 796; x_wconf 87' lang='lat' dir='ltr'><strong>ipsarum</strong></span> 
     </span>
    </p>
   </div>
   <div class='ocr_carea' id='block_1_9' title="bbox 449 805 2020 881">
    <p class='ocr_par' dir='ltr' id='par_1_9' title="bbox 449 805 2020 881">
     <span class='ocr_line' id='line_1_9' title="bbox 449 805 2020 881; baseline 0.003 -21"><span class='ocrx_word' id='word_1_42' title='bbox 449 805 674 874; x_wconf 76' lang='lat' dir='ltr'><strong>digitum</strong></span> <span class='ocrx_word' id='word_1_43' title='bbox 745 807 1024 876; x_wconf 91' lang='lat' dir='ltr'><strong>appellari.</strong></span> <span class='ocrx_word' id='word_1_44' title='bbox 1081 809 1254 877; x_wconf 81' lang='lat' dir='ltr'><strong>Atque</strong></span> <span class='ocrx_word' id='word_1_45' title='bbox 1311 810 1455 865; x_wconf 88' lang='lat' dir='ltr'><strong>hunc</strong></span> <span class='ocrx_word' id='word_1_46' title='bbox 1505 812 1725 880; x_wconf 87' lang='lat' dir='ltr'><strong>quidem</strong></span> <span class='ocrx_word' id='word_1_47' title='bbox 1788 811 2020 881; x_wconf 83' lang='lat' dir='ltr'><strong>hujusce</strong></span> 
     </span>
    </p>
   </div>
   <div class='ocr_carea' id='block_1_10' title="bbox 448 890 2019 959">
    <p class='ocr_par' dir='ltr' id='par_1_10' title="bbox 448 890 2019 959">
     <span class='ocr_line' id='line_1_10' title="bbox 448 890 2019 959; baseline 0.003 -18"><span class='ocrx_word' id='word_1_48' title='bbox 448 890 599 942; x_wconf 86' lang='lat' dir='ltr'><strong>verbi</strong></span> <span class='ocrx_word' id='word_1_49' title='bbox 627 905 777 943; x_wconf 89' lang='lat' dir='ltr'><strong>usum</strong></span> <span class='ocrx_word' id='word_1_50' title='bbox 811 906 880 945; x_wconf 92' lang='lat' dir='ltr'><strong>ne</strong></span> <span class='ocrx_word' id='word_1_51' title='bbox 901 893 1230 959; x_wconf 80' lang='lat' dir='ltr'><strong>despexeris.</strong></span> <span class='ocrx_word' id='word_1_52' title='bbox 1261 891 1394 946; x_wconf 84' lang='lat' dir='ltr'><strong>Nam</strong></span> <span class='ocrx_word' id='word_1_53' title='bbox 1424 910 1545 948; x_wconf 88' lang='lat' dir='ltr'><strong>cum</strong></span> <span class='ocrx_word' id='word_1_54' title='bbox 1583 895 1807 948; x_wconf 80' lang='lat' dir='ltr'><strong>dixisset</strong></span> <span class='ocrx_word' id='word_1_55' title='bbox 1845 915 1858 948; x_wconf 89' lang='lat'><strong>:</strong></span> <span class='ocrx_word' id='word_1_56' title='bbox 1890 899 2019 949; x_wconf 75' lang='lat' dir='ltr'><strong>[hec</strong></span> 
     </span>
    </p>
   </div>
   <div class='ocr_carea' id='block_1_11' title="bbox 449 971 2014 1041">
    <p class='ocr_par' dir='ltr' id='par_1_11' title="bbox 449 971 2014 1041">
     <span class='ocr_line' id='line_1_11' title="bbox 449 971 2014 1041; baseline 0.007 -20"><span class='ocrx_word' id='word_1_57' title='bbox 449 971 627 1024; x_wconf 88' lang='lat' dir='ltr'><strong>omnia</strong></span> <span class='ocrx_word' id='word_1_58' title='bbox 661 972 893 1038; x_wconf 75' lang='lat' dir='ltr'><strong>Spiritus</strong></span> <span class='ocrx_word' id='word_1_59' title='bbox 945 986 1231 1041; x_wconf 85' lang='lat' dir='ltr'><strong>operatur,</strong></span> <span class='ocrx_word' id='word_1_60' title='bbox 1288 986 1344 1028; x_wconf 89' lang='lat' dir='ltr'><strong>ut</strong></span> <span class='ocrx_word' id='word_1_61' title='bbox 1407 978 1541 1040; x_wconf 83' lang='lat' dir='ltr'><strong>vult,</strong></span> <span class='ocrx_word' id='word_1_62' title='bbox 1590 981 1655 1030; x_wconf 87' lang='lat' dir='ltr'><strong>de</strong></span> <span class='ocrx_word' id='word_1_63' title='bbox 1719 978 1828 1033; x_wconf 83' lang='lat' dir='ltr'><strong>Deo</strong></span> <span class='ocrx_word' id='word_1_64' title='bbox 1872 979 2014 1032; x_wconf 71' lang='lat' dir='ltr'><strong>idem</strong></span> 
     </span>
    </p>
   </div>
   <div class='ocr_carea' id='block_1_12' title="bbox 447 1054 2018 1126">
    <p class='ocr_par' dir='ltr' id='par_1_12' title="bbox 447 1054 2018 1126">
     <span class='ocr_line' id='line_1_12' title="bbox 447 1054 2018 1126; baseline 0.008 -22"><span class='ocrx_word' id='word_1_65' title='bbox 447 1054 523 1106; x_wconf 90' lang='lat' dir='ltr'><strong>ait</strong></span> <span class='ocrx_word' id='word_1_66' title='bbox 593 1075 608 1111; x_wconf 90' lang='lat'><strong>:</strong></span> <span class='ocrx_word' id='word_1_67' title='bbox 663 1055 961 1110; x_wconf 85' lang='lat' dir='ltr'><strong>Divisiones</strong></span> <span class='ocrx_word' id='word_1_68' title='bbox 1019 1061 1381 1126; x_wconf 85' lang='lat' dir='ltr'><strong>operationum</strong></span> <span class='ocrx_word' id='word_1_69' title='bbox 1448 1072 1592 1121; x_wconf 85' lang='lat' dir='ltr'><strong>sunt,</strong></span> <span class='ocrx_word' id='word_1_70' title='bbox 1643 1063 1777 1114; x_wconf 80' lang='lat' dir='ltr'><strong>idem</strong></span> <span class='ocrx_word' id='word_1_71' title='bbox 1843 1073 2018 1117; x_wconf 85' lang='lat' dir='ltr'><strong>autem</strong></span> 
     </span>
    </p>
   </div>
   <div class='ocr_carea' id='block_1_13' title="bbox 445 1135 2015 1212">
    <p class='ocr_par' dir='ltr' id='par_1_13' title="bbox 445 1135 2015 1212">
     <span class='ocr_line' id='line_1_13' title="bbox 445 1135 2015 1212; baseline 0.008 -23"><span class='ocrx_word' id='word_1_72' title='bbox 445 1135 608 1198; x_wconf 84' lang='lat' dir='ltr'><strong>Deus,</strong></span> <span class='ocrx_word' id='word_1_73' title='bbox 662 1141 752 1207; x_wconf 85' lang='lat' dir='ltr'><strong>qui</strong></span> <span class='ocrx_word' id='word_1_74' title='bbox 792 1151 1042 1205; x_wconf 82' lang='lat' dir='ltr'><strong>operatur</strong></span> <span class='ocrx_word' id='word_1_75' title='bbox 1083 1145 1262 1198; x_wconf 83' lang='lat' dir='ltr'><strong><em>omnia</em></strong></span> <span class='ocrx_word' id='word_1_76' title='bbox 1313 1145 1368 1199; x_wconf 84' lang='lat' dir='ltr'><strong>in</strong></span> <span class='ocrx_word' id='word_1_77' title='bbox 1406 1147 1646 1198; x_wconf 86' lang='lat' dir='ltr'><strong>omnibus</strong></span> <span class='ocrx_word' id='word_1_78' title='bbox 1680 1148 1721 1199; x_wconf 80' lang='grc'><em>¹.</em></span> <span class='ocrx_word' id='word_1_79' title='bbox 1758 1147 1912 1212; x_wconf 83' lang='lat' dir='ltr'><strong>Quod</strong></span> <span class='ocrx_word' id='word_1_80' title='bbox 1969 1148 2015 1200; x_wconf 85' lang='lat' dir='ltr'><strong>si</strong></span> 
     </span>
    </p>
   </div>
   <div class='ocr_carea' id='block_1_14' title="bbox 445 1224 2018 1298">
    <p class='ocr_par' dir='ltr' id='par_1_14' title="bbox 445 1224 2018 1298">
     <span class='ocr_line' id='line_1_14' title="bbox 445 1224 2018 1298; baseline 0.008 -28"><span class='ocrx_word' id='word_1_81' title='bbox 445 1233 704 1289; x_wconf 83' lang='lat' dir='ltr'><strong>aperatur</strong></span> <span class='ocrx_word' id='word_1_82' title='bbox 738 1225 918 1277; x_wconf 84' lang='lat' dir='ltr'><strong>omnia</strong></span> <span class='ocrx_word' id='word_1_83' title='bbox 958 1224 1096 1280; x_wconf 83' lang='lat' dir='ltr'><strong>Deus</strong></span> <span class='ocrx_word' id='word_1_84' title='bbox 1129 1239 1186 1280; x_wconf 88' lang='lat' dir='ltr'><strong>ut</strong></span> <span class='ocrx_word' id='word_1_85' title='bbox 1229 1228 1361 1290; x_wconf 83' lang='lat' dir='ltr'><strong>vult,</strong></span> <span class='ocrx_word' id='word_1_86' title='bbox 1404 1239 1457 1282; x_wconf 84' lang='lat' dir='ltr'><strong>et</strong></span> <span class='ocrx_word' id='word_1_87' title='bbox 1488 1233 1598 1282; x_wconf 59' lang='lat' dir='ltr'><strong>lucc</strong></span> <span class='ocrx_word' id='word_1_88' title='bbox 1646 1233 1823 1284; x_wconf 83' lang='lat' dir='ltr'><strong>omnia</strong></span> <span class='ocrx_word' id='word_1_89' title='bbox 1888 1247 2018 1298; x_wconf 83' lang='lat' dir='ltr'><strong>ope—</strong></span> 
     </span>
    </p>
   </div>
   <div class='ocr_carea' id='block_1_15' title="bbox 447 1309 2016 1384">
    <p class='ocr_par' dir='ltr' id='par_1_15' title="bbox 447 1309 2016 1384">
     <span class='ocr_line' id='line_1_15' title="bbox 447 1309 2016 1384; baseline 0.009 -31"><span class='ocrx_word' id='word_1_90' title='bbox 447 1318 598 1359; x_wconf 90' lang='lat' dir='ltr'><strong>ratur</strong></span> <span class='ocrx_word' id='word_1_91' title='bbox 621 1323 758 1359; x_wconf 88' lang='lat' dir='ltr'><strong>unus</strong></span> <span class='ocrx_word' id='word_1_92' title='bbox 790 1318 843 1361; x_wconf 88' lang='lat' dir='ltr'><strong>et</strong></span> <span class='ocrx_word' id='word_1_93' title='bbox 876 1311 1011 1362; x_wconf 91' lang='lat' dir='ltr'><strong>idem</strong></span> <span class='ocrx_word' id='word_1_94' title='bbox 1042 1309 1298 1378; x_wconf 85' lang='lat' dir='ltr'><strong>Spiritus,</strong></span> <span class='ocrx_word' id='word_1_95' title='bbox 1322 1313 1568 1367; x_wconf 90' lang='lat' dir='ltr'><strong>dividens</strong></span> <span class='ocrx_word' id='word_1_96' title='bbox 1603 1315 1828 1382; x_wconf 79' lang='lat' dir='ltr'><strong>singulis</strong></span> <span class='ocrx_word' id='word_1_97' title='bbox 1855 1325 2016 1384; x_wconf 84' lang='lat' dir='ltr'><strong>prout</strong></span> 
     </span>
    </p>
   </div>
   <div class='ocr_carea' id='block_1_16' title="bbox 446 1388 2012 1460">
    <p class='ocr_par' dir='ltr' id='par_1_16' title="bbox 446 1388 2012 1460">
     <span class='ocr_line' id='line_1_16' title="bbox 446 1388 2012 1460; baseline 0.009 -24"><span class='ocrx_word' id='word_1_98' title='bbox 446 1388 579 1443; x_wconf 87' lang='lat' dir='ltr'><strong>vnIt.</strong></span> <span class='ocrx_word' id='word_1_99' title='bbox 612 1394 881 1456; x_wconf 80' lang='lat' dir='ltr'><strong>quomodo</strong></span> <span class='ocrx_word' id='word_1_100' title='bbox 913 1391 1201 1445; x_wconf 65' lang='lat' dir='ltr'><strong>diversitas</strong></span> <span class='ocrx_word' id='word_1_101' title='bbox 1229 1396 1480 1448; x_wconf 70' lang='lat' dir='ltr'><strong>essentia:</strong></span> <span class='ocrx_word' id='word_1_102' title='bbox 1529 1397 1620 1460; x_wconf 84' lang='lat' dir='ltr'><strong>sit,</strong></span> <span class='ocrx_word' id='word_1_103' title='bbox 1691 1397 1778 1448; x_wconf 90' lang='lat' dir='ltr'><strong>ubi</strong></span> <span class='ocrx_word' id='word_1_104' title='bbox 1825 1398 2012 1451; x_wconf 83' lang='lat' dir='ltr'><strong>eadem</strong></span> 
     </span>
    </p>
   </div>
   <div class='ocr_carea' id='block_1_17' title="bbox 447 1472 2012 1532">
    <p class='ocr_par' dir='ltr' id='par_1_17' title="bbox 447 1472 2012 1532">
     <span class='ocr_line' id='line_1_17' title="bbox 447 1472 2012 1532; baseline 0.008 -12"><span class='ocrx_word' id='word_1_105' title='bbox 447 1472 676 1525; x_wconf 74' lang='lat' dir='ltr'><strong>:ietiOuis</strong></span> <span class='ocrx_word' id='word_1_106' title='bbox 706 1474 782 1526; x_wconf 89' lang='lat' dir='ltr'><strong>vis</strong></span> <span class='ocrx_word' id='word_1_107' title='bbox 813 1473 1098 1528; x_wconf 78' lang='lat' dir='ltr'><strong>?Divcrsis</strong></span> <span class='ocrx_word' id='word_1_108' title='bbox 1151 1478 1292 1528; x_wconf 85' lang='lat' dir='ltr'><strong>enim</strong></span> <span class='ocrx_word' id='word_1_109' title='bbox 1340 1479 1597 1532; x_wconf 86' lang='lat' dir='ltr'><strong>essentiis</strong></span> <span class='ocrx_word' id='word_1_110' title='bbox 1649 1493 1714 1531; x_wconf 77' lang='lat' dir='ltr'><strong>ex</strong></span> <span class='ocrx_word' id='word_1_111' title='bbox 1765 1479 2012 1532; x_wconf 70' lang='lat' dir='ltr'><strong>hunomii</strong></span> 
     </span>
    </p>
   </div>
   <div class='ocr_carea' id='block_1_18' title="bbox 445 1557 2014 1630">
    <p class='ocr_par' dir='ltr' id='par_1_18' title="bbox 445 1557 2014 1630">
     <span class='ocr_line' id='line_1_18' title="bbox 445 1557 2014 1630; baseline 0.005 -22"><span class='ocrx_word' id='word_1_112' title='bbox 445 1557 711 1609; x_wconf 80' lang='lat' dir='ltr'><strong>sententia</strong></span> <span class='ocrx_word' id='word_1_113' title='bbox 769 1557 1012 1611; x_wconf 87' lang='lat' dir='ltr'><strong>diversas</strong></span> <span class='ocrx_word' id='word_1_114' title='bbox 1081 1573 1203 1613; x_wconf 87' lang='lat' dir='ltr'><strong>esse</strong></span> <span class='ocrx_word' id='word_1_115' title='bbox 1263 1563 1511 1616; x_wconf 84' lang='lat' dir='ltr'><strong>actiones</strong></span> <span class='ocrx_word' id='word_1_116' title='bbox 1575 1564 1879 1630; x_wconf 86' lang='lat' dir='ltr'><strong>oportebat.</strong></span> <span class='ocrx_word' id='word_1_117' title='bbox 1947 1567 2014 1616; x_wconf 84' lang='lat' dir='ltr'><strong>At</strong></span> 
     </span>
    </p>
   </div>
   <div class='ocr_carea' id='block_1_19' title="bbox 444 1637 2013 1712">
    <p class='ocr_par' dir='ltr' id='par_1_19' title="bbox 444 1637 2013 1712">
     <span class='ocr_line' id='line_1_19' title="bbox 444 1637 2013 1712; baseline 0.011 -28"><span class='ocrx_word' id='word_1_118' title='bbox 444 1637 686 1690; x_wconf 69' lang='lat' dir='ltr'><strong>eamdem</strong></span> <span class='ocrx_word' id='word_1_119' title='bbox 716 1639 936 1707; x_wconf 83' lang='lat' dir='ltr'><strong>Spiritui</strong></span> <span class='ocrx_word' id='word_1_120' title='bbox 965 1641 1346 1696; x_wconf 83' lang='lat' dir='ltr'><strong>auctoritatem</strong></span> <span class='ocrx_word' id='word_1_121' title='bbox 1387 1659 1450 1698; x_wconf 86' lang='lat' dir='ltr'><strong>ac</strong></span> <span class='ocrx_word' id='word_1_122' title='bbox 1514 1654 1836 1712; x_wconf 80' lang='lat' dir='ltr'><strong>potestatem</strong></span> <span class='ocrx_word' id='word_1_123' title='bbox 1886 1647 2013 1702; x_wconf 84' lang='lat' dir='ltr'><strong>S-:r-</strong></span> 
     </span>
    </p>
   </div>
   <div class='ocr_carea' id='block_1_20' title="bbox 447 1724 2009 1800">
    <p class='ocr_par' dir='ltr' id='par_1_20' title="bbox 447 1724 2009 1800">
     <span class='ocr_line' id='line_1_20' title="bbox 447 1724 2009 1800; baseline 0.012 -33"><span class='ocrx_word' id='word_1_124' title='bbox 447 1730 599 1772; x_wconf 80' lang='lat' dir='ltr'><strong>valor</strong></span> <span class='ocrx_word' id='word_1_125' title='bbox 633 1737 754 1776; x_wconf 89' lang='lat' dir='ltr'><strong>esse</strong></span> <span class='ocrx_word' id='word_1_126' title='bbox 805 1724 1122 1788; x_wconf 67' lang='lat' dir='ltr'><strong>testificaris,</strong></span> <span class='ocrx_word' id='word_1_127' title='bbox 1162 1727 1412 1794; x_wconf 82' lang='lat' dir='ltr'><strong>Spiritus,</strong></span> <span class='ocrx_word' id='word_1_128' title='bbox 1465 1730 1662 1800; x_wconf 76' lang='lat' dir='ltr'><strong>inquit,</strong></span> <span class='ocrx_word' id='word_1_129' title='bbox 1724 1732 1813 1785; x_wconf 85' lang='lat' dir='ltr'><strong>ubi</strong></span> <span class='ocrx_word' id='word_1_130' title='bbox 1877 1735 2009 1798; x_wconf 72' lang='lat' dir='ltr'><strong>vult,</strong></span> 
     </span>
    </p>
   </div>
   <div class='ocr_carea' id='block_1_21' title="bbox 443 1805 682 1870">
    <p class='ocr_par' dir='ltr' id='par_1_21' title="bbox 443 1805 682 1870">
     <span class='ocr_line' id='line_1_21' title="bbox 443 1805 682 1870; baseline 0.021 -17"><span class='ocrx_word' id='word_1_131' title='bbox 443 1805 608 1870; x_wconf 79' lang='lat' dir='ltr'><strong>spirat</strong></span> <span class='ocrx_word' id='word_1_132' title='bbox 644 1805 682 1858; x_wconf 84' lang='grc'><em>³.</em></span> 
     </span>
    </p>
   </div>
   <div class='ocr_carea' id='block_1_22' title="bbox 909 2049 1504 2108">
    <p class='ocr_par' dir='ltr' id='par_1_22' title="bbox 909 2049 1504 2108">
     <span class='ocr_line' id='line_1_22' title="bbox 909 2049 1504 2108; baseline 0.015 -9"><span class='ocrx_word' id='word_1_133' title='bbox 909 2049 990 2100; x_wconf 75' lang='lat' dir='ltr'><strong>Ex</strong></span> <span class='ocrx_word' id='word_1_134' title='bbox 1022 2051 1204 2103; x_wconf 80' lang='lat' dir='ltr'><strong>eadem</strong></span> <span class='ocrx_word' id='word_1_135' title='bbox 1234 2055 1504 2108; x_wconf 82' lang='lat' dir='ltr'><strong>oratione.</strong></span> 
     </span>
    </p>
   </div>
   <div class='ocr_carea' id='block_1_23' title="bbox 513 2133 2005 2221">
    <p class='ocr_par' dir='ltr' id='par_1_23' title="bbox 513 2133 2005 2221">
     <span class='ocr_line' id='line_1_23' title="bbox 513 2133 2005 2221; baseline 0.013 -36"><span class='ocrx_word' id='word_1_136' title='bbox 513 2133 601 2187; x_wconf 68' lang='lat' dir='ltr'><strong>Dei</strong></span> <span class='ocrx_word' id='word_1_137' title='bbox 645 2138 917 2204; x_wconf 86' lang='lat' dir='ltr'><strong>proprium</strong></span> <span class='ocrx_word' id='word_1_138' title='bbox 950 2151 1033 2192; x_wconf 85' lang='lat' dir='ltr'><strong>est</strong></span> <span class='ocrx_word' id='word_1_139' title='bbox 1089 2143 1364 2200; x_wconf 87' lang='lat' dir='ltr'><strong>dimittere</strong></span> <span class='ocrx_word' id='word_1_140' title='bbox 1429 2157 1672 2214; x_wconf 87' lang='lat' dir='ltr'><strong>peccata,</strong></span> <span class='ocrx_word' id='word_1_141' title='bbox 1713 2166 1832 2203; x_wconf 88' lang='lat' dir='ltr'><strong>cum</strong></span> <span class='ocrx_word' id='word_1_142' title='bbox 1888 2151 2005 2221; x_wconf 89' lang='lat' dir='ltr'><strong>ipse</strong></span> 
     </span>
    </p>
   </div>
   <div class='ocr_carea' id='block_1_24' title="bbox 441 2216 2008 2294">
    <p class='ocr_par' dir='ltr' id='par_1_24' title="bbox 441 2216 2008 2294">
     <span class='ocr_line' id='line_1_24' title="bbox 441 2216 2008 2294; baseline 0.013 -27"><span class='ocrx_word' id='word_1_143' title='bbox 441 2216 585 2269; x_wconf 80' lang='lat' dir='ltr'><strong>dicat</strong></span> <span class='ocrx_word' id='word_1_144' title='bbox 635 2234 648 2269; x_wconf 87' lang='lat'>:</span> <span class='ocrx_word' id='word_1_145' title='bbox 699 2217 811 2286; x_wconf 88' lang='lat' dir='ltr'><strong>Ego</strong></span> <span class='ocrx_word' id='word_1_146' title='bbox 835 2236 970 2283; x_wconf 86' lang='lat' dir='ltr'><strong>sum,</strong></span> <span class='ocrx_word' id='word_1_147' title='bbox 1005 2225 1093 2291; x_wconf 85' lang='lat' dir='ltr'><strong>qui</strong></span> <span class='ocrx_word' id='word_1_148' title='bbox 1144 2225 1292 2280; x_wconf 83' lang='lat' dir='ltr'><strong>deleo</strong></span> <span class='ocrx_word' id='word_1_149' title='bbox 1334 2241 1548 2294; x_wconf 85' lang='lat' dir='ltr'><strong>peccata</strong></span> <span class='ocrx_word' id='word_1_150' title='bbox 1579 2241 1667 2282; x_wconf 90' lang='lat' dir='ltr'><strong>tua</strong></span> <span class='ocrx_word' id='word_1_151' title='bbox 1702 2231 1744 2286; x_wconf 67' lang='grc' dir='ltr'><em>δ.</em></span> <span class='ocrx_word' id='word_1_152' title='bbox 1788 2232 1852 2287; x_wconf 86' lang='grc' dir='ltr'><strong>Εῑ</strong></span> <span class='ocrx_word' id='word_1_153' title='bbox 1896 2216 1924 2288; x_wconf 50' lang='grc' dir='ltr'><strong>ε’</strong></span> <span class='ocrx_word' id='word_1_154' title='bbox 1950 2233 2008 2288; x_wconf 91' lang='lat' dir='ltr'><strong>Si</strong></span> 
     </span>
    </p>
   </div>
   <div class='ocr_carea' id='block_1_25' title="bbox 441 2299 2014 2375">
    <p class='ocr_par' dir='ltr' id='par_1_25' title="bbox 441 2299 2014 2375">
     <span class='ocr_line' id='line_1_25' title="bbox 441 2299 2014 2375; baseline 0.013 -26"><span class='ocrx_word' id='word_1_155' title='bbox 441 2299 637 2364; x_wconf 76' lang='lat' dir='ltr'><strong>fuerint</strong></span> <span class='ocrx_word' id='word_1_156' title='bbox 662 2311 873 2358; x_wconf 82' lang='lat' dir='ltr'><strong>peccata</strong></span> <span class='ocrx_word' id='word_1_157' title='bbox 899 2317 1067 2358; x_wconf 85' lang='lat' dir='ltr'><strong>vestra</strong></span> <span class='ocrx_word' id='word_1_158' title='bbox 1109 2308 1188 2359; x_wconf 90' lang='lat' dir='ltr'><strong>uti</strong></span> <span class='ocrx_word' id='word_1_159' title='bbox 1207 2311 1544 2375; x_wconf 83' lang='lat' dir='ltr'><strong>vermiculus,</strong></span> <span class='ocrx_word' id='word_1_160' title='bbox 1621 2314 2014 2370; x_wconf 85' lang='lat' dir='ltr'><strong>dealbabuntur</strong></span> 
     </span>
    </p>
   </div>
   <div class='ocr_carea' id='block_1_26' title="bbox 443 2387 2008 2468">
    <p class='ocr_par' dir='ltr' id='par_1_26' title="bbox 443 2387 2008 2468">
     <span class='ocr_line' id='line_1_26' title="bbox 443 2387 2008 2468; baseline 0.013 -36"><span class='ocrx_word' id='word_1_161' title='bbox 443 2394 690 2449; x_wconf 77' lang='lat' dir='ltr'><strong>tanquam</strong></span> <span class='ocrx_word' id='word_1_162' title='bbox 745 2387 855 2443; x_wconf 71' lang='lat' dir='ltr'><strong>uix.</strong></span> <span class='ocrx_word' id='word_1_163' title='bbox 921 2388 1002 2439; x_wconf 86' lang='lat' dir='ltr'><strong>sin</strong></span> <span class='ocrx_word' id='word_1_164' title='bbox 1046 2389 1239 2457; x_wconf 78' lang='lat' dir='ltr'><strong>fuerint</strong></span> <span class='ocrx_word' id='word_1_165' title='bbox 1297 2403 1352 2445; x_wconf 90' lang='lat' dir='ltr'><strong>ut</strong></span> <span class='ocrx_word' id='word_1_166' title='bbox 1413 2397 1699 2462; x_wconf 84' lang='lat' dir='ltr'><strong>coccinum,</strong></span> <span class='ocrx_word' id='word_1_167' title='bbox 1759 2411 2008 2468; x_wconf 83' lang='lat' dir='ltr'><strong>tauquam</strong></span> 
     </span>
    </p>
   </div>
   <div class='ocr_carea' id='block_1_27' title="bbox 441 2464 2003 2553">
    <p class='ocr_par' dir='ltr' id='par_1_27' title="bbox 441 2464 2003 2553">
     <span class='ocr_line' id='line_1_27' title="bbox 441 2464 2003 2553; baseline 0.014 -37"><span class='ocrx_word' id='word_1_168' title='bbox 441 2464 565 2518; x_wconf 88' lang='lat' dir='ltr'><strong>lana</strong></span> <span class='ocrx_word' id='word_1_169' title='bbox 595 2468 715 2521; x_wconf 84' lang='lat' dir='ltr'><strong>alba</strong></span> <span class='ocrx_word' id='word_1_170' title='bbox 734 2471 941 2525; x_wconf 70' lang='lat' dir='ltr'><strong>erunt“.</strong></span> <span class='ocrx_word' id='word_1_171' title='bbox 971 2466 1228 2528; x_wconf 83' lang='lat' dir='ltr'><strong>Domi&#39;ims</strong></span> <span class='ocrx_word' id='word_1_172' title='bbox 1255 2494 1382 2532; x_wconf 81' lang='lat' dir='ltr'><strong>vero</strong></span> <span class='ocrx_word' id='word_1_173' title='bbox 1405 2481 1683 2536; x_wconf 82' lang='lat' dir='ltr'><strong>insuIlIaus</strong></span> <span class='ocrx_word' id='word_1_174' title='bbox 1700 2464 1961 2553; x_wconf 85' lang='lat' dir='ltr'><strong>apostolis</strong></span> <span class='ocrx_word' id='word_1_175' title='bbox 1991 2504 2003 2538; x_wconf 89' lang='lat'><strong>:</strong></span> 
     </span>
    </p>
   </div>
   <div class='ocr_carea' id='block_1_28' title="bbox 444 2551 2009 2635">
    <p class='ocr_par' dir='ltr' id='par_1_28' title="bbox 444 2551 2009 2635">
     <span class='ocr_line' id='line_1_28' title="bbox 444 2551 2009 2635; baseline 0.014 -35"><span class='ocrx_word' id='word_1_176' title='bbox 444 2551 698 2618; x_wconf 78' lang='lat' dir='ltr'><strong>Accipite,</strong></span> <span class='ocrx_word' id='word_1_177' title='bbox 725 2555 916 2623; x_wconf 84' lang='lat' dir='ltr'><strong>inquit,</strong></span> <span class='ocrx_word' id='word_1_178' title='bbox 957 2555 1214 2626; x_wconf 84' lang='lat' dir='ltr'><strong>Spiritum</strong></span> <span class='ocrx_word' id='word_1_179' title='bbox 1268 2574 1507 2616; x_wconf 85' lang='lat' dir='ltr'><strong>sanctum</strong></span> <span class='ocrx_word' id='word_1_180' title='bbox 1541 2579 1560 2617; x_wconf 90' lang='lat'><strong><em>:</em></strong></span> <span class='ocrx_word' id='word_1_181' title='bbox 1588 2551 1808 2635; x_wconf 82' lang='lat' dir='ltr'><strong>quorum</strong></span> <span class='ocrx_word' id='word_1_182' title='bbox 1854 2570 2009 2622; x_wconf 84' lang='lat' dir='ltr'><strong>remi-</strong></span> 
     </span>
    </p>
   </div>
   <div class='ocr_carea' id='block_1_29' title="bbox 441 2634 2008 2720">
    <p class='ocr_par' dir='ltr' id='par_1_29' title="bbox 441 2634 2008 2720">
     <span class='ocr_line' id='line_1_29' title="bbox 441 2634 2008 2720; baseline 0.014 -37"><span class='ocrx_word' id='word_1_183' title='bbox 441 2634 616 2687; x_wconf 82' lang='lat' dir='ltr'><strong>seritis</strong></span> <span class='ocrx_word' id='word_1_184' title='bbox 645 2649 880 2702; x_wconf 87' lang='lat' dir='ltr'><strong>peccata,</strong></span> <span class='ocrx_word' id='word_1_185' title='bbox 918 2643 1263 2695; x_wconf 85' lang='lat' dir='ltr'><strong>remittuntur</strong></span> <span class='ocrx_word' id='word_1_186' title='bbox 1311 2648 1383 2698; x_wconf 85' lang='lat' dir='ltr'><strong>eis</strong></span> <span class='ocrx_word' id='word_1_187' title='bbox 1415 2648 1453 2702; x_wconf 76' lang='grc'><em>⁸.</em></span> <span class='ocrx_word' id='word_1_188' title='bbox 1499 2648 1555 2702; x_wconf 87' lang='lat' dir='ltr'><strong>Si</strong></span> <span class='ocrx_word' id='word_1_189' title='bbox 1606 2651 1805 2704; x_wconf 91' lang='lat' dir='ltr'><strong>nullius</strong></span> <span class='ocrx_word' id='word_1_190' title='bbox 1845 2652 2008 2720; x_wconf 81' lang='lat' dir='ltr'><strong>igitur</strong></span> 
     </span>
    </p>
   </div>
   <div class='ocr_carea' id='block_1_30' title="bbox 439 2720 2006 2796">
    <p class='ocr_par' dir='ltr' id='par_1_30' title="bbox 439 2720 2006 2796">
     <span class='ocr_line' id='line_1_30' title="bbox 439 2720 2006 2796; baseline 0.015 -30"><span class='ocrx_word' id='word_1_191' title='bbox 439 2726 542 2778; x_wconf 84' lang='lat' dir='ltr'><strong>cst,</strong></span> <span class='ocrx_word' id='word_1_192' title='bbox 580 2720 848 2773; x_wconf 82' lang='lat' dir='ltr'><strong>remittere</strong></span> <span class='ocrx_word' id='word_1_193' title='bbox 876 2735 1114 2791; x_wconf 78' lang='lat' dir='ltr'><strong>peccata,</strong></span> <span class='ocrx_word' id='word_1_194' title='bbox 1152 2737 1208 2779; x_wconf 89' lang='lat' dir='ltr'><strong>ut</strong></span> <span class='ocrx_word' id='word_1_195' title='bbox 1236 2731 1478 2794; x_wconf 69' lang='lat' dir='ltr'><strong>profecto</strong></span> <span class='ocrx_word' id='word_1_196' title='bbox 1509 2748 1609 2785; x_wconf 91' lang='lat' dir='ltr'><strong>non</strong></span> <span class='ocrx_word' id='word_1_197' title='bbox 1639 2744 1741 2796; x_wconf 81' lang='lat' dir='ltr'><strong>est,</strong></span> <span class='ocrx_word' id='word_1_198' title='bbox 1788 2735 1888 2788; x_wconf 90' lang='lat' dir='ltr'><strong>nisi</strong></span> <span class='ocrx_word' id='word_1_199' title='bbox 1915 2751 2006 2788; x_wconf 90' lang='lat' dir='ltr'><strong>so-</strong></span> 
     </span>
    </p>
   </div>
   <div class='ocr_carea' id='block_1_31' title="bbox 442 2797 2006 2885">
    <p class='ocr_par' dir='ltr' id='par_1_31' title="bbox 442 2797 2006 2885">
     <span class='ocr_line' id='line_1_31' title="bbox 442 2797 2006 2885; baseline 0.017 -38"><span class='ocrx_word' id='word_1_200' title='bbox 442 2797 545 2852; x_wconf 91' lang='lat' dir='ltr'><strong>lius</strong></span> <span class='ocrx_word' id='word_1_201' title='bbox 591 2800 704 2864; x_wconf 79' lang='lat' dir='ltr'><strong>Dei,</strong></span> <span class='ocrx_word' id='word_1_202' title='bbox 748 2803 980 2870; x_wconf 85' lang='lat' dir='ltr'><strong>Spiritus</strong></span> <span class='ocrx_word' id='word_1_203' title='bbox 1012 2819 1189 2862; x_wconf 77' lang='lat' dir='ltr'><strong>autem</strong></span> <span class='ocrx_word' id='word_1_204' title='bbox 1239 2825 1460 2868; x_wconf 84' lang='lat' dir='ltr'><strong>sanctus</strong></span> <span class='ocrx_word' id='word_1_205' title='bbox 1487 2832 1546 2866; x_wconf 74' lang='lat' dir='ltr'><strong>ea</strong></span> <span class='ocrx_word' id='word_1_206' title='bbox 1583 2834 1678 2885; x_wconf 88' lang='lat' dir='ltr'><strong>per</strong></span> <span class='ocrx_word' id='word_1_207' title='bbox 1729 2819 2006 2885; x_wconf 77' lang='lat' dir='ltr'><strong>apostolos</strong></span> 
     </span>
    </p>
   </div>
   <div class='ocr_carea' id='block_1_32' title="bbox 440 2881 2009 2962">
    <p class='ocr_par' dir='ltr' id='par_1_32' title="bbox 440 2881 2009 2962">
     <span class='ocr_line' id='line_1_32' title="bbox 440 2881 2009 2962; baseline 0.017 -32"><span class='ocrx_word' id='word_1_208' title='bbox 440 2881 703 2938; x_wconf 87' lang='lat' dir='ltr'><strong>dimittit:</strong></span> <span class='ocrx_word' id='word_1_209' title='bbox 739 2887 971 2954; x_wconf 87' lang='lat' dir='ltr'><strong>Spiritus</strong></span> <span class='ocrx_word' id='word_1_210' title='bbox 1015 2905 1233 2946; x_wconf 80' lang='lat' dir='ltr'><strong>sanctus</strong></span> <span class='ocrx_word' id='word_1_211' title='bbox 1295 2897 1547 2953; x_wconf 86' lang='lat' dir='ltr'><strong>nimirum</strong></span> <span class='ocrx_word' id='word_1_212' title='bbox 1583 2881 1685 2955; x_wconf 27' lang='lat' dir='ltr'><strong>Vest</strong></span> <span class='ocrx_word' id='word_1_213' title='bbox 1729 2881 1888 2962; x_wconf 81' lang='lat' dir='ltr'><strong>Deus.</strong></span> <span class='ocrx_word' id='word_1_214' title='bbox 1953 2912 2009 2958; x_wconf 82' lang='lat' dir='ltr'><strong>et</strong></span> 
     </span>
    </p>
   </div>
   <div class='ocr_carea' id='block_1_33' title="bbox 440 2969 1932 3041">
    <p class='ocr_par' dir='ltr' id='par_1_33' title="bbox 440 2969 1932 3041">
     <span class='ocr_line' id='line_1_33' title="bbox 440 2969 1932 3041; baseline 0.015 -24"><span class='ocrx_word' id='word_1_215' title='bbox 440 2969 708 3032; x_wconf 83' lang='lat' dir='ltr'><strong>catndem,</strong></span> <span class='ocrx_word' id='word_1_216' title='bbox 742 2986 900 3038; x_wconf 83' lang='lat' dir='ltr'><strong>quam</strong></span> <span class='ocrx_word' id='word_1_217' title='bbox 959 2973 1121 3028; x_wconf 81' lang='lat' dir='ltr'><strong>Pater</strong></span> <span class='ocrx_word' id='word_1_218' title='bbox 1151 2988 1202 3030; x_wconf 91' lang='lat' dir='ltr'><strong>ct</strong></span> <span class='ocrx_word' id='word_1_219' title='bbox 1228 2977 1412 3041; x_wconf 82' lang='lat' dir='ltr'><strong>Filius,</strong></span> <span class='ocrx_word' id='word_1_220' title='bbox 1451 2986 1719 3036; x_wconf 81' lang='lat' dir='ltr'><strong>actionem</strong></span> <span class='ocrx_word' id='word_1_221' title='bbox 1749 2984 1932 3039; x_wconf 81' lang='lat' dir='ltr'><strong>habet.</strong></span> 
     </span>
    </p>
   </div>
   <div class='ocr_carea' id='block_1_34' title="bbox 913 3065 1503 3127">
    <p class='ocr_par' dir='ltr' id='par_1_34' title="bbox 913 3065 1503 3127">
     <span class='ocr_line' id='line_1_34' title="bbox 913 3065 1503 3127; baseline 0.017 -12"><span class='ocrx_word' id='word_1_222' title='bbox 913 3065 995 3117; x_wconf 66' lang='lat' dir='ltr'><strong>Ea:</strong></span> <span class='ocrx_word' id='word_1_223' title='bbox 1028 3071 1206 3122; x_wconf 81' lang='lat' dir='ltr'><strong>eadem</strong></span> <span class='ocrx_word' id='word_1_224' title='bbox 1244 3074 1503 3127; x_wconf 82' lang='lat' dir='ltr'><strong>oratione.</strong></span> 
     </span>
    </p>
   </div>
   <div class='ocr_carea' id='block_1_35' title="bbox 2125 559 3696 630">
    <p class='ocr_par' dir='ltr' id='par_1_35' title="bbox 2125 559 3696 630">
     <span class='ocr_line' id='line_1_35' title="bbox 2125 559 3696 630; baseline 0.001 -16"><span class='ocrx_word' id='word_1_225' title='bbox 2125 579 2262 625; x_wconf 86' lang='grc' dir='ltr'><em>των,</em></span> <span class='ocrx_word' id='word_1_226' title='bbox 2287 561 2454 626; x_wconf 65' lang='grc' dir='ltr'><em>ἄλλῳ</em></span> <span class='ocrx_word' id='word_1_227' title='bbox 2487 562 2556 614; x_wconf 80' lang='grc' dir='ltr'><em>δὲ</em></span> <span class='ocrx_word' id='word_1_228' title='bbox 2579 563 2720 628; x_wconf 82' lang='grc' dir='ltr'><em>γένη</em></span> <span class='ocrx_word' id='word_1_229' title='bbox 2759 559 3073 630; x_wconf 72' lang='grc' dir='ltr'><em>γλωσσῶν,</em></span> <span class='ocrx_word' id='word_1_230' title='bbox 3109 559 3279 623; x_wconf 72' lang='grc' dir='ltr'><em>ἄλλῳ</em></span> <span class='ocrx_word' id='word_1_231' title='bbox 3312 559 3381 612; x_wconf 77' lang='grc' dir='ltr'><strong>δὲ</strong></span> <span class='ocrx_word' id='word_1_232' title='bbox 3419 560 3696 629; x_wconf 78' lang='grc' dir='ltr'><strong>ἑρμηνεία</strong></span> 
     </span>
    </p>
   </div>
   <div class='ocr_carea' id='block_1_36' title="bbox 2126 644 3692 716">
    <p class='ocr_par' dir='ltr' id='par_1_36' title="bbox 2126 644 3692 716">
     <span class='ocr_line' id='line_1_36' title="bbox 2126 644 3692 716; baseline 0.001 -17"><span class='ocrx_word' id='word_1_233' title='bbox 2126 647 2439 716; x_wconf 80' lang='grc' dir='ltr'><strong>γλωσσῶν.</strong></span> <span class='ocrx_word' id='word_1_234' title='bbox 2483 647 2672 700; x_wconf 85' lang='grc' dir='ltr'><em>Ταῦτα</em></span> <span class='ocrx_word' id='word_1_235' title='bbox 2715 647 2782 698; x_wconf 78' lang='grc' dir='ltr'><strong>δὲ</strong></span> <span class='ocrx_word' id='word_1_236' title='bbox 2816 648 3009 698; x_wconf 75' lang='grc' dir='ltr'><em>πάντα</em></span> <span class='ocrx_word' id='word_1_237' title='bbox 3043 644 3278 714; x_wconf 77' lang='grc' dir='ltr'><strong>ἐνεργεῖ</strong></span> <span class='ocrx_word' id='word_1_238' title='bbox 3305 645 3371 697; x_wconf 84' lang='grc' dir='ltr'><strong>τὸ</strong></span> <span class='ocrx_word' id='word_1_239' title='bbox 3398 644 3469 698; x_wconf 77' lang='grc' dir='ltr'><em>ἐν</em></span> <span class='ocrx_word' id='word_1_240' title='bbox 3508 647 3692 702; x_wconf 78' lang='grc' dir='ltr'><em>καὶτὸ</em></span> 
     </span>
    </p>
   </div>
   <div class='ocr_carea' id='block_1_37' title="bbox 2123 726 3693 798">
    <p class='ocr_par' dir='ltr' id='par_1_37' title="bbox 2123 726 3693 798">
     <span class='ocr_line' id='line_1_37' title="bbox 2123 726 3693 798; baseline 0.001 -18"><span class='ocrx_word' id='word_1_241' title='bbox 2123 732 2270 784; x_wconf 83' lang='grc' dir='ltr'><em>αὐτὸ</em></span> <span class='ocrx_word' id='word_1_242' title='bbox 2296 731 2534 798; x_wconf 84' lang='grc' dir='ltr'><em>Πνεῦμιι</em></span> <span class='ocrx_word' id='word_1_243' title='bbox 2558 728 2829 797; x_wconf 78' lang='grc' dir='ltr'><strong>διαιροῦν</strong></span> <span class='ocrx_word' id='word_1_244' title='bbox 2849 731 2968 783; x_wconf 80' lang='grc' dir='ltr'><strong>ὶδιά</strong></span> <span class='ocrx_word' id='word_1_245' title='bbox 2994 727 3228 791; x_wconf 73' lang='grc' dir='ltr'><strong>ἑκάστῳ</strong></span> <span class='ocrx_word' id='word_1_246' title='bbox 3255 726 3453 792; x_wconf 81' lang='grc' dir='ltr'><em>καθὼς</em></span> <span class='ocrx_word' id='word_1_247' title='bbox 3473 728 3693 790; x_wconf 70' lang='grc' dir='ltr'><em>βούλε-</em></span> 
     </span>
    </p>
   </div>
   <div class='ocr_carea' id='block_1_38' title="bbox 2124 811 3695 876">
    <p class='ocr_par' dir='ltr' id='par_1_38' title="bbox 2124 811 3695 876">
     <span class='ocr_line' id='line_1_38' title="bbox 2124 811 3695 876; baseline -0.002 -8"><span class='ocrx_word' id='word_1_248' title='bbox 2124 833 2238 869; x_wconf 83' lang='grc' dir='ltr'><em>ται.</em></span> <span class='ocrx_word' id='word_1_249' title='bbox 2265 815 2420 868; x_wconf 78' lang='grc' dir='ltr'><em>Εἴποι</em></span> <span class='ocrx_word' id='word_1_250' title='bbox 2439 811 2534 868; x_wconf 67' lang='grc' dir='ltr'><em>οὖν</em></span> <span class='ocrx_word' id='word_1_251' title='bbox 2559 831 2642 876; x_wconf 85' lang='grc' dir='ltr'><strong>τις</strong></span> <span class='ocrx_word' id='word_1_252' title='bbox 2667 814 2752 874; x_wconf 84' lang='grc' dir='ltr'><em>ἂν,</em></span> <span class='ocrx_word' id='word_1_253' title='bbox 2779 818 2861 867; x_wconf 82' lang='grc' dir='ltr'><strong>ὅτι</strong></span> <span class='ocrx_word' id='word_1_254' title='bbox 2881 813 3053 865; x_wconf 85' lang='grc' dir='ltr'><em>ταῦτα</em></span> <span class='ocrx_word' id='word_1_255' title='bbox 3085 813 3282 872; x_wconf 76' lang='grc' dir='ltr'><em>πάντα,</em></span> <span class='ocrx_word' id='word_1_256' title='bbox 3309 811 3404 862; x_wconf 81' lang='grc' dir='ltr'><strong>καὶ</strong></span> <span class='ocrx_word' id='word_1_257' title='bbox 3429 813 3695 866; x_wconf 76' lang='grc' dir='ltr'><em>ὅσαοᾶλλα</em></span> 
     </span>
    </p>
   </div>
   <div class='ocr_carea' id='block_1_39' title="bbox 2123 893 3692 967">
    <p class='ocr_par' dir='ltr' id='par_1_39' title="bbox 2123 893 3692 967">
     <span class='ocr_line' id='line_1_39' title="bbox 2123 893 3692 967; baseline -0.001 -17"><span class='ocrx_word' id='word_1_258' title='bbox 2123 899 2442 967; x_wconf 76' lang='grc' dir='ltr'><em>χαρίσματα</em></span> <span class='ocrx_word' id='word_1_259' title='bbox 2463 899 2568 950; x_wconf 83' lang='grc' dir='ltr'><em>εἰσι</em></span> <span class='ocrx_word' id='word_1_260' title='bbox 2588 894 2679 950; x_wconf 89' lang='grc' dir='ltr'><strong>τοῦ</strong></span> <span class='ocrx_word' id='word_1_261' title='bbox 2707 896 3042 964; x_wconf 76' lang='grc' dir='ltr'><em>[ίνεὺματος.</em></span> <span class='ocrx_word' id='word_1_262' title='bbox 3062 895 3251 964; x_wconf 73' lang='grc' dir='ltr'><em>ὥσπερ</em></span> <span class='ocrx_word' id='word_1_263' title='bbox 3268 912 3320 947; x_wconf 86' lang='grc' dir='ltr'><em>τι</em></span> <span class='ocrx_word' id='word_1_264' title='bbox 3349 897 3509 965; x_wconf 88' lang='grc' dir='ltr'><em>σῶμα</em></span> <span class='ocrx_word' id='word_1_265' title='bbox 3531 893 3692 948; x_wconf 82' lang='grc' dir='ltr'><em>αὐτοῦ</em></span> 
     </span>
    </p>
   </div>
   <div class='ocr_carea' id='block_1_40' title="bbox 2121 979 3688 1050">
    <p class='ocr_par' dir='ltr' id='par_1_40' title="bbox 2121 979 3688 1050">
     <span class='ocr_line' id='line_1_40' title="bbox 2121 979 3688 1050; baseline 0.001 -19"><span class='ocrx_word' id='word_1_266' title='bbox 2121 982 2406 1050; x_wconf 80' lang='grc' dir='ltr'><strong>τυγχάνει,</strong></span> <span class='ocrx_word' id='word_1_267' title='bbox 2448 982 2510 1034; x_wconf 75' lang='grc' dir='ltr'><strong>τὸ</strong></span> <span class='ocrx_word' id='word_1_268' title='bbox 2541 982 2596 1034; x_wconf 78' lang='grc' dir='ltr'><strong>δὲ</strong></span> <span class='ocrx_word' id='word_1_269' title='bbox 2636 980 2759 1035; x_wconf 78' lang='grc' dir='ltr'><strong>καθ’</strong></span> <span class='ocrx_word' id='word_1_270' title='bbox 2793 981 2851 1032; x_wconf 84' lang='grc' dir='ltr'><em>ἓν</em></span> <span class='ocrx_word' id='word_1_271' title='bbox 2877 979 2990 1031; x_wconf 88' lang='grc' dir='ltr'><strong>τῶν</strong></span> <span class='ocrx_word' id='word_1_272' title='bbox 3018 980 3379 1049; x_wconf 82' lang='grc' dir='ltr'><strong>χαρισμάτων</strong></span> <span class='ocrx_word' id='word_1_273' title='bbox 3406 980 3688 1044; x_wconf 74' lang='grc' dir='ltr'><em>δάκτυλος.</em></span> 
     </span>
    </p>
   </div>
   <div class='ocr_carea' id='block_1_41' title="bbox 2124 1062 3689 1133">
    <p class='ocr_par' dir='ltr' id='par_1_41' title="bbox 2124 1062 3689 1133">
     <span class='ocr_line' id='line_1_41' title="bbox 2124 1062 3689 1133; baseline 0.004 -18"><span class='ocrx_word' id='word_1_274' title='bbox 2124 1065 2234 1118; x_wconf 76' lang='grc' dir='ltr'><strong>Καὶ</strong></span> <span class='ocrx_word' id='word_1_275' title='bbox 2261 1066 2419 1118; x_wconf 82' lang='grc' dir='ltr'><em>τοῦτο</em></span> <span class='ocrx_word' id='word_1_276' title='bbox 2442 1067 2498 1118; x_wconf 79' lang='grc' dir='ltr'><strong>δὲ</strong></span> <span class='ocrx_word' id='word_1_277' title='bbox 2531 1066 2590 1116; x_wconf 78' lang='grc' dir='ltr'><strong>τὸ</strong></span> <span class='ocrx_word' id='word_1_278' title='bbox 2614 1066 2889 1133; x_wconf 76' lang='grc' dir='ltr'><em>χρήσιμον</em></span> <span class='ocrx_word' id='word_1_279' title='bbox 2921 1063 3017 1129; x_wconf 80' lang='grc' dir='ltr'><em>τῆς</em></span> <span class='ocrx_word' id='word_1_280' title='bbox 3049 1062 3246 1126; x_wconf 79' lang='grc' dir='ltr'><em>λέξεως</em></span> <span class='ocrx_word' id='word_1_281' title='bbox 3298 1062 3374 1131; x_wconf 81' lang='grc' dir='ltr'><em>μὴ</em></span> <span class='ocrx_word' id='word_1_282' title='bbox 3410 1063 3642 1133; x_wconf 75' lang='grc' dir='ltr'><em>παρίδῃς</em></span> <span class='ocrx_word' id='word_1_283' title='bbox 3674 1079 3689 1095; x_wconf 79' lang='grc'><strong><em>⁸</em></strong></span> 
     </span>
    </p>
   </div>
   <div class='ocr_carea' id='block_1_42' title="bbox 2122 1145 3688 1219">
    <p class='ocr_par' dir='ltr' id='par_1_42' title="bbox 2122 1145 3688 1219">
     <span class='ocr_line' id='line_1_42' title="bbox 2122 1145 3688 1219; baseline -0.003 -16"><span class='ocrx_word' id='word_1_284' title='bbox 2122 1149 2326 1203; x_wconf 77' lang='grc' dir='ltr'><em>Πάντα</em></span> <span class='ocrx_word' id='word_1_285' title='bbox 2381 1152 2508 1217; x_wconf 77' lang='grc' dir='ltr'><em>γὰρ,</em></span> <span class='ocrx_word' id='word_1_286' title='bbox 2550 1151 2750 1219; x_wconf 80' lang='grc' dir='ltr'><em>φήσας,</em></span> <span class='ocrx_word' id='word_1_287' title='bbox 2789 1148 2976 1200; x_wconf 85' lang='grc' dir='ltr'><em>ταῦτα</em></span> <span class='ocrx_word' id='word_1_288' title='bbox 3014 1146 3250 1215; x_wconf 86' lang='grc' dir='ltr'><em>ἐνεργεῖ</em></span> <span class='ocrx_word' id='word_1_289' title='bbox 3296 1147 3364 1198; x_wconf 85' lang='grc' dir='ltr'><strong>τὸ</strong></span> <span class='ocrx_word' id='word_1_290' title='bbox 3428 1145 3688 1213; x_wconf 79' lang='grc' dir='ltr'><em>Πνεῦμα,</em></span> 
     </span>
    </p>
   </div>
   <div class='ocr_carea' id='block_1_43' title="bbox 2119 1228 3690 1300">
    <p class='ocr_par' dir='ltr' id='par_1_43' title="bbox 2119 1228 3690 1300">
     <span class='ocr_line' id='line_1_43' title="bbox 2119 1228 3690 1300; baseline -0.006 -10"><span class='ocrx_word' id='word_1_291' title='bbox 2119 1238 2318 1300; x_wconf 72' lang='grc' dir='ltr'><em>καθὼς</em></span> <span class='ocrx_word' id='word_1_292' title='bbox 2343 1236 2656 1298; x_wconf 78' lang='grc' dir='ltr'><em>βούλεται,</em></span> <span class='ocrx_word' id='word_1_293' title='bbox 2682 1232 2774 1284; x_wconf 72' lang='grc' dir='ltr'><strong>καὶ</strong></span> <span class='ocrx_word' id='word_1_294' title='bbox 2804 1233 2932 1298; x_wconf 67' lang='grc' dir='ltr'><em>περὶ</em></span> <span class='ocrx_word' id='word_1_295' title='bbox 2956 1231 3092 1284; x_wconf 85' lang='grc' dir='ltr'><em>Θεοῦ</em></span> <span class='ocrx_word' id='word_1_296' title='bbox 3122 1233 3149 1284; x_wconf 88' lang='grc' dir='ltr'>ὁ</span> <span class='ocrx_word' id='word_1_297' title='bbox 3190 1233 3355 1294; x_wconf 78' lang='grc' dir='ltr'><em>αὐτὸς</em></span> <span class='ocrx_word' id='word_1_298' title='bbox 3391 1231 3496 1300; x_wconf 76' lang='grc' dir='ltr'><strong>ἔφη</strong></span> <span class='ocrx_word' id='word_1_299' title='bbox 3524 1247 3538 1260; x_wconf 76' lang='grc' dir='ltr'><strong>ο</strong></span> <span class='ocrx_word' id='word_1_300' title='bbox 3580 1228 3690 1283; x_wconf 79' lang='lat' dir='ltr'><strong>Kal</strong></span> 
     </span>
    </p>
   </div>
   <div class='ocr_carea' id='block_1_44' title="bbox 2118 1315 3685 1386">
    <p class='ocr_par' dir='ltr' id='par_1_44' title="bbox 2118 1315 3685 1386">
     <span class='ocr_line' id='line_1_44' title="bbox 2118 1315 3685 1386; baseline -0.003 -14"><span class='ocrx_word' id='word_1_301' title='bbox 2118 1318 2438 1386; x_wconf 74' lang='grc' dir='ltr'><strong>διαιρέσεις</strong></span> <span class='ocrx_word' id='word_1_302' title='bbox 2469 1315 2889 1385; x_wconf 74' lang='grc' dir='ltr'><strong>ἐνεργημάτων</strong></span> <span class='ocrx_word' id='word_1_303' title='bbox 2917 1317 3077 1370; x_wconf 80' lang='grc' dir='ltr'><em>είσίν</em></span> <span class='ocrx_word' id='word_1_304' title='bbox 3103 1333 3118 1349; x_wconf 80' lang='grc' dir='ltr'><strong><em>ο</em></strong></span> <span class='ocrx_word' id='word_1_305' title='bbox 3151 1318 3184 1369; x_wconf 89' lang='grc' dir='ltr'><strong>ό</strong></span> <span class='ocrx_word' id='word_1_306' title='bbox 3216 1315 3284 1368; x_wconf 79' lang='grc' dir='ltr'><strong>δὲ</strong></span> <span class='ocrx_word' id='word_1_307' title='bbox 3319 1317 3502 1381; x_wconf 80' lang='grc' dir='ltr'><em>αὐτὸς</em></span> <span class='ocrx_word' id='word_1_308' title='bbox 3525 1316 3685 1380; x_wconf 77' lang='grc' dir='ltr'><em>Θεὸς,</em></span> 
     </span>
    </p>
   </div>
   <div class='ocr_carea' id='block_1_45' title="bbox 2118 1398 3688 1470">
    <p class='ocr_par' dir='ltr' id='par_1_45' title="bbox 2118 1398 3688 1470">
     <span class='ocr_line' id='line_1_45' title="bbox 2118 1398 3688 1470; baseline -0.004 -15"><span class='ocrx_word' id='word_1_309' title='bbox 2118 1405 2151 1456; x_wconf 84' lang='grc' dir='ltr'><strong>ό</strong></span> <span class='ocrx_word' id='word_1_310' title='bbox 2181 1401 2441 1470; x_wconf 80' lang='grc' dir='ltr'><em>ἐνεργῶν</em></span> <span class='ocrx_word' id='word_1_311' title='bbox 2479 1405 2550 1454; x_wconf 82' lang='grc' dir='ltr'><strong>τὰ</strong></span> <span class='ocrx_word' id='word_1_312' title='bbox 2574 1400 2773 1454; x_wconf 75' lang='grc' dir='ltr'><em>πάντα</em></span> <span class='ocrx_word' id='word_1_313' title='bbox 2802 1400 2872 1453; x_wconf 87' lang='grc' dir='ltr'><em>ἐν</em></span> <span class='ocrx_word' id='word_1_314' title='bbox 2897 1398 3108 1454; x_wconf 80' lang='grc' dir='ltr'><em>πᾶσιν.</em></span> <span class='ocrx_word' id='word_1_315' title='bbox 3149 1399 3211 1452; x_wconf 85' lang='lat' dir='ltr'><strong>El</strong></span> <span class='ocrx_word' id='word_1_316' title='bbox 3237 1400 3294 1452; x_wconf 78' lang='grc' dir='ltr'>δὲ</span> <span class='ocrx_word' id='word_1_317' title='bbox 3325 1400 3504 1451; x_wconf 70' lang='grc' dir='ltr'><em>πάντα</em></span> <span class='ocrx_word' id='word_1_318' title='bbox 3535 1400 3688 1468; x_wconf 80' lang='grc' dir='ltr'><em>ἐνερ-</em></span> 
     </span>
    </p>
   </div>
   <div class='ocr_carea' id='block_1_46' title="bbox 2118 1484 3685 1554">
    <p class='ocr_par' dir='ltr' id='par_1_46' title="bbox 2118 1484 3685 1554">
     <span class='ocr_line' id='line_1_46' title="bbox 2118 1484 3685 1554; baseline -0.004 -14"><span class='ocrx_word' id='word_1_319' title='bbox 2118 1489 2205 1554; x_wconf 82' lang='grc' dir='ltr'><em>γεῖ</em></span> <span class='ocrx_word' id='word_1_320' title='bbox 2227 1489 2254 1540; x_wconf 86' lang='grc' dir='ltr'>ὁ</span> <span class='ocrx_word' id='word_1_321' title='bbox 2286 1485 2442 1550; x_wconf 82' lang='grc' dir='ltr'><em>Θεὸς,</em></span> <span class='ocrx_word' id='word_1_322' title='bbox 2485 1484 2670 1547; x_wconf 82' lang='grc' dir='ltr'><em>καθὼς</em></span> <span class='ocrx_word' id='word_1_323' title='bbox 2707 1484 2984 1554; x_wconf 84' lang='grc' dir='ltr'><em>βούλεται,</em></span> <span class='ocrx_word' id='word_1_324' title='bbox 3037 1484 3154 1546; x_wconf 83' lang='grc' dir='ltr'><em>πῶς</em></span> <span class='ocrx_word' id='word_1_325' title='bbox 3187 1485 3446 1552; x_wconf 75' lang='grc' dir='ltr'><strong>ἑτερότης</strong></span> <span class='ocrx_word' id='word_1_326' title='bbox 3477 1484 3685 1546; x_wconf 71' lang='grc' dir='ltr'><em>οὐσίας,</em></span> 
     </span>
    </p>
   </div>
   <div class='ocr_carea' id='block_1_47' title="bbox 2116 1566 3689 1638">
    <p class='ocr_par' dir='ltr' id='par_1_47' title="bbox 2116 1566 3689 1638">
     <span class='ocr_line' id='line_1_47' title="bbox 2116 1566 3689 1638; baseline -0.003 -16"><span class='ocrx_word' id='word_1_327' title='bbox 2116 1571 2245 1623; x_wconf 76' lang='grc' dir='ltr'><em>ἔνθα</em></span> <span class='ocrx_word' id='word_1_328' title='bbox 2270 1571 2539 1638; x_wconf 79' lang='grc' dir='ltr'><strong>ταυτότης</strong></span> <span class='ocrx_word' id='word_1_329' title='bbox 2567 1569 2849 1637; x_wconf 76' lang='grc' dir='ltr'><strong>ἐνεργείας</strong></span> <span class='ocrx_word' id='word_1_330' title='bbox 2887 1567 3221 1637; x_wconf 76' lang='grc' dir='ltr'><strong>γνωρίζεται</strong></span> <span class='ocrx_word' id='word_1_331' title='bbox 3247 1583 3262 1630; x_wconf 86' lang='grc'><strong>;</strong></span> <span class='ocrx_word' id='word_1_332' title='bbox 3287 1566 3689 1636; x_wconf 82' lang='grc' dir='ltr'><em>Παρηλλαγμέ-</em></span> 
     </span>
    </p>
   </div>
   <div class='ocr_carea' id='block_1_48' title="bbox 2118 1643 3687 1721">
    <p class='ocr_par' dir='ltr' id='par_1_48' title="bbox 2118 1643 3687 1721">
     <span class='ocr_line' id='line_1_48' title="bbox 2118 1643 3687 1721; baseline -0.001 -19"><span class='ocrx_word' id='word_1_333' title='bbox 2118 1669 2222 1704; x_wconf 88' lang='grc' dir='ltr'><strong>νων</strong></span> <span class='ocrx_word' id='word_1_334' title='bbox 2261 1651 2372 1721; x_wconf 82' lang='grc' dir='ltr'><em>γὰρ</em></span> <span class='ocrx_word' id='word_1_335' title='bbox 2398 1651 2504 1704; x_wconf 85' lang='grc' dir='ltr'><strong>τῶν</strong></span> <span class='ocrx_word' id='word_1_336' title='bbox 2535 1651 2754 1712; x_wconf 74' lang='grc' dir='ltr'><em>οὐσιῶν,</em></span> <span class='ocrx_word' id='word_1_337' title='bbox 2788 1648 3252 1718; x_wconf 80' lang='grc' dir='ltr'><strong>παρηλλαγμένας</strong></span> <span class='ocrx_word' id='word_1_338' title='bbox 3280 1643 3420 1698; x_wconf 84' lang='grc' dir='ltr'><em>εἶναι</em></span> <span class='ocrx_word' id='word_1_339' title='bbox 3452 1645 3560 1699; x_wconf 78' lang='grc' dir='ltr'><em>ἔδει</em></span> <span class='ocrx_word' id='word_1_340' title='bbox 3592 1647 3687 1700; x_wconf 73' lang='grc' dir='ltr'><strong>καὶ</strong></span> 
     </span>
    </p>
   </div>
   <div class='ocr_carea' id='block_1_49' title="bbox 2117 1727 3688 1802">
    <p class='ocr_par' dir='ltr' id='par_1_49' title="bbox 2117 1727 3688 1802">
     <span class='ocr_line' id='line_1_49' title="bbox 2117 1727 3688 1802; baseline -0.003 -17"><span class='ocrx_word' id='word_1_341' title='bbox 2117 1733 2212 1794; x_wconf 80' lang='grc' dir='ltr'><em>τὰς</em></span> <span class='ocrx_word' id='word_1_342' title='bbox 2248 1731 2536 1802; x_wconf 73' lang='grc' dir='ltr'><strong>ἐνεργείας</strong></span> <span class='ocrx_word' id='word_1_343' title='bbox 2562 1733 2704 1786; x_wconf 75' lang='grc' dir='ltr'><em>κατὰ</em></span> <span class='ocrx_word' id='word_1_344' title='bbox 2726 1732 2817 1785; x_wconf 77' lang='grc' dir='ltr'><em>τὸν</em></span> <span class='ocrx_word' id='word_1_345' title='bbox 2840 1729 3207 1782; x_wconf 77' lang='grc' dir='ltr'><em>ἀσεϐέστατον</em></span> <span class='ocrx_word' id='word_1_346' title='bbox 3249 1727 3536 1796; x_wconf 77' lang='grc' dir='ltr'><em>Εὐνόμιον.</em></span> <span class='ocrx_word' id='word_1_347' title='bbox 3573 1728 3688 1796; x_wconf 76' lang='grc' dir='ltr'><strong>Τὴν</strong></span> 
     </span>
    </p>
   </div>
   <div class='ocr_carea' id='block_1_50' title="bbox 2047 1810 3688 1884">
    <p class='ocr_par' dir='ltr' id='par_1_50' title="bbox 2047 1810 3688 1884">
     <span class='ocr_line' id='line_1_50' title="bbox 2047 1810 3688 1884; baseline -0.007 -11"><span class='ocrx_word' id='word_1_348' title='bbox 2047 1816 2172 1873; x_wconf 61' lang='lat' dir='ltr'><strong>nas</strong></span> <span class='ocrx_word' id='word_1_349' title='bbox 2248 1815 2418 1884; x_wconf 78' lang='grc' dir='ltr'><em>αὐτὴν</em></span> <span class='ocrx_word' id='word_1_350' title='bbox 2459 1815 2748 1871; x_wconf 76' lang='grc' dir='ltr'><em>αὑΟεντίαν</em></span> <span class='ocrx_word' id='word_1_351' title='bbox 2807 1815 2900 1867; x_wconf 73' lang='grc' dir='ltr'><strong>καὶ</strong></span> <span class='ocrx_word' id='word_1_352' title='bbox 2957 1811 3205 1878; x_wconf 75' lang='grc' dir='ltr'><strong>ἐξουσίαν</strong></span> <span class='ocrx_word' id='word_1_353' title='bbox 3258 1810 3554 1880; x_wconf 86' lang='grc' dir='ltr'><em>μαρτυρῶν</em></span> <span class='ocrx_word' id='word_1_354' title='bbox 3609 1810 3688 1879; x_wconf 81' lang='grc' dir='ltr'><strong>τῷ</strong></span> 
     </span>
    </p>
   </div>
   <div class='ocr_carea' id='block_1_51' title="bbox 2120 1894 3686 1968">
    <p class='ocr_par' dir='ltr' id='par_1_51' title="bbox 2120 1894 3686 1968">
     <span class='ocr_line' id='line_1_51' title="bbox 2120 1894 3686 1968; baseline -0.002 -18"><span class='ocrx_word' id='word_1_355' title='bbox 2120 1898 2402 1968; x_wconf 79' lang='grc' dir='ltr'><em>Πνεύματι</em></span> <span class='ocrx_word' id='word_1_356' title='bbox 2442 1902 2469 1953; x_wconf 83' lang='grc' dir='ltr'>ὁ</span> <span class='ocrx_word' id='word_1_357' title='bbox 2505 1899 2717 1968; x_wconf 83' lang='grc' dir='ltr'><em>Σωτὴρ,</em></span> <span class='ocrx_word' id='word_1_358' title='bbox 2754 1897 2823 1950; x_wconf 86' lang='grc' dir='ltr'><strong>Τὸ</strong></span> <span class='ocrx_word' id='word_1_359' title='bbox 2859 1897 3124 1965; x_wconf 81' lang='grc' dir='ltr'><em>Πνεῦμα,</em></span> <span class='ocrx_word' id='word_1_360' title='bbox 3173 1895 3301 1967; x_wconf 75' lang='grc' dir='ltr'><em>ἔφη,</em></span> <span class='ocrx_word' id='word_1_361' title='bbox 3337 1895 3491 1949; x_wconf 81' lang='grc' dir='ltr'><strong>ὅπου</strong></span> <span class='ocrx_word' id='word_1_362' title='bbox 3526 1894 3686 1948; x_wconf 69' lang='grc' dir='ltr'><em>θέλει</em></span> 
     </span>
    </p>
   </div>
   <div class='ocr_carea' id='block_1_52' title="bbox 2119 1989 2274 2040">
    <p class='ocr_par' dir='ltr' id='par_1_52' title="bbox 2119 1989 2274 2040">
     <span class='ocr_line' id='line_1_52' title="bbox 2119 1989 2274 2040; baseline 0.006 -1"><span class='ocrx_word' id='word_1_363' title='bbox 2119 1989 2274 2040; x_wconf 78' lang='grc' dir='ltr'><em>πνεῖ.</em></span> 
     </span>
    </p>
   </div>
   <div class='ocr_carea' id='block_1_53' title="bbox 2669 2056 3151 2111">
    <p class='ocr_par' dir='ltr' id='par_1_53' title="bbox 2669 2056 3151 2111">
     <span class='ocr_line' id='line_1_53' title="bbox 2669 2056 3151 2111; baseline 0.006 -3"><span class='ocrx_word' id='word_1_364' title='bbox 2669 2057 2751 2109; x_wconf 65' lang='lat' dir='ltr'><strong>Eae</strong></span> <span class='ocrx_word' id='word_1_365' title='bbox 2787 2056 2891 2110; x_wconf 87' lang='grc' dir='ltr'><strong>τοῦ</strong></span> <span class='ocrx_word' id='word_1_366' title='bbox 2943 2056 3151 2111; x_wconf 80' lang='grc' dir='ltr'><em>αὐτοῦ.</em></span> 
     </span>
    </p>
   </div>
   <div class='ocr_carea' id='block_1_54' title="bbox 2193 2146 3680 2218">
    <p class='ocr_par' dir='ltr' id='par_1_54' title="bbox 2193 2146 3680 2218">
     <span class='ocr_line' id='line_1_54' title="bbox 2193 2146 3680 2218; baseline -0.003 -17"><span class='ocrx_word' id='word_1_367' title='bbox 2193 2150 2354 2202; x_wconf 84' lang='grc' dir='ltr'><em>Ἴδιον</em></span> <span class='ocrx_word' id='word_1_368' title='bbox 2403 2147 2540 2201; x_wconf 85' lang='grc' dir='ltr'><em>Θεοῦ</em></span> <span class='ocrx_word' id='word_1_369' title='bbox 2573 2150 2793 2217; x_wconf 78' lang='grc' dir='ltr'><em>ἀφιέναι</em></span> <span class='ocrx_word' id='word_1_370' title='bbox 2834 2150 3134 2218; x_wconf 85' lang='grc' dir='ltr'><em>ἁμαρτίας,</em></span> <span class='ocrx_word' id='word_1_371' title='bbox 3167 2147 3336 2201; x_wconf 81' lang='grc' dir='ltr'><em>αὑτοῦ</em></span> <span class='ocrx_word' id='word_1_372' title='bbox 3385 2146 3636 2212; x_wconf 78' lang='grc' dir='ltr'><em>λέγοντος</em></span> <span class='ocrx_word' id='word_1_373' title='bbox 3667 2159 3680 2174; x_wconf 84' lang='grc'><strong><em>⁸</em></strong></span> 
     </span>
    </p>
   </div>
   <div class='ocr_carea' id='block_1_55' title="bbox 2132 2229 3682 2303">
    <p class='ocr_par' dir='ltr' id='par_1_55' title="bbox 2132 2229 3682 2303">
     <span class='ocr_line' id='line_1_55' title="bbox 2132 2229 3682 2303; baseline -0.003 -17"><span class='ocrx_word' id='word_1_374' title='bbox 2132 2233 2276 2301; x_wconf 79' lang='grc' dir='ltr'><em>Ἐγώ</em></span> <span class='ocrx_word' id='word_1_375' title='bbox 2305 2237 2422 2303; x_wconf 83' lang='grc' dir='ltr'><em>εἰμι</em></span> <span class='ocrx_word' id='word_1_376' title='bbox 2460 2237 2490 2286; x_wconf 87' lang='grc' dir='ltr'><strong>ό</strong></span> <span class='ocrx_word' id='word_1_377' title='bbox 2527 2233 2864 2301; x_wconf 71' lang='grc' dir='ltr'><em>ἐξαλειἐςων</em></span> <span class='ocrx_word' id='word_1_378' title='bbox 2893 2234 2999 2297; x_wconf 78' lang='grc' dir='ltr'><strong>τὰς</strong></span> <span class='ocrx_word' id='word_1_379' title='bbox 3040 2233 3330 2300; x_wconf 77' lang='grc' dir='ltr'><em>ἁμαρτίας</em></span> <span class='ocrx_word' id='word_1_380' title='bbox 3365 2245 3505 2294; x_wconf 80' lang='grc' dir='ltr'><em>σου,</em></span> <span class='ocrx_word' id='word_1_381' title='bbox 3546 2229 3641 2282; x_wconf 85' lang='grc' dir='ltr'><em>καί</em></span> <span class='ocrx_word' id='word_1_382' title='bbox 3665 2245 3682 2261; x_wconf 77' lang='grc' dir='ltr'><strong><em>ο</em></strong></span> 
     </span>
    </p>
   </div>
   <div class='ocr_carea' id='block_1_56' title="bbox 2130 2311 3684 2385">
    <p class='ocr_par' dir='ltr' id='par_1_56' title="bbox 2130 2311 3684 2385">
     <span class='ocr_line' id='line_1_56' title="bbox 2130 2311 3684 2385; baseline -0.003 -15"><span class='ocrx_word' id='word_1_383' title='bbox 2130 2318 2272 2370; x_wconf 84' lang='grc' dir='ltr'><em>Ἐὰν</em></span> <span class='ocrx_word' id='word_1_384' title='bbox 2297 2311 2448 2370; x_wconf 83' lang='grc' dir='ltr'><em>ὦσιν</em></span> <span class='ocrx_word' id='word_1_385' title='bbox 2495 2321 2552 2371; x_wconf 82' lang='lat' dir='ltr'><strong>al</strong></span> <span class='ocrx_word' id='word_1_386' title='bbox 2593 2319 2866 2385; x_wconf 77' lang='grc' dir='ltr'><em>ἁμαρτίαι</em></span> <span class='ocrx_word' id='word_1_387' title='bbox 2908 2315 3073 2383; x_wconf 83' lang='grc' dir='ltr'><em>ὑμῶν</em></span> <span class='ocrx_word' id='word_1_388' title='bbox 3109 2316 3189 2380; x_wconf 84' lang='grc' dir='ltr'><em>ὡς</em></span> <span class='ocrx_word' id='word_1_389' title='bbox 3219 2314 3554 2384; x_wconf 64' lang='grc' dir='ltr'><em>φοινικοῦν,</em></span> <span class='ocrx_word' id='word_1_390' title='bbox 3604 2313 3684 2377; x_wconf 85' lang='grc' dir='ltr'><em>ὡς</em></span> 
     </span>
    </p>
   </div>
   <div class='ocr_carea' id='block_1_57' title="bbox 2117 2394 3688 2468">
    <p class='ocr_par' dir='ltr' id='par_1_57' title="bbox 2117 2394 3688 2468">
     <span class='ocr_line' id='line_1_57' title="bbox 2117 2394 3688 2468; baseline -0.002 -16"><span class='ocrx_word' id='word_1_391' title='bbox 2117 2404 2292 2468; x_wconf 81' lang='grc' dir='ltr'><em>χιόνα</em></span> <span class='ocrx_word' id='word_1_392' title='bbox 2337 2399 2634 2462; x_wconf 79' lang='grc' dir='ltr'><em>λευκανῶ,</em></span> <span class='ocrx_word' id='word_1_393' title='bbox 2698 2401 2806 2453; x_wconf 78' lang='grc' dir='ltr'><em>ἐὰν</em></span> <span class='ocrx_word' id='word_1_394' title='bbox 2846 2399 2912 2451; x_wconf 81' lang='grc' dir='ltr'><em>δὲ</em></span> <span class='ocrx_word' id='word_1_395' title='bbox 2947 2394 3098 2452; x_wconf 85' lang='grc' dir='ltr'><em>ὦσιν</em></span> <span class='ocrx_word' id='word_1_396' title='bbox 3139 2399 3219 2464; x_wconf 85' lang='grc' dir='ltr'><em>ὡς</em></span> <span class='ocrx_word' id='word_1_397' title='bbox 3257 2398 3560 2461; x_wconf 83' lang='grc' dir='ltr'><em>κόκκινον,</em></span> <span class='ocrx_word' id='word_1_398' title='bbox 3604 2397 3688 2460; x_wconf 86' lang='grc' dir='ltr'><em>ὡς</em></span> 
     </span>
    </p>
   </div>
   <div class='ocr_carea' id='block_1_58' title="bbox 2117 2479 3686 2550">
    <p class='ocr_par' dir='ltr' id='par_1_58' title="bbox 2117 2479 3686 2550">
     <span class='ocr_line' id='line_1_58' title="bbox 2117 2479 3686 2550; baseline -0.003 -16"><span class='ocrx_word' id='word_1_399' title='bbox 2117 2484 2280 2550; x_wconf 74' lang='grc' dir='ltr'><em>ἔριον</em></span> <span class='ocrx_word' id='word_1_400' title='bbox 2309 2483 2608 2536; x_wconf 73' lang='grc' dir='ltr'><em>λευκανῶ.</em></span> <span class='ocrx_word' id='word_1_401' title='bbox 2645 2482 2704 2533; x_wconf 87' lang='grc' dir='ltr'>Ὀ</span> <span class='ocrx_word' id='word_1_402' title='bbox 2735 2483 2791 2534; x_wconf 79' lang='grc' dir='ltr'><strong>δὲ</strong></span> <span class='ocrx_word' id='word_1_403' title='bbox 2838 2481 3039 2550; x_wconf 72' lang='grc' dir='ltr'><em>Κύριος</em></span> <span class='ocrx_word' id='word_1_404' title='bbox 3079 2481 3341 2549; x_wconf 69' lang='grc' dir='ltr'><em>ἐμφυσῶν</em></span> <span class='ocrx_word' id='word_1_405' title='bbox 3390 2482 3503 2542; x_wconf 78' lang='grc' dir='ltr'><em>τοῖς</em></span> <span class='ocrx_word' id='word_1_406' title='bbox 3545 2479 3686 2532; x_wconf 84' lang='grc' dir='ltr'><strong>ἀπο-</strong></span> 
     </span>
    </p>
   </div>
   <div class='ocr_carea' id='block_1_59' title="bbox 2119 2565 3687 2635">
    <p class='ocr_par' dir='ltr' id='par_1_59' title="bbox 2119 2565 3687 2635">
     <span class='ocr_line' id='line_1_59' title="bbox 2119 2565 3687 2635; baseline -0.003 -15"><span class='ocrx_word' id='word_1_407' title='bbox 2119 2569 2325 2630; x_wconf 80' lang='grc' dir='ltr'><em>στόλοις</em></span> <span class='ocrx_word' id='word_1_408' title='bbox 2365 2567 2467 2635; x_wconf 75' lang='grc' dir='ltr'><strong>ἔφη</strong></span> <span class='ocrx_word' id='word_1_409' title='bbox 2501 2584 2516 2598; x_wconf 88' lang='grc'><strong>·</strong></span> <span class='ocrx_word' id='word_1_410' title='bbox 2562 2567 2784 2620; x_wconf 74' lang='grc' dir='ltr'><strong>Λάϐετε</strong></span> <span class='ocrx_word' id='word_1_411' title='bbox 2844 2565 3084 2632; x_wconf 83' lang='grc' dir='ltr'><em>Πνεῦμα</em></span> <span class='ocrx_word' id='word_1_412' title='bbox 3117 2565 3308 2633; x_wconf 82' lang='grc' dir='ltr'><em>ἅγιον.</em></span> <span class='ocrx_word' id='word_1_413' title='bbox 3342 2565 3444 2616; x_wconf 81' lang='grc' dir='ltr'><em>Ἂν</em></span> <span class='ocrx_word' id='word_1_414' title='bbox 3503 2576 3687 2616; x_wconf 87' lang='grc' dir='ltr'><em>τινων</em></span> 
     </span>
    </p>
   </div>
   <div class='ocr_carea' id='block_1_60' title="bbox 2116 2649 3686 2720">
    <p class='ocr_par' dir='ltr' id='par_1_60' title="bbox 2116 2649 3686 2720">
     <span class='ocr_line' id='line_1_60' title="bbox 2116 2649 3686 2720; baseline -0.003 -15"><span class='ocrx_word' id='word_1_415' title='bbox 2116 2653 2307 2720; x_wconf 60' lang='grc' dir='ltr'><em>ἀφῆτε</em></span> <span class='ocrx_word' id='word_1_416' title='bbox 2342 2649 2446 2716; x_wconf 87' lang='grc' dir='ltr'><em>τὰς</em></span> <span class='ocrx_word' id='word_1_417' title='bbox 2477 2651 2782 2718; x_wconf 84' lang='grc' dir='ltr'><em>ἁμαρτίας,</em></span> <span class='ocrx_word' id='word_1_418' title='bbox 2819 2650 3090 2717; x_wconf 63' lang='grc' dir='ltr'><em>ἀφίενται</em></span> <span class='ocrx_word' id='word_1_419' title='bbox 3126 2649 3351 2714; x_wconf 84' lang='grc' dir='ltr'><em>αὐτοῖς.</em></span> <span class='ocrx_word' id='word_1_420' title='bbox 3384 2651 3444 2701; x_wconf 86' lang='grc' dir='ltr'><em>Εί</em></span> <span class='ocrx_word' id='word_1_421' title='bbox 3503 2650 3686 2700; x_wconf 77' lang='grc' dir='ltr'><em>τοίνυν</em></span> 
     </span>
    </p>
   </div>
   <div class='ocr_carea' id='block_1_61' title="bbox 2115 2733 3681 2802">
    <p class='ocr_par' dir='ltr' id='par_1_61' title="bbox 2115 2733 3681 2802">
     <span class='ocr_line' id='line_1_61' title="bbox 2115 2733 3681 2802; baseline -0.003 -14"><span class='ocrx_word' id='word_1_422' title='bbox 2115 2734 2328 2796; x_wconf 72' lang='grc' dir='ltr'><em>οὐδενός</em></span> <span class='ocrx_word' id='word_1_423' title='bbox 2351 2735 2501 2785; x_wconf 75' lang='grc' dir='ltr'><em>ἐστιν</em></span> <span class='ocrx_word' id='word_1_424' title='bbox 2549 2734 2772 2800; x_wconf 59' lang='grc' dir='ltr'><em>ἀφιέναι</em></span> <span class='ocrx_word' id='word_1_425' title='bbox 2820 2733 3121 2802; x_wconf 79' lang='grc' dir='ltr'><em>ἁμαρτίας,</em></span> <span class='ocrx_word' id='word_1_426' title='bbox 3179 2734 3369 2799; x_wconf 82' lang='grc' dir='ltr'><em>ὥσπερ</em></span> <span class='ocrx_word' id='word_1_427' title='bbox 3401 2734 3500 2785; x_wconf 85' lang='grc' dir='ltr'><strong>οὐκ</strong></span> <span class='ocrx_word' id='word_1_428' title='bbox 3531 2734 3681 2785; x_wconf 75' lang='grc' dir='ltr'><em>ἔστιν</em></span> 
     </span>
    </p>
   </div>
   <div class='ocr_carea' id='block_1_62' title="bbox 2116 2815 3681 2886">
    <p class='ocr_par' dir='ltr' id='par_1_62' title="bbox 2116 2815 3681 2886">
     <span class='ocr_line' id='line_1_62' title="bbox 2116 2815 3681 2886; baseline -0.002 -14"><span class='ocrx_word' id='word_1_429' title='bbox 2116 2821 2164 2872; x_wconf 73' lang='grc' dir='ltr'><em>εἰ</em></span> <span class='ocrx_word' id='word_1_430' title='bbox 2223 2818 2297 2886; x_wconf 81' lang='grc' dir='ltr'><em>μὴ</em></span> <span class='ocrx_word' id='word_1_431' title='bbox 2337 2816 2502 2886; x_wconf 81' lang='grc' dir='ltr'><em>μόνου</em></span> <span class='ocrx_word' id='word_1_432' title='bbox 2544 2816 2700 2879; x_wconf 80' lang='grc' dir='ltr'><em>Θεοῦ,</em></span> <span class='ocrx_word' id='word_1_433' title='bbox 2737 2817 2928 2884; x_wconf 76' lang='grc' dir='ltr'><em>ἀφίησι</em></span> <span class='ocrx_word' id='word_1_434' title='bbox 2963 2815 3020 2866; x_wconf 84' lang='grc' dir='ltr'><strong>δὲ</strong></span> <span class='ocrx_word' id='word_1_435' title='bbox 3062 2817 3122 2868; x_wconf 84' lang='grc' dir='ltr'><strong>τὺ</strong></span> <span class='ocrx_word' id='word_1_436' title='bbox 3155 2815 3377 2884; x_wconf 79' lang='grc' dir='ltr'><em>Πνεῦμα</em></span> <span class='ocrx_word' id='word_1_437' title='bbox 3427 2818 3486 2868; x_wconf 78' lang='grc' dir='ltr'><strong>τὸ</strong></span> <span class='ocrx_word' id='word_1_438' title='bbox 3521 2816 3681 2883; x_wconf 72' lang='grc' dir='ltr'><em>ἅγιον</em></span> 
     </span>
    </p>
   </div>
   <div class='ocr_carea' id='block_1_63' title="bbox 2114 2901 3680 2971">
    <p class='ocr_par' dir='ltr' id='par_1_63' title="bbox 2114 2901 3680 2971">
     <span class='ocr_line' id='line_1_63' title="bbox 2114 2901 3680 2971; baseline -0.003 -14"><span class='ocrx_word' id='word_1_439' title='bbox 2114 2903 2202 2957; x_wconf 77' lang='grc' dir='ltr'><strong>διὰ</strong></span> <span class='ocrx_word' id='word_1_440' title='bbox 2245 2905 2356 2954; x_wconf 86' lang='grc' dir='ltr'><strong>τῶν</strong></span> <span class='ocrx_word' id='word_1_441' title='bbox 2384 2902 2721 2960; x_wconf 84' lang='grc' dir='ltr'><em>ἀποστόλων,</em></span> <span class='ocrx_word' id='word_1_442' title='bbox 2759 2901 2888 2964; x_wconf 74' lang='grc' dir='ltr'><em>Θεὸς</em></span> <span class='ocrx_word' id='word_1_443' title='bbox 2917 2901 3023 2971; x_wconf 83' lang='grc' dir='ltr'><em>ἄρα</em></span> <span class='ocrx_word' id='word_1_444' title='bbox 3051 2902 3112 2954; x_wconf 76' lang='grc' dir='ltr'><strong>τὸ</strong></span> <span class='ocrx_word' id='word_1_445' title='bbox 3141 2902 3368 2971; x_wconf 81' lang='grc' dir='ltr'><em>Πνεῦμα</em></span> <span class='ocrx_word' id='word_1_446' title='bbox 3400 2902 3461 2954; x_wconf 82' lang='grc' dir='ltr'><strong>τὸ</strong></span> <span class='ocrx_word' id='word_1_447' title='bbox 3502 2902 3680 2968; x_wconf 71' lang='grc' dir='ltr'><em>ἅγιον,</em></span> 
     </span>
    </p>
   </div>
   <div class='ocr_carea' id='block_1_64' title="bbox 2117 2983 3572 3055">
    <p class='ocr_par' dir='ltr' id='par_1_64' title="bbox 2117 2983 3572 3055">
     <span class='ocr_line' id='line_1_64' title="bbox 2117 2983 3572 3055; baseline 0 -16"><span class='ocrx_word' id='word_1_448' title='bbox 2117 2987 2205 3039; x_wconf 70' lang='grc' dir='ltr'><strong>καὶ</strong></span> <span class='ocrx_word' id='word_1_449' title='bbox 2236 2987 2330 3054; x_wconf 83' lang='grc' dir='ltr'><em>τῆς</em></span> <span class='ocrx_word' id='word_1_450' title='bbox 2369 2985 2538 3052; x_wconf 79' lang='grc' dir='ltr'><em>αὐτῆς</em></span> <span class='ocrx_word' id='word_1_451' title='bbox 2574 2984 2854 3054; x_wconf 77' lang='grc' dir='ltr'><em>ἐνεργείας</em></span> <span class='ocrx_word' id='word_1_452' title='bbox 2883 2983 2958 3052; x_wconf 81' lang='grc' dir='ltr'><strong>τῷ</strong></span> <span class='ocrx_word' id='word_1_453' title='bbox 2995 2985 3166 3053; x_wconf 70' lang='lat' dir='ltr'><strong>[lath</strong></span> <span class='ocrx_word' id='word_1_454' title='bbox 3201 2987 3294 3037; x_wconf 74' lang='grc' dir='ltr'><strong>καὶ</strong></span> <span class='ocrx_word' id='word_1_455' title='bbox 3331 2985 3408 3054; x_wconf 80' lang='grc' dir='ltr'><strong>τῷ</strong></span> <span class='ocrx_word' id='word_1_456' title='bbox 3441 2985 3572 3055; x_wconf 85' lang='grc' dir='ltr'><strong>Υίῷ.</strong></span> 
     </span>
    </p>
   </div>
   <div class='ocr_carea' id='block_1_65' title="bbox 2666 3073 3133 3127">
    <p class='ocr_par' dir='ltr' id='par_1_65' title="bbox 2666 3073 3133 3127">
     <span class='ocr_line' id='line_1_65' title="bbox 2666 3073 3133 3127; baseline -0.002 0"><span class='ocrx_word' id='word_1_457' title='bbox 2666 3075 2766 3127; x_wconf 75' lang='grc' dir='ltr'><strong>Ἐκ</strong></span> <span class='ocrx_word' id='word_1_458' title='bbox 2791 3073 2895 3127; x_wconf 89' lang='grc' dir='ltr'><strong>τοῦ</strong></span> <span class='ocrx_word' id='word_1_459' title='bbox 2923 3073 3133 3126; x_wconf 79' lang='grc' dir='ltr'><em>αὐτοῦ.</em></span> 
     </span>
    </p>
   </div>
   <div class='ocr_carea' id='block_1_66' title="bbox 526 3151 2009 3238">
    <p class='ocr_par' dir='ltr' id='par_1_66' title="bbox 526 3151 2003 3238">
     <span class='ocr_line' id='line_1_66' title="bbox 526 3151 2003 3238; baseline 0.016 -37"><span class='ocrx_word' id='word_1_460' title='bbox 526 3151 666 3206; x_wconf 82' lang='lat' dir='ltr'><strong>Vade</strong></span> <span class='ocrx_word' id='word_1_461' title='bbox 716 3153 1052 3223; x_wconf 87' lang='lat' dir='ltr'><strong>Damascum,</strong></span> <span class='ocrx_word' id='word_1_462' title='bbox 1085 3171 1132 3213; x_wconf 86' lang='lat' dir='ltr'><strong>et</strong></span> <span class='ocrx_word' id='word_1_463' title='bbox 1190 3164 1264 3216; x_wconf 86' lang='lat' dir='ltr'><strong>ibi</strong></span> <span class='ocrx_word' id='word_1_464' title='bbox 1324 3166 1528 3218; x_wconf 77' lang='lat' dir='ltr'><strong>dicetur</strong></span> <span class='ocrx_word' id='word_1_465' title='bbox 1577 3170 1694 3226; x_wconf 87' lang='lat' dir='ltr'><strong>tibi.</strong></span> <span class='ocrx_word' id='word_1_466' title='bbox 1757 3173 2003 3238; x_wconf 82' lang='lat' dir='ltr'><strong>quoniam</strong></span> 
     </span>
    </p>
   </div>
   <div class='ocr_carea' id='block_1_67' title="bbox 2113 3151 3681 3238">
    <p class='ocr_par' dir='ltr' id='par_1_67' title="bbox 2181 3167 3681 3236">
     <span class='ocr_line' id='line_1_67' title="bbox 2181 3167 3681 3236; baseline 0.001 -14"><span class='ocrx_word' id='word_1_467' title='bbox 2181 3169 2450 3235; x_wconf 78' lang='grc' dir='ltr'><em>Πορεύου</em></span> <span class='ocrx_word' id='word_1_468' title='bbox 2483 3171 2570 3232; x_wconf 78' lang='grc' dir='ltr'><strong>είς</strong></span> <span class='ocrx_word' id='word_1_469' title='bbox 2596 3167 2950 3234; x_wconf 82' lang='grc' dir='ltr'><em>Δαμασκὸν,</em></span> <span class='ocrx_word' id='word_1_470' title='bbox 2983 3167 3160 3221; x_wconf 81' lang='grc' dir='ltr'><em>κάκεῖ</em></span> <span class='ocrx_word' id='word_1_471' title='bbox 3198 3183 3298 3221; x_wconf 83' lang='grc' dir='ltr'><strong>σοι</strong></span> <span class='ocrx_word' id='word_1_472' title='bbox 3331 3168 3681 3236; x_wconf 72' lang='grc' dir='ltr'><em>λαληθήσε-</em></span> 
     </span>
    </p>
   </div>
   <div class='ocr_carea' id='block_1_68' title="bbox 439 3236 2008 3319">
    <p class='ocr_par' dir='ltr' id='par_1_68' title="bbox 439 3236 2008 3319">
     <span class='ocr_line' id='line_1_68' title="bbox 439 3236 2008 3319; baseline 0.016 -36"><span class='ocrx_word' id='word_1_473' title='bbox 439 3250 529 3285; x_wconf 81' lang='lat' dir='ltr'><strong>oas</strong></span> <span class='ocrx_word' id='word_1_474' title='bbox 562 3236 826 3291; x_wconf 75' lang='lat' dir='ltr'><strong>electionis</strong></span> <span class='ocrx_word' id='word_1_475' title='bbox 857 3242 984 3292; x_wconf 87' lang='lat' dir='ltr'><strong>utihi</strong></span> <span class='ocrx_word' id='word_1_476' title='bbox 1008 3260 1058 3295; x_wconf 86' lang='lat' dir='ltr'><strong>cs</strong></span> <span class='ocrx_word' id='word_1_477' title='bbox 1093 3246 1133 3296; x_wconf 90' lang='grc'><strong>⁷.</strong></span> <span class='ocrx_word' id='word_1_478' title='bbox 1168 3243 1428 3301; x_wconf 85' lang='lat' dir='ltr'><strong>Dominus</strong></span> <span class='ocrx_word' id='word_1_479' title='bbox 1479 3249 1641 3319; x_wconf 81' lang='lat' dir='ltr'><strong>igitur</strong></span> <span class='ocrx_word' id='word_1_480' title='bbox 1673 3236 1836 3307; x_wconf 84' lang='lat' dir='ltr'><strong>Paulo</strong></span> <span class='ocrx_word' id='word_1_481' title='bbox 1885 3271 2008 3309; x_wconf 86' lang='lat' dir='ltr'><strong>cum</strong></span> 
     </span>
    </p>
   </div>
   <div class='ocr_carea' id='block_1_69' title="bbox 440 3321 2005 3391">
    <p class='ocr_par' dir='ltr' id='par_1_69' title="bbox 440 3321 2005 3391">
     <span class='ocr_line' id='line_1_69' title="bbox 440 3321 2005 3391; baseline 0.016 -25"><span class='ocrx_word' id='word_1_482' title='bbox 440 3321 819 3385; x_wconf 78' lang='lat' dir='ltr'><strong>apparuisset,</strong></span> <span class='ocrx_word' id='word_1_483' title='bbox 879 3324 1090 3379; x_wconf 92' lang='lat' dir='ltr'><strong>locutus</strong></span> <span class='ocrx_word' id='word_1_484' title='bbox 1141 3338 1242 3382; x_wconf 90' lang='lat' dir='ltr'><strong>est.</strong></span> <span class='ocrx_word' id='word_1_485' title='bbox 1309 3330 1376 3383; x_wconf 83' lang='lat' dir='ltr'><strong>At</strong></span> <span class='ocrx_word' id='word_1_486' title='bbox 1433 3333 1607 3387; x_wconf 77' lang='lat' dir='ltr'><strong>eidem</strong></span> <span class='ocrx_word' id='word_1_487' title='bbox 1687 3337 2005 3391; x_wconf 82' lang='lat' dir='ltr'><strong>Damascum</strong></span> 
     </span>
    </p>
   </div>
   <div class='ocr_carea' id='block_1_70' title="bbox 445 3401 2010 3486">
    <p class='ocr_par' dir='ltr' id='par_1_70' title="bbox 445 3401 2010 3486">
     <span class='ocr_line' id='line_1_70' title="bbox 445 3401 2010 3486; baseline 0.017 -38"><span class='ocrx_word' id='word_1_488' title='bbox 445 3401 690 3466; x_wconf 85' lang='lat' dir='ltr'><strong>ingresso</strong></span> <span class='ocrx_word' id='word_1_489' title='bbox 723 3407 962 3460; x_wconf 83' lang='lat' dir='ltr'><strong>Auanias</strong></span> <span class='ocrx_word' id='word_1_490' title='bbox 1023 3411 1099 3463; x_wconf 85' lang='lat' dir='ltr'><strong>ait</strong></span> <span class='ocrx_word' id='word_1_491' title='bbox 1137 3428 1150 3463; x_wconf 90' lang='lat'>:</span> <span class='ocrx_word' id='word_1_492' title='bbox 1187 3411 1347 3465; x_wconf 86' lang='lat' dir='ltr'><strong>Saule</strong></span> <span class='ocrx_word' id='word_1_493' title='bbox 1381 3415 1570 3481; x_wconf 79' lang='lat' dir='ltr'><strong>frater,</strong></span> <span class='ocrx_word' id='word_1_494' title='bbox 1601 3419 1817 3486; x_wconf 78' lang='lat' dir='ltr'><strong>respice,</strong></span> <span class='ocrx_word' id='word_1_495' title='bbox 1872 3421 2010 3475; x_wconf 84' lang='lat' dir='ltr'><strong>Deus</strong></span> 
     </span>
    </p>
   </div>
   <div class='ocr_carea' id='block_1_71' title="bbox 440 3488 2010 3557">
    <p class='ocr_par' dir='ltr' id='par_1_71' title="bbox 440 3488 2010 3557">
     <span class='ocr_line' id='line_1_71' title="bbox 440 3488 2010 3557; baseline 0.015 -24"><span class='ocrx_word' id='word_1_496' title='bbox 440 3491 654 3550; x_wconf 85' lang='lat' dir='ltr'><strong>patrum</strong></span> <span class='ocrx_word' id='word_1_497' title='bbox 695 3488 849 3557; x_wconf 82' lang='lat' dir='ltr'><strong>elegit</strong></span> <span class='ocrx_word' id='word_1_498' title='bbox 873 3500 921 3544; x_wconf 89' lang='lat' dir='ltr'><strong>te</strong></span> <span class='ocrx_word' id='word_1_499' title='bbox 951 3493 995 3546; x_wconf 84' lang='grc'><em>⁸.</em></span> <span class='ocrx_word' id='word_1_500' title='bbox 1055 3495 1131 3548; x_wconf 85' lang='lat' dir='ltr'><strong>Ac</strong></span> <span class='ocrx_word' id='word_1_501' title='bbox 1172 3511 1238 3549; x_wconf 92' lang='lat' dir='ltr'><strong>ne</strong></span> <span class='ocrx_word' id='word_1_502' title='bbox 1280 3513 1379 3550; x_wconf 74' lang='lat' dir='ltr'><strong>vox</strong></span> <span class='ocrx_word' id='word_1_503' title='bbox 1415 3498 1502 3552; x_wconf 89' lang='lat' dir='ltr'><strong>illa</strong></span> <span class='ocrx_word' id='word_1_504' title='bbox 1538 3503 1677 3555; x_wconf 89' lang='lat' dir='ltr'><strong>Deus</strong></span> <span class='ocrx_word' id='word_1_505' title='bbox 1703 3504 1768 3557; x_wconf 90' lang='lat' dir='ltr'><strong>de</strong></span> <span class='ocrx_word' id='word_1_506' title='bbox 1792 3503 2010 3557; x_wconf 72' lang='lat' dir='ltr'><strong>Christo</strong></span> 
     </span>
    </p>
   </div>
   <div class='ocr_carea' id='block_1_72' title="bbox 442 3569 2008 3657">
    <p class='ocr_par' dir='ltr' id='par_1_72' title="bbox 442 3569 2008 3657">
     <span class='ocr_line' id='line_1_72' title="bbox 442 3569 2008 3657; baseline 0.013 -38"><span class='ocrx_word' id='word_1_507' title='bbox 442 3569 788 3640; x_wconf 79' lang='lat' dir='ltr'><strong>intelligatur,</strong></span> <span class='ocrx_word' id='word_1_508' title='bbox 827 3576 1046 3643; x_wconf 88' lang='lat' dir='ltr'><strong>subjicit</strong></span> <span class='ocrx_word' id='word_1_509' title='bbox 1073 3593 1085 3628; x_wconf 94' lang='lat'><em>:</em></span> <span class='ocrx_word' id='word_1_510' title='bbox 1131 3577 1194 3631; x_wconf 87' lang='lat' dir='ltr'><strong>Ut</strong></span> <span class='ocrx_word' id='word_1_511' title='bbox 1225 3581 1398 3648; x_wconf 82' lang='lat' dir='ltr'><strong>facias</strong></span> <span class='ocrx_word' id='word_1_512' title='bbox 1445 3585 1763 3640; x_wconf 79' lang='lat' dir='ltr'><strong>voltmtatem</strong></span> <span class='ocrx_word' id='word_1_513' title='bbox 1794 3587 1927 3657; x_wconf 89' lang='lat' dir='ltr'><strong>ejus,</strong></span> <span class='ocrx_word' id='word_1_514' title='bbox 1959 3599 2008 3642; x_wconf 88' lang='lat' dir='ltr'><strong>et</strong></span> 
     </span>
    </p>
   </div>
   <div class='ocr_carea' id='block_1_73' title="bbox 439 3659 2011 3736">
    <p class='ocr_par' dir='ltr' id='par_1_73' title="bbox 439 3659 2011 3736">
     <span class='ocr_line' id='line_1_73' title="bbox 439 3659 2011 3736; baseline 0.014 -31"><span class='ocrx_word' id='word_1_515' title='bbox 439 3669 723 3722; x_wconf 80' lang='lat' dir='ltr'><strong>cognoscas</strong></span> <span class='ocrx_word' id='word_1_516' title='bbox 763 3659 967 3725; x_wconf 84' lang='lat' dir='ltr'><strong>justum</strong></span> <span class='ocrx_word' id='word_1_517' title='bbox 1017 3662 1179 3730; x_wconf 86' lang='lat' dir='ltr'><strong>ipsius</strong></span> <span class='ocrx_word' id='word_1_518' title='bbox 1229 3663 1431 3720; x_wconf 77' lang='lat' dir='ltr'><strong>Iesum.</strong></span> <span class='ocrx_word' id='word_1_519' title='bbox 1467 3666 1584 3736; x_wconf 85' lang='lat' dir='ltr'><strong>Ipse</strong></span> <span class='ocrx_word' id='word_1_520' title='bbox 1618 3685 1743 3726; x_wconf 87' lang='lat' dir='ltr'><strong>vere</strong></span> <span class='ocrx_word' id='word_1_521' title='bbox 1773 3668 2011 3726; x_wconf 76' lang='lat' dir='ltr'><strong>vocatio~</strong></span> 
     </span>
    </p>
   </div>
   <div class='ocr_carea' id='block_1_74' title="bbox 441 3742 2005 3820">
    <p class='ocr_par' dir='ltr' id='par_1_74' title="bbox 441 3742 2005 3820">
     <span class='ocr_line' id='line_1_74' title="bbox 441 3742 2005 3820; baseline 0.013 -32"><span class='ocrx_word' id='word_1_522' title='bbox 441 3755 564 3793; x_wconf 87' lang='lat' dir='ltr'><strong>nem</strong></span> <span class='ocrx_word' id='word_1_523' title='bbox 611 3749 666 3795; x_wconf 90' lang='lat' dir='ltr'><strong>et</strong></span> <span class='ocrx_word' id='word_1_524' title='bbox 693 3742 1012 3798; x_wconf 83' lang='lat' dir='ltr'><strong>electionem</strong></span> <span class='ocrx_word' id='word_1_525' title='bbox 1057 3747 1313 3815; x_wconf 87' lang='lat' dir='ltr'><strong>scriptam</strong></span> <span class='ocrx_word' id='word_1_526' title='bbox 1369 3751 1681 3820; x_wconf 88' lang='lat' dir='ltr'><strong>relinquens</strong></span> <span class='ocrx_word' id='word_1_527' title='bbox 1719 3773 1730 3808; x_wconf 94' lang='lat'>:</span> <span class='ocrx_word' id='word_1_528' title='bbox 1784 3755 2005 3818; x_wconf 83' lang='lat' dir='ltr'><strong>Paulus,</strong></span> 
     </span>
    </p>
   </div>
   <div class='ocr_carea' id='block_1_75' title="bbox 439 3824 2008 3904">
    <p class='ocr_par' dir='ltr' id='par_1_75' title="bbox 439 3824 2008 3904">
     <span class='ocr_line' id='line_1_75' title="bbox 439 3824 2008 3904; baseline 0.012 -28"><span class='ocrx_word' id='word_1_529' title='bbox 439 3824 828 3894; x_wconf 83' lang='lat' dir='ltr'><strong>inquit,servus</strong></span> <span class='ocrx_word' id='word_1_530' title='bbox 845 3826 972 3882; x_wconf 83' lang='lat' dir='ltr'><strong>Jesu</strong></span> <span class='ocrx_word' id='word_1_531' title='bbox 997 3829 1216 3896; x_wconf 83' lang='lat' dir='ltr'><strong>Christi,</strong></span> <span class='ocrx_word' id='word_1_532' title='bbox 1237 3845 1448 3887; x_wconf 77' lang='lat' dir='ltr'><strong>vocatus</strong></span> <span class='ocrx_word' id='word_1_533' title='bbox 1461 3837 1726 3904; x_wconf 84' lang='lat' dir='ltr'><strong>apostolus</strong></span> <span class='ocrx_word' id='word_1_534' title='bbox 1747 3841 1788 3892; x_wconf 73' lang='grc'><em>³.</em></span> <span class='ocrx_word' id='word_1_535' title='bbox 1809 3839 2008 3895; x_wconf 83' lang='lat' dir='ltr'><strong>Deinde</strong></span> 
     </span>
    </p>
   </div>
   <div class='ocr_carea' id='block_1_76' title="bbox 443 3913 2008 3992">
    <p class='ocr_par' dir='ltr' id='par_1_76' title="bbox 443 3913 2008 3992">
     <span class='ocr_line' id='line_1_76' title="bbox 443 3913 2008 3992; baseline 0.013 -32"><span class='ocrx_word' id='word_1_536' title='bbox 443 3913 711 3992; x_wconf 68' lang='lat' dir='ltr'><strong>vovationi</strong></span> <span class='ocrx_word' id='word_1_537' title='bbox 751 3914 896 3968; x_wconf 85' lang='lat' dir='ltr'><strong>aliud</strong></span> <span class='ocrx_word' id='word_1_538' title='bbox 949 3917 1203 3983; x_wconf 82' lang='lat' dir='ltr'><strong>quiddam</strong></span> <span class='ocrx_word' id='word_1_539' title='bbox 1237 3917 1518 3988; x_wconf 71' lang='lat' dir='ltr'><strong>adiungit:</strong></span> <span class='ocrx_word' id='word_1_540' title='bbox 1553 3921 1884 3992; x_wconf 85' lang='lat' dir='ltr'><strong>Segregatus,</strong></span> <span class='ocrx_word' id='word_1_541' title='bbox 1929 3927 2008 3980; x_wconf 60' lang='lat' dir='ltr'><strong>in.</strong></span> 
     </span>
    </p>
   </div>
   <div class='ocr_carea' id='block_1_77' title="bbox 439 3985 2005 4072">
    <p class='ocr_par' dir='ltr' id='par_1_77' title="bbox 439 3985 2005 4072">
     <span class='ocr_line' id='line_1_77' title="bbox 439 3985 2005 4072; baseline 0.009 -24"><span class='ocrx_word' id='word_1_542' title='bbox 439 3985 656 4063; x_wconf 59' lang='lat' dir='ltr'><strong>quiens;</strong></span> <span class='ocrx_word' id='word_1_543' title='bbox 683 3997 736 4050; x_wconf 91' lang='lat' dir='ltr'><strong>in</strong></span> <span class='ocrx_word' id='word_1_544' title='bbox 773 3996 1113 4068; x_wconf 81' lang='lat' dir='ltr'><strong>Evangelium</strong></span> <span class='ocrx_word' id='word_1_545' title='bbox 1154 4000 1246 4054; x_wconf 86' lang='lat' dir='ltr'><strong>Dei</strong></span> <span class='ocrx_word' id='word_1_546' title='bbox 1277 4002 1342 4055; x_wconf 79' lang='lat'><strong>‘°.</strong></span> <span class='ocrx_word' id='word_1_547' title='bbox 1405 3985 1559 4069; x_wconf 74' lang='lat' dir='ltr'><strong>Quod</strong></span> <span class='ocrx_word' id='word_1_548' title='bbox 1606 3985 1784 4059; x_wconf 66' lang='lat' dir='ltr'><strong>autem</strong></span> <span class='ocrx_word' id='word_1_549' title='bbox 1835 3985 1943 4072; x_wconf 87' lang='lat' dir='ltr'><strong>ille,</strong></span> <span class='ocrx_word' id='word_1_550' title='bbox 1977 4025 2005 4062; x_wconf 87' lang='lat' dir='ltr'><strong>a</strong></span> 
     </span>
    </p>
   </div>
   <div class='ocr_carea' id='block_1_78' title="bbox 439 4083 2008 4155">
    <p class='ocr_par' dir='ltr' id='par_1_78' title="bbox 439 4083 2008 4155">
     <span class='ocr_line' id='line_1_78' title="bbox 439 4083 2008 4155; baseline 0.011 -26"><span class='ocrx_word' id='word_1_551' title='bbox 439 4095 547 4147; x_wconf 85' lang='lat' dir='ltr'><strong>quo</strong></span> <span class='ocrx_word' id='word_1_552' title='bbox 586 4091 904 4150; x_wconf 78' lang='lat' dir='ltr'><strong>segregatus</strong></span> <span class='ocrx_word' id='word_1_553' title='bbox 941 4093 1044 4146; x_wconf 87' lang='lat' dir='ltr'><strong>est,</strong></span> <span class='ocrx_word' id='word_1_554' title='bbox 1085 4083 1248 4138; x_wconf 80' lang='lat' dir='ltr'><strong>fuerit</strong></span> <span class='ocrx_word' id='word_1_555' title='bbox 1284 4084 1518 4151; x_wconf 90' lang='lat' dir='ltr'><strong>Spiritus</strong></span> <span class='ocrx_word' id='word_1_556' title='bbox 1565 4098 1806 4155; x_wconf 86' lang='lat' dir='ltr'><strong>sanctus,</strong></span> <span class='ocrx_word' id='word_1_557' title='bbox 1842 4091 2008 4146; x_wconf 78' lang='lat' dir='ltr'><strong>Actus</strong></span> 
     </span>
    </p>
   </div>
   <div class='ocr_carea' id='block_1_79' title="bbox 440 4165 2009 4244">
    <p class='ocr_par' dir='ltr' id='par_1_79' title="bbox 440 4165 2009 4244">
     <span class='ocr_line' id='line_1_79' title="bbox 440 4165 2009 4244; baseline 0.011 -30"><span class='ocrx_word' id='word_1_558' title='bbox 440 4165 804 4232; x_wconf 80' lang='lat' dir='ltr'><strong>apostolorum</strong></span> <span class='ocrx_word' id='word_1_559' title='bbox 834 4171 1209 4233; x_wconf 89' lang='lat' dir='ltr'><strong>ostenderunt,</strong></span> <span class='ocrx_word' id='word_1_560' title='bbox 1246 4172 1333 4225; x_wconf 92' lang='lat' dir='ltr'><strong>ubi</strong></span> <span class='ocrx_word' id='word_1_561' title='bbox 1373 4175 1638 4241; x_wconf 89' lang='lat' dir='ltr'><strong>scriptum</strong></span> <span class='ocrx_word' id='word_1_562' title='bbox 1677 4183 1762 4229; x_wconf 87' lang='lat' dir='ltr'><strong>est</strong></span> <span class='ocrx_word' id='word_1_563' title='bbox 1795 4192 1809 4227; x_wconf 89' lang='lat'><strong>:</strong></span> <span class='ocrx_word' id='word_1_564' title='bbox 1858 4176 2009 4244; x_wconf 82' lang='lat' dir='ltr'><strong>Jeju-</strong></span> 
     </span>
    </p>
   </div>
   <div class='ocr_carea' id='block_1_80' title="bbox 442 4247 2006 4326">
    <p class='ocr_par' dir='ltr' id='par_1_80' title="bbox 442 4247 2006 4326">
     <span class='ocr_line' id='line_1_80' title="bbox 442 4247 2006 4326; baseline 0.012 -30"><span class='ocrx_word' id='word_1_565' title='bbox 442 4247 687 4300; x_wconf 81' lang='lat' dir='ltr'><strong>uantibus</strong></span> <span class='ocrx_word' id='word_1_566' title='bbox 714 4260 890 4302; x_wconf 80' lang='lat' dir='ltr'><strong>autem</strong></span> <span class='ocrx_word' id='word_1_567' title='bbox 923 4252 1196 4315; x_wconf 79' lang='lat' dir='ltr'><strong>apostolis,</strong></span> <span class='ocrx_word' id='word_1_568' title='bbox 1230 4263 1278 4306; x_wconf 88' lang='lat' dir='ltr'><strong>et</strong></span> <span class='ocrx_word' id='word_1_569' title='bbox 1316 4256 1586 4308; x_wconf 81' lang='lat' dir='ltr'><strong>orantibus</strong></span> <span class='ocrx_word' id='word_1_570' title='bbox 1612 4257 1744 4310; x_wconf 73' lang='lat' dir='ltr'><strong>dixit</strong></span> <span class='ocrx_word' id='word_1_571' title='bbox 1775 4256 2006 4326; x_wconf 86' lang='lat' dir='ltr'><strong>Spiritus</strong></span> 
     </span>
    </p>
   </div>
   <div class='ocr_carea' id='block_1_81' title="bbox 439 4332 2007 4402">
    <p class='ocr_par' dir='ltr' id='par_1_81' title="bbox 439 4332 2007 4402">
     <span class='ocr_line' id='line_1_81' title="bbox 439 4332 2007 4402; baseline 0.008 -18"><span class='ocrx_word' id='word_1_572' title='bbox 439 4343 650 4384; x_wconf 84' lang='lat' dir='ltr'><strong>sanctus</strong></span> <span class='ocrx_word' id='word_1_573' title='bbox 684 4349 701 4384; x_wconf 93' lang='lat'><strong><em>:</em></strong></span> <span class='ocrx_word' id='word_1_574' title='bbox 734 4332 1010 4402; x_wconf 83' lang='lat' dir='ltr'><strong>Segregate</strong></span> <span class='ocrx_word' id='word_1_575' title='bbox 1055 4338 1181 4389; x_wconf 86' lang='lat' dir='ltr'><strong>mihi</strong></span> <span class='ocrx_word' id='word_1_576' title='bbox 1237 4337 1461 4391; x_wconf 83' lang='lat' dir='ltr'><strong>Paulum</strong></span> <span class='ocrx_word' id='word_1_577' title='bbox 1508 4351 1554 4391; x_wconf 89' lang='lat' dir='ltr'><strong>et</strong></span> <span class='ocrx_word' id='word_1_578' title='bbox 1614 4339 1911 4395; x_wconf 85' lang='lat' dir='ltr'><strong>Barnabam</strong></span> <span class='ocrx_word' id='word_1_579' title='bbox 1954 4346 2007 4397; x_wconf 85' lang='lat' dir='ltr'><strong>iu</strong></span> 
     </span>
    </p>
   </div>
   <div class='ocr_carea' id='block_1_82' title="bbox 439 4415 2008 4492">
    <p class='ocr_par' dir='ltr' id='par_1_82' title="bbox 439 4415 2008 4492">
     <span class='ocr_line' id='line_1_82' title="bbox 439 4415 2008 4492; baseline 0.011 -30"><span class='ocrx_word' id='word_1_580' title='bbox 439 4429 591 4480; x_wconf 80' lang='lat' dir='ltr'><strong>opus.</strong></span> <span class='ocrx_word' id='word_1_581' title='bbox 633 4415 703 4465; x_wconf 83' lang='lat' dir='ltr'><strong>ad</strong></span> <span class='ocrx_word' id='word_1_582' title='bbox 727 4417 866 4483; x_wconf 83' lang='lat' dir='ltr'><strong>quod</strong></span> <span class='ocrx_word' id='word_1_583' title='bbox 899 4418 1074 4470; x_wconf 87' lang='lat' dir='ltr'><strong>vocavi</strong></span> <span class='ocrx_word' id='word_1_584' title='bbox 1100 4435 1186 4473; x_wconf 86' lang='lat' dir='ltr'><strong>eos</strong></span> <span class='ocrx_word' id='word_1_585' title='bbox 1221 4419 1283 4474; x_wconf 83' lang='lat'><strong>&quot;.</strong></span> <span class='ocrx_word' id='word_1_586' title='bbox 1319 4421 1469 4486; x_wconf 88' lang='lat' dir='ltr'><strong>Quod</strong></span> <span class='ocrx_word' id='word_1_587' title='bbox 1509 4422 1551 4475; x_wconf 91' lang='lat' dir='ltr'><strong>si</strong></span> <span class='ocrx_word' id='word_1_588' title='bbox 1590 4419 1812 4476; x_wconf 89' lang='lat' dir='ltr'><strong>Paulum</strong></span> <span class='ocrx_word' id='word_1_589' title='bbox 1844 4426 2008 4492; x_wconf 77' lang='lat' dir='ltr'><strong>elegit</strong></span> 
     </span>
    </p>
   </div>
   <div class='ocr_carea' id='block_1_83' title="bbox 2111 3247 3683 3320">
    <p class='ocr_par' dir='ltr' id='par_1_83' title="bbox 2111 3247 3683 3320">
     <span class='ocr_line' id='line_1_83' title="bbox 2111 3247 3683 3320; baseline 0.001 -14"><span class='ocrx_word' id='word_1_590' title='bbox 2111 3271 2227 3314; x_wconf 83' lang='grc' dir='ltr'><em>ται,</em></span> <span class='ocrx_word' id='word_1_591' title='bbox 2263 3254 2351 3306; x_wconf 84' lang='grc' dir='ltr'><em>ὅτι</em></span> <span class='ocrx_word' id='word_1_592' title='bbox 2383 3254 2608 3318; x_wconf 80' lang='grc' dir='ltr'><em>σκεῦος</em></span> <span class='ocrx_word' id='word_1_593' title='bbox 2641 3249 2902 3319; x_wconf 72' lang='grc' dir='ltr'><em>ἐκλογῆς</em></span> <span class='ocrx_word' id='word_1_594' title='bbox 2928 3268 3028 3319; x_wconf 87' lang='grc' dir='ltr'><strong>μοι</strong></span> <span class='ocrx_word' id='word_1_595' title='bbox 3072 3247 3162 3313; x_wconf 79' lang='grc' dir='ltr'><em>εἷ,</em></span> <span class='ocrx_word' id='word_1_596' title='bbox 3211 3252 3506 3320; x_wconf 77' lang='grc' dir='ltr'><em>οὐρανόθεν</em></span> <span class='ocrx_word' id='word_1_597' title='bbox 3565 3259 3683 3308; x_wconf 76' lang='grc' dir='ltr'><strong>ἑπι-</strong></span> 
     </span>
    </p>
   </div>
   <div class='ocr_carea' id='block_1_84' title="bbox 2114 3333 3682 3406">
    <p class='ocr_par' dir='ltr' id='par_1_84' title="bbox 2114 3333 3682 3406">
     <span class='ocr_line' id='line_1_84' title="bbox 2114 3333 3682 3406; baseline 0.001 -16"><span class='ocrx_word' id='word_1_598' title='bbox 2114 3338 2303 3406; x_wconf 78' lang='grc' dir='ltr'><em>φανεὶς</em></span> <span class='ocrx_word' id='word_1_599' title='bbox 2356 3339 2384 3388; x_wconf 85' lang='grc' dir='ltr'>ὀ</span> <span class='ocrx_word' id='word_1_600' title='bbox 2449 3336 2651 3406; x_wconf 81' lang='grc' dir='ltr'><em>Κύριος</em></span> <span class='ocrx_word' id='word_1_601' title='bbox 2685 3335 2760 3404; x_wconf 84' lang='grc' dir='ltr'><strong>τῷ</strong></span> <span class='ocrx_word' id='word_1_602' title='bbox 2795 3335 2990 3403; x_wconf 80' lang='grc' dir='ltr'><em>Παύλῳ</em></span> <span class='ocrx_word' id='word_1_603' title='bbox 3044 3333 3168 3404; x_wconf 79' lang='grc' dir='ltr'><em>ἔφη.</em></span> <span class='ocrx_word' id='word_1_604' title='bbox 3218 3336 3454 3388; x_wconf 77' lang='grc' dir='ltr'><em>Είσιόντι</em></span> <span class='ocrx_word' id='word_1_605' title='bbox 3513 3338 3570 3392; x_wconf 82' lang='grc' dir='ltr'><strong>δὲ</strong></span> <span class='ocrx_word' id='word_1_606' title='bbox 3598 3342 3682 3404; x_wconf 85' lang='grc' dir='ltr'><strong>είς</strong></span> 
     </span>
    </p>
   </div>
   <div class='ocr_carea' id='block_1_85' title="bbox 2112 3417 3678 3489">
    <p class='ocr_par' dir='ltr' id='par_1_85' title="bbox 2112 3417 3678 3489">
     <span class='ocr_line' id='line_1_85' title="bbox 2112 3417 3678 3489; baseline 0.001 -17"><span class='ocrx_word' id='word_1_607' title='bbox 2112 3419 2403 3489; x_wconf 69' lang='grc' dir='ltr'><em>Δαμασκὸν</em></span> <span class='ocrx_word' id='word_1_608' title='bbox 2441 3419 2686 3480; x_wconf 80' lang='grc' dir='ltr'><em>Ἀνανίας</em></span> <span class='ocrx_word' id='word_1_609' title='bbox 2719 3418 2821 3485; x_wconf 79' lang='grc' dir='ltr'><strong>ἔφη</strong></span> <span class='ocrx_word' id='word_1_610' title='bbox 2854 3435 2869 3450; x_wconf 80' lang='grc' dir='ltr'><strong><em>ο</em></strong></span> <span class='ocrx_word' id='word_1_611' title='bbox 2902 3417 3100 3470; x_wconf 79' lang='grc' dir='ltr'><em>Σαοὺλ</em></span> <span class='ocrx_word' id='word_1_612' title='bbox 3124 3417 3374 3486; x_wconf 63' lang='grc' dir='ltr'><em>ἀδελφέ,</em></span> <span class='ocrx_word' id='word_1_613' title='bbox 3421 3420 3678 3474; x_wconf 68' lang='grc' dir='ltr'><em>ἀνάϐλε-</em></span> 
     </span>
    </p>
   </div>
   <div class='ocr_carea' id='block_1_86' title="bbox 2111 3501 3682 3570">
    <p class='ocr_par' dir='ltr' id='par_1_86' title="bbox 2111 3501 3682 3570">
     <span class='ocr_line' id='line_1_86' title="bbox 2111 3501 3682 3570; baseline 0.004 -18"><span class='ocrx_word' id='word_1_614' title='bbox 2111 3508 2244 3570; x_wconf 63' lang='grc' dir='ltr'><em>ψαι,</em></span> <span class='ocrx_word' id='word_1_615' title='bbox 2277 3507 2310 3558; x_wconf 87' lang='grc' dir='ltr'><strong>ό</strong></span> <span class='ocrx_word' id='word_1_616' title='bbox 2337 3503 2480 3568; x_wconf 80' lang='grc' dir='ltr'><em>Θεὸς</em></span> <span class='ocrx_word' id='word_1_617' title='bbox 2509 3502 2627 3555; x_wconf 85' lang='grc' dir='ltr'><strong>τῶν</strong></span> <span class='ocrx_word' id='word_1_618' title='bbox 2653 3501 2924 3566; x_wconf 84' lang='grc' dir='ltr'><em>πατέρων</em></span> <span class='ocrx_word' id='word_1_619' title='bbox 2949 3503 3411 3569; x_wconf 70' lang='grc' dir='ltr'><em>προεχειρίσατό</em></span> <span class='ocrx_word' id='word_1_620' title='bbox 3438 3519 3532 3556; x_wconf 88' lang='grc' dir='ltr'><strong>σε.</strong></span> <span class='ocrx_word' id='word_1_621' title='bbox 3569 3507 3682 3558; x_wconf 72' lang='grc' dir='ltr'><strong>Καὶ</strong></span> 
     </span>
    </p>
   </div>
   <div class='ocr_carea' id='block_1_87' title="bbox 2113 3584 3678 3655">
    <p class='ocr_par' dir='ltr' id='par_1_87' title="bbox 2113 3584 3678 3655">
     <span class='ocr_line' id='line_1_87' title="bbox 2113 3584 3678 3655; baseline 0 -17"><span class='ocrx_word' id='word_1_622' title='bbox 2113 3588 2199 3639; x_wconf 68' lang='grc' dir='ltr'><em>ἵνα</em></span> <span class='ocrx_word' id='word_1_623' title='bbox 2238 3586 2313 3655; x_wconf 82' lang='grc' dir='ltr'><em>μὴ</em></span> <span class='ocrx_word' id='word_1_624' title='bbox 2367 3585 2494 3652; x_wconf 73' lang='grc' dir='ltr'><em>περὶ</em></span> <span class='ocrx_word' id='word_1_625' title='bbox 2545 3585 2784 3653; x_wconf 84' lang='grc' dir='ltr'><em>Χριστοῦ</em></span> <span class='ocrx_word' id='word_1_626' title='bbox 2829 3585 3060 3654; x_wconf 78' lang='grc' dir='ltr'><em>νομισθῂ</em></span> <span class='ocrx_word' id='word_1_627' title='bbox 3089 3584 3147 3636; x_wconf 69' lang='grc' dir='ltr'><strong>τὸ</strong></span> <span class='ocrx_word' id='word_1_628' title='bbox 3177 3585 3350 3654; x_wconf 76' lang='grc' dir='ltr'><em>ῥῆμα,</em></span> <span class='ocrx_word' id='word_1_629' title='bbox 3380 3585 3632 3655; x_wconf 72' lang='grc' dir='ltr'><em>ἐπιλέγει</em></span> <span class='ocrx_word' id='word_1_630' title='bbox 3661 3602 3678 3618; x_wconf 88' lang='grc'><strong>·</strong></span> 
     </span>
    </p>
   </div>
   <div class='ocr_carea' id='block_1_88' title="bbox 2115 3668 3684 3737">
    <p class='ocr_par' dir='ltr' id='par_1_88' title="bbox 2115 3668 3684 3737">
     <span class='ocr_line' id='line_1_88' title="bbox 2115 3668 3684 3737; baseline -0.001 -13"><span class='ocrx_word' id='word_1_631' title='bbox 2115 3671 2230 3724; x_wconf 86' lang='grc' dir='ltr'><strong>Τοῦ</strong></span> <span class='ocrx_word' id='word_1_632' title='bbox 2264 3669 2515 3736; x_wconf 82' lang='grc' dir='ltr'><em>ποιῆσαι</em></span> <span class='ocrx_word' id='word_1_633' title='bbox 2569 3671 2632 3720; x_wconf 83' lang='grc' dir='ltr'><strong>τὸ</strong></span> <span class='ocrx_word' id='word_1_634' title='bbox 2658 3668 2888 3736; x_wconf 76' lang='grc' dir='ltr'><em>θέλημα</em></span> <span class='ocrx_word' id='word_1_635' title='bbox 2915 3668 3124 3731; x_wconf 85' lang='grc' dir='ltr'><em>αὑτοῦ,</em></span> <span class='ocrx_word' id='word_1_636' title='bbox 3189 3670 3286 3721; x_wconf 87' lang='grc' dir='ltr'><strong>καί</strong></span> <span class='ocrx_word' id='word_1_637' title='bbox 3319 3669 3539 3737; x_wconf 75' lang='grc' dir='ltr'><em>γνῶναι</em></span> <span class='ocrx_word' id='word_1_638' title='bbox 3572 3672 3684 3725; x_wconf 75' lang='grc' dir='ltr'><strong>τόν</strong></span> 
     </span>
    </p>
   </div>
   <div class='ocr_carea' id='block_1_89' title="bbox 2109 3751 3680 3825">
    <p class='ocr_par' dir='ltr' id='par_1_89' title="bbox 2109 3751 3680 3825">
     <span class='ocr_line' id='line_1_89' title="bbox 2109 3751 3680 3825; baseline -0.002 -15"><span class='ocrx_word' id='word_1_639' title='bbox 2109 3757 2346 3810; x_wconf 73' lang='grc' dir='ltr'><em>δίκαιον</em></span> <span class='ocrx_word' id='word_1_640' title='bbox 2370 3752 2557 3807; x_wconf 81' lang='grc' dir='ltr'><em>αὐτοῦ</em></span> <span class='ocrx_word' id='word_1_641' title='bbox 2581 3751 2848 3817; x_wconf 84' lang='grc' dir='ltr'><em>Ἰησοῦν.</em></span> <span class='ocrx_word' id='word_1_642' title='bbox 2887 3751 3073 3820; x_wconf 57' lang='grc' dir='ltr'><em>Ὀςνδὴ</em></span> <span class='ocrx_word' id='word_1_643' title='bbox 3105 3751 3203 3820; x_wconf 82' lang='grc' dir='ltr'><em>τὴν</em></span> <span class='ocrx_word' id='word_1_644' title='bbox 3233 3751 3444 3821; x_wconf 80' lang='grc' dir='ltr'><em>κλῆσιν,</em></span> <span class='ocrx_word' id='word_1_645' title='bbox 3465 3755 3560 3806; x_wconf 79' lang='grc' dir='ltr'><strong>καὶ</strong></span> <span class='ocrx_word' id='word_1_646' title='bbox 3579 3755 3680 3825; x_wconf 81' lang='grc' dir='ltr'><strong>τὴν</strong></span> 
     </span>
    </p>
   </div>
   <div class='ocr_carea' id='block_1_90' title="bbox 2111 3833 3678 3909">
    <p class='ocr_par' dir='ltr' id='par_1_90' title="bbox 2111 3833 3678 3909">
     <span class='ocr_line' id='line_1_90' title="bbox 2111 3833 3678 3909; baseline 0.003 -23"><span class='ocrx_word' id='word_1_647' title='bbox 2111 3838 2454 3909; x_wconf 70' lang='grc' dir='ltr'><em>προχείρισιν</em></span> <span class='ocrx_word' id='word_1_648' title='bbox 2483 3835 2836 3902; x_wconf 80' lang='grc' dir='ltr'><em>ἀνάγραπτον</em></span> <span class='ocrx_word' id='word_1_649' title='bbox 2892 3834 3218 3902; x_wconf 79' lang='grc' dir='ltr'><em>ποιούμενος</em></span> <span class='ocrx_word' id='word_1_650' title='bbox 3249 3833 3352 3904; x_wconf 80' lang='grc' dir='ltr'><strong>ἔφη</strong></span> <span class='ocrx_word' id='word_1_651' title='bbox 3381 3850 3394 3865; x_wconf 81' lang='grc'><em>’</em></span> <span class='ocrx_word' id='word_1_652' title='bbox 3433 3836 3678 3903; x_wconf 65' lang='grc' dir='ltr'><em>Παῦλος</em></span> 
     </span>
    </p>
   </div>
   <div class='ocr_carea' id='block_1_91' title="bbox 2110 3915 3679 3986">
    <p class='ocr_par' dir='ltr' id='par_1_91' title="bbox 2110 3915 3679 3986">
     <span class='ocr_line' id='line_1_91' title="bbox 2110 3915 3679 3986; baseline -0.001 -11"><span class='ocrx_word' id='word_1_653' title='bbox 2110 3923 2330 3986; x_wconf 74' lang='grc' dir='ltr'><em>δοῦλος</em></span> <span class='ocrx_word' id='word_1_654' title='bbox 2369 3918 2564 3986; x_wconf 88' lang='grc' dir='ltr'><em>Ἰησοῦ</em></span> <span class='ocrx_word' id='word_1_655' title='bbox 2595 3916 2852 3983; x_wconf 82' lang='grc' dir='ltr'><em>Χριστοῦ</em></span> <span class='ocrx_word' id='word_1_656' title='bbox 2881 3916 3111 3984; x_wconf 76' lang='grc' dir='ltr'><em>κλητὸς</em></span> <span class='ocrx_word' id='word_1_657' title='bbox 3148 3915 3516 3980; x_wconf 79' lang='grc' dir='ltr'><em>ἀπόστολος.</em></span> <span class='ocrx_word' id='word_1_658' title='bbox 3545 3915 3679 3973; x_wconf 68' lang='grc' dir='ltr'><em>Εἶτα</em></span> 
     </span>
    </p>
   </div>
   <div class='ocr_carea' id='block_1_92' title="bbox 2112 3999 3679 4070">
    <p class='ocr_par' dir='ltr' id='par_1_92' title="bbox 2112 3999 3679 4070">
     <span class='ocr_line' id='line_1_92' title="bbox 2112 3999 3679 4070; baseline -0.013 -11"><span class='ocrx_word' id='word_1_659' title='bbox 2112 4007 2206 4059; x_wconf 77' lang='lat' dir='ltr'><strong>xa‘t</strong></span> <span class='ocrx_word' id='word_1_660' title='bbox 2257 4004 2383 4057; x_wconf 77' lang='grc' dir='ltr'><em>ἄλλο</em></span> <span class='ocrx_word' id='word_1_661' title='bbox 2409 4019 2459 4054; x_wconf 88' lang='grc' dir='ltr'><em>τι</em></span> <span class='ocrx_word' id='word_1_662' title='bbox 2491 4001 2631 4070; x_wconf 82' lang='grc' dir='ltr'><em>πρὸς</em></span> <span class='ocrx_word' id='word_1_663' title='bbox 2661 4002 2724 4068; x_wconf 82' lang='grc' dir='ltr'><strong>τῇ</strong></span> <span class='ocrx_word' id='word_1_664' title='bbox 2761 4000 2952 4068; x_wconf 79' lang='grc' dir='ltr'><em>κλήσει</em></span> <span class='ocrx_word' id='word_1_665' title='bbox 3014 3999 3196 4066; x_wconf 78' lang='grc' dir='ltr'><em>λέγει·</em></span> <span class='ocrx_word' id='word_1_666' title='bbox 3232 4000 3679 4070; x_wconf 70' lang='grc' dir='ltr'><em>Ἀφωρισμένος</em></span> 
     </span>
    </p>
   </div>
   <div class='ocr_carea' id='block_1_93' title="bbox 2109 4080 3677 4154">
    <p class='ocr_par' dir='ltr' id='par_1_93' title="bbox 2109 4080 3677 4154">
     <span class='ocr_line' id='line_1_93' title="bbox 2109 4080 3677 4154; baseline -0.002 -14"><span class='ocrx_word' id='word_1_667' title='bbox 2109 4090 2195 4153; x_wconf 88' lang='grc' dir='ltr'><strong>είς</strong></span> <span class='ocrx_word' id='word_1_668' title='bbox 2223 4083 2597 4152; x_wconf 70' lang='grc' dir='ltr'><em>Εὑαγγέλιον</em></span> <span class='ocrx_word' id='word_1_669' title='bbox 2629 4081 2798 4134; x_wconf 86' lang='grc' dir='ltr'><em>Θεοῦ.</em></span> <span class='ocrx_word' id='word_1_670' title='bbox 2843 4080 2916 4133; x_wconf 82' lang='grc' dir='ltr'>Τὸ</span> <span class='ocrx_word' id='word_1_671' title='bbox 2965 4080 3020 4132; x_wconf 83' lang='grc' dir='ltr'><strong>δὲ</strong></span> <span class='ocrx_word' id='word_1_672' title='bbox 3053 4083 3322 4150; x_wconf 75' lang='grc' dir='ltr'><em>ἀφορίσαν</em></span> <span class='ocrx_word' id='word_1_673' title='bbox 3357 4085 3417 4136; x_wconf 85' lang='grc' dir='ltr'><strong>τὸ</strong></span> <span class='ocrx_word' id='word_1_674' title='bbox 3449 4085 3677 4154; x_wconf 78' lang='grc' dir='ltr'><em>Πνεῦμα</em></span> 
     </span>
    </p>
   </div>
   <div class='ocr_carea' id='block_1_94' title="bbox 2110 4163 3672 4238">
    <p class='ocr_par' dir='ltr' id='par_1_94' title="bbox 2110 4163 3672 4238">
     <span class='ocr_line' id='line_1_94' title="bbox 2110 4163 3672 4238; baseline -0.003 -16"><span class='ocrx_word' id='word_1_675' title='bbox 2110 4169 2396 4238; x_wconf 80' lang='grc' dir='ltr'><em>τυγχάνειν</em></span> <span class='ocrx_word' id='word_1_676' title='bbox 2449 4165 2506 4218; x_wconf 79' lang='grc' dir='ltr'><em>αἱ</em></span> <span class='ocrx_word' id='word_1_677' title='bbox 2562 4163 2794 4233; x_wconf 78' lang='grc' dir='ltr'><em>Πράξεις</em></span> <span class='ocrx_word' id='word_1_678' title='bbox 2846 4163 2956 4216; x_wconf 85' lang='grc' dir='ltr'><strong>τῶν</strong></span> <span class='ocrx_word' id='word_1_679' title='bbox 2997 4166 3313 4218; x_wconf 74' lang='grc' dir='ltr'><em>ἀποστόλων</em></span> <span class='ocrx_word' id='word_1_680' title='bbox 3373 4166 3624 4231; x_wconf 81' lang='grc' dir='ltr'><strong>ἐδίδαξαν</strong></span> <span class='ocrx_word' id='word_1_681' title='bbox 3655 4185 3672 4199; x_wconf 89' lang='grc'><strong>·</strong></span> 
     </span>
    </p>
   </div>
   <div class='ocr_carea' id='block_1_95' title="bbox 2109 4246 3675 4318">
    <p class='ocr_par' dir='ltr' id='par_1_95' title="bbox 2109 4246 3675 4318">
     <span class='ocr_line' id='line_1_95' title="bbox 2109 4246 3675 4318; baseline -0.001 -13"><span class='ocrx_word' id='word_1_682' title='bbox 2109 4251 2548 4318; x_wconf 82' lang='grc' dir='ltr'><em>Νηστευόντων</em></span> <span class='ocrx_word' id='word_1_683' title='bbox 2598 4246 2731 4316; x_wconf 82' lang='grc' dir='ltr'><em>γὰρ,</em></span> <span class='ocrx_word' id='word_1_684' title='bbox 2781 4247 2936 4316; x_wconf 80' lang='grc' dir='ltr'><em>φησὶ,</em></span> <span class='ocrx_word' id='word_1_685' title='bbox 2982 4247 3100 4299; x_wconf 89' lang='grc' dir='ltr'><strong>τῶν</strong></span> <span class='ocrx_word' id='word_1_686' title='bbox 3153 4249 3536 4314; x_wconf 77' lang='grc' dir='ltr'><em>ἀποστόλων,</em></span> <span class='ocrx_word' id='word_1_687' title='bbox 3572 4251 3675 4304; x_wconf 76' lang='grc' dir='ltr'><em>καὶ</em></span> 
     </span>
    </p>
   </div>
   <div class='ocr_carea' id='block_1_96' title="bbox 2111 4327 3678 4404">
    <p class='ocr_par' dir='ltr' id='par_1_96' title="bbox 2111 4327 3678 4404">
     <span class='ocr_line' id='line_1_96' title="bbox 2111 4327 3678 4404; baseline 0.001 -16"><span class='ocrx_word' id='word_1_688' title='bbox 2111 4353 2170 4403; x_wconf 61' lang='grc' dir='ltr'><strong>ειη</strong></span> <span class='ocrx_word' id='word_1_689' title='bbox 2192 4333 2632 4401; x_wconf 83' lang='grc' dir='ltr'><em>οσευχομένων,</em></span> <span class='ocrx_word' id='word_1_690' title='bbox 2662 4327 2782 4384; x_wconf 79' lang='grc' dir='ltr'><em>εἷπε</em></span> <span class='ocrx_word' id='word_1_691' title='bbox 2816 4333 2876 4384; x_wconf 83' lang='grc' dir='ltr'><strong>τὸ</strong></span> <span class='ocrx_word' id='word_1_692' title='bbox 2911 4332 3134 4401; x_wconf 84' lang='grc' dir='ltr'><em>Πνεῦμα</em></span> <span class='ocrx_word' id='word_1_693' title='bbox 3157 4333 3216 4385; x_wconf 83' lang='grc' dir='ltr'><strong>τὸ</strong></span> <span class='ocrx_word' id='word_1_694' title='bbox 3239 4333 3394 4397; x_wconf 72' lang='grc' dir='ltr'><em>ἅγιον</em></span> <span class='ocrx_word' id='word_1_695' title='bbox 3412 4350 3425 4363; x_wconf 91' lang='grc'>·</span> <span class='ocrx_word' id='word_1_696' title='bbox 3445 4336 3678 4404; x_wconf 68' lang='grc' dir='ltr'><em>Ἀφορί-</em></span> 
     </span>
    </p>
   </div>
   <div class='ocr_carea' id='block_1_97' title="bbox 2112 4414 3677 4484">
    <p class='ocr_par' dir='ltr' id='par_1_97' title="bbox 2112 4414 3677 4484">
     <span class='ocr_line' id='line_1_97' title="bbox 2112 4414 3677 4484; baseline -0.001 -13"><span class='ocrx_word' id='word_1_697' title='bbox 2112 4435 2259 4471; x_wconf 87' lang='grc' dir='ltr'><em>σατε</em></span> <span class='ocrx_word' id='word_1_698' title='bbox 2287 4417 2362 4483; x_wconf 77' lang='grc' dir='ltr'><strong>δή</strong></span> <span class='ocrx_word' id='word_1_699' title='bbox 2392 4432 2490 4483; x_wconf 86' lang='grc' dir='ltr'><strong>μοι</strong></span> <span class='ocrx_word' id='word_1_700' title='bbox 2525 4415 2630 4466; x_wconf 85' lang='grc' dir='ltr'><em>τὸν</em></span> <span class='ocrx_word' id='word_1_701' title='bbox 2677 4414 2943 4477; x_wconf 78' lang='grc' dir='ltr'><em>Παῦλον,</em></span> <span class='ocrx_word' id='word_1_702' title='bbox 2977 4417 3076 4467; x_wconf 83' lang='grc' dir='ltr'><strong>καί</strong></span> <span class='ocrx_word' id='word_1_703' title='bbox 3105 4415 3212 4468; x_wconf 88' lang='grc' dir='ltr'><em>τὸν</em></span> <span class='ocrx_word' id='word_1_704' title='bbox 3235 4417 3551 4484; x_wconf 75' lang='grc' dir='ltr'><em>Βαρνάϐαν</em></span> <span class='ocrx_word' id='word_1_705' title='bbox 3586 4420 3677 4482; x_wconf 82' lang='grc' dir='ltr'><strong>είς</strong></span> 
     </span>
    </p>
   </div>
   <div class='ocr_carea' id='block_1_98' title="bbox 445 4489 2009 4574">
    <p class='ocr_par' dir='ltr' id='par_1_98' title="bbox 445 4489 2004 4574">
     <span class='ocr_line' id='line_1_98' title="bbox 445 4489 2004 4574; baseline 0.009 -28"><span class='ocrx_word' id='word_1_706' title='bbox 445 4497 702 4550; x_wconf 83' lang='lat' dir='ltr'><strong>Dominus</strong></span> <span class='ocrx_word' id='word_1_707' title='bbox 757 4497 892 4551; x_wconf 83' lang='lat' dir='ltr'><strong>Deus</strong></span> <span class='ocrx_word' id='word_1_708' title='bbox 944 4510 1180 4566; x_wconf 84' lang='lat' dir='ltr'><strong>patrum,</strong></span> <span class='ocrx_word' id='word_1_709' title='bbox 1241 4517 1399 4568; x_wconf 81' lang='lat' dir='ltr'><strong>quem</strong></span> <span class='ocrx_word' id='word_1_710' title='bbox 1457 4513 1633 4558; x_wconf 88' lang='lat' dir='ltr'><strong>autem</strong></span> <span class='ocrx_word' id='word_1_711' title='bbox 1687 4505 1772 4560; x_wconf 90' lang='lat' dir='ltr'><strong>hic</strong></span> <span class='ocrx_word' id='word_1_712' title='bbox 1823 4489 2004 4574; x_wconf 73' lang='lat' dir='ltr'><strong>elegit,</strong></span> 
     </span>
    </p>
   </div>
   <div class='ocr_carea' id='block_1_99' title="bbox 2113 4489 3682 4574">
    <p class='ocr_par' dir='ltr' id='par_1_99' title="bbox 2113 4496 3682 4568">
     <span class='ocr_line' id='line_1_99' title="bbox 2113 4496 3682 4568; baseline -0.003 -13"><span class='ocrx_word' id='word_1_713' title='bbox 2113 4503 2178 4555; x_wconf 87' lang='grc' dir='ltr'><strong>τὸ</strong></span> <span class='ocrx_word' id='word_1_714' title='bbox 2207 4501 2415 4568; x_wconf 79' lang='grc' dir='ltr'><em>ἔργον.</em></span> <span class='ocrx_word' id='word_1_715' title='bbox 2448 4497 2478 4550; x_wconf 85' lang='grc' dir='ltr'>ὃ</span> <span class='ocrx_word' id='word_1_716' title='bbox 2507 4496 2961 4565; x_wconf 75' lang='grc' dir='ltr'><em>προσκέκλημαι</em></span> <span class='ocrx_word' id='word_1_717' title='bbox 2997 4499 3242 4563; x_wconf 80' lang='grc' dir='ltr'><em>αὐτούς.</em></span> <span class='ocrx_word' id='word_1_718' title='bbox 3278 4499 3340 4550; x_wconf 86' lang='lat' dir='ltr'><strong>El</strong></span> <span class='ocrx_word' id='word_1_719' title='bbox 3369 4500 3425 4553; x_wconf 88' lang='grc' dir='ltr'><strong>δὲ</strong></span> <span class='ocrx_word' id='word_1_720' title='bbox 3452 4500 3682 4568; x_wconf 78' lang='grc' dir='ltr'><em>ἐκλέγε-</em></span> 
     </span>
    </p>
   </div>
   <div class='ocr_carea' id='block_1_100' title="bbox 444 4579 2009 4652">
    <p class='ocr_par' dir='ltr' id='par_1_100' title="bbox 444 4579 2009 4652">
     <span class='ocr_line' id='line_1_100' title="bbox 444 4579 2009 4652; baseline 0.01 -21"><span class='ocrx_word' id='word_1_721' title='bbox 444 4579 587 4633; x_wconf 86' lang='lat' dir='ltr'><strong>buuc</strong></span> <span class='ocrx_word' id='word_1_722' title='bbox 619 4593 864 4652; x_wconf 77' lang='lat' dir='ltr'><strong>segregat</strong></span> <span class='ocrx_word' id='word_1_723' title='bbox 895 4582 1134 4652; x_wconf 90' lang='lat' dir='ltr'><strong>Spiritus</strong></span> <span class='ocrx_word' id='word_1_724' title='bbox 1177 4595 1422 4650; x_wconf 85' lang='lat' dir='ltr'><strong>sanctus,</strong></span> <span class='ocrx_word' id='word_1_725' title='bbox 1452 4598 1654 4643; x_wconf 74' lang='lat' dir='ltr'><strong>natura:</strong></span> <span class='ocrx_word' id='word_1_726' title='bbox 1689 4602 1846 4643; x_wconf 76' lang='lat' dir='ltr'><strong>llltms</strong></span> <span class='ocrx_word' id='word_1_727' title='bbox 1874 4607 2009 4646; x_wconf 86' lang='lat' dir='ltr'><strong>auc-</strong></span> 
     </span>
    </p>
   </div>
   <div class='ocr_carea' id='block_1_101' title="bbox 440 4665 2006 4741">
    <p class='ocr_par' dir='ltr' id='par_1_101' title="bbox 440 4665 2006 4741">
     <span class='ocr_line' id='line_1_101' title="bbox 440 4665 2006 4741; baseline 0.009 -26"><span class='ocrx_word' id='word_1_728' title='bbox 440 4665 676 4730; x_wconf 87' lang='lat' dir='ltr'><strong>toritate,</strong></span> <span class='ocrx_word' id='word_1_729' title='bbox 736 4671 1006 4736; x_wconf 89' lang='lat' dir='ltr'><strong>quomodo</strong></span> <span class='ocrx_word' id='word_1_730' title='bbox 1029 4670 1275 4724; x_wconf 69' lang='lat' dir='ltr'><strong>essentia:</strong></span> <span class='ocrx_word' id='word_1_731' title='bbox 1306 4671 1590 4726; x_wconf 85' lang='lat' dir='ltr'><strong>diversitas</strong></span> <span class='ocrx_word' id='word_1_732' title='bbox 1625 4674 1677 4726; x_wconf 94' lang='lat' dir='ltr'><strong>in</strong></span> <span class='ocrx_word' id='word_1_733' title='bbox 1720 4672 2006 4741; x_wconf 85' lang='lat' dir='ltr'><strong>Triuitate,</strong></span> 
     </span>
    </p>
   </div>
   <div class='ocr_carea' id='block_1_102' title="bbox 437 4746 1618 4818">
    <p class='ocr_par' dir='ltr' id='par_1_102' title="bbox 437 4746 1618 4818">
     <span class='ocr_line' id='line_1_102' title="bbox 437 4746 1618 4818; baseline 0.008 -18"><span class='ocrx_word' id='word_1_734' title='bbox 437 4746 491 4800; x_wconf 89' lang='lat' dir='ltr'><strong>in</strong></span> <span class='ocrx_word' id='word_1_735' title='bbox 550 4765 653 4818; x_wconf 87' lang='lat' dir='ltr'><strong>qua</strong></span> <span class='ocrx_word' id='word_1_736' title='bbox 691 4753 883 4805; x_wconf 84' lang='lat' dir='ltr'><strong>eadem</strong></span> <span class='ocrx_word' id='word_1_737' title='bbox 918 4753 1150 4807; x_wconf 84' lang='lat' dir='ltr'><strong>actionis</strong></span> <span class='ocrx_word' id='word_1_738' title='bbox 1179 4753 1260 4805; x_wconf 88' lang='lat' dir='ltr'><strong>vis</strong></span> <span class='ocrx_word' id='word_1_739' title='bbox 1297 4755 1618 4810; x_wconf 81' lang='lat' dir='ltr'><strong>invenitur?</strong></span> 
     </span>
    </p>
   </div>
   <div class='ocr_carea' id='block_1_103' title="bbox 928 4991 1498 5048">
    <p class='ocr_par' dir='ltr' id='par_1_103' title="bbox 928 4991 1498 5048">
     <span class='ocr_line' id='line_1_103' title="bbox 928 4991 1498 5048; baseline 0.009 -5"><span class='ocrx_word' id='word_1_740' title='bbox 928 4991 1009 5046; x_wconf 81' lang='lat' dir='ltr'><strong>Ea:</strong></span> <span class='ocrx_word' id='word_1_741' title='bbox 1031 4993 1211 5044; x_wconf 84' lang='lat' dir='ltr'><strong>eadem</strong></span> <span class='ocrx_word' id='word_1_742' title='bbox 1243 4995 1498 5048; x_wconf 85' lang='lat' dir='ltr'><strong>oratione.</strong></span> 
     </span>
    </p>
   </div>
   <div class='ocr_carea' id='block_1_104' title="bbox 511 5083 2005 5151">
    <p class='ocr_par' dir='ltr' id='par_1_104' title="bbox 511 5083 2005 5151">
     <span class='ocr_line' id='line_1_104' title="bbox 511 5083 2005 5151; baseline 0.008 -17"><span class='ocrx_word' id='word_1_743' title='bbox 511 5083 679 5136; x_wconf 76' lang='lat' dir='ltr'><strong>Isaias</strong></span> <span class='ocrx_word' id='word_1_744' title='bbox 712 5085 968 5149; x_wconf 78' lang='lat' dir='ltr'><strong>propheta</strong></span> <span class='ocrx_word' id='word_1_745' title='bbox 1005 5097 1016 5133; x_wconf 90' lang='lat'><strong>:</strong></span> <span class='ocrx_word' id='word_1_746' title='bbox 1061 5083 1201 5150; x_wconf 83' lang='lat' dir='ltr'><strong>Vidi,</strong></span> <span class='ocrx_word' id='word_1_747' title='bbox 1234 5084 1425 5151; x_wconf 83' lang='lat' dir='ltr'><strong>inquit,</strong></span> <span class='ocrx_word' id='word_1_748' title='bbox 1464 5086 1744 5143; x_wconf 88' lang='lat' dir='ltr'><strong>Dominum</strong></span> <span class='ocrx_word' id='word_1_749' title='bbox 1774 5089 2005 5146; x_wconf 80' lang='lat' dir='ltr'><strong>Sabaoth</strong></span> 
     </span>
    </p>
   </div>
   <div class='ocr_carea' id='block_1_105' title="bbox 436 5166 2006 5238">
    <p class='ocr_par' dir='ltr' id='par_1_105' title="bbox 436 5166 2006 5238">
     <span class='ocr_line' id='line_1_105' title="bbox 436 5166 2006 5238; baseline 0.008 -21"><span class='ocrx_word' id='word_1_750' title='bbox 436 5169 702 5218; x_wconf 80' lang='lat' dir='ltr'><strong>sedentem</strong></span> <span class='ocrx_word' id='word_1_751' title='bbox 741 5167 793 5217; x_wconf 87' lang='lat' dir='ltr'><strong>in</strong></span> <span class='ocrx_word' id='word_1_752' title='bbox 826 5166 962 5217; x_wconf 88' lang='lat' dir='ltr'><strong>solio</strong></span> <span class='ocrx_word' id='word_1_753' title='bbox 992 5166 1125 5229; x_wconf 88' lang='lat' dir='ltr'><strong>alto,</strong></span> <span class='ocrx_word' id='word_1_754' title='bbox 1158 5176 1206 5218; x_wconf 81' lang='lat' dir='ltr'><strong>et</strong></span> <span class='ocrx_word' id='word_1_755' title='bbox 1229 5167 1460 5226; x_wconf 80' lang='lat' dir='ltr'><strong>sublimi,</strong></span> <span class='ocrx_word' id='word_1_756' title='bbox 1493 5179 1542 5220; x_wconf 87' lang='lat' dir='ltr'><strong>et</strong></span> <span class='ocrx_word' id='word_1_757' title='bbox 1579 5173 1836 5238; x_wconf 72' lang='lat' dir='ltr'><strong>seraphin:</strong></span> <span class='ocrx_word' id='word_1_758' title='bbox 1891 5184 2006 5229; x_wconf 85' lang='lat' dir='ltr'><strong>sta-</strong></span> 
     </span>
    </p>
   </div>
   <div class='ocr_carea' id='block_1_106' title="bbox 435 5247 2006 5315">
    <p class='ocr_par' dir='ltr' id='par_1_106' title="bbox 435 5247 2006 5315">
     <span class='ocr_line' id='line_1_106' title="bbox 435 5247 2006 5315; baseline 0.008 -18"><span class='ocrx_word' id='word_1_759' title='bbox 435 5249 558 5300; x_wconf 81' lang='lat' dir='ltr'><strong>bant</strong></span> <span class='ocrx_word' id='word_1_760' title='bbox 593 5248 648 5301; x_wconf 86' lang='lat' dir='ltr'><strong>in</strong></span> <span class='ocrx_word' id='word_1_761' title='bbox 688 5248 909 5300; x_wconf 86' lang='lat' dir='ltr'><strong>circuitu</strong></span> <span class='ocrx_word' id='word_1_762' title='bbox 935 5247 1070 5315; x_wconf 86' lang='lat' dir='ltr'><strong>ejus.</strong></span> <span class='ocrx_word' id='word_1_763' title='bbox 1111 5247 1216 5301; x_wconf 74' lang='lat' dir='ltr'><strong>Sex</strong></span> <span class='ocrx_word' id='word_1_764' title='bbox 1238 5247 1341 5302; x_wconf 69' lang='lat' dir='ltr'><strong>alae</strong></span> <span class='ocrx_word' id='word_1_765' title='bbox 1367 5249 1477 5312; x_wconf 86' lang='lat' dir='ltr'><strong>uni,</strong></span> <span class='ocrx_word' id='word_1_766' title='bbox 1509 5261 1559 5304; x_wconf 85' lang='lat' dir='ltr'><strong>et</strong></span> <span class='ocrx_word' id='word_1_767' title='bbox 1585 5269 1676 5306; x_wconf 76' lang='lat' dir='ltr'><strong>sex</strong></span> <span class='ocrx_word' id='word_1_768' title='bbox 1704 5256 1809 5308; x_wconf 81' lang='lat' dir='ltr'><strong>alte</strong></span> <span class='ocrx_word' id='word_1_769' title='bbox 1871 5260 2006 5310; x_wconf 84' lang='lat' dir='ltr'><strong>atte-</strong></span> 
     </span>
    </p>
   </div>
   <div class='ocr_carea' id='block_1_107' title="bbox 434 5328 1998 5399">
    <p class='ocr_par' dir='ltr' id='par_1_107' title="bbox 434 5328 1998 5399">
     <span class='ocr_line' id='line_1_107' title="bbox 434 5328 1998 5399; baseline 0.009 -19"><span class='ocrx_word' id='word_1_770' title='bbox 434 5329 480 5382; x_wconf 86' lang='lat' dir='ltr'><strong>ri</strong></span> <span class='ocrx_word' id='word_1_771' title='bbox 516 5328 582 5383; x_wconf 82' lang='lat'><strong>“.</strong></span> <span class='ocrx_word' id='word_1_772' title='bbox 608 5329 670 5382; x_wconf 80' lang='lat' dir='ltr'><strong>Et</strong></span> <span class='ocrx_word' id='word_1_773' title='bbox 698 5331 856 5399; x_wconf 82' lang='lat' dir='ltr'><strong>paulo</strong></span> <span class='ocrx_word' id='word_1_774' title='bbox 889 5339 1009 5398; x_wconf 88' lang='lat' dir='ltr'><strong>post</strong></span> <span class='ocrx_word' id='word_1_775' title='bbox 1043 5347 1056 5383; x_wconf 91' lang='lat'>:</span> <span class='ocrx_word' id='word_1_776' title='bbox 1103 5330 1170 5382; x_wconf 84' lang='lat' dir='ltr'><strong>Et</strong></span> <span class='ocrx_word' id='word_1_777' title='bbox 1200 5332 1270 5384; x_wconf 86' lang='lat' dir='ltr'><strong>ait</strong></span> <span class='ocrx_word' id='word_1_778' title='bbox 1321 5331 1577 5388; x_wconf 85' lang='lat' dir='ltr'><strong>Dominus</strong></span> <span class='ocrx_word' id='word_1_779' title='bbox 1613 5341 1680 5389; x_wconf 87' lang='lat' dir='ltr'><strong>ad</strong></span> <span class='ocrx_word' id='word_1_780' title='bbox 1707 5355 1786 5392; x_wconf 89' lang='lat' dir='ltr'><strong>me</strong></span> <span class='ocrx_word' id='word_1_781' title='bbox 1819 5359 1830 5392; x_wconf 92' lang='lat'><strong>:</strong></span> <span class='ocrx_word' id='word_1_782' title='bbox 1897 5339 1998 5394; x_wconf 82' lang='lat' dir='ltr'><strong>Va-</strong></span> 
     </span>
    </p>
   </div>
   <div class='ocr_carea' id='block_1_108' title="bbox 433 5413 2001 5480">
    <p class='ocr_par' dir='ltr' id='par_1_108' title="bbox 433 5413 2001 5480">
     <span class='ocr_line' id='line_1_108' title="bbox 433 5413 2001 5480; baseline 0.009 -17"><span class='ocrx_word' id='word_1_783' title='bbox 433 5413 518 5475; x_wconf 85' lang='lat' dir='ltr'><strong>de,</strong></span> <span class='ocrx_word' id='word_1_784' title='bbox 552 5422 599 5463; x_wconf 88' lang='lat' dir='ltr'><strong>et</strong></span> <span class='ocrx_word' id='word_1_785' title='bbox 660 5414 746 5466; x_wconf 82' lang='lat' dir='ltr'><strong>die</strong></span> <span class='ocrx_word' id='word_1_786' title='bbox 793 5413 984 5480; x_wconf 86' lang='lat' dir='ltr'><strong>popqu</strong></span> <span class='ocrx_word' id='word_1_787' title='bbox 1032 5414 1152 5467; x_wconf 85' lang='lat' dir='ltr'><strong>huic</strong></span> <span class='ocrx_word' id='word_1_788' title='bbox 1208 5431 1227 5468; x_wconf 92' lang='lat'><strong><em>:</em></strong></span> <span class='ocrx_word' id='word_1_789' title='bbox 1282 5417 1422 5468; x_wconf 80' lang='lat' dir='ltr'><strong>Aure</strong></span> <span class='ocrx_word' id='word_1_790' title='bbox 1477 5418 1678 5480; x_wconf 84' lang='lat' dir='ltr'><strong>audite,</strong></span> <span class='ocrx_word' id='word_1_791' title='bbox 1737 5433 1782 5473; x_wconf 86' lang='lat' dir='ltr'><strong>et</strong></span> <span class='ocrx_word' id='word_1_792' title='bbox 1837 5423 2001 5478; x_wconf 83' lang='lat' dir='ltr'><strong>nolite</strong></span> 
     </span>
    </p>
   </div>
   <div class='ocr_carea' id='block_1_109' title="bbox 433 5495 1998 5575">
    <p class='ocr_par' dir='ltr' id='par_1_109' title="bbox 433 5495 1998 5575">
     <span class='ocr_line' id='line_1_109' title="bbox 433 5495 1998 5575; baseline 0.012 -31"><span class='ocrx_word' id='word_1_793' title='bbox 433 5495 760 5564; x_wconf 84' lang='lat' dir='ltr'><strong>intelligere;</strong></span> <span class='ocrx_word' id='word_1_794' title='bbox 791 5507 838 5550; x_wconf 85' lang='lat' dir='ltr'><strong>et</strong></span> <span class='ocrx_word' id='word_1_795' title='bbox 871 5499 1096 5552; x_wconf 82' lang='lat' dir='ltr'><strong>videntes</strong></span> <span class='ocrx_word' id='word_1_796' title='bbox 1139 5501 1326 5564; x_wconf 82' lang='lat' dir='ltr'><strong>videte,</strong></span> <span class='ocrx_word' id='word_1_797' title='bbox 1360 5512 1405 5553; x_wconf 85' lang='lat' dir='ltr'><strong>et</strong></span> <span class='ocrx_word' id='word_1_798' title='bbox 1455 5503 1619 5556; x_wconf 83' lang='lat' dir='ltr'><strong>nolite</strong></span> <span class='ocrx_word' id='word_1_799' title='bbox 1673 5522 1998 5575; x_wconf 82' lang='lat' dir='ltr'><strong>cognoscere.</strong></span> 
     </span>
    </p>
   </div>
   <div class='ocr_carea' id='block_1_110' title="bbox 432 5575 2000 5656">
    <p class='ocr_par' dir='ltr' id='par_1_110' title="bbox 432 5575 2000 5656">
     <span class='ocr_line' id='line_1_110' title="bbox 432 5575 2000 5656; baseline 0.01 -27"><span class='ocrx_word' id='word_1_800' title='bbox 432 5575 790 5632; x_wconf 78' lang='lat' dir='ltr'><strong>Iucrassatum</strong></span> <span class='ocrx_word' id='word_1_801' title='bbox 815 5581 952 5632; x_wconf 87' lang='lat' dir='ltr'><strong>enim</strong></span> <span class='ocrx_word' id='word_1_802' title='bbox 987 5595 1060 5636; x_wconf 85' lang='lat' dir='ltr'><strong>est</strong></span> <span class='ocrx_word' id='word_1_803' title='bbox 1089 5600 1180 5636; x_wconf 80' lang='lat' dir='ltr'><strong>Cor</strong></span> <span class='ocrx_word' id='word_1_804' title='bbox 1215 5585 1394 5652; x_wconf 89' lang='lat' dir='ltr'><strong>populi</strong></span> <span class='ocrx_word' id='word_1_805' title='bbox 1419 5585 1598 5652; x_wconf 87' lang='lat' dir='ltr'><strong>hujus,</strong></span> <span class='ocrx_word' id='word_1_806' title='bbox 1631 5598 1685 5640; x_wconf 89' lang='lat' dir='ltr'><strong>et</strong></span> <span class='ocrx_word' id='word_1_807' title='bbox 1744 5605 1862 5656; x_wconf 68' lang='lat' dir='ltr'><strong>qua:</strong></span> <span class='ocrx_word' id='word_1_808' title='bbox 1913 5606 2000 5644; x_wconf 86' lang='lat' dir='ltr'><strong>se-</strong></span> 
     </span>
    </p>
   </div>
   <div class='ocr_carea' id='block_1_111' title="bbox 506 5695 2009 5829">
    <p class='ocr_par' dir='ltr' id='par_1_111' title="bbox 506 5695 2009 5829">
     <span class='ocr_line' id='line_1_111' title="bbox 506 5695 2009 5763; baseline 0.007 -16"><span class='ocrx_word' id='word_1_809' title='bbox 506 5697 521 5726; x_wconf 85' lang='grc'>¹</span> <span class='ocrx_word' id='word_1_810' title='bbox 558 5696 573 5748; x_wconf 97' lang='lat' dir='ltr'><strong>I</strong></span> <span class='ocrx_word' id='word_1_811' title='bbox 609 5695 730 5750; x_wconf 82' lang='lat' dir='ltr'><strong>Cor.</strong></span> <span class='ocrx_word' id='word_1_812' title='bbox 764 5715 859 5763; x_wconf 81' lang='lat' dir='ltr'><strong>xu,</strong></span> <span class='ocrx_word' id='word_1_813' title='bbox 895 5702 1045 5755; x_wconf 83' lang='lat' dir='ltr'><strong>8-H.</strong></span> <span class='ocrx_word' id='word_1_814' title='bbox 1110 5705 1127 5733; x_wconf 82' lang='lat'>&#39;</span> <span class='ocrx_word' id='word_1_815' title='bbox 1163 5702 1292 5755; x_wconf 89' lang='lat' dir='ltr'><strong>Ibid.</strong></span> <span class='ocrx_word' id='word_1_816' title='bbox 1322 5703 1372 5754; x_wconf 84' lang='lat'><strong>6.</strong></span> <span class='ocrx_word' id='word_1_817' title='bbox 1423 5702 1617 5756; x_wconf 81' lang='lat' dir='ltr'><strong>&#39;Jnan.</strong></span> <span class='ocrx_word' id='word_1_818' title='bbox 1653 5717 1734 5756; x_wconf 86' lang='grc' dir='ltr'><em>ιιι.</em></span> <span class='ocrx_word' id='word_1_819' title='bbox 1765 5705 1820 5756; x_wconf 83' lang='lat'><strong>8.</strong></span> <span class='ocrx_word' id='word_1_820' title='bbox 1874 5705 2009 5758; x_wconf 68' lang='lat' dir='ltr'><strong>‘Isa.</strong></span> 
     </span>
     <span class='ocr_line' id='line_1_112' title="bbox 511 5765 2009 5829; baseline 0.005 -7"><span class='ocrx_word' id='word_1_821' title='bbox 511 5765 620 5822; x_wconf 80' lang='lat' dir='ltr'><strong>bid.</strong></span> <span class='ocrx_word' id='word_1_822' title='bbox 698 5771 718 5801; x_wconf 87' lang='grc'><strong>⁹</strong></span> <span class='ocrx_word' id='word_1_823' title='bbox 745 5768 900 5824; x_wconf 77' lang='lat' dir='ltr'><strong>Rom.</strong></span> <span class='ocrx_word' id='word_1_824' title='bbox 929 5786 966 5829; x_wconf 82' lang='grc' dir='ltr'><em>ι.</em></span> <span class='ocrx_word' id='word_1_825' title='bbox 994 5773 1039 5825; x_wconf 90' lang='lat' dir='ltr'><strong>I.</strong></span> <span class='ocrx_word' id='word_1_826' title='bbox 1124 5774 1164 5804; x_wconf 84' lang='grc'><strong>¹⁰</strong></span> <span class='ocrx_word' id='word_1_827' title='bbox 1209 5771 1343 5825; x_wconf 76' lang='lat' dir='ltr'><strong>Ibid.</strong></span> <span class='ocrx_word' id='word_1_828' title='bbox 1427 5773 1463 5803; x_wconf 88' lang='grc'><strong>¹¹</strong></span> <span class='ocrx_word' id='word_1_829' title='bbox 1500 5773 1615 5827; x_wconf 77' lang='lat' dir='ltr'><strong>Act.</strong></span> <span class='ocrx_word' id='word_1_830' title='bbox 1647 5776 1820 5829; x_wconf 76' lang='lat' dir='ltr'><strong>xm.‘:’.</strong></span> <span class='ocrx_word' id='word_1_831' title='bbox 1923 5776 1962 5806; x_wconf 83' lang='lat'>&quot;</span> <span class='ocrx_word' id='word_1_832' title='bbox 2000 5775 2009 5829; x_wconf 93' lang='lat' dir='ltr'><strong>I</strong></span> 
     </span>
    </p>
   </div>
   <div class='ocr_carea' id='block_1_112' title="bbox 2113 5695 3190 5829">
    <p class='ocr_par' dir='ltr' id='par_1_112' title="bbox 2117 5698 3190 5829">
     <span class='ocr_line' id='line_1_113' title="bbox 2117 5698 3190 5825; baseline -0.004 -69"><span class='ocrx_word' id='word_1_833' title='bbox 2117 5717 2194 5769; x_wconf 90' lang='grc' dir='ltr'><em>ιιι,</em></span> <span class='ocrx_word' id='word_1_834' title='bbox 2215 5703 2307 5824; x_wconf 56' lang='lat'><strong>2&#39;5.</strong></span> <span class='ocrx_word' id='word_1_835' title='bbox 2338 5703 2380 5825; x_wconf 63' lang='grc'><strong>2⁸</strong></span> <span class='ocrx_word' id='word_1_836' title='bbox 2409 5698 2511 5755; x_wconf 85' lang='lat' dir='ltr'><strong>Isa.</strong></span> <span class='ocrx_word' id='word_1_837' title='bbox 2539 5698 2696 5766; x_wconf 74' lang='lat' dir='ltr'><strong>v,18.</strong></span> <span class='ocrx_word' id='word_1_838' title='bbox 2762 5699 2782 5731; x_wconf 77' lang='grc'>⁸</span> <span class='ocrx_word' id='word_1_839' title='bbox 2815 5698 2967 5755; x_wconf 82' lang='lat' dir='ltr'><strong>Joan.</strong></span> <span class='ocrx_word' id='word_1_840' title='bbox 2997 5715 3088 5766; x_wconf 70' lang='lat' dir='ltr'><strong>xx,</strong></span> <span class='ocrx_word' id='word_1_841' title='bbox 3121 5699 3190 5752; x_wconf 70' lang='grc'><strong>25</strong></span> 
     </span>
     <span class='ocr_line' id='line_1_114' title="bbox 2135 5789 2384 5829; baseline -0.004 -3"><span class='ocrx_word' id='word_1_842' title='bbox 2135 5789 2208 5829; x_wconf 70' lang='grc' dir='ltr'><strong>γι.</strong></span> <span class='ocrx_word' id='word_1_843' title='bbox 2279 5816 2290 5829; x_wconf 86' lang='grc'><strong>.</strong></span> <span class='ocrx_word' id='word_1_844' title='bbox 2374 5811 2384 5825; x_wconf 94' lang='grc'><strong>.</strong></span> 
     </span>
    </p>
   </div>
   <div class='ocr_carea' id='block_1_113' title="bbox 2027 5790 2384 5842">
    <p class='ocr_par' dir='ltr' id='par_1_113' title="bbox 2027 5790 2384 5842">
     <span class='ocr_line' id='line_1_115' title="bbox 2027 5790 2384 5842; baseline -0.014 -12"><span class='ocrx_word' id='word_1_845' title='bbox 2027 5792 2102 5833; x_wconf 83' lang='lat' dir='ltr'><strong>sa.</strong></span> <span class='ocrx_word' id='word_1_846' title='bbox 2135 5790 2208 5842; x_wconf 68' lang='grc' dir='ltr'><em>γι,</em></span> <span class='ocrx_word' id='word_1_847' title='bbox 2245 5790 2290 5838; x_wconf 86' lang='grc' dir='ltr'><strong>ι,</strong></span> <span class='ocrx_word' id='word_1_848' title='bbox 2338 5790 2384 5825; x_wconf 82' lang='lat' dir='ltr'><strong>z.</strong></span> 
     </span>
    </p>
   </div>
   <div class='ocr_carea' id='block_1_114' title="bbox 432 5764 1820 5838">
    <p class='ocr_par' dir='ltr' id='par_1_114' title="bbox 432 5764 1820 5838">
     <span class='ocr_line' id='line_1_116' title="bbox 432 5764 1820 5838; baseline 0.004 -18"><span class='ocrx_word' id='word_1_849' title='bbox 432 5765 453 5797; x_wconf 89' lang='grc'><strong><em>⁸</em></strong></span> <span class='ocrx_word' id='word_1_850' title='bbox 487 5764 620 5822; x_wconf 83' lang='lat' dir='ltr'><strong>Ibid.</strong></span> <span class='ocrx_word' id='word_1_851' title='bbox 698 5771 718 5801; x_wconf 87' lang='grc'><strong>⁹</strong></span> <span class='ocrx_word' id='word_1_852' title='bbox 745 5768 900 5824; x_wconf 77' lang='lat' dir='ltr'><strong>Rom.</strong></span> <span class='ocrx_word' id='word_1_853' title='bbox 929 5786 966 5836; x_wconf 91' lang='lat' dir='ltr'><strong>t,</strong></span> <span class='ocrx_word' id='word_1_854' title='bbox 994 5773 1039 5825; x_wconf 90' lang='lat' dir='ltr'><strong>I.</strong></span> <span class='ocrx_word' id='word_1_855' title='bbox 1124 5774 1164 5804; x_wconf 84' lang='grc'><strong>¹⁰</strong></span> <span class='ocrx_word' id='word_1_856' title='bbox 1209 5771 1343 5825; x_wconf 76' lang='lat' dir='ltr'><strong>Ibid.</strong></span> <span class='ocrx_word' id='word_1_857' title='bbox 1427 5773 1463 5803; x_wconf 88' lang='grc'><strong>¹¹</strong></span> <span class='ocrx_word' id='word_1_858' title='bbox 1500 5773 1615 5827; x_wconf 77' lang='lat' dir='ltr'><strong>Act.</strong></span> <span class='ocrx_word' id='word_1_859' title='bbox 1647 5776 1820 5838; x_wconf 76' lang='lat' dir='ltr'><strong>xm,‘:’.</strong></span> 
     </span>
    </p>
   </div>
   <div class='ocr_carea' id='block_1_115' title="bbox 2105 4581 3675 4654">
    <p class='ocr_par' dir='ltr' id='par_1_115' title="bbox 2105 4581 3675 4654">
     <span class='ocr_line' id='line_1_117' title="bbox 2105 4581 3675 4654; baseline 0 -16"><span class='ocrx_word' id='word_1_860' title='bbox 2105 4604 2197 4638; x_wconf 77' lang='grc' dir='ltr'><strong>ται</strong></span> <span class='ocrx_word' id='word_1_861' title='bbox 2245 4585 2340 4654; x_wconf 82' lang='grc' dir='ltr'><em>μὲν</em></span> <span class='ocrx_word' id='word_1_862' title='bbox 2386 4583 2548 4636; x_wconf 72' lang='grc' dir='ltr'><em>αὑτὸν</em></span> <span class='ocrx_word' id='word_1_863' title='bbox 2600 4581 2806 4652; x_wconf 80' lang='grc' dir='ltr'><em>Κύριος</em></span> <span class='ocrx_word' id='word_1_864' title='bbox 2854 4585 2880 4634; x_wconf 86' lang='grc' dir='ltr'>ὁ</span> <span class='ocrx_word' id='word_1_865' title='bbox 2923 4581 3054 4643; x_wconf 79' lang='grc' dir='ltr'><em>Θεὸς</em></span> <span class='ocrx_word' id='word_1_866' title='bbox 3100 4583 3210 4634; x_wconf 87' lang='grc' dir='ltr'><strong>τῶν</strong></span> <span class='ocrx_word' id='word_1_867' title='bbox 3255 4585 3551 4653; x_wconf 82' lang='grc' dir='ltr'><em>πατέρων,</em></span> <span class='ocrx_word' id='word_1_868' title='bbox 3610 4585 3675 4639; x_wconf 83' lang='grc' dir='ltr'><em>ὃν</em></span> 
     </span>
    </p>
   </div>
   <div class='ocr_carea' id='block_1_116' title="bbox 2105 4661 3676 4736">
    <p class='ocr_par' dir='ltr' id='par_1_116' title="bbox 2105 4661 3676 4736">
     <span class='ocr_line' id='line_1_118' title="bbox 2105 4661 3676 4736; baseline 0 -16"><span class='ocrx_word' id='word_1_869' title='bbox 2105 4672 2160 4723; x_wconf 80' lang='grc' dir='ltr'><strong>δὲ</strong></span> <span class='ocrx_word' id='word_1_870' title='bbox 2229 4661 2382 4726; x_wconf 77' lang='grc' dir='ltr'><em>οὗτος</em></span> <span class='ocrx_word' id='word_1_871' title='bbox 2439 4665 2891 4736; x_wconf 79' lang='grc' dir='ltr'><em>προεχειρίσατο,</em></span> <span class='ocrx_word' id='word_1_872' title='bbox 2951 4663 3039 4715; x_wconf 68' lang='grc' dir='ltr'><strong>τὸν</strong></span> <span class='ocrx_word' id='word_1_873' title='bbox 3103 4665 3267 4716; x_wconf 82' lang='grc' dir='ltr'><em>αὐτὸν</em></span> <span class='ocrx_word' id='word_1_874' title='bbox 3315 4667 3568 4733; x_wconf 77' lang='grc' dir='ltr'><em>ἀφορίζει</em></span> <span class='ocrx_word' id='word_1_875' title='bbox 3608 4668 3676 4720; x_wconf 77' lang='grc' dir='ltr'><strong>τὸ</strong></span> 
     </span>
    </p>
   </div>
   <div class='ocr_carea' id='block_1_117' title="bbox 2108 4745 3678 4819">
    <p class='ocr_par' dir='ltr' id='par_1_117' title="bbox 2108 4745 3678 4819">
     <span class='ocr_line' id='line_1_119' title="bbox 2108 4745 3678 4819; baseline -0.003 -14"><span class='ocrx_word' id='word_1_876' title='bbox 2108 4752 2352 4819; x_wconf 80' lang='grc' dir='ltr'><em>Πνεῦμα,</em></span> <span class='ocrx_word' id='word_1_877' title='bbox 2383 4749 2638 4818; x_wconf 73' lang='grc' dir='ltr'><em>αὐθεντίᾳ</em></span> <span class='ocrx_word' id='word_1_878' title='bbox 2670 4747 2885 4814; x_wconf 85' lang='grc' dir='ltr'><em>φύσεως</em></span> <span class='ocrx_word' id='word_1_879' title='bbox 2919 4745 3223 4816; x_wconf 63' lang='grc' dir='ltr'><em>χρώμενον,</em></span> <span class='ocrx_word' id='word_1_880' title='bbox 3271 4749 3387 4808; x_wconf 85' lang='grc' dir='ltr'><em>πῶς</em></span> <span class='ocrx_word' id='word_1_881' title='bbox 3418 4749 3678 4818; x_wconf 78' lang='grc' dir='ltr'><em>ἑτερότης</em></span> 
     </span>
    </p>
   </div>
   <div class='ocr_carea' id='block_1_118' title="bbox 2106 4825 3679 4902">
    <p class='ocr_par' dir='ltr' id='par_1_118' title="bbox 2106 4825 3679 4902">
     <span class='ocr_line' id='line_1_120' title="bbox 2106 4825 3679 4902; baseline -0.012 -11"><span class='ocrx_word' id='word_1_882' title='bbox 2106 4837 2292 4897; x_wconf 77' lang='grc' dir='ltr'><em>οὐσίας</em></span> <span class='ocrx_word' id='word_1_883' title='bbox 2326 4837 2381 4887; x_wconf 77' lang='grc' dir='ltr'><em>ὲν</em></span> <span class='ocrx_word' id='word_1_884' title='bbox 2430 4836 2496 4902; x_wconf 75' lang='grc' dir='ltr'><strong>τῇ</strong></span> <span class='ocrx_word' id='word_1_885' title='bbox 2537 4831 2747 4902; x_wconf 82' lang='grc' dir='ltr'><em>Τριάδι,</em></span> <span class='ocrx_word' id='word_1_886' title='bbox 2781 4832 2840 4881; x_wconf 78' lang='grc' dir='ltr'><em>ὲν</em></span> <span class='ocrx_word' id='word_1_887' title='bbox 2915 4828 3177 4896; x_wconf 80' lang='grc' dir='ltr'><em>ταυτότης</em></span> <span class='ocrx_word' id='word_1_888' title='bbox 3213 4831 3497 4900; x_wconf 79' lang='grc' dir='ltr'><em>ἐνεργείας</em></span> <span class='ocrx_word' id='word_1_889' title='bbox 3527 4833 3679 4902; x_wconf 70' lang='grc' dir='ltr'><em>εὑρί-</em></span> 
     </span>
    </p>
   </div>
   <div class='ocr_carea' id='block_1_119' title="bbox 2106 4937 2328 4984">
    <p class='ocr_par' dir='ltr' id='par_1_119' title="bbox 2106 4937 2328 4984">
     <span class='ocr_line' id='line_1_121' title="bbox 2106 4937 2328 4984; baseline -0.005 -9"><span class='ocrx_word' id='word_1_890' title='bbox 2106 4937 2328 4984; x_wconf 77' lang='grc' dir='ltr'><em>σκεταις</em></span> 
     </span>
    </p>
   </div>
   <div class='ocr_carea' id='block_1_120' title="bbox 2645 4984 3126 5038">
    <p class='ocr_par' dir='ltr' id='par_1_120' title="bbox 2645 4984 3126 5038">
     <span class='ocr_line' id='line_1_122' title="bbox 2645 4984 3126 5038; baseline -0.002 -1"><span class='ocrx_word' id='word_1_891' title='bbox 2645 4985 2747 5037; x_wconf 84' lang='grc' dir='ltr'><strong>Ἐκ</strong></span> <span class='ocrx_word' id='word_1_892' title='bbox 2775 4984 2882 5038; x_wconf 89' lang='grc' dir='ltr'><strong>τοῦ</strong></span> <span class='ocrx_word' id='word_1_893' title='bbox 2921 4984 3126 5038; x_wconf 81' lang='grc' dir='ltr'><em>αὐτοῦ.</em></span> 
     </span>
    </p>
   </div>
   <div class='ocr_carea' id='block_1_121' title="bbox 2188 5072 3679 5147">
    <p class='ocr_par' dir='ltr' id='par_1_121' title="bbox 2188 5072 3679 5147">
     <span class='ocr_line' id='line_1_123' title="bbox 2188 5072 3679 5147; baseline -0.004 -11"><span class='ocrx_word' id='word_1_894' title='bbox 2188 5083 2411 5143; x_wconf 77' lang='grc' dir='ltr'><em>Ἡσαΐας</em></span> <span class='ocrx_word' id='word_1_895' title='bbox 2447 5080 2474 5131; x_wconf 84' lang='grc' dir='ltr'><strong>ὁ</strong></span> <span class='ocrx_word' id='word_1_896' title='bbox 2509 5079 2793 5147; x_wconf 76' lang='grc' dir='ltr'><em>προφήτης</em></span> <span class='ocrx_word' id='word_1_897' title='bbox 2848 5072 3056 5139; x_wconf 80' lang='grc' dir='ltr'><em>Εἶδον,</em></span> <span class='ocrx_word' id='word_1_898' title='bbox 3106 5075 3233 5144; x_wconf 77' lang='grc' dir='ltr'><em>ἔφη,</em></span> <span class='ocrx_word' id='word_1_899' title='bbox 3287 5077 3394 5129; x_wconf 84' lang='grc' dir='ltr'><strong>τὸν</strong></span> <span class='ocrx_word' id='word_1_900' title='bbox 3454 5077 3679 5143; x_wconf 79' lang='grc' dir='ltr'><em>Κύριον</em></span> 
     </span>
    </p>
   </div>
   <div class='ocr_carea' id='block_1_122' title="bbox 2108 5159 3677 5230">
    <p class='ocr_par' dir='ltr' id='par_1_122' title="bbox 2108 5159 3677 5230">
     <span class='ocr_line' id='line_1_124' title="bbox 2108 5159 3677 5230; baseline -0.006 -8"><span class='ocrx_word' id='word_1_901' title='bbox 2108 5166 2347 5222; x_wconf 80' lang='grc' dir='ltr'><strong>Σαϐαὼθ</strong></span> <span class='ocrx_word' id='word_1_902' title='bbox 2379 5163 2719 5230; x_wconf 77' lang='grc' dir='ltr'><em>καθήμενον</em></span> <span class='ocrx_word' id='word_1_903' title='bbox 2753 5159 2851 5213; x_wconf 78' lang='grc' dir='ltr'><strong>ἐπὶ</strong></span> <span class='ocrx_word' id='word_1_904' title='bbox 2883 5160 3102 5226; x_wconf 85' lang='grc' dir='ltr'><em>θρόνου</em></span> <span class='ocrx_word' id='word_1_905' title='bbox 3133 5159 3400 5226; x_wconf 58' lang='grc' dir='ltr'><em>ὑψηλοῦ,</em></span> <span class='ocrx_word' id='word_1_906' title='bbox 3441 5159 3538 5212; x_wconf 82' lang='grc' dir='ltr'><strong>καί</strong></span> <span class='ocrx_word' id='word_1_907' title='bbox 3566 5161 3677 5214; x_wconf 79' lang='grc' dir='ltr'><strong>έπ-</strong></span> 
     </span>
    </p>
   </div>
   <div class='ocr_carea' id='block_1_123' title="bbox 2105 5240 3676 5318">
    <p class='ocr_par' dir='ltr' id='par_1_123' title="bbox 2105 5240 3676 5318">
     <span class='ocr_line' id='line_1_125' title="bbox 2105 5240 3676 5318; baseline -0.003 -16"><span class='ocrx_word' id='word_1_908' title='bbox 2105 5250 2386 5318; x_wconf 84' lang='grc' dir='ltr'><em>ηρμένου,</em></span> <span class='ocrx_word' id='word_1_909' title='bbox 2409 5245 2505 5301; x_wconf 79' lang='grc' dir='ltr'><strong>καί</strong></span> <span class='ocrx_word' id='word_1_910' title='bbox 2537 5247 2606 5297; x_wconf 76' lang='grc' dir='ltr'><em>τὰ</em></span> <span class='ocrx_word' id='word_1_911' title='bbox 2636 5244 2897 5310; x_wconf 67' lang='grc' dir='ltr'><em>Σεραφίμ</em></span> <span class='ocrx_word' id='word_1_912' title='bbox 2925 5240 3316 5306; x_wconf 71' lang='grc' dir='ltr'><em>είστήιιεισαν</em></span> <span class='ocrx_word' id='word_1_913' title='bbox 3342 5243 3550 5306; x_wconf 71' lang='grc' dir='ltr'><em>κύκλῳ</em></span> <span class='ocrx_word' id='word_1_914' title='bbox 3569 5247 3676 5297; x_wconf 82' lang='grc' dir='ltr'><em>αύ-</em></span> 
     </span>
    </p>
   </div>
   <div class='ocr_carea' id='block_1_124' title="bbox 2109 5324 3674 5399">
    <p class='ocr_par' dir='ltr' id='par_1_124' title="bbox 2109 5324 3674 5399">
     <span class='ocr_line' id='line_1_126' title="bbox 2109 5324 3674 5399; baseline -0.007 -11"><span class='ocrx_word' id='word_1_915' title='bbox 2109 5335 2238 5398; x_wconf 85' lang='grc' dir='ltr'><em>τοῦ,</em></span> <span class='ocrx_word' id='word_1_916' title='bbox 2281 5333 2348 5396; x_wconf 81' lang='grc' dir='ltr'><strong>ἒξ</strong></span> <span class='ocrx_word' id='word_1_917' title='bbox 2383 5329 2670 5399; x_wconf 80' lang='grc' dir='ltr'><em>πτέρυγες</em></span> <span class='ocrx_word' id='word_1_918' title='bbox 2721 5327 2800 5392; x_wconf 84' lang='grc' dir='ltr'><strong>τῷ</strong></span> <span class='ocrx_word' id='word_1_919' title='bbox 2839 5329 2954 5390; x_wconf 80' lang='grc' dir='ltr'><em>ἐνί,</em></span> <span class='ocrx_word' id='word_1_920' title='bbox 2996 5326 3094 5378; x_wconf 77' lang='grc' dir='ltr'><strong>καί</strong></span> <span class='ocrx_word' id='word_1_921' title='bbox 3135 5324 3204 5387; x_wconf 81' lang='grc' dir='ltr'><strong>ἐξ</strong></span> <span class='ocrx_word' id='word_1_922' title='bbox 3245 5324 3533 5394; x_wconf 79' lang='grc' dir='ltr'><em>πτέρυγες</em></span> <span class='ocrx_word' id='word_1_923' title='bbox 3594 5327 3674 5391; x_wconf 81' lang='grc' dir='ltr'><strong>τῷ</strong></span> 
     </span>
    </p>
   </div>
   <div class='ocr_carea' id='block_1_125' title="bbox 2109 5406 3676 5486">
    <p class='ocr_par' dir='ltr' id='par_1_125' title="bbox 2109 5406 3676 5486">
     <span class='ocr_line' id='line_1_127' title="bbox 2109 5406 3676 5486; baseline -0.003 -17"><span class='ocrx_word' id='word_1_924' title='bbox 2109 5421 2220 5474; x_wconf 82' lang='grc' dir='ltr'><em>ἐνί.</em></span> <span class='ocrx_word' id='word_1_925' title='bbox 2248 5419 2354 5470; x_wconf 72' lang='grc' dir='ltr'><strong>Καὶ</strong></span> <span class='ocrx_word' id='word_1_926' title='bbox 2379 5417 2497 5486; x_wconf 74' lang='grc' dir='ltr'><em>μετ’</em></span> <span class='ocrx_word' id='word_1_927' title='bbox 2528 5413 2686 5480; x_wconf 85' lang='grc' dir='ltr'><em>ὀλίγα</em></span> <span class='ocrx_word' id='word_1_928' title='bbox 2727 5413 2897 5480; x_wconf 81' lang='grc' dir='ltr'><em>φησί·</em></span> <span class='ocrx_word' id='word_1_929' title='bbox 2937 5412 3044 5464; x_wconf 81' lang='grc' dir='ltr'><strong>Καὶ</strong></span> <span class='ocrx_word' id='word_1_930' title='bbox 3081 5406 3214 5462; x_wconf 78' lang='grc' dir='ltr'><em>εἶπε</em></span> <span class='ocrx_word' id='word_1_931' title='bbox 3261 5411 3477 5476; x_wconf 82' lang='grc' dir='ltr'><em>Κύριος</em></span> <span class='ocrx_word' id='word_1_932' title='bbox 3521 5413 3676 5478; x_wconf 81' lang='grc' dir='ltr'><em>πρός</em></span> 
     </span>
    </p>
   </div>
   <div class='ocr_carea' id='block_1_126' title="bbox 2105 5491 3676 5573">
    <p class='ocr_par' dir='ltr' id='par_1_126' title="bbox 2105 5491 3676 5573">
     <span class='ocr_line' id='line_1_128' title="bbox 2105 5491 3676 5573; baseline -0.006 -17"><span class='ocrx_word' id='word_1_933' title='bbox 2105 5520 2202 5573; x_wconf 86' lang='grc' dir='ltr'><strong>με,</strong></span> <span class='ocrx_word' id='word_1_934' title='bbox 2229 5501 2514 5570; x_wconf 87' lang='grc' dir='ltr'><em>Πορεύου,</em></span> <span class='ocrx_word' id='word_1_935' title='bbox 2567 5499 2665 5550; x_wconf 81' lang='grc' dir='ltr'><strong>καί</strong></span> <span class='ocrx_word' id='word_1_936' title='bbox 2715 5495 2888 5548; x_wconf 80' lang='grc' dir='ltr'><em>εἰπὸν</em></span> <span class='ocrx_word' id='word_1_937' title='bbox 2936 5494 3017 5558; x_wconf 85' lang='grc' dir='ltr'><strong>τῷ</strong></span> <span class='ocrx_word' id='word_1_938' title='bbox 3049 5491 3178 5556; x_wconf 78' lang='grc' dir='ltr'><strong>νζαῷ</strong></span> <span class='ocrx_word' id='word_1_939' title='bbox 3220 5492 3448 5554; x_wconf 66' lang='grc' dir='ltr'><em>τοῦτον</em></span> <span class='ocrx_word' id='word_1_940' title='bbox 3494 5493 3676 5561; x_wconf 78' lang='grc' dir='ltr'><em>Ἀκοῇ</em></span> 
     </span>
    </p>
   </div>
   <div class='ocr_carea' id='block_1_127' title="bbox 2110 5574 3678 5651">
    <p class='ocr_par' dir='ltr' id='par_1_127' title="bbox 2110 5574 3678 5651">
     <span class='ocr_line' id='line_1_129' title="bbox 2110 5574 3678 5651; baseline -0.01 -8"><span class='ocrx_word' id='word_1_941' title='bbox 2110 5588 2423 5651; x_wconf 74' lang='grc' dir='ltr'><em>ἀκούσετε,</em></span> <span class='ocrx_word' id='word_1_942' title='bbox 2490 5583 2586 5636; x_wconf 82' lang='grc' dir='ltr'><strong>καί</strong></span> <span class='ocrx_word' id='word_1_943' title='bbox 2639 5584 2710 5634; x_wconf 85' lang='grc' dir='ltr'><em>οὺ</em></span> <span class='ocrx_word' id='word_1_944' title='bbox 2756 5579 2846 5647; x_wconf 78' lang='grc' dir='ltr'><em>μὴ</em></span> <span class='ocrx_word' id='word_1_945' title='bbox 2896 5576 3145 5643; x_wconf 84' lang='grc' dir='ltr'><em>συνῆτε,</em></span> <span class='ocrx_word' id='word_1_946' title='bbox 3201 5575 3299 5628; x_wconf 82' lang='grc' dir='ltr'><strong>καί</strong></span> <span class='ocrx_word' id='word_1_947' title='bbox 3334 5574 3678 5642; x_wconf 68' lang='grc' dir='ltr'><em>,ϐλέποντες</em></span> 
     </span>
    </p>
   </div>
   <div class='ocr_carea' id='block_1_128' title="bbox 3289 5693 3674 5757">
    <p class='ocr_par' dir='ltr' id='par_1_128' title="bbox 3289 5693 3674 5757">
     <span class='ocr_line' id='line_1_130' title="bbox 3289 5693 3674 5757; baseline -0.005 -7"><span class='ocrx_word' id='word_1_948' title='bbox 3289 5699 3306 5728; x_wconf 77' lang='grc'><strong>⁷</strong></span> <span class='ocrx_word' id='word_1_949' title='bbox 3335 5699 3454 5750; x_wconf 77' lang='lat' dir='ltr'><strong>Act.</strong></span> <span class='ocrx_word' id='word_1_950' title='bbox 3481 5709 3553 5757; x_wconf 74' lang='lat' dir='ltr'><strong>ix,</strong></span> <span class='ocrx_word' id='word_1_951' title='bbox 3587 5693 3674 5748; x_wconf 79' lang='lat' dir='ltr'><strong>I5.</strong></span> 
     </span>
    </p>
   </div>
  </div>
