4030 6222
225 352 335 416 ’129

1206 361 1578 424 PANOPLIA
1623 365 2084 429 DOGMATICA.
2108 394 2177 406 -
2216 372 2362 434 TIT.
2406 376 2514 437 Χῐ.

3382 381 3487 443 ’ῖἷο

218 463 522 557 paea-532,
542 462 642 557 ara}
677 464 750 519 οὑ
772 465 861 557 μὴ
887 465 1075 557 ἴδητε.
1094 468 1447 557 Ἐπαχύνθη
1474 475 1586 544 γὰρ
1610 476 1646 543 ἡ
1672 493 1804 542 καρ-

1911 489 2152 547 quuutur
2178 483 2219 540 ¹.
2251 483 2328 538 Ex
2376 485 2480 540 situ
2516 478 2735 554 quidem
2769 495 2931 557 atque
2979 488 3172 544 ordine
3198 488 3483 544 verborum

223 546 327 600 δία
353 547 460 600 τοῦ
483 546 641 601 λαοῦ
681 548 924 614 τούτου,
954 550 1051 603 καὶ
1080 552 1145 606 τὰ
1198 554 1348 624 ἑξῆς.
1378 555 1545 611 Ὅσον
1584 558 1683 628 μὲν
1714 558 1807 612 οῦν

222 629 369 683 κατὰ
427 629 524 698 τὴν
576 628 727 683 Θέσιν
792 630 1253 705 καὶβκολουθίαν
1309 637 1402 691 τοῦ
1456 640 1806 710 προφητικοῦ

222 714 577 784 γράμματος,
630 717 659 769 6
710 715 805 769 ἐπὶ
834 717 1057 775 πάντων
1087 721 1207 775 ἐστὶ
1264 724 1475 793 Πατὴρ,
1526 726 1555 777 ὁ
1597 726 1804 796 ὀφθεὶς,

222 796 321 850 ἀὶ
371 797 829 869 Χρησμοδοτήσας
882 801 959 871 τῷ
1005 804 1285 876 προφήτῃ.
1356 805 1417 862 '0
1472 808 1658 877 μέντοι
1705 810 1803 879 τῆς

222 880 456 951 βροντῆς
480 882 846 962 υίὸς-ἐξαίσια
878 885 1274 958 φθεγξάμενος,
1323 891 1419 945 καὶ
1450 889 1683 962 βροντῆς
1709 910 1806 961 φο-

222 962 528 1033 ϐερώτερα,
564 959 624 1019 οὗ
654 966 785 1021 ἴδιον
822 968 944 1038 οὐχ).
973 972 1032 1023 τὸ
1067 972 1180 1025 οὐκ
1225 967 1326 1042 ἦν,
1383 959 1519 1026 ἀ).λᾶ
1573 959 1742 1044 τὸ-ἦν
1773 977 1806 1029 ό

220 1046 436 1128 Λόγος.
471 1047 596 1100 Υἱδν
618 1049 723 1119 ἔφη
747 1050 837 1103 τὸν
864 1052 1119 1120 ὀφθέντα,
1154 1054 1248 1108 καὶ
1278 1056 1805 1128 χρησμοδοτήσαντα

216 1126 303 1196 τῷ
341 1131 623 1202 προφήτῃ.
665 1132 829 1199 Λέγει
862 1134 971 1205 γὰρ
1001 1135 1059 1188 ἐν
1090 1135 1167 1205 τῷ
1204 1126 1327 1206 toto
1366 1126 1761 1210 συγγράμματι
1786 1157 1803 1172 °

221 1211 327 1265 Διὰ
353 1213 531 1267 τοῦτο
571 1216 684 1269 οὐκ
723 1216 1026 1283 ἠδύναντο
1072 1222 1126 1273 οὶ
1159 1219 1442 1275 Ἰουδαῖοι
1492 1223 1806 1277 πιστεύειν

218 1297 310 1360 εἰς
335 1294 454 1363 τὴν
476 1295 736 1364 Ἰησοῦν,
767 1300 917 1353 διότι
946 1297 1121 1354 εἶπεν
1156 1301 1401 1369 Ἡσαΐας
1423 1305 1557 1372 περὶ
1578 1304 1801 1371 αὐτῶν,

223 1382 652 1451 Τετύφλωνται
680 1386 882 1439 αὐτῶν
909 1388 966 1439 οἱ
974 1384 1306 1456 ὀφθαλμοὶ,
1328 1391 1425 1444 καὶ
1457 1389 1805 1458 πεπώρωται

218 1464 425 1518 αὐτῶν
450 1466 487 1533 ἡ
516 1466 752 1534 καρδία,
791 1467 953 1535 ὅπως
978 1469 1066 1538 μὴ
1093 1470 1266 1525 ἴδωσι
1290 1471 1415 1537 τοῖς
1444 1474 1800 1543 ὀφθαλμοῖς.

217 1549 323 1602 καὶ
349 1548 586 1604 συνῶσι
616 1549 692 1619 τῇ
722 1552 959 1620 καρδίῃ,
997 1553 1099 1606 καὶ
1127 1554 1563 1625 ἐπιστρέψωσι,
1584 1557 1680 1613 καὶ
1714 1558 1803 1611 ici-

217 1647 416 1702 σωμαι
446 1636 692 1701 αὐτούς.
723 1633 919 1688 Ταῦτα
944 1629 1115 1688 εἶπεν
1141 1635 1406 1703 Ἡσαΐας,
1433 1638 1530 1693 ὅτε
1549 1637 1672 1694 εἶδε
1690 1640 1805 1702 τὴν

216 1715 414 1779 δόξαν
430 1717 638 1772 αὐτοῦ.
680 1718 739 1770 '0
769 1718 824 1771 δὲ
841 1718 1061 1797 Παῦλος
1095 1719 1192 1773 τοῦ
1233 1721 1555 1792 Πνεῦματος
1589 1725 1805 1797 ἀπεφή-

1911 563 2188 631 ρτοιιὶιεῑει
2217 576 2431 623 constat
2468 585 2592 625 eum
2626 571 2719 641 qui
2764 586 2929 641 super
2978 575 3159 627 omnia
3190 573 3349 627 Pater
3378 582 3484 637 est,

1912 643 1987 699 illi
2020 648 2361 715 apparuisse,
2387 659 2442 707 et
2470 652 2644 720 ipsum
2674 653 2845 711 fuisse
2892 656 3212 710 allocutum.
3242 654 3312 709 At
3340 655 3484 709 ﬁlius

1913 729 2167 793 tonitrus,
2194 733 2284 799 qui
2333 733 2585 789 sublimia
2616 737 2924 805 tonitruque
2954 737 3278 791 terribiliora
3310 736 3487 804 loqui-

1914 823 2021 878 tur,
2051 814 2210 882 cujus
2241 819 2520 884 proprium
2554 832 2638 874 est
2673 837 2777 876 non
2813 821 2941 875 illud
2970 838 2984 874 :
3025 820 3147 875 Non
3198 833 3334 883 erat,
3388 820 3483 874 sed

1913 895 2047 951 illud
2082 915 2094 951 :
2128 896 2197 951 In
2223 899 2485 969 principio
2516 915 2626 956 erat
2662 901 2901 969 Verbum,
2934 904 3127 957 Filium
3162 905 3288 957 dicit
3319 918 3484 972 appa-

1908 980 2087 1036 ruisse
2118 992 2167 1036 et
2196 986 2508 1050 prophetam
2545 988 2834 1042 allocutmu
2890 1002 3036 1043 esse.
3088 987 3178 1041 Sic
3226 987 3367 1040 enim
3429 987 3481 1038 in

1911 1062 2202 1133 Evangelio
2248 1083 2279 1120 ε
2343 1083 2403 1122 se
2454 1071 2765 1139 conscripto
2817 1071 2996 1125 dicit:
3060 1069 3345 1139 Propterea
3377 1086 3482 1124 non

1907 1157 2153 1216 poterant
2182 1148 2365 1204 Juda'i
2403 1155 2611 1208 credere
2640 1156 2693 1209 in
2713 1153 2920 1221 Iesum,
2954 1156 3076 1226 quia
3104 1157 3167 1208 de
3194 1156 3316 1221 ipsis
3345 1155 3482 1205 dixit

1906 1231 2091 1286 Isaias
2124 1248 2143 1286 :
2191 1234 2462 1289 Exca’cati
2493 1249 2617 1291 sunt
2668 1238 2808 1291 oculi
2853 1256 3054 1303 eorum,
3090 1249 3137 1292 et
3179 1240 3484 1291 induratum

1908 1324 1986 1369 est
2021 1318 2252 1386 ipsorum
2280 1336 2392 1383 cor,
2434 1338 2496 1373 ue
2528 1322 2738 1375 videant
2781 1322 2971 1386 oculis,
2995 1333 3043 1377 et
3082 1323 3239 1377 corde
3283 1320 3485 1372 intelli-

1906 1414 2049 1468 gant.
2105 1410 2157 1454 et
2204 1413 2598 1471 convertantur,
2650 1415 2700 1458 et
2757 1422 2936 1460 sanem
3001 1423 3111 1460 eos.
3169 1405 3293 1459 Hazc
3349 1403 3484 1465 discit

1905 1481 2102 1543 Isaias,
2134 1485 2346 1553 quando
2376 1486 2505 1540 vidit
2532 1486 2758 1556 gloriam
2793 1491 2905 1553 eius
2934 1491 2978 1544 '.
3013 1488 3216 1541 Paulus
3241 1500 3371 1539 vero
3405 1484 3485 1536 vi-

1906 1563 2114 1618 sionem
2157 1567 2292 1620 lianc
2328 1578 2383 1621 et
2414 1569 2724 1623 vaticinimn
2768 1571 2957 1625 tribuit
2989 1569 3215 1639 Spiritui
3246 1578 3478 1622 sancto:

1905 1643 2066 1708 Bene,
2116 1647 2387 1716 inquiens,
2437 1647 2672 1719 Spiritus
2744 1662 2961 1706 sanctus
3008 1652 3215 1706 locutus
3267 1662 3342 1703 est
3394 1664 3486 1717 per

1908 1724 2115 1781 Isaiam
2150 1731 2461 1795 prapltetam
2494 1733 2565 1783 ad
2601 1742 2782 1798 patres
2823 1744 3026 1787 uestros
3062 1748 3081 1787 :
3110 1733 3249 1786 Aure
3299 1730 3485 1783 audie-

219 1816 355 1852 νατο
379 1799 475 1869 τὴν
508 1800 779 1854 ὀπτασίαν
810 1796 973 1864 εἶναι,
1022 1803 1118 1856 καὶ
1162 1803 1262 1871 τὴν
1296 1806 1675 1876 χρησμῳδίαν,
1713 1796 1803 1861 λέ-

1911 1815 1999 1877 tis,
2023 1823 2073 1868 et
2103 1832 2207 1869 non
2252 1796 2662 1887 iutelligctis,iet
2707 1821 2935 1873 videntes
2985 1820 3246 1882 uidebitis,
3290 1828 3339 1871 ct
3381 1831 3485 1867 non

219 1897 358 1950 γων,
392 1883 601 1949 Καλῶς
620 1882 736 1953 ἔφη
764 1882 831 1936 τὸ
854 1884 1100 1954 Πνεῦμα
1123 1888 1189 1938 τὸ
1211 1885 1381 1954 ἅγιον
1406 1886 1505 1942 διὰ
1537 1889 1640 1943 τοῦ
1660 1904 1804 1959 προ-

1912 1899 2263 1966 perspicietis.
2309 1899 2680 1956 Iucrassatum
2726 1913 2800 1957 est
2844 1904 2981 1957 enim
3014 1919 3105 1956 cor
3156 1900 3337 1969 populi
3388 1899 3488 1958 Itu-

216 1966 420 2034 φήτου
452 1967 702 2021 Ἡσαΐου
728 1967 878 2035 πρὸς
907 1967 1049 2034 τοὺς
1086 1970 1337 2038 πατέρας
1369 1971 1568 2041 ὑμῶν’
1619 1974 1801 2045 Ἀκοῇ

1911 1979 1995 2048 ius
2024 1980 2066 2034 ⁸,
2101 1979 2230 2036 Haec
2267 1982 2312 2036 si
2342 1986 2754 2052 cognovissent,
2806 1996 2860 2039 et
2898 1995 3046 2040 recte
3086 1966 3488 2038 intellexissent

219 2053 541 2118 ἀκούσετε,
604 2052 701 2105 καί
743 2054 816 2106 οὐ
860 2052 949 2122 μὴ
997 2052 1253 2123 συνῆτε,
1309 2055 1411 2109 καὶ
1456 2056 1802 2128 ,βλέποντες

215 2136 510 2203 βλέψετε,
562 2136 661 2190 καὶ
706 2137 779 2190 οὐ
828 2135 915 2205 μὴ
964 2135 1151 2205 ἴδητε.
1192 2138 1536 2208 Ἐπαχύνθη
1593 2142 1703 2212 γὰρ
1760 2146 1795 2214 ἡ

1910 2062 2003 2131 qui
2051 2063 2434 2133 inperniciem
2475 2081 2632 2120 suam
2680 2068 2956 2137 sapientes
3013 2078 3161 2131 sunt,
3219 2066 3484 2134 Spiritum

1906 2155 2156 2203 sanctum
2196 2165 2225 2204 a
2261 2150 2546 2205 divinitate
2571 2167 2677 2206 non
2720 2153 3111 2220 scjnnxissent.

218 2228 437 2298 καρδία
466 2229 593 2314 τοῦ
644 2229 799 2314 λαοῦ
829 2231 1066 2314 τρύτου.
1105 2232 1168 2285 Ei
1225 2232 1281 2286 δὲ
1333 2233 1511 2288 ταῦτα
1566 2237 1844 2307 συνίεσαν,
1877 2245 1975 2297 uel.
2010 2243 2190 2306 καλῶς
2220 2245 2493 2313 ὑπήκουον
2531 2245 2580 2297 oi
2623 2243 2747 2297 καθ’
2797 2245 3009 2298 ἑαυτῶν
3042 2244 3227 2309 κακῶς
3268 2246 3488 2314 σοφιζό-

222 2330 400 2377 μενοι,
424 2313 524 2365 οὐκ
555 2312 621 2366 ἂν
644 2313 706 2367 τὸ
736 2312 960 2384 Πνεῦμα
1004 2316 1103 2386 τῆς
1152 2314 1410 2388 Θεότητος
1447 2318 1797 2391 ἡλλοτρίουν.

761 2429 858 2482 Ἐκ
894 2429 1003 2484 τοῦ
1026 2429 1245 2487 αὐτοῦ.

298 2520 372 2572 Τδ
401 2518 630 2590 Πνεῦμα
661 2520 721 2574 τὸ
746 2519 906 2589 ἅγιον
931 2524 1172 2593 Χριστὸς
1195 2525 1293 2577 καὶ
1339 2524 1548 2596 Κύριος
1605 2528 1807 2598 ὀνομά-

222 2604 406 2667 ζεται,
464 2603 717 2671 λέγοντος
781 2605 883 2674 μὲν
931 2606 1028 2659 τοῦ
1096 2607 1446 2671 ’Δποστόλου,
1490 2610 1563 2665 Et
1604 2609 1675 2665 δέ
1716 2627 1805 2678 τις

217 2689 471 2758 Πνεῦμα
494 2688 756 2757 Χριστοῦ
782 2690 898 2744 οὐκ
943 2690 1072 2760 ἔχει
1093 2731 1107 2756 ,
1147 2686 1328 2759 οὗτος
1355 2695 1469 2747 οὐκ
1496 2694 1672 2748 ἐστιν
1702 2697 1809 2749 αὑ-

219 2775 333 2830 τοῦ
362 2791 378 2806 ·
413 2774 463 2827 εί
515 2774 575 2828 δὲ
626 2774 862 2844 Χριστὸς
914 2776 973 2828 ἐν
998 2775 1150 2846 ὑμῖν,
1202 2776 1303 2848 τὴν
1354 2778 1450 2831 τοῦ
1484 2777 1805 2849 [πνεύματος

221 2859 502 2930 ἑνοίκησιν
536 2858 932 2926 ἀποφαίνοντος
954 2857 1220 2930 Χριστοῦ,
1242 2859 1495 2928 λέγοντος
1524 2861 1581 2915 δὲ
1615 2863 1800 2931 πάλιν,

230 2946 298 2999 '0
326 2943 397 2996 δὲ
421 2944 642 3010 Κύριος
667 2942 732 2996 τὸ
763 2943 1011 3012 Πνεῦμά
1030 2943 1224 3006 ἐστιν,
1254 2939 1327 2999 οὗ
1352 2944 1419 2997 τὸ
1450 2944 1697 3009 Πνεῦμα
1732 2946 1803 3000 δὲ

222 3030 450 3101 Κυρίου
476 3028 789 3096 ἐλευθερία
810 3044 825 3059 ⁸
853 3030 994 3083 ὥστε
1034 3029 1129 3082 τοῦ
1163 3028 1375 3098 Κυρίου
1415 3029 1640 3100 Πνεῦμα
1684 3031 1801 3084 Κύ-

222 3130 341 3187 ριος
360 3129 375 3144 ’
400 3113 504 3166 οὐκ
533 3110 642 3183 ἄρα
667 3115 857 3181 κτῆμα
878 3112 912 3183 ἢ
937 3112 1148 3182 κτίσμα
1172 3111 1406 3181 Κυρίου.

772 3227 871 3282 Ἕκ
903 3227 1012 3282 τοῦ
1042 3227 1254 3282 αὐτοῦ.

304 3321 474 3377 Ἀλλά
510 3320 715 3389 λέγεις,
739 3320 802 3374 Ei
823 3319 958 3374 Θεοῦ
998 3320 1100 3391 μὲν
1137 3319 1303 3374 εἰκὼν
1332 3323 1360 3375 6
1396 3320 1545 3384 Υἱὸς,
1579 3319 1714 3374 Υἰοῦ
1748 3319 1804 3373 δὲ

219 3408 390 3464 εἰκὼν
416 3407 480 3459 το
515 3404 758 3475 Πνεῦμα,
787 3402 928 3458 διατί
965 3403 1040 3475 μὴ
1067 3403 1192 3468 Υἱὸς
1218 3405 1313 3458 τοῦ
1346 3405 1479 3458 Υῑοῦ
1503 3406 1563 3458 τὸ
1580 3403 1806 3472 Πνεῦμα

223 3493 477 3563 εἷρηται;
512 3487 699 3558 Τούτῳ
730 3488 837 3558 γὰρ
867 3488 1204 3558 ἰσχυροτάτῳ
1233 3487 1371 3557 πρὸς
1417 3487 1514 3556 τὴν
1544 3487 1803 3568 ἀσέϐειαν

222 3578 470 3649 ἐχρήσω.
506 3576 575 3627 Ἢ
605 3573 715 3643 γὰρ
743 3574 897 3634 Υίὸν,
924 3573 956 3644 ἢ
984 3575 1192 3642 κτίσμα
1227 3571 1472 3635 κελεύεις
1507 3573 1667 3627 νοεῖν.
1692 3569 1804 3649 Καὶ

220 3664 305 3717 ὅτι
474 3658 603 3723 Υἱὸς
653 3657 995 3727 ὠνόμασται,
1050 3654 1138 3709 διὰ
1187 3656 1349 3709 τοῦτο
1408 3654 1615 3723 κτίσμα
1663 3648 1805 3707 εἶναι

222 3745 575 3816 βλασςρημεϊς
598 3742 659 3795 τὸ
689 3741 787 3810 τῆς
820 3738 1052 3799 κτίσεως
1083 3738 1278 3791 αἴτιον.
1341 3735 1590 3805 Λέγομεν
1653 3735 1803 3803 γοῦν,

218 3830 302 3885 δτι
332 3828 604 3883 τδείπεῖν
632 3825 754 3879 Υίον
793 3823 853 3887 ἐξ
890 3820 1017 3875 Υίοῦ
1053 3820 1153 3891 τὴν
1183 3820 1392 3890 Τριάδα
1419 3819 1514 3888 τῆς
1551 3817 1804 3886 Οεὸτητος

215 3918 299 3978 εις
331 3912 582 3983 πλήθους
645 3908 886 3978 ὑποψίαν
949 3905 1249 3976 προσῆγεν.
1280 3904 1539 3972 Ἕτοιμον
1593 3903 1701 3971 γὰρ
1738 3895 1807 3969 ἦν

215 3996 542 4058 ὑπολαϐεῖν,
567 3994 642 4056 ὠς
671 3994 831 4063 εἴπερ
864 3990 991 4053 Υἱὸς
1026 3989 1086 4053 ἐξ
1111 3986 1243 4040 Υἱοῦ
1273 3985 1597 4055 γεγένηται,
1621 3984 1717 4035 καὶ
1743 3983 1819 4043 ἐκ,

213 4082 423 4136 τούτου
452 4078 618 4133 πάλιν
644 4077 832 4147 ἕτερος
868 4075 935 4129 ἂν
963 4077 1051 4143 εἴη
1070 4071 1498 4142 γεγεννημένος,
1521 4070 1616 4124 καὶ
1645 4068 1807 4121 πάλιν

212 4168 407 4231 ἄλλος,
440 4161 539 4215 καὶ
567 4161 663 4218 ἐπ).
690 4159 894 4229 πλῆθος
918 4157 1067 4227 ἑξῆς.
1119 4155 1216 4207 Διὰ
1247 4155 1311 4223 δὴ
1344 4154 1504 4206 τοῦτο
1525 4154 1587 4204 τὸ
1614 4151 1715 4222 μὲν
1743 4152 1809 4204 ἐκ

212 4249 362 4305 Θεοῦ
388 4247 453 4300 τὸ
477 4244 702 4314 Πνεῦμα
729 4239 869 4296 εἶναι
898 4239 1113 4310 τρανῶς
1140 4237 1409 4308 ἐκήρυξεν
1435 4235 1808 4298 ὁἌπόστολος

210 4334 424 4403 λέγων,
456 4330 540 4384 ὁτι
571 4327 641 4381 T6
672 4325 915 4393 Πνεῦμα
949 4323 1055 4376 τοῦ
1090 4322 1240 4376 Θεοῦ
1272 4318 1592 4403 ἐλάϐομεν,
1622 4317 1808 4403 καίεο

2404 2443 2486 2498 Ea:
2514 2448 2697 2499 eadem
2717 2446 2983 2503 oratione.

1982 2531 2222 2603 Spiritus
2255 2547 2502 2601 sanctus,
2551 2537 2802 2593 Christus
2853 2546 2909 2593 et
2974 2537 3237 2593 Dominus
3301 2536 3489 2607 appel-

1906 2616 2070 2679 latur,
2101 2619 2315 2674 dicente
2356 2620 2521 2694 Paulo
2551 2621 2794 2690 apostolo
2829 2638 2844 2675 :
2876 2620 2936 2676 Si
2964 2623 3079 2692 quis
3112 2631 3289 2675 autem
3316 2620 3489 2687 Spiri-

1907 2707 2017 2750 tum
2042 2695 2242 2752 Christi
2267 2715 2370 2753 non
2398 2700 2576 2766 habet,
2620 2700 2703 2753 hic
2753 2717 2855 2754 non
2881 2709 2959 2756 est
2987 2702 3100 2771 ejus
3133 2701 3176 2755 ⁸.
3207 2700 3264 2755 Si
3303 2712 3483 2756 autem

1909 2778 2163 2837 Christus
2203 2781 2258 2835 in
2325 2783 2499 2846 vobis,
2560 2783 2798 2852 Spiritus
2849 2783 3238 2839 habitationem
3280 2783 3484 2839 Christi

1910 2868 2277 2922 demonstrat.
2313 2865 2454 2920 Dicit
2493 2876 2675 2920 autem
2700 2882 2915 2921 rursum
2953 2882 2967 2918 :
3020 2866 3276 2922 Dominus
3307 2878 3482 2920 autem

1909 2947 2145 3018 Spiritus
2167 2958 2269 3013 est,
2291 2948 2381 3001 ubi
2404 2959 2579 3002 autem
2600 2948 2831 3017 Spiritus
2854 2947 3088 3011 Domini,
3113 2948 3183 3001 ibi
3203 2948 3419 3002 libertas
3437 2949 3484 3004 ⁸.

1909 3031 2089 3098 Quare
2129 3031 2343 3084 Domini
2384 3029 2619 3100 Spiritus
2660 3031 2939 3097 Dominus,
2998 3046 3104 3086 non
3152 3032 3319 3100 igitur
3371 3046 3488 3087 scr-

1830 3126 1872 3184 c
1907 3131 2028 3181 γης,
2058 3131 2156 3170 uec
2194 3128 2438 3170 creatus.

2544 3225 2626 3282 Ex
2646 3228 2851 3285 eadem.

1975 3318 2045 3372 At
2092 3317 2137 3371 si
2202 3318 2294 3372 Dei
2350 3318 2569 3388 quidem
2622 3322 2801 3388 imago
2846 3319 3017 3375 Filius
3058 3329 3163 3384 est,
3214 3321 3487 3392 inquiens,

1908 3400 2151 3470 Spiritus
2202 3409 2381 3455 autem
2422 3402 2600 3469 imago
2637 3401 2782 3467 Filii,
2842 3417 2939 3455 cur
2992 3418 3098 3457 non
3156 3404 3327 3460 Filius
3366 3405 3487 3463 Filii

1908 3481 2145 3553 Spiritus
2178 3484 2359 3538 dictus
2397 3484 2524 3539 est?
2554 3484 2667 3539 lloc
2690 3486 2835 3540 enim
2865 3494 2920 3539 ut
2940 3500 3259 3556 argumento
3289 3491 3491 3546 lirmis-

1905 3566 2044 3620 simo
2071 3566 2137 3619 ad
2165 3565 2497 3633 impietatem
2556 3574 2703 3620 tuam
2749 3569 3175 3622 continuandam
3226 3585 3360 3625 usus
3404 3586 3485 3627 es.

1912 3651 2002 3705 Vis
2036 3653 2181 3704 enim
2227 3660 2286 3704 ut
2341 3649 2656 3713 autFilius,
2706 3660 2799 3704 aut
2857 3660 3076 3704 creatus
3130 3652 3487 3723 intelligatur.

1908 3733 1974 3788 Et
2008 3733 2262 3803 quoniam
2303 3730 2472 3785 Filius
2512 3748 2617 3785 non
2667 3741 2748 3785 est
2779 3732 3106 3801 appellatus,
3134 3734 3298 3803 impie
3330 3752 3487 3792 crea-

1910 3826 2019 3870 tum
2057 3817 2258 3871 asseris
2293 3829 2472 3869 rerum
2507 3827 2913 3882 procreatarum
2969 3823 3249 3870 auctorem
3280 3829 3335 3872 et
3361 3835 3488 3888 pro-

1908 3907 2235 3953 creatorem.
2299 3898 2705 3964 lleSpontlcmus
2766 3896 2958 3964 igitur,
3029 3895 3086 3950 Si
3132 3896 3256 3952 Filii
3315 3900 3488 3959 Filius

1909 3983 2296 4051 appellaretur,
2343 3998 2405 4032 ea
2445 3979 2699 4048 loquendi
2748 3980 2887 4034 ratio
2937 3981 3236 4036 trinitatem
3279 3985 3484 4042 Divini-

1911 4066 2038 4120 tatis
2075 4073 2130 4118 et
2157 4065 2526 4133 suspicionem
2565 4064 2929 4120 multitudinis
2968 4078 3207 4135 pareret.
3258 4067 3489 4145 Prompo

1911 4160 2025 4204 tum
2060 4150 2203 4203 enim
2235 4158 2383 4202 esset
2407 4148 2700 4216 suspicari,
2736 4148 2783 4203 si
2814 4147 2983 4225 Filius
3012 4165 3076 4205 ex
3111 4150 3248 4206 Filio
3271 4154 3488 4223 genitus

1908 4241 2074 4297 esset,
2108 4232 2273 4285 alium
2310 4246 2498 4285 rursus
2528 4247 2592 4286 ex
2633 4232 2755 4296 hoc,
2795 4240 2956 4300 atque
3001 4233 3074 4286 ita
3105 4236 3305 4291 multos
3336 4238 3491 4292 dein-

1909 4330 2037 4385 ccps
2066 4314 2204 4367 ﬁlios
2224 4328 2345 4367 esse
2376 4313 2609 4382 genitos.
2630 4312 2839 4367 Idcirco
2882 4313 3145 4384 Spiritum
3170 4317 3389 4385 quidem
3423 4334 3489 4375 ex

210 4395 303 4471 διᾶ
365 4414 467 4467 τοῦ
521 4409 655 4464 Υίοῦ
714 4408 1017 4476 πεφηνέναι
1076 4406 1249 4475 σαφὲς
1312 4402 1635 4472 πεποίηκεν,
1671 4397 1804 4452 Υίοῦ

1913 4398 2022 4452 Deo
2068 4413 2187 4451 esse
2218 4395 2414 4450 Paulus
2456 4406 2639 4464 aperte
2684 4399 3077 4465 pronuntiavit,
3119 4399 3344 4466 dicens,
3395 4417 3490 4456 nos

215 4457 465 4566 Πῖεῦμα
488 4457 940 4560 capesse—5:518,
974 4457 1351 4557 καθάπεέκαὶ
1382 4457 1541 4549 Θεοῦ,
1565 4457 1804 4566 καὶ-νοῦν

1912 4479 2171 4563 Spiritum
2202 4480 2292 4547 qui
2333 4494 2397 4532 ea:
2435 4478 2540 4532 Deo
2579 4488 2656 4533 est
2694 4481 2982 4547 accepisse,
3026 4492 3083 4536 et
3144 4484 3289 4537 hunc
3323 4485 3493 4541 fuisse

208 4563 472 4650 Χριστοῦ
519 4573 859 4645 προσειπὼν,
918 4571 1175 4640 καθάπερ
1227 4569 1323 4622 καὶ
1371 4566 1506 4621 Θεοῦ
1555 4563 1800 4650 Πνεῦμα.

209 4645 354 4721 Υίδν
383 4662 444 4715 δὲ
478 4658 572 4714 τοῦ
595 4657 726 4712 Υἱοῦ
761 4658 1078 4728 προσειπεῖν
1112 4652 1437 4721 ἐφυλάξατο,
1474 4652 1566 4704 ἴνα
1596 4645 1674 4712 εἷς
1703 4648 1803 4718 μὲν

209 4752 307 4819 εἴη
338 4745 539 4814 Πατὴρ
583 4745 610 4795 ὁ
635 4742 789 4805 Θεὸς,
821 4741 908 4793 ἀεὶ
949 4738 1139 4808 Πατὴρ
1164 4737 1455 4807 διαμένων,
1493 4736 1587 4788 καὶ
1608 4732 1684 4786 ὢν
1720 4734 1806 4784 di-

206 4835 375 4894 δίως,
407 4828 437 4881 ὅ
465 4828 613 4878 ἐστιν
634 4839 651 4857 ο
678 4820 759 4888 εἷς
788 4823 843 4877 δὲ
881 4822 1010 4885 Υἱὸς
1044 4820 1199 4889 ἀϊδίῳ
1244 4823 1496 4887 γεννήσει
1544 4833 1807 4884 γεγεννη-

213 4917 414 4985 μένος,
446 4910 476 4961 6
502 4911 760 4977 ἁνάρχως
788 4908 887 4960 σὺν
924 4905 1002 4976 τῷ
1030 4904 1206 4974 Πατρὶ
1225 4902 1352 4985 Tib;
1372 4898 1805 4985 ἀληθινὸςρεοῦ,

209 4979 308 5051 ἀεὶ
345 4993 449 5057 ὢν,
475 4992 503 5044 ὃ
538 4994 679 5055 ἐστι,
715 4989 843 5051 Θεὸς
894 4987 1089 5055 Λόγος,
1125 4986 1219 5040 καὶ
1244 4982 1450 5052 Κύριος
1472 4996 1485 5010 ⁸
1533 4979 1593 5033 ἒν
1626 4980 1681 5032 δὲ
1715 4980 1809 5031 καὶ

210 5081 279 5132 τὸ
304 5075 541 5145 Πνεῦμα
573 5074 632 5126 τὸ
665 5073 842 5141 ἅγιον,
866 5070 1083 5141 ἀληθῶς
1112 5070 1268 5137 ἅγιον
1308 5064 1557 5134 Πνεῦμα,
1586 5063 1729 5117 κατὰ
1750 5063 1810 5114 τὸ

214 5160 643 5232 γεγραμμένον,
680 5158 742 5210 τὸ
795 5156 938 5227 μετὰ
981 5151 1198 5226 Πατρὸς
1228 5152 1324 5205 uel
1383 5148 1516 5203 Υἱοῦ
1555 5148 1809 5213 συνδοξα-

219 5246 285 5311 ζό
294 5260 491 5316 μενον.

784 5514 886 5567 Ἐκ
916 5510 1026 5566 τοῦ
1058 5508 1269 5563 αὐτοῦ.

309 5635 480 5691 Ἀλλὰ
511 5632 654 5686 ποιεῖ
681 5628 744 5683 τὸ
769 5628 1014 5699 Πνεῦμα,
1045 5625 1172 5697 φὴς,
1205 5626 1233 5677 6
1262 5621 1415 5685 Θεὸς,
1445 5620 1537 5673 καὶ
1579 5620 1726 5673 ποιεῖ
1745 5620 1814 5673 δι’

304 5753 319 5783 ⁸
350 5752 457 5806 lsu.
481 5763 557 5810 vt,
578 5742 966 5813 9,10;Maitlt.
998 5759 1111 5807 XIV,
1145 5741 1233 5795 i5.

1311 5741 1331 5771 '
1354 5736 1505 5792 Joan.
1534 5751 1628 5799 xu,
1657 5733 1879 5791 39-“:
1929 5735 1949 5766 ³
1968 5735 2089 5790 Act.
2109 5748 2201 5798 xx,
2222 5732 2410 5790 25-27.

1910 4562 2006 4633 per
2056 4562 2251 4617 Filium
2301 4562 2661 4631 declaratum,
2726 4564 2942 4633 planum
2995 4566 3149 4631 fecit,
3193 4568 3319 4621 dum
3368 4583 3492 4622 eum

1910 4646 2031 4701 Filii
2065 4648 2350 4717 Spiritum,
2385 4649 2834 4715 quemadmodum
2861 4662 2914 4705 et
2954 4649 3129 4707 Patris
3180 4652 3492 4721 appellavit,

1910 4730 2184 4785 etCliristi
2216 4740 2472 4796 mentem,
2501 4732 2954 4801 quemadmodum
2998 4746 3052 4789 et
3081 4736 3169 4789 Dei
3204 4735 3486 4804 Spiritum.

1916 4814 1985 4868 At
2027 4813 2150 4868 Filii
2178 4813 2374 4868 Filium
2419 4817 2700 4870 nominare
2745 4816 2937 4878 noluit.
2982 4828 3038 4871 ut
3062 4836 3198 4872 unus
3223 4819 3295 4873 sit
3333 4818 3494 4874 Pater

1919 4897 2078 4963 Deus,
2114 4899 2204 4966 qui
2236 4913 2449 4968 semper
2473 4909 2688 4951 maneat
2714 4899 2896 4963 Pater.
2930 4909 2985 4954 et
3012 4915 3229 4969 semper
3261 4903 3493 4956 exsistat

1915 4980 1992 5045 id,
2011 4981 2155 5050 quod
2199 4991 2304 5045 est,
2336 4996 2475 5035 unus
2502 4981 2628 5034 item
2659 4980 2831 5036 Filius
2855 4993 3061 5038 {eterna
3083 4985 3297 5052 genitus
3328 5000 3497 5053 gene-

1917 5066 2152 5126 ratione,
2194 5067 2284 5133 qui
2330 5065 2449 5119 sine
2495 5065 2764 5134 principio
2806 5081 2927 5119 cum
2979 5063 3140 5120 Patre
3182 5077 3283 5134 est,
3333 5084 3495 5123 verus

1918 5148 2010 5203 Dei
2068 5147 2257 5214 Filius,
2299 5164 2514 5218 semper
2567 5150 2617 5203 id
2653 5151 2798 5218 quod
2868 5162 2951 5205 cst
2998 5166 3242 5216 mancus,
3300 5168 3497 5221 nempe

1919 5233 2082 5295 Deus,
2118 5229 2383 5295 Verbum,
2433 5240 2487 5284 et
2541 5230 2834 5293 Dominus,
2879 5248 3019 5286 unus
3062 5248 3281 5302 quoque
3321 5234 3498 5303 Spiri-

1922 5326 2006 5371 tus
2038 5325 2282 5376 sauctus,
2314 5328 2444 5369 vere
2475 5314 2713 5382 Spiritus
2739 5325 2987 5381 sanctus,
3021 5327 3079 5371 ut
3101 5318 3364 5387 scriptum
3391 5328 3496 5384 cst,

1921 5398 2014 5469 qui
2056 5413 2177 5452 cum
2205 5395 2365 5451 Patre
2404 5406 2457 5451 et
2494 5396 2631 5451 Filio
2660 5398 3020 5452 collaudatur.

2417 5514 2504 5566 Ea:
2531 5513 2715 5565 eadem
2745 5512 3005 5566 oratione.

1993 5616 2356 5688 AtSpiritum,
2379 5616 2580 5687 inquis,
2601 5616 2738 5671 Deus
2764 5614 2918 5684 facit,
2935 5627 2989 5673 et
3013 5615 3137 5672 facit
3161 5633 3256 5689 per
3278 5616 3498 5686 Filium,

2490 5740 2510 5764 '
2534 5730 2693 5788 Rom.
2719 5734 2912 5793 vm.9.
2990 5735 3012 5764 ⁸
3047 5732 3089 5788 ll
3121 5735 3245 5790 Cor.
3286 5751 3366 5796 Ill,
3404 5736 3492 5792 17.
