4030 6222
524 384 632 444 Ἷ3ὒ

1782 363 2169 428 EUTIIYMII
2210 362 2573 421 ZIGABENI

3676 364 3785 427 736

525 498 812 564 gignantur
832 501 881 543 et
914 490 1039 541 sint.
1064 486 1133 541 Ut
1164 496 1500 540 mnrtnmum
1524 478 1849 564 resurrectio
1871 472 2103 564 nondum

2210 470 2415 556 σθαι,.ἣ
2450 472 2810 539 γίνεσθαι,ὡς
2842 475 2873 544 ἠ
2898 475 3006 528 τῶν
3028 476 3244 546 νεκρῶν
3269 476 3568 541 ἀνάστασις
3621 478 3786 532 οὔπω

524 556 629 639 esi,
654 576 745 628 sed
780 584 951 626 tamen
988 583 1069 623 est
1105 572 1301 622 l'utura.
1333 566 1664 626 Etannulus,
1704 562 1792 631 qui
1842 573 1908 611 cx
1958 556 2103 609 ferro

526 656 891 711 conliciendus
926 662 1027 717 est,
1067 652 1303 705 nondum
1353 662 1455 703 est.
1516 647 1763 716 lngcnita
1798 656 1986 697 rursus
2019 641 2102 690 tli-

526 750 747 803 euntur,
784 754 903 806 qua:
935 736 1081 789 nullo
1116 744 1273 805 pacto
1295 742 1440 786 sunt.
1497 730 1670 785 Verba
1731 729 1856 780 item
1918 724 2103 778 multis

450 851 465 861 ο
529 823 869 889 accipiuntur
893 819 1086 883 modls,
1124 820 1217 873 sed
1254 831 1415 869 unum
1459 824 1539 866 est
1578 813 1666 865 Dei
1696 810 1925 864 Verbum
1958 821 2100 860 sem-

530 906 822 972 piternum,
856 903 999 969 quod
1058 911 1111 953 et
1151 901 1288 953 Deus
1317 901 1366 950 in
1400 895 1687 963 Evangelio
1744 891 1961 952 dicitur,
2009 904 2104 954 per

528 986 667 1054 quod
686 986 863 1038 omnia
884 985 1022 1035 facta
1051 992 1195 1035 sunt.
1218 982 1281 1033 Et
1306 982 1395 1032 Dei
1421 980 1509 1031 lilii
1536 980 1587 1031 in
1622 977 1899 1044 Scriptura
1917 975 2100 1026 dicun-

530 1082 615 1123 tur
646 1069 816 1130 multi,
845 1079 899 1120 ut
931 1067 1136 1119 :Filios
1180 1065 1353 1133 genui.
1383 1075 1426 1116 et
1473 1062 1752 1115 educavi‘.
1801 1058 1904 1111 Et:
1934 1057 2102 1109 Filius

530 1170 669 1204 meus
711 1154 1078 1220 primogenitus
1134 1148 1302 1200 Israel
1325 1151 1364 1211 ’,
1397 1147 1485 1214 qui
1522 1158 1696 1197 tamen
1738 1143 2026 1211 adoptione
2053 1151 2105 1195 et

530 1236 698 1299 gratia
727 1250 819 1301 per
862 1247 1043 1284 verum
1076 1230 1270 1282 Filium
1302 1230 1551 1282 dicuntur
1609 1228 1726 1289 lilii,
1754 1240 1856 1278 non
1926 1236 2102 1276 tamen

531 1318 640 1368 veri
667 1326 970 1383 naturaque
1004 1314 1134 1376 ﬁlii;
1179 1329 1242 1366 cx
1283 1323 1481 1364 natura
1499 1311 1640 1364 enim
1676 1320 1728 1362 et
1769 1307 1993 1361 veritate
2022 1320 2105 1360 res
2142 1362 2147 1371 ,

534 1401 663 1465 ipsa:
690 1409 1002 1452 censentur.

1170 1575 1251 1623 Ea:
1280 1572 1482 1624 eadem.

604 1668 781 1734 imago
808 1666 928 1718 Filii
952 1665 1125 1718 dictus
1156 1672 1326 1726 est,et
1348 1662 1546 1730 digitus
1580 1660 1696 1724 Dei,
1737 1669 1791 1714 et
1820 1659 1913 1715 Dei
1937 1658 2108 1727 Spiri-

536 1761 640 1811 lus,
676 1758 728 1801 ct
789 1746 1044 1806 Verbum,
1093 1755 1148 1800 et
1187 1747 1357 1798 bonus
1406 1744 1663 1812 Spiritus,
1707 1752 1762 1796 et
1823 1753 2021 1805 tectus,
2053 1754 2107 1796 et

535 1828 864 1897 principalis,
897 1838 948 1882 et
975 1828 1207 1896 Spiritus
1227 1826 1461 1891 virtutis,
1493 1836 1546 1878 et
1582 1826 1857 1886 Dominus,
1889 1836 1942 1879 et
1968 1825 2108 1878 Deus

536 1916 716 1967 dictus
747 1923 828 1966 est
853 1912 945 1964 Dei
985 1912 1237 1979 Spiritus,
1269 1909 1719 1978 quemadmodum
1757 1918 1810 1961 et
1844 1908 2105 1962 Verbum.

536 1997 589 2048 Si
616 1997 756 2049 enim
799 2009 917 2047 cum
950 1993 1058 2045 Deo
1085 2002 1138 2044 ct
1169 1990 1348 2046 Verbo
1385 1994 1607 2044 virtutes
1626 1990 1885 2043 cut-lorum
1931 1992 2109 2043 lirmat

536 2080 791 2146 Spiritus,
826 2078 1099 2143 quomodo
1124 2075 1350 2138 alienus,
1371 2089 1527 2141 quem
1553 2075 1640 2140 qui
1672 2074 1964 2141 accipiunt,
1984 2084 2110 2127 sunt

538 2161 628 2214 Dei
657 2160 911 2227 templum
938 2158 960 2209 ?
990 2157 1089 2222 Qui
1117 2168 1168 2209 et
1197 2155 1434 2225 Spiritus
1460 2156 1571 2210 oris
1601 2155 1701 2207 Dei
1716 2155 2111 2224 appellatur,et

536 2240 1023 2295 mumtlcreationis
1040 2255 1201 2293 causa
1240 2238 1399 2293 simul
1427 2254 1546 2291 cum
1575 2236 1749 2291 Verbo
1771 2240 2108 2291 demonstra-

536 2338 643 2391 tur,
676 2326 763 2393 ιιιιί
801 2323 931 2378 facit
956 2324 1136 2377 omnia
1167 2334 1420 2389 tanquam
1455 2324 1613 2384 Deus,
1656 2322 2110 2388 quemadmodum

536 2410 667 2470 vult,
709 2416 765 2460 ut
787 2406 1076 2473 Apostolus
1099 2406 1174 2459 ait
1196 2405 1239 2463 ⁸.
1291 2404 1382 2458 llle
1410 2405 1716 2473 adoptionis
1750 2403 2003 2470 Spiritus,
2025 2403 2112 2455 ille

538 2492 803 2545 libertatis
834 2502 1043 2551 auctor,
1072 2490 1160 2555 qni
1216 2489 1305 2542 ubi
1355 2489 1485 2551 \‘ttll,
1519 2489 1689 2556 spirat
1747 2487 2108 2553 divinitatem,

535 2590 690 2643 quem
729 2574 942 2641 quidem
997 2583 1051 2625 et
1105 2571 1360 2638 Spiritum
1417 2571 1656 2623 veritatis
1708 2580 1893 2638 aperte
1933 2585 2107 2623 rerum

534 2659 773 2710 omnium
803 2656 1060 2710 Dominus
1094 2663 1268 2707 vocat.
1304 2654 1401 2720 Qui
1438 2654 1488 2706 in
1516 2653 1779 2707 columine
1811 2654 1990 2721 specie
2018 2669 2111 2706 su-

537 2759 629 2809 per
668 2743 843 2809 ipsum
874 2756 904 2795 e
943 2741 1082 2795 cwlo
1136 2739 1436 2791 descendit.
1472 2738 1570 2802 Qui
1642 2737 1853 2791 Domini
1888 2750 2108 2791 carnem

535 2823 890 2877 sanctiﬁcavit
924 2838 1045 2876 cum
1068 2821 1261 2875 virtute
1311 2836 1579 2887 nunquam
1605 2836 1633 2872 a
1663 2822 1767 2872 Deo
1803 2829 2108 2887 separatus.

535 2908 637 2970 Qui
664 2907 831 2969 nevit,
852 2921 970 2974 qua:
996 2905 1089 2957 Dei
1115 2904 1457 2967 suutomnia,
1489 2912 1543 2955 ut
1576 2906 1793 2970 spiritus
1816 2903 1903 2969 qui
1939 2902 1989 2954 in
2014 2915 2110 2954 ιιο-

538 2991 619 3043 bis
648 2998 751 3053 est,
785 3004 901 3055 qua:
934 2998 1119 3042 nostra
1144 2999 1267 3040 sunt
1296 3005 1310 3051 ;
1347 2987 1633 3049 humanus,
1687 2987 1925 3053 inquam,
1953 2984 2112 3052 spiri-

538 3084 639 3137 tus,
659 3073 748 3141 ιιιιί
776 3072 827 3125 iu
850 3071 1000 3124 nobis
1016 3081 1120 3124 est.
1142 3070 1231 3123 Sic
1245 3079 1316 3132 et,
1333 3070 1459 3133 Qua:
1483 3069 1572 3121 Dei
1595 3079 1734 3131 sunt,
1759 3070 2109 3135 inquit,nemo

533 3157 693 3218 not-it,
725 3155 823 3206 nisi
867 3153 1097 3222 Spiritus
1128 3154 1217 3205 Dei
1244 3153 1286 3206 ’⁵.
1323 3154 1386 3205 Et
1416 3169 1629 3205 rursum
1663 3152 1923 3205 Servatur
1957 3170 1969 3207 :
1996 3151 2105 3205 Ne-

533 3256 637 3302 mo,
674 3239 867 3305 inquit,
913 3238 1050 3289 novit
1072 3235 1292 3297 Filium,
1320 3237 1419 3288 nisi
1473 3234 1653 3302 Pater,
1687 3252 1847 3304 neque
1892 3237 2105 3290 Patrem

535 3324 671 3373 novit
698 3325 994 3390 quisquam,
1016 3320 1114 3371 nisi
1148 3318 1318 3371 Filius
1349 3332 1393 3372 et
1421 3320 1505 3370 cui
1538 3318 1943 3373 volueritFilius
1969 3337 2108 3372 rere-

533 3403 836 3457 lare‘.lloc
891 3404 959 3456 illi
1014 3403 1188 3456 simile
1236 3414 1336 3465 est,
1378 3413 1430 3456 ct
1464 3403 1587 3455 illud
1614 3403 1736 3456 huic
1766 3418 1903 3470 par:
1944 3401 2107 3457 Nobis

533 3490 697 3552 enim,
728 3488 916 3554 inquit,
950 3485 1087 3539 Deus
1118 3500 1205 3551 per
1230 3483 1487 3551 Spiritum
1517 3502 1665 3537 suum
1696 3486 2107 3541 revelavit.Vide

536 3571 716 3638 igitur,
767 3571 1036 3639 quomodo
1091 3568 1250 3623 Pater
1289 3569 1574 3635 aliquando
1637 3575 1837 3621 rerelat
1888 3568 2104 3635 Filium,

533 3654 817 3721 aliquando
849 3652 1015 3705 Filius
1034 3653 1270 3715 Patrem,
1315 3651 1605 3719 aliquando
1627 3652 1858 3722 Spiritus
1889 3652 2103 3707 Patrem

534 3738 690 3789 simul
711 3746 765 3791 et
795 3736 1008 3789 Filium.

2208 554 2470 620 γεγονυῖα
2500 554 2788 624 ἀγένητος,
2830 557 3103 625 μέλλουσα
3131 559 3188 610 δὲ
3220 555 3386 624 εἶναι,
3444 562 3477 628 ἢ
3505 562 3579 622 ὠς
3610 564 3636 613 6
3669 565 3783 614 ἀπὸ

2208 637 2432 707 σιδήρου
2488 637 2774 702 δακτύλιος
2829 640 3038 708 μέλλων
3089 642 3358 710 γίνεσθαι,
3395 644 3474 696 ἔτι
3507 648 3779 714 ἀγένητος

2208 725 2378 776 ἐστιν.
2418 723 2583 774 Πάλιν
2611 723 2877 793 ἀγένητον
2908 725 2968 776 τὸ
3010 725 3262 778 ἀνούσιον
3292 726 3543 797 νοοῦμεν,
3574 730 3633 781 τὸ
3674 747 3784 798 μηο

2205 806 2353 876 δαμῆ
2391 806 2658 875 μηδαμῶς
2687 807 2768 862 ὅν.
2814 808 2976 861 Ἀλλὰ
3012 809 3109 877 μὲν
3146 806 3240 863 οὖν
3270 812 3363 863 καὶ
3392 811 3541 878 λόγοι
3588 814 3780 865 πολλοὶ

2208 888 2730 958 προσαγορεύονται,
2777 884 2859 953 εἷς
2893 892 2949 944 δὲ
2982 894 3010 944 6
3051 892 3143 945 τοῦ
3184 892 3318 945 Θεοῦ
3380 895 3573 958 ἀΐδιος,
3614 898 3641 949 6
3683 900 3780 949 καὶ

2206 974 2338 1034 Θεὸς
2373 975 2430 1025 ἐν
2458 973 2772 1042 Εὐαγγελίῳ
2801 975 3216 1043 κηρυσσόμενος
3236 1017 3250 1040 ,
3312 977 3379 1029 δι’
3409 970 3469 1029 οῦ
3500 979 3565 1031 τὰ
3593 982 3778 1032 πάντα

2210 1056 2450 1122 ἐγένετο.
2493 1055 2604 1105 Καὶ
2630 1056 2737 1107 υἱοὶ
2760 1056 2895 1108 Θεοῦ
2926 1058 3175 1123 λέγονται
3209 1060 3266 1109 ἐν
3315 1063 3380 1128 τῇ
3414 1062 3603 1131 Γραφῇ
3639 1063 3781 1113 πολ-

2208 1140 2308 1198 λοὶ,
2351 1138 2491 1189 κατὰ
2552 1137 2633 1198 τὸ,
2667 1138 2839 1203 Υίοὺς
2903 1139 3225 1208 ἐγέννησα,
3266 1146 3363 1195 καὶ
3399 1144 3646 1211 ὒψωσα·
3684 1149 3787 1198 καὶ

2209 1224 2393 1286 πάλιν,
2429 1222 2560 1286 Υἱὸς
2588 1223 2963 1289 πρωτότοκός
2988 1241 3108 1291 μου
3144 1226 3414 1291 Ἰσραὴλ,
3453 1228 3600 1280 θέσει
3644 1231 3787 1296 μέν-

2205 1325 2305 1365 τοι,
2340 1306 2434 1357 καὶ
2459 1306 2646 1374 χάριτί
2683 1322 2790 1357 τινι
2820 1306 3225 1374 υίοθετούμενοι
3259 1310 3366 1362 ἀπὸ
3388 1312 3483 1363 τοῦ
3513 1314 3786 1383 ἀληθινοῦ

2206 1388 2366 1454 Θεοῦ,
2406 1388 2513 1440 υἱοὶ
2547 1389 2690 1439 θετοὶ
2724 1388 2819 1440 καὶ
2850 1389 2923 1458 μὴ
2952 1389 3221 1459 ἀληθινοί.
3260 1393 3393 1443 ’Λπδ
3424 1396 3531 1471 γὰρ
3558 1396 3789 1463 φύσεως

2208 1474 2302 1525 καὶ
2326 1471 2583 1540 ἀληθείας
2608 1471 2847 1539 ὁρμᾶται
2871 1474 2939 1523 τὰ
2973 1476 3301 1543 πράγματα.

2765 1563 2862 1618 Ἐκ
2903 1565 3009 1618 τοῦ
3045 1570 3248 1622 αὑτοῦ.

2278 1656 2456 1711 Είκὼν
2482 1659 2573 1712 τοῦ
2615 1658 2747 1713 Υἱοῦ
2785 1660 3037 1729 εἴρηται,
3071 1660 3165 1712 καὶ
3194 1660 3457 1725 δάκτυλος
3488 1663 3648 1727 Θεοῦ,
3680 1671 3787 1721 καὶ

2211 1742 2345 1794 Θεοῦ
2373 1741 2617 1812 Πνεῦμα,
2650 1744 2745 1797 καὶ
2797 1743 2969 1812 ῥῆμα,
3010 1746 3105 1797 καὶ
3146 1744 3351 1811 ἀγαθὸν
3387 1748 3630 1819 Πνεῦμα,
3676 1756 3790 1807 καὶ

2210 1826 2387 1888 εὑθὲς,
2423 1828 2516 1879 καὶ
2544 1828 2899 1897 ἡγεμονικὸν,
2951 1827 3043 1881 καὶ
3071 1828 3296 1896 Πνεῦμα
3324 1829 3632 1897 δυνάμεως,
3675 1839 3787 1891 καὶ

2210 1908 2434 1976 Κύριος,
2481 1913 2573 1960 καὶ
2622 1908 2755 1970 Θεὸς
2795 1910 3011 1977 εἴρηται
3040 1910 3101 1960 τὸ
3125 1909 3216 1961 τοῦ
3249 1910 3383 1964 Θεοῦ
3418 1913 3661 1983 Πνεῦμα,
3700 1919 3788 1984 ὡς

2209 1992 2301 2042 καὶ
2321 1994 2347 2042 6
2370 1993 2563 2060 Λόγος.
2589 1993 2649 2044 Ei
2674 1994 2782 2060 γὰρ
2805 1996 2941 2062 μετὰ
2970 1994 3061 2045 τοῦ
3080 1993 3213 2046 Θεοῦ
3241 1996 3335 2049 καὶ
3362 1995 3539 2063 Λόγου
3562 2006 3789 2069 στερεοί

2208 2074 2308 2135 τὰς
2356 2074 2624 2143 δυνάμεις
2656 2075 2765 2126 τῶν
2799 2074 3047 2145 οὐρανῶν
3075 2077 3134 2127 τὸ
3177 2076 3423 2147 Πνεῦμα,
3472 2081 3589 2143 πῶς
3621 2084 3787 2137 ἀλλό-

2209 2174 2379 2225 τριον,
2440 2159 2577 2227 ὅπερ
2619 2159 2668 2211 οί
2711 2158 2966 2220 λαϐόντες
2999 2160 3134 2212 Θεοῦ
3166 2161 3295 2221 ναός
3327 2164 3470 2214 εἰσιν
3493 2202 3507 2225 ,
3535 2164 3561 2215 6
3586 2165 3649 2235 δὴ
3675 2169 3787 2220 καὶ

2211 2237 2435 2306 Πνεῦμα
2490 2240 2757 2309 στόματος
2806 2240 2941 2292 Θεοῦ
2994 2248 3493 2312 προσαγορεύεται,
3537 2249 3629 2299 καὶ
3671 2251 3787 2319 τῆς

2209 2322 2549 2391 ὁημουργίας
2576 2323 2748 2377 αἴτιον
2776 2325 2911 2392 μετὰ
2936 2324 3029 2377 τοῦ
3078 2326 3252 2391 Λόγου
3278 2326 3575 2394 δείκνυται,
3606 2331 3664 2382 τὸ
3690 2336 3788 2383 ὲν·-

2210 2406 2407 2475 εργοῦν
2435 2407 2505 2459 τὰ
2540 2407 2715 2459 πάντα
2738 2407 2812 2472 ὡς
2844 2407 2995 2473 Θεὸς,
3039 2408 3220 2471 καθὼς
3251 2410 3524 2480 βούλεται,
3563 2415 3638 2477 ὥς
3669 2435 3787 2487 φη-

2213 2504 2299 2540 σιν
2329 2488 2357 2539 ὁ
2390 2489 2739 2555 ’Λπόστολος,
2776 2490 2835 2542 τὸ
2875 2490 2974 2558 τῆς
3006 2492 3281 2555 υἱοθεσίας
3315 2495 3558 2564 Πνεῦμα,
3585 2499 3643 2549 τὸ
3673 2501 3785 2567 τῆς

2214 2570 2525 2639 ἐλευθερίας
2556 2573 2754 2636 αἴτιον,
2787 2574 2846 2625 τὸ
2876 2576 3008 2627 ὃπου
3046 2575 3193 2628 θέλει
3225 2578 3385 2631 πνέον
3432 2580 3708 2648 θειότητα,
3754 2584 3786 2635 ὃ

2213 2653 2275 2716 δὴ
2310 2656 2405 2705 καὶ
2439 2652 2664 2722 Πνεῦμα
2702 2656 2800 2723 τῆς
2851 2657 3107 2726 ἀληθείας
3158 2661 3186 2710 6
3232 2659 3342 2710 τῶν
3396 2661 3532 2713 ὅλων
3568 2663 3787 2733 Κύριος

2214 2736 2402 2802 σαφῶς
2425 2735 2702 2804 ὀνομάζει,
2751 2741 2812 2790 τὸ
2862 2742 2921 2792 ὲν
2957 2741 3087 2793 εῖδει
3122 2748 3455 2815 περιστερᾶς
3488 2747 3575 2798 ἐπ’
3607 2750 3788 2801 αὑτὸν

2214 2819 2270 2884 ἐξ
2307 2818 2538 2888 οὐρανοῦ
2603 2821 2872 2884 καταϐὰν,
2927 2822 2987 2874 τὸ
3054 2826 3278 2891 ἁγιάζον
3346 2830 3445 2897 τὴν
3504 2833 3788 2900 κυριακὴν

2220 2905 2398 2969 σάρκα
2420 2904 2559 2973 μετὰ
2583 2907 2679 2973 τῆς
2701 2904 2982 2973 δυνάμεως
3004 2945 3019 2971 ,
3050 2909 3109 2959 τὸ
3156 2909 3253 2978 τὴν
3283 2912 3611 2978 οἰκουμένην
3638 2916 3789 2982 πλη-

2217 2987 2363 3056 ροῦν,
2428 2988 2489 3040 τὸ
2536 2987 2699 3040 παντὶ
2747 2989 2941 3058 παρὸν,
3014 2991 3089 3053 ὡς
3154 2993 3307 3055 Θεὸς,
3340 2996 3480 3062 μετά
3514 2997 3606 3049 τοῦ
3638 2998 3787 3051 Θεοῦ

2216 3071 2542 3140 ἁχωρίστως
2570 3070 2630 3122 ὃν
2666 3072 2778 3130 ἀεὶ,
2804 3073 2863 3123 τὸ
2886 3074 3158 3137 γινώσκον
3187 3075 3254 3127 τὰ
3290 3078 3383 3128 τοῦ
3417 3079 3551 3132 Θεοῦ
3572 3081 3781 3135 πάντα.

2230 3154 2322 3216 Ὠς
2348 3155 2408 3206 τὸ
2442 3154 2666 3224 πνεῦμα
2697 3155 2758 3206 τὸ
2788 3158 2845 3208 ὲν
2879 3158 3010 3225 ἡμῖν
3036 3160 3101 3210 τὰ
3127 3160 3305 3229 ἡμῶν,
3339 3152 3409 3214 τδ
3434 3164 3786 3235 ἀνθρώπινον

2215 3235 2357 3304 λέγω
2390 3239 2609 3308 πνεῦμα
2640 3241 2699 3291 τὸ
2750 3243 2807 3293 ἐν
2844 3244 3000 3311 ἡμῖν,
3051 3244 3216 3309 οὕτω,
3246 3246 3400 3316 φησὶ,
3438 3252 3529 3300 καὶ
3574 3250 3643 3301 τὰ
3674 3251 3779 3302 τοῦ

2215 3318 2351 3371 Θεοῦ
2383 3320 2556 3383 οὐδεὶς
2591 3321 2830 3388 ἔγνωκεν
2852 3363 2866 3385 ,
2924 3327 2970 3377 εἰ
3002 3327 3078 3393 μὴ
3111 3329 3169 3378 τὸ
3204 3330 3426 3398 Πνεῦμα
3486 3332 3579 3383 τοῦ
3613 3333 3779 3386 Θεοῦ.

2218 3403 2327 3454 Καὶ
2355 3404 2517 3456 πάλιν
2545 3408 2710 3474 φησιν
2738 3409 2766 3459 6
2789 3408 2977 3476 Σωτήρ
2998 3426 3010 3437 ·
3035 3409 3243 3474 Οὐδεὶς
3266 3413 3650 3481 ἐπιγινώσκει
3671 3419 3782 3469 τόν

2215 3488 2368 3549 Υίὸν,
2395 3490 2446 3541 εἰ
2477 3489 2562 3556 μὴ
2593 3491 2625 3541 ὁ
2657 3491 2878 3557 Πατὴρ,
2907 3492 3050 3544 οὐδὲ
3080 3494 3186 3546 τὸν
3216 3496 3445 3564 Πατέρα
3477 3516 3565 3562 τις
3587 3502 3772 3567 ἐπιγι-

2214 3574 2429 3623 νώσκει
2459 3572 2511 3623 εί
2541 3572 2627 3639 μὴ
2665 3575 2697 3624 ό
2746 3574 2898 3638 ride,
2932 3576 3025 3627 καί
3059 3571 3109 3642 ᾧ
3137 3576 3212 3629 ἂν
3240 3579 3540 3647 βούληται
3579 3586 3612 3635 ὁ
3649 3586 3781 3648 Υἱός

2210 3654 2619 3721 ἀποκαλύψαι.
2652 3654 2823 3707 Τοῦτο
2848 3657 3039 3725 ἐκείνῳ
3076 3660 3281 3725 ὅμοιον,
3327 3664 3551 3716 κάκεῖνο
3583 3669 3780 3719 τούτου

2217 3736 2431 3791 ίσοδύνα
2444 3755 2568 3806 μον·
2620 3738 2785 3806 Ἡμῖν
2816 3738 2945 3807 γὰρ,
2981 3743 3169 3809 φησὶν,
3189 3746 3220 3796 ό
3249 3746 3393 3807 Θεὸς
3418 3747 3783 3817 ἀπε-κάλυψε

532 3821 629 3874 διὰ
661 3820 766 3873 τοῦ
810 3820 1162 3886 Πνεύματος
1212 3819 1421 3874 αὐτοῦ.
1456 3821 1599 3889 Ὅρα
1650 3819 1942 3888 τοιγαροῦν
1979 3820 2096 3882 πῶς
2139 3823 2268 3873 ποτὲ
2306 3823 2402 3891 μὲν
2445 3820 2636 3890 Πατὴρ
2704 3820 2833 3873 Υίὸν
2875 3824 3275 3892 ἀποκαλύπτει,
3334 3830 3463 3881 ποτὲ
3527 3831 3583 3882 δὲ
3648 3832 3785 3897 Υἱὸς

534 3904 773 3975 Πατέρα,
808 3903 937 3954 ποτὲ
959 3903 1015 3953 δὲ
1043 3902 1103 3953 τὸ
1133 3902 1356 3973 Πνεῦμα
1404 3902 1551 3963 Υίὸν,
1589 3905 1683 3956 καὶ
1720 3904 1942 3971 Πατέρα
1976 3904 2264 3967 ὡσαύτως.

1010 3995 1095 4048 Ea:
1127 3997 1305 4049 eadem
1354 3998 1614 4049 oratione.

606 4095 660 4144 In
706 4090 888 4143 mutuli
949 4087 1323 4156 procreatione
1385 4090 1729 4155 perspicuum
1763 4100 1864 4155 est,
1894 4089 2108 4143 Patrem

531 4194 651 4230 cum
677 4174 811 4226 Filio
831 4184 883 4225 et
917 4170 1120 4238 Spiritu
1170 4170 1426 4239 colloqui,
1458 4173 1907 4238 quemadmodum
1939 4174 2112 4226 Moses

535 4265 766 4315 humano
816 4271 966 4309 more
1032 4254 1426 4324 colloquentem
1491 4256 1662 4325 ipsum
1708 4259 1910 4312 inducit
1950 4267 2111 4327 atque

531 4344 793 4395 dicentem
830 4356 845 4393 :
881 4338 1165 4391 Faciamus
1207 4339 1464 4390 hominem
1522 4338 1591 4391 ad
1637 4342 1915 4408 imaginem
1941 4350 1989 4393 et
2034 4343 2108 4395 si-

533 4424 876 4479 militudinem
923 4432 1157 4474 nostram
1196 4422 1236 4475 °.
1278 4422 1375 4476 Cui
1428 4422 1571 4477 enim
1609 4423 1757 4489 dicit,
1797 4422 2105 4490 Faciamus,

533 4512 634 4565 nisi
669 4508 862 4573 Verbo,
893 4515 944 4560 ct
965 4506 1242 4575 unigenito
1263 4504 1425 4570 Filio,
1460 4521 1555 4574 per
1586 4521 1743 4575 quem
1764 4508 1944 4561 omnia
1968 4507 2108 4561 facta

532 4602 677 4657 sunt,
704 4592 1151 4660 quemadmodum
1196 4590 1383 4643 scribit
1406 4592 1759 4659 evangelista,
1798 4599 1850 4642 et
1884 4591 2108 4658 Spiritui

530 4679 597 4732 de
620 4692 729 4748 quo
744 4678 1002 4745 scriptum
1027 4684 1110 4729 est
1143 4692 1156 4727 :
1186 4673 1410 4741 Spiritus
1431 4675 1657 4740 divinus,
1696 4675 1785 4757 qui
1805 4674 1928 4743 fecit
1952 4690 2032 4726 me
2052 4673 2111 4728 ’τ

528 4769 606 4819 Ac
656 4762 904 4833 quamvis
954 4762 1202 4813 oratione
1249 4775 1353 4813 non
1388 4759 1765 4823 declaraverit,
1816 4757 1883 4811 de
1911 4761 2109 4825 quibus

530 4853 692 4909 dicat,
714 4853 807 4900 aut
837 4859 971 4913 quos
992 4843 1317 4911 alloquatur,
1358 4852 1534 4895 tamen
1555 4841 1694 4909 quod
1715 4842 1779 4895 de
1797 4842 1912 4909 ipso
1932 4842 2105 4895 solum

528 4949 635 4987 non
665 4930 830 4993 dicat,
862 4936 1008 4994 patet
1034 4942 1097 4980 ex
1137 4940 1221 4987 eo,
1256 4925 1419 4993 quod,
1455 4923 1605 4987 Ecce,
1640 4924 2024 4991 inquit,Adam
2048 4935 2106 4978 ut

530 5031 663 5068 unus
688 5030 713 5064 e
737 5013 879 5063 nobis
923 5010 1094 5078 [actus
1121 5016 1194 5061 est
1222 5007 1262 5059 ⁸.
1297 5007 1359 5059 Ει
1392 5022 1601 5059 rursum
1632 5022 1650 5059 :
1686 4997 1880 5065 Venite.
1906 5009 2101 5076 inquit,

530 5114 573 5153 et
611 5095 973 5151 descendentes
1003 5090 1392 5159 confundantus
1449 5091 1654 5157 linguas
1700 5090 1934 5157 ipsorum
1969 5095 2008 5156 ⁸,
2045 5103 2103 5145 ιιι

528 5193 579 5235 (ει
608 5193 894 5234 numerum
930 5190 1118 5227 eorum
1154 5173 1447 5238 intelligas.
1504 5172 1668 5224 Nemo
1726 5174 1870 5227 enim
1909 5176 2105 5227 audeat

528 5264 745 5331 angelos
778 5276 896 5314 cum
933 5259 1190 5311 Creatore
1226 5265 1279 5307 et
1326 5255 1556 5307 Domino
1591 5258 1880 5313 collocare.
1919 5256 2105 5323 Neque

530 5362 740 5399 Hll’SllllI
779 5342 868 5396 Dei
898 5355 1122 5409 persona
1156 5352 1256 5391 una
1290 5347 1464 5405 potest
1493 5338 1739 5408 intelligi,
1765 5357 1885 5393 cum
1917 5340 2058 5392 dicat
2086 5357 2101 5393 :

530 5426 797 5497 Tanquam
818 5440 947 5477 unus
971 5441 997 5477 e
1020 5423 1183 5487 nobis,
1205 5431 1257 5477 ct
1282 5440 1295 5476 :
1328 5420 1521 5486 Venite,
1540 5434 1585 5475 et
1599 5426 1955 5475 descendentes
1978 5438 2104 5475 con-

526 5510 886 5581 fundamus”.
909 5508 1256 5575 Perspicuum
1280 5518 1334 5561 et
1359 5508 1484 5562 illud
1499 5517 1581 5561 est
1598 5508 1735 5575 quod
1755 5508 1819 5559 de
1840 5506 2103 5560 Sodomo-

2752 4002 2853 4055 Ἐκ
2882 4001 2986 4057 τοῦ
3018 4006 3226 4061 αὐτοῦ.

2284 4088 2441 4175 lima
2466 4090 2565 4159 τὴν
2593 4094 2955 4175 κοσμοποιίαν
2999 4098 3136 4167 πρὸς
3164 4100 3252 4152 τὸν
3281 4101 3407 4154 Υίὸν
3437 4103 3529 4155 καὶ
3558 4104 3787 4175 Πατέρα

2208 4170 2768 4260 διαλεγόμενος-δῆλός
2792 4177 2942 4260 εστιν
2975 4181 3002 4231 6
3021 4180 3172 4244 Θεὸς,
3200 4182 3274 4245 ὡς
3295 4170 3788 4260 ἀνθρωπικωτὲρῳ

2209 4268 2365 4319 τυπῳ
2391 4254 2736 4325 παρέστησεν
2786 4257 2814 4308 6
2858 4260 3124 4330 Μωῦσῆς,
3175 4264 3559 4335 διαλεγόμενον
3614 4254 3787 4326 αὑτὸν

2212 4338 2466 4401 εἰσάγων,
2524 4339 2619 4390 καὶ
2675 4339 2996 4405 φάσκοντα*
3050 4344 3407 4414 Ποιήσωμεν
3458 4350 3789 4418 ἄνθρωπον

2212 4422 2339 4471 κατ’
2368 4420 2574 4473 εἰκόνα
2604 4421 2921 4490 ἡμετέραν,
2977 4426 3077 4479 καὶ
3140 4428 3269 4481 καθ’
3315 4433 3625 4499 ὁμοίωσιν.
3656 4437 3787 4491 Τίνι

2210 4503 2317 4571 γὰρ
2352 4504 2496 4570 λέγει
2528 4504 2587 4587 τὸ
2614 4505 3013 4580 ποιήσωμενῆ
3044 4510 3122 4579 τῷ
3162 4512 3319 4583 Λόγῳ
3347 4518 3440 4569 καὶ
3496 4527 3791 4587 μονογενεί

2215 4588 2349 4658 Υίῷ,
2381 4588 2448 4639 δι’
2476 4586 2537 4643 οῦ
2563 4592 2629 4642 τὰ
2665 4591 2846 4643 πάντα
2876 4593 3097 4659 ἐγένετο
3136 4598 3279 4651 κατὰ
3335 4601 3427 4653 τὸν
3476 4586 3789 4669 Εὐαγγελι-

2212 4674 2363 4756 στῆν,
2390 4673 2483 4725 καὶ
2510 4673 2586 4742 τῷ
2621 4674 2925 4756 Πνεῦματι,
2947 4680 3072 4747 περὶ
3092 4673 3152 4730 οὗ
3188 4683 3792 4756 γέγραπται,Πνεῦμα

2211 4755 2371 4842 ρεῖον
2403 4756 2468 4808 τὸ
2499 4755 2768 4824 ποιῆσαν
2790 4775 2904 4827 ys;
2962 4762 3022 4811 Ei
3068 4762 3125 4814 δὲ
3173 4768 3268 4816 καὶ
3306 4767 3379 4835 μὴ
3413 4768 3593 4838 ῥητῶς
3621 4755 3791 4842 δεδήε-

2213 4839 2383 4906 λωκε,
2419 4845 2546 4910 περὶ
2568 4842 2750 4906 τίνων,
2808 4844 2839 4911 ἢ
2870 4845 3005 4913 πρὸς
3036 4847 3191 4910 τίνας
3239 4850 3574 4919 διαλέγεται,
3625 4839 3791 4922 ὅμιος

2217 4922 2290 4991 μὴ
2323 4923 2450 4991 περὶ
2475 4922 2668 4976 ἑαυτοῦ
2696 4926 2857 4993 μόνον
2889 4928 3067 4994 λέγειν
3088 4932 3247 4999 δῆλόν
3282 4936 3449 4996 ἐστιν,
3473 4936 3563 4988 ὅτε
3588 4940 3789 5008 φησὶν,

2226 5008 2381 5060 Ἰδοὺ
2414 5008 2595 5075 Ἀδὰμ
2628 5010 2877 5077 γέγονεν
2902 5011 2982 5077 ὡς
3010 5010 3096 5079 εἷς
3119 5016 3189 5078 ἐξ
3218 5016 3407 5084 ἡμῶν·
3441 5020 3536 5071 καὶ
3573 5023 3735 5073 πάλιν
3767 5037 3786 5051 ’

2211 5092 2392 5145 Δεῦτε
2426 5094 2792 5159 καταϐάντες
2824 5098 3180 5165 συτχέωμεν
3217 5101 3417 5154 αὐτῶν
3445 5102 3552 5169 τὰς
3582 5105 3789 5171 γλώσ-

2212 5191 2350 5241 σας,
2389 5177 2491 5229 ἵνα
2525 5177 2623 5228 καὶ
2664 5182 3268 5249 συναριθμοικεμένσυς
3326 5186 3584 5253 νοήσῃς.
3640 5188 3789 5240 Οὔτε

2211 5259 2321 5328 γὰρ
2356 5263 2435 5323 είς
2470 5262 2743 5329 ίσοτιμὶαν
2770 5264 3037 5330 ἀγγέλους
3099 5267 3357 5331 συντάξαι
3395 5270 3655 5340 τολμήσει
3695 5289 3788 5335 τις

2211 5346 2287 5413 τῷ
2321 5347 2669 5416 Δημιουργῷ,
2726 5349 2818 5398 καὶ
2860 5350 3130 5421 Δεσπότῃ,
3179 5349 3304 5403 οὔτε
3346 5353 3480 5405 Θεοῦ
3523 5357 3679 5408 πάλιν
3719 5356 3789 5409 ἓν

2210 5429 2500 5496 πρόσωπον
2522 5424 2632 5481 οἷον
2652 5448 2709 5481 τε
2736 5432 2876 5481 νοεῖν
2902 5432 2959 5484 τὸ
2989 5433 3265 5499 λέγεσθαι,
3289 5437 3367 5500 ὼς
3389 5432 3474 5501 εἷς
3496 5440 3563 5500 ἐξ
3586 5437 3782 5505 ἡμῶν,

2212 5512 2516 5574 καὶ,..ιεῦτε
2532 5514 2623 5566 καὶ
2652 5514 3015 5580 καταϐάντες
3037 5518 3405 5587 συγχέωμεν.
3438 5520 3694 5590 Ἐναργὲς
3715 5521 3785 5573 δὲ

1004 5630 1024 5659 ¹
1056 5626 1224 5682 Exod.
1269 5642 1317 5679 tv
1349 5624 1439 5676 22.
1556 5623 1575 5652 ³
1610 5622 1816 5677 Coloss.
1847 5640 1884 5683 ι,
1922 5623 2007 5676 lli.

596 5632 610 5659 ¹
636 5630 739 5684 lsa.
768 5645 806 5684 ι.
836 5628 890 5683 2.

792 5671 881 5759 :5.
995 5698 1153 5752 8Job.
1196 5711 1389 5759 χχχιιι,
1439 5694 1529 5746 “ll.
1606 5695 1625 5723 ⁵
1663 5692 1797 5745 Gen.
1838 5710 1915 5754 Ill,
1950 5696 2039 5747 “2‘2.

2121 5624 2603 5707 :IHCor.‘u,_ll.
2710 5629 2953 5686 l‘lilalllt.
3011 5649 3085 5700 ιιι,
3135 5634 3224 5688 27.
3340 5636 3520 5691 δῦρο,
3580 5654 3617 5707 ι,
3687 5637 3787 5692 26,

526 5704 545 5733 ⁷
574 5698 726 5754 Joan.
764 5716 802 5765 ι,
830 5700 881 5752 5.

2122 5697 2163 5727 ¹⁰
2193 5698 2327 5751 Gen.
2354 5714 2428 5764 xu,
2464 5699 2515 5752 7.

1792 5920 1807 5965 ἦ
