  <div class='ocr_page' id='page_1' title='image "/cluster/home/n/w/nwhite01/storage/ocr_20150623/130/hvd.32044073502387/374.png"; bbox 0 0 4030 6222; ppageno 0'>
   <div class='ocr_carea' id='block_1_1' title="bbox 256 224 368 287">
    <p class='ocr_par' dir='ltr' id='par_1_1' title="bbox 256 224 368 287">
     <span class='ocr_line' id='line_1_1' title="bbox 256 224 368 287; baseline 0.009 -3"><span class='ocrx_word' id='word_1_1' title='bbox 256 224 368 287; x_wconf 71' lang='lat'><strong><em>737</em></strong></span> 
     </span>
    </p>
   </div>
   <div class='ocr_carea' id='block_1_2' title="bbox 1238 230 2558 299">
    <p class='ocr_par' dir='ltr' id='par_1_2' title="bbox 1238 230 2558 299">
     <span class='ocr_line' id='line_1_2' title="bbox 1238 230 2558 299; baseline 0.007 -10"><span class='ocrx_word' id='word_1_2' title='bbox 1238 230 1616 291; x_wconf 71' lang='lat' dir='ltr'><strong><em>PA‘XOPLIA</em></strong></span> <span class='ocrx_word' id='word_1_3' title='bbox 1658 231 2110 294; x_wconf 75' lang='lat' dir='ltr'><strong><em>DOGMATICA.</em></strong></span> <span class='ocrx_word' id='word_1_4' title='bbox 2148 259 2214 271; x_wconf 85' lang='grc'><strong><em>-</em></strong></span> <span class='ocrx_word' id='word_1_5' title='bbox 2257 237 2406 297; x_wconf 81' lang='grc' dir='ltr'><strong><em>ΤΙΤ.</em></strong></span> <span class='ocrx_word' id='word_1_6' title='bbox 2451 238 2558 299; x_wconf 76' lang='grc' dir='ltr'><strong><em>Χι.</em></strong></span> 
     </span>
    </p>
   </div>
   <div class='ocr_carea' id='block_1_3' title="bbox 3402 246 3510 310">
    <p class='ocr_par' dir='ltr' id='par_1_3' title="bbox 3402 246 3510 310">
     <span class='ocr_line' id='line_1_3' title="bbox 3402 246 3510 310; baseline 0.019 -3"><span class='ocrx_word' id='word_1_7' title='bbox 3402 246 3510 310; x_wconf 78' lang='lat'><strong><em>738</em></strong></span> 
     </span>
    </p>
   </div>
   <div class='ocr_carea' id='block_1_4' title="bbox 258 332 1850 412">
    <p class='ocr_par' dir='ltr' id='par_1_4' title="bbox 258 332 1835 410">
     <span class='ocr_line' id='line_1_4' title="bbox 258 332 1835 410; baseline 0.011 -29"><span class='ocrx_word' id='word_1_8' title='bbox 258 335 363 385; x_wconf 74' lang='grc' dir='ltr'><strong><em>καὶ</em></strong></span> <span class='ocrx_word' id='word_1_9' title='bbox 391 332 457 385; x_wconf 80' lang='grc' dir='ltr'><strong>τὸ</strong></span> <span class='ocrx_word' id='word_1_10' title='bbox 490 332 621 402; x_wconf 78' lang='grc' dir='ltr'><strong><em>περὶ</em></strong></span> <span class='ocrx_word' id='word_1_11' title='bbox 650 334 749 403; x_wconf 75' lang='grc' dir='ltr'><em>τῆς</em></span> <span class='ocrx_word' id='word_1_12' title='bbox 780 337 1172 407; x_wconf 70' lang='grc' dir='ltr'><strong><em>καταστροφῆς</em></strong></span> <span class='ocrx_word' id='word_1_13' title='bbox 1207 339 1462 410; x_wconf 78' lang='grc' dir='ltr'><strong><em>Σοδόμων</em></strong></span> <span class='ocrx_word' id='word_1_14' title='bbox 1512 342 1835 410; x_wconf 78' lang='grc' dir='ltr'><em>λεγόμενον,</em></span> 
     </span>
    </p>
   </div>
   <div class='ocr_carea' id='block_1_5' title="bbox 1945 332 3514 412">
    <p class='ocr_par' dir='ltr' id='par_1_5' title="bbox 1945 346 3514 412">
     <span class='ocr_line' id='line_1_5' title="bbox 1945 346 3514 412; baseline 0.008 -14"><span class='ocrx_word' id='word_1_15' title='bbox 1945 360 2061 399; x_wconf 88' lang='lat' dir='ltr'><strong><em>rum</em></strong></span> <span class='ocrx_word' id='word_1_16' title='bbox 2090 346 2373 401; x_wconf 79' lang='lat' dir='ltr'><strong><em>eversione</em></strong></span> <span class='ocrx_word' id='word_1_17' title='bbox 2399 347 2600 400; x_wconf 88' lang='lat' dir='ltr'><strong>dictum</strong></span> <span class='ocrx_word' id='word_1_18' title='bbox 2628 356 2709 402; x_wconf 86' lang='lat' dir='ltr'><strong><em>est</em></strong></span> <span class='ocrx_word' id='word_1_19' title='bbox 2742 366 2754 401; x_wconf 76' lang='grc' dir='ltr'><em>τ</em></span> <span class='ocrx_word' id='word_1_20' title='bbox 2782 348 2927 404; x_wconf 81' lang='lat' dir='ltr'><strong><em>Pluit</em></strong></span> <span class='ocrx_word' id='word_1_21' title='bbox 2947 351 3202 406; x_wconf 88' lang='lat' dir='ltr'><strong><em>Dominus</em></strong></span> <span class='ocrx_word' id='word_1_22' title='bbox 3233 369 3268 405; x_wconf 90' lang='lat' dir='ltr'><strong><em>a</em></strong></span> <span class='ocrx_word' id='word_1_23' title='bbox 3295 353 3514 412; x_wconf 86' lang='lat' dir='ltr'><strong><em>Domino</em></strong></span> 
     </span>
    </p>
   </div>
   <div class='ocr_carea' id='block_1_6' title="bbox 256 414 1850 499">
    <p class='ocr_par' dir='ltr' id='par_1_6' title="bbox 256 414 1837 499">
     <span class='ocr_line' id='line_1_6' title="bbox 256 414 1837 499; baseline 0.009 -34"><span class='ocrx_word' id='word_1_24' title='bbox 256 414 323 499; x_wconf 56' lang='grc' dir='ltr'><em>τὸ</em></span> <span class='ocrx_word' id='word_1_25' title='bbox 344 414 595 499; x_wconf 79' lang='grc' dir='ltr'><em>Ἕϐρεξε</em></span> <span class='ocrx_word' id='word_1_26' title='bbox 629 419 848 485; x_wconf 78' lang='grc' dir='ltr'><strong><em>Κύριος</em></strong></span> <span class='ocrx_word' id='word_1_27' title='bbox 900 419 1061 484; x_wconf 76' lang='grc' dir='ltr'><strong><em>παρὰ</em></strong></span> <span class='ocrx_word' id='word_1_28' title='bbox 1094 419 1320 489; x_wconf 82' lang='grc' dir='ltr'><em>Κυρίου</em></span> <span class='ocrx_word' id='word_1_29' title='bbox 1351 423 1513 476; x_wconf 80' lang='grc' dir='ltr'><em>θεῖον</em></span> <span class='ocrx_word' id='word_1_30' title='bbox 1563 424 1665 476; x_wconf 77' lang='grc' dir='ltr'><em>καὶ</em></span> <span class='ocrx_word' id='word_1_31' title='bbox 1718 427 1837 494; x_wconf 85' lang='grc' dir='ltr'><strong><em>πῦρ</em></strong></span> 
     </span>
    </p>
   </div>
   <div class='ocr_carea' id='block_1_7' title="bbox 1945 414 3516 499">
    <p class='ocr_par' dir='ltr' id='par_1_7' title="bbox 1945 429 3516 499">
     <span class='ocr_line' id='line_1_7' title="bbox 1945 429 3516 499; baseline 0.004 -18"><span class='ocrx_word' id='word_1_32' title='bbox 1945 430 2131 498; x_wconf 88' lang='lat' dir='ltr'><strong><em>ignem,</em></strong></span> <span class='ocrx_word' id='word_1_33' title='bbox 2166 438 2212 481; x_wconf 87' lang='lat' dir='ltr'><strong><em>et</em></strong></span> <span class='ocrx_word' id='word_1_34' title='bbox 2241 430 2461 497; x_wconf 83' lang='lat' dir='ltr'><strong><em>sulphur</em></strong></span> <span class='ocrx_word' id='word_1_35' title='bbox 2486 446 2513 484; x_wconf 85' lang='lat' dir='ltr'><strong><em>e</em></strong></span> <span class='ocrx_word' id='word_1_36' title='bbox 2547 429 2671 484; x_wconf 72' lang='lat' dir='ltr'><strong><em>cado</em></strong></span> <span class='ocrx_word' id='word_1_37' title='bbox 2716 432 2754 483; x_wconf 78' lang='lat'><strong><em>&#39;.</em></strong></span> <span class='ocrx_word' id='word_1_38' title='bbox 2786 432 2850 485; x_wconf 80' lang='lat' dir='ltr'><strong><em>Et</em></strong></span> <span class='ocrx_word' id='word_1_39' title='bbox 2877 436 3018 499; x_wconf 79' lang='lat' dir='ltr'><strong><em>quod</em></strong></span> <span class='ocrx_word' id='word_1_40' title='bbox 3050 433 3132 487; x_wconf 87' lang='lat' dir='ltr'><strong><em>his</em></strong></span> <span class='ocrx_word' id='word_1_41' title='bbox 3160 434 3337 489; x_wconf 82' lang='lat' dir='ltr'><strong><em>simile</em></strong></span> <span class='ocrx_word' id='word_1_42' title='bbox 3386 434 3516 488; x_wconf 78' lang='lat' dir='ltr'><strong><em>Pro-</em></strong></span> 
     </span>
    </p>
   </div>
   <div class='ocr_carea' id='block_1_8' title="bbox 257 494 1839 577">
    <p class='ocr_par' dir='ltr' id='par_1_8' title="bbox 257 494 1839 577">
     <span class='ocr_line' id='line_1_8' title="bbox 257 494 1839 577; baseline 0.009 -30"><span class='ocrx_word' id='word_1_43' title='bbox 257 494 333 549; x_wconf 80' lang='grc' dir='ltr'><strong><em>ἐκ</em></strong></span> <span class='ocrx_word' id='word_1_44' title='bbox 367 497 479 551; x_wconf 82' lang='grc' dir='ltr'><strong><em>τοῦ</em></strong></span> <span class='ocrx_word' id='word_1_45' title='bbox 507 500 793 565; x_wconf 78' lang='grc' dir='ltr'><strong><em>οὐρανοῦ.</em></strong></span> <span class='ocrx_word' id='word_1_46' title='bbox 822 502 934 554; x_wconf 79' lang='grc' dir='ltr'><strong><em>Καὶ</em></strong></span> <span class='ocrx_word' id='word_1_47' title='bbox 959 502 1018 554; x_wconf 81' lang='grc' dir='ltr'><strong><em>τὸ</em></strong></span> <span class='ocrx_word' id='word_1_48' title='bbox 1052 504 1109 554; x_wconf 84' lang='grc' dir='ltr'><strong><em>ὲν</em></strong></span> <span class='ocrx_word' id='word_1_49' title='bbox 1135 505 1392 576; x_wconf 76' lang='grc' dir='ltr'><strong><em>προφήτῃ</em></strong></span> <span class='ocrx_word' id='word_1_50' title='bbox 1428 507 1839 577; x_wconf 77' lang='grc' dir='ltr'><strong><em>παραπλησίως</em></strong></span> 
     </span>
    </p>
   </div>
   <div class='ocr_carea' id='block_1_9' title="bbox 255 578 1840 655">
    <p class='ocr_par' dir='ltr' id='par_1_9' title="bbox 255 578 1840 655">
     <span class='ocr_line' id='line_1_9' title="bbox 255 578 1840 655; baseline 0.009 -26"><span class='ocrx_word' id='word_1_51' title='bbox 255 578 479 639; x_wconf 70' lang='grc' dir='ltr'><strong><em>τούτοις</em></strong></span> <span class='ocrx_word' id='word_1_52' title='bbox 535 582 832 651; x_wconf 71' lang='grc' dir='ltr'><strong><em>εἰρημένον</em></strong></span> <span class='ocrx_word' id='word_1_53' title='bbox 891 584 954 636; x_wconf 79' lang='grc' dir='ltr'><strong><em>ὲκ</em></strong></span> <span class='ocrx_word' id='word_1_54' title='bbox 1015 584 1307 653; x_wconf 81' lang='grc' dir='ltr'><strong><em>προσώπου</em></strong></span> <span class='ocrx_word' id='word_1_55' title='bbox 1371 586 1467 640; x_wconf 79' lang='grc' dir='ltr'><strong><em>τοῦ</em></strong></span> <span class='ocrx_word' id='word_1_56' title='bbox 1499 588 1659 655; x_wconf 82' lang='grc' dir='ltr'><em>Θεοῦ,</em></span> <span class='ocrx_word' id='word_1_57' title='bbox 1687 594 1840 644; x_wconf 85' lang='grc' dir='ltr'><em>Κατ-</em></span> 
     </span>
    </p>
   </div>
   <div class='ocr_carea' id='block_1_10' title="bbox 1944 512 3515 579">
    <p class='ocr_par' dir='ltr' id='par_1_10' title="bbox 1944 512 3515 579">
     <span class='ocr_line' id='line_1_10' title="bbox 1944 512 3515 579; baseline 0.005 -19"><span class='ocrx_word' id='word_1_58' title='bbox 1944 512 2103 578; x_wconf 80' lang='lat' dir='ltr'><strong><em>pheta</em></strong></span> <span class='ocrx_word' id='word_1_59' title='bbox 2142 512 2274 565; x_wconf 78' lang='lat' dir='ltr'><strong>dixit</strong></span> <span class='ocrx_word' id='word_1_60' title='bbox 2310 527 2341 566; x_wconf 87' lang='lat' dir='ltr'><strong>e</strong></span> <span class='ocrx_word' id='word_1_61' title='bbox 2371 527 2601 579; x_wconf 82' lang='lat' dir='ltr'><strong><em>persona</em></strong></span> <span class='ocrx_word' id='word_1_62' title='bbox 2652 515 2740 567; x_wconf 81' lang='lat' dir='ltr'><strong><em>Dei</em></strong></span> <span class='ocrx_word' id='word_1_63' title='bbox 2775 532 2788 567; x_wconf 89' lang='lat'><strong><em>:</em></strong></span> <span class='ocrx_word' id='word_1_64' title='bbox 2819 514 2994 568; x_wconf 74' lang='lat' dir='ltr'><strong><em>Euerti</em></strong></span> <span class='ocrx_word' id='word_1_65' title='bbox 3072 530 3156 568; x_wconf 88' lang='lat' dir='ltr'><strong><em>eos</em></strong></span> <span class='ocrx_word' id='word_1_66' title='bbox 3212 526 3268 569; x_wconf 90' lang='lat' dir='ltr'><strong><em>ut</em></strong></span> <span class='ocrx_word' id='word_1_67' title='bbox 3337 517 3515 570; x_wconf 80' lang='lat' dir='ltr'><strong><em>evertit</em></strong></span> 
     </span>
    </p>
   </div>
   <div class='ocr_carea' id='block_1_11' title="bbox 1945 592 3516 651">
    <p class='ocr_par' dir='ltr' id='par_1_11' title="bbox 1945 592 3516 651">
     <span class='ocr_line' id='line_1_11' title="bbox 1945 592 3516 651; baseline 0.003 -5"><span class='ocrx_word' id='word_1_68' title='bbox 1945 592 2083 647; x_wconf 88' lang='lat' dir='ltr'><strong><em>Deus</em></strong></span> <span class='ocrx_word' id='word_1_69' title='bbox 2114 592 2397 648; x_wconf 87' lang='lat' dir='ltr'><strong><em>Sodomam</em></strong></span> <span class='ocrx_word' id='word_1_70' title='bbox 2421 604 2466 647; x_wconf 89' lang='lat' dir='ltr'><strong><em>et</em></strong></span> <span class='ocrx_word' id='word_1_71' title='bbox 2522 592 2892 651; x_wconf 81' lang='lat' dir='ltr'><strong><em>Gomorrlmm.</em></strong></span> <span class='ocrx_word' id='word_1_72' title='bbox 2935 595 3002 650; x_wconf 87' lang='lat' dir='ltr'><strong>Et</strong></span> <span class='ocrx_word' id='word_1_73' title='bbox 3060 597 3218 650; x_wconf 85' lang='lat' dir='ltr'><strong><em>aliter</em></strong></span> <span class='ocrx_word' id='word_1_74' title='bbox 3281 599 3516 650; x_wconf 84' lang='lat' dir='ltr'><strong><em>humano</em></strong></span> 
     </span>
    </p>
   </div>
   <div class='ocr_carea' id='block_1_12' title="bbox 253 659 1850 746">
    <p class='ocr_par' dir='ltr' id='par_1_12' title="bbox 253 659 1840 746">
     <span class='ocr_line' id='line_1_12' title="bbox 253 659 1840 746; baseline 0.01 -33"><span class='ocrx_word' id='word_1_75' title='bbox 253 659 389 746; x_wconf 50' lang='grc' dir='ltr'><em>ἐστι</em></span> <span class='ocrx_word' id='word_1_76' title='bbox 411 664 531 730; x_wconf 57' lang='lat' dir='ltr'><strong><em>sua</em></strong></span> <span class='ocrx_word' id='word_1_77' title='bbox 564 665 808 730; x_wconf 76' lang='grc' dir='ltr'><em>αὐτοὺς,</em></span> <span class='ocrx_word' id='word_1_78' title='bbox 830 666 909 732; x_wconf 87' lang='grc' dir='ltr'>ὡς</span> <span class='ocrx_word' id='word_1_79' title='bbox 931 667 1339 739; x_wconf 70' lang='grc' dir='ltr'><em>κατέστρεψεν</em></span> <span class='ocrx_word' id='word_1_80' title='bbox 1369 674 1402 725; x_wconf 89' lang='grc' dir='ltr'><strong><em>ό</em></strong></span> <span class='ocrx_word' id='word_1_81' title='bbox 1429 672 1573 739; x_wconf 84' lang='grc' dir='ltr'><strong><em>Θεὸς</em></strong></span> <span class='ocrx_word' id='word_1_82' title='bbox 1605 673 1840 743; x_wconf 81' lang='grc' dir='ltr'><em>Σόδομα</em></span> 
     </span>
    </p>
   </div>
   <div class='ocr_carea' id='block_1_13' title="bbox 1945 659 3516 746">
    <p class='ocr_par' dir='ltr' id='par_1_13' title="bbox 1945 675 3516 746">
     <span class='ocr_line' id='line_1_13' title="bbox 1945 675 3516 746; baseline 0.002 -19"><span class='ocrx_word' id='word_1_83' title='bbox 1945 690 2088 729; x_wconf 87' lang='lat' dir='ltr'><strong><em>more</em></strong></span> <span class='ocrx_word' id='word_1_84' title='bbox 2109 675 2349 745; x_wconf 87' lang='lat' dir='ltr'><strong><em>loquitur</em></strong></span> <span class='ocrx_word' id='word_1_85' title='bbox 2365 675 2504 731; x_wconf 87' lang='lat' dir='ltr'><strong><em>Deus</em></strong></span> <span class='ocrx_word' id='word_1_86' title='bbox 2537 694 2550 730; x_wconf 91' lang='lat'><strong>:</strong></span> <span class='ocrx_word' id='word_1_87' title='bbox 2583 676 2808 732; x_wconf 71' lang='lat' dir='ltr'><strong><em>Servabo</em></strong></span> <span class='ocrx_word' id='word_1_88' title='bbox 2827 695 2912 731; x_wconf 86' lang='lat' dir='ltr'><strong><em>eos</em></strong></span> <span class='ocrx_word' id='word_1_89' title='bbox 2937 679 2987 731; x_wconf 88' lang='lat' dir='ltr'><strong><em>in</em></strong></span> <span class='ocrx_word' id='word_1_90' title='bbox 3007 678 3229 731; x_wconf 85' lang='lat' dir='ltr'><strong><em>Domino</em></strong></span> <span class='ocrx_word' id='word_1_91' title='bbox 3245 677 3352 732; x_wconf 84' lang='lat' dir='ltr'><strong><em>Deo</em></strong></span> <span class='ocrx_word' id='word_1_92' title='bbox 3374 679 3516 746; x_wconf 90' lang='lat' dir='ltr'><strong><em>ipso-</em></strong></span> 
     </span>
    </p>
   </div>
   <div class='ocr_carea' id='block_1_14' title="bbox 254 744 1850 828">
    <p class='ocr_par' dir='ltr' id='par_1_14' title="bbox 254 744 1839 828">
     <span class='ocr_line' id='line_1_14' title="bbox 254 744 1839 828; baseline 0.011 -34"><span class='ocrx_word' id='word_1_93' title='bbox 254 744 365 828; x_wconf 67' lang='lat' dir='ltr'><strong><em>azai</em></strong></span> <span class='ocrx_word' id='word_1_94' title='bbox 390 747 439 797; x_wconf 89' lang='grc' dir='ltr'><em>Γ</em></span> <span class='ocrx_word' id='word_1_95' title='bbox 442 746 683 813; x_wconf 73' lang='grc' dir='ltr'><em>όμορῤα.</em></span> <span class='ocrx_word' id='word_1_96' title='bbox 710 750 820 802; x_wconf 76' lang='grc' dir='ltr'><strong><em>Καὶ</em></strong></span> <span class='ocrx_word' id='word_1_97' title='bbox 848 750 1050 820; x_wconf 81' lang='grc' dir='ltr'><strong><em>ἑτέρως</em></strong></span> <span class='ocrx_word' id='word_1_98' title='bbox 1082 752 1665 826; x_wconf 77' lang='grc' dir='ltr'><strong><em>φιλανθρωπευόμενος</em></strong></span> <span class='ocrx_word' id='word_1_99' title='bbox 1690 757 1839 825; x_wconf 85' lang='grc' dir='ltr'><strong>λέγει</strong></span> 
     </span>
    </p>
   </div>
   <div class='ocr_carea' id='block_1_15' title="bbox 1945 744 3512 828">
    <p class='ocr_par' dir='ltr' id='par_1_15' title="bbox 1945 744 3512 828">
     <span class='ocr_line' id='line_1_15' title="bbox 1945 744 3512 828; baseline 0.002 -19"><span class='ocrx_word' id='word_1_100' title='bbox 1945 773 2076 811; x_wconf 88' lang='lat' dir='ltr'><strong><em>rum.</em></strong></span> <span class='ocrx_word' id='word_1_101' title='bbox 2098 744 2248 824; x_wconf 75' lang='grc' dir='ltr'>Ωιιοά</span> <span class='ocrx_word' id='word_1_102' title='bbox 2271 758 2485 827; x_wconf 79' lang='lat' dir='ltr'><strong><em>quidem</em></strong></span> <span class='ocrx_word' id='word_1_103' title='bbox 2524 772 2722 813; x_wconf 83' lang='lat' dir='ltr'><strong><em>nonest</em></strong></span> <span class='ocrx_word' id='word_1_104' title='bbox 2747 760 3011 815; x_wconf 80' lang='lat' dir='ltr'><strong><em>dissimile</em></strong></span> <span class='ocrx_word' id='word_1_105' title='bbox 3051 763 3335 816; x_wconf 80' lang='lat' dir='ltr'><strong>verborum</strong></span> <span class='ocrx_word' id='word_1_106' title='bbox 3365 744 3512 828; x_wconf 78' lang='lat' dir='ltr'><strong><em>Apo-</em></strong></span> 
     </span>
    </p>
   </div>
   <div class='ocr_carea' id='block_1_16' title="bbox 252 826 1837 906">
    <p class='ocr_par' dir='ltr' id='par_1_16' title="bbox 252 826 1837 906">
     <span class='ocr_line' id='line_1_16' title="bbox 252 826 1837 906; baseline 0.01 -26"><span class='ocrx_word' id='word_1_107' title='bbox 252 827 283 880; x_wconf 86' lang='lat'><strong><em>6</em></strong></span> <span class='ocrx_word' id='word_1_108' title='bbox 315 826 475 890; x_wconf 78' lang='grc' dir='ltr'><em>Θεὸς,</em></span> <span class='ocrx_word' id='word_1_109' title='bbox 525 832 707 884; x_wconf 84' lang='grc' dir='ltr'><em>Σώσω</em></span> <span class='ocrx_word' id='word_1_110' title='bbox 755 833 980 899; x_wconf 63' lang='grc' dir='ltr'><em>αὐτοὺς</em></span> <span class='ocrx_word' id='word_1_111' title='bbox 1013 837 1083 888; x_wconf 84' lang='grc' dir='ltr'><em>ἐν</em></span> <span class='ocrx_word' id='word_1_112' title='bbox 1117 839 1309 904; x_wconf 80' lang='grc' dir='ltr'><em>Κυρίῳ</em></span> <span class='ocrx_word' id='word_1_113' title='bbox 1340 837 1421 904; x_wconf 84' lang='grc' dir='ltr'><em>τῷ</em></span> <span class='ocrx_word' id='word_1_114' title='bbox 1463 838 1585 906; x_wconf 82' lang='grc' dir='ltr'><strong><em>Θεῷ</em></strong></span> <span class='ocrx_word' id='word_1_115' title='bbox 1614 839 1837 906; x_wconf 79' lang='grc' dir='ltr'><em>αὐτῶν,</em></span> 
     </span>
    </p>
   </div>
   <div class='ocr_carea' id='block_1_17' title="bbox 251 911 1838 993">
    <p class='ocr_par' dir='ltr' id='par_1_17' title="bbox 251 911 1838 993">
     <span class='ocr_line' id='line_1_17' title="bbox 251 911 1838 993; baseline 0.009 -31"><span class='ocrx_word' id='word_1_116' title='bbox 251 911 400 982; x_wconf 80' lang='grc' dir='ltr'><strong><em>ὅπερ</em></strong></span> <span class='ocrx_word' id='word_1_117' title='bbox 432 917 531 966; x_wconf 81' lang='grc' dir='ltr'><strong><em>οὐκ</em></strong></span> <span class='ocrx_word' id='word_1_118' title='bbox 555 914 779 968; x_wconf 78' lang='grc' dir='ltr'><strong><em>ἀπέοικε</em></strong></span> <span class='ocrx_word' id='word_1_119' title='bbox 812 917 911 984; x_wconf 77' lang='grc' dir='ltr'><strong><em>τῆς</em></strong></span> <span class='ocrx_word' id='word_1_120' title='bbox 948 920 1321 990; x_wconf 72' lang='grc' dir='ltr'><strong><em>ἁποοτολικῆς</em></strong></span> <span class='ocrx_word' id='word_1_121' title='bbox 1359 923 1579 991; x_wconf 80' lang='grc' dir='ltr'><em>λέξεως,</em></span> <span class='ocrx_word' id='word_1_122' title='bbox 1623 925 1724 993; x_wconf 82' lang='grc' dir='ltr'><em>τῆς</em></span> <span class='ocrx_word' id='word_1_123' title='bbox 1748 924 1838 977; x_wconf 87' lang='grc' dir='ltr'><strong><em>λε-</em></strong></span> 
     </span>
    </p>
   </div>
   <div class='ocr_carea' id='block_1_18' title="bbox 1936 841 3512 912">
    <p class='ocr_par' dir='ltr' id='par_1_18' title="bbox 1936 841 3512 912">
     <span class='ocr_line' id='line_1_18' title="bbox 1936 841 3512 912; baseline -0.001 -16"><span class='ocrx_word' id='word_1_124' title='bbox 1936 841 2089 906; x_wconf 84' lang='lat' dir='ltr'><strong><em>stoli,</em></strong></span> <span class='ocrx_word' id='word_1_125' title='bbox 2121 856 2246 895; x_wconf 86' lang='lat' dir='ltr'><strong><em>cum</em></strong></span> <span class='ocrx_word' id='word_1_126' title='bbox 2275 841 2346 895; x_wconf 85' lang='lat' dir='ltr'><strong><em>ait</em></strong></span> <span class='ocrx_word' id='word_1_127' title='bbox 2374 858 2389 895; x_wconf 88' lang='lat'><strong>:</strong></span> <span class='ocrx_word' id='word_1_128' title='bbox 2417 841 2513 895; x_wconf 88' lang='lat' dir='ltr'><strong><em>Det</em></strong></span> <span class='ocrx_word' id='word_1_129' title='bbox 2565 844 2661 907; x_wconf 89' lang='lat' dir='ltr'><strong><em>ipsi</em></strong></span> <span class='ocrx_word' id='word_1_130' title='bbox 2688 843 2942 897; x_wconf 78' lang='lat' dir='ltr'><strong><em>Dominus</em></strong></span> <span class='ocrx_word' id='word_1_131' title='bbox 2969 844 3198 897; x_wconf 86' lang='lat' dir='ltr'><strong><em>invenire</em></strong></span> <span class='ocrx_word' id='word_1_132' title='bbox 3227 843 3451 912; x_wconf 92' lang='lat' dir='ltr'><strong><em>gratiam</em></strong></span> <span class='ocrx_word' id='word_1_133' title='bbox 3481 858 3512 895; x_wconf 89' lang='lat' dir='ltr'><strong><em>a</em></strong></span> 
     </span>
    </p>
   </div>
   <div class='ocr_carea' id='block_1_19' title="bbox 1941 924 2542 980">
    <p class='ocr_par' dir='ltr' id='par_1_19' title="bbox 1941 924 2542 980">
     <span class='ocr_line' id='line_1_19' title="bbox 1941 924 2542 980; baseline 0.002 -1"><span class='ocrx_word' id='word_1_134' title='bbox 1941 926 2161 979; x_wconf 88' lang='lat' dir='ltr'><strong><em>Domino</em></strong></span> <span class='ocrx_word' id='word_1_135' title='bbox 2177 926 2229 979; x_wconf 91' lang='lat' dir='ltr'><strong><em>iu</em></strong></span> <span class='ocrx_word' id='word_1_136' title='bbox 2265 924 2360 978; x_wconf 86' lang='lat' dir='ltr'><strong><em>illa</em></strong></span> <span class='ocrx_word' id='word_1_137' title='bbox 2378 928 2459 978; x_wconf 87' lang='lat' dir='ltr'><strong><em>die</em></strong></span> <span class='ocrx_word' id='word_1_138' title='bbox 2481 926 2500 957; x_wconf 83' lang='grc'>¹</span> <span class='ocrx_word' id='word_1_139' title='bbox 2525 963 2542 980; x_wconf 90' lang='grc'><strong>.</strong></span> 
     </span>
    </p>
   </div>
   <div class='ocr_carea' id='block_1_20' title="bbox 249 995 2629 1077">
    <p class='ocr_par' dir='ltr' id='par_1_20' title="bbox 249 995 2629 1077">
     <span class='ocr_line' id='line_1_20' title="bbox 249 995 2629 1077; baseline 0.007 -31"><span class='ocrx_word' id='word_1_140' title='bbox 249 995 359 1060; x_wconf 83' lang='grc' dir='ltr'><strong>γού</strong></span> <span class='ocrx_word' id='word_1_141' title='bbox 372 1013 489 1065; x_wconf 65' lang='grc' dir='ltr'><em>3ης,</em></span> <span class='ocrx_word' id='word_1_142' title='bbox 531 996 657 1068; x_wconf 81' lang='grc' dir='ltr'><strong><em>Δῴη</em></strong></span> <span class='ocrx_word' id='word_1_143' title='bbox 678 999 840 1064; x_wconf 80' lang='grc' dir='ltr'><em>αὐτῷ</em></span> <span class='ocrx_word' id='word_1_144' title='bbox 861 1001 1081 1069; x_wconf 56' lang='grc' dir='ltr'>,Κύριος</span> <span class='ocrx_word' id='word_1_145' title='bbox 1103 1007 1304 1071; x_wconf 85' lang='grc' dir='ltr'><em>εὑρειν</em></span> <span class='ocrx_word' id='word_1_146' title='bbox 1334 1008 1506 1074; x_wconf 80' lang='grc' dir='ltr'><em>ἕλεος</em></span> <span class='ocrx_word' id='word_1_147' title='bbox 1530 1009 1687 1076; x_wconf 81' lang='grc' dir='ltr'><strong><em>παρὰ</em></strong></span> <span class='ocrx_word' id='word_1_148' title='bbox 1713 1007 1932 1077; x_wconf 83' lang='grc' dir='ltr'><strong><em>Κυρίου</em></strong></span> <span class='ocrx_word' id='word_1_149' title='bbox 1958 1008 2029 1062; x_wconf 82' lang='grc' dir='ltr'><em>ἐν</em></span> <span class='ocrx_word' id='word_1_150' title='bbox 2064 1007 2266 1076; x_wconf 79' lang='grc' dir='ltr'><em>ἐκείνῃ</em></span> <span class='ocrx_word' id='word_1_151' title='bbox 2302 1007 2378 1074; x_wconf 76' lang='grc' dir='ltr'><em>τῇ</em></span> <span class='ocrx_word' id='word_1_152' title='bbox 2415 1009 2629 1076; x_wconf 79' lang='grc' dir='ltr'><strong><em>ἡμέρᾳ.</em></strong></span> 
     </span>
    </p>
   </div>
   <div class='ocr_carea' id='block_1_21' title="bbox 262 1087 1832 1165">
    <p class='ocr_par' dir='ltr' id='par_1_21' title="bbox 262 1087 1832 1165">
     <span class='ocr_line' id='line_1_21' title="bbox 262 1087 1832 1165; baseline 0.007 -23"><span class='ocrx_word' id='word_1_153' title='bbox 262 1087 387 1142; x_wconf 78' lang='grc' dir='ltr'><em>τοῦ</em></span> <span class='ocrx_word' id='word_1_154' title='bbox 438 1089 649 1165; x_wconf 57' lang='lat' dir='ltr'><strong><em>uitem”).</em></strong></span> <span class='ocrx_word' id='word_1_155' title='bbox 712 1092 860 1158; x_wconf 71' lang='grc' dir='ltr'><em>Πρὸς</em></span> <span class='ocrx_word' id='word_1_156' title='bbox 913 1095 1055 1165; x_wconf 84' lang='grc' dir='ltr'><em>τοὺς</em></span> <span class='ocrx_word' id='word_1_157' title='bbox 1099 1096 1414 1165; x_wconf 72' lang='grc' dir='ltr'><em>λέγοντας.</em></span> <span class='ocrx_word' id='word_1_158' title='bbox 1464 1099 1552 1153; x_wconf 83' lang='grc' dir='ltr'><em>ὅτι</em></span> <span class='ocrx_word' id='word_1_159' title='bbox 1597 1101 1832 1154; x_wconf 68' lang='grc' dir='ltr'><em>πολλά-</em></span> 
     </span>
    </p>
   </div>
   <div class='ocr_carea' id='block_1_22' title="bbox 332 1159 1832 1239">
    <p class='ocr_par' dir='ltr' id='par_1_22' title="bbox 332 1159 1832 1239">
     <span class='ocr_line' id='line_1_22' title="bbox 332 1159 1832 1239; baseline 0.01 -30"><span class='ocrx_word' id='word_1_160' title='bbox 332 1174 437 1239; x_wconf 70' lang='grc' dir='ltr'><strong><em>κις</em></strong></span> <span class='ocrx_word' id='word_1_161' title='bbox 478 1159 813 1239; x_wconf 60' lang='grc' dir='ltr'><em>χέγραπται</em></span> <span class='ocrx_word' id='word_1_162' title='bbox 845 1159 1304 1239; x_wconf 49' lang='grc' dir='ltr'><strong><em>ξτερι-Υζοῦίνιιιὶ</em></strong></span> <span class='ocrx_word' id='word_1_163' title='bbox 1337 1159 1735 1238; x_wconf 74' lang='grc' dir='ltr'><em>Πατρὸς,περὶ</em></span> <span class='ocrx_word' id='word_1_164' title='bbox 1763 1169 1832 1224; x_wconf 75' lang='grc' dir='ltr'><strong><em>δὲ</em></strong></span> 
     </span>
    </p>
   </div>
   <div class='ocr_carea' id='block_1_23' title="bbox 330 1231 1653 1307">
    <p class='ocr_par' dir='ltr' id='par_1_23' title="bbox 330 1231 1653 1307">
     <span class='ocr_line' id='line_1_23' title="bbox 330 1231 1653 1307; baseline 0.009 -28"><span class='ocrx_word' id='word_1_165' title='bbox 330 1231 441 1281; x_wconf 83' lang='grc' dir='ltr'><em>τοῦ</em></span> <span class='ocrx_word' id='word_1_166' title='bbox 467 1231 815 1298; x_wconf 85' lang='grc' dir='ltr'><em>Πνεὺματος</em></span> <span class='ocrx_word' id='word_1_167' title='bbox 844 1233 913 1283; x_wconf 81' lang='grc' dir='ltr'><em>ἐν</em></span> <span class='ocrx_word' id='word_1_168' title='bbox 940 1234 1019 1299; x_wconf 84' lang='grc' dir='ltr'><em>τῷ</em></span> <span class='ocrx_word' id='word_1_169' title='bbox 1034 1237 1412 1305; x_wconf 81' lang='grc' dir='ltr'><em>,ϐαπτίσματι</em></span> <span class='ocrx_word' id='word_1_170' title='bbox 1436 1231 1653 1307; x_wconf 72' lang='grc' dir='ltr'><em>μόνον.</em></span> 
     </span>
    </p>
   </div>
   <div class='ocr_carea' id='block_1_24' title="bbox 419 1327 1843 1401">
    <p class='ocr_par' dir='ltr' id='par_1_24' title="bbox 419 1327 1843 1401">
     <span class='ocr_line' id='line_1_24' title="bbox 419 1327 1843 1401; baseline 0.005 -21"><span class='ocrx_word' id='word_1_171' title='bbox 419 1328 548 1380; x_wconf 82' lang='grc' dir='ltr'><strong><em>Ἐὰν</em></strong></span> <span class='ocrx_word' id='word_1_172' title='bbox 602 1327 659 1380; x_wconf 81' lang='grc' dir='ltr'><em>δὲ</em></span> <span class='ocrx_word' id='word_1_173' title='bbox 710 1327 843 1399; x_wconf 97' lang='grc' dir='ltr'><strong>λέγῃ</strong></span> <span class='ocrx_word' id='word_1_174' title='bbox 881 1330 909 1381; x_wconf 92' lang='lat'><strong><em>6</em></strong></span> <span class='ocrx_word' id='word_1_175' title='bbox 957 1328 1148 1400; x_wconf 79' lang='grc' dir='ltr'><em>Πατὴρ</em></span> <span class='ocrx_word' id='word_1_176' title='bbox 1170 1370 1185 1395; x_wconf 88' lang='grc'><strong><em>,</em></strong></span> <span class='ocrx_word' id='word_1_177' title='bbox 1230 1331 1328 1383; x_wconf 83' lang='grc' dir='ltr'><em>Ἐν</em></span> <span class='ocrx_word' id='word_1_178' title='bbox 1376 1330 1507 1399; x_wconf 86' lang='grc' dir='ltr'><em>ταῖς</em></span> <span class='ocrx_word' id='word_1_179' title='bbox 1555 1330 1843 1401; x_wconf 76' lang='grc' dir='ltr'><strong><em>ἐσχάταις</em></strong></span> 
     </span>
    </p>
   </div>
   <div class='ocr_carea' id='block_1_25' title="bbox 243 1417 1844 1489">
    <p class='ocr_par' dir='ltr' id='par_1_25' title="bbox 243 1417 1844 1489">
     <span class='ocr_line' id='line_1_25' title="bbox 243 1417 1844 1489; baseline 0.002 -17"><span class='ocrx_word' id='word_1_180' title='bbox 243 1418 499 1489; x_wconf 76' lang='grc' dir='ltr'><strong><em>ἡμέραις</em></strong></span> <span class='ocrx_word' id='word_1_181' title='bbox 516 1417 705 1486; x_wconf 75' lang='grc' dir='ltr'><strong><em>ἐκχεῶ</em></strong></span> <span class='ocrx_word' id='word_1_182' title='bbox 726 1417 844 1472; x_wconf 76' lang='grc' dir='ltr'><strong><em>ἀπὸ</em></strong></span> <span class='ocrx_word' id='word_1_183' title='bbox 870 1417 978 1470; x_wconf 90' lang='grc' dir='ltr'><strong><em>τοῦ</em></strong></span> <span class='ocrx_word' id='word_1_184' title='bbox 1000 1420 1346 1486; x_wconf 82' lang='grc' dir='ltr'><em>ΙΙνεὺμιιτός</em></span> <span class='ocrx_word' id='word_1_185' title='bbox 1366 1436 1486 1488; x_wconf 89' lang='grc' dir='ltr'><strong><em>μου</em></strong></span> <span class='ocrx_word' id='word_1_186' title='bbox 1510 1420 1608 1473; x_wconf 79' lang='grc' dir='ltr'><strong><em>ἐπὶ</em></strong></span> <span class='ocrx_word' id='word_1_187' title='bbox 1637 1420 1844 1475; x_wconf 80' lang='grc' dir='ltr'><em>πᾶσαν</em></span> 
     </span>
    </p>
   </div>
   <div class='ocr_carea' id='block_1_26' title="bbox 242 1509 1843 1582">
    <p class='ocr_par' dir='ltr' id='par_1_26' title="bbox 242 1509 1843 1582">
     <span class='ocr_line' id='line_1_26' title="bbox 242 1509 1843 1582; baseline 0.001 -18"><span class='ocrx_word' id='word_1_188' title='bbox 242 1510 468 1579; x_wconf 81' lang='grc' dir='ltr'><em>σάρκα,</em></span> <span class='ocrx_word' id='word_1_189' title='bbox 507 1511 561 1563; x_wconf 88' lang='grc' dir='ltr'><strong><em>τί</em></strong></span> <span class='ocrx_word' id='word_1_190' title='bbox 607 1509 851 1580; x_wconf 67' lang='grc' dir='ltr'><em>εἴπωμεν</em></span> <span class='ocrx_word' id='word_1_191' title='bbox 903 1509 1033 1581; x_wconf 73' lang='grc' dir='ltr'><strong><em>περὶ</em></strong></span> <span class='ocrx_word' id='word_1_192' title='bbox 1083 1509 1175 1562; x_wconf 83' lang='grc' dir='ltr'><em>τοῦ</em></span> <span class='ocrx_word' id='word_1_193' title='bbox 1217 1510 1380 1575; x_wconf 74' lang='grc' dir='ltr'><strong>Υἰοῦς</strong></span> <span class='ocrx_word' id='word_1_194' title='bbox 1428 1510 1503 1562; x_wconf 80' lang='grc' dir='ltr'><strong><em>Οὐ</em></strong></span> <span class='ocrx_word' id='word_1_195' title='bbox 1533 1510 1843 1582; x_wconf 75' lang='grc' dir='ltr'><strong><em>γέγραπται</em></strong></span> 
     </span>
    </p>
   </div>
   <div class='ocr_carea' id='block_1_27' title="bbox 243 1600 1841 1674">
    <p class='ocr_par' dir='ltr' id='par_1_27' title="bbox 243 1600 1841 1674">
     <span class='ocr_line' id='line_1_27' title="bbox 243 1600 1841 1674; baseline 0.001 -19"><span class='ocrx_word' id='word_1_196' title='bbox 243 1604 356 1674; x_wconf 80' lang='grc' dir='ltr'><strong><em>γὰρ</em></strong></span> <span class='ocrx_word' id='word_1_197' title='bbox 393 1601 645 1656; x_wconf 73' lang='grc' dir='ltr'><strong><em>ἐνταῦθα.</em></strong></span> <span class='ocrx_word' id='word_1_198' title='bbox 676 1602 801 1655; x_wconf 78' lang='grc' dir='ltr'><strong><em>Ἐὰν</em></strong></span> <span class='ocrx_word' id='word_1_199' title='bbox 826 1602 883 1655; x_wconf 79' lang='grc' dir='ltr'><em>δὲ</em></span> <span class='ocrx_word' id='word_1_200' title='bbox 907 1600 1039 1673; x_wconf 88' lang='grc' dir='ltr'><strong>λέγῃ</strong></span> <span class='ocrx_word' id='word_1_201' title='bbox 1072 1600 1100 1652; x_wconf 88' lang='lat'><strong><em>6</em></strong></span> <span class='ocrx_word' id='word_1_202' title='bbox 1133 1603 1420 1674; x_wconf 81' lang='grc' dir='ltr'><strong><em>προφήτης</em></strong></span> <span class='ocrx_word' id='word_1_203' title='bbox 1443 1617 1457 1631; x_wconf 91' lang='grc'><strong>·</strong></span> <span class='ocrx_word' id='word_1_204' title='bbox 1505 1602 1659 1656; x_wconf 81' lang='grc' dir='ltr'><em>Ἐκεῖ</em></span> <span class='ocrx_word' id='word_1_205' title='bbox 1690 1620 1841 1657; x_wconf 89' lang='grc' dir='ltr'><em>συν-</em></span> 
     </span>
    </p>
   </div>
   <div class='ocr_carea' id='block_1_28' title="bbox 242 1666 1917 1762">
    <p class='ocr_par' dir='ltr' id='par_1_28' title="bbox 242 1666 1917 1762">
     <span class='ocr_line' id='line_1_28' title="bbox 242 1666 1917 1762; baseline -0.003 -14"><span class='ocrx_word' id='word_1_206' title='bbox 242 1666 528 1762; x_wconf 56' lang='grc' dir='ltr'><em>τὶντησαν</em></span> <span class='ocrx_word' id='word_1_207' title='bbox 573 1691 805 1761; x_wconf 64' lang='grc' dir='ltr'><em>ἔλαφοι,</em></span> <span class='ocrx_word' id='word_1_208' title='bbox 873 1666 990 1745; x_wconf 27' lang='grc' dir='ltr'><em>καὶ-</em></span> <span class='ocrx_word' id='word_1_209' title='bbox 1012 1666 1191 1746; x_wconf 39' lang='grc' dir='ltr'><em>εἶδον.</em></span> <span class='ocrx_word' id='word_1_210' title='bbox 1221 1666 1618 1760; x_wconf 59' lang='grc' dir='ltr'><em>ταπρόσωπα</em></span> <span class='ocrx_word' id='word_1_211' title='bbox 1649 1694 1841 1760; x_wconf 70' lang='grc' dir='ltr'><em>ἀλλή-</em></span> <span class='ocrx_word' id='word_1_212' title='bbox 1875 1666 1917 1718; x_wconf 72' lang='grc' dir='ltr'>Β</span> 
     </span>
    </p>
   </div>
   <div class='ocr_carea' id='block_1_29' title="bbox 243 1782 1842 1855">
    <p class='ocr_par' dir='ltr' id='par_1_29' title="bbox 243 1782 1842 1855">
     <span class='ocr_line' id='line_1_29' title="bbox 243 1782 1842 1855; baseline -0.001 -14"><span class='ocrx_word' id='word_1_213' title='bbox 243 1788 400 1841; x_wconf 72' lang='grc' dir='ltr'><em>λων·</em></span> <span class='ocrx_word' id='word_1_214' title='bbox 430 1783 655 1855; x_wconf 83' lang='grc' dir='ltr'>ἀριθμῷ</span> <span class='ocrx_word' id='word_1_215' title='bbox 677 1784 1014 1855; x_wconf 71' lang='grc' dir='ltr'><em>παρῆλθον,</em></span> <span class='ocrx_word' id='word_1_216' title='bbox 1056 1785 1156 1838; x_wconf 73' lang='grc' dir='ltr'><em>καὶ</em></span> <span class='ocrx_word' id='word_1_217' title='bbox 1185 1785 1295 1854; x_wconf 88' lang='grc' dir='ltr'><strong><em>μία</em></strong></span> <span class='ocrx_word' id='word_1_218' title='bbox 1323 1782 1522 1839; x_wconf 83' lang='grc' dir='ltr'><em>αὐτῶν</em></span> <span class='ocrx_word' id='word_1_219' title='bbox 1568 1786 1682 1855; x_wconf 84' lang='grc' dir='ltr'><strong><em>οὐχ</em></strong></span> <span class='ocrx_word' id='word_1_220' title='bbox 1726 1788 1842 1839; x_wconf 82' lang='grc' dir='ltr'><strong><em>ὺπ-</em></strong></span> 
     </span>
    </p>
   </div>
   <div class='ocr_carea' id='block_1_30' title="bbox 244 1874 1841 1944">
    <p class='ocr_par' dir='ltr' id='par_1_30' title="bbox 244 1874 1841 1944">
     <span class='ocr_line' id='line_1_30' title="bbox 244 1874 1841 1944; baseline -0.001 -13"><span class='ocrx_word' id='word_1_221' title='bbox 244 1877 518 1944; x_wconf 65' lang='grc' dir='ltr'><em>ελείφθη,</em></span> <span class='ocrx_word' id='word_1_222' title='bbox 568 1874 716 1928; x_wconf 83' lang='grc' dir='ltr'>διότι</span> <span class='ocrx_word' id='word_1_223' title='bbox 747 1877 966 1944; x_wconf 85' lang='grc' dir='ltr'>Κύριος</span> <span class='ocrx_word' id='word_1_224' title='bbox 990 1875 1326 1929; x_wconf 79' lang='grc' dir='ltr'><em>ἐνετείλατο</em></span> <span class='ocrx_word' id='word_1_225' title='bbox 1367 1874 1598 1942; x_wconf 81' lang='grc' dir='ltr'><em>αὐταῖς,</em></span> <span class='ocrx_word' id='word_1_226' title='bbox 1644 1875 1742 1929; x_wconf 80' lang='grc' dir='ltr'><em>καὶ</em></span> <span class='ocrx_word' id='word_1_227' title='bbox 1773 1875 1841 1929; x_wconf 85' lang='grc' dir='ltr'><em>τὸ</em></span> 
     </span>
    </p>
   </div>
   <div class='ocr_carea' id='block_1_31' title="bbox 244 1966 1838 2037">
    <p class='ocr_par' dir='ltr' id='par_1_31' title="bbox 244 1966 1838 2037">
     <span class='ocr_line' id='line_1_31' title="bbox 244 1966 1838 2037; baseline -0.002 -16"><span class='ocrx_word' id='word_1_228' title='bbox 244 1967 492 2037; x_wconf 78' lang='grc' dir='ltr'><strong><em>Πνεῦμα</em></strong></span> <span class='ocrx_word' id='word_1_229' title='bbox 519 1966 704 2021; x_wconf 78' lang='grc' dir='ltr'><em>αὐτοῦ</em></span> <span class='ocrx_word' id='word_1_230' title='bbox 725 1966 1072 2036; x_wconf 66' lang='grc' dir='ltr'><em>συνήγαγεν</em></span> <span class='ocrx_word' id='word_1_231' title='bbox 1097 1966 1284 2033; x_wconf 83' lang='grc' dir='ltr'><em>αὑτάς</em></span> <span class='ocrx_word' id='word_1_232' title='bbox 1333 1981 1347 1997; x_wconf 83' lang='grc'><strong><em>⁸</em></strong></span> <span class='ocrx_word' id='word_1_233' title='bbox 1486 1966 1590 2020; x_wconf 78' lang='lat'><em>1:06</em></span> <span class='ocrx_word' id='word_1_234' title='bbox 1619 1968 1648 2019; x_wconf 96' lang='lat'><strong><em>6</em></strong></span> <span class='ocrx_word' id='word_1_235' title='bbox 1670 1967 1798 2032; x_wconf 81' lang='grc' dir='ltr'><strong><em>Υἱός</em></strong></span> <span class='ocrx_word' id='word_1_236' title='bbox 1823 1986 1838 2033; x_wconf 85' lang='lat'><strong>;</strong></span> 
     </span>
    </p>
   </div>
   <div class='ocr_carea' id='block_1_32' title="bbox 257 2056 1840 2130">
    <p class='ocr_par' dir='ltr' id='par_1_32' title="bbox 257 2056 1840 2130">
     <span class='ocr_line' id='line_1_32' title="bbox 257 2056 1840 2130; baseline -0.001 -17"><span class='ocrx_word' id='word_1_237' title='bbox 257 2060 386 2113; x_wconf 75' lang='grc' dir='ltr'><strong><em>Ἐὰν</em></strong></span> <span class='ocrx_word' id='word_1_238' title='bbox 406 2059 465 2112; x_wconf 85' lang='grc' dir='ltr'><em>δὲ</em></span> <span class='ocrx_word' id='word_1_239' title='bbox 491 2058 625 2130; x_wconf 82' lang='grc' dir='ltr'><strong>λέγῃ</strong></span> <span class='ocrx_word' id='word_1_240' title='bbox 645 2074 658 2088; x_wconf 91' lang='grc'><strong>·</strong></span> <span class='ocrx_word' id='word_1_241' title='bbox 697 2058 937 2127; x_wconf 80' lang='grc' dir='ltr'><em>Πνεῦμα</em></span> <span class='ocrx_word' id='word_1_242' title='bbox 964 2058 1102 2126; x_wconf 83' lang='grc' dir='ltr'><em>παρ’</em></span> <span class='ocrx_word' id='word_1_243' title='bbox 1123 2058 1268 2127; x_wconf 78' lang='grc' dir='ltr'><em>ἐμοῦ</em></span> <span class='ocrx_word' id='word_1_244' title='bbox 1296 2056 1702 2122; x_wconf 76' lang='grc' dir='ltr'><em>ἐξελεύσεται,</em></span> <span class='ocrx_word' id='word_1_245' title='bbox 1744 2060 1840 2113; x_wconf 76' lang='grc' dir='ltr'><em>καὶ</em></span> 
     </span>
    </p>
   </div>
   <div class='ocr_carea' id='block_1_33' title="bbox 240 2147 1842 2219">
    <p class='ocr_par' dir='ltr' id='par_1_33' title="bbox 240 2147 1842 2219">
     <span class='ocr_line' id='line_1_33' title="bbox 240 2147 1842 2219; baseline -0.001 -15"><span class='ocrx_word' id='word_1_246' title='bbox 240 2148 450 2217; x_wconf 61' lang='grc' dir='ltr'><em>πνοὴν</em></span> <span class='ocrx_word' id='word_1_247' title='bbox 491 2147 697 2202; x_wconf 83' lang='grc' dir='ltr'><em>πᾶσαν</em></span> <span class='ocrx_word' id='word_1_248' title='bbox 727 2147 842 2219; x_wconf 77' lang='grc' dir='ltr'><strong><em>ἐγὼ</em></strong></span> <span class='ocrx_word' id='word_1_249' title='bbox 873 2148 1166 2215; x_wconf 80' lang='grc' dir='ltr'><em>ἐποίησα·</em></span> <span class='ocrx_word' id='word_1_250' title='bbox 1218 2147 1321 2201; x_wconf 77' lang='grc' dir='ltr'><strong><em>ποῦ</em></strong></span> <span class='ocrx_word' id='word_1_251' title='bbox 1361 2148 1390 2199; x_wconf 92' lang='lat'><strong><em>6</em></strong></span> <span class='ocrx_word' id='word_1_252' title='bbox 1425 2148 1588 2214; x_wconf 75' lang='grc' dir='ltr'><strong><em>Υἱόςς</em></strong></span> <span class='ocrx_word' id='word_1_253' title='bbox 1631 2149 1754 2203; x_wconf 78' lang='grc' dir='ltr'><strong><em>Ἐὰν</em></strong></span> <span class='ocrx_word' id='word_1_254' title='bbox 1785 2149 1842 2203; x_wconf 77' lang='grc' dir='ltr'><em>δὲ</em></span> 
     </span>
    </p>
   </div>
   <div class='ocr_carea' id='block_1_34' title="bbox 241 2242 1840 2315">
    <p class='ocr_par' dir='ltr' id='par_1_34' title="bbox 241 2242 1840 2315">
     <span class='ocr_line' id='line_1_34' title="bbox 241 2242 1840 2315; baseline 0.004 -20"><span class='ocrx_word' id='word_1_255' title='bbox 241 2246 382 2315; x_wconf 77' lang='grc' dir='ltr'><strong>λέγῃ</strong></span> <span class='ocrx_word' id='word_1_256' title='bbox 415 2247 443 2299; x_wconf 91' lang='lat'><strong><em>6</em></strong></span> <span class='ocrx_word' id='word_1_257' title='bbox 471 2243 667 2297; x_wconf 79' lang='grc' dir='ltr'><em>Δαὸίδ·</em></span> <span class='ocrx_word' id='word_1_258' title='bbox 712 2242 825 2297; x_wconf 81' lang='grc' dir='ltr'><strong><em>Καὶ</em></strong></span> <span class='ocrx_word' id='word_1_259' title='bbox 879 2242 945 2297; x_wconf 85' lang='grc' dir='ltr'><em>τὸ</em></span> <span class='ocrx_word' id='word_1_260' title='bbox 984 2243 1229 2312; x_wconf 70' lang='grc' dir='ltr'><em>Πνεῦμα</em></span> <span class='ocrx_word' id='word_1_261' title='bbox 1276 2260 1394 2298; x_wconf 90' lang='grc' dir='ltr'><strong><em>σου</em></strong></span> <span class='ocrx_word' id='word_1_262' title='bbox 1440 2244 1508 2297; x_wconf 81' lang='grc' dir='ltr'><em>τὸ</em></span> <span class='ocrx_word' id='word_1_263' title='bbox 1539 2244 1708 2314; x_wconf 78' lang='grc' dir='ltr'><em>ἅγιον</em></span> <span class='ocrx_word' id='word_1_264' title='bbox 1755 2245 1840 2314; x_wconf 84' lang='grc' dir='ltr'><em>μὴ</em></span> 
     </span>
    </p>
   </div>
   <div class='ocr_carea' id='block_1_35' title="bbox 240 2332 1843 2407">
    <p class='ocr_par' dir='ltr' id='par_1_35' title="bbox 240 2332 1843 2407">
     <span class='ocr_line' id='line_1_35' title="bbox 240 2332 1843 2407; baseline -0.002 -17"><span class='ocrx_word' id='word_1_265' title='bbox 240 2333 589 2402; x_wconf 72' lang='grc' dir='ltr'><em>ἀντανέλης</em></span> <span class='ocrx_word' id='word_1_266' title='bbox 638 2333 741 2387; x_wconf 74' lang='grc' dir='ltr'><strong><em>ἀπ’</em></strong></span> <span class='ocrx_word' id='word_1_267' title='bbox 796 2333 981 2402; x_wconf 82' lang='grc' dir='ltr'><strong><em>ἐμοῦ·</em></strong></span> <span class='ocrx_word' id='word_1_268' title='bbox 1033 2333 1136 2386; x_wconf 80' lang='grc' dir='ltr'><strong><em>ποῦ</em></strong></span> <span class='ocrx_word' id='word_1_269' title='bbox 1172 2335 1200 2386; x_wconf 97' lang='lat'><strong><em>6</em></strong></span> <span class='ocrx_word' id='word_1_270' title='bbox 1244 2333 1407 2398; x_wconf 81' lang='grc' dir='ltr'><strong><em>Υἱός;</em></strong></span> <span class='ocrx_word' id='word_1_271' title='bbox 1458 2332 1581 2386; x_wconf 86' lang='grc' dir='ltr'><strong><em>Ἐὰν</em></strong></span> <span class='ocrx_word' id='word_1_272' title='bbox 1628 2334 1761 2407; x_wconf 90' lang='grc' dir='ltr'><strong>λέγῃ</strong></span> <span class='ocrx_word' id='word_1_273' title='bbox 1813 2336 1843 2386; x_wconf 91' lang='lat'><strong><em>6</em></strong></span> 
     </span>
    </p>
   </div>
   <div class='ocr_carea' id='block_1_36' title="bbox 240 2423 1838 2493">
    <p class='ocr_par' dir='ltr' id='par_1_36' title="bbox 240 2423 1838 2493">
     <span class='ocr_line' id='line_1_36' title="bbox 240 2423 1838 2493; baseline 0.014 -24"><span class='ocrx_word' id='word_1_274' title='bbox 240 2425 445 2489; x_wconf 70' lang='grc' dir='ltr'><em>αὐτός’</em></span> <span class='ocrx_word' id='word_1_275' title='bbox 480 2423 745 2493; x_wconf 80' lang='grc' dir='ltr'><strong><em>Καρδίαν</em></strong></span> <span class='ocrx_word' id='word_1_276' title='bbox 793 2425 1059 2493; x_wconf 81' lang='grc' dir='ltr'><em>καθαρὰν</em></span> <span class='ocrx_word' id='word_1_277' title='bbox 1100 2424 1315 2491; x_wconf 65' lang='grc' dir='ltr'><em>κτίσον</em></span> <span class='ocrx_word' id='word_1_278' title='bbox 1343 2423 1415 2475; x_wconf 85' lang='grc' dir='ltr'><em>ἐν</em></span> <span class='ocrx_word' id='word_1_279' title='bbox 1454 2423 1583 2492; x_wconf 77' lang='grc' dir='ltr'><em>ἐμοὶ</em></span> <span class='ocrx_word' id='word_1_280' title='bbox 1617 2427 1650 2477; x_wconf 86' lang='grc' dir='ltr'><strong><em>ό</em></strong></span> <span class='ocrx_word' id='word_1_281' title='bbox 1676 2424 1838 2491; x_wconf 66' lang='grc' dir='ltr'><em>Θεδςν</em></span> 
     </span>
    </p>
   </div>
   <div class='ocr_carea' id='block_1_37' title="bbox 242 2514 1843 2586">
    <p class='ocr_par' dir='ltr' id='par_1_37' title="bbox 242 2514 1843 2586">
     <span class='ocr_line' id='line_1_37' title="bbox 242 2514 1843 2586; baseline -0.003 -15"><span class='ocrx_word' id='word_1_282' title='bbox 242 2519 345 2573; x_wconf 76' lang='grc' dir='ltr'><em>καὶ</em></span> <span class='ocrx_word' id='word_1_283' title='bbox 389 2516 631 2586; x_wconf 77' lang='grc' dir='ltr'><em>Πνεῦμα</em></span> <span class='ocrx_word' id='word_1_284' title='bbox 672 2517 848 2582; x_wconf 80' lang='grc' dir='ltr'><em>εὺθὲς</em></span> <span class='ocrx_word' id='word_1_285' title='bbox 891 2516 1244 2585; x_wconf 79' lang='grc' dir='ltr'><em>ἐγκαίνισον</em></span> <span class='ocrx_word' id='word_1_286' title='bbox 1286 2515 1355 2568; x_wconf 81' lang='grc' dir='ltr'><em>ἐν</em></span> <span class='ocrx_word' id='word_1_287' title='bbox 1398 2514 1522 2580; x_wconf 82' lang='grc' dir='ltr'><em>τοῖς</em></span> <span class='ocrx_word' id='word_1_288' title='bbox 1570 2514 1843 2585; x_wconf 59' lang='lat' dir='ltr'><strong><em>eratiram</em></strong></span> 
     </span>
    </p>
   </div>
   <div class='ocr_carea' id='block_1_38' title="bbox 239 2606 1843 2681">
    <p class='ocr_par' dir='ltr' id='par_1_38' title="bbox 239 2606 1843 2681">
     <span class='ocr_line' id='line_1_38' title="bbox 239 2606 1843 2681; baseline -0.002 -18"><span class='ocrx_word' id='word_1_289' title='bbox 239 2629 366 2681; x_wconf 79' lang='grc' dir='ltr'><strong><em>μου</em></strong></span> <span class='ocrx_word' id='word_1_290' title='bbox 387 2627 400 2639; x_wconf 94' lang='grc'><strong>·</strong></span> <span class='ocrx_word' id='word_1_291' title='bbox 433 2609 536 2662; x_wconf 79' lang='grc' dir='ltr'><strong><em>ποῦ</em></strong></span> <span class='ocrx_word' id='word_1_292' title='bbox 576 2611 605 2662; x_wconf 91' lang='lat'><strong><em>6</em></strong></span> <span class='ocrx_word' id='word_1_293' title='bbox 630 2609 792 2672; x_wconf 73' lang='grc' dir='ltr'><strong><em>Υἱόςς</em></strong></span> <span class='ocrx_word' id='word_1_294' title='bbox 835 2609 962 2662; x_wconf 80' lang='grc' dir='ltr'><strong><em>Ἐὰν</em></strong></span> <span class='ocrx_word' id='word_1_295' title='bbox 988 2607 1045 2660; x_wconf 85' lang='grc' dir='ltr'><em>δὲ</em></span> <span class='ocrx_word' id='word_1_296' title='bbox 1081 2607 1214 2680; x_wconf 84' lang='grc' dir='ltr'><strong>λέγῃ</strong></span> <span class='ocrx_word' id='word_1_297' title='bbox 1242 2610 1270 2660; x_wconf 88' lang='lat'><strong><em>6</em></strong></span> <span class='ocrx_word' id='word_1_298' title='bbox 1297 2606 1459 2670; x_wconf 82' lang='grc' dir='ltr'><em>αὐτὸς</em></span> <span class='ocrx_word' id='word_1_299' title='bbox 1490 2606 1652 2660; x_wconf 84' lang='grc' dir='ltr'><strong><em>πάλιν</em></strong></span> <span class='ocrx_word' id='word_1_300' title='bbox 1679 2623 1691 2636; x_wconf 91' lang='grc'>·</span> <span class='ocrx_word' id='word_1_301' title='bbox 1733 2606 1843 2660; x_wconf 76' lang='grc' dir='ltr'><strong><em>Καὶ</em></strong></span> 
     </span>
    </p>
   </div>
   <div class='ocr_carea' id='block_1_39' title="bbox 241 2697 1842 2770">
    <p class='ocr_par' dir='ltr' id='par_1_39' title="bbox 241 2697 1842 2770">
     <span class='ocr_line' id='line_1_39' title="bbox 241 2697 1842 2770; baseline -0.003 -13"><span class='ocrx_word' id='word_1_302' title='bbox 241 2703 312 2757; x_wconf 81' lang='grc' dir='ltr'><strong><em>τὸ</em></strong></span> <span class='ocrx_word' id='word_1_303' title='bbox 348 2700 593 2770; x_wconf 71' lang='grc' dir='ltr'><em>Πνεῦμα</em></span> <span class='ocrx_word' id='word_1_304' title='bbox 628 2716 743 2754; x_wconf 91' lang='grc' dir='ltr'><strong><em>σου</em></strong></span> <span class='ocrx_word' id='word_1_305' title='bbox 797 2700 863 2753; x_wconf 82' lang='grc' dir='ltr'><em>τὸ</em></span> <span class='ocrx_word' id='word_1_306' title='bbox 917 2700 1144 2769; x_wconf 75' lang='grc' dir='ltr'><em>ἀγαθὸν</em></span> <span class='ocrx_word' id='word_1_307' title='bbox 1190 2698 1477 2767; x_wconf 72' lang='grc' dir='ltr'><strong><em>ὁδηγήσει</em></strong></span> <span class='ocrx_word' id='word_1_308' title='bbox 1524 2716 1602 2769; x_wconf 88' lang='grc' dir='ltr'><strong><em>με</em></strong></span> <span class='ocrx_word' id='word_1_309' title='bbox 1647 2700 1718 2752; x_wconf 86' lang='grc' dir='ltr'><em>ἐν</em></span> <span class='ocrx_word' id='word_1_310' title='bbox 1765 2697 1842 2768; x_wconf 75' lang='grc' dir='ltr'><strong>γῆ</strong></span> 
     </span>
    </p>
   </div>
   <div class='ocr_carea' id='block_1_40' title="bbox 243 2789 1839 2859">
    <p class='ocr_par' dir='ltr' id='par_1_40' title="bbox 243 2789 1839 2859">
     <span class='ocr_line' id='line_1_40' title="bbox 243 2789 1839 2859; baseline 0 -15"><span class='ocrx_word' id='word_1_311' title='bbox 243 2792 455 2857; x_wconf 74' lang='grc' dir='ltr'><em>εὐθείᾳ</em></span> <span class='ocrx_word' id='word_1_312' title='bbox 482 2806 493 2818; x_wconf 93' lang='grc'><strong>·</strong></span> <span class='ocrx_word' id='word_1_313' title='bbox 539 2789 639 2843; x_wconf 80' lang='grc' dir='ltr'><strong><em>ποῦ</em></strong></span> <span class='ocrx_word' id='word_1_314' title='bbox 675 2791 702 2842; x_wconf 91' lang='lat'><strong><em>6</em></strong></span> <span class='ocrx_word' id='word_1_315' title='bbox 732 2789 897 2854; x_wconf 80' lang='grc' dir='ltr'><strong><em>Υἱός;</em></strong></span> <span class='ocrx_word' id='word_1_316' title='bbox 946 2789 1070 2841; x_wconf 84' lang='grc' dir='ltr'><strong><em>Ἐὰν</em></strong></span> <span class='ocrx_word' id='word_1_317' title='bbox 1115 2789 1174 2842; x_wconf 80' lang='grc' dir='ltr'><em>δὲ</em></span> <span class='ocrx_word' id='word_1_318' title='bbox 1224 2789 1357 2859; x_wconf 90' lang='grc' dir='ltr'><strong>λέγῃ</strong></span> <span class='ocrx_word' id='word_1_319' title='bbox 1408 2792 1438 2842; x_wconf 88' lang='lat'><strong><em>6</em></strong></span> <span class='ocrx_word' id='word_1_320' title='bbox 1481 2790 1643 2854; x_wconf 80' lang='grc' dir='ltr'><em>αὐτός</em></span> <span class='ocrx_word' id='word_1_321' title='bbox 1669 2807 1681 2820; x_wconf 92' lang='grc'>·</span> <span class='ocrx_word' id='word_1_322' title='bbox 1730 2792 1839 2844; x_wconf 78' lang='grc' dir='ltr'><em>Καὶ</em></span> 
     </span>
    </p>
   </div>
   <div class='ocr_carea' id='block_1_41' title="bbox 244 2877 1837 2950">
    <p class='ocr_par' dir='ltr' id='par_1_41' title="bbox 244 2877 1837 2950">
     <span class='ocr_line' id='line_1_41' title="bbox 244 2877 1837 2950; baseline 0 -15"><span class='ocrx_word' id='word_1_323' title='bbox 244 2882 551 2950; x_wconf 83' lang='grc' dir='ltr'><em>Πνεύματι</em></span> <span class='ocrx_word' id='word_1_324' title='bbox 593 2877 923 2949; x_wconf 74' lang='grc' dir='ltr'><strong><em>ἡγεμονικῷ</em></strong></span> <span class='ocrx_word' id='word_1_325' title='bbox 974 2877 1264 2947; x_wconf 79' lang='grc' dir='ltr'><em>στήριξόν</em></span> <span class='ocrx_word' id='word_1_326' title='bbox 1306 2898 1409 2949; x_wconf 80' lang='grc' dir='ltr'><em>με’</em></span> <span class='ocrx_word' id='word_1_327' title='bbox 1459 2881 1560 2934; x_wconf 78' lang='grc' dir='ltr'><strong><em>ποῦ</em></strong></span> <span class='ocrx_word' id='word_1_328' title='bbox 1611 2882 1639 2932; x_wconf 90' lang='grc' dir='ltr'><strong>ὀ</strong></span> <span class='ocrx_word' id='word_1_329' title='bbox 1676 2882 1837 2949; x_wconf 82' lang='grc' dir='ltr'><strong><em>Υὶὸς;</em></strong></span> 
     </span>
    </p>
   </div>
   <div class='ocr_carea' id='block_1_42' title="bbox 258 2969 1910 3045">
    <p class='ocr_par' dir='ltr' id='par_1_42' title="bbox 258 2969 1910 3045">
     <span class='ocr_line' id='line_1_42' title="bbox 258 2969 1910 3045; baseline 0.001 -21"><span class='ocrx_word' id='word_1_330' title='bbox 258 2973 392 3024; x_wconf 65' lang='grc' dir='ltr'><strong><em>Ἐὰν</em></strong></span> <span class='ocrx_word' id='word_1_331' title='bbox 442 2972 498 3023; x_wconf 82' lang='grc' dir='ltr'><em>δὲ</em></span> <span class='ocrx_word' id='word_1_332' title='bbox 546 2970 677 3041; x_wconf 89' lang='grc' dir='ltr'><strong>λέγῃ</strong></span> <span class='ocrx_word' id='word_1_333' title='bbox 721 2972 750 3023; x_wconf 93' lang='lat'><strong><em>6</em></strong></span> <span class='ocrx_word' id='word_1_334' title='bbox 789 2969 909 3023; x_wconf 77' lang='lat' dir='ltr'><strong><em>’lc’u6</em></strong></span> <span class='ocrx_word' id='word_1_335' title='bbox 933 2984 950 3000; x_wconf 80' lang='lat'><strong>&#39;</strong></span> <span class='ocrx_word' id='word_1_336' title='bbox 985 2970 1231 3039; x_wconf 80' lang='grc' dir='ltr'><em>Πνεῦμα</em></span> <span class='ocrx_word' id='word_1_337' title='bbox 1270 2969 1431 3024; x_wconf 86' lang='grc' dir='ltr'><em>θεῖον</em></span> <span class='ocrx_word' id='word_1_338' title='bbox 1461 2969 1527 3024; x_wconf 79' lang='grc' dir='ltr'><em>τὸ</em></span> <span class='ocrx_word' id='word_1_339' title='bbox 1577 2971 1844 3040; x_wconf 73' lang='grc' dir='ltr'><em>ποιῆσαν</em></span> <span class='ocrx_word' id='word_1_340' title='bbox 1868 2990 1910 3045; x_wconf 63' lang='grc' dir='ltr'><strong><em>(ι</em></strong></span> 
     </span>
    </p>
   </div>
   <div class='ocr_carea' id='block_1_43' title="bbox 244 3059 1845 3131">
    <p class='ocr_par' dir='ltr' id='par_1_43' title="bbox 244 3059 1845 3131">
     <span class='ocr_line' id='line_1_43' title="bbox 244 3059 1845 3131; baseline 0.001 -18"><span class='ocrx_word' id='word_1_341' title='bbox 244 3080 321 3131; x_wconf 80' lang='grc' dir='ltr'><strong><em>με</em></strong></span> <span class='ocrx_word' id='word_1_342' title='bbox 341 3079 358 3093; x_wconf 78' lang='grc' dir='ltr'><strong>ο</strong></span> <span class='ocrx_word' id='word_1_343' title='bbox 393 3060 494 3113; x_wconf 79' lang='grc' dir='ltr'><strong><em>ποῦ</em></strong></span> <span class='ocrx_word' id='word_1_344' title='bbox 522 3064 550 3114; x_wconf 88' lang='lat'><strong><em>6</em></strong></span> <span class='ocrx_word' id='word_1_345' title='bbox 582 3061 741 3127; x_wconf 50' lang='lat'><strong><em>116;;</em></strong></span> <span class='ocrx_word' id='word_1_346' title='bbox 782 3061 908 3115; x_wconf 75' lang='grc' dir='ltr'><strong><em>Ἐὰν</em></strong></span> <span class='ocrx_word' id='word_1_347' title='bbox 934 3060 991 3113; x_wconf 81' lang='grc' dir='ltr'><em>δὲ</em></span> <span class='ocrx_word' id='word_1_348' title='bbox 1025 3060 1158 3131; x_wconf 82' lang='grc' dir='ltr'><strong>λέγῃ</strong></span> <span class='ocrx_word' id='word_1_349' title='bbox 1190 3062 1218 3113; x_wconf 93' lang='lat'><strong><em>6</em></strong></span> <span class='ocrx_word' id='word_1_350' title='bbox 1241 3059 1404 3124; x_wconf 68' lang='grc' dir='ltr'><em>αὐτὸς</em></span> <span class='ocrx_word' id='word_1_351' title='bbox 1435 3059 1575 3112; x_wconf 70' lang='grc' dir='ltr'><strong><em>Ἰώϐ·</em></strong></span> <span class='ocrx_word' id='word_1_352' title='bbox 1599 3061 1845 3130; x_wconf 81' lang='grc' dir='ltr'><em>Πνεῦμά</em></span> 
     </span>
    </p>
   </div>
   <div class='ocr_carea' id='block_1_44' title="bbox 245 3150 1845 3220">
    <p class='ocr_par' dir='ltr' id='par_1_44' title="bbox 245 3150 1845 3220">
     <span class='ocr_line' id='line_1_44' title="bbox 245 3150 1845 3220; baseline -0.001 -13"><span class='ocrx_word' id='word_1_353' title='bbox 245 3155 426 3208; x_wconf 82' lang='grc' dir='ltr'><em>ἐστιν</em></span> <span class='ocrx_word' id='word_1_354' title='bbox 455 3153 524 3206; x_wconf 82' lang='grc' dir='ltr'><em>ἐν</em></span> <span class='ocrx_word' id='word_1_355' title='bbox 547 3151 808 3220; x_wconf 84' lang='grc' dir='ltr'><strong><em>βροτοῖς,</em></strong></span> <span class='ocrx_word' id='word_1_356' title='bbox 839 3150 996 3220; x_wconf 78' lang='grc' dir='ltr'><em>πνοὴ</em></span> <span class='ocrx_word' id='word_1_357' title='bbox 1037 3151 1106 3205; x_wconf 85' lang='grc' dir='ltr'><em>δὲ</em></span> <span class='ocrx_word' id='word_1_358' title='bbox 1148 3150 1630 3219; x_wconf 80' lang='grc' dir='ltr'><em>παντοκράτορός</em></span> <span class='ocrx_word' id='word_1_359' title='bbox 1674 3153 1845 3206; x_wconf 71' lang='grc' dir='ltr'><em>ἐστιν</em></span> 
     </span>
    </p>
   </div>
   <div class='ocr_carea' id='block_1_45' title="bbox 246 3241 1845 3316">
    <p class='ocr_par' dir='ltr' id='par_1_45' title="bbox 246 3241 1845 3316">
     <span class='ocr_line' id='line_1_45' title="bbox 246 3241 1845 3316; baseline 0.001 -19"><span class='ocrx_word' id='word_1_360' title='bbox 246 3246 288 3312; x_wconf 77' lang='grc' dir='ltr'><strong><em>ἡ</em></strong></span> <span class='ocrx_word' id='word_1_361' title='bbox 314 3242 699 3297; x_wconf 70' lang='grc' dir='ltr'><em>διδάσκουσὰ</em></span> <span class='ocrx_word' id='word_1_362' title='bbox 722 3261 799 3312; x_wconf 90' lang='grc' dir='ltr'><strong><em>με</em></strong></span> <span class='ocrx_word' id='word_1_363' title='bbox 820 3262 832 3274; x_wconf 75' lang='grc' dir='ltr'><strong>ο</strong></span> <span class='ocrx_word' id='word_1_364' title='bbox 870 3241 974 3296; x_wconf 81' lang='grc' dir='ltr'><strong><em>ποῦ</em></strong></span> <span class='ocrx_word' id='word_1_365' title='bbox 1007 3243 1035 3294; x_wconf 88' lang='lat'><strong><em>6</em></strong></span> <span class='ocrx_word' id='word_1_366' title='bbox 1070 3242 1236 3308; x_wconf 76' lang='grc' dir='ltr'><strong><em>Υἱόςς</em></strong></span> <span class='ocrx_word' id='word_1_367' title='bbox 1282 3243 1407 3297; x_wconf 82' lang='grc' dir='ltr'><strong><em>Ἐὰν</em></strong></span> <span class='ocrx_word' id='word_1_368' title='bbox 1442 3243 1499 3297; x_wconf 83' lang='grc' dir='ltr'><em>δὲ</em></span> <span class='ocrx_word' id='word_1_369' title='bbox 1532 3244 1663 3316; x_wconf 88' lang='grc' dir='ltr'><strong>λέγῃ</strong></span> <span class='ocrx_word' id='word_1_370' title='bbox 1690 3247 1718 3299; x_wconf 92' lang='lat'><strong><em>6</em></strong></span> <span class='ocrx_word' id='word_1_371' title='bbox 1740 3248 1845 3298; x_wconf 78' lang='lat' dir='ltr'><strong><em>A1-</em></strong></span> 
     </span>
    </p>
   </div>
   <div class='ocr_carea' id='block_1_46' title="bbox 248 3333 1841 3406">
    <p class='ocr_par' dir='ltr' id='par_1_46' title="bbox 248 3333 1841 3406">
     <span class='ocr_line' id='line_1_46' title="bbox 248 3333 1841 3406; baseline 0.002 -19"><span class='ocrx_word' id='word_1_372' title='bbox 248 3334 340 3388; x_wconf 80' lang='lat' dir='ltr'><em>6i6</em></span> <span class='ocrx_word' id='word_1_373' title='bbox 364 3350 381 3366; x_wconf 76' lang='grc'><strong><em>⁸</em></strong></span> <span class='ocrx_word' id='word_1_374' title='bbox 425 3334 886 3401; x_wconf 76' lang='grc' dir='ltr'><em>Ἐξαποστελεῖς</em></span> <span class='ocrx_word' id='word_1_375' title='bbox 917 3333 983 3388; x_wconf 86' lang='grc' dir='ltr'><strong><em>τὸ</em></strong></span> <span class='ocrx_word' id='word_1_376' title='bbox 1008 3334 1250 3404; x_wconf 75' lang='grc' dir='ltr'><em>Πνεῦμα</em></span> <span class='ocrx_word' id='word_1_377' title='bbox 1276 3349 1414 3398; x_wconf 90' lang='grc' dir='ltr'><em>σου,</em></span> <span class='ocrx_word' id='word_1_378' title='bbox 1455 3335 1556 3389; x_wconf 79' lang='grc' dir='ltr'><em>καὶ</em></span> <span class='ocrx_word' id='word_1_379' title='bbox 1596 3337 1841 3406; x_wconf 65' lang='grc' dir='ltr'><em>κτισθής</em></span> 
     </span>
    </p>
   </div>
   <div class='ocr_carea' id='block_1_47' title="bbox 248 3425 1838 3497">
    <p class='ocr_par' dir='ltr' id='par_1_47' title="bbox 248 3425 1838 3497">
     <span class='ocr_line' id='line_1_47' title="bbox 248 3425 1838 3497; baseline -0.005 -15"><span class='ocrx_word' id='word_1_380' title='bbox 248 3444 490 3488; x_wconf 85' lang='grc' dir='ltr'><em>σονται,</em></span> <span class='ocrx_word' id='word_1_381' title='bbox 530 3426 626 3480; x_wconf 79' lang='grc' dir='ltr'><em>καὶ</em></span> <span class='ocrx_word' id='word_1_382' title='bbox 671 3425 1036 3493; x_wconf 80' lang='grc' dir='ltr'><em>ἁνακαινιεῖς</em></span> <span class='ocrx_word' id='word_1_383' title='bbox 1064 3427 1131 3480; x_wconf 80' lang='grc' dir='ltr'><em>τὸ</em></span> <span class='ocrx_word' id='word_1_384' title='bbox 1165 3425 1494 3493; x_wconf 79' lang='grc' dir='ltr'><em>πρόσωπον</em></span> <span class='ocrx_word' id='word_1_385' title='bbox 1539 3425 1651 3495; x_wconf 85' lang='grc' dir='ltr'><em>τῆς</em></span> <span class='ocrx_word' id='word_1_386' title='bbox 1691 3427 1838 3497; x_wconf 75' lang='grc' dir='ltr'><strong>γῆς·</strong></span> 
     </span>
    </p>
   </div>
   <div class='ocr_carea' id='block_1_48' title="bbox 248 3514 1840 3590">
    <p class='ocr_par' dir='ltr' id='par_1_48' title="bbox 248 3514 1840 3590">
     <span class='ocr_line' id='line_1_48' title="bbox 248 3514 1840 3590; baseline -0.003 -17"><span class='ocrx_word' id='word_1_387' title='bbox 248 3518 363 3574; x_wconf 72' lang='grc' dir='ltr'><strong><em>ποῦ</em></strong></span> <span class='ocrx_word' id='word_1_388' title='bbox 394 3521 422 3571; x_wconf 85' lang='lat'><strong><em>6</em></strong></span> <span class='ocrx_word' id='word_1_389' title='bbox 451 3518 608 3583; x_wconf 48' lang='lat'><strong><em>116;;</em></strong></span> <span class='ocrx_word' id='word_1_390' title='bbox 650 3517 775 3571; x_wconf 81' lang='grc' dir='ltr'><strong><em>Ἐὰν</em></strong></span> <span class='ocrx_word' id='word_1_391' title='bbox 815 3517 871 3569; x_wconf 82' lang='grc' dir='ltr'><em>δὲ</em></span> <span class='ocrx_word' id='word_1_392' title='bbox 913 3517 1048 3590; x_wconf 75' lang='grc' dir='ltr'><strong>λέγῃ</strong></span> <span class='ocrx_word' id='word_1_393' title='bbox 1071 3532 1085 3546; x_wconf 88' lang='grc'><strong>·</strong></span> <span class='ocrx_word' id='word_1_394' title='bbox 1121 3515 1246 3570; x_wconf 86' lang='grc' dir='ltr'><strong><em>Ποῦ</em></strong></span> <span class='ocrx_word' id='word_1_395' title='bbox 1289 3514 1559 3583; x_wconf 79' lang='grc' dir='ltr'><em>πορευθῶ</em></span> <span class='ocrx_word' id='word_1_396' title='bbox 1582 3516 1700 3569; x_wconf 79' lang='grc' dir='ltr'><strong><em>ἀπὸ</em></strong></span> <span class='ocrx_word' id='word_1_397' title='bbox 1735 3514 1840 3569; x_wconf 83' lang='grc' dir='ltr'><strong><em>τοῦ</em></strong></span> 
     </span>
    </p>
   </div>
   <div class='ocr_carea' id='block_1_49' title="bbox 250 3606 1842 3680">
    <p class='ocr_par' dir='ltr' id='par_1_49' title="bbox 250 3606 1842 3680">
     <span class='ocr_line' id='line_1_49' title="bbox 250 3606 1842 3680; baseline -0.004 -13"><span class='ocrx_word' id='word_1_398' title='bbox 250 3612 602 3680; x_wconf 75' lang='grc' dir='ltr'><em>Πνεῦματός</em></span> <span class='ocrx_word' id='word_1_399' title='bbox 626 3624 764 3673; x_wconf 89' lang='grc' dir='ltr'><em>σου,</em></span> <span class='ocrx_word' id='word_1_400' title='bbox 804 3609 901 3663; x_wconf 80' lang='grc' dir='ltr'><em>καὶ</em></span> <span class='ocrx_word' id='word_1_401' title='bbox 921 3608 1039 3667; x_wconf 79' lang='grc' dir='ltr'><strong><em>ἀπὸ</em></strong></span> <span class='ocrx_word' id='word_1_402' title='bbox 1067 3607 1173 3662; x_wconf 86' lang='grc' dir='ltr'><strong><em>τοῦ</em></strong></span> <span class='ocrx_word' id='word_1_403' title='bbox 1208 3606 1536 3675; x_wconf 79' lang='grc' dir='ltr'><strong><em>προσώπου</em></strong></span> <span class='ocrx_word' id='word_1_404' title='bbox 1578 3624 1694 3661; x_wconf 88' lang='grc' dir='ltr'><strong><em>σου</em></strong></span> <span class='ocrx_word' id='word_1_405' title='bbox 1723 3608 1842 3662; x_wconf 84' lang='grc' dir='ltr'><em>ποῦ</em></span> 
     </span>
    </p>
   </div>
   <div class='ocr_carea' id='block_1_50' title="bbox 248 3696 1846 3773">
    <p class='ocr_par' dir='ltr' id='par_1_50' title="bbox 248 3696 1846 3773">
     <span class='ocr_line' id='line_1_50' title="bbox 248 3696 1846 3773; baseline -0.003 -17"><span class='ocrx_word' id='word_1_406' title='bbox 248 3704 464 3773; x_wconf 64' lang='lat' dir='ltr'><strong><em>satira);</em></strong></span> <span class='ocrx_word' id='word_1_407' title='bbox 498 3699 600 3755; x_wconf 79' lang='grc' dir='ltr'><strong><em>ποῦ</em></strong></span> <span class='ocrx_word' id='word_1_408' title='bbox 630 3703 659 3755; x_wconf 88' lang='lat'><strong><em>6</em></strong></span> <span class='ocrx_word' id='word_1_409' title='bbox 684 3701 850 3766; x_wconf 74' lang='grc' dir='ltr'><strong><em>Υἱόςς</em></strong></span> <span class='ocrx_word' id='word_1_410' title='bbox 893 3700 1019 3754; x_wconf 81' lang='grc' dir='ltr'><strong><em>Ἐὰν</em></strong></span> <span class='ocrx_word' id='word_1_411' title='bbox 1048 3699 1103 3752; x_wconf 85' lang='grc' dir='ltr'><em>δέ</em></span> <span class='ocrx_word' id='word_1_412' title='bbox 1127 3698 1261 3770; x_wconf 84' lang='grc' dir='ltr'><strong>λέγῃ</strong></span> <span class='ocrx_word' id='word_1_413' title='bbox 1279 3713 1295 3728; x_wconf 74' lang='grc' dir='ltr'><strong>ο</strong></span> <span class='ocrx_word' id='word_1_414' title='bbox 1329 3697 1478 3753; x_wconf 76' lang='grc' dir='ltr'><strong><em>οὐαὶ</em></strong></span> <span class='ocrx_word' id='word_1_415' title='bbox 1497 3696 1677 3750; x_wconf 77' lang='grc' dir='ltr'><em>τέκνα</em></span> <span class='ocrx_word' id='word_1_416' title='bbox 1698 3699 1846 3752; x_wconf 83' lang='grc' dir='ltr'><strong><em>ἀπο-</em></strong></span> 
     </span>
    </p>
   </div>
   <div class='ocr_carea' id='block_1_51' title="bbox 252 3788 1852 3861">
    <p class='ocr_par' dir='ltr' id='par_1_51' title="bbox 252 3788 1852 3861">
     <span class='ocr_line' id='line_1_51' title="bbox 252 3788 1852 3861; baseline -0.004 -12"><span class='ocrx_word' id='word_1_417' title='bbox 252 3792 495 3855; x_wconf 83' lang='grc' dir='ltr'><em>στάται.</em></span> <span class='ocrx_word' id='word_1_418' title='bbox 533 3791 673 3846; x_wconf 83' lang='grc' dir='ltr'><em>τάδε</em></span> <span class='ocrx_word' id='word_1_419' title='bbox 716 3792 879 3861; x_wconf 78' lang='grc' dir='ltr'><em>λέγει</em></span> <span class='ocrx_word' id='word_1_420' title='bbox 924 3792 1176 3858; x_wconf 82' lang='grc' dir='ltr'><strong><em>Κύριος’</em></strong></span> <span class='ocrx_word' id='word_1_421' title='bbox 1222 3789 1572 3855; x_wconf 77' lang='grc' dir='ltr'><em>Ἐποιήσατε</em></span> <span class='ocrx_word' id='word_1_422' title='bbox 1604 3788 1852 3855; x_wconf 70' lang='grc' dir='ltr'><em>βουλὴν</em></span> 
     </span>
    </p>
   </div>
   <div class='ocr_carea' id='block_1_52' title="bbox 254 3881 1852 3953">
    <p class='ocr_par' dir='ltr' id='par_1_52' title="bbox 254 3881 1852 3953">
     <span class='ocr_line' id='line_1_52' title="bbox 254 3881 1852 3953; baseline -0.006 -12"><span class='ocrx_word' id='word_1_423' title='bbox 254 3888 333 3941; x_wconf 83' lang='grc' dir='ltr'>οὐ</span> <span class='ocrx_word' id='word_1_424' title='bbox 368 3883 442 3937; x_wconf 76' lang='grc' dir='ltr'><em>δι’</em></span> <span class='ocrx_word' id='word_1_425' title='bbox 469 3883 634 3953; x_wconf 74' lang='grc' dir='ltr'><em>ἐμοῦ,</em></span> <span class='ocrx_word' id='word_1_426' title='bbox 666 3883 762 3937; x_wconf 79' lang='grc' dir='ltr'><em>καὶ</em></span> <span class='ocrx_word' id='word_1_427' title='bbox 792 3882 1106 3949; x_wconf 74' lang='grc' dir='ltr'><strong><em>συνθήκας</em></strong></span> <span class='ocrx_word' id='word_1_428' title='bbox 1139 3884 1211 3935; x_wconf 87' lang='grc' dir='ltr'>οὐ</span> <span class='ocrx_word' id='word_1_429' title='bbox 1240 3881 1340 3936; x_wconf 80' lang='grc' dir='ltr'><em>διὰ</em></span> <span class='ocrx_word' id='word_1_430' title='bbox 1367 3881 1474 3934; x_wconf 86' lang='grc' dir='ltr'><strong><em>τοῦ</em></strong></span> <span class='ocrx_word' id='word_1_431' title='bbox 1511 3881 1852 3948; x_wconf 69' lang='grc' dir='ltr'><em>Πνεύματός</em></span> 
     </span>
    </p>
   </div>
   <div class='ocr_carea' id='block_1_53' title="bbox 248 3970 1852 4046">
    <p class='ocr_par' dir='ltr' id='par_1_53' title="bbox 248 3970 1852 4046">
     <span class='ocr_line' id='line_1_53' title="bbox 248 3970 1852 4046; baseline -0.004 -16"><span class='ocrx_word' id='word_1_432' title='bbox 248 3993 415 4046; x_wconf 87' lang='grc' dir='ltr'><em>μου·</em></span> <span class='ocrx_word' id='word_1_433' title='bbox 452 3974 554 4027; x_wconf 80' lang='grc' dir='ltr'><strong><em>ποῦ</em></strong></span> <span class='ocrx_word' id='word_1_434' title='bbox 581 3975 609 4026; x_wconf 90' lang='lat'><strong><em>6</em></strong></span> <span class='ocrx_word' id='word_1_435' title='bbox 635 3975 761 4038; x_wconf 81' lang='grc' dir='ltr'><strong><em>Υἱός</em></strong></span> <span class='ocrx_word' id='word_1_436' title='bbox 789 3990 805 4039; x_wconf 87' lang='lat'><strong>;</strong></span> <span class='ocrx_word' id='word_1_437' title='bbox 854 3973 979 4027; x_wconf 76' lang='grc' dir='ltr'><strong><em>Ἐὰν</em></strong></span> <span class='ocrx_word' id='word_1_438' title='bbox 1017 3974 1075 4026; x_wconf 81' lang='grc' dir='ltr'><em>δὲ</em></span> <span class='ocrx_word' id='word_1_439' title='bbox 1106 3972 1241 4046; x_wconf 84' lang='grc' dir='ltr'><strong>λέγῃ</strong></span> <span class='ocrx_word' id='word_1_440' title='bbox 1265 3990 1278 4003; x_wconf 92' lang='grc'><strong>·</strong></span> <span class='ocrx_word' id='word_1_441' title='bbox 1325 3972 1437 4026; x_wconf 81' lang='grc' dir='ltr'><em>Καὶ</em></span> <span class='ocrx_word' id='word_1_442' title='bbox 1468 3970 1852 4036; x_wconf 74' lang='grc' dir='ltr'><em>ἐξελεύσεται</em></span> 
     </span>
    </p>
   </div>
   <div class='ocr_carea' id='block_1_54' title="bbox 247 4061 1853 4138">
    <p class='ocr_par' dir='ltr' id='par_1_54' title="bbox 247 4061 1853 4138">
     <span class='ocr_line' id='line_1_54' title="bbox 247 4061 1853 4138; baseline -0.003 -17"><span class='ocrx_word' id='word_1_443' title='bbox 247 4066 483 4138; x_wconf 77' lang='grc' dir='ltr'><strong><em>ῥάϐδος</em></strong></span> <span class='ocrx_word' id='word_1_444' title='bbox 523 4067 592 4121; x_wconf 81' lang='grc' dir='ltr'><strong><em>ἐκ</em></strong></span> <span class='ocrx_word' id='word_1_445' title='bbox 630 4065 741 4135; x_wconf 84' lang='grc' dir='ltr'><strong><em>τῆς</em></strong></span> <span class='ocrx_word' id='word_1_446' title='bbox 776 4063 943 4134; x_wconf 81' lang='grc' dir='ltr'><strong><em>ῥίζης</em></strong></span> <span class='ocrx_word' id='word_1_447' title='bbox 983 4064 1230 4130; x_wconf 75' lang='grc' dir='ltr'><em>Ἰεσσαὶ,</em></span> <span class='ocrx_word' id='word_1_448' title='bbox 1270 4064 1367 4118; x_wconf 77' lang='grc' dir='ltr'><em>καὶ</em></span> <span class='ocrx_word' id='word_1_449' title='bbox 1406 4062 1589 4129; x_wconf 78' lang='grc' dir='ltr'><em>ἄνθος</em></span> <span class='ocrx_word' id='word_1_450' title='bbox 1632 4064 1701 4117; x_wconf 81' lang='grc' dir='ltr'><em>ἐκ</em></span> <span class='ocrx_word' id='word_1_451' title='bbox 1741 4061 1853 4130; x_wconf 86' lang='grc' dir='ltr'><strong><em>τῆς</em></strong></span> 
     </span>
    </p>
   </div>
   <div class='ocr_carea' id='block_1_55' title="bbox 1941 1097 3510 1171">
    <p class='ocr_par' dir='ltr' id='par_1_55' title="bbox 1941 1097 3510 1171">
     <span class='ocr_line' id='line_1_55' title="bbox 1941 1097 3510 1171; baseline 0.001 -19"><span class='ocrx_word' id='word_1_452' title='bbox 1941 1097 2197 1170; x_wconf 82' lang='lat' dir='ltr'><strong><em>Ejusdem</em></strong></span> <span class='ocrx_word' id='word_1_453' title='bbox 2232 1099 2300 1152; x_wconf 87' lang='lat' dir='ltr'><strong><em>ad</em></strong></span> <span class='ocrx_word' id='word_1_454' title='bbox 2329 1116 2415 1154; x_wconf 91' lang='lat' dir='ltr'><strong><em>eos</em></strong></span> <span class='ocrx_word' id='word_1_455' title='bbox 2458 1102 2551 1171; x_wconf 83' lang='lat' dir='ltr'><strong><em>qui</em></strong></span> <span class='ocrx_word' id='word_1_456' title='bbox 2572 1103 2763 1171; x_wconf 76' lang='lat' dir='ltr'><strong><em>dicunt</em></strong></span> <span class='ocrx_word' id='word_1_457' title='bbox 2792 1119 2930 1170; x_wconf 67' lang='lat' dir='ltr'><strong><em>sirpe</em></strong></span> <span class='ocrx_word' id='word_1_458' title='bbox 2979 1104 3042 1157; x_wconf 85' lang='lat' dir='ltr'><strong><em>de</em></strong></span> <span class='ocrx_word' id='word_1_459' title='bbox 3086 1106 3228 1159; x_wconf 82' lang='lat' dir='ltr'><strong><em>Filio</em></strong></span> <span class='ocrx_word' id='word_1_460' title='bbox 3263 1111 3309 1155; x_wconf 89' lang='lat' dir='ltr'><strong><em>et</em></strong></span> <span class='ocrx_word' id='word_1_461' title='bbox 3345 1100 3510 1158; x_wconf 83' lang='lat' dir='ltr'><strong><em>Patre</em></strong></span> 
     </span>
    </p>
   </div>
   <div class='ocr_carea' id='block_1_56' title="bbox 2007 1170 3511 1241">
    <p class='ocr_par' dir='ltr' id='par_1_56' title="bbox 2007 1170 3511 1241">
     <span class='ocr_line' id='line_1_56' title="bbox 2007 1170 3511 1241; baseline 0.003 -17"><span class='ocrx_word' id='word_1_462' title='bbox 2007 1171 2262 1236; x_wconf 87' lang='lat' dir='ltr'><strong><em>scriptum</em></strong></span> <span class='ocrx_word' id='word_1_463' title='bbox 2306 1186 2436 1235; x_wconf 84' lang='lat' dir='ltr'><strong><em>esse,</em></strong></span> <span class='ocrx_word' id='word_1_464' title='bbox 2463 1170 2526 1224; x_wconf 83' lang='lat' dir='ltr'><strong><em>de</em></strong></span> <span class='ocrx_word' id='word_1_465' title='bbox 2554 1170 2758 1237; x_wconf 77' lang='lat' dir='ltr'><strong><em>Spiritu</em></strong></span> <span class='ocrx_word' id='word_1_466' title='bbox 2802 1184 2975 1225; x_wconf 88' lang='lat' dir='ltr'><strong><em>autem</em></strong></span> <span class='ocrx_word' id='word_1_467' title='bbox 3004 1175 3059 1228; x_wconf 90' lang='lat' dir='ltr'><strong><em>in</em></strong></span> <span class='ocrx_word' id='word_1_468' title='bbox 3105 1177 3363 1241; x_wconf 82' lang='lat' dir='ltr'><strong><em>baptismo</em></strong></span> <span class='ocrx_word' id='word_1_469' title='bbox 3395 1182 3511 1229; x_wconf 81' lang='lat' dir='ltr'><strong><em>tan-</em></strong></span> 
     </span>
    </p>
   </div>
   <div class='ocr_carea' id='block_1_57' title="bbox 2008 1250 3503 1299">
    <p class='ocr_par' dir='ltr' id='par_1_57' title="bbox 2008 1250 3503 1299">
     <span class='ocr_line' id='line_1_57' title="bbox 2008 1250 3503 1299; baseline 0 -6"><span class='ocrx_word' id='word_1_470' title='bbox 2008 1250 2143 1295; x_wconf 80' lang='lat' dir='ltr'><strong><em>tum.</em></strong></span> <span class='ocrx_word' id='word_1_471' title='bbox 2249 1294 2255 1299; x_wconf 76' lang='grc'><strong><em>,</em></strong></span> <span class='ocrx_word' id='word_1_472' title='bbox 3500 1280 3503 1285; x_wconf 68' lang='lat'>.</span> 
     </span>
    </p>
   </div>
   <div class='ocr_carea' id='block_1_58' title="bbox 2112 1340 3529 1418">
    <p class='ocr_par' dir='ltr' id='par_1_58' title="bbox 2112 1340 3529 1418">
     <span class='ocr_line' id='line_1_58' title="bbox 2112 1340 3529 1418; baseline 0.006 -23"><span class='ocrx_word' id='word_1_473' title='bbox 2112 1341 2262 1408; x_wconf 83' lang='lat' dir='ltr'><strong>Quod</strong></span> <span class='ocrx_word' id='word_1_474' title='bbox 2304 1343 2347 1397; x_wconf 93' lang='lat' dir='ltr'><strong><em>si</em></strong></span> <span class='ocrx_word' id='word_1_475' title='bbox 2388 1340 2553 1398; x_wconf 85' lang='lat' dir='ltr'><strong><em>Pater</em></strong></span> <span class='ocrx_word' id='word_1_476' title='bbox 2588 1343 2768 1400; x_wconf 78' lang='lat' dir='ltr'><strong>dixit:</strong></span> <span class='ocrx_word' id='word_1_477' title='bbox 2807 1344 2873 1400; x_wconf 90' lang='lat' dir='ltr'><strong><em>In</em></strong></span> <span class='ocrx_word' id='word_1_478' title='bbox 2909 1345 3110 1401; x_wconf 88' lang='lat' dir='ltr'><strong><em>ultimis</em></strong></span> <span class='ocrx_word' id='word_1_479' title='bbox 3141 1347 3326 1401; x_wconf 90' lang='lat' dir='ltr'><strong><em>diebus</em></strong></span> <span class='ocrx_word' id='word_1_480' title='bbox 3358 1352 3529 1418; x_wconf 70' lang='lat' dir='ltr'><strong><em>emtu-</em></strong></span> 
     </span>
    </p>
   </div>
   <div class='ocr_carea' id='block_1_59' title="bbox 1950 1430 3530 1508">
    <p class='ocr_par' dir='ltr' id='par_1_59' title="bbox 1950 1430 3530 1508">
     <span class='ocr_line' id='line_1_59' title="bbox 1950 1430 3530 1508; baseline 0.006 -23"><span class='ocrx_word' id='word_1_481' title='bbox 1950 1433 2072 1485; x_wconf 89' lang='lat' dir='ltr'><strong><em>dam</em></strong></span> <span class='ocrx_word' id='word_1_482' title='bbox 2111 1433 2191 1485; x_wconf 82' lang='lat' dir='ltr'><strong><em>de</em></strong></span> <span class='ocrx_word' id='word_1_483' title='bbox 2221 1430 2428 1500; x_wconf 89' lang='lat' dir='ltr'><strong><em>Spiritu</em></strong></span> <span class='ocrx_word' id='word_1_484' title='bbox 2460 1448 2575 1487; x_wconf 90' lang='lat' dir='ltr'><strong><em>meo</em></strong></span> <span class='ocrx_word' id='word_1_485' title='bbox 2624 1451 2783 1502; x_wconf 86' lang='lat' dir='ltr'><strong><em>super</em></strong></span> <span class='ocrx_word' id='word_1_486' title='bbox 2814 1451 3014 1490; x_wconf 82' lang='lat' dir='ltr'><strong><em>omnem</em></strong></span> <span class='ocrx_word' id='word_1_487' title='bbox 3063 1453 3277 1491; x_wconf 80' lang='lat' dir='ltr'><strong><em>carnem</em></strong></span> <span class='ocrx_word' id='word_1_488' title='bbox 3307 1438 3328 1468; x_wconf 90' lang='grc'><em>³</em></span> <span class='ocrx_word' id='word_1_489' title='bbox 3358 1478 3371 1502; x_wconf 87' lang='grc'><strong><em>,</em></strong></span> <span class='ocrx_word' id='word_1_490' title='bbox 3402 1441 3530 1508; x_wconf 88' lang='lat' dir='ltr'><strong>quid</strong></span> 
     </span>
    </p>
   </div>
   <div class='ocr_carea' id='block_1_60' title="bbox 1949 1521 3529 1599">
    <p class='ocr_par' dir='ltr' id='par_1_60' title="bbox 1949 1521 3529 1599">
     <span class='ocr_line' id='line_1_60' title="bbox 1949 1521 3529 1599; baseline 0.005 -22"><span class='ocrx_word' id='word_1_491' title='bbox 1949 1522 2017 1577; x_wconf 86' lang='lat' dir='ltr'><strong><em>de</em></strong></span> <span class='ocrx_word' id='word_1_492' title='bbox 2056 1521 2190 1576; x_wconf 77' lang='lat' dir='ltr'><strong><em>Filio</em></strong></span> <span class='ocrx_word' id='word_1_493' title='bbox 2224 1539 2411 1579; x_wconf 84' lang='lat' dir='ltr'><strong><em>sumus</em></strong></span> <span class='ocrx_word' id='word_1_494' title='bbox 2457 1524 2693 1579; x_wconf 86' lang='lat' dir='ltr'><strong>dicturi?</strong></span> <span class='ocrx_word' id='word_1_495' title='bbox 2725 1525 2823 1581; x_wconf 89' lang='lat' dir='ltr'><strong>Hic</strong></span> <span class='ocrx_word' id='word_1_496' title='bbox 2869 1528 3014 1581; x_wconf 87' lang='lat' dir='ltr'><strong><em>enim</em></strong></span> <span class='ocrx_word' id='word_1_497' title='bbox 3062 1527 3129 1582; x_wconf 87' lang='lat' dir='ltr'><strong><em>de</em></strong></span> <span class='ocrx_word' id='word_1_498' title='bbox 3159 1543 3225 1583; x_wconf 87' lang='lat' dir='ltr'><strong><em>eo</em></strong></span> <span class='ocrx_word' id='word_1_499' title='bbox 3268 1530 3529 1599; x_wconf 87' lang='lat' dir='ltr'><strong><em>scriptum</em></strong></span> 
     </span>
    </p>
   </div>
   <div class='ocr_carea' id='block_1_61' title="bbox 1948 1613 3532 1687">
    <p class='ocr_par' dir='ltr' id='par_1_61' title="bbox 1948 1613 3532 1687">
     <span class='ocr_line' id='line_1_61' title="bbox 1948 1613 3532 1687; baseline 0.006 -22"><span class='ocrx_word' id='word_1_500' title='bbox 1948 1627 2054 1666; x_wconf 90' lang='lat' dir='ltr'><strong><em>non</em></strong></span> <span class='ocrx_word' id='word_1_501' title='bbox 2084 1622 2190 1666; x_wconf 83' lang='lat' dir='ltr'><strong>est.</strong></span> <span class='ocrx_word' id='word_1_502' title='bbox 2233 1613 2291 1667; x_wconf 92' lang='lat' dir='ltr'><strong><em>Si</em></strong></span> <span class='ocrx_word' id='word_1_503' title='bbox 2340 1629 2471 1670; x_wconf 72' lang='lat' dir='ltr'><strong><em>vero</em></strong></span> <span class='ocrx_word' id='word_1_504' title='bbox 2520 1618 2781 1687; x_wconf 85' lang='lat' dir='ltr'><strong><em>propheta</em></strong></span> <span class='ocrx_word' id='word_1_505' title='bbox 2831 1618 2995 1672; x_wconf 84' lang='lat' dir='ltr'><strong>dicit:</strong></span> <span class='ocrx_word' id='word_1_506' title='bbox 3046 1617 3130 1672; x_wconf 87' lang='lat' dir='ltr'><strong><em>Ibi</em></strong></span> <span class='ocrx_word' id='word_1_507' title='bbox 3180 1631 3532 1675; x_wconf 80' lang='lat' dir='ltr'><strong><em>convenerunt</em></strong></span> 
     </span>
    </p>
   </div>
   <div class='ocr_carea' id='block_1_62' title="bbox 1947 1706 3533 1776">
    <p class='ocr_par' dir='ltr' id='par_1_62' title="bbox 1947 1706 3533 1776">
     <span class='ocr_line' id='line_1_62' title="bbox 1947 1706 3533 1776; baseline 0.006 -19"><span class='ocrx_word' id='word_1_508' title='bbox 1947 1719 2132 1768; x_wconf 65' lang='lat' dir='ltr'><strong><em>cerva,</em></strong></span> <span class='ocrx_word' id='word_1_509' title='bbox 2163 1712 2212 1758; x_wconf 86' lang='lat' dir='ltr'><strong><em>et</em></strong></span> <span class='ocrx_word' id='word_1_510' title='bbox 2247 1706 2487 1759; x_wconf 84' lang='lat' dir='ltr'><strong><em>viderunt</em></strong></span> <span class='ocrx_word' id='word_1_511' title='bbox 2507 1708 2673 1776; x_wconf 78' lang='lat' dir='ltr'><strong><em>[acies</em></strong></span> <span class='ocrx_word' id='word_1_512' title='bbox 2698 1709 2865 1763; x_wconf 84' lang='lat' dir='ltr'><strong><em>altera</em></strong></span> <span class='ocrx_word' id='word_1_513' title='bbox 2896 1709 3118 1764; x_wconf 85' lang='lat' dir='ltr'><strong><em>alterius</em></strong></span> <span class='ocrx_word' id='word_1_514' title='bbox 3152 1725 3169 1764; x_wconf 91' lang='lat'><strong><em>:</em></strong></span> <span class='ocrx_word' id='word_1_515' title='bbox 3202 1714 3533 1768; x_wconf 77' lang='lat' dir='ltr'><strong><em>transierunt</em></strong></span> 
     </span>
    </p>
   </div>
   <div class='ocr_carea' id='block_1_63' title="bbox 1949 1784 3533 1870">
    <p class='ocr_par' dir='ltr' id='par_1_63' title="bbox 1949 1784 3533 1870">
     <span class='ocr_line' id='line_1_63' title="bbox 1949 1784 3533 1870; baseline 0.003 -19"><span class='ocrx_word' id='word_1_516' title='bbox 1949 1813 2187 1865; x_wconf 83' lang='lat' dir='ltr'><strong><em>numero,</em></strong></span> <span class='ocrx_word' id='word_1_517' title='bbox 2217 1809 2266 1852; x_wconf 88' lang='lat' dir='ltr'><strong><em>et</em></strong></span> <span class='ocrx_word' id='word_1_518' title='bbox 2299 1814 2406 1852; x_wconf 88' lang='lat' dir='ltr'><strong><em>una</em></strong></span> <span class='ocrx_word' id='word_1_519' title='bbox 2436 1815 2621 1853; x_wconf 90' lang='lat' dir='ltr'><strong><em>earum</em></strong></span> <span class='ocrx_word' id='word_1_520' title='bbox 2651 1800 2840 1853; x_wconf 88' lang='lat' dir='ltr'><strong><em>relicta</em></strong></span> <span class='ocrx_word' id='word_1_521' title='bbox 2871 1816 2973 1854; x_wconf 87' lang='lat' dir='ltr'><strong><em>non</em></strong></span> <span class='ocrx_word' id='word_1_522' title='bbox 3010 1784 3109 1867; x_wconf 58' lang='lat' dir='ltr'><strong><em>2st,</em></strong></span> <span class='ocrx_word' id='word_1_523' title='bbox 3141 1806 3387 1870; x_wconf 85' lang='lat' dir='ltr'><strong><em>quoniam</em></strong></span> <span class='ocrx_word' id='word_1_524' title='bbox 3425 1802 3533 1856; x_wconf 82' lang='lat' dir='ltr'><strong><em>Do-</em></strong></span> 
     </span>
    </p>
   </div>
   <div class='ocr_carea' id='block_1_64' title="bbox 1947 1890 3530 1963">
    <p class='ocr_par' dir='ltr' id='par_1_64' title="bbox 1947 1890 3530 1963">
     <span class='ocr_line' id='line_1_64' title="bbox 1947 1890 3530 1963; baseline 0.003 -21"><span class='ocrx_word' id='word_1_525' title='bbox 1947 1891 2123 1945; x_wconf 85' lang='lat' dir='ltr'><strong><em>minus</em></strong></span> <span class='ocrx_word' id='word_1_526' title='bbox 2162 1890 2406 1960; x_wconf 78' lang='lat' dir='ltr'><strong><em>prwcepit</em></strong></span> <span class='ocrx_word' id='word_1_527' title='bbox 2452 1891 2598 1960; x_wconf 90' lang='lat' dir='ltr'><strong><em>ipsis,</em></strong></span> <span class='ocrx_word' id='word_1_528' title='bbox 2653 1901 2700 1947; x_wconf 88' lang='lat' dir='ltr'><strong><em>et</em></strong></span> <span class='ocrx_word' id='word_1_529' title='bbox 2753 1891 2989 1959; x_wconf 86' lang='lat' dir='ltr'><strong><em>Spiritus</em></strong></span> <span class='ocrx_word' id='word_1_530' title='bbox 3031 1893 3145 1962; x_wconf 88' lang='lat' dir='ltr'><strong><em>ejus</em></strong></span> <span class='ocrx_word' id='word_1_531' title='bbox 3199 1894 3530 1963; x_wconf 74' lang='lat' dir='ltr'><strong><em>congregavit</em></strong></span> 
     </span>
    </p>
   </div>
   <div class='ocr_carea' id='block_1_65' title="bbox 1945 1981 3529 2053">
    <p class='ocr_par' dir='ltr' id='par_1_65' title="bbox 1945 1981 3529 2053">
     <span class='ocr_line' id='line_1_65' title="bbox 1945 1981 3529 2053; baseline 0 -15"><span class='ocrx_word' id='word_1_532' title='bbox 1945 2000 2034 2038; x_wconf 81' lang='lat' dir='ltr'><strong><em>eas</em></strong></span> <span class='ocrx_word' id='word_1_533' title='bbox 2082 1981 2143 2049; x_wconf 68' lang='lat'><strong><em>‘;</em></strong></span> <span class='ocrx_word' id='word_1_534' title='bbox 2176 1984 2264 2038; x_wconf 90' lang='lat' dir='ltr'><strong><em>ubi</em></strong></span> <span class='ocrx_word' id='word_1_535' title='bbox 2297 1982 2503 2038; x_wconf 75' lang='lat' dir='ltr'><strong><em>Filius?</em></strong></span> <span class='ocrx_word' id='word_1_536' title='bbox 2542 1983 2599 2039; x_wconf 89' lang='lat' dir='ltr'><strong><em>Si</em></strong></span> <span class='ocrx_word' id='word_1_537' title='bbox 2641 1985 2825 2038; x_wconf 88' lang='lat' dir='ltr'><strong>itidem</strong></span> <span class='ocrx_word' id='word_1_538' title='bbox 3066 1985 3199 2039; x_wconf 87' lang='lat' dir='ltr'><strong>dicit</strong></span> <span class='ocrx_word' id='word_1_539' title='bbox 3234 2001 3248 2038; x_wconf 88' lang='lat'><strong>:</strong></span> <span class='ocrx_word' id='word_1_540' title='bbox 3296 1985 3529 2053; x_wconf 83' lang='lat' dir='ltr'><strong><em>Spiritus</em></strong></span> 
     </span>
    </p>
   </div>
   <div class='ocr_carea' id='block_1_66' title="bbox 1946 2073 3589 2143">
    <p class='ocr_par' dir='ltr' id='par_1_66' title="bbox 1946 2073 3589 2143">
     <span class='ocr_line' id='line_1_66' title="bbox 1946 2073 3589 2143; baseline 0.003 -18"><span class='ocrx_word' id='word_1_541' title='bbox 1946 2073 2104 2126; x_wconf 73' lang='lat' dir='ltr'><strong><em>exibit</em></strong></span> <span class='ocrx_word' id='word_1_542' title='bbox 2132 2089 2165 2125; x_wconf 75' lang='grc' dir='ltr'><strong><em>α</em></strong></span> <span class='ocrx_word' id='word_1_543' title='bbox 2199 2088 2309 2137; x_wconf 87' lang='lat' dir='ltr'><strong><em>me,</em></strong></span> <span class='ocrx_word' id='word_1_544' title='bbox 2339 2084 2386 2127; x_wconf 88' lang='lat' dir='ltr'><strong><em>et</em></strong></span> <span class='ocrx_word' id='word_1_545' title='bbox 2411 2075 2598 2141; x_wconf 79' lang='lat' dir='ltr'><strong><em>ﬂatum</em></strong></span> <span class='ocrx_word' id='word_1_546' title='bbox 2635 2092 2837 2127; x_wconf 82' lang='lat' dir='ltr'><strong><em>onmem</em></strong></span> <span class='ocrx_word' id='word_1_547' title='bbox 2869 2092 2960 2143; x_wconf 88' lang='lat' dir='ltr'><strong><em>ego</em></strong></span> <span class='ocrx_word' id='word_1_548' title='bbox 2988 2074 3087 2143; x_wconf 77' lang='lat' dir='ltr'><strong><em>feci</em></strong></span> <span class='ocrx_word' id='word_1_549' title='bbox 3125 2079 3145 2109; x_wconf 78' lang='grc'><strong><em>⁵</em></strong></span> <span class='ocrx_word' id='word_1_550' title='bbox 3173 2075 3297 2140; x_wconf 89' lang='lat' dir='ltr'><strong><em>;ubi</em></strong></span> <span class='ocrx_word' id='word_1_551' title='bbox 3329 2075 3531 2131; x_wconf 75' lang='lat' dir='ltr'><strong><em>Filius?</em></strong></span> <span class='ocrx_word' id='word_1_552' title='bbox 3584 2096 3589 2105; x_wconf 61' lang='grc' dir='ltr'><em>ι</em></span> 
     </span>
    </p>
   </div>
   <div class='ocr_carea' id='block_1_67' title="bbox 1947 2163 3530 2229">
    <p class='ocr_par' dir='ltr' id='par_1_67' title="bbox 1947 2163 3530 2229">
     <span class='ocr_line' id='line_1_67' title="bbox 1947 2163 3530 2229; baseline 0.002 -11"><span class='ocrx_word' id='word_1_553' title='bbox 1947 2164 2004 2218; x_wconf 90' lang='lat' dir='ltr'><strong><em>Si</em></strong></span> <span class='ocrx_word' id='word_1_554' title='bbox 2037 2179 2165 2218; x_wconf 79' lang='lat' dir='ltr'><strong><em>vero</em></strong></span> <span class='ocrx_word' id='word_1_555' title='bbox 2203 2163 2371 2217; x_wconf 80' lang='lat' dir='ltr'><strong><em>David</em></strong></span> <span class='ocrx_word' id='word_1_556' title='bbox 2401 2165 2533 2218; x_wconf 87' lang='lat' dir='ltr'><strong>dicit</strong></span> <span class='ocrx_word' id='word_1_557' title='bbox 2565 2180 2577 2215; x_wconf 90' lang='lat'>:</span> <span class='ocrx_word' id='word_1_558' title='bbox 2622 2165 2686 2217; x_wconf 76' lang='lat' dir='ltr'><strong><em>Et</em></strong></span> <span class='ocrx_word' id='word_1_559' title='bbox 2714 2163 2973 2229; x_wconf 78' lang='lat' dir='ltr'><strong><em>Spiritum</em></strong></span> <span class='ocrx_word' id='word_1_560' title='bbox 3021 2174 3171 2219; x_wconf 89' lang='lat' dir='ltr'><strong><em>tuum</em></strong></span> <span class='ocrx_word' id='word_1_561' title='bbox 3198 2177 3437 2220; x_wconf 80' lang='lat' dir='ltr'><strong><em>sanctum</em></strong></span> <span class='ocrx_word' id='word_1_562' title='bbox 3466 2184 3530 2221; x_wconf 81' lang='lat' dir='ltr'><strong><em>ne</em></strong></span> 
     </span>
    </p>
   </div>
   <div class='ocr_carea' id='block_1_68' title="bbox 1944 2253 3523 2325">
    <p class='ocr_par' dir='ltr' id='par_1_68' title="bbox 1944 2253 3523 2325">
     <span class='ocr_line' id='line_1_68' title="bbox 1944 2253 3523 2325; baseline 0.004 -21"><span class='ocrx_word' id='word_1_563' title='bbox 1944 2253 2156 2321; x_wconf 77' lang='lat' dir='ltr'><strong><em>auferas</em></strong></span> <span class='ocrx_word' id='word_1_564' title='bbox 2189 2271 2221 2306; x_wconf 89' lang='lat' dir='ltr'><strong><em>a</em></strong></span> <span class='ocrx_word' id='word_1_565' title='bbox 2256 2269 2338 2307; x_wconf 87' lang='lat' dir='ltr'><strong><em>me</em></strong></span> <span class='ocrx_word' id='word_1_566' title='bbox 2386 2258 2444 2318; x_wconf 77' lang='lat'><strong><em>°;</em></strong></span> <span class='ocrx_word' id='word_1_567' title='bbox 2475 2256 2562 2307; x_wconf 80' lang='grc' dir='ltr'>ιιιιί</span> <span class='ocrx_word' id='word_1_568' title='bbox 2603 2254 2812 2308; x_wconf 82' lang='lat' dir='ltr'><strong><em>Filius?</em></strong></span> <span class='ocrx_word' id='word_1_569' title='bbox 2839 2255 2968 2308; x_wconf 87' lang='lat' dir='ltr'><strong>Item</strong></span> <span class='ocrx_word' id='word_1_570' title='bbox 2999 2255 3043 2308; x_wconf 88' lang='lat' dir='ltr'><strong><em>si</em></strong></span> <span class='ocrx_word' id='word_1_571' title='bbox 3075 2255 3162 2308; x_wconf 85' lang='lat' dir='ltr'><strong><em>ille</em></strong></span> <span class='ocrx_word' id='word_1_572' title='bbox 3202 2256 3316 2325; x_wconf 85' lang='lat' dir='ltr'><strong><em>ipse</em></strong></span> <span class='ocrx_word' id='word_1_573' title='bbox 3345 2257 3478 2311; x_wconf 85' lang='lat' dir='ltr'><strong>dicit</strong></span> <span class='ocrx_word' id='word_1_574' title='bbox 3510 2274 3523 2310; x_wconf 92' lang='lat'><strong>:</strong></span> 
     </span>
    </p>
   </div>
   <div class='ocr_carea' id='block_1_69' title="bbox 1945 2341 3527 2413">
    <p class='ocr_par' dir='ltr' id='par_1_69' title="bbox 1945 2341 3527 2413">
     <span class='ocr_line' id='line_1_69' title="bbox 1945 2341 3527 2413; baseline 0.002 -17"><span class='ocrx_word' id='word_1_575' title='bbox 1945 2342 2049 2396; x_wconf 86' lang='lat' dir='ltr'><strong><em>Cor</em></strong></span> <span class='ocrx_word' id='word_1_576' title='bbox 2081 2344 2333 2396; x_wconf 88' lang='lat' dir='ltr'><strong><em>mundum</em></strong></span> <span class='ocrx_word' id='word_1_577' title='bbox 2374 2358 2494 2410; x_wconf 83' lang='lat' dir='ltr'><strong><em>crea</em></strong></span> <span class='ocrx_word' id='word_1_578' title='bbox 2530 2343 2585 2396; x_wconf 90' lang='lat' dir='ltr'><strong><em>iu</em></strong></span> <span class='ocrx_word' id='word_1_579' title='bbox 2621 2360 2719 2407; x_wconf 85' lang='lat' dir='ltr'><strong><em>me,</em></strong></span> <span class='ocrx_word' id='word_1_580' title='bbox 2755 2342 2892 2397; x_wconf 88' lang='lat' dir='ltr'><strong><em>Deus</em></strong></span> <span class='ocrx_word' id='word_1_581' title='bbox 2916 2380 2932 2406; x_wconf 88' lang='lat'><strong><em>,</em></strong></span> <span class='ocrx_word' id='word_1_582' title='bbox 2963 2354 3009 2396; x_wconf 88' lang='lat' dir='ltr'><strong><em>et</em></strong></span> <span class='ocrx_word' id='word_1_583' title='bbox 3042 2341 3298 2413; x_wconf 88' lang='lat' dir='ltr'><strong><em>Spiritum</em></strong></span> <span class='ocrx_word' id='word_1_584' title='bbox 3332 2355 3527 2399; x_wconf 83' lang='lat' dir='ltr'><strong><em>rectum</em></strong></span> 
     </span>
    </p>
   </div>
   <div class='ocr_carea' id='block_1_70' title="bbox 1944 2433 3528 2500">
    <p class='ocr_par' dir='ltr' id='par_1_70' title="bbox 1944 2433 3528 2500">
     <span class='ocr_line' id='line_1_70' title="bbox 1944 2433 3528 2500; baseline 0.001 -13"><span class='ocrx_word' id='word_1_585' title='bbox 1944 2437 2132 2489; x_wconf 75' lang='lat' dir='ltr'><strong><em>innovat</em></strong></span> <span class='ocrx_word' id='word_1_586' title='bbox 2182 2436 2235 2488; x_wconf 88' lang='lat' dir='ltr'><strong><em>in</em></strong></span> <span class='ocrx_word' id='word_1_587' title='bbox 2286 2434 2563 2488; x_wconf 73' lang='lat' dir='ltr'><strong><em>visceribus</em></strong></span> <span class='ocrx_word' id='word_1_588' title='bbox 2615 2435 2742 2487; x_wconf 85' lang='lat' dir='ltr'><strong><em>meis</em></strong></span> <span class='ocrx_word' id='word_1_589' title='bbox 2784 2433 2804 2465; x_wconf 92' lang='lat'><strong><em>&quot;</em></strong></span> <span class='ocrx_word' id='word_1_590' title='bbox 2848 2450 2863 2500; x_wconf 88' lang='lat'><strong>;</strong></span> <span class='ocrx_word' id='word_1_591' title='bbox 2911 2435 2999 2489; x_wconf 83' lang='lat' dir='ltr'><strong><em>ubi</em></strong></span> <span class='ocrx_word' id='word_1_592' title='bbox 3056 2434 3225 2489; x_wconf 87' lang='lat' dir='ltr'><strong><em>Filius</em></strong></span> <span class='ocrx_word' id='word_1_593' title='bbox 3264 2435 3287 2477; x_wconf 72' lang='grc' dir='ltr'><strong><em>ν</em></strong></span> <span class='ocrx_word' id='word_1_594' title='bbox 3319 2437 3528 2490; x_wconf 74' lang='lat' dir='ltr'><strong><em>Rursus</em></strong></span> 
     </span>
    </p>
   </div>
   <div class='ocr_carea' id='block_1_71' title="bbox 1944 2523 3528 2592">
    <p class='ocr_par' dir='ltr' id='par_1_71' title="bbox 1944 2523 3528 2592">
     <span class='ocr_line' id='line_1_71' title="bbox 1944 2523 3528 2592; baseline 0 -13"><span class='ocrx_word' id='word_1_595' title='bbox 1944 2526 1989 2579; x_wconf 90' lang='lat' dir='ltr'><strong><em>si</em></strong></span> <span class='ocrx_word' id='word_1_596' title='bbox 2034 2527 2172 2579; x_wconf 89' lang='lat' dir='ltr'><strong>idem</strong></span> <span class='ocrx_word' id='word_1_597' title='bbox 2217 2524 2403 2579; x_wconf 76' lang='lat' dir='ltr'><strong>dicat:</strong></span> <span class='ocrx_word' id='word_1_598' title='bbox 2440 2523 2508 2576; x_wconf 77' lang='lat' dir='ltr'><strong><em>Et</em></strong></span> <span class='ocrx_word' id='word_1_599' title='bbox 2543 2523 2774 2592; x_wconf 75' lang='lat' dir='ltr'><strong><em>Spiritus</em></strong></span> <span class='ocrx_word' id='word_1_600' title='bbox 2820 2533 2940 2577; x_wconf 87' lang='lat' dir='ltr'><strong><em>tuus</em></strong></span> <span class='ocrx_word' id='word_1_601' title='bbox 2988 2532 3150 2578; x_wconf 81' lang='lat' dir='ltr'><strong><em>bonus</em></strong></span> <span class='ocrx_word' id='word_1_602' title='bbox 3182 2524 3403 2577; x_wconf 84' lang='lat' dir='ltr'><strong><em>deducet</em></strong></span> <span class='ocrx_word' id='word_1_603' title='bbox 3446 2540 3528 2579; x_wconf 83' lang='lat' dir='ltr'><strong><em>me</em></strong></span> 
     </span>
    </p>
   </div>
   <div class='ocr_carea' id='block_1_72' title="bbox 1942 2612 3529 2684">
    <p class='ocr_par' dir='ltr' id='par_1_72' title="bbox 1942 2612 3529 2684">
     <span class='ocr_line' id='line_1_72' title="bbox 1942 2612 3529 2684; baseline 0 -16"><span class='ocrx_word' id='word_1_604' title='bbox 1942 2615 1999 2668; x_wconf 84' lang='lat' dir='ltr'><strong><em>in</em></strong></span> <span class='ocrx_word' id='word_1_605' title='bbox 2029 2625 2168 2668; x_wconf 88' lang='lat' dir='ltr'><strong><em>terra</em></strong></span> <span class='ocrx_word' id='word_1_606' title='bbox 2198 2627 2335 2667; x_wconf 82' lang='lat' dir='ltr'><strong><em>recta</em></strong></span> <span class='ocrx_word' id='word_1_607' title='bbox 2377 2616 2397 2647; x_wconf 81' lang='grc'><strong>⁸</strong></span> <span class='ocrx_word' id='word_1_608' title='bbox 2430 2629 2445 2678; x_wconf 88' lang='grc'><strong>;</strong></span> <span class='ocrx_word' id='word_1_609' title='bbox 2475 2614 2564 2668; x_wconf 86' lang='lat' dir='ltr'><strong><em>ubi</em></strong></span> <span class='ocrx_word' id='word_1_610' title='bbox 2598 2613 2802 2668; x_wconf 84' lang='lat' dir='ltr'><strong><em>Filius?</em></strong></span> <span class='ocrx_word' id='word_1_611' title='bbox 2830 2613 2885 2667; x_wconf 87' lang='lat' dir='ltr'><strong><em>Si</em></strong></span> <span class='ocrx_word' id='word_1_612' title='bbox 2928 2614 3068 2669; x_wconf 86' lang='lat' dir='ltr'><strong>idem</strong></span> <span class='ocrx_word' id='word_1_613' title='bbox 3099 2614 3228 2667; x_wconf 90' lang='lat' dir='ltr'><strong>dicit</strong></span> <span class='ocrx_word' id='word_1_614' title='bbox 3258 2632 3272 2667; x_wconf 89' lang='lat'><strong>:</strong></span> <span class='ocrx_word' id='word_1_615' title='bbox 3310 2612 3376 2667; x_wconf 85' lang='lat' dir='ltr'><strong><em>Et</em></strong></span> <span class='ocrx_word' id='word_1_616' title='bbox 3403 2615 3529 2684; x_wconf 87' lang='lat' dir='ltr'><strong><em>Spi-</em></strong></span> 
     </span>
    </p>
   </div>
   <div class='ocr_carea' id='block_1_73' title="bbox 1944 2704 3526 2783">
    <p class='ocr_par' dir='ltr' id='par_1_73' title="bbox 1944 2704 3526 2783">
     <span class='ocr_line' id='line_1_73' title="bbox 1944 2704 3526 2783; baseline 0 -23"><span class='ocrx_word' id='word_1_617' title='bbox 1944 2708 2046 2760; x_wconf 78' lang='lat' dir='ltr'><strong><em>ritu</em></strong></span> <span class='ocrx_word' id='word_1_618' title='bbox 2098 2707 2381 2775; x_wconf 80' lang='lat' dir='ltr'><strong><em>principali</em></strong></span> <span class='ocrx_word' id='word_1_619' title='bbox 2428 2706 2682 2774; x_wconf 76' lang='lat' dir='ltr'><strong><em>confirma</em></strong></span> <span class='ocrx_word' id='word_1_620' title='bbox 2731 2722 2810 2759; x_wconf 88' lang='lat' dir='ltr'><strong><em>me</em></strong></span> <span class='ocrx_word' id='word_1_621' title='bbox 2859 2709 2919 2772; x_wconf 87' lang='grc'><strong><em>⁹;</em></strong></span> <span class='ocrx_word' id='word_1_622' title='bbox 2972 2706 3062 2760; x_wconf 87' lang='lat' dir='ltr'><strong><em>ubi</em></strong></span> <span class='ocrx_word' id='word_1_623' title='bbox 3108 2704 3333 2759; x_wconf 81' lang='lat' dir='ltr'><strong><em>Filius?</em></strong></span> <span class='ocrx_word' id='word_1_624' title='bbox 3370 2706 3526 2783; x_wconf 64' lang='lat' dir='ltr'><strong><em>Quod</em></strong></span> 
     </span>
    </p>
   </div>
   <div class='ocr_carea' id='block_1_74' title="bbox 1943 2797 3526 2868">
    <p class='ocr_par' dir='ltr' id='par_1_74' title="bbox 1943 2797 3526 2868">
     <span class='ocr_line' id='line_1_74' title="bbox 1943 2797 3526 2868; baseline -0.001 -15"><span class='ocrx_word' id='word_1_625' title='bbox 1943 2800 1987 2853; x_wconf 87' lang='lat' dir='ltr'><strong>si</strong></span> <span class='ocrx_word' id='word_1_626' title='bbox 2022 2798 2121 2853; x_wconf 83' lang='lat' dir='ltr'><strong><em>Job</em></strong></span> <span class='ocrx_word' id='word_1_627' title='bbox 2153 2799 2322 2853; x_wconf 84' lang='lat' dir='ltr'><strong>dicit:</strong></span> <span class='ocrx_word' id='word_1_628' title='bbox 2368 2799 2602 2867; x_wconf 81' lang='lat' dir='ltr'><strong><em>Spiritus</em></strong></span> <span class='ocrx_word' id='word_1_629' title='bbox 2644 2798 2858 2851; x_wconf 86' lang='lat' dir='ltr'><strong><em>divinus</em></strong></span> <span class='ocrx_word' id='word_1_630' title='bbox 2900 2798 2991 2868; x_wconf 85' lang='lat' dir='ltr'><strong><em>qui</em></strong></span> <span class='ocrx_word' id='word_1_631' title='bbox 3039 2813 3120 2851; x_wconf 88' lang='lat' dir='ltr'><strong><em>me</em></strong></span> <span class='ocrx_word' id='word_1_632' title='bbox 3165 2797 3285 2866; x_wconf 78' lang='lat' dir='ltr'><strong><em>fecit</em></strong></span> <span class='ocrx_word' id='word_1_633' title='bbox 3320 2803 3395 2864; x_wconf 75' lang='grc' dir='ltr'><strong><em>ιο,</em></strong></span> <span class='ocrx_word' id='word_1_634' title='bbox 3434 2797 3526 2851; x_wconf 89' lang='lat' dir='ltr'><strong><em>ubi</em></strong></span> 
     </span>
    </p>
   </div>
   <div class='ocr_carea' id='block_1_75' title="bbox 1943 2887 3524 2956">
    <p class='ocr_par' dir='ltr' id='par_1_75' title="bbox 1943 2887 3524 2956">
     <span class='ocr_line' id='line_1_75' title="bbox 1943 2887 3524 2956; baseline -0.002 -12"><span class='ocrx_word' id='word_1_635' title='bbox 1943 2890 2111 2944; x_wconf 77' lang='lat' dir='ltr'><strong><em>Filius</em></strong></span> <span class='ocrx_word' id='word_1_636' title='bbox 2145 2890 2168 2944; x_wconf 76' lang='grc' dir='ltr'><em>’ί</em></span> <span class='ocrx_word' id='word_1_637' title='bbox 2201 2889 2258 2944; x_wconf 85' lang='lat' dir='ltr'><strong><em>Si</em></strong></span> <span class='ocrx_word' id='word_1_638' title='bbox 2312 2904 2497 2943; x_wconf 90' lang='lat' dir='ltr'><strong><em>rursus</em></strong></span> <span class='ocrx_word' id='word_1_639' title='bbox 2541 2890 2680 2943; x_wconf 88' lang='lat' dir='ltr'><strong>idem</strong></span> <span class='ocrx_word' id='word_1_640' title='bbox 2728 2887 2830 2942; x_wconf 86' lang='lat' dir='ltr'><strong><em>Job</em></strong></span> <span class='ocrx_word' id='word_1_641' title='bbox 2871 2888 3039 2942; x_wconf 89' lang='lat' dir='ltr'><strong>dicit:</strong></span> <span class='ocrx_word' id='word_1_642' title='bbox 3072 2887 3307 2956; x_wconf 86' lang='lat' dir='ltr'><strong><em>Spiritus</em></strong></span> <span class='ocrx_word' id='word_1_643' title='bbox 3353 2899 3428 2941; x_wconf 89' lang='lat' dir='ltr'><strong><em>est</em></strong></span> <span class='ocrx_word' id='word_1_644' title='bbox 3464 2888 3524 2941; x_wconf 80' lang='lat' dir='ltr'><strong><em>in</em></strong></span> 
     </span>
    </p>
   </div>
   <div class='ocr_carea' id='block_1_76' title="bbox 1943 2981 3527 3053">
    <p class='ocr_par' dir='ltr' id='par_1_76' title="bbox 1943 2981 3527 3053">
     <span class='ocr_line' id='line_1_76' title="bbox 1943 2981 3527 3053; baseline 0 -16"><span class='ocrx_word' id='word_1_645' title='bbox 1943 2985 2264 3047; x_wconf 83' lang='lat' dir='ltr'><strong><em>hominibus,</em></strong></span> <span class='ocrx_word' id='word_1_646' title='bbox 2312 2985 2471 3053; x_wconf 78' lang='lat' dir='ltr'><strong><em>ﬂatus</em></strong></span> <span class='ocrx_word' id='word_1_647' title='bbox 2525 2993 2699 3036; x_wconf 89' lang='lat' dir='ltr'><strong><em>autem</em></strong></span> <span class='ocrx_word' id='word_1_648' title='bbox 2740 2981 3126 3050; x_wconf 82' lang='lat' dir='ltr'><strong><em>Omnipotentis</em></strong></span> <span class='ocrx_word' id='word_1_649' title='bbox 3178 2991 3252 3035; x_wconf 88' lang='lat' dir='ltr'><strong><em>est</em></strong></span> <span class='ocrx_word' id='word_1_650' title='bbox 3306 2983 3396 3051; x_wconf 84' lang='lat' dir='ltr'><strong><em>qui</em></strong></span> <span class='ocrx_word' id='word_1_651' title='bbox 3444 2997 3527 3037; x_wconf 78' lang='lat' dir='ltr'><strong><em>me</em></strong></span> 
     </span>
    </p>
   </div>
   <div class='ocr_carea' id='block_1_77' title="bbox 1944 3072 3520 3143">
    <p class='ocr_par' dir='ltr' id='par_1_77' title="bbox 1944 3072 3520 3143">
     <span class='ocr_line' id='line_1_77' title="bbox 1944 3072 3520 3143; baseline -0.002 -13"><span class='ocrx_word' id='word_1_652' title='bbox 1944 3078 2092 3130; x_wconf 85' lang='lat' dir='ltr'><strong><em>ducet</em></strong></span> <span class='ocrx_word' id='word_1_653' title='bbox 2126 3079 2200 3143; x_wconf 84' lang='grc'><strong><em>¹¹;</em></strong></span> <span class='ocrx_word' id='word_1_654' title='bbox 2252 3077 2338 3129; x_wconf 83' lang='grc' dir='ltr'>ιιιιὶ</span> <span class='ocrx_word' id='word_1_655' title='bbox 2371 3075 2576 3129; x_wconf 81' lang='lat' dir='ltr'><strong><em>Filius?</em></strong></span> <span class='ocrx_word' id='word_1_656' title='bbox 2610 3076 2762 3140; x_wconf 81' lang='lat' dir='ltr'><strong><em>Quod</em></strong></span> <span class='ocrx_word' id='word_1_657' title='bbox 2791 3074 2835 3127; x_wconf 91' lang='lat' dir='ltr'><strong><em>si</em></strong></span> <span class='ocrx_word' id='word_1_658' title='bbox 2877 3074 3041 3126; x_wconf 83' lang='lat' dir='ltr'><strong><em>David</em></strong></span> <span class='ocrx_word' id='word_1_659' title='bbox 3081 3073 3212 3126; x_wconf 80' lang='lat' dir='ltr'><strong>dicit</strong></span> <span class='ocrx_word' id='word_1_660' title='bbox 3241 3091 3254 3127; x_wconf 91' lang='lat'><strong>:</strong></span> <span class='ocrx_word' id='word_1_661' title='bbox 3296 3072 3520 3127; x_wconf 87' lang='lat' dir='ltr'><strong><em>Emittes</em></strong></span> 
     </span>
    </p>
   </div>
   <div class='ocr_carea' id='block_1_78' title="bbox 1945 3161 3525 3236">
    <p class='ocr_par' dir='ltr' id='par_1_78' title="bbox 1945 3161 3525 3236">
     <span class='ocr_line' id='line_1_78' title="bbox 1945 3161 3525 3236; baseline -0.004 -13"><span class='ocrx_word' id='word_1_662' title='bbox 1945 3166 2202 3236; x_wconf 85' lang='lat' dir='ltr'><strong><em>Spiritum</em></strong></span> <span class='ocrx_word' id='word_1_663' title='bbox 2237 3177 2425 3230; x_wconf 88' lang='lat' dir='ltr'><strong><em>tuum,</em></strong></span> <span class='ocrx_word' id='word_1_664' title='bbox 2457 3176 2505 3219; x_wconf 87' lang='lat' dir='ltr'><strong><em>et</em></strong></span> <span class='ocrx_word' id='word_1_665' title='bbox 2548 3167 2867 3219; x_wconf 89' lang='lat' dir='ltr'><strong><em>creabuntur</em></strong></span> <span class='ocrx_word' id='word_1_666' title='bbox 2888 3203 2903 3227; x_wconf 90' lang='lat'><strong><em>,</em></strong></span> <span class='ocrx_word' id='word_1_667' title='bbox 2941 3175 2987 3216; x_wconf 89' lang='lat' dir='ltr'><strong><em>et</em></strong></span> <span class='ocrx_word' id='word_1_668' title='bbox 3019 3161 3290 3216; x_wconf 79' lang='lat' dir='ltr'><strong><em>renovabis</em></strong></span> <span class='ocrx_word' id='word_1_669' title='bbox 3331 3161 3525 3230; x_wconf 82' lang='lat' dir='ltr'><strong><em>faciem</em></strong></span> 
     </span>
    </p>
   </div>
   <div class='ocr_carea' id='block_1_79' title="bbox 1944 3252 3521 3321">
    <p class='ocr_par' dir='ltr' id='par_1_79' title="bbox 1944 3252 3521 3321">
     <span class='ocr_line' id='line_1_79' title="bbox 1944 3252 3521 3321; baseline -0.003 -10"><span class='ocrx_word' id='word_1_670' title='bbox 1944 3269 2098 3312; x_wconf 67' lang='lat' dir='ltr'><strong><em>terrae</em></strong></span> <span class='ocrx_word' id='word_1_671' title='bbox 2125 3258 2207 3321; x_wconf 82' lang='grc'><strong><em>¹²;</em></strong></span> <span class='ocrx_word' id='word_1_672' title='bbox 2246 3256 2334 3310; x_wconf 88' lang='lat' dir='ltr'><strong><em>ubi</em></strong></span> <span class='ocrx_word' id='word_1_673' title='bbox 2367 3256 2576 3311; x_wconf 80' lang='lat' dir='ltr'><strong><em>Filius?</em></strong></span> <span class='ocrx_word' id='word_1_674' title='bbox 2606 3256 2733 3310; x_wconf 85' lang='lat' dir='ltr'><strong><em>Item</em></strong></span> <span class='ocrx_word' id='word_1_675' title='bbox 2765 3256 2809 3310; x_wconf 89' lang='lat' dir='ltr'><strong><em>si</em></strong></span> <span class='ocrx_word' id='word_1_676' title='bbox 2845 3255 2974 3309; x_wconf 90' lang='lat' dir='ltr'><strong>dicit</strong></span> <span class='ocrx_word' id='word_1_677' title='bbox 3005 3272 3019 3309; x_wconf 89' lang='lat'><strong>:</strong></span> <span class='ocrx_word' id='word_1_678' title='bbox 3060 3253 3175 3319; x_wconf 80' lang='lat' dir='ltr'><strong><em>Quo</em></strong></span> <span class='ocrx_word' id='word_1_679' title='bbox 3210 3255 3295 3307; x_wconf 88' lang='lat' dir='ltr'><strong><em>ibo</em></strong></span> <span class='ocrx_word' id='word_1_680' title='bbox 3330 3270 3361 3306; x_wconf 88' lang='lat' dir='ltr'><strong><em>a</em></strong></span> <span class='ocrx_word' id='word_1_681' title='bbox 3394 3252 3521 3321; x_wconf 87' lang='lat' dir='ltr'><strong><em>Spi-</em></strong></span> 
     </span>
    </p>
   </div>
   <div class='ocr_carea' id='block_1_80' title="bbox 1951 3341 3527 3417">
    <p class='ocr_par' dir='ltr' id='par_1_80' title="bbox 1951 3341 3527 3417">
     <span class='ocr_line' id='line_1_80' title="bbox 1951 3341 3527 3417; baseline -0.002 -16"><span class='ocrx_word' id='word_1_682' title='bbox 1951 3351 2054 3402; x_wconf 86' lang='lat' dir='ltr'><strong><em>ritu</em></strong></span> <span class='ocrx_word' id='word_1_683' title='bbox 2090 3360 2202 3414; x_wconf 87' lang='lat' dir='ltr'><strong><em>tuo,</em></strong></span> <span class='ocrx_word' id='word_1_684' title='bbox 2238 3359 2286 3401; x_wconf 86' lang='lat' dir='ltr'><strong><em>et</em></strong></span> <span class='ocrx_word' id='word_1_685' title='bbox 2330 3365 2433 3417; x_wconf 82' lang='lat' dir='ltr'><strong><em>quo</em></strong></span> <span class='ocrx_word' id='word_1_686' title='bbox 2467 3366 2496 3401; x_wconf 91' lang='lat' dir='ltr'><strong><em>a</em></strong></span> <span class='ocrx_word' id='word_1_687' title='bbox 2541 3348 2679 3417; x_wconf 78' lang='lat' dir='ltr'><strong><em>[acie</em></strong></span> <span class='ocrx_word' id='word_1_688' title='bbox 2709 3355 2799 3399; x_wconf 91' lang='lat' dir='ltr'><strong><em>tua</em></strong></span> <span class='ocrx_word' id='word_1_689' title='bbox 2844 3346 3047 3417; x_wconf 79' lang='lat' dir='ltr'><strong><em>fugiant</em></strong></span> <span class='ocrx_word' id='word_1_690' title='bbox 3080 3341 3160 3398; x_wconf 70' lang='lat'><strong><em>&quot;7</em></strong></span> <span class='ocrx_word' id='word_1_691' title='bbox 3195 3344 3283 3399; x_wconf 86' lang='lat' dir='ltr'><strong><em>ubi</em></strong></span> <span class='ocrx_word' id='word_1_692' title='bbox 3318 3342 3527 3398; x_wconf 81' lang='lat' dir='ltr'><strong><em>Filius?</em></strong></span> 
     </span>
    </p>
   </div>
   <div class='ocr_carea' id='block_1_81' title="bbox 1948 3433 3526 3506">
    <p class='ocr_par' dir='ltr' id='par_1_81' title="bbox 1948 3433 3526 3506">
     <span class='ocr_line' id='line_1_81' title="bbox 1948 3433 3526 3506; baseline -0.003 -14"><span class='ocrx_word' id='word_1_693' title='bbox 1948 3440 2100 3506; x_wconf 85' lang='lat' dir='ltr'><strong><em>Quod</em></strong></span> <span class='ocrx_word' id='word_1_694' title='bbox 2128 3441 2173 3494; x_wconf 87' lang='lat' dir='ltr'><strong><em>si</em></strong></span> <span class='ocrx_word' id='word_1_695' title='bbox 2207 3440 2335 3493; x_wconf 87' lang='lat' dir='ltr'><strong>dicit</strong></span> <span class='ocrx_word' id='word_1_696' title='bbox 2365 3458 2379 3492; x_wconf 93' lang='lat'><strong>:</strong></span> <span class='ocrx_word' id='word_1_697' title='bbox 2429 3437 2518 3491; x_wconf 78' lang='lat' dir='ltr'><strong><em>Va:</em></strong></span> <span class='ocrx_word' id='word_1_698' title='bbox 2559 3438 2658 3505; x_wconf 78' lang='lat' dir='ltr'><strong><em>ﬁlii</em></strong></span> <span class='ocrx_word' id='word_1_699' title='bbox 2693 3443 3000 3500; x_wconf 75' lang='lat' dir='ltr'><strong><em>desertores,</em></strong></span> <span class='ocrx_word' id='word_1_700' title='bbox 3030 3436 3142 3490; x_wconf 69' lang='lat' dir='ltr'><strong><em>hate</em></strong></span> <span class='ocrx_word' id='word_1_701' title='bbox 3173 3436 3300 3488; x_wconf 81' lang='lat' dir='ltr'><strong><em>dicit</em></strong></span> <span class='ocrx_word' id='word_1_702' title='bbox 3339 3433 3526 3487; x_wconf 86' lang='lat' dir='ltr'><strong><em>Domi-</em></strong></span> 
     </span>
    </p>
   </div>
   <div class='ocr_carea' id='block_1_82' title="bbox 1947 3524 3527 3593">
    <p class='ocr_par' dir='ltr' id='par_1_82' title="bbox 1947 3524 3527 3593">
     <span class='ocr_line' id='line_1_82' title="bbox 1947 3524 3527 3593; baseline -0.005 -11"><span class='ocrx_word' id='word_1_703' title='bbox 1947 3545 2046 3582; x_wconf 77' lang='lat' dir='ltr'><strong><em>nus</em></strong></span> <span class='ocrx_word' id='word_1_704' title='bbox 2071 3544 2089 3581; x_wconf 90' lang='lat'><strong><em>:</em></strong></span> <span class='ocrx_word' id='word_1_705' title='bbox 2121 3527 2343 3581; x_wconf 81' lang='lat' dir='ltr'><strong><em>Fecistis</em></strong></span> <span class='ocrx_word' id='word_1_706' title='bbox 2378 3526 2650 3579; x_wconf 74' lang='lat' dir='ltr'><strong><em>consilium</em></strong></span> <span class='ocrx_word' id='word_1_707' title='bbox 2678 3542 2781 3578; x_wconf 89' lang='lat' dir='ltr'><strong><em>non</em></strong></span> <span class='ocrx_word' id='word_1_708' title='bbox 2800 3541 2902 3591; x_wconf 89' lang='lat' dir='ltr'><strong><em>.per</em></strong></span> <span class='ocrx_word' id='word_1_709' title='bbox 2933 3540 3034 3586; x_wconf 87' lang='lat' dir='ltr'><strong><em>me,</em></strong></span> <span class='ocrx_word' id='word_1_710' title='bbox 3065 3534 3113 3577; x_wconf 90' lang='lat' dir='ltr'><strong><em>et</em></strong></span> <span class='ocrx_word' id='word_1_711' title='bbox 3135 3524 3399 3593; x_wconf 74' lang='lat' dir='ltr'><strong><em>pactiones</em></strong></span> <span class='ocrx_word' id='word_1_712' title='bbox 3423 3537 3527 3575; x_wconf 82' lang='lat' dir='ltr'><strong><em>non</em></strong></span> 
     </span>
    </p>
   </div>
   <div class='ocr_carea' id='block_1_83' title="bbox 1946 3612 3521 3687">
    <p class='ocr_par' dir='ltr' id='par_1_83' title="bbox 1946 3612 3521 3687">
     <span class='ocr_line' id='line_1_83' title="bbox 1946 3612 3521 3687; baseline -0.005 -14"><span class='ocrx_word' id='word_1_713' title='bbox 1946 3636 2038 3687; x_wconf 86' lang='lat' dir='ltr'><strong><em>per</em></strong></span> <span class='ocrx_word' id='word_1_714' title='bbox 2070 3616 2325 3685; x_wconf 85' lang='lat' dir='ltr'><strong><em>Spiritum</em></strong></span> <span class='ocrx_word' id='word_1_715' title='bbox 2359 3632 2529 3669; x_wconf 87' lang='lat' dir='ltr'><strong><em>meum</em></strong></span> <span class='ocrx_word' id='word_1_716' title='bbox 2562 3617 2640 3677; x_wconf 78' lang='grc'><strong><em>¹⁵;</em></strong></span> <span class='ocrx_word' id='word_1_717' title='bbox 2681 3614 2768 3667; x_wconf 88' lang='lat' dir='ltr'><strong><em>ubi</em></strong></span> <span class='ocrx_word' id='word_1_718' title='bbox 2801 3614 3012 3668; x_wconf 86' lang='lat' dir='ltr'><strong><em>Filius?</em></strong></span> <span class='ocrx_word' id='word_1_719' title='bbox 3039 3613 3246 3667; x_wconf 70' lang='lat' dir='ltr'><strong><em>Rursus</em></strong></span> <span class='ocrx_word' id='word_1_720' title='bbox 3272 3614 3317 3667; x_wconf 91' lang='lat' dir='ltr'><strong><em>si</em></strong></span> <span class='ocrx_word' id='word_1_721' title='bbox 3353 3612 3521 3667; x_wconf 85' lang='lat' dir='ltr'><strong>dicit:</strong></span> 
     </span>
    </p>
   </div>
   <div class='ocr_carea' id='block_1_84' title="bbox 1950 3703 3524 3778">
    <p class='ocr_par' dir='ltr' id='par_1_84' title="bbox 1950 3703 3524 3778">
     <span class='ocr_line' id='line_1_84' title="bbox 1950 3703 3524 3778; baseline -0.003 -17"><span class='ocrx_word' id='word_1_722' title='bbox 1950 3710 2015 3762; x_wconf 70' lang='lat' dir='ltr'><strong><em>Et</em></strong></span> <span class='ocrx_word' id='word_1_723' title='bbox 2049 3710 2345 3778; x_wconf 84' lang='lat' dir='ltr'><strong><em>egredietur</em></strong></span> <span class='ocrx_word' id='word_1_724' title='bbox 2369 3708 2514 3774; x_wconf 83' lang='lat' dir='ltr'><strong><em>virga</em></strong></span> <span class='ocrx_word' id='word_1_725' title='bbox 2544 3709 2606 3758; x_wconf 88' lang='lat' dir='ltr'><strong><em>de</em></strong></span> <span class='ocrx_word' id='word_1_726' title='bbox 2639 3705 2816 3757; x_wconf 85' lang='lat' dir='ltr'><strong><em>radice</em></strong></span> <span class='ocrx_word' id='word_1_727' title='bbox 2840 3704 3008 3768; x_wconf 72' lang='lat' dir='ltr'><strong><em>Iesse,</em></strong></span> <span class='ocrx_word' id='word_1_728' title='bbox 3050 3713 3109 3757; x_wconf 72' lang='lat' dir='ltr'><strong><em>et</em></strong></span> <span class='ocrx_word' id='word_1_729' title='bbox 3124 3705 3223 3772; x_wconf 80' lang='lat' dir='ltr'><strong><em>[ias</em></strong></span> <span class='ocrx_word' id='word_1_730' title='bbox 3248 3703 3312 3756; x_wconf 82' lang='lat' dir='ltr'><strong><em>de</em></strong></span> <span class='ocrx_word' id='word_1_731' title='bbox 3344 3704 3524 3756; x_wconf 84' lang='lat' dir='ltr'><strong><em>radice</em></strong></span> 
     </span>
    </p>
   </div>
   <div class='ocr_carea' id='block_1_85' title="bbox 1948 3794 3523 3866">
    <p class='ocr_par' dir='ltr' id='par_1_85' title="bbox 1948 3794 3523 3866">
     <span class='ocr_line' id='line_1_85' title="bbox 1948 3794 3523 3866; baseline -0.004 -12"><span class='ocrx_word' id='word_1_732' title='bbox 1948 3802 2211 3863; x_wconf 74' lang='lat' dir='ltr'><strong><em>ascendet,</em></strong></span> <span class='ocrx_word' id='word_1_733' title='bbox 2239 3809 2287 3852; x_wconf 91' lang='lat' dir='ltr'><strong><em>et</em></strong></span> <span class='ocrx_word' id='word_1_734' title='bbox 2326 3800 2602 3866; x_wconf 80' lang='lat' dir='ltr'><strong><em>requiescet</em></strong></span> <span class='ocrx_word' id='word_1_735' title='bbox 2635 3812 2792 3865; x_wconf 87' lang='lat' dir='ltr'><strong><em>super</em></strong></span> <span class='ocrx_word' id='word_1_736' title='bbox 2825 3811 2943 3848; x_wconf 89' lang='lat' dir='ltr'><strong><em>eum</em></strong></span> <span class='ocrx_word' id='word_1_737' title='bbox 2980 3794 3223 3863; x_wconf 78' lang='lat' dir='ltr'><strong><em>Spiritus</em></strong></span> <span class='ocrx_word' id='word_1_738' title='bbox 3248 3794 3523 3863; x_wconf 80' lang='lat' dir='ltr'><strong><em>sapientia:</em></strong></span> 
     </span>
    </p>
   </div>
   <div class='ocr_carea' id='block_1_86' title="bbox 1947 3882 3526 3954">
    <p class='ocr_par' dir='ltr' id='par_1_86' title="bbox 1947 3882 3526 3954">
     <span class='ocr_line' id='line_1_86' title="bbox 1947 3882 3526 3954; baseline -0.005 -12"><span class='ocrx_word' id='word_1_739' title='bbox 1947 3903 1992 3942; x_wconf 87' lang='lat' dir='ltr'><strong><em>et</em></strong></span> <span class='ocrx_word' id='word_1_740' title='bbox 2023 3892 2341 3954; x_wconf 87' lang='lat' dir='ltr'><strong><em>intellectus,</em></strong></span> <span class='ocrx_word' id='word_1_741' title='bbox 2374 3886 2605 3952; x_wconf 84' lang='lat' dir='ltr'><strong><em>Spiritus</em></strong></span> <span class='ocrx_word' id='word_1_742' title='bbox 2634 3885 2843 3938; x_wconf 84' lang='lat' dir='ltr'><strong><em>consilii</em></strong></span> <span class='ocrx_word' id='word_1_743' title='bbox 2875 3896 2920 3938; x_wconf 91' lang='lat' dir='ltr'><strong><em>et</em></strong></span> <span class='ocrx_word' id='word_1_744' title='bbox 2950 3884 3304 3951; x_wconf 81' lang='lat' dir='ltr'><strong><em>fortitudinis,</em></strong></span> <span class='ocrx_word' id='word_1_745' title='bbox 3351 3882 3526 3948; x_wconf 85' lang='lat' dir='ltr'><strong><em>Spiri-</em></strong></span> 
     </span>
    </p>
   </div>
   <div class='ocr_carea' id='block_1_87' title="bbox 1948 3972 3525 4049">
    <p class='ocr_par' dir='ltr' id='par_1_87' title="bbox 1948 3972 3525 4049">
     <span class='ocr_line' id='line_1_87' title="bbox 1948 3972 3525 4049; baseline -0.005 -15"><span class='ocrx_word' id='word_1_746' title='bbox 1948 3991 2031 4033; x_wconf 89' lang='lat' dir='ltr'><strong><em>tus</em></strong></span> <span class='ocrx_word' id='word_1_747' title='bbox 2060 3978 2371 4049; x_wconf 89' lang='lat' dir='ltr'><strong><em>coguitionis</em></strong></span> <span class='ocrx_word' id='word_1_748' title='bbox 2408 3987 2455 4030; x_wconf 89' lang='lat' dir='ltr'><strong><em>et</em></strong></span> <span class='ocrx_word' id='word_1_749' title='bbox 2506 3976 2739 4045; x_wconf 87' lang='lat' dir='ltr'><strong><em>pietatis,</em></strong></span> <span class='ocrx_word' id='word_1_750' title='bbox 2779 3984 2826 4027; x_wconf 89' lang='lat' dir='ltr'><strong><em>et</em></strong></span> <span class='ocrx_word' id='word_1_751' title='bbox 2855 3975 3062 4041; x_wconf 88' lang='lat' dir='ltr'><strong><em>replebit</em></strong></span> <span class='ocrx_word' id='word_1_752' title='bbox 3093 3975 3259 4041; x_wconf 87' lang='lat' dir='ltr'><strong><em>ipsum</em></strong></span> <span class='ocrx_word' id='word_1_753' title='bbox 3292 3972 3525 4040; x_wconf 88' lang='lat' dir='ltr'><strong><em>Spiritus</em></strong></span> 
     </span>
    </p>
   </div>
   <div class='ocr_carea' id='block_1_88' title="bbox 1949 4063 3527 4134">
    <p class='ocr_par' dir='ltr' id='par_1_88' title="bbox 1949 4063 3527 4134">
     <span class='ocr_line' id='line_1_88' title="bbox 1949 4063 3527 4134; baseline -0.004 -12"><span class='ocrx_word' id='word_1_754' title='bbox 1949 4070 2151 4124; x_wconf 82' lang='lat' dir='ltr'><strong><em>timoris</em></strong></span> <span class='ocrx_word' id='word_1_755' title='bbox 2180 4069 2277 4124; x_wconf 86' lang='lat' dir='ltr'><strong><em>Dei</em></strong></span> <span class='ocrx_word' id='word_1_756' title='bbox 2301 4068 2343 4100; x_wconf 81' lang='lat'>&quot;</span> <span class='ocrx_word' id='word_1_757' title='bbox 2371 4085 2385 4122; x_wconf 89' lang='lat'><strong>:</strong></span> <span class='ocrx_word' id='word_1_758' title='bbox 2420 4066 2690 4134; x_wconf 88' lang='lat' dir='ltr'><strong><em>quomodo</em></strong></span> <span class='ocrx_word' id='word_1_759' title='bbox 2714 4065 2978 4134; x_wconf 79' lang='lat' dir='ltr'><strong><em>separabo</em></strong></span> <span class='ocrx_word' id='word_1_760' title='bbox 3018 4063 3322 4133; x_wconf 85' lang='lat' dir='ltr'><strong><em>Spiritum?</em></strong></span> <span class='ocrx_word' id='word_1_761' title='bbox 3349 4063 3404 4118; x_wconf 89' lang='lat' dir='ltr'><strong><em>Si</em></strong></span> <span class='ocrx_word' id='word_1_762' title='bbox 3439 4063 3527 4118; x_wconf 84' lang='lat' dir='ltr'><strong><em>iti-</em></strong></span> 
     </span>
    </p>
   </div>
   <div class='ocr_carea' id='block_1_89' title="bbox 244 4144 1850 4234">
    <p class='ocr_par' dir='ltr' id='par_1_89' title="bbox 244 4156 1850 4234">
     <span class='ocr_line' id='line_1_89' title="bbox 244 4156 1850 4234; baseline -0.004 -15"><span class='ocrx_word' id='word_1_763' title='bbox 244 4164 432 4234; x_wconf 73' lang='grc' dir='ltr'><em>ῥίζης</em></span> <span class='ocrx_word' id='word_1_764' title='bbox 468 4161 854 4229; x_wconf 81' lang='grc' dir='ltr'><em>ἀναϐήσεται,</em></span> <span class='ocrx_word' id='word_1_765' title='bbox 894 4159 993 4214; x_wconf 72' lang='grc' dir='ltr'><strong><em>καὶ</em></strong></span> <span class='ocrx_word' id='word_1_766' title='bbox 1020 4159 1513 4214; x_wconf 81' lang='grc' dir='ltr'><em>ἐπαναπαύσεται</em></span> <span class='ocrx_word' id='word_1_767' title='bbox 1545 4156 1641 4209; x_wconf 77' lang='grc' dir='ltr'><strong><em>ἐπ’</em></strong></span> <span class='ocrx_word' id='word_1_768' title='bbox 1673 4157 1850 4212; x_wconf 78' lang='grc' dir='ltr'><em>αὐτὸν</em></span> 
     </span>
    </p>
   </div>
   <div class='ocr_carea' id='block_1_90' title="bbox 1945 4144 3521 4234">
    <p class='ocr_par' dir='ltr' id='par_1_90' title="bbox 1945 4144 3521 4217">
     <span class='ocr_line' id='line_1_90' title="bbox 1945 4144 3521 4217; baseline -0.008 -6"><span class='ocrx_word' id='word_1_769' title='bbox 1945 4154 2063 4211; x_wconf 85' lang='lat' dir='ltr'><strong>dem</strong></span> <span class='ocrx_word' id='word_1_770' title='bbox 2094 4153 2224 4207; x_wconf 88' lang='lat' dir='ltr'><strong>dicit</strong></span> <span class='ocrx_word' id='word_1_771' title='bbox 2256 4169 2270 4206; x_wconf 93' lang='lat'><strong>:</strong></span> <span class='ocrx_word' id='word_1_772' title='bbox 2314 4150 2545 4217; x_wconf 88' lang='lat' dir='ltr'><strong><em>Spiritus</em></strong></span> <span class='ocrx_word' id='word_1_773' title='bbox 2584 4149 2797 4204; x_wconf 86' lang='lat' dir='ltr'><strong><em>Domini</em></strong></span> <span class='ocrx_word' id='word_1_774' title='bbox 2822 4164 2980 4216; x_wconf 85' lang='lat' dir='ltr'><strong><em>super</em></strong></span> <span class='ocrx_word' id='word_1_775' title='bbox 3008 4163 3109 4209; x_wconf 87' lang='lat' dir='ltr'><strong><em>me,</em></strong></span> <span class='ocrx_word' id='word_1_776' title='bbox 3148 4156 3359 4213; x_wconf 85' lang='lat' dir='ltr'><strong><em>propter</em></strong></span> <span class='ocrx_word' id='word_1_777' title='bbox 3380 4144 3521 4215; x_wconf 79' lang='lat' dir='ltr'><strong><em>quod</em></strong></span> 
     </span>
    </p>
   </div>
   <div class='ocr_carea' id='block_1_91' title="bbox 1944 4235 3523 4308">
    <p class='ocr_par' dir='ltr' id='par_1_91' title="bbox 1944 4235 3523 4308">
     <span class='ocr_line' id='line_1_91' title="bbox 1944 4235 3523 4308; baseline -0.006 -8"><span class='ocrx_word' id='word_1_778' title='bbox 1944 4243 2098 4300; x_wconf 59' lang='lat' dir='ltr'><strong><em>unxit</em></strong></span> <span class='ocrx_word' id='word_1_779' title='bbox 2128 4257 2249 4307; x_wconf 87' lang='lat' dir='ltr'><strong><em>me;</em></strong></span> <span class='ocrx_word' id='word_1_780' title='bbox 2289 4241 2434 4295; x_wconf 83' lang='lat' dir='ltr'><strong><em>misit</em></strong></span> <span class='ocrx_word' id='word_1_781' title='bbox 2473 4256 2555 4296; x_wconf 85' lang='lat' dir='ltr'><strong><em>me</em></strong></span> <span class='ocrx_word' id='word_1_782' title='bbox 2594 4249 2652 4293; x_wconf 89' lang='lat' dir='ltr'><strong><em>ut</em></strong></span> <span class='ocrx_word' id='word_1_783' title='bbox 2694 4239 3013 4308; x_wconf 83' lang='lat' dir='ltr'><strong><em>pauperibus</em></strong></span> <span class='ocrx_word' id='word_1_784' title='bbox 3045 4235 3466 4305; x_wconf 67' lang='lat' dir='ltr'><strong><em>euangelizarent</em></strong></span> <span class='ocrx_word' id='word_1_785' title='bbox 3503 4252 3523 4290; x_wconf 90' lang='lat'><strong><em>:</em></strong></span> 
     </span>
    </p>
   </div>
   <div class='ocr_carea' id='block_1_92' title="bbox 254 4244 1920 4350">
    <p class='ocr_par' dir='ltr' id='par_1_92' title="bbox 254 4244 1920 4350">
     <span class='ocr_line' id='line_1_92' title="bbox 254 4244 1920 4350; baseline -0.005 -40"><span class='ocrx_word' id='word_1_786' title='bbox 254 4254 509 4323; x_wconf 77' lang='grc' dir='ltr'><em>Πνεῦμα</em></span> <span class='ocrx_word' id='word_1_787' title='bbox 554 4255 774 4323; x_wconf 70' lang='grc' dir='ltr'><em>σοφίας</em></span> <span class='ocrx_word' id='word_1_788' title='bbox 810 4251 913 4350; x_wconf 52' lang='grc' dir='ltr'><em>Ξιαὶ</em></span> <span class='ocrx_word' id='word_1_789' title='bbox 967 4247 1295 4350; x_wconf 74' lang='grc' dir='ltr'><em>συνέσεως,</em></span> <span class='ocrx_word' id='word_1_790' title='bbox 1331 4248 1581 4350; x_wconf 41' lang='grc' dir='ltr'><em>Πνεῦμα.</em></span> <span class='ocrx_word' id='word_1_791' title='bbox 1619 4244 1861 4350; x_wconf 56' lang='grc' dir='ltr'><em>,βουλῆς</em></span> <span class='ocrx_word' id='word_1_792' title='bbox 1880 4298 1920 4350; x_wconf 64' lang='grc' dir='ltr'><strong><em>ι)</em></strong></span> 
     </span>
    </p>
   </div>
   <div class='ocr_carea' id='block_1_93' title="bbox 255 4337 1860 4415">
    <p class='ocr_par' dir='ltr' id='par_1_93' title="bbox 255 4337 1860 4415">
     <span class='ocr_line' id='line_1_93' title="bbox 255 4337 1860 4415; baseline -0.007 -13"><span class='ocrx_word' id='word_1_793' title='bbox 255 4350 369 4403; x_wconf 79' lang='grc' dir='ltr'><em>καὶ</em></span> <span class='ocrx_word' id='word_1_794' title='bbox 405 4347 641 4415; x_wconf 76' lang='grc' dir='ltr'><em>ἰσχύος,</em></span> <span class='ocrx_word' id='word_1_795' title='bbox 678 4343 921 4411; x_wconf 86' lang='grc' dir='ltr'><em>Πνεῦμα</em></span> <span class='ocrx_word' id='word_1_796' title='bbox 957 4340 1232 4410; x_wconf 71' lang='grc' dir='ltr'><em>γνώσεως</em></span> <span class='ocrx_word' id='word_1_797' title='bbox 1260 4340 1360 4396; x_wconf 79' lang='grc' dir='ltr'><strong><em>καὶ</em></strong></span> <span class='ocrx_word' id='word_1_798' title='bbox 1394 4339 1726 4404; x_wconf 78' lang='grc' dir='ltr'><em>εὐσεϐείας,</em></span> <span class='ocrx_word' id='word_1_799' title='bbox 1762 4337 1860 4392; x_wconf 73' lang='grc' dir='ltr'><em>καὶ</em></span> 
     </span>
    </p>
   </div>
   <div class='ocr_carea' id='block_1_94' title="bbox 255 4429 1852 4512">
    <p class='ocr_par' dir='ltr' id='par_1_94' title="bbox 255 4429 1852 4512">
     <span class='ocr_line' id='line_1_94' title="bbox 255 4429 1852 4512; baseline -0.009 -17"><span class='ocrx_word' id='word_1_800' title='bbox 255 4438 568 4512; x_wconf 73' lang='grc' dir='ltr'><strong><em>ἐμπλήσει</em></strong></span> <span class='ocrx_word' id='word_1_801' title='bbox 600 4437 790 4491; x_wconf 79' lang='grc' dir='ltr'><em>αὐτὸν</em></span> <span class='ocrx_word' id='word_1_802' title='bbox 821 4436 1065 4505; x_wconf 80' lang='grc' dir='ltr'><em>Πνεῦμα</em></span> <span class='ocrx_word' id='word_1_803' title='bbox 1114 4434 1303 4502; x_wconf 65' lang='grc' dir='ltr'><em>φόϐου</em></span> <span class='ocrx_word' id='word_1_804' title='bbox 1351 4431 1499 4486; x_wconf 87' lang='grc' dir='ltr'><em>Θεοῦ</em></span> <span class='ocrx_word' id='word_1_805' title='bbox 1525 4447 1541 4462; x_wconf 85' lang='grc'><em>’</em></span> <span class='ocrx_word' id='word_1_806' title='bbox 1590 4429 1708 4493; x_wconf 85' lang='grc' dir='ltr'><strong><em>πῶς</em></strong></span> <span class='ocrx_word' id='word_1_807' title='bbox 1756 4446 1852 4500; x_wconf 60' lang='grc' dir='ltr'><strong><em>χωρ</em></strong></span> 
     </span>
    </p>
   </div>
   <div class='ocr_carea' id='block_1_95' title="bbox 257 4518 1861 4605">
    <p class='ocr_par' dir='ltr' id='par_1_95' title="bbox 257 4518 1861 4605">
     <span class='ocr_line' id='line_1_95' title="bbox 257 4518 1861 4605; baseline -0.008 -20"><span class='ocrx_word' id='word_1_808' title='bbox 257 4534 407 4605; x_wconf 72' lang='lat' dir='ltr'><strong><em>piam</em></strong></span> <span class='ocrx_word' id='word_1_809' title='bbox 456 4528 516 4582; x_wconf 83' lang='grc' dir='ltr'>τὸ</span> <span class='ocrx_word' id='word_1_810' title='bbox 562 4526 825 4599; x_wconf 78' lang='grc' dir='ltr'><em>Πνεῦμας</em></span> <span class='ocrx_word' id='word_1_811' title='bbox 875 4525 1001 4579; x_wconf 80' lang='grc' dir='ltr'><strong><em>Ἐὰν</em></strong></span> <span class='ocrx_word' id='word_1_812' title='bbox 1038 4523 1094 4576; x_wconf 82' lang='grc' dir='ltr'><em>δὲ</em></span> <span class='ocrx_word' id='word_1_813' title='bbox 1142 4521 1308 4593; x_wconf 73' lang='grc' dir='ltr'><strong>λέγῃο</strong></span> <span class='ocrx_word' id='word_1_814' title='bbox 1352 4520 1596 4596; x_wconf 84' lang='grc' dir='ltr'><em>Πνεῦμα</em></span> <span class='ocrx_word' id='word_1_815' title='bbox 1637 4518 1861 4586; x_wconf 84' lang='grc' dir='ltr'><em>Κυρίου</em></span> 
     </span>
    </p>
   </div>
   <div class='ocr_carea' id='block_1_96' title="bbox 254 4609 1863 4687">
    <p class='ocr_par' dir='ltr' id='par_1_96' title="bbox 254 4609 1863 4687">
     <span class='ocr_line' id='line_1_96' title="bbox 254 4609 1863 4687; baseline -0.009 -12"><span class='ocrx_word' id='word_1_816' title='bbox 254 4622 360 4675; x_wconf 65' lang='grc' dir='ltr'><strong><em>ἐπ’</em></strong></span> <span class='ocrx_word' id='word_1_817' title='bbox 391 4617 529 4687; x_wconf 82' lang='grc' dir='ltr'><em>ἐμὲ,</em></span> <span class='ocrx_word' id='word_1_818' title='bbox 566 4613 638 4674; x_wconf 82' lang='grc' dir='ltr'><strong><em>οὗ</em></strong></span> <span class='ocrx_word' id='word_1_819' title='bbox 680 4617 913 4670; x_wconf 82' lang='grc' dir='ltr'><em>εἵνεκεν</em></span> <span class='ocrx_word' id='word_1_820' title='bbox 955 4611 1165 4682; x_wconf 82' lang='grc' dir='ltr'>ἐχρισέ</span> <span class='ocrx_word' id='word_1_821' title='bbox 1211 4627 1310 4681; x_wconf 90' lang='grc' dir='ltr'><strong><em>με,</em></strong></span> <span class='ocrx_word' id='word_1_822' title='bbox 1355 4609 1863 4679; x_wconf 72' lang='grc' dir='ltr'><em>εὐαγγελίσασθαι</em></span> 
     </span>
    </p>
   </div>
   <div class='ocr_carea' id='block_1_97' title="bbox 254 4700 1864 4780">
    <p class='ocr_par' dir='ltr' id='par_1_97' title="bbox 254 4700 1864 4780">
     <span class='ocr_line' id='line_1_97' title="bbox 254 4700 1864 4780; baseline -0.009 -14"><span class='ocrx_word' id='word_1_823' title='bbox 254 4710 528 4780; x_wconf 75' lang='grc' dir='ltr'><strong><em>πτωχοῖς</em></strong></span> <span class='ocrx_word' id='word_1_824' title='bbox 580 4707 928 4763; x_wconf 73' lang='grc' dir='ltr'><em>ἀπέσταλκε</em></span> <span class='ocrx_word' id='word_1_825' title='bbox 988 4722 1097 4774; x_wconf 84' lang='grc' dir='ltr'><strong><em>με,</em></strong></span> <span class='ocrx_word' id='word_1_826' title='bbox 1162 4704 1417 4771; x_wconf 79' lang='grc' dir='ltr'><strong><em>κηρύξαι</em></strong></span> <span class='ocrx_word' id='word_1_827' title='bbox 1466 4700 1864 4771; x_wconf 73' lang='grc' dir='ltr'><em>αἰχμαλώτοις</em></span> 
     </span>
    </p>
   </div>
   <div class='ocr_carea' id='block_1_98' title="bbox 256 4791 1864 4874">
    <p class='ocr_par' dir='ltr' id='par_1_98' title="bbox 256 4791 1864 4874">
     <span class='ocr_line' id='line_1_98' title="bbox 256 4791 1864 4874; baseline -0.007 -17"><span class='ocrx_word' id='word_1_828' title='bbox 256 4805 512 4874; x_wconf 57' lang='grc' dir='ltr'><em>ἄφεσιν,</em></span> <span class='ocrx_word' id='word_1_829' title='bbox 552 4802 652 4856; x_wconf 83' lang='grc' dir='ltr'><em>καὶ</em></span> <span class='ocrx_word' id='word_1_830' title='bbox 705 4799 959 4870; x_wconf 65' lang='grc' dir='ltr'><em>τυφλοῖς</em></span> <span class='ocrx_word' id='word_1_831' title='bbox 990 4798 1362 4865; x_wconf 69' lang='grc' dir='ltr'><em>ἀνάϐλεψιν·</em></span> <span class='ocrx_word' id='word_1_832' title='bbox 1397 4795 1513 4859; x_wconf 80' lang='grc' dir='ltr'><strong><em>πῶς</em></strong></span> <span class='ocrx_word' id='word_1_833' title='bbox 1548 4794 1770 4865; x_wconf 84' lang='grc' dir='ltr'><strong><em>χωρίσω</em></strong></span> <span class='ocrx_word' id='word_1_834' title='bbox 1802 4791 1864 4846; x_wconf 83' lang='grc' dir='ltr'><strong><em>τὸ</em></strong></span> 
     </span>
    </p>
   </div>
   <div class='ocr_carea' id='block_1_99' title="bbox 256 4885 1865 4964">
    <p class='ocr_par' dir='ltr' id='par_1_99' title="bbox 256 4885 1865 4964">
     <span class='ocr_line' id='line_1_99' title="bbox 256 4885 1865 4964; baseline -0.007 -17"><span class='ocrx_word' id='word_1_835' title='bbox 256 4893 533 4964; x_wconf 74' lang='grc' dir='ltr'><em>Πνεῦμα;</em></span> <span class='ocrx_word' id='word_1_836' title='bbox 570 4893 680 4946; x_wconf 71' lang='grc' dir='ltr'><strong><em>Καὶ</em></strong></span> <span class='ocrx_word' id='word_1_837' title='bbox 712 4893 811 4945; x_wconf 78' lang='grc' dir='ltr'><em>ὅσα</em></span> <span class='ocrx_word' id='word_1_838' title='bbox 860 4891 1163 4960; x_wconf 79' lang='grc' dir='ltr'><strong><em>φιλοπόνως</em></strong></span> <span class='ocrx_word' id='word_1_839' title='bbox 1207 4886 1429 4942; x_wconf 78' lang='grc' dir='ltr'><em>δυνατὸν</em></span> <span class='ocrx_word' id='word_1_840' title='bbox 1452 4886 1560 4940; x_wconf 79' lang='grc' dir='ltr'><strong><em>ἀπὸ</em></strong></span> <span class='ocrx_word' id='word_1_841' title='bbox 1595 4885 1695 4955; x_wconf 79' lang='grc' dir='ltr'><strong><em>τῆς</em></strong></span> <span class='ocrx_word' id='word_1_842' title='bbox 1726 4885 1763 4936; x_wconf 86' lang='grc' dir='ltr'><strong>Γ</strong></span> <span class='ocrx_word' id='word_1_843' title='bbox 1769 4902 1865 4955; x_wconf 77' lang='grc' dir='ltr'>ροι-</span> 
     </span>
    </p>
   </div>
   <div class='ocr_carea' id='block_1_100' title="bbox 259 4977 1865 5058">
    <p class='ocr_par' dir='ltr' id='par_1_100' title="bbox 259 4977 1865 5058">
     <span class='ocr_line' id='line_1_100' title="bbox 259 4977 1865 5058; baseline -0.006 -20"><span class='ocrx_word' id='word_1_844' title='bbox 259 4987 380 5058; x_wconf 72' lang='grc' dir='ltr'><strong><em>φῆς</em></strong></span> <span class='ocrx_word' id='word_1_845' title='bbox 406 4986 505 5056; x_wconf 80' lang='grc' dir='ltr'><strong><em>τῆς</em></strong></span> <span class='ocrx_word' id='word_1_846' title='bbox 533 5002 593 5038; x_wconf 79' lang='grc' dir='ltr'><strong><em>τε</em></strong></span> <span class='ocrx_word' id='word_1_847' title='bbox 623 4984 868 5047; x_wconf 78' lang='grc' dir='ltr'><em>Παλαιᾶς</em></span> <span class='ocrx_word' id='word_1_848' title='bbox 1046 4983 1227 5053; x_wconf 81' lang='grc' dir='ltr'><em>εὑρεῖν</em></span> <span class='ocrx_word' id='word_1_849' title='bbox 1259 4981 1353 5034; x_wconf 73' lang='grc' dir='ltr'><strong><em>καὶ</em></strong></span> <span class='ocrx_word' id='word_1_850' title='bbox 1392 4979 1501 5033; x_wconf 81' lang='grc' dir='ltr'><strong><em>ἀπὸ</em></strong></span> <span class='ocrx_word' id='word_1_851' title='bbox 1533 4978 1631 5049; x_wconf 73' lang='grc' dir='ltr'><strong><em>τῆς</em></strong></span> <span class='ocrx_word' id='word_1_852' title='bbox 1656 4977 1865 5046; x_wconf 81' lang='grc' dir='ltr'><em>Καινῆς</em></span> 
     </span>
    </p>
   </div>
   <div class='ocr_carea' id='block_1_101' title="bbox 256 5065 1866 5147">
    <p class='ocr_par' dir='ltr' id='par_1_101' title="bbox 256 5065 1866 5147">
     <span class='ocr_line' id='line_1_101' title="bbox 256 5065 1866 5147; baseline -0.009 -14"><span class='ocrx_word' id='word_1_853' title='bbox 256 5096 325 5133; x_wconf 83' lang='grc' dir='ltr'><strong><em>τε</em></strong></span> <span class='ocrx_word' id='word_1_854' title='bbox 361 5076 639 5147; x_wconf 72' lang='grc' dir='ltr'><strong><em>Διαθήκης</em></strong></span> <span class='ocrx_word' id='word_1_855' title='bbox 688 5075 817 5147; x_wconf 76' lang='grc' dir='ltr'><strong><em>περὶ</em></strong></span> <span class='ocrx_word' id='word_1_856' title='bbox 857 5073 950 5128; x_wconf 80' lang='grc' dir='ltr'><strong><em>τοῦ</em></strong></span> <span class='ocrx_word' id='word_1_857' title='bbox 984 5073 1304 5144; x_wconf 79' lang='grc' dir='ltr'><em>Πνεύματος</em></span> <span class='ocrx_word' id='word_1_858' title='bbox 1352 5070 1444 5124; x_wconf 77' lang='grc' dir='ltr'><strong><em>καὶ</em></strong></span> <span class='ocrx_word' id='word_1_859' title='bbox 1487 5069 1580 5123; x_wconf 83' lang='grc' dir='ltr'><em>τοῦ</em></span> <span class='ocrx_word' id='word_1_860' title='bbox 1610 5066 1740 5120; x_wconf 75' lang='grc' dir='ltr'><strong>Υἱοῠ</strong></span> <span class='ocrx_word' id='word_1_861' title='bbox 1772 5065 1866 5119; x_wconf 69' lang='grc' dir='ltr'><strong><em>καὶ</em></strong></span> 
     </span>
    </p>
   </div>
   <div class='ocr_carea' id='block_1_102' title="bbox 254 5154 1867 5236">
    <p class='ocr_par' dir='ltr' id='par_1_102' title="bbox 254 5154 1867 5236">
     <span class='ocr_line' id='line_1_102' title="bbox 254 5154 1867 5236; baseline -0.009 -13"><span class='ocrx_word' id='word_1_862' title='bbox 254 5165 367 5223; x_wconf 78' lang='grc' dir='ltr'><em>τοῦ</em></span> <span class='ocrx_word' id='word_1_863' title='bbox 394 5166 628 5236; x_wconf 74' lang='grc' dir='ltr'><em>Πατρός.</em></span> <span class='ocrx_word' id='word_1_864' title='bbox 667 5164 863 5232; x_wconf 74' lang='grc' dir='ltr'><em>Χαῖρε,</em></span> <span class='ocrx_word' id='word_1_865' title='bbox 913 5161 1376 5232; x_wconf 78' lang='grc' dir='ltr'><em>κεχαριτωμένη.</em></span> <span class='ocrx_word' id='word_1_866' title='bbox 1411 5162 1445 5214; x_wconf 83' lang='grc' dir='ltr'><em>ό</em></span> <span class='ocrx_word' id='word_1_867' title='bbox 1471 5159 1687 5226; x_wconf 82' lang='grc' dir='ltr'><em>Κύριος</em></span> <span class='ocrx_word' id='word_1_868' title='bbox 1714 5154 1867 5227; x_wconf 82' lang='grc' dir='ltr'><em>μετὰ</em></span> 
     </span>
    </p>
   </div>
   <div class='ocr_carea' id='block_1_103' title="bbox 256 5249 1863 5328">
    <p class='ocr_par' dir='ltr' id='par_1_103' title="bbox 256 5249 1863 5328">
     <span class='ocr_line' id='line_1_103' title="bbox 256 5249 1863 5328; baseline -0.009 -13"><span class='ocrx_word' id='word_1_869' title='bbox 256 5258 391 5318; x_wconf 85' lang='grc' dir='ltr'><strong><em>σοῦ</em></strong></span> <span class='ocrx_word' id='word_1_870' title='bbox 408 5275 422 5289; x_wconf 80' lang='grc'><em>’</em></span> <span class='ocrx_word' id='word_1_871' title='bbox 461 5257 590 5311; x_wconf 70' lang='grc' dir='ltr'><em>ἰδοὺ</em></span> <span class='ocrx_word' id='word_1_872' title='bbox 614 5257 725 5328; x_wconf 71' lang='grc' dir='ltr'><strong><em>γὰρ</em></strong></span> <span class='ocrx_word' id='word_1_873' title='bbox 746 5255 1043 5324; x_wconf 55' lang='lat' dir='ltr'><strong><em>avitum</em></strong></span> <span class='ocrx_word' id='word_1_874' title='bbox 1069 5255 1140 5308; x_wconf 83' lang='grc' dir='ltr'><em>ἐν</em></span> <span class='ocrx_word' id='word_1_875' title='bbox 1161 5253 1398 5323; x_wconf 74' lang='grc' dir='ltr'><em>γαστρὶ,</em></span> <span class='ocrx_word' id='word_1_876' title='bbox 1428 5251 1526 5305; x_wconf 77' lang='grc' dir='ltr'><em>καὶ</em></span> <span class='ocrx_word' id='word_1_877' title='bbox 1546 5249 1690 5317; x_wconf 77' lang='grc' dir='ltr'><strong>τέξῃ</strong></span> <span class='ocrx_word' id='word_1_878' title='bbox 1709 5249 1863 5322; x_wconf 67' lang='grc' dir='ltr'><strong><em>υἱόντ</em></strong></span> 
     </span>
    </p>
   </div>
   <div class='ocr_carea' id='block_1_104' title="bbox 258 5342 1864 5422">
    <p class='ocr_par' dir='ltr' id='par_1_104' title="bbox 258 5342 1864 5422">
     <span class='ocr_line' id='line_1_104' title="bbox 258 5342 1864 5422; baseline -0.008 -13"><span class='ocrx_word' id='word_1_879' title='bbox 258 5353 387 5409; x_wconf 77' lang='grc' dir='ltr'><strong><em>Καὶ</em></strong></span> <span class='ocrx_word' id='word_1_880' title='bbox 406 5351 505 5419; x_wconf 84' lang='grc' dir='ltr'><strong><em>τῆς</em></strong></span> <span class='ocrx_word' id='word_1_881' title='bbox 525 5350 745 5422; x_wconf 75' lang='grc' dir='ltr'><em>Μαρίας</em></span> <span class='ocrx_word' id='word_1_882' title='bbox 767 5349 926 5418; x_wconf 77' lang='grc' dir='ltr'><strong>λεγού</strong></span> <span class='ocrx_word' id='word_1_883' title='bbox 936 5364 1054 5419; x_wconf 73' lang='grc' dir='ltr'><strong><em>σηςσ</em></strong></span> <span class='ocrx_word' id='word_1_884' title='bbox 1077 5348 1239 5403; x_wconf 83' lang='grc' dir='ltr'><em>Κατὰ</em></span> <span class='ocrx_word' id='word_1_885' title='bbox 1261 5348 1318 5401; x_wconf 86' lang='grc' dir='ltr'><strong><em>τί</em></strong></span> <span class='ocrx_word' id='word_1_886' title='bbox 1338 5345 1641 5414; x_wconf 73' lang='grc' dir='ltr'><em>γνώσομαι</em></span> <span class='ocrx_word' id='word_1_887' title='bbox 1664 5342 1864 5405; x_wconf 79' lang='grc' dir='ltr'><em>τοῦτο,</em></span> 
     </span>
    </p>
   </div>
   <div class='ocr_carea' id='block_1_105' title="bbox 1944 4329 3529 4402">
    <p class='ocr_par' dir='ltr' id='par_1_105' title="bbox 1944 4329 3529 4402">
     <span class='ocr_line' id='line_1_105' title="bbox 1944 4329 3529 4402; baseline -0.005 -12"><span class='ocrx_word' id='word_1_888' title='bbox 1944 4344 2001 4390; x_wconf 86' lang='lat' dir='ltr'><strong><em>ut</em></strong></span> <span class='ocrx_word' id='word_1_889' title='bbox 2054 4333 2396 4402; x_wconf 76' lang='lat' dir='ltr'><strong><em>prtedicarem</em></strong></span> <span class='ocrx_word' id='word_1_890' title='bbox 2442 4333 2659 4398; x_wconf 83' lang='lat' dir='ltr'><strong><em>captivis</em></strong></span> <span class='ocrx_word' id='word_1_891' title='bbox 2709 4331 3098 4392; x_wconf 85' lang='lat' dir='ltr'><strong><em>remissionem,</em></strong></span> <span class='ocrx_word' id='word_1_892' title='bbox 3146 4337 3196 4382; x_wconf 87' lang='lat' dir='ltr'><strong><em>et</em></strong></span> <span class='ocrx_word' id='word_1_893' title='bbox 3237 4329 3390 4383; x_wconf 80' lang='lat' dir='ltr'><strong><em>ctecis</em></strong></span> <span class='ocrx_word' id='word_1_894' title='bbox 3446 4329 3529 4382; x_wconf 80' lang='lat' dir='ltr'><strong><em>vi-</em></strong></span> 
     </span>
    </p>
   </div>
   <div class='ocr_carea' id='block_1_106' title="bbox 1943 4417 3526 4491">
    <p class='ocr_par' dir='ltr' id='par_1_106' title="bbox 1943 4417 3526 4491">
     <span class='ocr_line' id='line_1_106' title="bbox 1943 4417 3526 4491; baseline -0.006 -12"><span class='ocrx_word' id='word_1_895' title='bbox 1943 4438 2057 4479; x_wconf 86' lang='lat' dir='ltr'><strong><em>sum</em></strong></span> <span class='ocrx_word' id='word_1_896' title='bbox 2084 4432 2125 4463; x_wconf 75' lang='grc' dir='ltr'><em>ιε</em></span> <span class='ocrx_word' id='word_1_897' title='bbox 2158 4440 2171 4474; x_wconf 90' lang='lat'><strong>:</strong></span> <span class='ocrx_word' id='word_1_898' title='bbox 2197 4422 2469 4491; x_wconf 85' lang='lat' dir='ltr'><strong><em>quomodo</em></strong></span> <span class='ocrx_word' id='word_1_899' title='bbox 2495 4420 2760 4491; x_wconf 80' lang='lat' dir='ltr'><strong><em>separabo</em></strong></span> <span class='ocrx_word' id='word_1_900' title='bbox 2787 4418 3075 4488; x_wconf 83' lang='lat' dir='ltr'><strong><em>Spiritum?</em></strong></span> <span class='ocrx_word' id='word_1_901' title='bbox 3101 4417 3167 4472; x_wconf 90' lang='lat' dir='ltr'><strong>Et</strong></span> <span class='ocrx_word' id='word_1_902' title='bbox 3189 4431 3526 4487; x_wconf 63' lang='lat' dir='ltr'><strong><em>quaecunque</em></strong></span> 
     </span>
    </p>
   </div>
   <div class='ocr_carea' id='block_1_107' title="bbox 1942 4507 3525 4569">
    <p class='ocr_par' dir='ltr' id='par_1_107' title="bbox 1942 4507 3525 4569">
     <span class='ocr_line' id='line_1_107' title="bbox 1942 4507 3525 4569; baseline -0.004 -1"><span class='ocrx_word' id='word_1_903' title='bbox 1942 4514 2070 4569; x_wconf 87' lang='lat' dir='ltr'><strong>licet</strong></span> <span class='ocrx_word' id='word_1_904' title='bbox 2102 4528 2226 4567; x_wconf 87' lang='lat' dir='ltr'><strong><em>cum</em></strong></span> <span class='ocrx_word' id='word_1_905' title='bbox 2271 4512 2450 4567; x_wconf 89' lang='lat' dir='ltr'><strong>studio</strong></span> <span class='ocrx_word' id='word_1_906' title='bbox 2490 4526 2556 4567; x_wconf 77' lang='lat' dir='ltr'><strong>ac</strong></span> <span class='ocrx_word' id='word_1_907' title='bbox 2596 4510 2782 4565; x_wconf 85' lang='lat' dir='ltr'><strong><em>labore</em></strong></span> <span class='ocrx_word' id='word_1_908' title='bbox 2826 4510 3068 4565; x_wconf 82' lang='lat' dir='ltr'><strong><em>invenire</em></strong></span> <span class='ocrx_word' id='word_1_909' title='bbox 3108 4519 3219 4563; x_wconf 91' lang='lat' dir='ltr'><strong><em>tum</em></strong></span> <span class='ocrx_word' id='word_1_910' title='bbox 3267 4524 3299 4563; x_wconf 75' lang='grc' dir='ltr'><strong>ο</strong></span> <span class='ocrx_word' id='word_1_911' title='bbox 3345 4507 3525 4562; x_wconf 81' lang='lat' dir='ltr'><strong><em>Veteri</em></strong></span> 
     </span>
    </p>
   </div>
   <div class='ocr_carea' id='block_1_108' title="bbox 1944 4600 3527 4675">
    <p class='ocr_par' dir='ltr' id='par_1_108' title="bbox 1944 4600 3527 4675">
     <span class='ocr_line' id='line_1_108' title="bbox 1944 4600 3527 4675; baseline -0.006 -14"><span class='ocrx_word' id='word_1_912' title='bbox 1944 4608 2249 4675; x_wconf 81' lang='lat' dir='ltr'><strong><em>Scriptura,</em></strong></span> <span class='ocrx_word' id='word_1_913' title='bbox 2284 4614 2394 4659; x_wconf 86' lang='lat' dir='ltr'><strong><em>tum</em></strong></span> <span class='ocrx_word' id='word_1_914' title='bbox 2438 4619 2470 4659; x_wconf 79' lang='grc' dir='ltr'><strong><em>ο</em></strong></span> <span class='ocrx_word' id='word_1_915' title='bbox 2512 4603 2663 4658; x_wconf 73' lang='lat' dir='ltr'><strong>Novo</strong></span> <span class='ocrx_word' id='word_1_916' title='bbox 2708 4600 3080 4666; x_wconf 86' lang='lat' dir='ltr'><strong><em>Testamento,</em></strong></span> <span class='ocrx_word' id='word_1_917' title='bbox 3115 4602 3181 4655; x_wconf 89' lang='lat' dir='ltr'><strong><em>de</em></strong></span> <span class='ocrx_word' id='word_1_918' title='bbox 3228 4600 3434 4667; x_wconf 89' lang='lat' dir='ltr'><strong><em>Spiritu</em></strong></span> <span class='ocrx_word' id='word_1_919' title='bbox 3471 4607 3527 4653; x_wconf 86' lang='lat' dir='ltr'><strong><em>et</em></strong></span> 
     </span>
    </p>
   </div>
   <div class='ocr_carea' id='block_1_109' title="bbox 1946 4690 3523 4764">
    <p class='ocr_par' dir='ltr' id='par_1_109' title="bbox 1946 4690 3523 4764">
     <span class='ocr_line' id='line_1_109' title="bbox 1946 4690 3523 4764; baseline -0.009 -11"><span class='ocrx_word' id='word_1_920' title='bbox 1946 4697 2081 4753; x_wconf 78' lang='lat' dir='ltr'><strong><em>Filio</em></strong></span> <span class='ocrx_word' id='word_1_921' title='bbox 2111 4690 2165 4752; x_wconf 87' lang='lat' dir='ltr'><strong>et</strong></span> <span class='ocrx_word' id='word_1_922' title='bbox 2206 4694 2386 4750; x_wconf 80' lang='lat' dir='ltr'><strong><em>Patre.</em></strong></span> <span class='ocrx_word' id='word_1_923' title='bbox 2418 4694 2542 4759; x_wconf 82' lang='lat' dir='ltr'><strong><em>Ave,</em></strong></span> <span class='ocrx_word' id='word_1_924' title='bbox 2582 4694 2757 4764; x_wconf 89' lang='lat' dir='ltr'><strong><em>gratia</em></strong></span> <span class='ocrx_word' id='word_1_925' title='bbox 2798 4692 2976 4762; x_wconf 87' lang='lat' dir='ltr'><strong><em>plena,</em></strong></span> <span class='ocrx_word' id='word_1_926' title='bbox 3014 4690 3272 4745; x_wconf 84' lang='lat' dir='ltr'><strong><em>Dominus</em></strong></span> <span class='ocrx_word' id='word_1_927' title='bbox 3302 4698 3472 4741; x_wconf 85' lang='lat' dir='ltr'><strong><em>tecum</em></strong></span> <span class='ocrx_word' id='word_1_928' title='bbox 3504 4702 3523 4739; x_wconf 92' lang='lat'><strong><em>:</em></strong></span> 
     </span>
    </p>
   </div>
   <div class='ocr_carea' id='block_1_110' title="bbox 1942 4778 3526 4853">
    <p class='ocr_par' dir='ltr' id='par_1_110' title="bbox 1942 4778 3526 4853">
     <span class='ocr_line' id='line_1_110' title="bbox 1942 4778 3526 4853; baseline -0.01 -7"><span class='ocrx_word' id='word_1_929' title='bbox 1942 4808 2057 4846; x_wconf 87' lang='lat' dir='ltr'><strong><em>ecce</em></strong></span> <span class='ocrx_word' id='word_1_930' title='bbox 2086 4792 2223 4845; x_wconf 89' lang='lat' dir='ltr'><strong><em>enim</em></strong></span> <span class='ocrx_word' id='word_1_931' title='bbox 2252 4790 2512 4850; x_wconf 85' lang='lat' dir='ltr'><strong><em>concipies</em></strong></span> <span class='ocrx_word' id='word_1_932' title='bbox 2541 4789 2595 4842; x_wconf 89' lang='lat' dir='ltr'><strong><em>in</em></strong></span> <span class='ocrx_word' id='word_1_933' title='bbox 2634 4798 2812 4849; x_wconf 86' lang='lat' dir='ltr'><strong><em>utero,</em></strong></span> <span class='ocrx_word' id='word_1_934' title='bbox 2859 4795 2906 4841; x_wconf 87' lang='lat' dir='ltr'><strong><em>et</em></strong></span> <span class='ocrx_word' id='word_1_935' title='bbox 2937 4784 3110 4853; x_wconf 88' lang='lat' dir='ltr'><strong><em>paries</em></strong></span> <span class='ocrx_word' id='word_1_936' title='bbox 3148 4781 3317 4850; x_wconf 81' lang='lat' dir='ltr'><strong><em>ﬁlium</em></strong></span> <span class='ocrx_word' id='word_1_937' title='bbox 3360 4781 3419 4833; x_wconf 84' lang='lat'><strong><em>&quot;.</em></strong></span> <span class='ocrx_word' id='word_1_938' title='bbox 3459 4778 3526 4832; x_wconf 83' lang='lat' dir='ltr'><strong><em>Et</em></strong></span> 
     </span>
    </p>
   </div>
   <div class='ocr_carea' id='block_1_111' title="bbox 1944 4866 3526 4943">
    <p class='ocr_par' dir='ltr' id='par_1_111' title="bbox 1944 4866 3526 4943">
     <span class='ocr_line' id='line_1_111' title="bbox 1944 4866 3526 4943; baseline -0.012 -7"><span class='ocrx_word' id='word_1_939' title='bbox 1944 4898 2066 4936; x_wconf 87' lang='lat' dir='ltr'><strong><em>cum</em></strong></span> <span class='ocrx_word' id='word_1_940' title='bbox 2129 4879 2301 4934; x_wconf 86' lang='lat' dir='ltr'><strong><em>Maria</em></strong></span> <span class='ocrx_word' id='word_1_941' title='bbox 2355 4879 2554 4935; x_wconf 85' lang='lat' dir='ltr'><strong>diceret</strong></span> <span class='ocrx_word' id='word_1_942' title='bbox 2599 4896 2613 4933; x_wconf 90' lang='lat'><strong>:</strong></span> <span class='ocrx_word' id='word_1_943' title='bbox 2679 4876 2951 4943; x_wconf 82' lang='lat' dir='ltr'><strong><em>Quomodo</em></strong></span> <span class='ocrx_word' id='word_1_944' title='bbox 2996 4885 3301 4941; x_wconf 83' lang='lat' dir='ltr'><strong><em>cognoscam</em></strong></span> <span class='ocrx_word' id='word_1_945' title='bbox 3349 4866 3526 4930; x_wconf 87' lang='lat' dir='ltr'><strong><em>istud,</em></strong></span> 
     </span>
    </p>
   </div>
   <div class='ocr_carea' id='block_1_112' title="bbox 1945 4956 3523 5043">
    <p class='ocr_par' dir='ltr' id='par_1_112' title="bbox 1945 4956 3523 5043">
     <span class='ocr_line' id='line_1_112' title="bbox 1945 4956 3523 5043; baseline -0.01 -18"><span class='ocrx_word' id='word_1_946' title='bbox 1945 4970 2371 5043; x_wconf 86' lang='lat' dir='ltr'><strong><em>quandoquidem</em></strong></span> <span class='ocrx_word' id='word_1_947' title='bbox 2395 4970 2560 5024; x_wconf 82' lang='lat' dir='ltr'><strong><em>virum</em></strong></span> <span class='ocrx_word' id='word_1_948' title='bbox 2588 4985 2690 5022; x_wconf 86' lang='lat' dir='ltr'><strong><em>non</em></strong></span> <span class='ocrx_word' id='word_1_949' title='bbox 2714 4980 2968 5037; x_wconf 87' lang='lat' dir='ltr'><strong><em>cognosco</em></strong></span> <span class='ocrx_word' id='word_1_950' title='bbox 2987 4963 3012 5017; x_wconf 71' lang='lat'><strong><em>7</em></strong></span> <span class='ocrx_word' id='word_1_951' title='bbox 3030 4962 3162 5016; x_wconf 88' lang='lat' dir='ltr'><strong>dicit</strong></span> <span class='ocrx_word' id='word_1_952' title='bbox 3187 4960 3233 5013; x_wconf 89' lang='lat' dir='ltr'><strong>ei</strong></span> <span class='ocrx_word' id='word_1_953' title='bbox 3256 4956 3480 5029; x_wconf 80' lang='lat' dir='ltr'><strong><em>angelus</em></strong></span> <span class='ocrx_word' id='word_1_954' title='bbox 3508 4973 3523 5009; x_wconf 91' lang='lat'><strong>:</strong></span> 
     </span>
    </p>
   </div>
   <div class='ocr_carea' id='block_1_113' title="bbox 1946 5048 3526 5135">
    <p class='ocr_par' dir='ltr' id='par_1_113' title="bbox 1946 5048 3526 5135">
     <span class='ocr_line' id='line_1_113' title="bbox 1946 5048 3526 5135; baseline -0.014 -14"><span class='ocrx_word' id='word_1_955' title='bbox 1946 5066 2183 5135; x_wconf 84' lang='lat' dir='ltr'><strong><em>Spiritus</em></strong></span> <span class='ocrx_word' id='word_1_956' title='bbox 2216 5071 2431 5116; x_wconf 88' lang='lat' dir='ltr'><strong><em>sanctus</em></strong></span> <span class='ocrx_word' id='word_1_957' title='bbox 2460 5060 2773 5124; x_wconf 81' lang='lat' dir='ltr'><strong><em>superveniet</em></strong></span> <span class='ocrx_word' id='word_1_958' title='bbox 2800 5059 2853 5111; x_wconf 85' lang='lat' dir='ltr'><strong><em>in</em></strong></span> <span class='ocrx_word' id='word_1_959' title='bbox 2888 5066 2958 5123; x_wconf 88' lang='lat' dir='ltr'><strong><em>te,</em></strong></span> <span class='ocrx_word' id='word_1_960' title='bbox 2989 5064 3034 5108; x_wconf 88' lang='lat' dir='ltr'><strong><em>et</em></strong></span> <span class='ocrx_word' id='word_1_961' title='bbox 3067 5054 3230 5107; x_wconf 79' lang='lat' dir='ltr'><strong><em>virtus</em></strong></span> <span class='ocrx_word' id='word_1_962' title='bbox 3270 5048 3526 5102; x_wconf 81' lang='lat' dir='ltr'><strong><em>Altissimi</em></strong></span> 
     </span>
    </p>
   </div>
   <div class='ocr_carea' id='block_1_114' title="bbox 1947 5139 3525 5214">
    <p class='ocr_par' dir='ltr' id='par_1_114' title="bbox 1947 5139 3525 5214">
     <span class='ocr_line' id='line_1_114' title="bbox 1947 5139 3525 5214; baseline -0.012 -5"><span class='ocrx_word' id='word_1_963' title='bbox 1947 5154 2276 5209; x_wconf 86' lang='lat' dir='ltr'><strong><em>obumbrabit</em></strong></span> <span class='ocrx_word' id='word_1_964' title='bbox 2307 5154 2403 5206; x_wconf 87' lang='lat' dir='ltr'><strong><em>tibi</em></strong></span> <span class='ocrx_word' id='word_1_965' title='bbox 2433 5153 2496 5206; x_wconf 82' lang='lat'><strong><em>&quot;.</em></strong></span> <span class='ocrx_word' id='word_1_966' title='bbox 2524 5150 2589 5205; x_wconf 87' lang='lat' dir='ltr'><strong><em>Et</em></strong></span> <span class='ocrx_word' id='word_1_967' title='bbox 2622 5165 2811 5204; x_wconf 89' lang='lat' dir='ltr'><strong><em>rursus</em></strong></span> <span class='ocrx_word' id='word_1_968' title='bbox 2832 5149 2969 5203; x_wconf 87' lang='lat' dir='ltr'><strong>idem</strong></span> <span class='ocrx_word' id='word_1_969' title='bbox 2998 5144 3220 5214; x_wconf 76' lang='lat' dir='ltr'><strong><em>angelus</em></strong></span> <span class='ocrx_word' id='word_1_970' title='bbox 3245 5141 3312 5196; x_wconf 88' lang='lat' dir='ltr'><strong>ad</strong></span> <span class='ocrx_word' id='word_1_971' title='bbox 3329 5139 3525 5207; x_wconf 74' lang='lat' dir='ltr'><strong><em>Joseplt</em></strong></span> 
     </span>
    </p>
   </div>
   <div class='ocr_carea' id='block_1_115' title="bbox 1948 5236 3523 5310">
    <p class='ocr_par' dir='ltr' id='par_1_115' title="bbox 1948 5236 3523 5310">
     <span class='ocr_line' id='line_1_115' title="bbox 1948 5236 3523 5310; baseline -0.014 -7"><span class='ocrx_word' id='word_1_972' title='bbox 1948 5249 2082 5303; x_wconf 89' lang='lat' dir='ltr'><strong>dicit</strong></span> <span class='ocrx_word' id='word_1_973' title='bbox 2113 5271 2123 5301; x_wconf 84' lang='lat'><strong>;</strong></span> <span class='ocrx_word' id='word_1_974' title='bbox 2164 5243 2246 5299; x_wconf 87' lang='lat' dir='ltr'><strong><em>Ne</em></strong></span> <span class='ocrx_word' id='word_1_975' title='bbox 2276 5245 2461 5298; x_wconf 88' lang='lat' dir='ltr'><strong><em>timeas</em></strong></span> <span class='ocrx_word' id='word_1_976' title='bbox 2489 5241 2723 5310; x_wconf 84' lang='lat' dir='ltr'><strong><em>accipere</em></strong></span> <span class='ocrx_word' id='word_1_977' title='bbox 2759 5238 2988 5294; x_wconf 78' lang='lat' dir='ltr'><strong><em>Mariam</em></strong></span> <span class='ocrx_word' id='word_1_978' title='bbox 3021 5236 3298 5303; x_wconf 87' lang='lat' dir='ltr'><strong><em>conjugem</em></strong></span> <span class='ocrx_word' id='word_1_979' title='bbox 3329 5242 3474 5285; x_wconf 88' lang='lat' dir='ltr'><strong><em>tuum</em></strong></span> <span class='ocrx_word' id='word_1_980' title='bbox 3503 5245 3523 5291; x_wconf 86' lang='lat'><strong><em>;</em></strong></span> 
     </span>
    </p>
   </div>
   <div class='ocr_carea' id='block_1_116' title="bbox 1947 5319 3529 5404">
    <p class='ocr_par' dir='ltr' id='par_1_116' title="bbox 1947 5319 3529 5404">
     <span class='ocr_line' id='line_1_116' title="bbox 1947 5319 3529 5404; baseline -0.011 -11"><span class='ocrx_word' id='word_1_981' title='bbox 1947 5355 2069 5393; x_wconf 80' lang='lat' dir='ltr'><strong><em>nam</em></strong></span> <span class='ocrx_word' id='word_1_982' title='bbox 2112 5338 2251 5404; x_wconf 83' lang='lat' dir='ltr'><strong><em>quod</em></strong></span> <span class='ocrx_word' id='word_1_983' title='bbox 2295 5336 2351 5388; x_wconf 89' lang='lat' dir='ltr'><strong><em>in</em></strong></span> <span class='ocrx_word' id='word_1_984' title='bbox 2397 5350 2460 5389; x_wconf 87' lang='lat' dir='ltr'><strong><em>ea</em></strong></span> <span class='ocrx_word' id='word_1_985' title='bbox 2495 5343 2802 5400; x_wconf 87' lang='lat' dir='ltr'><strong><em>conceptum</em></strong></span> <span class='ocrx_word' id='word_1_986' title='bbox 2852 5341 2963 5394; x_wconf 88' lang='lat' dir='ltr'><strong><em>est,</em></strong></span> <span class='ocrx_word' id='word_1_987' title='bbox 3013 5345 3045 5381; x_wconf 93' lang='lat' dir='ltr'><strong><em>a</em></strong></span> <span class='ocrx_word' id='word_1_988' title='bbox 3084 5319 3292 5395; x_wconf 80' lang='lat' dir='ltr'><strong><em>Spiritu</em></strong></span> <span class='ocrx_word' id='word_1_989' title='bbox 3344 5333 3529 5375; x_wconf 85' lang='lat' dir='ltr'><strong><em>sancto</em></strong></span> 
     </span>
    </p>
   </div>
   <div class='ocr_carea' id='block_1_117' title="bbox 350 5489 1850 5582">
    <p class='ocr_par' dir='ltr' id='par_1_117' title="bbox 350 5509 1812 5582">
     <span class='ocr_line' id='line_1_117' title="bbox 350 5509 1812 5582; baseline -0.008 -7"><span class='ocrx_word' id='word_1_990' title='bbox 350 5522 365 5551; x_wconf 82' lang='lat'><strong><em>‘</em></strong></span> <span class='ocrx_word' id='word_1_991' title='bbox 397 5519 536 5574; x_wconf 53' lang='lat' dir='ltr'><strong><em>Gen.</em></strong></span> <span class='ocrx_word' id='word_1_992' title='bbox 570 5534 680 5582; x_wconf 70' lang='lat' dir='ltr'><strong><em>xu,</em></strong></span> <span class='ocrx_word' id='word_1_993' title='bbox 704 5517 794 5572; x_wconf 70' lang='grc'><strong><em>24.</em></strong></span> <span class='ocrx_word' id='word_1_994' title='bbox 871 5518 892 5548; x_wconf 83' lang='grc'>¹</span> <span class='ocrx_word' id='word_1_995' title='bbox 931 5514 971 5569; x_wconf 85' lang='grc' dir='ltr'><strong><em>ΙΙ</em></strong></span> <span class='ocrx_word' id='word_1_996' title='bbox 1003 5514 1143 5569; x_wconf 84' lang='lat' dir='ltr'><strong><em>Tim.</em></strong></span> <span class='ocrx_word' id='word_1_997' title='bbox 1176 5530 1214 5581; x_wconf 86' lang='grc' dir='ltr'><em>ι,</em></span> <span class='ocrx_word' id='word_1_998' title='bbox 1242 5516 1328 5570; x_wconf 83' lang='grc'><strong><em>18.</em></strong></span> <span class='ocrx_word' id='word_1_999' title='bbox 1350 5571 1361 5575; x_wconf 55' lang='grc'><strong><em>,</em></strong></span> <span class='ocrx_word' id='word_1_1000' title='bbox 1406 5513 1427 5545; x_wconf 85' lang='grc'><em>³</em></span> <span class='ocrx_word' id='word_1_1001' title='bbox 1454 5511 1593 5568; x_wconf 81' lang='lat' dir='ltr'><strong><em>Joel.</em></strong></span> <span class='ocrx_word' id='word_1_1002' title='bbox 1624 5528 1680 5577; x_wconf 85' lang='lat' dir='ltr'><strong><em>tt,</em></strong></span> 
     </span>
    </p>
   </div>
   <div class='ocr_carea' id='block_1_118' title="bbox 1945 5489 3519 5582">
    <p class='ocr_par' dir='ltr' id='par_1_118' title="bbox 1956 5489 3519 5582">
     <span class='ocr_line' id='line_1_118' title="bbox 1956 5489 3519 5582; baseline -0.01 -20"><span class='ocrx_word' id='word_1_1003' title='bbox 1956 5507 2059 5562; x_wconf 86' lang='lat' dir='ltr'><strong><em>lsa.</em></strong></span> <span class='ocrx_word' id='word_1_1004' title='bbox 2106 5505 2369 5582; x_wconf 44' lang='lat' dir='ltr'><strong><em>smmis,</em></strong></span> <span class='ocrx_word' id='word_1_1005' title='bbox 2399 5501 2483 5554; x_wconf 84' lang='lat' dir='ltr'><strong><em>I6.</em></strong></span> <span class='ocrx_word' id='word_1_1006' title='bbox 2559 5500 2581 5532; x_wconf 83' lang='grc'><strong><em>⁵</em></strong></span> <span class='ocrx_word' id='word_1_1007' title='bbox 2622 5497 2726 5582; x_wconf 58' lang='lat' dir='ltr'><strong><em>Lsa.</em></strong></span> <span class='ocrx_word' id='word_1_1008' title='bbox 2760 5512 2890 5582; x_wconf 42' lang='lat' dir='ltr'><strong><em>Evt},</em></strong></span> <span class='ocrx_word' id='word_1_1009' title='bbox 2917 5495 3019 5582; x_wconf 13' lang='lat'><strong><em>1.6.4</em></strong></span> <span class='ocrx_word' id='word_1_1010' title='bbox 3136 5489 3519 5582; x_wconf 49' lang='lat' dir='ltr'><strong><em>Esal.‘t..h_i_§.</em></strong></span> 
     </span>
    </p>
   </div>
   <div class='ocr_carea' id='block_1_119' title="bbox 254 5561 1850 5652">
    <p class='ocr_par' dir='ltr' id='par_1_119' title="bbox 254 5561 1850 5652">
     <span class='ocr_line' id='line_1_119' title="bbox 254 5561 1850 5652; baseline -0.008 -5"><span class='ocrx_word' id='word_1_1011' title='bbox 254 5561 831 5647; x_wconf 55' lang='grc' dir='ltr'><strong><em>’ξιιιιιῗ”ἱὲ.”ἶίἶξ.ἶι.</em></strong></span> <span class='ocrx_word' id='word_1_1012' title='bbox 864 5561 1035 5652; x_wconf 46' lang='lat' dir='ltr'><strong><em>cat-tut;</em></strong></span> <span class='ocrx_word' id='word_1_1013' title='bbox 1238 5561 1430 5638; x_wconf 35' lang='lat' dir='ltr'><strong><em>fﬁsitl.</em></strong></span> <span class='ocrx_word' id='word_1_1014' title='bbox 1703 5561 1745 5652; x_wconf 44' lang='grc' dir='ltr'><strong><em>’ἒ</em></strong></span> <span class='ocrx_word' id='word_1_1015' title='bbox 1763 5561 1850 5635; x_wconf 66' lang='grc' dir='ltr'>ιὸι</span> 
     </span>
    </p>
   </div>
   <div class='ocr_carea' id='block_1_120' title="bbox 1945 5561 3516 5652">
    <p class='ocr_par' dir='ltr' id='par_1_120' title="bbox 1945 5561 3516 5652">
     <span class='ocr_line' id='line_1_120' title="bbox 1945 5561 3516 5652; baseline -0.011 -20"><span class='ocrx_word' id='word_1_1016' title='bbox 1945 5561 2152 5652; x_wconf 68' lang='lat' dir='ltr'><strong><em>:xut,_4.</em></strong></span> <span class='ocrx_word' id='word_1_1017' title='bbox 2199 5561 2391 5652; x_wconf 70' lang='lat' dir='ltr'><strong><em>__&quot;_Jnh</em></strong></span> <span class='ocrx_word' id='word_1_1018' title='bbox 2422 5588 2593 5652; x_wconf 46' lang='lat' dir='ltr'><strong><em>gssint,</em></strong></span> <span class='ocrx_word' id='word_1_1019' title='bbox 2761 5567 2976 5652; x_wconf 44' lang='grc' dir='ltr'><strong><em>ιλιξξειι..</em></strong></span> <span class='ocrx_word' id='word_1_1020' title='bbox 3000 5563 3225 5652; x_wconf 50' lang='lat' dir='ltr'><strong><em>tutu-&#39;69.</em></strong></span> <span class='ocrx_word' id='word_1_1021' title='bbox 3304 5562 3351 5594; x_wconf 82' lang='lat'>&quot;</span> <span class='ocrx_word' id='word_1_1022' title='bbox 3373 5561 3516 5617; x_wconf 83' lang='lat' dir='ltr'><strong><em>Psal.</em></strong></span> 
     </span>
    </p>
   </div>
   <div class='ocr_carea' id='block_1_121' title="bbox 265 5652 1629 5724">
    <p class='ocr_par' dir='ltr' id='par_1_121' title="bbox 265 5652 1629 5724">
     <span class='ocr_line' id='line_1_121' title="bbox 265 5652 1629 5724; baseline -0.008 -5"><span class='ocrx_word' id='word_1_1023' title='bbox 265 5675 538 5724; x_wconf 73' lang='lat' dir='ltr'><strong><em>cum&quot;,</em></strong></span> <span class='ocrx_word' id='word_1_1024' title='bbox 566 5658 616 5715; x_wconf 87' lang='lat'><strong>7.</strong></span> <span class='ocrx_word' id='word_1_1025' title='bbox 696 5657 737 5689; x_wconf 77' lang='lat'><strong>&quot;</strong></span> <span class='ocrx_word' id='word_1_1026' title='bbox 770 5658 872 5713; x_wconf 84' lang='lat' dir='ltr'><strong><em>lsa.</em></strong></span> <span class='ocrx_word' id='word_1_1027' title='bbox 901 5673 1027 5722; x_wconf 77' lang='lat' dir='ltr'><strong><em>xu,</em></strong></span> <span class='ocrx_word' id='word_1_1028' title='bbox 1058 5656 1107 5709; x_wconf 81' lang='lat' dir='ltr'><strong>l.</strong></span> <span class='ocrx_word' id='word_1_1029' title='bbox 1189 5655 1230 5686; x_wconf 72' lang='grc'><strong><em>’⁵</em></strong></span> <span class='ocrx_word' id='word_1_1030' title='bbox 1264 5655 1367 5709; x_wconf 76' lang='lat' dir='ltr'><strong><em>lsa.</em></strong></span> <span class='ocrx_word' id='word_1_1031' title='bbox 1402 5671 1476 5717; x_wconf 71' lang='lat' dir='ltr'><strong><em>xu,</em></strong></span> <span class='ocrx_word' id='word_1_1032' title='bbox 1512 5652 1629 5708; x_wconf 76' lang='grc'><strong><em>1-5.</em></strong></span> 
     </span>
    </p>
   </div>
   <div class='ocr_carea' id='block_1_122' title="bbox 1710 5634 3218 5712">
    <p class='ocr_par' dir='ltr' id='par_1_122' title="bbox 1710 5634 3218 5712">
     <span class='ocr_line' id='line_1_122' title="bbox 1710 5634 3218 5712; baseline -0.011 -7"><span class='ocrx_word' id='word_1_1033' title='bbox 1710 5634 2120 5712; x_wconf 32' lang='lat' dir='ltr'><strong><em>&quot;inungi.</em></strong></span> <span class='ocrx_word' id='word_1_1034' title='bbox 2199 5638 2707 5707; x_wconf 51' lang='grc' dir='ltr'><strong><em>ι⁷[.11ι’.ῐ,ξ).8.ξ’›ν1.</em></strong></span> <span class='ocrx_word' id='word_1_1035' title='bbox 2787 5634 3218 5698; x_wconf 68' lang='lat' dir='ltr'><strong><em>&quot;ibid.55,35.</em></strong></span> 
     </span>
    </p>
   </div>
  </div>
