  <div class='ocr_page' id='page_1' title='image "/cluster/home/n/w/nwhite01/storage/ocr_20150623/130/hvd.32044073502387/377.png"; bbox 0 0 4086 6214; ppageno 0'>
   <div class='ocr_carea' id='block_1_1' title="bbox 566 129 3822 243">
    <p class='ocr_par' dir='ltr' id='par_1_1' title="bbox 566 129 3822 243">
     <span class='ocr_line' id='line_1_1' title="bbox 566 129 3822 243; baseline 0.002 -15"><span class='ocrx_word' id='word_1_1' title='bbox 566 181 669 243; x_wconf 53' lang='grc'><strong>743</strong></span> <span class='ocrx_word' id='word_1_2' title='bbox 1783 129 1792 134; x_wconf 67' lang='grc'><em>’</em></span> <span class='ocrx_word' id='word_1_3' title='bbox 1829 165 2212 228; x_wconf 79' lang='lat' dir='ltr'><strong>EUTHYMH</strong></span> <span class='ocrx_word' id='word_1_4' title='bbox 2255 171 2620 232; x_wconf 77' lang='lat' dir='ltr'><strong>ZlGABENI</strong></span> <span class='ocrx_word' id='word_1_5' title='bbox 3714 167 3822 236; x_wconf 72' lang='grc' dir='ltr'><strong>’ῖίί</strong></span> 
     </span>
    </p>
   </div>
   <div class='ocr_carea' id='block_1_2' title="bbox 571 288 2131 367">
    <p class='ocr_par' dir='ltr' id='par_1_2' title="bbox 571 288 2131 367">
     <span class='ocr_line' id='line_1_2' title="bbox 571 288 2131 367; baseline -0.003 -21"><span class='ocrx_word' id='word_1_6' title='bbox 571 296 926 367; x_wconf 74' lang='lat' dir='ltr'><strong>corporaliter</strong></span> <span class='ocrx_word' id='word_1_7' title='bbox 960 293 1270 362; x_wconf 84' lang='lat' dir='ltr'><strong>accedas?),</strong></span> <span class='ocrx_word' id='word_1_8' title='bbox 1302 292 1393 347; x_wconf 91' lang='lat' dir='ltr'><strong>scd</strong></span> <span class='ocrx_word' id='word_1_9' title='bbox 1418 306 1446 344; x_wconf 89' lang='lat' dir='ltr'><strong>a</strong></span> <span class='ocrx_word' id='word_1_10' title='bbox 1469 288 1859 359; x_wconf 70' lang='lat' dir='ltr'><strong>cupiditatibus</strong></span> <span class='ocrx_word' id='word_1_11' title='bbox 1889 303 2131 353; x_wconf 86' lang='lat' dir='ltr'><strong>recessu,</strong></span> 
     </span>
    </p>
   </div>
   <div class='ocr_carea' id='block_1_3' title="bbox 2230 288 3802 367">
    <p class='ocr_par' dir='ltr' id='par_1_3' title="bbox 2230 290 3802 366">
     <span class='ocr_line' id='line_1_3' title="bbox 2230 290 3802 366; baseline 0.003 -24"><span class='ocrx_word' id='word_1_12' title='bbox 2230 290 2499 360; x_wconf 80' lang='grc' dir='ltr'>ἀσωμάτῳ</span> <span class='ocrx_word' id='word_1_13' title='bbox 2524 291 2846 361; x_wconf 81' lang='grc' dir='ltr'><strong>σωματικῶς</strong></span> <span class='ocrx_word' id='word_1_14' title='bbox 2866 293 2927 363; x_wconf 75' lang='grc' dir='ltr'><strong>ς),</strong></span> <span class='ocrx_word' id='word_1_15' title='bbox 2959 294 3071 347; x_wconf 83' lang='grc' dir='ltr'>ἀλλ’</span> <span class='ocrx_word' id='word_1_16' title='bbox 3089 294 3117 346; x_wconf 87' lang='grc' dir='ltr'>ὁ</span> <span class='ocrx_word' id='word_1_17' title='bbox 3144 295 3423 366; x_wconf 72' lang='grc' dir='ltr'>χωρισμὸς</span> <span class='ocrx_word' id='word_1_18' title='bbox 3452 293 3564 347; x_wconf 84' lang='grc' dir='ltr'><strong>τῶν</strong></span> <span class='ocrx_word' id='word_1_19' title='bbox 3586 295 3802 358; x_wconf 83' lang='grc' dir='ltr'>παθῶν,</span> 
     </span>
    </p>
   </div>
   <div class='ocr_carea' id='block_1_4' title="bbox 569 379 2131 457">
    <p class='ocr_par' dir='ltr' id='par_1_4' title="bbox 569 381 2131 457">
     <span class='ocr_line' id='line_1_4' title="bbox 569 381 2131 457; baseline -0.006 -16"><span class='ocrx_word' id='word_1_20' title='bbox 569 405 688 456; x_wconf 72' lang='lat' dir='ltr'><strong>qua:</strong></span> <span class='ocrx_word' id='word_1_21' title='bbox 718 397 840 457; x_wconf 85' lang='lat' dir='ltr'><strong>post</strong></span> <span class='ocrx_word' id='word_1_22' title='bbox 861 397 1208 442; x_wconf 88' lang='lat' dir='ltr'><strong>accesserunt</strong></span> <span class='ocrx_word' id='word_1_23' title='bbox 1233 385 1424 438; x_wconf 64' lang='lat' dir='ltr'><strong>animm</strong></span> <span class='ocrx_word' id='word_1_24' title='bbox 1445 391 1663 451; x_wconf 77' lang='lat' dir='ltr'><strong>propter</strong></span> <span class='ocrx_word' id='word_1_25' title='bbox 1685 381 1974 435; x_wconf 77' lang='lat' dir='ltr'><strong>amicitiam</strong></span> <span class='ocrx_word' id='word_1_26' title='bbox 2007 394 2131 450; x_wconf 88' lang='lat' dir='ltr'><strong>erga</strong></span> 
     </span>
    </p>
   </div>
   <div class='ocr_carea' id='block_1_5' title="bbox 2230 379 3795 457">
    <p class='ocr_par' dir='ltr' id='par_1_5' title="bbox 2230 379 3795 456">
     <span class='ocr_line' id='line_1_5' title="bbox 2230 379 3795 456; baseline 0.004 -25"><span class='ocrx_word' id='word_1_27' title='bbox 2230 379 2388 450; x_wconf 69' lang='grc' dir='ltr'>άπερ,</span> <span class='ocrx_word' id='word_1_28' title='bbox 2429 381 2536 432; x_wconf 85' lang='grc' dir='ltr'><strong>ἀπὸ</strong></span> <span class='ocrx_word' id='word_1_29' title='bbox 2563 382 2660 451; x_wconf 85' lang='grc' dir='ltr'>τῆς</span> <span class='ocrx_word' id='word_1_30' title='bbox 2694 382 2827 452; x_wconf 76' lang='grc' dir='ltr'>πρὸς</span> <span class='ocrx_word' id='word_1_31' title='bbox 2861 383 2958 454; x_wconf 79' lang='grc' dir='ltr'><strong>τὴν</strong></span> <span class='ocrx_word' id='word_1_32' title='bbox 2994 385 3172 454; x_wconf 81' lang='grc' dir='ltr'>σάρκα</span> <span class='ocrx_word' id='word_1_33' title='bbox 3211 384 3390 451; x_wconf 74' lang='grc' dir='ltr'>φιλίας</span> <span class='ocrx_word' id='word_1_34' title='bbox 3423 384 3647 456; x_wconf 71' lang='grc' dir='ltr'>ὕστερον</span> <span class='ocrx_word' id='word_1_35' title='bbox 3678 387 3795 437; x_wconf 69' lang='grc' dir='ltr'>ὲπιυ</span> 
     </span>
    </p>
   </div>
   <div class='ocr_carea' id='block_1_6' title="bbox 570 469 2131 544">
    <p class='ocr_par' dir='ltr' id='par_1_6' title="bbox 570 473 2131 542">
     <span class='ocr_line' id='line_1_6' title="bbox 570 473 2131 542; baseline -0.001 -12"><span class='ocrx_word' id='word_1_36' title='bbox 570 493 812 542; x_wconf 90' lang='lat' dir='ltr'><strong>carnem,</strong></span> <span class='ocrx_word' id='word_1_37' title='bbox 837 486 934 532; x_wconf 91' lang='lat' dir='ltr'><strong>eta</strong></span> <span class='ocrx_word' id='word_1_38' title='bbox 951 477 1039 531; x_wconf 89' lang='lat' dir='ltr'><strong>Dei</strong></span> <span class='ocrx_word' id='word_1_39' title='bbox 1070 477 1346 531; x_wconf 87' lang='lat' dir='ltr'><strong>consortio</strong></span> <span class='ocrx_word' id='word_1_40' title='bbox 1371 475 1692 527; x_wconf 91' lang='lat' dir='ltr'><strong>alienarunt.</strong></span> <span class='ocrx_word' id='word_1_41' title='bbox 1721 473 1923 542; x_wconf 83' lang='lat' dir='ltr'><strong>Itaque,</strong></span> <span class='ocrx_word' id='word_1_42' title='bbox 1947 475 1993 528; x_wconf 90' lang='lat' dir='ltr'><strong>si</strong></span> <span class='ocrx_word' id='word_1_43' title='bbox 2011 473 2131 542; x_wconf 82' lang='lat' dir='ltr'><strong>quis</strong></span> 
     </span>
    </p>
   </div>
   <div class='ocr_carea' id='block_1_7' title="bbox 2230 469 3803 544">
    <p class='ocr_par' dir='ltr' id='par_1_7' title="bbox 2230 469 3803 544">
     <span class='ocr_line' id='line_1_7' title="bbox 2230 469 3803 544; baseline 0.004 -24"><span class='ocrx_word' id='word_1_44' title='bbox 2230 469 2482 537; x_wconf 82' lang='grc' dir='ltr'>γινόμενα</span> <span class='ocrx_word' id='word_1_45' title='bbox 2521 473 2585 539; x_wconf 83' lang='grc' dir='ltr'>τῇ</span> <span class='ocrx_word' id='word_1_46' title='bbox 2623 469 2791 540; x_wconf 70' lang='grc' dir='ltr'>ψυχῇ,</span> <span class='ocrx_word' id='word_1_47' title='bbox 2837 472 2938 542; x_wconf 77' lang='grc' dir='ltr'>τῆς</span> <span class='ocrx_word' id='word_1_48' title='bbox 2993 474 3100 525; x_wconf 75' lang='grc' dir='ltr'><strong>ἀπὸ</strong></span> <span class='ocrx_word' id='word_1_49' title='bbox 3149 472 3244 525; x_wconf 87' lang='grc' dir='ltr'><strong>τοῦ</strong></span> <span class='ocrx_word' id='word_1_50' title='bbox 3289 473 3423 525; x_wconf 88' lang='grc' dir='ltr'>Θεοῦ</span> <span class='ocrx_word' id='word_1_51' title='bbox 3468 475 3803 544; x_wconf 76' lang='grc' dir='ltr'>οἰκειότητος</span> 
     </span>
    </p>
   </div>
   <div class='ocr_carea' id='block_1_8' title="bbox 569 565 2130 638">
    <p class='ocr_par' dir='ltr' id='par_1_8' title="bbox 569 565 2130 638">
     <span class='ocr_line' id='line_1_8' title="bbox 569 565 2130 638; baseline -0.004 -17"><span class='ocrx_word' id='word_1_52' title='bbox 569 570 737 629; x_wconf 89' lang='lat' dir='ltr'><strong>abeo,</strong></span> <span class='ocrx_word' id='word_1_53' title='bbox 761 570 903 638; x_wconf 90' lang='lat' dir='ltr'><strong>quod</strong></span> <span class='ocrx_word' id='word_1_54' title='bbox 935 569 1048 621; x_wconf 83' lang='lat' dir='ltr'><strong>vitii</strong></span> <span class='ocrx_word' id='word_1_55' title='bbox 1081 569 1200 622; x_wconf 83' lang='lat' dir='ltr'><strong>labe</strong></span> <span class='ocrx_word' id='word_1_56' title='bbox 1233 574 1601 631; x_wconf 80' lang='lat' dir='ltr'><strong>contraxerat,</strong></span> <span class='ocrx_word' id='word_1_57' title='bbox 1633 565 1830 635; x_wconf 88' lang='lat' dir='ltr'><strong>probro</strong></span> <span class='ocrx_word' id='word_1_58' title='bbox 1853 574 2130 635; x_wconf 80' lang='lat' dir='ltr'><strong>purgetur,</strong></span> 
     </span>
    </p>
   </div>
   <div class='ocr_carea' id='block_1_9' title="bbox 566 657 2135 728">
    <p class='ocr_par' dir='ltr' id='par_1_9' title="bbox 566 657 2135 728">
     <span class='ocr_line' id='line_1_9' title="bbox 566 657 2135 728; baseline -0.001 -18"><span class='ocrx_word' id='word_1_59' title='bbox 566 670 728 728; x_wconf 89' lang='lat' dir='ltr'><strong>atque</strong></span> <span class='ocrx_word' id='word_1_60' title='bbox 751 659 816 711; x_wconf 90' lang='lat' dir='ltr'><strong>ad</strong></span> <span class='ocrx_word' id='word_1_61' title='bbox 853 658 1089 710; x_wconf 84' lang='lat' dir='ltr'><strong>nativam</strong></span> <span class='ocrx_word' id='word_1_62' title='bbox 1124 658 1583 726; x_wconf 89' lang='lat' dir='ltr'><strong>pulchritudinem</strong></span> <span class='ocrx_word' id='word_1_63' title='bbox 1610 672 1860 710; x_wconf 75' lang='lat' dir='ltr'><strong>reversus</strong></span> <span class='ocrx_word' id='word_1_64' title='bbox 1887 657 2028 708; x_wconf 89' lang='lat' dir='ltr'><strong>velut</strong></span> <span class='ocrx_word' id='word_1_65' title='bbox 2049 670 2135 708; x_wconf 85' lang='lat' dir='ltr'><strong>re-</strong></span> 
     </span>
    </p>
   </div>
   <div class='ocr_carea' id='block_1_10' title="bbox 565 745 2131 818">
    <p class='ocr_par' dir='ltr' id='par_1_10' title="bbox 565 745 2131 818">
     <span class='ocr_line' id='line_1_10' title="bbox 565 745 2131 818; baseline -0.004 -16"><span class='ocrx_word' id='word_1_66' title='bbox 565 751 665 818; x_wconf 63' lang='lat' dir='ltr'><strong>gia&quot;:</strong></span> <span class='ocrx_word' id='word_1_67' title='bbox 693 749 909 818; x_wconf 81' lang='lat' dir='ltr'><strong>imagini</strong></span> <span class='ocrx_word' id='word_1_68' title='bbox 946 748 1174 802; x_wconf 81' lang='lat' dir='ltr'><strong>formam</strong></span> <span class='ocrx_word' id='word_1_69' title='bbox 1212 760 1440 802; x_wconf 81' lang='lat' dir='ltr'><strong>veterem</strong></span> <span class='ocrx_word' id='word_1_70' title='bbox 1478 763 1573 817; x_wconf 87' lang='lat' dir='ltr'><strong>per</strong></span> <span class='ocrx_word' id='word_1_71' title='bbox 1603 748 1889 816; x_wconf 84' lang='lat' dir='ltr'><strong>puritatem</strong></span> <span class='ocrx_word' id='word_1_72' title='bbox 1922 745 2131 809; x_wconf 87' lang='lat' dir='ltr'><strong>reddat,</strong></span> 
     </span>
    </p>
   </div>
   <div class='ocr_carea' id='block_1_11' title="bbox 566 837 2134 909">
    <p class='ocr_par' dir='ltr' id='par_1_11' title="bbox 566 837 2134 909">
     <span class='ocr_line' id='line_1_11' title="bbox 566 837 2134 909; baseline -0.001 -18"><span class='ocrx_word' id='word_1_73' title='bbox 566 841 667 892; x_wconf 93' lang='lat' dir='ltr'><strong>hoc</strong></span> <span class='ocrx_word' id='word_1_74' title='bbox 694 855 801 892; x_wconf 91' lang='lat' dir='ltr'><strong>uno</strong></span> <span class='ocrx_word' id='word_1_75' title='bbox 823 839 1038 892; x_wconf 89' lang='lat' dir='ltr'><strong>demum</strong></span> <span class='ocrx_word' id='word_1_76' title='bbox 1075 840 1233 892; x_wconf 84' lang='lat' dir='ltr'><strong>modo</strong></span> <span class='ocrx_word' id='word_1_77' title='bbox 1259 848 1438 909; x_wconf 82' lang='lat' dir='ltr'><strong>potest</strong></span> <span class='ocrx_word' id='word_1_78' title='bbox 1469 839 1534 892; x_wconf 90' lang='lat' dir='ltr'><strong>ad</strong></span> <span class='ocrx_word' id='word_1_79' title='bbox 1569 837 1901 891; x_wconf 74' lang='lat' dir='ltr'><strong>Pal-ueletqu</strong></span> <span class='ocrx_word' id='word_1_80' title='bbox 1940 852 2134 906; x_wconf 82' lang='lat' dir='ltr'><strong>appro-</strong></span> 
     </span>
    </p>
   </div>
   <div class='ocr_carea' id='block_1_12' title="bbox 564 926 2133 996">
    <p class='ocr_par' dir='ltr' id='par_1_12' title="bbox 564 926 2133 996">
     <span class='ocr_line' id='line_1_12' title="bbox 564 926 2133 996; baseline 0.001 -17"><span class='ocrx_word' id='word_1_81' title='bbox 564 927 851 996; x_wconf 89' lang='lat' dir='ltr'><strong>pinquare.</strong></span> <span class='ocrx_word' id='word_1_82' title='bbox 903 926 996 982; x_wconf 90' lang='lat' dir='ltr'><strong>Ille</strong></span> <span class='ocrx_word' id='word_1_83' title='bbox 1046 939 1260 993; x_wconf 90' lang='lat' dir='ltr'><strong>autem,</strong></span> <span class='ocrx_word' id='word_1_84' title='bbox 1306 928 1471 981; x_wconf 88' lang='lat' dir='ltr'><strong>veluti</strong></span> <span class='ocrx_word' id='word_1_85' title='bbox 1530 928 1644 990; x_wconf 90' lang='lat' dir='ltr'><strong>sol,</strong></span> <span class='ocrx_word' id='word_1_86' title='bbox 1699 942 1889 996; x_wconf 88' lang='lat' dir='ltr'><strong>purum</strong></span> <span class='ocrx_word' id='word_1_87' title='bbox 1940 933 2133 980; x_wconf 77' lang='lat' dir='ltr'><strong>nactus</strong></span> 
     </span>
    </p>
   </div>
   <div class='ocr_carea' id='block_1_13' title="bbox 564 1018 2129 1087">
    <p class='ocr_par' dir='ltr' id='par_1_13' title="bbox 564 1018 2129 1087">
     <span class='ocr_line' id='line_1_13' title="bbox 564 1018 2129 1087; baseline -0.002 -14"><span class='ocrx_word' id='word_1_88' title='bbox 564 1020 804 1081; x_wconf 91' lang='lat' dir='ltr'><strong>oculum,</strong></span> <span class='ocrx_word' id='word_1_89' title='bbox 841 1019 1091 1074; x_wconf 85' lang='lat' dir='ltr'><strong>ostendet</strong></span> <span class='ocrx_word' id='word_1_90' title='bbox 1125 1020 1220 1073; x_wconf 87' lang='lat' dir='ltr'><strong>tibi</strong></span> <span class='ocrx_word' id='word_1_91' title='bbox 1257 1020 1308 1072; x_wconf 89' lang='lat' dir='ltr'><strong>in</strong></span> <span class='ocrx_word' id='word_1_92' title='bbox 1333 1018 1516 1087; x_wconf 88' lang='lat' dir='ltr'><strong>seipso</strong></span> <span class='ocrx_word' id='word_1_93' title='bbox 1551 1019 1838 1087; x_wconf 75' lang='lat' dir='ltr'><strong>imaginem</strong></span> <span class='ocrx_word' id='word_1_94' title='bbox 1874 1019 2017 1071; x_wconf 89' lang='lat' dir='ltr'><strong>illius</strong></span> <span class='ocrx_word' id='word_1_95' title='bbox 2041 1019 2129 1087; x_wconf 92' lang='lat' dir='ltr'><strong>qui</strong></span> 
     </span>
    </p>
   </div>
   <div class='ocr_carea' id='block_1_14' title="bbox 565 1110 2133 1180">
    <p class='ocr_par' dir='ltr' id='par_1_14' title="bbox 565 1110 2133 1180">
     <span class='ocr_line' id='line_1_14' title="bbox 565 1110 2133 1180; baseline 0 -17"><span class='ocrx_word' id='word_1_96' title='bbox 565 1111 736 1165; x_wconf 88' lang='lat' dir='ltr'><strong>videri</strong></span> <span class='ocrx_word' id='word_1_97' title='bbox 774 1128 883 1166; x_wconf 88' lang='lat' dir='ltr'><strong>non</strong></span> <span class='ocrx_word' id='word_1_98' title='bbox 920 1120 1118 1180; x_wconf 88' lang='lat' dir='ltr'><strong>potest.</strong></span> <span class='ocrx_word' id='word_1_99' title='bbox 1162 1111 1217 1164; x_wconf 87' lang='lat' dir='ltr'><strong>in</strong></span> <span class='ocrx_word' id='word_1_100' title='bbox 1266 1111 1416 1165; x_wconf 85' lang='lat' dir='ltr'><strong>beata</strong></span> <span class='ocrx_word' id='word_1_101' title='bbox 1468 1121 1643 1163; x_wconf 81' lang='lat' dir='ltr'><strong>autem</strong></span> <span class='ocrx_word' id='word_1_102' title='bbox 1682 1110 1842 1178; x_wconf 87' lang='lat' dir='ltr'><strong>hujus</strong></span> <span class='ocrx_word' id='word_1_103' title='bbox 1881 1110 2133 1178; x_wconf 79' lang='lat' dir='ltr'><strong>imaginis</strong></span> 
     </span>
    </p>
   </div>
   <div class='ocr_carea' id='block_1_15' title="bbox 565 1201 2135 1272">
    <p class='ocr_par' dir='ltr' id='par_1_15' title="bbox 565 1201 2135 1272">
     <span class='ocr_line' id='line_1_15' title="bbox 565 1201 2135 1272; baseline 0 -18"><span class='ocrx_word' id='word_1_104' title='bbox 565 1203 1019 1272; x_wconf 84' lang='lat' dir='ltr'><strong>contemplatione</strong></span> <span class='ocrx_word' id='word_1_105' title='bbox 1061 1201 1271 1256; x_wconf 84' lang='lat' dir='ltr'><strong>videbis</strong></span> <span class='ocrx_word' id='word_1_106' title='bbox 1317 1203 1640 1255; x_wconf 59' lang='lat' dir='ltr'><strong>ineﬁ‘ahilem</strong></span> <span class='ocrx_word' id='word_1_107' title='bbox 1687 1201 1963 1270; x_wconf 82' lang='lat' dir='ltr'><strong>archetypi</strong></span> <span class='ocrx_word' id='word_1_108' title='bbox 2015 1202 2135 1270; x_wconf 86' lang='lat' dir='ltr'><strong>pul-</strong></span> 
     </span>
    </p>
   </div>
   <div class='ocr_carea' id='block_1_16' title="bbox 565 1290 2130 1356">
    <p class='ocr_par' dir='ltr' id='par_1_16' title="bbox 565 1290 2130 1356">
     <span class='ocr_line' id='line_1_16' title="bbox 565 1290 2130 1356; baseline -0.002 -11"><span class='ocrx_word' id='word_1_109' title='bbox 565 1290 945 1346; x_wconf 89' lang='lat' dir='ltr'><strong>chritudinem.</strong></span> <span class='ocrx_word' id='word_1_110' title='bbox 966 1290 1068 1346; x_wconf 88' lang='lat' dir='ltr'><strong>Per</strong></span> <span class='ocrx_word' id='word_1_111' title='bbox 1096 1291 1240 1344; x_wconf 90' lang='lat' dir='ltr'><strong>hunc</strong></span> <span class='ocrx_word' id='word_1_112' title='bbox 1273 1292 1435 1345; x_wconf 90' lang='lat' dir='ltr'><strong>corda</strong></span> <span class='ocrx_word' id='word_1_113' title='bbox 1474 1291 1832 1344; x_wconf 90' lang='lat' dir='ltr'><strong>sustolluntur</strong></span> <span class='ocrx_word' id='word_1_114' title='bbox 1862 1291 1914 1343; x_wconf 89' lang='lat' dir='ltr'><strong>in</strong></span> <span class='ocrx_word' id='word_1_115' title='bbox 1940 1291 2130 1356; x_wconf 91' lang='lat' dir='ltr'><strong>altum,</strong></span> 
     </span>
    </p>
   </div>
   <div class='ocr_carea' id='block_1_17' title="bbox 565 1381 2128 1451">
    <p class='ocr_par' dir='ltr' id='par_1_17' title="bbox 565 1381 2128 1451">
     <span class='ocr_line' id='line_1_17' title="bbox 565 1381 2128 1451; baseline 0.001 -17"><span class='ocrx_word' id='word_1_116' title='bbox 565 1396 728 1434; x_wconf 90' lang='lat' dir='ltr'><strong>manu</strong></span> <span class='ocrx_word' id='word_1_117' title='bbox 776 1381 1052 1434; x_wconf 89' lang='lat' dir='ltr'><strong>ducuntur</strong></span> <span class='ocrx_word' id='word_1_118' title='bbox 1087 1381 1322 1443; x_wconf 88' lang='lat' dir='ltr'><strong>inﬁrmi,</strong></span> <span class='ocrx_word' id='word_1_119' title='bbox 1370 1381 1717 1450; x_wconf 85' lang='lat' dir='ltr'><strong>proﬁcientes</strong></span> <span class='ocrx_word' id='word_1_120' title='bbox 1757 1382 2128 1451; x_wconf 89' lang='lat' dir='ltr'><strong>perﬁciuntur.</strong></span> 
     </span>
    </p>
   </div>
   <div class='ocr_carea' id='block_1_18' title="bbox 491 1469 2130 1550">
    <p class='ocr_par' dir='ltr' id='par_1_18' title="bbox 491 1469 2130 1550">
     <span class='ocr_line' id='line_1_18' title="bbox 491 1469 2130 1550; baseline 0.005 -28"><span class='ocrx_word' id='word_1_121' title='bbox 491 1547 494 1550; x_wconf 73' lang='lat'><strong><em>_</em></strong></span> <span class='ocrx_word' id='word_1_122' title='bbox 565 1469 665 1526; x_wconf 83' lang='lat' dir='ltr'><strong>llic</strong></span> <span class='ocrx_word' id='word_1_123' title='bbox 685 1474 764 1527; x_wconf 89' lang='lat' dir='ltr'><strong>eis</strong></span> <span class='ocrx_word' id='word_1_124' title='bbox 802 1473 897 1542; x_wconf 92' lang='lat' dir='ltr'><strong>qui</strong></span> <span class='ocrx_word' id='word_1_125' title='bbox 919 1473 986 1526; x_wconf 91' lang='lat' dir='ltr'><strong>ab</strong></span> <span class='ocrx_word' id='word_1_126' title='bbox 1010 1473 1159 1526; x_wconf 89' lang='lat' dir='ltr'><strong>omni</strong></span> <span class='ocrx_word' id='word_1_127' title='bbox 1190 1473 1349 1527; x_wconf 88' lang='lat' dir='ltr'><strong>sorde</strong></span> <span class='ocrx_word' id='word_1_128' title='bbox 1385 1475 1600 1542; x_wconf 74' lang='lat' dir='ltr'><strong>purgati</strong></span> <span class='ocrx_word' id='word_1_129' title='bbox 1632 1485 1758 1528; x_wconf 91' lang='lat' dir='ltr'><strong>sunt</strong></span> <span class='ocrx_word' id='word_1_130' title='bbox 1787 1477 2130 1543; x_wconf 90' lang='lat' dir='ltr'><strong>illucescens,</strong></span> 
     </span>
    </p>
   </div>
   <div class='ocr_carea' id='block_1_19' title="bbox 2224 557 3802 634">
    <p class='ocr_par' dir='ltr' id='par_1_19' title="bbox 2224 557 3802 634">
     <span class='ocr_line' id='line_1_19' title="bbox 2224 557 3802 634; baseline 0.006 -25"><span class='ocrx_word' id='word_1_131' title='bbox 2224 557 2573 628; x_wconf 72' lang='grc' dir='ltr'>ἠλλοτρίωσε.</span> <span class='ocrx_word' id='word_1_132' title='bbox 2610 560 2967 631; x_wconf 85' lang='grc' dir='ltr'>Καθαρθέντα</span> <span class='ocrx_word' id='word_1_133' title='bbox 3007 562 3068 634; x_wconf 86' lang='grc' dir='ltr'><strong>δὴ</strong></span> <span class='ocrx_word' id='word_1_134' title='bbox 3109 558 3201 616; x_wconf 82' lang='grc' dir='ltr'><strong>οῦν</strong></span> <span class='ocrx_word' id='word_1_135' title='bbox 3233 563 3340 616; x_wconf 75' lang='grc' dir='ltr'>ἀπὸ</span> <span class='ocrx_word' id='word_1_136' title='bbox 3373 563 3465 615; x_wconf 84' lang='grc' dir='ltr'><strong>τοῦ</strong></span> <span class='ocrx_word' id='word_1_137' title='bbox 3497 564 3739 634; x_wconf 74' lang='grc' dir='ltr'>αἴσχους,</span> <span class='ocrx_word' id='word_1_138' title='bbox 3772 565 3802 619; x_wconf 73' lang='grc' dir='ltr'><strong>ὃ</strong></span> 
     </span>
    </p>
   </div>
   <div class='ocr_carea' id='block_1_20' title="bbox 2226 650 3798 724">
    <p class='ocr_par' dir='ltr' id='par_1_20' title="bbox 2226 650 3798 724">
     <span class='ocr_line' id='line_1_20' title="bbox 2226 650 3798 724; baseline 0.004 -22"><span class='ocrx_word' id='word_1_139' title='bbox 2226 650 2532 718; x_wconf 77' lang='grc' dir='ltr'><strong>ἀνεμάξατο</strong></span> <span class='ocrx_word' id='word_1_140' title='bbox 2569 651 2657 704; x_wconf 86' lang='grc' dir='ltr'>διὰ</span> <span class='ocrx_word' id='word_1_141' title='bbox 2695 653 2792 721; x_wconf 83' lang='grc' dir='ltr'>τῆς</span> <span class='ocrx_word' id='word_1_142' title='bbox 2818 654 3035 718; x_wconf 80' lang='grc' dir='ltr'><strong>κακίας,</strong></span> <span class='ocrx_word' id='word_1_143' title='bbox 3080 657 3171 707; x_wconf 64' lang='grc' dir='ltr'><strong>καλ⁵</strong></span> <span class='ocrx_word' id='word_1_144' title='bbox 3208 655 3342 724; x_wconf 83' lang='grc' dir='ltr'>πρὸς</span> <span class='ocrx_word' id='word_1_145' title='bbox 3375 655 3435 707; x_wconf 81' lang='grc' dir='ltr'><strong>τὸ</strong></span> <span class='ocrx_word' id='word_1_146' title='bbox 3477 658 3542 708; x_wconf 81' lang='grc' dir='ltr'><strong>ἐκ</strong></span> <span class='ocrx_word' id='word_1_147' title='bbox 3582 657 3798 724; x_wconf 66' lang='grc' dir='ltr'>φύσεως</span> 
     </span>
    </p>
   </div>
   <div class='ocr_carea' id='block_1_21' title="bbox 2225 739 3799 815">
    <p class='ocr_par' dir='ltr' id='par_1_21' title="bbox 2225 739 3799 815">
     <span class='ocr_line' id='line_1_21' title="bbox 2225 739 3799 815; baseline 0.004 -24"><span class='ocrx_word' id='word_1_148' title='bbox 2225 739 2418 802; x_wconf 88' lang='grc' dir='ltr'>κάλλος</span> <span class='ocrx_word' id='word_1_149' title='bbox 2456 741 2834 805; x_wconf 77' lang='grc' dir='ltr'>ἐπανελθόντα,</span> <span class='ocrx_word' id='word_1_150' title='bbox 2889 744 2983 795; x_wconf 74' lang='grc' dir='ltr'>καὶ</span> <span class='ocrx_word' id='word_1_151' title='bbox 3030 740 3140 796; x_wconf 66' lang='grc' dir='ltr'>οἷον</span> <span class='ocrx_word' id='word_1_152' title='bbox 3179 745 3347 796; x_wconf 75' lang='grc' dir='ltr'>εἰκόνι</span> <span class='ocrx_word' id='word_1_153' title='bbox 3399 743 3649 815; x_wconf 76' lang='grc' dir='ltr'><strong>βασιλικῇ</strong></span> <span class='ocrx_word' id='word_1_154' title='bbox 3700 747 3799 815; x_wconf 67' lang='grc' dir='ltr'><strong>τὴν</strong></span> 
     </span>
    </p>
   </div>
   <div class='ocr_carea' id='block_1_22' title="bbox 2226 831 3799 907">
    <p class='ocr_par' dir='ltr' id='par_1_22' title="bbox 2226 831 3799 907">
     <span class='ocr_line' id='line_1_22' title="bbox 2226 831 3799 907; baseline 0.004 -24"><span class='ocrx_word' id='word_1_155' title='bbox 2226 831 2458 902; x_wconf 83' lang='grc' dir='ltr'>ἀρχαίαν</span> <span class='ocrx_word' id='word_1_156' title='bbox 2497 833 2710 904; x_wconf 72' lang='grc' dir='ltr'>μορφὴν</span> <span class='ocrx_word' id='word_1_157' title='bbox 2745 834 2831 887; x_wconf 79' lang='grc' dir='ltr'>διὰ</span> <span class='ocrx_word' id='word_1_158' title='bbox 2871 836 3242 907; x_wconf 74' lang='grc' dir='ltr'>καθαρότητος</span> <span class='ocrx_word' id='word_1_159' title='bbox 3290 839 3577 900; x_wconf 86' lang='grc' dir='ltr'>ἀποδόντα,</span> <span class='ocrx_word' id='word_1_160' title='bbox 3625 838 3799 900; x_wconf 75' lang='grc' dir='ltr'>οὕτως</span> 
     </span>
    </p>
   </div>
   <div class='ocr_carea' id='block_1_23' title="bbox 2227 914 3800 999">
    <p class='ocr_par' dir='ltr' id='par_1_23' title="bbox 2227 914 3800 999">
     <span class='ocr_line' id='line_1_23' title="bbox 2227 914 3800 999; baseline 0.003 -24"><span class='ocrx_word' id='word_1_161' title='bbox 2227 914 2341 976; x_wconf 74' lang='grc' dir='ltr'>ἐστὶ</span> <span class='ocrx_word' id='word_1_162' title='bbox 2367 925 2541 994; x_wconf 81' lang='grc' dir='ltr'>μόνως</span> <span class='ocrx_word' id='word_1_163' title='bbox 2563 927 2917 996; x_wconf 75' lang='grc' dir='ltr'>προσεγγίσαι</span> <span class='ocrx_word' id='word_1_164' title='bbox 2940 929 3017 998; x_wconf 80' lang='grc' dir='ltr'>τῷ</span> <span class='ocrx_word' id='word_1_165' title='bbox 3038 928 3398 999; x_wconf 77' lang='grc' dir='ltr'>Παρακλήτῳ.</span> <span class='ocrx_word' id='word_1_166' title='bbox 3432 930 3490 981; x_wconf 86' lang='lat'><strong>&#39;0</strong></span> <span class='ocrx_word' id='word_1_167' title='bbox 3519 929 3582 991; x_wconf 80' lang='grc' dir='ltr'>δ’,</span> <span class='ocrx_word' id='word_1_168' title='bbox 3610 929 3800 997; x_wconf 81' lang='grc' dir='ltr'>ὥσπερ</span> 
     </span>
    </p>
   </div>
   <div class='ocr_carea' id='block_1_24' title="bbox 2225 1013 3800 1088">
    <p class='ocr_par' dir='ltr' id='par_1_24' title="bbox 2225 1013 3800 1088">
     <span class='ocr_line' id='line_1_24' title="bbox 2225 1013 3800 1088; baseline 0.005 -24"><span class='ocrx_word' id='word_1_169' title='bbox 2225 1013 2393 1082; x_wconf 74' lang='grc' dir='ltr'>ἥλιος,</span> <span class='ocrx_word' id='word_1_170' title='bbox 2432 1014 2839 1086; x_wconf 80' lang='grc' dir='ltr'>κεκαθαρμένον</span> <span class='ocrx_word' id='word_1_171' title='bbox 2863 1017 3015 1087; x_wconf 78' lang='grc' dir='ltr'>ὄμμα</span> <span class='ocrx_word' id='word_1_172' title='bbox 3047 1019 3400 1088; x_wconf 75' lang='grc' dir='ltr'>παραλαϐὼν,</span> <span class='ocrx_word' id='word_1_173' title='bbox 3435 1018 3598 1085; x_wconf 77' lang='grc' dir='ltr'>δείξει</span> <span class='ocrx_word' id='word_1_174' title='bbox 3631 1037 3714 1072; x_wconf 87' lang='grc' dir='ltr'><strong>σοι</strong></span> <span class='ocrx_word' id='word_1_175' title='bbox 3745 1024 3800 1072; x_wconf 80' lang='grc' dir='ltr'><strong>ἐν</strong></span> 
     </span>
    </p>
   </div>
   <div class='ocr_carea' id='block_1_25' title="bbox 2229 1104 3800 1180">
    <p class='ocr_par' dir='ltr' id='par_1_25' title="bbox 2229 1104 3800 1180">
     <span class='ocr_line' id='line_1_25' title="bbox 2229 1104 3800 1180; baseline 0.004 -26"><span class='ocrx_word' id='word_1_176' title='bbox 2229 1104 2404 1173; x_wconf 81' lang='grc' dir='ltr'>ἑαυτῷ</span> <span class='ocrx_word' id='word_1_177' title='bbox 2441 1106 2540 1175; x_wconf 78' lang='grc' dir='ltr'><strong>τὴν</strong></span> <span class='ocrx_word' id='word_1_178' title='bbox 2575 1107 2755 1159; x_wconf 83' lang='grc' dir='ltr'>εἰκόνα</span> <span class='ocrx_word' id='word_1_179' title='bbox 2789 1110 2882 1162; x_wconf 90' lang='grc' dir='ltr'><strong>τοῦ</strong></span> <span class='ocrx_word' id='word_1_180' title='bbox 2925 1110 3176 1178; x_wconf 81' lang='grc' dir='ltr'>ἀοράτου.</span> <span class='ocrx_word' id='word_1_181' title='bbox 3219 1111 3304 1161; x_wconf 84' lang='grc' dir='ltr'>Ἐν</span> <span class='ocrx_word' id='word_1_182' title='bbox 3333 1110 3389 1162; x_wconf 78' lang='grc' dir='ltr'>δὲ</span> <span class='ocrx_word' id='word_1_183' title='bbox 3423 1111 3499 1180; x_wconf 82' lang='grc' dir='ltr'><strong>τῷ</strong></span> <span class='ocrx_word' id='word_1_184' title='bbox 3542 1112 3800 1180; x_wconf 79' lang='grc' dir='ltr'>μακαρίῳ</span> 
     </span>
    </p>
   </div>
   <div class='ocr_carea' id='block_1_26' title="bbox 2227 1193 3797 1271">
    <p class='ocr_par' dir='ltr' id='par_1_26' title="bbox 2227 1193 3797 1271">
     <span class='ocr_line' id='line_1_26' title="bbox 2227 1193 3797 1271; baseline 0.006 -28"><span class='ocrx_word' id='word_1_185' title='bbox 2227 1193 2325 1262; x_wconf 80' lang='grc' dir='ltr'>τῆς</span> <span class='ocrx_word' id='word_1_186' title='bbox 2353 1195 2558 1258; x_wconf 81' lang='grc' dir='ltr'>εἰκόνος</span> <span class='ocrx_word' id='word_1_187' title='bbox 2584 1196 2814 1266; x_wconf 83' lang='grc' dir='ltr'>θεάματι</span> <span class='ocrx_word' id='word_1_188' title='bbox 2850 1197 2910 1250; x_wconf 89' lang='grc' dir='ltr'><strong>τὸ</strong></span> <span class='ocrx_word' id='word_1_189' title='bbox 2941 1199 3175 1268; x_wconf 78' lang='grc' dir='ltr'>ἄρρητον</span> <span class='ocrx_word' id='word_1_190' title='bbox 3208 1199 3328 1269; x_wconf 66' lang='grc' dir='ltr'>ὄψει</span> <span class='ocrx_word' id='word_1_191' title='bbox 3359 1199 3453 1252; x_wconf 88' lang='grc' dir='ltr'><strong>τοῦ</strong></span> <span class='ocrx_word' id='word_1_192' title='bbox 3487 1202 3797 1271; x_wconf 74' lang='grc' dir='ltr'>ἀρχετύπου</span> 
     </span>
    </p>
   </div>
   <div class='ocr_carea' id='block_1_27' title="bbox 2228 1284 3798 1361">
    <p class='ocr_par' dir='ltr' id='par_1_27' title="bbox 2228 1284 3798 1361">
     <span class='ocr_line' id='line_1_27' title="bbox 2228 1284 3798 1361; baseline 0.006 -26"><span class='ocrx_word' id='word_1_193' title='bbox 2228 1284 2444 1348; x_wconf 80' lang='grc' dir='ltr'>κάλλος.</span> <span class='ocrx_word' id='word_1_194' title='bbox 2475 1285 2574 1338; x_wconf 84' lang='grc' dir='ltr'><strong>Διὰ</strong></span> <span class='ocrx_word' id='word_1_195' title='bbox 2599 1287 2785 1339; x_wconf 89' lang='grc' dir='ltr'>τούτου</span> <span class='ocrx_word' id='word_1_196' title='bbox 2827 1289 3063 1359; x_wconf 81' lang='grc' dir='ltr'>καρδιῶν</span> <span class='ocrx_word' id='word_1_197' title='bbox 3091 1290 3349 1353; x_wconf 79' lang='grc' dir='ltr'>ἀνάϐασις</span> <span class='ocrx_word' id='word_1_198' title='bbox 3375 1331 3390 1354; x_wconf 89' lang='grc'><strong>,</strong></span> <span class='ocrx_word' id='word_1_199' title='bbox 3529 1309 3798 1361; x_wconf 82' lang='grc' dir='ltr'>χειραγω-</span> 
     </span>
    </p>
   </div>
   <div class='ocr_carea' id='block_1_28' title="bbox 2228 1373 3795 1450">
    <p class='ocr_par' dir='ltr' id='par_1_28' title="bbox 2228 1373 3795 1450">
     <span class='ocr_line' id='line_1_28' title="bbox 2228 1373 3795 1450; baseline 0.009 -26"><span class='ocrx_word' id='word_1_200' title='bbox 2228 1373 2320 1438; x_wconf 80' lang='grc' dir='ltr'><strong>γία</strong></span> <span class='ocrx_word' id='word_1_201' title='bbox 2346 1375 2452 1427; x_wconf 88' lang='grc' dir='ltr'><strong>τῶν</strong></span> <span class='ocrx_word' id='word_1_202' title='bbox 2483 1376 2868 1443; x_wconf 81' lang='grc' dir='ltr'>ἀσθενούντων,</span> <span class='ocrx_word' id='word_1_203' title='bbox 2902 1378 3010 1431; x_wconf 87' lang='grc' dir='ltr'><strong>τῶν</strong></span> <span class='ocrx_word' id='word_1_204' title='bbox 3045 1379 3461 1450; x_wconf 82' lang='grc' dir='ltr'>προκοπτόντων</span> <span class='ocrx_word' id='word_1_205' title='bbox 3495 1381 3795 1446; x_wconf 83' lang='grc' dir='ltr'>τελείωσις.</span> 
     </span>
    </p>
   </div>
   <div class='ocr_carea' id='block_1_29' title="bbox 2230 1462 3800 1540">
    <p class='ocr_par' dir='ltr' id='par_1_29' title="bbox 2230 1462 3800 1540">
     <span class='ocr_line' id='line_1_29' title="bbox 2230 1462 3800 1540; baseline 0.007 -27"><span class='ocrx_word' id='word_1_206' title='bbox 2230 1462 2420 1526; x_wconf 88' lang='grc' dir='ltr'>Τοῦτο,</span> <span class='ocrx_word' id='word_1_207' title='bbox 2455 1467 2567 1527; x_wconf 85' lang='grc' dir='ltr'>τοῖς</span> <span class='ocrx_word' id='word_1_208' title='bbox 2613 1466 2720 1518; x_wconf 83' lang='grc' dir='ltr'><strong>ἀπὸ</strong></span> <span class='ocrx_word' id='word_1_209' title='bbox 2760 1467 2940 1536; x_wconf 80' lang='grc' dir='ltr'>πάσης</span> <span class='ocrx_word' id='word_1_210' title='bbox 2988 1468 3204 1536; x_wconf 84' lang='grc' dir='ltr'>κηλίδος</span> <span class='ocrx_word' id='word_1_211' title='bbox 3242 1469 3677 1540; x_wconf 87' lang='grc' dir='ltr'>κεκαθαρμένοις</span> <span class='ocrx_word' id='word_1_212' title='bbox 3714 1473 3800 1524; x_wconf 82' lang='grc' dir='ltr'><strong>ἐλ-</strong></span> 
     </span>
    </p>
   </div>
   <div class='ocr_carea' id='block_1_30' title="bbox 566 1551 2131 1649">
    <p class='ocr_par' dir='ltr' id='par_1_30' title="bbox 566 1552 2131 1635">
     <span class='ocr_line' id='line_1_30' title="bbox 566 1552 2131 1635; baseline 0.002 -18"><span class='ocrx_word' id='word_1_213' title='bbox 566 1579 662 1633; x_wconf 90' lang='lat' dir='ltr'><strong>per</strong></span> <span class='ocrx_word' id='word_1_214' title='bbox 687 1564 1126 1618; x_wconf 90' lang='lat' dir='ltr'><strong>communionem</strong></span> <span class='ocrx_word' id='word_1_215' title='bbox 1153 1579 1314 1633; x_wconf 90' lang='lat' dir='ltr'><strong>quam</strong></span> <span class='ocrx_word' id='word_1_216' title='bbox 1341 1552 1462 1619; x_wconf 71' lang='lat' dir='ltr'><strong>cum</strong></span> <span class='ocrx_word' id='word_1_217' title='bbox 1497 1565 1611 1634; x_wconf 90' lang='lat' dir='ltr'><strong>ipso</strong></span> <span class='ocrx_word' id='word_1_218' title='bbox 1634 1567 1854 1632; x_wconf 89' lang='lat' dir='ltr'><strong>habent,</strong></span> <span class='ocrx_word' id='word_1_219' title='bbox 1878 1567 2131 1635; x_wconf 87' lang='lat' dir='ltr'><strong>spiritua-</strong></span> 
     </span>
    </p>
   </div>
   <div class='ocr_carea' id='block_1_31' title="bbox 2230 1551 3799 1649">
    <p class='ocr_par' dir='ltr' id='par_1_31' title="bbox 2230 1551 3799 1629">
     <span class='ocr_line' id='line_1_31' title="bbox 2230 1551 3799 1629; baseline 0.005 -23"><span class='ocrx_word' id='word_1_220' title='bbox 2230 1551 2460 1624; x_wconf 85' lang='grc' dir='ltr'>λάμπον,</span> <span class='ocrx_word' id='word_1_221' title='bbox 2501 1558 2564 1625; x_wconf 81' lang='grc' dir='ltr'>τῇ</span> <span class='ocrx_word' id='word_1_222' title='bbox 2601 1557 2736 1626; x_wconf 82' lang='grc' dir='ltr'>πρὸς</span> <span class='ocrx_word' id='word_1_223' title='bbox 2757 1558 2915 1609; x_wconf 80' lang='grc' dir='ltr'>ἑαυτὸ</span> <span class='ocrx_word' id='word_1_224' title='bbox 2944 1558 3195 1628; x_wconf 80' lang='grc' dir='ltr'>κοινωνίᾳ</span> <span class='ocrx_word' id='word_1_225' title='bbox 3231 1561 3635 1629; x_wconf 78' lang='grc' dir='ltr'>πνευματικοὺς</span> <span class='ocrx_word' id='word_1_226' title='bbox 3666 1561 3799 1614; x_wconf 80' lang='grc' dir='ltr'>ἀπο-</span> 
     </span>
    </p>
   </div>
   <div class='ocr_carea' id='block_1_32' title="bbox 567 1654 2132 1725">
    <p class='ocr_par' dir='ltr' id='par_1_32' title="bbox 567 1654 2132 1725">
     <span class='ocr_line' id='line_1_32' title="bbox 567 1654 2132 1725; baseline 0.001 -17"><span class='ocrx_word' id='word_1_227' title='bbox 567 1654 646 1708; x_wconf 89' lang='lat' dir='ltr'><strong>les</strong></span> <span class='ocrx_word' id='word_1_228' title='bbox 678 1655 870 1708; x_wconf 87' lang='lat' dir='ltr'><strong>reddit.</strong></span> <span class='ocrx_word' id='word_1_229' title='bbox 905 1654 970 1706; x_wconf 88' lang='lat' dir='ltr'><strong>Et</strong></span> <span class='ocrx_word' id='word_1_230' title='bbox 991 1654 1444 1723; x_wconf 86' lang='lat' dir='ltr'><strong>quemadmodum</strong></span> <span class='ocrx_word' id='word_1_231' title='bbox 1475 1671 1705 1724; x_wconf 87' lang='lat' dir='ltr'><strong>corpora</strong></span> <span class='ocrx_word' id='word_1_232' title='bbox 1739 1656 1927 1719; x_wconf 88' lang='lat' dir='ltr'><strong>nitida,</strong></span> <span class='ocrx_word' id='word_1_233' title='bbox 1964 1657 2132 1725; x_wconf 82' lang='lat' dir='ltr'><strong>pellu-</strong></span> 
     </span>
    </p>
   </div>
   <div class='ocr_carea' id='block_1_33' title="bbox 566 1746 2132 1818">
    <p class='ocr_par' dir='ltr' id='par_1_33' title="bbox 566 1746 2132 1818">
     <span class='ocr_line' id='line_1_33' title="bbox 566 1746 2132 1818; baseline 0.003 -18"><span class='ocrx_word' id='word_1_234' title='bbox 566 1746 816 1814; x_wconf 89' lang='lat' dir='ltr'><strong>cidaque,</strong></span> <span class='ocrx_word' id='word_1_235' title='bbox 842 1753 1092 1800; x_wconf 90' lang='lat' dir='ltr'><strong>contacta</strong></span> <span class='ocrx_word' id='word_1_236' title='bbox 1127 1746 1297 1812; x_wconf 84' lang='lat' dir='ltr'><strong>radio,</strong></span> <span class='ocrx_word' id='word_1_237' title='bbox 1335 1747 1467 1801; x_wconf 87' lang='lat' dir='ltr'><strong>ﬁunt</strong></span> <span class='ocrx_word' id='word_1_238' title='bbox 1488 1757 1540 1802; x_wconf 91' lang='lat' dir='ltr'><strong>et</strong></span> <span class='ocrx_word' id='word_1_239' title='bbox 1573 1749 1689 1818; x_wconf 88' lang='lat' dir='ltr'><strong>ipsa</strong></span> <span class='ocrx_word' id='word_1_240' title='bbox 1720 1765 1883 1818; x_wconf 87' lang='lat' dir='ltr'><strong>supra</strong></span> <span class='ocrx_word' id='word_1_241' title='bbox 1915 1750 2132 1804; x_wconf 88' lang='lat' dir='ltr'><strong>modum</strong></span> 
     </span>
    </p>
   </div>
   <div class='ocr_carea' id='block_1_34' title="bbox 569 1835 2132 1908">
    <p class='ocr_par' dir='ltr' id='par_1_34' title="bbox 569 1835 2132 1908">
     <span class='ocr_line' id='line_1_34' title="bbox 569 1835 2132 1908; baseline 0.003 -20"><span class='ocrx_word' id='word_1_242' title='bbox 569 1835 871 1904; x_wconf 89' lang='lat' dir='ltr'><strong>splendida,</strong></span> <span class='ocrx_word' id='word_1_243' title='bbox 925 1842 978 1888; x_wconf 90' lang='lat' dir='ltr'><strong>et</strong></span> <span class='ocrx_word' id='word_1_244' title='bbox 1008 1835 1172 1888; x_wconf 89' lang='lat' dir='ltr'><strong>alium</strong></span> <span class='ocrx_word' id='word_1_245' title='bbox 1224 1835 1486 1905; x_wconf 79' lang='lat' dir='ltr'><strong>fulgorem</strong></span> <span class='ocrx_word' id='word_1_246' title='bbox 1518 1853 1582 1892; x_wconf 82' lang='lat' dir='ltr'><strong>cx</strong></span> <span class='ocrx_word' id='word_1_247' title='bbox 1608 1854 1728 1893; x_wconf 87' lang='lat' dir='ltr'><strong>sese</strong></span> <span class='ocrx_word' id='word_1_248' title='bbox 1776 1838 2132 1908; x_wconf 84' lang='lat' dir='ltr'><strong>profundunt,</strong></span> 
     </span>
    </p>
   </div>
   <div class='ocr_carea' id='block_1_35' title="bbox 571 1922 2135 1999">
    <p class='ocr_par' dir='ltr' id='par_1_35' title="bbox 571 1922 2135 1999">
     <span class='ocr_line' id='line_1_35' title="bbox 571 1922 2135 1999; baseline 0.005 -23"><span class='ocrx_word' id='word_1_249' title='bbox 571 1924 643 1976; x_wconf 87' lang='lat' dir='ltr'><strong>ita</strong></span> <span class='ocrx_word' id='word_1_250' title='bbox 670 1927 863 1977; x_wconf 75' lang='lat' dir='ltr'><strong>animm</strong></span> <span class='ocrx_word' id='word_1_251' title='bbox 903 1940 1023 1993; x_wconf 73' lang='lat' dir='ltr'><strong>qua:</strong></span> <span class='ocrx_word' id='word_1_252' title='bbox 1066 1922 1324 1992; x_wconf 88' lang='lat' dir='ltr'><strong>Spiritum</strong></span> <span class='ocrx_word' id='word_1_253' title='bbox 1361 1925 1570 1990; x_wconf 80' lang='lat' dir='ltr'><strong>ferunt,</strong></span> <span class='ocrx_word' id='word_1_254' title='bbox 1613 1928 2066 1999; x_wconf 86' lang='lat' dir='ltr'><strong>illustranturque</strong></span> <span class='ocrx_word' id='word_1_255' title='bbox 2103 1945 2135 1984; x_wconf 86' lang='lat' dir='ltr'><strong>a</strong></span> 
     </span>
    </p>
   </div>
   <div class='ocr_carea' id='block_1_36' title="bbox 570 2009 2132 2089">
    <p class='ocr_par' dir='ltr' id='par_1_36' title="bbox 570 2009 2132 2089">
     <span class='ocr_line' id='line_1_36' title="bbox 570 2009 2132 2089; baseline 0.006 -25"><span class='ocrx_word' id='word_1_256' title='bbox 570 2009 801 2081; x_wconf 89' lang='lat' dir='ltr'><strong>Spiritu,</strong></span> <span class='ocrx_word' id='word_1_257' title='bbox 825 2013 958 2066; x_wconf 88' lang='lat' dir='ltr'><strong>ﬁunt</strong></span> <span class='ocrx_word' id='word_1_258' title='bbox 983 2023 1034 2068; x_wconf 89' lang='lat' dir='ltr'><strong>et</strong></span> <span class='ocrx_word' id='word_1_259' title='bbox 1067 2015 1197 2082; x_wconf 83' lang='lat' dir='ltr'><strong>ipsae</strong></span> <span class='ocrx_word' id='word_1_260' title='bbox 1221 2015 1552 2083; x_wconf 88' lang='lat' dir='ltr'><strong>spirituales,</strong></span> <span class='ocrx_word' id='word_1_261' title='bbox 1578 2027 1631 2071; x_wconf 89' lang='lat' dir='ltr'><strong>et</strong></span> <span class='ocrx_word' id='word_1_262' title='bbox 1671 2018 1723 2070; x_wconf 92' lang='lat' dir='ltr'><strong>in</strong></span> <span class='ocrx_word' id='word_1_263' title='bbox 1745 2019 1880 2074; x_wconf 87' lang='lat' dir='ltr'><strong>alios</strong></span> <span class='ocrx_word' id='word_1_264' title='bbox 1903 2021 2132 2089; x_wconf 85' lang='lat' dir='ltr'><strong>gratiam</strong></span> 
     </span>
    </p>
   </div>
   <div class='ocr_carea' id='block_1_37' title="bbox 566 2104 2132 2178">
    <p class='ocr_par' dir='ltr' id='par_1_37' title="bbox 566 2104 2132 2178">
     <span class='ocr_line' id='line_1_37' title="bbox 566 2104 2132 2178; baseline 0.003 -20"><span class='ocrx_word' id='word_1_265' title='bbox 566 2105 841 2158; x_wconf 86' lang='lat' dir='ltr'><strong>emittunt.</strong></span> <span class='ocrx_word' id='word_1_266' title='bbox 874 2104 1010 2158; x_wconf 83' lang='lat' dir='ltr'><strong>Hine</strong></span> <span class='ocrx_word' id='word_1_267' title='bbox 1036 2105 1343 2158; x_wconf 85' lang='lat' dir='ltr'><strong>futurorum</strong></span> <span class='ocrx_word' id='word_1_268' title='bbox 1371 2107 1730 2174; x_wconf 57' lang='lat' dir='ltr'><strong>pra‘scientia,</strong></span> <span class='ocrx_word' id='word_1_269' title='bbox 1752 2109 2132 2178; x_wconf 83' lang='lat' dir='ltr'><strong>mysteriorum</strong></span> 
     </span>
    </p>
   </div>
   <div class='ocr_carea' id='block_1_38' title="bbox 566 2195 2134 2266">
    <p class='ocr_par' dir='ltr' id='par_1_38' title="bbox 566 2195 2134 2266">
     <span class='ocr_line' id='line_1_38' title="bbox 566 2195 2134 2266; baseline 0.004 -18"><span class='ocrx_word' id='word_1_270' title='bbox 566 2195 954 2265; x_wconf 82' lang='lat' dir='ltr'><strong>intelligentia,</strong></span> <span class='ocrx_word' id='word_1_271' title='bbox 996 2197 1332 2250; x_wconf 85' lang='lat' dir='ltr'><strong>occultorum</strong></span> <span class='ocrx_word' id='word_1_272' title='bbox 1379 2199 1825 2266; x_wconf 90' lang='lat' dir='ltr'><strong>comprehensio,</strong></span> <span class='ocrx_word' id='word_1_273' title='bbox 1870 2201 2134 2255; x_wconf 90' lang='lat' dir='ltr'><strong>donorum</strong></span> 
     </span>
    </p>
   </div>
   <div class='ocr_carea' id='block_1_39' title="bbox 567 2284 2136 2362">
    <p class='ocr_par' dir='ltr' id='par_1_39' title="bbox 567 2284 2136 2362">
     <span class='ocr_line' id='line_1_39' title="bbox 567 2284 2136 2362; baseline 0.006 -25"><span class='ocrx_word' id='word_1_274' title='bbox 567 2284 1006 2348; x_wconf 81' lang='lat' dir='ltr'><strong>distributiones,</strong></span> <span class='ocrx_word' id='word_1_275' title='bbox 1047 2288 1289 2341; x_wconf 75' lang='lat' dir='ltr'><strong>caelestis</strong></span> <span class='ocrx_word' id='word_1_276' title='bbox 1340 2291 1686 2344; x_wconf 86' lang='lat' dir='ltr'><strong>conversatio</strong></span> <span class='ocrx_word' id='word_1_277' title='bbox 1711 2330 1725 2353; x_wconf 97' lang='lat'><strong>,</strong></span> <span class='ocrx_word' id='word_1_278' title='bbox 1767 2306 1889 2344; x_wconf 89' lang='lat' dir='ltr'><strong>cum</strong></span> <span class='ocrx_word' id='word_1_279' title='bbox 1929 2293 2136 2362; x_wconf 81' lang='lat' dir='ltr'><strong>angelis</strong></span> 
     </span>
    </p>
   </div>
   <div class='ocr_carea' id='block_1_40' title="bbox 566 2375 2134 2446">
    <p class='ocr_par' dir='ltr' id='par_1_40' title="bbox 566 2375 2134 2446">
     <span class='ocr_line' id='line_1_40' title="bbox 566 2375 2134 2446; baseline 0.003 -17"><span class='ocrx_word' id='word_1_280' title='bbox 566 2376 762 2429; x_wconf 87' lang='lat' dir='ltr'><strong>chorea</strong></span> <span class='ocrx_word' id='word_1_281' title='bbox 794 2394 806 2430; x_wconf 89' lang='lat'><strong>:</strong></span> <span class='ocrx_word' id='word_1_282' title='bbox 842 2376 966 2428; x_wconf 92' lang='lat' dir='ltr'><strong>hinc</strong></span> <span class='ocrx_word' id='word_1_283' title='bbox 991 2375 1244 2446; x_wconf 80' lang='lat' dir='ltr'><strong>gaudium</strong></span> <span class='ocrx_word' id='word_1_284' title='bbox 1275 2393 1552 2446; x_wconf 88' lang='lat' dir='ltr'><strong>nunquam</strong></span> <span class='ocrx_word' id='word_1_285' title='bbox 1589 2377 1902 2443; x_wconf 86' lang='lat' dir='ltr'><strong>ﬁniendum,</strong></span> <span class='ocrx_word' id='word_1_286' title='bbox 1930 2380 2056 2435; x_wconf 90' lang='lat' dir='ltr'><strong>hinc</strong></span> <span class='ocrx_word' id='word_1_287' title='bbox 2079 2383 2134 2434; x_wconf 88' lang='lat' dir='ltr'><strong>in</strong></span> 
     </span>
    </p>
   </div>
   <div class='ocr_carea' id='block_1_41' title="bbox 568 2469 2136 2540">
    <p class='ocr_par' dir='ltr' id='par_1_41' title="bbox 568 2469 2136 2540">
     <span class='ocr_line' id='line_1_41' title="bbox 568 2469 2136 2540; baseline 0.004 -20"><span class='ocrx_word' id='word_1_288' title='bbox 568 2469 676 2521; x_wconf 92' lang='lat' dir='ltr'><strong>Deo</strong></span> <span class='ocrx_word' id='word_1_289' title='bbox 709 2469 1129 2536; x_wconf 86' lang='lat' dir='ltr'><strong>perseverantia,</strong></span> <span class='ocrx_word' id='word_1_290' title='bbox 1162 2469 1289 2522; x_wconf 86' lang='lat' dir='ltr'><strong>hinc</strong></span> <span class='ocrx_word' id='word_1_291' title='bbox 1317 2469 1617 2523; x_wconf 89' lang='lat' dir='ltr'><strong>similitudo</strong></span> <span class='ocrx_word' id='word_1_292' title='bbox 1645 2486 1766 2522; x_wconf 89' lang='lat' dir='ltr'><strong>cum</strong></span> <span class='ocrx_word' id='word_1_293' title='bbox 1792 2471 1919 2535; x_wconf 89' lang='lat' dir='ltr'><strong>Deo,</strong></span> <span class='ocrx_word' id='word_1_294' title='bbox 1944 2479 1997 2525; x_wconf 90' lang='lat' dir='ltr'><strong>et</strong></span> <span class='ocrx_word' id='word_1_295' title='bbox 2028 2489 2136 2540; x_wconf 87' lang='lat' dir='ltr'><strong>quo</strong></span> 
     </span>
    </p>
   </div>
   <div class='ocr_carea' id='block_1_42' title="bbox 566 2558 2131 2628">
    <p class='ocr_par' dir='ltr' id='par_1_42' title="bbox 566 2558 2131 2628">
     <span class='ocr_line' id='line_1_42' title="bbox 566 2558 2131 2628; baseline 0.006 -18"><span class='ocrx_word' id='word_1_296' title='bbox 566 2558 698 2611; x_wconf 91' lang='lat' dir='ltr'><strong>nihil</strong></span> <span class='ocrx_word' id='word_1_297' title='bbox 728 2560 1015 2613; x_wconf 77' lang='lat' dir='ltr'><strong>sublimius</strong></span> <span class='ocrx_word' id='word_1_298' title='bbox 1049 2560 1221 2627; x_wconf 77' lang='lat' dir='ltr'><strong>expeti</strong></span> <span class='ocrx_word' id='word_1_299' title='bbox 1266 2568 1463 2628; x_wconf 85' lang='lat' dir='ltr'><strong>potest,</strong></span> <span class='ocrx_word' id='word_1_300' title='bbox 1496 2560 1620 2614; x_wconf 90' lang='lat' dir='ltr'><strong>hinc</strong></span> <span class='ocrx_word' id='word_1_301' title='bbox 1652 2568 1736 2615; x_wconf 89' lang='lat' dir='ltr'><strong>est</strong></span> <span class='ocrx_word' id='word_1_302' title='bbox 1767 2569 1824 2614; x_wconf 89' lang='lat' dir='ltr'><strong>ut</strong></span> <span class='ocrx_word' id='word_1_303' title='bbox 1851 2563 1984 2616; x_wconf 90' lang='lat' dir='ltr'><strong>deus</strong></span> <span class='ocrx_word' id='word_1_304' title='bbox 2016 2565 2131 2618; x_wconf 82' lang='lat' dir='ltr'><strong>tias.</strong></span> 
     </span>
    </p>
   </div>
   <div class='ocr_carea' id='block_1_43' title="bbox 564 2734 2129 2806">
    <p class='ocr_par' dir='ltr' id='par_1_43' title="bbox 564 2734 2129 2806">
     <span class='ocr_line' id='line_1_43' title="bbox 564 2734 2129 2806; baseline 0.001 -19"><span class='ocrx_word' id='word_1_305' title='bbox 564 2734 816 2806; x_wconf 68' lang='lat' dir='ltr'><strong>Ejusdem</strong></span> <span class='ocrx_word' id='word_1_306' title='bbox 850 2736 1098 2790; x_wconf 76' lang='lat' dir='ltr'><strong>adversus</strong></span> <span class='ocrx_word' id='word_1_307' title='bbox 1134 2753 1218 2789; x_wconf 77' lang='lat' dir='ltr'><strong>eos</strong></span> <span class='ocrx_word' id='word_1_308' title='bbox 1251 2739 1537 2805; x_wconf 70' lang='lat' dir='ltr'><strong>quitticunt</strong></span> <span class='ocrx_word' id='word_1_309' title='bbox 1572 2754 1671 2790; x_wconf 85' lang='lat' dir='ltr'><strong>non</strong></span> <span class='ocrx_word' id='word_1_310' title='bbox 1706 2750 1944 2806; x_wconf 80' lang='lat' dir='ltr'><strong>oportere</strong></span> <span class='ocrx_word' id='word_1_311' title='bbox 1983 2737 2129 2789; x_wconf 81' lang='lat' dir='ltr'><strong>Patri</strong></span> 
     </span>
    </p>
   </div>
   <div class='ocr_carea' id='block_1_44' title="bbox 661 2804 2024 2876">
    <p class='ocr_par' dir='ltr' id='par_1_44' title="bbox 661 2804 2024 2876">
     <span class='ocr_line' id='line_1_44' title="bbox 661 2804 2024 2876; baseline 0.003 -20"><span class='ocrx_word' id='word_1_312' title='bbox 661 2815 707 2856; x_wconf 87' lang='lat' dir='ltr'><strong>et</strong></span> <span class='ocrx_word' id='word_1_313' title='bbox 734 2804 874 2857; x_wconf 77' lang='lat' dir='ltr'><strong>Filio</strong></span> <span class='ocrx_word' id='word_1_314' title='bbox 897 2807 1184 2876; x_wconf 84' lang='lat' dir='ltr'><strong>adjuugere</strong></span> <span class='ocrx_word' id='word_1_315' title='bbox 1207 2804 1467 2874; x_wconf 74' lang='lat' dir='ltr'><strong>Spiritum</strong></span> <span class='ocrx_word' id='word_1_316' title='bbox 1491 2804 1753 2859; x_wconf 72' lang='lat' dir='ltr'><strong>sanctum.</strong></span> <span class='ocrx_word' id='word_1_317' title='bbox 1780 2808 1911 2875; x_wconf 78' lang='lat' dir='ltr'><strong>Cap.</strong></span> <span class='ocrx_word' id='word_1_318' title='bbox 1942 2809 2024 2860; x_wconf 84' lang='lat' dir='ltr'><strong>l0.</strong></span> 
     </span>
    </p>
   </div>
   <div class='ocr_carea' id='block_1_45' title="bbox 634 2893 2134 2968">
    <p class='ocr_par' dir='ltr' id='par_1_45' title="bbox 634 2893 2134 2968">
     <span class='ocr_line' id='line_1_45' title="bbox 634 2893 2134 2968; baseline 0.004 -22"><span class='ocrx_word' id='word_1_319' title='bbox 634 2893 1001 2961; x_wconf 81' lang='lat' dir='ltr'><strong>Nonoporlet,</strong></span> <span class='ocrx_word' id='word_1_320' title='bbox 1035 2898 1304 2964; x_wconf 87' lang='lat' dir='ltr'><strong>inquiunt,</strong></span> <span class='ocrx_word' id='word_1_321' title='bbox 1372 2896 1516 2948; x_wconf 85' lang='lat' dir='ltr'><strong>Patri</strong></span> <span class='ocrx_word' id='word_1_322' title='bbox 1580 2906 1634 2950; x_wconf 85' lang='lat' dir='ltr'><strong>et</strong></span> <span class='ocrx_word' id='word_1_323' title='bbox 1685 2896 1820 2950; x_wconf 78' lang='lat' dir='ltr'><strong>Filio</strong></span> <span class='ocrx_word' id='word_1_324' title='bbox 1873 2898 2134 2968; x_wconf 64' lang='lat' dir='ltr'><strong>adjuugeo</strong></span> 
     </span>
    </p>
   </div>
   <div class='ocr_carea' id='block_1_46' title="bbox 2227 1644 3798 1721">
    <p class='ocr_par' dir='ltr' id='par_1_46' title="bbox 2227 1644 3798 1721">
     <span class='ocr_line' id='line_1_46' title="bbox 2227 1644 3798 1721; baseline 0.004 -23"><span class='ocrx_word' id='word_1_325' title='bbox 2227 1644 2484 1700; x_wconf 85' lang='grc' dir='ltr'>δείκνυσι.</span> <span class='ocrx_word' id='word_1_326' title='bbox 2528 1647 2635 1699; x_wconf 71' lang='grc' dir='ltr'><strong>Καὶ</strong></span> <span class='ocrx_word' id='word_1_327' title='bbox 2677 1646 2864 1718; x_wconf 77' lang='grc' dir='ltr'>ὥσπερ</span> <span class='ocrx_word' id='word_1_328' title='bbox 2903 1647 2973 1700; x_wconf 85' lang='grc' dir='ltr'><strong>τά</strong></span> <span class='ocrx_word' id='word_1_329' title='bbox 3013 1648 3241 1717; x_wconf 83' lang='grc' dir='ltr'>λαμπρά</span> <span class='ocrx_word' id='word_1_330' title='bbox 3281 1651 3374 1702; x_wconf 78' lang='grc' dir='ltr'>καὶ</span> <span class='ocrx_word' id='word_1_331' title='bbox 3419 1650 3652 1721; x_wconf 84' lang='grc' dir='ltr'>διαφανῆ</span> <span class='ocrx_word' id='word_1_332' title='bbox 3690 1651 3798 1704; x_wconf 86' lang='grc' dir='ltr'><strong>τῶν</strong></span> 
     </span>
    </p>
   </div>
   <div class='ocr_carea' id='block_1_47' title="bbox 2230 1735 3798 1808">
    <p class='ocr_par' dir='ltr' id='par_1_47' title="bbox 2230 1735 3798 1808">
     <span class='ocr_line' id='line_1_47' title="bbox 2230 1735 3798 1808; baseline 0.004 -20"><span class='ocrx_word' id='word_1_333' title='bbox 2230 1735 2514 1806; x_wconf 87' lang='grc' dir='ltr'>σωμάτων,</span> <span class='ocrx_word' id='word_1_334' title='bbox 2556 1737 2772 1800; x_wconf 84' lang='grc' dir='ltr'>ἀκτῖνος</span> <span class='ocrx_word' id='word_1_335' title='bbox 2819 1738 3000 1800; x_wconf 77' lang='grc' dir='ltr'>αὐτοῖς</span> <span class='ocrx_word' id='word_1_336' title='bbox 3042 1738 3388 1808; x_wconf 82' lang='grc' dir='ltr'>ἐμπεσούσης</span> <span class='ocrx_word' id='word_1_337' title='bbox 3424 1783 3440 1804; x_wconf 88' lang='grc'><strong>,</strong></span> <span class='ocrx_word' id='word_1_338' title='bbox 3574 1743 3718 1794; x_wconf 83' lang='grc' dir='ltr'>αὑτά</span> <span class='ocrx_word' id='word_1_339' title='bbox 3741 1760 3798 1794; x_wconf 89' lang='grc' dir='ltr'><strong>τε</strong></span> 
     </span>
    </p>
   </div>
   <div class='ocr_carea' id='block_1_48' title="bbox 2227 1824 3799 1897">
    <p class='ocr_par' dir='ltr' id='par_1_48' title="bbox 2227 1824 3799 1897">
     <span class='ocr_line' id='line_1_48' title="bbox 2227 1824 3799 1897; baseline 0.004 -21"><span class='ocrx_word' id='word_1_340' title='bbox 2227 1824 2436 1892; x_wconf 81' lang='grc' dir='ltr'>γίνεται</span> <span class='ocrx_word' id='word_1_341' title='bbox 2479 1825 2818 1896; x_wconf 84' lang='grc' dir='ltr'>περιλαμπῆ,</span> <span class='ocrx_word' id='word_1_342' title='bbox 2862 1827 2953 1878; x_wconf 55' lang='grc' dir='ltr'><strong>καί⁸</strong></span> <span class='ocrx_word' id='word_1_343' title='bbox 2993 1827 3186 1897; x_wconf 78' lang='grc' dir='ltr'>ἑτέραν</span> <span class='ocrx_word' id='word_1_344' title='bbox 3232 1827 3405 1897; x_wconf 83' lang='grc' dir='ltr'>αὐγὴν</span> <span class='ocrx_word' id='word_1_345' title='bbox 3446 1829 3540 1897; x_wconf 76' lang='grc' dir='ltr'><strong>ἀφ’</strong></span> <span class='ocrx_word' id='word_1_346' title='bbox 3587 1831 3799 1882; x_wconf 76' lang='grc' dir='ltr'>ἑαυτῶν</span> 
     </span>
    </p>
   </div>
   <div class='ocr_carea' id='block_1_49' title="bbox 2227 1914 3798 1988">
    <p class='ocr_par' dir='ltr' id='par_1_49' title="bbox 2227 1914 3798 1988">
     <span class='ocr_line' id='line_1_49' title="bbox 2227 1914 3798 1988; baseline 0.001 -20"><span class='ocrx_word' id='word_1_347' title='bbox 2227 1915 2559 1968; x_wconf 79' lang='grc' dir='ltr'>ἀποστίλϐει·</span> <span class='ocrx_word' id='word_1_348' title='bbox 2601 1914 2772 1978; x_wconf 71' lang='grc' dir='ltr'>οὕτως</span> <span class='ocrx_word' id='word_1_349' title='bbox 2805 1917 2860 1967; x_wconf 84' lang='grc' dir='ltr'>αἱ</span> <span class='ocrx_word' id='word_1_350' title='bbox 2903 1916 3342 1986; x_wconf 75' lang='grc' dir='ltr'>πνευματοιρόροι</span> <span class='ocrx_word' id='word_1_351' title='bbox 3375 1916 3563 1985; x_wconf 61' lang='grc' dir='ltr'>ψυχαὶ,</span> <span class='ocrx_word' id='word_1_352' title='bbox 3595 1918 3798 1988; x_wconf 80' lang='grc' dir='ltr'>ἐλλαμ-</span> 
     </span>
    </p>
   </div>
   <div class='ocr_carea' id='block_1_50' title="bbox 2230 2009 3798 2079">
    <p class='ocr_par' dir='ltr' id='par_1_50' title="bbox 2230 2009 3798 2079">
     <span class='ocr_line' id='line_1_50' title="bbox 2230 2009 3798 2079; baseline -0.001 -16"><span class='ocrx_word' id='word_1_353' title='bbox 2230 2009 2442 2078; x_wconf 78' lang='grc' dir='ltr'>φθεῖσαι</span> <span class='ocrx_word' id='word_1_354' title='bbox 2468 2009 2613 2079; x_wconf 87' lang='grc' dir='ltr'><strong>παρά</strong></span> <span class='ocrx_word' id='word_1_355' title='bbox 2645 2009 2737 2061; x_wconf 89' lang='grc' dir='ltr'><strong>τοῦ</strong></span> <span class='ocrx_word' id='word_1_356' title='bbox 2769 2009 3102 2078; x_wconf 84' lang='grc' dir='ltr'>Πνεύματος,</span> <span class='ocrx_word' id='word_1_357' title='bbox 3135 2009 3295 2063; x_wconf 79' lang='grc' dir='ltr'>αὐταί</span> <span class='ocrx_word' id='word_1_358' title='bbox 3326 2026 3382 2061; x_wconf 88' lang='grc' dir='ltr'><strong>τε</strong></span> <span class='ocrx_word' id='word_1_359' title='bbox 3410 2009 3798 2062; x_wconf 77' lang='grc' dir='ltr'>ἀποτελοῦνται</span> 
     </span>
    </p>
   </div>
   <div class='ocr_carea' id='block_1_51' title="bbox 2233 2100 3797 2172">
    <p class='ocr_par' dir='ltr' id='par_1_51' title="bbox 2233 2100 3797 2172">
     <span class='ocr_line' id='line_1_51' title="bbox 2233 2100 3797 2172; baseline -0.001 -18"><span class='ocrx_word' id='word_1_360' title='bbox 2233 2102 2616 2169; x_wconf 72' lang='grc' dir='ltr'>πνευματικαὶ,</span> <span class='ocrx_word' id='word_1_361' title='bbox 2658 2100 2751 2152; x_wconf 81' lang='grc' dir='ltr'><strong>καὶ</strong></span> <span class='ocrx_word' id='word_1_362' title='bbox 2791 2102 2871 2162; x_wconf 80' lang='grc' dir='ltr'><strong>εἰς</strong></span> <span class='ocrx_word' id='word_1_363' title='bbox 2911 2100 3125 2170; x_wconf 82' lang='grc' dir='ltr'>ἑτέρους</span> <span class='ocrx_word' id='word_1_364' title='bbox 3160 2101 3256 2171; x_wconf 88' lang='grc' dir='ltr'>τὴν</span> <span class='ocrx_word' id='word_1_365' title='bbox 3279 2100 3437 2172; x_wconf 87' lang='grc' dir='ltr'>χάριν</span> <span class='ocrx_word' id='word_1_366' title='bbox 3469 2101 3797 2165; x_wconf 81' lang='grc' dir='ltr'>ἐξαποστέλ-</span> 
     </span>
    </p>
   </div>
   <div class='ocr_carea' id='block_1_52' title="bbox 2230 2189 3798 2260">
    <p class='ocr_par' dir='ltr' id='par_1_52' title="bbox 2230 2189 3798 2260">
     <span class='ocr_line' id='line_1_52' title="bbox 2230 2189 3798 2260; baseline -0.001 -16"><span class='ocrx_word' id='word_1_367' title='bbox 2230 2192 2428 2245; x_wconf 89' lang='grc' dir='ltr'>λουσιν.</span> <span class='ocrx_word' id='word_1_368' title='bbox 2475 2191 2748 2243; x_wconf 75' lang='grc' dir='ltr'>Ἐντεῦθεν</span> <span class='ocrx_word' id='word_1_369' title='bbox 2785 2190 3082 2260; x_wconf 86' lang='grc' dir='ltr'>μελλόντων</span> <span class='ocrx_word' id='word_1_370' title='bbox 3114 2189 3441 2260; x_wconf 84' lang='grc' dir='ltr'>πρόγνωσις,</span> <span class='ocrx_word' id='word_1_371' title='bbox 3484 2190 3798 2260; x_wconf 75' lang='grc' dir='ltr'>μυστηρίων</span> 
     </span>
    </p>
   </div>
   <div class='ocr_carea' id='block_1_53' title="bbox 2231 2279 3797 2353">
    <p class='ocr_par' dir='ltr' id='par_1_53' title="bbox 2231 2279 3797 2353">
     <span class='ocr_line' id='line_1_53' title="bbox 2231 2279 3797 2353; baseline -0.001 -18"><span class='ocrx_word' id='word_1_372' title='bbox 2231 2281 2464 2344; x_wconf 83' lang='grc' dir='ltr'>σύνεσις,</span> <span class='ocrx_word' id='word_1_373' title='bbox 2501 2281 2896 2353; x_wconf 82' lang='grc' dir='ltr'>κεκρυμμένων</span> <span class='ocrx_word' id='word_1_374' title='bbox 2908 2279 3228 2350; x_wconf 70' lang='grc' dir='ltr'>κατάληψις,</span> <span class='ocrx_word' id='word_1_375' title='bbox 3246 2281 3596 2350; x_wconf 85' lang='grc' dir='ltr'>χαρισμάτων</span> <span class='ocrx_word' id='word_1_376' title='bbox 3621 2281 3797 2334; x_wconf 82' lang='grc' dir='ltr'>διανο-</span> 
     </span>
    </p>
   </div>
   <div class='ocr_carea' id='block_1_54' title="bbox 2233 2371 3797 2444">
    <p class='ocr_par' dir='ltr' id='par_1_54' title="bbox 2233 2371 3797 2444">
     <span class='ocr_line' id='line_1_54' title="bbox 2233 2371 3797 2444; baseline -0.001 -18"><span class='ocrx_word' id='word_1_377' title='bbox 2233 2377 2352 2444; x_wconf 73' lang='grc' dir='ltr'>μαὶ,</span> <span class='ocrx_word' id='word_1_378' title='bbox 2383 2374 2441 2426; x_wconf 80' lang='grc' dir='ltr'>τὸ</span> <span class='ocrx_word' id='word_1_379' title='bbox 2463 2374 2708 2444; x_wconf 76' lang='grc' dir='ltr'>οὐράνιον</span> <span class='ocrx_word' id='word_1_380' title='bbox 2737 2373 3055 2443; x_wconf 89' lang='grc' dir='ltr'>πολίτευμα,</span> <span class='ocrx_word' id='word_1_381' title='bbox 3078 2376 3109 2443; x_wconf 85' lang='grc' dir='ltr'>ἠ</span> <span class='ocrx_word' id='word_1_382' title='bbox 3146 2374 3282 2442; x_wconf 88' lang='grc' dir='ltr'><strong>μετά</strong></span> <span class='ocrx_word' id='word_1_383' title='bbox 3309 2371 3557 2439; x_wconf 84' lang='grc' dir='ltr'>ἀγγέλων</span> <span class='ocrx_word' id='word_1_384' title='bbox 3585 2372 3797 2442; x_wconf 82' lang='grc' dir='ltr'>χορεία,</span> 
     </span>
    </p>
   </div>
   <div class='ocr_carea' id='block_1_55' title="bbox 2228 2462 3795 2535">
    <p class='ocr_par' dir='ltr' id='par_1_55' title="bbox 2228 2462 3795 2535">
     <span class='ocr_line' id='line_1_55' title="bbox 2228 2462 3795 2535; baseline -0.003 -18"><span class='ocrx_word' id='word_1_385' title='bbox 2228 2467 2261 2535; x_wconf 83' lang='grc' dir='ltr'><strong>ἡ</strong></span> <span class='ocrx_word' id='word_1_386' title='bbox 2288 2465 2640 2534; x_wconf 84' lang='grc' dir='ltr'>ἀτελεύτητος</span> <span class='ocrx_word' id='word_1_387' title='bbox 2821 2464 3143 2535; x_wconf 70' lang='grc' dir='ltr'>εὐφροσύνη,</span> <span class='ocrx_word' id='word_1_388' title='bbox 3182 2466 3214 2533; x_wconf 81' lang='grc' dir='ltr'>ἡ</span> <span class='ocrx_word' id='word_1_389' title='bbox 3251 2465 3307 2516; x_wconf 80' lang='grc' dir='ltr'>ὲν</span> <span class='ocrx_word' id='word_1_390' title='bbox 3343 2462 3462 2532; x_wconf 80' lang='grc' dir='ltr'><strong>Θεῷ</strong></span> <span class='ocrx_word' id='word_1_391' title='bbox 3489 2463 3738 2533; x_wconf 83' lang='grc' dir='ltr'>διαμονὴ,</span> <span class='ocrx_word' id='word_1_392' title='bbox 3763 2466 3795 2534; x_wconf 78' lang='grc' dir='ltr'>ἡ</span> 
     </span>
    </p>
   </div>
   <div class='ocr_carea' id='block_1_56' title="bbox 2231 2555 3796 2628">
    <p class='ocr_par' dir='ltr' id='par_1_56' title="bbox 2231 2555 3796 2628">
     <span class='ocr_line' id='line_1_56' title="bbox 2231 2555 3796 2628; baseline -0.001 -20"><span class='ocrx_word' id='word_1_393' title='bbox 2231 2558 2364 2628; x_wconf 74' lang='grc' dir='ltr'>πρὸς</span> <span class='ocrx_word' id='word_1_394' title='bbox 2419 2558 2547 2609; x_wconf 79' lang='grc' dir='ltr'>Θεὸν</span> <span class='ocrx_word' id='word_1_395' title='bbox 2590 2557 2864 2628; x_wconf 82' lang='grc' dir='ltr'>ὁμοίωσις,</span> <span class='ocrx_word' id='word_1_396' title='bbox 2921 2557 2979 2608; x_wconf 85' lang='grc' dir='ltr'><strong>τὸ</strong></span> <span class='ocrx_word' id='word_1_397' title='bbox 3033 2556 3332 2626; x_wconf 85' lang='grc' dir='ltr'>ἀκρότατον</span> <span class='ocrx_word' id='word_1_398' title='bbox 3381 2557 3490 2609; x_wconf 90' lang='grc' dir='ltr'><strong>τῶν</strong></span> <span class='ocrx_word' id='word_1_399' title='bbox 3534 2555 3796 2622; x_wconf 81' lang='grc' dir='ltr'>ὁρεκτῶν,</span> 
     </span>
    </p>
   </div>
   <div class='ocr_carea' id='block_1_57' title="bbox 2232 2645 2648 2714">
    <p class='ocr_par' dir='ltr' id='par_1_57' title="bbox 2232 2645 2648 2714">
     <span class='ocr_line' id='line_1_57' title="bbox 2232 2645 2648 2714; baseline 0.007 -16"><span class='ocrx_word' id='word_1_400' title='bbox 2232 2645 2350 2700; x_wconf 85' lang='grc' dir='ltr'>θεὸν</span> <span class='ocrx_word' id='word_1_401' title='bbox 2379 2648 2648 2714; x_wconf 86' lang='grc' dir='ltr'>γενέσθαι.</span> 
     </span>
    </p>
   </div>
   <div class='ocr_carea' id='block_1_58' title="bbox 2231 2735 3800 2807">
    <p class='ocr_par' dir='ltr' id='par_1_58' title="bbox 2231 2735 3800 2807">
     <span class='ocr_line' id='line_1_58' title="bbox 2231 2735 3800 2807; baseline -0.002 -16"><span class='ocrx_word' id='word_1_402' title='bbox 2231 2737 2344 2791; x_wconf 87' lang='grc' dir='ltr'><strong>Τοῦ</strong></span> <span class='ocrx_word' id='word_1_403' title='bbox 2363 2739 2709 2806; x_wconf 75' lang='grc' dir='ltr'>αὑτοῦπρὸς</span> <span class='ocrx_word' id='word_1_404' title='bbox 2729 2738 2869 2802; x_wconf 85' lang='grc' dir='ltr'>τοὺς</span> <span class='ocrx_word' id='word_1_405' title='bbox 2887 2739 3266 2807; x_wconf 72' lang='grc' dir='ltr'>,λέγονταςμὴ</span> <span class='ocrx_word' id='word_1_406' title='bbox 3291 2738 3500 2805; x_wconf 71' lang='grc' dir='ltr'>γρ-ῆναι</span> <span class='ocrx_word' id='word_1_407' title='bbox 3529 2735 3800 2789; x_wconf 76' lang='grc' dir='ltr'>συντάσ-</span> 
     </span>
    </p>
   </div>
   <div class='ocr_carea' id='block_1_59' title="bbox 2298 2809 3738 2877">
    <p class='ocr_par' dir='ltr' id='par_1_59' title="bbox 2298 2809 3738 2877">
     <span class='ocr_line' id='line_1_59' title="bbox 2298 2809 3738 2877; baseline -0.001 -17"><span class='ocrx_word' id='word_1_408' title='bbox 2298 2822 2428 2861; x_wconf 77' lang='grc' dir='ltr'>σειν</span> <span class='ocrx_word' id='word_1_409' title='bbox 2450 2809 2626 2876; x_wconf 74' lang='lat' dir='ltr'><strong>&quot;arpi</strong></span> <span class='ocrx_word' id='word_1_410' title='bbox 2645 2809 2741 2861; x_wconf 78' lang='grc' dir='ltr'>καὶ</span> <span class='ocrx_word' id='word_1_411' title='bbox 2765 2809 2872 2872; x_wconf 82' lang='grc' dir='ltr'><strong>Υἱῴ</strong></span> <span class='ocrx_word' id='word_1_412' title='bbox 2895 2811 2958 2860; x_wconf 75' lang='grc' dir='ltr'>τὸ</span> <span class='ocrx_word' id='word_1_413' title='bbox 2973 2809 3145 2877; x_wconf 77' lang='grc' dir='ltr'>ἅγιον</span> <span class='ocrx_word' id='word_1_414' title='bbox 3158 2809 3415 2875; x_wconf 70' lang='grc' dir='ltr'>Πνεῦμα.</span> <span class='ocrx_word' id='word_1_415' title='bbox 3439 2810 3661 2874; x_wconf 65' lang='grc' dir='ltr'>Κεφαλ.</span> <span class='ocrx_word' id='word_1_416' title='bbox 3682 2812 3738 2859; x_wconf 85' lang='lat' dir='ltr'><strong>t&#39;.</strong></span> 
     </span>
    </p>
   </div>
   <div class='ocr_carea' id='block_1_60' title="bbox 2299 2897 3793 2971">
    <p class='ocr_par' dir='ltr' id='par_1_60' title="bbox 2299 2897 3793 2971">
     <span class='ocr_line' id='line_1_60' title="bbox 2299 2897 3793 2971; baseline -0.003 -19"><span class='ocrx_word' id='word_1_417' title='bbox 2299 2901 2370 2952; x_wconf 74' lang='grc' dir='ltr'><strong>Οὐ</strong></span> <span class='ocrx_word' id='word_1_418' title='bbox 2425 2902 2554 2970; x_wconf 81' lang='grc' dir='ltr'>χρὴ,</span> <span class='ocrx_word' id='word_1_419' title='bbox 2589 2902 2742 2968; x_wconf 78' lang='grc' dir='ltr'>φασὶ,</span> <span class='ocrx_word' id='word_1_420' title='bbox 2792 2902 2966 2971; x_wconf 82' lang='grc' dir='ltr'>Πατρὶ</span> <span class='ocrx_word' id='word_1_421' title='bbox 3013 2903 3109 2953; x_wconf 68' lang='grc' dir='ltr'>καὶ</span> <span class='ocrx_word' id='word_1_422' title='bbox 3143 2900 3254 2970; x_wconf 82' lang='grc' dir='ltr'>Υίῷ</span> <span class='ocrx_word' id='word_1_423' title='bbox 3315 2898 3671 2966; x_wconf 78' lang='grc' dir='ltr'>συντετάχθαι</span> <span class='ocrx_word' id='word_1_424' title='bbox 3731 2897 3793 2950; x_wconf 79' lang='grc' dir='ltr'><strong>τδ</strong></span> 
     </span>
    </p>
   </div>
   <div class='ocr_carea' id='block_1_61' title="bbox 565 2981 2131 3061">
    <p class='ocr_par' dir='ltr' id='par_1_61' title="bbox 565 2984 2131 3056">
     <span class='ocr_line' id='line_1_61' title="bbox 565 2984 2131 3056; baseline 0.003 -18"><span class='ocrx_word' id='word_1_425' title='bbox 565 3000 623 3040; x_wconf 86' lang='lat' dir='ltr'><strong>re</strong></span> <span class='ocrx_word' id='word_1_426' title='bbox 649 2984 1182 3051; x_wconf 83' lang='lat' dir='ltr'><strong>Spiritumsanctum</strong></span> <span class='ocrx_word' id='word_1_427' title='bbox 1224 2988 1460 3055; x_wconf 85' lang='lat' dir='ltr'><strong>:partim</strong></span> <span class='ocrx_word' id='word_1_428' title='bbox 1509 3001 1573 3040; x_wconf 92' lang='lat' dir='ltr'><strong>eo</strong></span> <span class='ocrx_word' id='word_1_429' title='bbox 1631 2989 1771 3056; x_wconf 90' lang='lat' dir='ltr'><strong>quod</strong></span> <span class='ocrx_word' id='word_1_430' title='bbox 1817 2989 1886 3042; x_wconf 92' lang='lat' dir='ltr'><strong>sit</strong></span> <span class='ocrx_word' id='word_1_431' title='bbox 1941 2989 2131 3044; x_wconf 75' lang='lat' dir='ltr'><strong>aliena:</strong></span> 
     </span>
    </p>
   </div>
   <div class='ocr_carea' id='block_1_62' title="bbox 2230 2981 3804 3061">
    <p class='ocr_par' dir='ltr' id='par_1_62' title="bbox 2230 2988 3804 3061">
     <span class='ocr_line' id='line_1_62' title="bbox 2230 2988 3804 3061; baseline -0.002 -18"><span class='ocrx_word' id='word_1_432' title='bbox 2230 2989 2384 3057; x_wconf 77' lang='grc' dir='ltr'>ἅγιον</span> <span class='ocrx_word' id='word_1_433' title='bbox 2418 2991 2660 3060; x_wconf 80' lang='grc' dir='ltr'>Πνεῦμα,</span> <span class='ocrx_word' id='word_1_434' title='bbox 2691 2991 2777 3044; x_wconf 89' lang='grc' dir='ltr'><strong>διά</strong></span> <span class='ocrx_word' id='word_1_435' title='bbox 2813 3007 2875 3044; x_wconf 91' lang='grc' dir='ltr'><strong>τε</strong></span> <span class='ocrx_word' id='word_1_436' title='bbox 2907 2989 2968 3043; x_wconf 84' lang='grc' dir='ltr'>τὸ</span> <span class='ocrx_word' id='word_1_437' title='bbox 2997 2993 3094 3061; x_wconf 86' lang='grc' dir='ltr'><strong>τῆς</strong></span> <span class='ocrx_word' id='word_1_438' title='bbox 3121 2989 3334 3058; x_wconf 79' lang='grc' dir='ltr'>φύσεως</span> <span class='ocrx_word' id='word_1_439' title='bbox 3361 2990 3658 3058; x_wconf 79' lang='grc' dir='ltr'>ἀλλότριον,</span> <span class='ocrx_word' id='word_1_440' title='bbox 3705 2988 3804 3040; x_wconf 76' lang='grc' dir='ltr'>καὶ</span> 
     </span>
    </p>
   </div>
   <div class='ocr_carea' id='block_1_63' title="bbox 567 3077 2130 3148">
    <p class='ocr_par' dir='ltr' id='par_1_63' title="bbox 567 3077 2130 3148">
     <span class='ocr_line' id='line_1_63' title="bbox 567 3077 2130 3148; baseline -0.002 -12"><span class='ocrx_word' id='word_1_441' title='bbox 567 3089 794 3142; x_wconf 76' lang='lat' dir='ltr'><strong>naturae,</strong></span> <span class='ocrx_word' id='word_1_442' title='bbox 822 3079 1015 3148; x_wconf 89' lang='lat' dir='ltr'><strong>partim</strong></span> <span class='ocrx_word' id='word_1_443' title='bbox 1041 3077 1185 3147; x_wconf 87' lang='lat' dir='ltr'><strong>quod</strong></span> <span class='ocrx_word' id='word_1_444' title='bbox 1220 3077 1483 3146; x_wconf 75' lang='lat' dir='ltr'><strong>dignitate</strong></span> <span class='ocrx_word' id='word_1_445' title='bbox 1521 3078 1591 3132; x_wconf 88' lang='lat' dir='ltr'><strong>sit</strong></span> <span class='ocrx_word' id='word_1_446' title='bbox 1627 3077 1875 3131; x_wconf 80' lang='lat' dir='ltr'><strong>inferior.</strong></span> <span class='ocrx_word' id='word_1_447' title='bbox 1923 3077 2130 3141; x_wconf 87' lang='lat' dir='ltr'><strong>Quibus</strong></span> 
     </span>
    </p>
   </div>
   <div class='ocr_carea' id='block_1_64' title="bbox 563 3166 2129 3240">
    <p class='ocr_par' dir='ltr' id='par_1_64' title="bbox 563 3166 2129 3240">
     <span class='ocr_line' id='line_1_64' title="bbox 563 3166 2129 3240; baseline -0.003 -15"><span class='ocrx_word' id='word_1_448' title='bbox 563 3186 776 3240; x_wconf 73' lang='lat' dir='ltr'><strong>aequum</strong></span> <span class='ocrx_word' id='word_1_449' title='bbox 807 3176 891 3222; x_wconf 91' lang='lat' dir='ltr'><strong>est</strong></span> <span class='ocrx_word' id='word_1_450' title='bbox 919 3175 976 3220; x_wconf 92' lang='lat' dir='ltr'><strong>ut</strong></span> <span class='ocrx_word' id='word_1_451' title='bbox 1008 3166 1376 3235; x_wconf 87' lang='lat' dir='ltr'><strong>apostolorum</strong></span> <span class='ocrx_word' id='word_1_452' title='bbox 1407 3167 1591 3222; x_wconf 84' lang='lat' dir='ltr'><strong>verbis</strong></span> <span class='ocrx_word' id='word_1_453' title='bbox 1642 3167 2072 3235; x_wconf 85' lang='lat' dir='ltr'><strong>respondeamus</strong></span> <span class='ocrx_word' id='word_1_454' title='bbox 2119 3187 2129 3221; x_wconf 92' lang='lat'><strong>:</strong></span> 
     </span>
    </p>
   </div>
   <div class='ocr_carea' id='block_1_65' title="bbox 565 3255 2132 3326">
    <p class='ocr_par' dir='ltr' id='par_1_65' title="bbox 565 3255 2132 3326">
     <span class='ocr_line' id='line_1_65' title="bbox 565 3255 2132 3326; baseline -0.002 -13"><span class='ocrx_word' id='word_1_455' title='bbox 565 3260 673 3313; x_wconf 91' lang='lat' dir='ltr'><strong>Deo</strong></span> <span class='ocrx_word' id='word_1_456' title='bbox 709 3265 906 3326; x_wconf 82' lang='lat' dir='ltr'><strong>oportet</strong></span> <span class='ocrx_word' id='word_1_457' title='bbox 937 3255 1144 3309; x_wconf 78' lang='lat' dir='ltr'><strong>obedire</strong></span> <span class='ocrx_word' id='word_1_458' title='bbox 1173 3257 1339 3324; x_wconf 79' lang='lat' dir='ltr'><strong>magis</strong></span> <span class='ocrx_word' id='word_1_459' title='bbox 1376 3271 1532 3324; x_wconf 83' lang='lat' dir='ltr'><strong>quam</strong></span> <span class='ocrx_word' id='word_1_460' title='bbox 1568 3256 1863 3310; x_wconf 79' lang='lat' dir='ltr'><strong>hominibus</strong></span> <span class='ocrx_word' id='word_1_461' title='bbox 1931 3258 1968 3310; x_wconf 88' lang='lat'><strong>&#39;.</strong></span> <span class='ocrx_word' id='word_1_462' title='bbox 2001 3257 2132 3310; x_wconf 81' lang='lat' dir='ltr'><strong>Nam</strong></span> 
     </span>
    </p>
   </div>
   <div class='ocr_carea' id='block_1_66' title="bbox 565 3344 2136 3417">
    <p class='ocr_par' dir='ltr' id='par_1_66' title="bbox 565 3344 2136 3417">
     <span class='ocr_line' id='line_1_66' title="bbox 565 3344 2136 3417; baseline 0.001 -16"><span class='ocrx_word' id='word_1_463' title='bbox 565 3350 610 3402; x_wconf 91' lang='lat' dir='ltr'><strong>si</strong></span> <span class='ocrx_word' id='word_1_464' title='bbox 632 3347 891 3400; x_wconf 89' lang='lat' dir='ltr'><strong>Dominus</strong></span> <span class='ocrx_word' id='word_1_465' title='bbox 927 3356 1110 3414; x_wconf 81' lang='lat' dir='ltr'><strong>aperte</strong></span> <span class='ocrx_word' id='word_1_466' title='bbox 1136 3346 1189 3398; x_wconf 90' lang='lat' dir='ltr'><strong>in</strong></span> <span class='ocrx_word' id='word_1_467' title='bbox 1219 3344 1478 3400; x_wconf 86' lang='lat' dir='ltr'><strong>tradendo</strong></span> <span class='ocrx_word' id='word_1_468' title='bbox 1509 3346 1791 3402; x_wconf 82' lang='lat' dir='ltr'><strong>salutifero</strong></span> <span class='ocrx_word' id='word_1_469' title='bbox 1813 3348 2136 3417; x_wconf 88' lang='lat' dir='ltr'><strong>baptismate</strong></span> 
     </span>
    </p>
   </div>
   <div class='ocr_carea' id='block_1_67' title="bbox 567 3422 2131 3509">
    <p class='ocr_par' dir='ltr' id='par_1_67' title="bbox 567 3422 2131 3509">
     <span class='ocr_line' id='line_1_67' title="bbox 567 3422 2131 3509; baseline 0.001 -19"><span class='ocrx_word' id='word_1_470' title='bbox 567 3440 820 3509; x_wconf 69' lang='lat' dir='ltr'><strong>prmcepit</strong></span> <span class='ocrx_word' id='word_1_471' title='bbox 850 3437 1154 3506; x_wconf 85' lang='lat' dir='ltr'><strong>discipulis,</strong></span> <span class='ocrx_word' id='word_1_472' title='bbox 1188 3446 1247 3490; x_wconf 91' lang='lat' dir='ltr'><strong>ut</strong></span> <span class='ocrx_word' id='word_1_473' title='bbox 1267 3422 1622 3506; x_wconf 40' lang='lat' dir='ltr'><strong>&#39;baptizarent</strong></span> <span class='ocrx_word' id='word_1_474' title='bbox 1649 3455 1838 3493; x_wconf 89' lang='lat' dir='ltr'><strong>omnes</strong></span> <span class='ocrx_word' id='word_1_475' title='bbox 1864 3448 2050 3509; x_wconf 84' lang='lat' dir='ltr'><strong>gentes</strong></span> <span class='ocrx_word' id='word_1_476' title='bbox 2079 3439 2131 3492; x_wconf 92' lang='lat' dir='ltr'><strong>in</strong></span> 
     </span>
    </p>
   </div>
   <div class='ocr_carea' id='block_1_68' title="bbox 564 3527 2133 3598">
    <p class='ocr_par' dir='ltr' id='par_1_68' title="bbox 564 3527 2133 3598">
     <span class='ocr_line' id='line_1_68' title="bbox 564 3527 2133 3598; baseline 0.001 -16"><span class='ocrx_word' id='word_1_477' title='bbox 564 3530 782 3583; x_wconf 90' lang='lat' dir='ltr'><strong>nomine</strong></span> <span class='ocrx_word' id='word_1_478' title='bbox 808 3527 986 3581; x_wconf 86' lang='lat' dir='ltr'><strong>Patris</strong></span> <span class='ocrx_word' id='word_1_479' title='bbox 1018 3535 1071 3580; x_wconf 87' lang='lat' dir='ltr'><strong>et</strong></span> <span class='ocrx_word' id='word_1_480' title='bbox 1114 3527 1233 3582; x_wconf 87' lang='lat' dir='ltr'><strong>Filii</strong></span> <span class='ocrx_word' id='word_1_481' title='bbox 1271 3537 1324 3582; x_wconf 91' lang='lat' dir='ltr'><strong>et</strong></span> <span class='ocrx_word' id='word_1_482' title='bbox 1373 3527 1609 3598; x_wconf 88' lang='lat' dir='ltr'><strong>Spiritus</strong></span> <span class='ocrx_word' id='word_1_483' title='bbox 1644 3527 1844 3583; x_wconf 41' lang='lat' dir='ltr'><strong>sancti‘</strong></span> <span class='ocrx_word' id='word_1_484' title='bbox 1888 3532 1942 3593; x_wconf 84' lang='grc'>²,</span> <span class='ocrx_word' id='word_1_485' title='bbox 1992 3531 2133 3584; x_wconf 86' lang='lat' dir='ltr'><strong>haud</strong></span> 
     </span>
    </p>
   </div>
   <div class='ocr_carea' id='block_1_69' title="bbox 563 3617 2132 3687">
    <p class='ocr_par' dir='ltr' id='par_1_69' title="bbox 563 3617 2132 3687">
     <span class='ocr_line' id='line_1_69' title="bbox 563 3617 2132 3687; baseline 0.001 -15"><span class='ocrx_word' id='word_1_486' title='bbox 563 3617 885 3687; x_wconf 80' lang='lat' dir='ltr'><strong>dedignatus</strong></span> <span class='ocrx_word' id='word_1_487' title='bbox 935 3631 1060 3670; x_wconf 90' lang='lat' dir='ltr'><strong>cum</strong></span> <span class='ocrx_word' id='word_1_488' title='bbox 1104 3617 1198 3672; x_wconf 89' lang='lat' dir='ltr'><strong>illo</strong></span> <span class='ocrx_word' id='word_1_489' title='bbox 1249 3620 1589 3672; x_wconf 85' lang='lat' dir='ltr'><strong>consortium</strong></span> <span class='ocrx_word' id='word_1_490' title='bbox 1639 3638 1650 3672; x_wconf 90' lang='lat'><strong>:</strong></span> <span class='ocrx_word' id='word_1_491' title='bbox 1695 3628 1886 3673; x_wconf 89' lang='lat' dir='ltr'><strong>contra</strong></span> <span class='ocrx_word' id='word_1_492' title='bbox 1931 3621 2018 3674; x_wconf 90' lang='lat' dir='ltr'><strong>isti</strong></span> <span class='ocrx_word' id='word_1_493' title='bbox 2051 3620 2132 3674; x_wconf 78' lang='lat' dir='ltr'><strong>di-</strong></span> 
     </span>
    </p>
   </div>
   <div class='ocr_carea' id='block_1_70' title="bbox 563 3707 2132 3781">
    <p class='ocr_par' dir='ltr' id='par_1_70' title="bbox 563 3707 2132 3781">
     <span class='ocr_line' id='line_1_70' title="bbox 563 3707 2132 3781; baseline 0.001 -18"><span class='ocrx_word' id='word_1_494' title='bbox 563 3718 725 3771; x_wconf 91' lang='lat' dir='ltr'><strong>cunt,</strong></span> <span class='ocrx_word' id='word_1_495' title='bbox 772 3723 878 3761; x_wconf 92' lang='lat' dir='ltr'><strong>non</strong></span> <span class='ocrx_word' id='word_1_496' title='bbox 930 3717 1181 3776; x_wconf 87' lang='lat' dir='ltr'><strong>oportere</strong></span> <span class='ocrx_word' id='word_1_497' title='bbox 1225 3707 1489 3777; x_wconf 87' lang='lat' dir='ltr'><strong>Spiritum</strong></span> <span class='ocrx_word' id='word_1_498' title='bbox 1538 3708 1681 3762; x_wconf 87' lang='lat' dir='ltr'><strong>Patri</strong></span> <span class='ocrx_word' id='word_1_499' title='bbox 1730 3740 1742 3752; x_wconf 65' lang='grc' dir='ltr'><strong><em>ν</em></strong></span> <span class='ocrx_word' id='word_1_500' title='bbox 1890 3710 2132 3781; x_wconf 84' lang='lat' dir='ltr'><strong>Filioque</strong></span> 
     </span>
    </p>
   </div>
   <div class='ocr_carea' id='block_1_71' title="bbox 562 3797 2133 3868">
    <p class='ocr_par' dir='ltr' id='par_1_71' title="bbox 562 3797 2133 3868">
     <span class='ocr_line' id='line_1_71' title="bbox 562 3797 2133 3868; baseline 0.002 -16"><span class='ocrx_word' id='word_1_501' title='bbox 562 3799 912 3868; x_wconf 86' lang='lat' dir='ltr'><strong>conjungere;</strong></span> <span class='ocrx_word' id='word_1_502' title='bbox 947 3813 1013 3850; x_wconf 90' lang='lat' dir='ltr'><strong>an</strong></span> <span class='ocrx_word' id='word_1_503' title='bbox 1041 3813 1147 3851; x_wconf 89' lang='lat' dir='ltr'><strong>non</strong></span> <span class='ocrx_word' id='word_1_504' title='bbox 1183 3797 1275 3852; x_wconf 89' lang='lat' dir='ltr'><strong>Dei</strong></span> <span class='ocrx_word' id='word_1_505' title='bbox 1312 3808 1582 3868; x_wconf 71' lang='lat' dir='ltr'><strong>prmccpto</strong></span> <span class='ocrx_word' id='word_1_506' title='bbox 1633 3800 1809 3868; x_wconf 84' lang='lat' dir='ltr'><strong>palam</strong></span> <span class='ocrx_word' id='word_1_507' title='bbox 1839 3800 2133 3856; x_wconf 90' lang='lat' dir='ltr'><strong>adversan-</strong></span> 
     </span>
    </p>
   </div>
   <div class='ocr_carea' id='block_1_72' title="bbox 563 3888 2133 3958">
    <p class='ocr_par' dir='ltr' id='par_1_72' title="bbox 563 3888 2133 3958">
     <span class='ocr_line' id='line_1_72' title="bbox 563 3888 2133 3958; baseline 0.001 -14"><span class='ocrx_word' id='word_1_508' title='bbox 563 3890 690 3945; x_wconf 85' lang='lat' dir='ltr'><strong>tur?</strong></span> <span class='ocrx_word' id='word_1_509' title='bbox 723 3889 956 3952; x_wconf 83' lang='lat' dir='ltr'><strong>Etenim,</strong></span> <span class='ocrx_word' id='word_1_510' title='bbox 984 3890 1027 3943; x_wconf 87' lang='lat' dir='ltr'><strong>si</strong></span> <span class='ocrx_word' id='word_1_511' title='bbox 1060 3888 1250 3942; x_wconf 86' lang='lat' dir='ltr'><strong>dicunt</strong></span> <span class='ocrx_word' id='word_1_512' title='bbox 1280 3890 1588 3958; x_wconf 85' lang='lat' dir='ltr'><strong>hujusmodi</strong></span> <span class='ocrx_word' id='word_1_513' title='bbox 1614 3893 1995 3958; x_wconf 87' lang='lat' dir='ltr'><strong>conjunctione</strong></span> <span class='ocrx_word' id='word_1_514' title='bbox 2027 3907 2133 3946; x_wconf 90' lang='lat' dir='ltr'><strong>non</strong></span> 
     </span>
    </p>
   </div>
   <div class='ocr_carea' id='block_1_73' title="bbox 561 3977 2134 4045">
    <p class='ocr_par' dir='ltr' id='par_1_73' title="bbox 561 3977 2134 4045">
     <span class='ocr_line' id='line_1_73' title="bbox 561 3977 2134 4045; baseline 0.001 -14"><span class='ocrx_word' id='word_1_515' title='bbox 561 3977 824 4031; x_wconf 88' lang='lat' dir='ltr'><strong>declarari</strong></span> <span class='ocrx_word' id='word_1_516' title='bbox 850 3978 1012 4030; x_wconf 91' lang='lat' dir='ltr'><strong>ullam</strong></span> <span class='ocrx_word' id='word_1_517' title='bbox 1046 3979 1485 4030; x_wconf 87' lang='lat' dir='ltr'><strong>communionem</strong></span> <span class='ocrx_word' id='word_1_518' title='bbox 1517 3987 1611 4031; x_wconf 87' lang='lat' dir='ltr'><strong>aut</strong></span> <span class='ocrx_word' id='word_1_519' title='bbox 1660 3979 2019 4045; x_wconf 85' lang='lat' dir='ltr'><strong>consortium;</strong></span> <span class='ocrx_word' id='word_1_520' title='bbox 2051 3980 2134 4032; x_wconf 79' lang='lat' dir='ltr'><strong>di-</strong></span> 
     </span>
    </p>
   </div>
   <div class='ocr_carea' id='block_1_74' title="bbox 561 4072 2128 4142">
    <p class='ocr_par' dir='ltr' id='par_1_74' title="bbox 561 4072 2128 4142">
     <span class='ocr_line' id='line_1_74' title="bbox 561 4072 2128 4142; baseline 0 -16"><span class='ocrx_word' id='word_1_521' title='bbox 561 4083 688 4127; x_wconf 87' lang='lat' dir='ltr'><strong>cant</strong></span> <span class='ocrx_word' id='word_1_522' title='bbox 715 4073 975 4140; x_wconf 86' lang='lat' dir='ltr'><strong>quidnam</strong></span> <span class='ocrx_word' id='word_1_523' title='bbox 1003 4073 1294 4126; x_wconf 89' lang='lat' dir='ltr'><strong>conveniat</strong></span> <span class='ocrx_word' id='word_1_524' title='bbox 1344 4072 1444 4125; x_wconf 89' lang='lat' dir='ltr'><strong>hoc</strong></span> <span class='ocrx_word' id='word_1_525' title='bbox 1492 4073 1806 4126; x_wconf 80' lang='lat' dir='ltr'><strong>existimare</strong></span> <span class='ocrx_word' id='word_1_526' title='bbox 1829 4111 1845 4137; x_wconf 95' lang='lat'><strong>,</strong></span> <span class='ocrx_word' id='word_1_527' title='bbox 1879 4081 1932 4125; x_wconf 91' lang='lat' dir='ltr'><strong>et</strong></span> <span class='ocrx_word' id='word_1_528' title='bbox 1971 4087 2128 4142; x_wconf 90' lang='lat' dir='ltr'><strong>quam</strong></span> 
     </span>
    </p>
   </div>
   <div class='ocr_carea' id='block_1_75' title="bbox 563 4163 2134 4232">
    <p class='ocr_par' dir='ltr' id='par_1_75' title="bbox 563 4163 2134 4232">
     <span class='ocr_line' id='line_1_75' title="bbox 563 4163 2134 4232; baseline 0.001 -17"><span class='ocrx_word' id='word_1_529' title='bbox 563 4164 721 4216; x_wconf 90' lang='lat' dir='ltr'><strong>aliam</strong></span> <span class='ocrx_word' id='word_1_530' title='bbox 749 4163 973 4216; x_wconf 78' lang='lat' dir='ltr'><strong>ell&#39;erant</strong></span> <span class='ocrx_word' id='word_1_531' title='bbox 997 4164 1167 4232; x_wconf 87' lang='lat' dir='ltr'><strong>magis</strong></span> <span class='ocrx_word' id='word_1_532' title='bbox 1195 4164 1524 4231; x_wconf 86' lang='lat' dir='ltr'><strong>peculiarem</strong></span> <span class='ocrx_word' id='word_1_533' title='bbox 1551 4165 1816 4216; x_wconf 86' lang='lat' dir='ltr'><strong>consortii</strong></span> <span class='ocrx_word' id='word_1_534' title='bbox 1845 4165 2134 4218; x_wconf 82' lang='lat' dir='ltr'><strong>rationem?</strong></span> 
     </span>
    </p>
   </div>
   <div class='ocr_carea' id='block_1_76' title="bbox 564 4252 2133 4323">
    <p class='ocr_par' dir='ltr' id='par_1_76' title="bbox 564 4252 2133 4323">
     <span class='ocr_line' id='line_1_76' title="bbox 564 4252 2133 4323; baseline 0.002 -18"><span class='ocrx_word' id='word_1_535' title='bbox 564 4253 630 4305; x_wconf 87' lang='lat' dir='ltr'><strong>Et</strong></span> <span class='ocrx_word' id='word_1_536' title='bbox 663 4253 880 4322; x_wconf 89' lang='lat' dir='ltr'><strong>quidem</strong></span> <span class='ocrx_word' id='word_1_537' title='bbox 925 4255 970 4307; x_wconf 90' lang='lat' dir='ltr'><strong>si</strong></span> <span class='ocrx_word' id='word_1_538' title='bbox 1006 4254 1267 4308; x_wconf 89' lang='lat' dir='ltr'><strong>Dominus</strong></span> <span class='ocrx_word' id='word_1_539' title='bbox 1319 4254 1419 4308; x_wconf 92' lang='lat' dir='ltr'><strong>sibi</strong></span> <span class='ocrx_word' id='word_1_540' title='bbox 1466 4263 1518 4308; x_wconf 89' lang='lat' dir='ltr'><strong>et</strong></span> <span class='ocrx_word' id='word_1_541' title='bbox 1553 4252 1698 4306; x_wconf 85' lang='lat' dir='ltr'><strong>Patri</strong></span> <span class='ocrx_word' id='word_1_542' title='bbox 1732 4269 1838 4306; x_wconf 90' lang='lat' dir='ltr'><strong>non</strong></span> <span class='ocrx_word' id='word_1_543' title='bbox 1886 4255 2133 4323; x_wconf 78' lang='lat' dir='ltr'><strong>adjunxit</strong></span> 
     </span>
    </p>
   </div>
   <div class='ocr_carea' id='block_1_77' title="bbox 568 4334 2131 4422">
    <p class='ocr_par' dir='ltr' id='par_1_77' title="bbox 568 4339 2131 4411">
     <span class='ocr_line' id='line_1_77' title="bbox 568 4339 2131 4411; baseline 0.003 -19"><span class='ocrx_word' id='word_1_544' title='bbox 568 4340 829 4409; x_wconf 87' lang='lat' dir='ltr'><strong>Spiritum</strong></span> <span class='ocrx_word' id='word_1_545' title='bbox 868 4339 919 4393; x_wconf 90' lang='lat' dir='ltr'><strong>in</strong></span> <span class='ocrx_word' id='word_1_546' title='bbox 951 4341 1242 4410; x_wconf 88' lang='lat' dir='ltr'><strong>baptismo.</strong></span> <span class='ocrx_word' id='word_1_547' title='bbox 1270 4358 1446 4411; x_wconf 87' lang='lat' dir='ltr'><strong>neque</strong></span> <span class='ocrx_word' id='word_1_548' title='bbox 1472 4344 1634 4395; x_wconf 88' lang='lat' dir='ltr'><strong>etiam</strong></span> <span class='ocrx_word' id='word_1_549' title='bbox 1663 4343 1819 4396; x_wconf 91' lang='lat' dir='ltr'><strong>nobis</strong></span> <span class='ocrx_word' id='word_1_550' title='bbox 1850 4343 1981 4396; x_wconf 85' lang='lat' dir='ltr'><strong>vitio</strong></span> <span class='ocrx_word' id='word_1_551' title='bbox 2013 4359 2131 4397; x_wconf 89' lang='lat' dir='ltr'><strong>ver-</strong></span> 
     </span>
    </p>
   </div>
   <div class='ocr_carea' id='block_1_78' title="bbox 2230 4334 3174 4422">
    <p class='ocr_par' dir='ltr' id='par_1_78' title="bbox 2233 4347 3174 4422">
     <span class='ocr_line' id='line_1_78' title="bbox 2233 4347 3174 4422; baseline -0.011 -14"><span class='ocrx_word' id='word_1_552' title='bbox 2233 4353 2373 4408; x_wconf 81' lang='grc' dir='ltr'><strong>κατά</strong></span> <span class='ocrx_word' id='word_1_553' title='bbox 2416 4353 2475 4406; x_wconf 83' lang='grc' dir='ltr'><strong>τὸ</strong></span> <span class='ocrx_word' id='word_1_554' title='bbox 2520 4351 2820 4422; x_wconf 81' lang='grc' dir='ltr'>βάπτισμα,</span> <span class='ocrx_word' id='word_1_555' title='bbox 2871 4347 3004 4420; x_wconf 81' lang='grc' dir='ltr'>μηδὲ</span> <span class='ocrx_word' id='word_1_556' title='bbox 3045 4350 3174 4418; x_wconf 76' lang='grc' dir='ltr'>ἡμῖν</span> 
     </span>
    </p>
   </div>
   <div class='ocr_carea' id='block_1_79' title="bbox 565 4429 2130 4500">
    <p class='ocr_par' dir='ltr' id='par_1_79' title="bbox 565 4429 2130 4500">
     <span class='ocr_line' id='line_1_79' title="bbox 565 4429 2130 4500; baseline 0.002 -18"><span class='ocrx_word' id='word_1_557' title='bbox 565 4438 679 4482; x_wconf 91' lang='lat' dir='ltr'><strong>tant</strong></span> <span class='ocrx_word' id='word_1_558' title='bbox 711 4429 854 4498; x_wconf 90' lang='lat' dir='ltr'><strong>quod</strong></span> <span class='ocrx_word' id='word_1_559' title='bbox 887 4445 981 4483; x_wconf 90' lang='lat' dir='ltr'><strong>eos</strong></span> <span class='ocrx_word' id='word_1_560' title='bbox 1015 4431 1422 4500; x_wconf 78' lang='lat' dir='ltr'><strong>conjungimus.</strong></span> <span class='ocrx_word' id='word_1_561' title='bbox 1462 4431 1604 4484; x_wconf 76' lang='lat' dir='ltr'><strong>Nihil</strong></span> <span class='ocrx_word' id='word_1_562' title='bbox 1633 4433 1776 4485; x_wconf 91' lang='lat' dir='ltr'><strong>enim</strong></span> <span class='ocrx_word' id='word_1_563' title='bbox 1810 4450 1910 4486; x_wconf 93' lang='lat' dir='ltr'><strong>nos</strong></span> <span class='ocrx_word' id='word_1_564' title='bbox 1953 4434 2130 4487; x_wconf 75' lang='lat' dir='ltr'><strong>diver~</strong></span> 
     </span>
    </p>
   </div>
   <div class='ocr_carea' id='block_1_80' title="bbox 563 4523 2127 4591">
    <p class='ocr_par' dir='ltr' id='par_1_80' title="bbox 563 4523 2127 4591">
     <span class='ocr_line' id='line_1_80' title="bbox 563 4523 2127 4591; baseline 0.003 -17"><span class='ocrx_word' id='word_1_565' title='bbox 563 4535 683 4574; x_wconf 88' lang='lat' dir='ltr'><strong>sum</strong></span> <span class='ocrx_word' id='word_1_566' title='bbox 719 4537 892 4590; x_wconf 84' lang='lat' dir='ltr'><strong>neque</strong></span> <span class='ocrx_word' id='word_1_567' title='bbox 934 4523 1198 4575; x_wconf 88' lang='lat' dir='ltr'><strong>sentimus</strong></span> <span class='ocrx_word' id='word_1_568' title='bbox 1225 4562 1238 4585; x_wconf 96' lang='lat'><strong>,</strong></span> <span class='ocrx_word' id='word_1_569' title='bbox 1277 4539 1451 4591; x_wconf 88' lang='lat' dir='ltr'><strong>neque</strong></span> <span class='ocrx_word' id='word_1_570' title='bbox 1484 4524 1777 4591; x_wconf 87' lang='lat' dir='ltr'><strong>loquimur.</strong></span> <span class='ocrx_word' id='word_1_571' title='bbox 1814 4527 1908 4578; x_wconf 80' lang='lat' dir='ltr'><strong>Sin</strong></span> <span class='ocrx_word' id='word_1_572' title='bbox 1950 4537 2127 4578; x_wconf 90' lang='lat' dir='ltr'><strong>autem</strong></span> 
     </span>
    </p>
   </div>
   <div class='ocr_carea' id='block_1_81' title="bbox 564 4614 2131 4686">
    <p class='ocr_par' dir='ltr' id='par_1_81' title="bbox 564 4614 2131 4686">
     <span class='ocr_line' id='line_1_81' title="bbox 564 4614 2131 4686; baseline 0.003 -20"><span class='ocrx_word' id='word_1_573' title='bbox 564 4614 675 4666; x_wconf 89' lang='lat' dir='ltr'><strong>illic</strong></span> <span class='ocrx_word' id='word_1_574' title='bbox 728 4614 1060 4682; x_wconf 83' lang='lat' dir='ltr'><strong>conjunctus</strong></span> <span class='ocrx_word' id='word_1_575' title='bbox 1116 4622 1199 4668; x_wconf 89' lang='lat' dir='ltr'><strong>est</strong></span> <span class='ocrx_word' id='word_1_576' title='bbox 1245 4614 1390 4667; x_wconf 86' lang='lat' dir='ltr'><strong>Patri</strong></span> <span class='ocrx_word' id='word_1_577' title='bbox 1440 4624 1494 4668; x_wconf 92' lang='lat' dir='ltr'><strong>et</strong></span> <span class='ocrx_word' id='word_1_578' title='bbox 1539 4616 1677 4670; x_wconf 88' lang='lat' dir='ltr'><strong>Filio</strong></span> <span class='ocrx_word' id='word_1_579' title='bbox 1723 4616 1979 4686; x_wconf 87' lang='lat' dir='ltr'><strong>Spiritus,</strong></span> <span class='ocrx_word' id='word_1_580' title='bbox 2033 4633 2131 4671; x_wconf 84' lang='lat' dir='ltr'><strong>nec</strong></span> 
     </span>
    </p>
   </div>
   <div class='ocr_carea' id='block_1_82' title="bbox 562 4704 2130 4777">
    <p class='ocr_par' dir='ltr' id='par_1_82' title="bbox 562 4704 2130 4777">
     <span class='ocr_line' id='line_1_82' title="bbox 562 4704 2130 4777; baseline 0.003 -21"><span class='ocrx_word' id='word_1_581' title='bbox 562 4704 851 4774; x_wconf 65' lang='lat' dir='ltr'><strong>qtisquam</strong></span> <span class='ocrx_word' id='word_1_582' title='bbox 897 4716 975 4758; x_wconf 89' lang='lat' dir='ltr'><strong>est</strong></span> <span class='ocrx_word' id='word_1_583' title='bbox 1021 4705 1155 4758; x_wconf 89' lang='lat' dir='ltr'><strong>adeo</strong></span> <span class='ocrx_word' id='word_1_584' title='bbox 1206 4704 1492 4775; x_wconf 89' lang='lat' dir='ltr'><strong>impudens</strong></span> <span class='ocrx_word' id='word_1_585' title='bbox 1517 4745 1530 4768; x_wconf 94' lang='lat'><strong>,</strong></span> <span class='ocrx_word' id='word_1_586' title='bbox 1565 4715 1624 4758; x_wconf 89' lang='lat' dir='ltr'><strong>ut</strong></span> <span class='ocrx_word' id='word_1_587' title='bbox 1657 4706 1802 4759; x_wconf 92' lang='lat' dir='ltr'><strong>aliud</strong></span> <span class='ocrx_word' id='word_1_588' title='bbox 1836 4708 2130 4777; x_wconf 88' lang='lat' dir='ltr'><strong>quidquam</strong></span> 
     </span>
    </p>
   </div>
   <div class='ocr_carea' id='block_1_83' title="bbox 562 4797 2130 4869">
    <p class='ocr_par' dir='ltr' id='par_1_83' title="bbox 562 4797 2130 4869">
     <span class='ocr_line' id='line_1_83' title="bbox 562 4797 2130 4869; baseline 0.003 -21"><span class='ocrx_word' id='word_1_589' title='bbox 562 4797 729 4860; x_wconf 62' lang='lat' dir='ltr'><strong>dicat,</strong></span> <span class='ocrx_word' id='word_1_590' title='bbox 776 4812 843 4850; x_wconf 89' lang='lat' dir='ltr'><strong>ne</strong></span> <span class='ocrx_word' id='word_1_591' title='bbox 873 4797 952 4850; x_wconf 85' lang='lat' dir='ltr'><strong>sic</strong></span> <span class='ocrx_word' id='word_1_592' title='bbox 983 4797 1199 4866; x_wconf 85' lang='lat' dir='ltr'><strong>quidem</strong></span> <span class='ocrx_word' id='word_1_593' title='bbox 1230 4812 1330 4851; x_wconf 92' lang='lat' dir='ltr'><strong>nos</strong></span> <span class='ocrx_word' id='word_1_594' title='bbox 1363 4797 1417 4849; x_wconf 92' lang='lat' dir='ltr'><strong>in</strong></span> <span class='ocrx_word' id='word_1_595' title='bbox 1439 4797 1529 4866; x_wconf 92' lang='lat' dir='ltr'><strong>jus</strong></span> <span class='ocrx_word' id='word_1_596' title='bbox 1559 4808 1773 4861; x_wconf 86' lang='lat' dir='ltr'><strong>vocent,</strong></span> <span class='ocrx_word' id='word_1_597' title='bbox 1806 4799 1850 4852; x_wconf 90' lang='lat' dir='ltr'><strong>si</strong></span> <span class='ocrx_word' id='word_1_598' title='bbox 1884 4798 2130 4869; x_wconf 85' lang='lat' dir='ltr'><strong>Scriptu-</strong></span> 
     </span>
    </p>
   </div>
   <div class='ocr_carea' id='block_1_84' title="bbox 561 4883 1648 4957">
    <p class='ocr_par' dir='ltr' id='par_1_84' title="bbox 561 4883 1648 4957">
     <span class='ocr_line' id='line_1_84' title="bbox 561 4883 1648 4957; baseline 0.001 -16"><span class='ocrx_word' id='word_1_599' title='bbox 561 4903 652 4942; x_wconf 88' lang='lat' dir='ltr'><strong>ras</strong></span> <span class='ocrx_word' id='word_1_600' title='bbox 680 4889 980 4957; x_wconf 86' lang='lat' dir='ltr'><strong>sequimur.</strong></span> <span class='ocrx_word' id='word_1_601' title='bbox 1643 4883 1648 4886; x_wconf 75' lang='grc'><em>’</em></span> 
     </span>
    </p>
   </div>
   <div class='ocr_carea' id='block_1_85' title="bbox 752 4980 2129 5052">
    <p class='ocr_par' dir='ltr' id='par_1_85' title="bbox 752 4980 2129 5052">
     <span class='ocr_line' id='line_1_85' title="bbox 752 4980 2129 5052; baseline 0.006 -19"><span class='ocrx_word' id='word_1_602' title='bbox 752 4980 858 5034; x_wconf 88' lang='lat' dir='ltr'><strong>Sed</strong></span> <span class='ocrx_word' id='word_1_603' title='bbox 891 4981 1011 5035; x_wconf 94' lang='lat' dir='ltr'><strong>belli</strong></span> <span class='ocrx_word' id='word_1_604' title='bbox 1041 4981 1328 5036; x_wconf 90' lang='lat' dir='ltr'><strong>adversum</strong></span> <span class='ocrx_word' id='word_1_605' title='bbox 1365 4996 1466 5038; x_wconf 91' lang='lat' dir='ltr'><strong>nos</strong></span> <span class='ocrx_word' id='word_1_606' title='bbox 1500 4993 1794 5052; x_wconf 88' lang='lat' dir='ltr'><strong>apparatus</strong></span> <span class='ocrx_word' id='word_1_607' title='bbox 1827 4983 2129 5042; x_wconf 80' lang='lat' dir='ltr'><strong>instructus</strong></span> 
     </span>
    </p>
   </div>
   <div class='ocr_carea' id='block_1_86' title="bbox 557 5072 2131 5146">
    <p class='ocr_par' dir='ltr' id='par_1_86' title="bbox 557 5072 2131 5146">
     <span class='ocr_line' id='line_1_86' title="bbox 557 5072 2131 5146; baseline 0.001 -19"><span class='ocrx_word' id='word_1_608' title='bbox 557 5072 966 5139; x_wconf 88' lang='lat' dir='ltr'><strong>est,omnisque</strong></span> <span class='ocrx_word' id='word_1_609' title='bbox 987 5072 1244 5141; x_wconf 88' lang='lat' dir='ltr'><strong>cogitatio</strong></span> <span class='ocrx_word' id='word_1_610' title='bbox 1277 5072 1484 5127; x_wconf 90' lang='lat' dir='ltr'><strong>intenta</strong></span> <span class='ocrx_word' id='word_1_611' title='bbox 1513 5082 1598 5129; x_wconf 87' lang='lat' dir='ltr'><strong>est</strong></span> <span class='ocrx_word' id='word_1_612' title='bbox 1625 5075 1678 5128; x_wconf 92' lang='lat' dir='ltr'><strong>in</strong></span> <span class='ocrx_word' id='word_1_613' title='bbox 1702 5089 1824 5138; x_wconf 89' lang='lat' dir='ltr'><strong>nos,</strong></span> <span class='ocrx_word' id='word_1_614' title='bbox 1860 5083 1913 5129; x_wconf 89' lang='lat' dir='ltr'><strong>et</strong></span> <span class='ocrx_word' id='word_1_615' title='bbox 1936 5076 2131 5146; x_wconf 76' lang='lat' dir='ltr'><strong>lingua:</strong></span> 
     </span>
    </p>
   </div>
   <div class='ocr_carea' id='block_1_87' title="bbox 560 5161 2127 5236">
    <p class='ocr_par' dir='ltr' id='par_1_87' title="bbox 560 5161 2127 5236">
     <span class='ocr_line' id='line_1_87' title="bbox 560 5161 2127 5236; baseline 0.005 -22"><span class='ocrx_word' id='word_1_616' title='bbox 560 5162 950 5215; x_wconf 73' lang='lat' dir='ltr'><strong>maledicorum</strong></span> <span class='ocrx_word' id='word_1_617' title='bbox 981 5161 1071 5214; x_wconf 90' lang='lat' dir='ltr'><strong>hic</strong></span> <span class='ocrx_word' id='word_1_618' title='bbox 1105 5161 1481 5219; x_wconf 89' lang='lat' dir='ltr'><strong>vehementius</strong></span> <span class='ocrx_word' id='word_1_619' title='bbox 1517 5165 1832 5234; x_wconf 89' lang='lat' dir='ltr'><strong>jaculantur</strong></span> <span class='ocrx_word' id='word_1_620' title='bbox 1861 5183 2023 5236; x_wconf 90' lang='lat' dir='ltr'><strong>quam</strong></span> <span class='ocrx_word' id='word_1_621' title='bbox 2066 5170 2127 5235; x_wconf 90' lang='lat' dir='ltr'><strong>ii,</strong></span> 
     </span>
    </p>
   </div>
   <div class='ocr_carea' id='block_1_88' title="bbox 557 5251 2128 5326">
    <p class='ocr_par' dir='ltr' id='par_1_88' title="bbox 557 5251 2128 5326">
     <span class='ocr_line' id='line_1_88' title="bbox 557 5251 2128 5326; baseline 0.006 -23"><span class='ocrx_word' id='word_1_622' title='bbox 557 5251 650 5320; x_wconf 91' lang='lat' dir='ltr'><strong>qui</strong></span> <span class='ocrx_word' id='word_1_623' title='bbox 682 5251 960 5305; x_wconf 80' lang='lat' dir='ltr'><strong>Christum</strong></span> <span class='ocrx_word' id='word_1_624' title='bbox 1008 5251 1356 5313; x_wconf 85' lang='lat' dir='ltr'><strong>occiderant,</strong></span> <span class='ocrx_word' id='word_1_625' title='bbox 1408 5255 1534 5306; x_wconf 90' lang='lat' dir='ltr'><strong>olim</strong></span> <span class='ocrx_word' id='word_1_626' title='bbox 1579 5257 1848 5324; x_wconf 82' lang='lat' dir='ltr'><strong>lapidibus</strong></span> <span class='ocrx_word' id='word_1_627' title='bbox 1883 5258 2128 5326; x_wconf 86' lang='lat' dir='ltr'><strong>impetie-</strong></span> 
     </span>
    </p>
   </div>
   <div class='ocr_carea' id='block_1_89' title="bbox 559 5339 2128 5420">
    <p class='ocr_par' dir='ltr' id='par_1_89' title="bbox 559 5339 2128 5413">
     <span class='ocr_line' id='line_1_89' title="bbox 559 5339 2128 5413; baseline 0.004 -19"><span class='ocrx_word' id='word_1_628' title='bbox 559 5354 679 5394; x_wconf 83' lang='lat' dir='ltr'><strong>runt</strong></span> <span class='ocrx_word' id='word_1_629' title='bbox 707 5341 1065 5411; x_wconf 86' lang='lat' dir='ltr'><strong>Stephanum.</strong></span> <span class='ocrx_word' id='word_1_630' title='bbox 1101 5339 1298 5394; x_wconf 86' lang='lat' dir='ltr'><strong>Verum</strong></span> <span class='ocrx_word' id='word_1_631' title='bbox 1334 5357 1400 5395; x_wconf 93' lang='lat' dir='ltr'><strong>ne</strong></span> <span class='ocrx_word' id='word_1_632' title='bbox 1432 5356 1860 5413; x_wconf 88' lang='lat' dir='ltr'><strong>consequantur,</strong></span> <span class='ocrx_word' id='word_1_633' title='bbox 1885 5359 1942 5402; x_wconf 92' lang='lat' dir='ltr'><strong>ut</strong></span> <span class='ocrx_word' id='word_1_634' title='bbox 1967 5350 2128 5403; x_wconf 88' lang='lat' dir='ltr'><strong>lateat</strong></span> 
     </span>
    </p>
   </div>
   <div class='ocr_carea' id='block_1_90' title="bbox 642 5501 1682 5568">
    <p class='ocr_par' dir='ltr' id='par_1_90' title="bbox 642 5501 1682 5568">
     <span class='ocr_line' id='line_1_90' title="bbox 642 5501 1682 5568; baseline 0.007 -14"><span class='ocrx_word' id='word_1_635' title='bbox 642 5502 658 5534; x_wconf 80' lang='grc'><strong><em>⁸</em></strong></span> <span class='ocrx_word' id='word_1_636' title='bbox 687 5505 810 5556; x_wconf 78' lang='lat' dir='ltr'><strong>Act.</strong></span> <span class='ocrx_word' id='word_1_637' title='bbox 843 5516 896 5568; x_wconf 90' lang='lat' dir='ltr'><strong>v,</strong></span> <span class='ocrx_word' id='word_1_638' title='bbox 924 5502 1013 5557; x_wconf 78' lang='lat'><strong>9.9.</strong></span> <span class='ocrx_word' id='word_1_639' title='bbox 1089 5503 1109 5533; x_wconf 82' lang='grc'>³</span> <span class='ocrx_word' id='word_1_640' title='bbox 1144 5501 1334 5558; x_wconf 79' lang='lat' dir='ltr'><strong>Matth.</strong></span> <span class='ocrx_word' id='word_1_641' title='bbox 1374 5518 1560 5568; x_wconf 70' lang='grc' dir='ltr'>χχι-ιιι,</span> <span class='ocrx_word' id='word_1_642' title='bbox 1599 5505 1682 5562; x_wconf 81' lang='grc'><strong>19.</strong></span> 
     </span>
    </p>
   </div>
   <div class='ocr_carea' id='block_1_91' title="bbox 2231 3073 3797 3152">
    <p class='ocr_par' dir='ltr' id='par_1_91' title="bbox 2231 3073 3797 3152">
     <span class='ocr_line' id='line_1_91' title="bbox 2231 3073 3797 3152; baseline -0.003 -21"><span class='ocrx_word' id='word_1_643' title='bbox 2231 3080 2290 3132; x_wconf 85' lang='grc' dir='ltr'><strong>τὸ</strong></span> <span class='ocrx_word' id='word_1_644' title='bbox 2317 3085 2413 3152; x_wconf 81' lang='grc' dir='ltr'>τῆς</span> <span class='ocrx_word' id='word_1_645' title='bbox 2435 3082 2589 3148; x_wconf 80' lang='grc' dir='ltr'>ἀξίας</span> <span class='ocrx_word' id='word_1_646' title='bbox 2616 3079 2889 3143; x_wconf 89' lang='grc' dir='ltr'>καταδεές.</span> <span class='ocrx_word' id='word_1_647' title='bbox 2916 3078 3059 3150; x_wconf 82' lang='grc' dir='ltr'>Πρὸς</span> <span class='ocrx_word' id='word_1_648' title='bbox 3080 3077 3173 3141; x_wconf 79' lang='grc' dir='ltr'><strong>οὓς</strong></span> <span class='ocrx_word' id='word_1_649' title='bbox 3196 3076 3404 3131; x_wconf 88' lang='grc' dir='ltr'>δίκαιον</span> <span class='ocrx_word' id='word_1_650' title='bbox 3424 3073 3521 3144; x_wconf 80' lang='grc' dir='ltr'><strong>τὴν</strong></span> <span class='ocrx_word' id='word_1_651' title='bbox 3544 3077 3648 3126; x_wconf 70' lang='grc' dir='ltr'>τῶν·</span> <span class='ocrx_word' id='word_1_652' title='bbox 3673 3075 3797 3126; x_wconf 76' lang='grc' dir='ltr'>ἀποι-</span> 
     </span>
    </p>
   </div>
   <div class='ocr_carea' id='block_1_92' title="bbox 2237 3168 3801 3242">
    <p class='ocr_par' dir='ltr' id='par_1_92' title="bbox 2237 3168 3801 3242">
     <span class='ocr_line' id='line_1_92' title="bbox 2237 3168 3801 3242; baseline -0.004 -19"><span class='ocrx_word' id='word_1_653' title='bbox 2237 3174 2436 3225; x_wconf 89' lang='grc' dir='ltr'>στόλων</span> <span class='ocrx_word' id='word_1_654' title='bbox 2479 3174 2660 3241; x_wconf 78' lang='grc' dir='ltr'>φωνὴν</span> <span class='ocrx_word' id='word_1_655' title='bbox 2705 3168 3102 3242; x_wconf 83' lang='grc' dir='ltr'>ἀποκρίνασθαι</span> <span class='ocrx_word' id='word_1_656' title='bbox 3144 3200 3162 3230; x_wconf 83' lang='grc'><strong>,</strong></span> <span class='ocrx_word' id='word_1_657' title='bbox 3325 3168 3405 3218; x_wconf 83' lang='grc' dir='ltr'>ὅτι</span> <span class='ocrx_word' id='word_1_658' title='bbox 3456 3169 3801 3233; x_wconf 64' lang='grc' dir='ltr'>Πειθαρχεῖν</span> 
     </span>
    </p>
   </div>
   <div class='ocr_carea' id='block_1_93' title="bbox 2237 3251 3799 3330">
    <p class='ocr_par' dir='ltr' id='par_1_93' title="bbox 2237 3251 3799 3330">
     <span class='ocr_line' id='line_1_93' title="bbox 2237 3251 3799 3330; baseline -0.007 -16"><span class='ocrx_word' id='word_1_659' title='bbox 2237 3260 2357 3325; x_wconf 84' lang='grc' dir='ltr'>Θεῷ</span> <span class='ocrx_word' id='word_1_660' title='bbox 2387 3261 2482 3314; x_wconf 78' lang='grc' dir='ltr'><strong>δεῖ</strong></span> <span class='ocrx_word' id='word_1_661' title='bbox 2489 3259 2727 3330; x_wconf 72' lang='grc' dir='ltr'><strong>μᾶλλον</strong></span> <span class='ocrx_word' id='word_1_662' title='bbox 2748 3259 2784 3326; x_wconf 80' lang='grc' dir='ltr'>ἢ</span> <span class='ocrx_word' id='word_1_663' title='bbox 2813 3255 3161 3324; x_wconf 75' lang='grc' dir='ltr'>ἀνθρώποις.</span> <span class='ocrx_word' id='word_1_664' title='bbox 3196 3255 3256 3306; x_wconf 85' lang='grc' dir='ltr'>Εἰ</span> <span class='ocrx_word' id='word_1_665' title='bbox 3283 3253 3390 3323; x_wconf 78' lang='grc' dir='ltr'><strong>γὰρ</strong></span> <span class='ocrx_word' id='word_1_666' title='bbox 3421 3254 3447 3305; x_wconf 86' lang='grc' dir='ltr'>ὁ</span> <span class='ocrx_word' id='word_1_667' title='bbox 3473 3252 3568 3322; x_wconf 86' lang='grc' dir='ltr'><strong>μὲν</strong></span> <span class='ocrx_word' id='word_1_668' title='bbox 3599 3251 3799 3322; x_wconf 79' lang='grc' dir='ltr'>Κύριος</span> 
     </span>
    </p>
   </div>
   <div class='ocr_carea' id='block_1_94' title="bbox 2236 3344 3800 3423">
    <p class='ocr_par' dir='ltr' id='par_1_94' title="bbox 2236 3344 3800 3423">
     <span class='ocr_line' id='line_1_94' title="bbox 2236 3344 3800 3423; baseline -0.006 -19"><span class='ocrx_word' id='word_1_669' title='bbox 2236 3353 2420 3421; x_wconf 82' lang='grc' dir='ltr'>σαφῶς</span> <span class='ocrx_word' id='word_1_670' title='bbox 2455 3355 2512 3406; x_wconf 84' lang='grc' dir='ltr'>ὲν</span> <span class='ocrx_word' id='word_1_671' title='bbox 2553 3355 2617 3423; x_wconf 83' lang='grc' dir='ltr'>τῇ</span> <span class='ocrx_word' id='word_1_672' title='bbox 2654 3351 2946 3421; x_wconf 80' lang='grc' dir='ltr'>παραδόσει</span> <span class='ocrx_word' id='word_1_673' title='bbox 2982 3347 3074 3400; x_wconf 89' lang='grc' dir='ltr'><strong>τοῦ</strong></span> <span class='ocrx_word' id='word_1_674' title='bbox 3124 3345 3388 3417; x_wconf 78' lang='grc' dir='ltr'>σωτηρίου</span> <span class='ocrx_word' id='word_1_675' title='bbox 3430 3344 3800 3414; x_wconf 80' lang='grc' dir='ltr'>βαπτίσματος</span> 
     </span>
    </p>
   </div>
   <div class='ocr_carea' id='block_1_95' title="bbox 2235 3435 3796 3518">
    <p class='ocr_par' dir='ltr' id='par_1_95' title="bbox 2235 3435 3796 3518">
     <span class='ocr_line' id='line_1_95' title="bbox 2235 3435 3796 3518; baseline -0.009 -19"><span class='ocrx_word' id='word_1_676' title='bbox 2235 3445 2534 3518; x_wconf 83' lang='grc' dir='ltr'>προσέταξε</span> <span class='ocrx_word' id='word_1_677' title='bbox 2568 3447 2680 3507; x_wconf 88' lang='grc' dir='ltr'>τοῖς</span> <span class='ocrx_word' id='word_1_678' title='bbox 2711 3445 2982 3513; x_wconf 80' lang='grc' dir='ltr'>μαθηταῖς</span> <span class='ocrx_word' id='word_1_679' title='bbox 3031 3439 3309 3510; x_wconf 75' lang='grc' dir='ltr'>βαπτίζειν</span> <span class='ocrx_word' id='word_1_680' title='bbox 3355 3437 3529 3489; x_wconf 84' lang='grc' dir='ltr'>πάντα</span> <span class='ocrx_word' id='word_1_681' title='bbox 3568 3436 3638 3489; x_wconf 81' lang='grc' dir='ltr'>τὰ</span> <span class='ocrx_word' id='word_1_682' title='bbox 3677 3435 3796 3503; x_wconf 76' lang='grc' dir='ltr'>ἔθνη</span> 
     </span>
    </p>
   </div>
   <div class='ocr_carea' id='block_1_96' title="bbox 2235 3525 3795 3605">
    <p class='ocr_par' dir='ltr' id='par_1_96' title="bbox 2235 3525 3795 3605">
     <span class='ocr_line' id='line_1_96' title="bbox 2235 3525 3795 3605; baseline -0.009 -16"><span class='ocrx_word' id='word_1_683' title='bbox 2235 3537 2312 3598; x_wconf 86' lang='grc' dir='ltr'>εἰς</span> <span class='ocrx_word' id='word_1_684' title='bbox 2355 3535 2525 3605; x_wconf 77' lang='grc' dir='ltr'>ὄνομα</span> <span class='ocrx_word' id='word_1_685' title='bbox 2567 3532 2777 3602; x_wconf 84' lang='grc' dir='ltr'>Πατρὸς</span> <span class='ocrx_word' id='word_1_686' title='bbox 2826 3531 2918 3584; x_wconf 74' lang='grc' dir='ltr'>καὶ</span> <span class='ocrx_word' id='word_1_687' title='bbox 2953 3529 3084 3582; x_wconf 76' lang='grc' dir='ltr'>Υἱοῦ</span> <span class='ocrx_word' id='word_1_688' title='bbox 3129 3529 3221 3579; x_wconf 68' lang='grc' dir='ltr'><strong>καὶ</strong></span> <span class='ocrx_word' id='word_1_689' title='bbox 3269 3526 3422 3593; x_wconf 83' lang='grc' dir='ltr'>ἁγίου</span> <span class='ocrx_word' id='word_1_690' title='bbox 3463 3525 3795 3594; x_wconf 81' lang='grc' dir='ltr'>Πνεύματος,</span> 
     </span>
    </p>
   </div>
   <div class='ocr_carea' id='block_1_97' title="bbox 2232 3613 3798 3693">
    <p class='ocr_par' dir='ltr' id='par_1_97' title="bbox 2232 3613 3798 3693">
     <span class='ocr_line' id='line_1_97' title="bbox 2232 3613 3798 3693; baseline -0.008 -13"><span class='ocrx_word' id='word_1_691' title='bbox 2232 3626 2332 3680; x_wconf 82' lang='grc' dir='ltr'><strong>οὐκ</strong></span> <span class='ocrx_word' id='word_1_692' title='bbox 2361 3623 2608 3689; x_wconf 79' lang='grc' dir='ltr'>ἀπαξιῶν</span> <span class='ocrx_word' id='word_1_693' title='bbox 2636 3623 2733 3693; x_wconf 82' lang='grc' dir='ltr'>τὴν</span> <span class='ocrx_word' id='word_1_694' title='bbox 2765 3623 2900 3693; x_wconf 86' lang='grc' dir='ltr'>πρὸς</span> <span class='ocrx_word' id='word_1_695' title='bbox 2940 3620 3070 3674; x_wconf 80' lang='grc' dir='ltr'>αὐτὸ</span> <span class='ocrx_word' id='word_1_696' title='bbox 3108 3619 3410 3681; x_wconf 82' lang='grc' dir='ltr'>κοινωνίαν,</span> <span class='ocrx_word' id='word_1_697' title='bbox 3442 3613 3587 3670; x_wconf 77' lang='grc' dir='ltr'>οῦτοι</span> <span class='ocrx_word' id='word_1_698' title='bbox 3631 3616 3689 3669; x_wconf 87' lang='grc' dir='ltr'>δὲ</span> <span class='ocrx_word' id='word_1_699' title='bbox 3729 3615 3798 3686; x_wconf 80' lang='grc' dir='ltr'><strong>μὴ</strong></span> 
     </span>
    </p>
   </div>
   <div class='ocr_carea' id='block_1_98' title="bbox 2233 3705 3801 3790">
    <p class='ocr_par' dir='ltr' id='par_1_98' title="bbox 2233 3705 3801 3790">
     <span class='ocr_line' id='line_1_98' title="bbox 2233 3705 3801 3790; baseline -0.01 -19"><span class='ocrx_word' id='word_1_700' title='bbox 2233 3718 2428 3790; x_wconf 84' lang='grc' dir='ltr'>χρῆναι</span> <span class='ocrx_word' id='word_1_701' title='bbox 2462 3715 2593 3770; x_wconf 83' lang='grc' dir='ltr'>αὐτὸ</span> <span class='ocrx_word' id='word_1_702' title='bbox 2619 3715 2794 3783; x_wconf 68' lang='grc' dir='ltr'>Πατρὶ</span> <span class='ocrx_word' id='word_1_703' title='bbox 2825 3714 2916 3765; x_wconf 70' lang='grc' dir='ltr'><strong>καὶ</strong></span> <span class='ocrx_word' id='word_1_704' title='bbox 2943 3709 3054 3780; x_wconf 83' lang='grc' dir='ltr'><strong>Υἱῷ</strong></span> <span class='ocrx_word' id='word_1_705' title='bbox 3077 3710 3394 3762; x_wconf 88' lang='grc' dir='ltr'>συντάσσειν</span> <span class='ocrx_word' id='word_1_706' title='bbox 3423 3706 3662 3774; x_wconf 81' lang='grc' dir='ltr'>λέγουσι’</span> <span class='ocrx_word' id='word_1_707' title='bbox 3687 3705 3801 3766; x_wconf 87' lang='grc' dir='ltr'><strong>πῶς</strong></span> 
     </span>
    </p>
   </div>
   <div class='ocr_carea' id='block_1_99' title="bbox 2233 3794 3801 3878">
    <p class='ocr_par' dir='ltr' id='par_1_99' title="bbox 2233 3794 3801 3878">
     <span class='ocr_line' id='line_1_99' title="bbox 2233 3794 3801 3878; baseline -0.009 -18"><span class='ocrx_word' id='word_1_708' title='bbox 2233 3808 2352 3877; x_wconf 76' lang='grc' dir='ltr'>οὐχὶ</span> <span class='ocrx_word' id='word_1_709' title='bbox 2381 3807 2448 3878; x_wconf 79' lang='grc' dir='ltr'>τῇ</span> <span class='ocrx_word' id='word_1_710' title='bbox 2476 3803 2569 3858; x_wconf 88' lang='grc' dir='ltr'><strong>τοῦ</strong></span> <span class='ocrx_word' id='word_1_711' title='bbox 2601 3802 2734 3856; x_wconf 89' lang='grc' dir='ltr'>Θεοῦ</span> <span class='ocrx_word' id='word_1_712' title='bbox 2766 3802 2992 3871; x_wconf 80' lang='grc' dir='ltr'>διαταγῇ</span> <span class='ocrx_word' id='word_1_713' title='bbox 3025 3799 3304 3871; x_wconf 85' lang='grc' dir='ltr'>προδήλως</span> <span class='ocrx_word' id='word_1_714' title='bbox 3331 3797 3714 3860; x_wconf 85' lang='grc' dir='ltr'>ἀνθίστανται;</span> <span class='ocrx_word' id='word_1_715' title='bbox 3742 3794 3801 3846; x_wconf 80' lang='grc' dir='ltr'><strong>Εἰ</strong></span> 
     </span>
    </p>
   </div>
   <div class='ocr_carea' id='block_1_100' title="bbox 2237 3887 3802 3968">
    <p class='ocr_par' dir='ltr' id='par_1_100' title="bbox 2237 3887 3802 3968">
     <span class='ocr_line' id='line_1_100' title="bbox 2237 3887 3802 3968; baseline -0.008 -18"><span class='ocrx_word' id='word_1_716' title='bbox 2237 3899 2334 3968; x_wconf 82' lang='grc' dir='ltr'><strong>μὲν</strong></span> <span class='ocrx_word' id='word_1_717' title='bbox 2369 3897 2474 3967; x_wconf 78' lang='grc' dir='ltr'><strong>γὰρ</strong></span> <span class='ocrx_word' id='word_1_718' title='bbox 2517 3896 2615 3948; x_wconf 82' lang='grc' dir='ltr'><strong>οὐκ</strong></span> <span class='ocrx_word' id='word_1_719' title='bbox 2652 3890 2789 3947; x_wconf 81' lang='grc' dir='ltr'>εἶναί</span> <span class='ocrx_word' id='word_1_720' title='bbox 2825 3910 2954 3961; x_wconf 75' lang='grc' dir='ltr'>φασι</span> <span class='ocrx_word' id='word_1_721' title='bbox 2989 3893 3088 3962; x_wconf 79' lang='grc' dir='ltr'><strong>τὴν</strong></span> <span class='ocrx_word' id='word_1_722' title='bbox 3125 3891 3377 3958; x_wconf 83' lang='grc' dir='ltr'>τοιαύτην</span> <span class='ocrx_word' id='word_1_723' title='bbox 3412 3887 3663 3953; x_wconf 80' lang='grc' dir='ltr'>σύνταξιν</span> <span class='ocrx_word' id='word_1_724' title='bbox 3692 3904 3802 3939; x_wconf 86' lang='grc' dir='ltr'>κοι-</span> 
     </span>
    </p>
   </div>
   <div class='ocr_carea' id='block_1_101' title="bbox 2233 3979 3799 4052">
    <p class='ocr_par' dir='ltr' id='par_1_101' title="bbox 2233 3979 3799 4052">
     <span class='ocr_line' id='line_1_101' title="bbox 2233 3979 3799 4052; baseline -0.008 -11"><span class='ocrx_word' id='word_1_725' title='bbox 2233 3989 2424 4050; x_wconf 88' lang='grc' dir='ltr'>νωνίας</span> <span class='ocrx_word' id='word_1_726' title='bbox 2475 3987 2617 4049; x_wconf 82' lang='grc' dir='ltr'>τινὸς</span> <span class='ocrx_word' id='word_1_727' title='bbox 2661 3985 2753 4038; x_wconf 70' lang='grc' dir='ltr'><strong>καὶ</strong></span> <span class='ocrx_word' id='word_1_728' title='bbox 2787 3983 3080 4052; x_wconf 71' lang='grc' dir='ltr'>συναφείας</span> <span class='ocrx_word' id='word_1_729' title='bbox 3113 3981 3433 4048; x_wconf 77' lang='grc' dir='ltr'>δηλωτικὴν,</span> <span class='ocrx_word' id='word_1_730' title='bbox 3470 3979 3799 4039; x_wconf 81' lang='grc' dir='ltr'>εἰπάτωσαν,</span> 
     </span>
    </p>
   </div>
   <div class='ocr_carea' id='block_1_102' title="bbox 2230 4069 3801 4149">
    <p class='ocr_par' dir='ltr' id='par_1_102' title="bbox 2230 4069 3801 4149">
     <span class='ocr_line' id='line_1_102' title="bbox 2230 4069 3801 4149; baseline -0.009 -16"><span class='ocrx_word' id='word_1_731' title='bbox 2230 4080 2283 4133; x_wconf 87' lang='grc' dir='ltr'><strong>τί</strong></span> <span class='ocrx_word' id='word_1_732' title='bbox 2318 4079 2414 4149; x_wconf 79' lang='grc' dir='ltr'><strong>μὲν</strong></span> <span class='ocrx_word' id='word_1_733' title='bbox 2443 4077 2681 4148; x_wconf 78' lang='grc' dir='ltr'>νομίζειν</span> <span class='ocrx_word' id='word_1_734' title='bbox 2710 4075 2866 4127; x_wconf 88' lang='grc' dir='ltr'>τοῦτο</span> <span class='ocrx_word' id='word_1_735' title='bbox 2895 4075 3196 4146; x_wconf 73' lang='grc' dir='ltr'>προσήκεις</span> <span class='ocrx_word' id='word_1_736' title='bbox 3234 4072 3352 4124; x_wconf 87' lang='grc' dir='ltr'>τίνα</span> <span class='ocrx_word' id='word_1_737' title='bbox 3381 4070 3435 4122; x_wconf 83' lang='grc' dir='ltr'>δὲ</span> <span class='ocrx_word' id='word_1_738' title='bbox 3463 4069 3648 4138; x_wconf 79' lang='grc' dir='ltr'>ἓτερον</span> <span class='ocrx_word' id='word_1_739' title='bbox 3679 4084 3801 4120; x_wconf 82' lang='grc' dir='ltr'>συν-</span> 
     </span>
    </p>
   </div>
   <div class='ocr_carea' id='block_1_103' title="bbox 2231 4155 3800 4239">
    <p class='ocr_par' dir='ltr' id='par_1_103' title="bbox 2231 4155 3800 4239">
     <span class='ocr_line' id='line_1_103' title="bbox 2231 4155 3800 4239; baseline -0.01 -17"><span class='ocrx_word' id='word_1_740' title='bbox 2231 4169 2424 4238; x_wconf 73' lang='grc' dir='ltr'>αφείας</span> <span class='ocrx_word' id='word_1_741' title='bbox 2465 4167 2665 4239; x_wconf 86' lang='grc' dir='ltr'>τρόπον</span> <span class='ocrx_word' id='word_1_742' title='bbox 2715 4166 3042 4234; x_wconf 85' lang='grc' dir='ltr'>οἰκειότερον</span> <span class='ocrx_word' id='word_1_743' title='bbox 3083 4163 3299 4233; x_wconf 73' lang='grc' dir='ltr'>ἓχουσις</span> <span class='ocrx_word' id='word_1_744' title='bbox 3340 4161 3598 4226; x_wconf 65' lang='grc' dir='ltr'>Καίττοιγε</span> <span class='ocrx_word' id='word_1_745' title='bbox 3639 4159 3688 4209; x_wconf 83' lang='grc' dir='ltr'><strong>εί</strong></span> <span class='ocrx_word' id='word_1_746' title='bbox 3729 4155 3800 4226; x_wconf 81' lang='grc' dir='ltr'>μὴ</span> 
     </span>
    </p>
   </div>
   <div class='ocr_carea' id='block_1_104' title="bbox 2234 4248 3802 4330">
    <p class='ocr_par' dir='ltr' id='par_1_104' title="bbox 2234 4248 3802 4330">
     <span class='ocr_line' id='line_1_104' title="bbox 2234 4248 3802 4330; baseline -0.009 -16"><span class='ocrx_word' id='word_1_747' title='bbox 2234 4260 2467 4330; x_wconf 73' lang='grc' dir='ltr'>συνῆψεν</span> <span class='ocrx_word' id='word_1_748' title='bbox 2503 4259 2532 4310; x_wconf 83' lang='grc' dir='ltr'>ὁ</span> <span class='ocrx_word' id='word_1_749' title='bbox 2561 4257 2765 4328; x_wconf 81' lang='grc' dir='ltr'>Κύριος</span> <span class='ocrx_word' id='word_1_750' title='bbox 2813 4255 2991 4324; x_wconf 81' lang='grc' dir='ltr'>ἐαυτῷ</span> <span class='ocrx_word' id='word_1_751' title='bbox 3028 4257 3121 4308; x_wconf 80' lang='grc' dir='ltr'><strong>καὶ</strong></span> <span class='ocrx_word' id='word_1_752' title='bbox 3153 4253 3228 4323; x_wconf 84' lang='grc' dir='ltr'>τῷ</span> <span class='ocrx_word' id='word_1_753' title='bbox 3260 4254 3434 4324; x_wconf 65' lang='grc' dir='ltr'><strong>Πσιτρλ⁸</strong></span> <span class='ocrx_word' id='word_1_754' title='bbox 3471 4251 3532 4303; x_wconf 78' lang='grc' dir='ltr'>τὺ</span> <span class='ocrx_word' id='word_1_755' title='bbox 3582 4248 3802 4319; x_wconf 79' lang='grc' dir='ltr'>Πνεῦμα</span> 
     </span>
    </p>
   </div>
   <div class='ocr_carea' id='block_1_105' title="bbox 3364 4344 3801 4416">
    <p class='ocr_par' dir='ltr' id='par_1_105' title="bbox 3364 4344 3801 4416">
     <span class='ocr_line' id='line_1_105' title="bbox 3364 4344 3801 4416; baseline -0.009 -19"><span class='ocrx_word' id='word_1_756' title='bbox 3364 4345 3462 4416; x_wconf 79' lang='grc' dir='ltr'><strong>τὴν</strong></span> <span class='ocrx_word' id='word_1_757' title='bbox 3513 4344 3801 4412; x_wconf 78' lang='grc' dir='ltr'>συνάφειαν</span> 
     </span>
    </p>
   </div>
   <div class='ocr_carea' id='block_1_106' title="bbox 2232 4433 3800 4512">
    <p class='ocr_par' dir='ltr' id='par_1_106' title="bbox 2232 4433 3800 4512">
     <span class='ocr_line' id='line_1_106' title="bbox 2232 4433 3800 4512; baseline -0.006 -16"><span class='ocrx_word' id='word_1_758' title='bbox 2232 4438 2665 4512; x_wconf 74' lang='grc' dir='ltr'>ἐγκαλείτωσανῖ</span> <span class='ocrx_word' id='word_1_759' title='bbox 2709 4439 2874 4492; x_wconf 76' lang='grc' dir='ltr'>Οὐδὲν</span> <span class='ocrx_word' id='word_1_760' title='bbox 2922 4437 3034 4509; x_wconf 77' lang='grc' dir='ltr'>γὰρ</span> <span class='ocrx_word' id='word_1_761' title='bbox 3083 4439 3241 4508; x_wconf 79' lang='grc' dir='ltr'>ἡμεῖς</span> <span class='ocrx_word' id='word_1_762' title='bbox 3291 4436 3627 4506; x_wconf 80' lang='grc' dir='ltr'>ἀλλοιότερον</span> <span class='ocrx_word' id='word_1_763' title='bbox 3678 4433 3800 4487; x_wconf 80' lang='grc' dir='ltr'>οὔτε</span> 
     </span>
    </p>
   </div>
   <div class='ocr_carea' id='block_1_107' title="bbox 2232 4523 3801 4607">
    <p class='ocr_par' dir='ltr' id='par_1_107' title="bbox 2232 4523 3801 4607">
     <span class='ocr_line' id='line_1_107' title="bbox 2232 4523 3801 4607; baseline -0.008 -18"><span class='ocrx_word' id='word_1_764' title='bbox 2232 4535 2554 4607; x_wconf 80' lang='grc' dir='ltr'>φρονοῦμεν,</span> <span class='ocrx_word' id='word_1_765' title='bbox 2585 4533 2707 4586; x_wconf 66' lang='grc' dir='ltr'>οὔτε</span> <span class='ocrx_word' id='word_1_766' title='bbox 2737 4530 3105 4602; x_wconf 75' lang='grc' dir='ltr'>φθεγγόμεθα.</span> <span class='ocrx_word' id='word_1_767' title='bbox 3132 4530 3194 4581; x_wconf 82' lang='lat' dir='ltr'><strong>Ei</strong></span> <span class='ocrx_word' id='word_1_768' title='bbox 3219 4529 3274 4581; x_wconf 81' lang='grc' dir='ltr'>δὲ</span> <span class='ocrx_word' id='word_1_769' title='bbox 3299 4529 3567 4598; x_wconf 74' lang='grc' dir='ltr'>συνῆπται</span> <span class='ocrx_word' id='word_1_770' title='bbox 3593 4527 3709 4578; x_wconf 84' lang='grc' dir='ltr'>ἐκεῖ</span> <span class='ocrx_word' id='word_1_771' title='bbox 3727 4523 3801 4595; x_wconf 83' lang='grc' dir='ltr'>τῷ</span> 
     </span>
    </p>
   </div>
   <div class='ocr_carea' id='block_1_108' title="bbox 2233 4616 3798 4696">
    <p class='ocr_par' dir='ltr' id='par_1_108' title="bbox 2233 4616 3798 4696">
     <span class='ocr_line' id='line_1_108' title="bbox 2233 4616 3798 4696; baseline -0.006 -18"><span class='ocrx_word' id='word_1_772' title='bbox 2233 4628 2405 4696; x_wconf 67' lang='grc' dir='ltr'>Πατρὶ</span> <span class='ocrx_word' id='word_1_773' title='bbox 2440 4626 2533 4678; x_wconf 75' lang='grc' dir='ltr'><strong>καὶ</strong></span> <span class='ocrx_word' id='word_1_774' title='bbox 2574 4625 2652 4695; x_wconf 79' lang='grc' dir='ltr'><strong>τῷ</strong></span> <span class='ocrx_word' id='word_1_775' title='bbox 2697 4623 2832 4692; x_wconf 55' lang='lat' dir='ltr'><strong>ne,</strong></span> <span class='ocrx_word' id='word_1_776' title='bbox 2870 4624 2962 4674; x_wconf 71' lang='grc' dir='ltr'>καὶ</span> <span class='ocrx_word' id='word_1_777' title='bbox 2993 4622 3165 4683; x_wconf 73' lang='grc' dir='ltr'>οὐδεὶς</span> <span class='ocrx_word' id='word_1_778' title='bbox 3189 4619 3377 4692; x_wconf 73' lang='grc' dir='ltr'><strong>⁸οὕτως</strong></span> <span class='ocrx_word' id='word_1_779' title='bbox 3409 4619 3627 4689; x_wconf 79' lang='grc' dir='ltr'>ἀναιδὴς</span> <span class='ocrx_word' id='word_1_780' title='bbox 3665 4616 3798 4669; x_wconf 83' lang='grc' dir='ltr'>ὥστε</span> 
     </span>
    </p>
   </div>
   <div class='ocr_carea' id='block_1_109' title="bbox 2231 4708 3799 4787">
    <p class='ocr_par' dir='ltr' id='par_1_109' title="bbox 2231 4708 3799 4787">
     <span class='ocr_line' id='line_1_109' title="bbox 2231 4708 3799 4787; baseline -0.007 -16"><span class='ocrx_word' id='word_1_781' title='bbox 2231 4719 2356 4771; x_wconf 75' lang='grc' dir='ltr'>ἄλλο</span> <span class='ocrx_word' id='word_1_782' title='bbox 2388 4735 2439 4770; x_wconf 90' lang='grc' dir='ltr'><strong>τι</strong></span> <span class='ocrx_word' id='word_1_783' title='bbox 2485 4717 2675 4787; x_wconf 75' lang='grc' dir='ltr'>φῆσαι,</span> <span class='ocrx_word' id='word_1_784' title='bbox 2727 4715 2846 4785; x_wconf 87' lang='grc' dir='ltr'>μηδ’</span> <span class='ocrx_word' id='word_1_785' title='bbox 2885 4712 3056 4775; x_wconf 72' lang='grc' dir='ltr'>οὕτως</span> <span class='ocrx_word' id='word_1_786' title='bbox 3106 4713 3235 4781; x_wconf 79' lang='grc' dir='ltr'>ἡμῖν</span> <span class='ocrx_word' id='word_1_787' title='bbox 3281 4710 3704 4780; x_wconf 73' lang='grc' dir='ltr'>ἐγκαλείτωσαν,</span> <span class='ocrx_word' id='word_1_788' title='bbox 3753 4708 3799 4759; x_wconf 84' lang='grc' dir='ltr'><strong>εί</strong></span> 
     </span>
    </p>
   </div>
   <div class='ocr_carea' id='block_1_110' title="bbox 2232 4804 3212 4879">
    <p class='ocr_par' dir='ltr' id='par_1_110' title="bbox 2232 4804 3212 4879">
     <span class='ocr_line' id='line_1_110' title="bbox 2232 4804 3212 4879; baseline -0.008 -15"><span class='ocrx_word' id='word_1_789' title='bbox 2232 4814 2340 4873; x_wconf 83' lang='grc' dir='ltr'>τοῖς</span> <span class='ocrx_word' id='word_1_790' title='bbox 2367 4807 2773 4879; x_wconf 80' lang='grc' dir='ltr'>γεγραμμένοις</span> <span class='ocrx_word' id='word_1_791' title='bbox 2795 4804 3212 4873; x_wconf 81' lang='grc' dir='ltr'>ἀκολουθοῦμεν.</span> 
     </span>
    </p>
   </div>
   <div class='ocr_carea' id='block_1_111' title="bbox 2441 4975 3798 5054">
    <p class='ocr_par' dir='ltr' id='par_1_111' title="bbox 2441 4975 3798 5054">
     <span class='ocr_line' id='line_1_111' title="bbox 2441 4975 3798 5054; baseline -0.007 -18"><span class='ocrx_word' id='word_1_792' title='bbox 2441 4983 2574 5036; x_wconf 81' lang='grc' dir='ltr'>Ἀλλ’</span> <span class='ocrx_word' id='word_1_793' title='bbox 2601 4985 2633 5054; x_wconf 83' lang='grc' dir='ltr'>ἡ</span> <span class='ocrx_word' id='word_1_794' title='bbox 2660 4984 2754 5054; x_wconf 82' lang='grc' dir='ltr'><strong>μὲν</strong></span> <span class='ocrx_word' id='word_1_795' title='bbox 2779 4981 3100 5052; x_wconf 80' lang='grc' dir='ltr'>παρασκευὴ</span> <span class='ocrx_word' id='word_1_796' title='bbox 3126 4977 3217 5031; x_wconf 87' lang='grc' dir='ltr'><strong>τοῦ</strong></span> <span class='ocrx_word' id='word_1_797' title='bbox 3247 4978 3369 5031; x_wconf 82' lang='grc' dir='ltr'>καθ’</span> <span class='ocrx_word' id='word_1_798' title='bbox 3393 4976 3549 5047; x_wconf 80' lang='grc' dir='ltr'>ἡμῶν</span> <span class='ocrx_word' id='word_1_799' title='bbox 3570 4975 3798 5044; x_wconf 79' lang='grc' dir='ltr'>πολέμου</span> 
     </span>
    </p>
   </div>
   <div class='ocr_carea' id='block_1_112' title="bbox 2232 5068 3796 5146">
    <p class='ocr_par' dir='ltr' id='par_1_112' title="bbox 2232 5068 3796 5146">
     <span class='ocr_line' id='line_1_112' title="bbox 2232 5068 3796 5146; baseline -0.007 -18"><span class='ocrx_word' id='word_1_800' title='bbox 2232 5075 2520 5146; x_wconf 78' lang='grc' dir='ltr'>ἐξήρτυται</span> <span class='ocrx_word' id='word_1_801' title='bbox 2565 5109 2580 5135; x_wconf 82' lang='lat'><strong>,</strong></span> <span class='ocrx_word' id='word_1_802' title='bbox 2694 5073 2787 5126; x_wconf 71' lang='grc' dir='ltr'><strong>καὶ</strong></span> <span class='ocrx_word' id='word_1_803' title='bbox 2815 5073 2964 5124; x_wconf 79' lang='grc' dir='ltr'>πᾶσα</span> <span class='ocrx_word' id='word_1_804' title='bbox 2991 5071 3196 5124; x_wconf 86' lang='grc' dir='ltr'>διάνοια</span> <span class='ocrx_word' id='word_1_805' title='bbox 3227 5070 3362 5140; x_wconf 80' lang='grc' dir='ltr'>πρὸς</span> <span class='ocrx_word' id='word_1_806' title='bbox 3391 5069 3538 5138; x_wconf 77' lang='grc' dir='ltr'>ἡμᾶς</span> <span class='ocrx_word' id='word_1_807' title='bbox 3562 5068 3796 5124; x_wconf 76' lang='grc' dir='ltr'>τέταται,</span> 
     </span>
    </p>
   </div>
   <div class='ocr_carea' id='block_1_113' title="bbox 2231 5157 3798 5234">
    <p class='ocr_par' dir='ltr' id='par_1_113' title="bbox 2231 5157 3798 5234">
     <span class='ocr_line' id='line_1_113' title="bbox 2231 5157 3798 5234; baseline -0.006 -17"><span class='ocrx_word' id='word_1_808' title='bbox 2231 5166 2324 5218; x_wconf 68' lang='grc' dir='ltr'>καὶ</span> <span class='ocrx_word' id='word_1_809' title='bbox 2360 5165 2596 5234; x_wconf 88' lang='grc' dir='ltr'>γλῶσσαι</span> <span class='ocrx_word' id='word_1_810' title='bbox 2628 5163 2961 5234; x_wconf 68' lang='grc' dir='ltr'>βλασφήμων</span> <span class='ocrx_word' id='word_1_811' title='bbox 2996 5157 3097 5216; x_wconf 83' lang='grc' dir='ltr'>ὦδε</span> <span class='ocrx_word' id='word_1_812' title='bbox 3134 5160 3413 5225; x_wconf 81' lang='grc' dir='ltr'>τοξεύουσι</span> <span class='ocrx_word' id='word_1_813' title='bbox 3451 5158 3798 5229; x_wconf 72' lang='grc' dir='ltr'>σφοδρότερον</span> 
     </span>
    </p>
   </div>
   <div class='ocr_carea' id='block_1_114' title="bbox 2232 5246 3801 5327">
    <p class='ocr_par' dir='ltr' id='par_1_114' title="bbox 2232 5246 3801 5327">
     <span class='ocr_line' id='line_1_114' title="bbox 2232 5246 3801 5327; baseline -0.007 -17"><span class='ocrx_word' id='word_1_814' title='bbox 2232 5256 2518 5327; x_wconf 82' lang='grc' dir='ltr'>βάλλουσαι</span> <span class='ocrx_word' id='word_1_815' title='bbox 2540 5256 2570 5327; x_wconf 83' lang='grc' dir='ltr'>ἢ</span> <span class='ocrx_word' id='word_1_816' title='bbox 2594 5256 2683 5310; x_wconf 72' lang='grc' dir='ltr'>τὸν</span> <span class='ocrx_word' id='word_1_817' title='bbox 2706 5255 2973 5323; x_wconf 79' lang='grc' dir='ltr'>Στέφανον</span> <span class='ocrx_word' id='word_1_818' title='bbox 2997 5255 3110 5308; x_wconf 88' lang='grc' dir='ltr'>τότε</span> <span class='ocrx_word' id='word_1_819' title='bbox 3127 5257 3236 5317; x_wconf 90' lang='grc' dir='ltr'>τοῖς</span> <span class='ocrx_word' id='word_1_820' title='bbox 3257 5252 3424 5314; x_wconf 87' lang='grc' dir='ltr'>λίθοις</span> <span class='ocrx_word' id='word_1_821' title='bbox 3445 5251 3493 5303; x_wconf 77' lang='grc' dir='ltr'><strong>οἱ</strong></span> <span class='ocrx_word' id='word_1_822' title='bbox 3519 5246 3801 5323; x_wconf 73' lang='grc' dir='ltr'>χριστοιρό-</span> 
     </span>
    </p>
   </div>
   <div class='ocr_carea' id='block_1_115' title="bbox 2229 5343 3801 5421">
    <p class='ocr_par' dir='ltr' id='par_1_115' title="bbox 2229 5343 3801 5421">
     <span class='ocr_line' id='line_1_115' title="bbox 2229 5343 3801 5421; baseline -0.001 -18"><span class='ocrx_word' id='word_1_823' title='bbox 2229 5365 2328 5405; x_wconf 82' lang='grc' dir='ltr'>νοι·</span> <span class='ocrx_word' id='word_1_824' title='bbox 2372 5352 2445 5421; x_wconf 81' lang='grc' dir='ltr'><strong>μὴ</strong></span> <span class='ocrx_word' id='word_1_825' title='bbox 2489 5350 2902 5404; x_wconf 83' lang='grc' dir='ltr'>λανθανέτωσαν</span> <span class='ocrx_word' id='word_1_826' title='bbox 2942 5351 3019 5418; x_wconf 70' lang='grc' dir='ltr'>δὲ,</span> <span class='ocrx_word' id='word_1_827' title='bbox 3063 5349 3147 5404; x_wconf 83' lang='grc' dir='ltr'><strong>ὅτι</strong></span> <span class='ocrx_word' id='word_1_828' title='bbox 3193 5348 3486 5421; x_wconf 82' lang='grc' dir='ltr'>πρόσχημα</span> <span class='ocrx_word' id='word_1_829' title='bbox 3530 5344 3630 5418; x_wconf 80' lang='grc' dir='ltr'>μὲν</span> <span class='ocrx_word' id='word_1_830' title='bbox 3660 5343 3801 5415; x_wconf 73' lang='grc' dir='ltr'>ἡμᾶς</span> 
     </span>
    </p>
   </div>
  </div>
