4030 6222
293 251 413 318 ’145

1294 253 1667 314 I‘ANOPLIA
1711 252 2166 314 DOGMATICA.
2196 277 2266 288 —
2289 254 2434 316 TIT.
2478 252 2612 318 XII.

3459 257 3562 320 7ίῦ

304 391 338 444 ὁ
374 388 613 460 πόλεμος
646 387 780 459 ἔχει,
815 389 847 459 ἠ
882 386 936 440 δὲ
960 387 1181 459 ἀλήθεια
1214 387 1321 440 τῶν
1347 387 1644 458 γινομένων
1671 387 1807 459 πρὸς
1831 386 1886 441 τὸ

1991 401 2091 443 nos
2114 385 2331 456 quidem
2357 399 2478 441 esse
2505 382 2633 440 belli
2658 383 3003 442 occasionem
3027 423 3042 450 ,
3087 385 3184 440 sed
3229 401 3348 456 quae
3387 402 3559 457 aguno-

305 480 445 549 ῦιξιος
471 479 678 548 βλέπει.
707 480 866 532 Ὥστε
900 479 986 548 ἐφ’
1015 481 1160 551 ἡμᾶς
1198 479 1298 550 μὲν
1329 479 1488 551 δῆθεν
1512 480 1610 544 τὰς
1643 479 1890 552 μηχανὰς

305 573 404 625 καὶ
440 571 538 634 τὰς
566 572 788 644 ἐνέδρας
823 571 1290 638 διασκευάζονται,
1335 574 1428 628 καὶ
1469 572 1717 646 ἀλλήλοις
1735 575 1894 642 ἐγκε-

303 662 556 717 λεύονται
602 663 936 735 ἐπιϐοηθεῖν,
983 665 1059 729 ὡς
1100 665 1330 729 ἕκαστος
1367 665 1477 736 ἔχει
1524 666 1815 736 ἐμπειρίας
1855 663 1888 735 ἢ

312 753 528 825 ῥώμης.
558 754 746 817 Πίστις
775 755 834 808 δέ
870 757 985 808 ἐστι
1023 756 1083 808 τὸ
1121 754 1547 827 πολεμούμενον,
1589 755 1682 809 καὶ
1711 755 1888 819 κοινὸς

310 846 520 910 σκοπὸς
564 847 738 899 ἅπασι
775 848 889 909 τοῖς
930 847 1196 911 ἐναντίοις
1224 849 1317 902 καὶ
1344 848 1558 920 ἐχθροῖς
1584 847 1685 918 τῆς
1714 849 1892 917 ὑγιαι-

305 937 511 1009 νούσης
538 936 884 1002 διδασκαλίας
908 938 970 991 τὸ
1000 939 1287 1010 στερέωμα
1309 939 1408 1012 τῆς
1435 941 1516 1002 εἰς
1545 937 1777 1011 Χριστὸν
1800 937 1889 991 πί-

309 1044 486 1089 στεως
506 1029 844 1092 κατασεῖσαι,
872 1027 936 1078 ἐκ
965 1026 1058 1080 τοῦ
1083 1027 1181 1098 τὴν
1207 1027 1568 1098 ἀποστολικὴν
1591 1027 1889 1099 παράδοσιν

307 1116 691 1187 ἐδαφισθεῖσαν
724 1116 1111 1186 ἀφανισθῆναι.
1141 1116 1238 1170 Διά
1269 1117 1446 1181 τοῦτο,
1479 1118 1554 1180 ὡς
1585 1119 1693 1172 τῶν
1715 1135 1888 1190 χρεω-

307 1207 575 1278 φειλετῶν
602 1210 651 1260 οἱ
683 1207 842 1279 δῆθεν
877 1206 1217 1278 εὐγνώμονες
1251 1243 1268 1273 ,
1414 1206 1513 1270 τὰς
1546 1209 1610 1260 ἐκ
1650 1207 1760 1261 τῶν
1792 1210 1886 1277 ἐγ-

305 1300 541 1372 γράφων
593 1297 895 1363 ἀποδείξεις
942 1297 1290 1363 ἐπιϐοῶνται,
1336 1297 1434 1368 τὴν
1489 1298 1734 1370 ἄγραφον
1776 1298 1886 1352 τῶν

304 1391 571 1463 Πατέρων
604 1389 910 1462 μαρτυρίαν
943 1389 1018 1453 ὡς
1054 1389 1266 1453 οὐδενὸς
1297 1390 1451 1456 ἀξίαν
1486 1389 1886 1461 ἀποπεμπόμε-

304 1502 411 1538 νοι.
481 1483 618 1537 Ἀλλ’
671 1483 732 1536 ού
784 1481 896 1553 γὰρ
951 1481 1270 1554 ὑφησόμεθα
1304 1483 1402 1554 τῆς
1441 1483 1718 1553 ἀληθείας,
1764 1482 1884 1535 ούδέ

302 1572 481 1642 δειλία
505 1571 600 1642 τὴν
629 1570 942 1644 συμμαχίαν
965 1570 1335 1642 προδώσομεν.
1368 1573 1430 1625 Et
1452 1573 1558 1645 γὰρ
1591 1575 1618 1626 ὁ
1648 1573 1746 1644 μὲν
1769 1573 1884 1626 Κύ-

309 1682 426 1736 ριος
477 1664 552 1727 ὠς
597 1666 892 1732 ἀναγκαῖον
937 1664 1030 1716 καὶ
1073 1665 1338 1735 σωτήριον
1382 1664 1557 1736 δόγμα
1599 1667 1698 1738 τὴν
1748 1666 1884 1738 μετά
1921 1691 1963 1744 ί)

305 1756 524 1829 [ἰατρὸς
557 1755 806 1818 σύνταξιν
837 1755 931 1808 τοῦ
971 1755 1127 1824 ἁγίου
1167 1757 1481 1828 Πνεύματος
1512 1761 1880 1831 παραδέδωκε,

303 1852 417 1912 τοῖς
464 1849 520 1902 δὲ
558 1850 657 1920 οὐχ
694 1847 836 1902 οὕτω
872 1849 1040 1914 δοκεῖ,
1081 1848 1216 1901 ἀλλὰ
1246 1848 1474 1921 διαιρεῖν
1519 1853 1613 1904 καὶ
1648 1853 1882 1925 διασπᾷν

305 1941 402 1995 καὶ
425 1941 517 1992 ἐπὶ
538 1939 633 2010 τὴν
665 1938 828 2009 φύσιν
854 1939 954 2011 τὴν
978 1938 1358 2012 λειτουργικὴν
1523 1941 1844 2013 μετοικίζειν
1862 1959 1878 1978 ο

304 2030 424 2094 πῶς
453 2031 557 2083 οὐκ
581 2029 800 2100 ἀληθὲς,
829 2031 910 2084 ὅτι
937 2031 1037 2103 τὴν
1071 2032 1279 2086 ἑαυτῶν
1313 2032 1658 2105 βλασφημίαν
1681 2053 1881 2108 κυριω-

298 2122 470 2194 τέραν
497 2123 778 2178 ποιοῦνται
809 2125 907 2196 τῆς
938 2123 1032 2177 τοῦ
1071 2125 1339 2178 Δεσπότου
1365 2127 1718 2198 νομοθεσίας;
1741 2129 1878 2201 Φέρε
1930 2192 1942 2204 ι

294 2210 366 2282 δὴ
403 2209 520 2277 οὖν,
552 2217 735 2270 πᾶσαν
769 2221 1098 2288 φιλονεικίαν
1132 2224 1551 2288 καταϐαλόντες,
1586 2225 1880 2295 οῦτωπερὶ

294 2302 412 2358 τῶν
441 2304 501 2358 ἐν
525 2308 685 2379 χερσὶ
707 2311 844 2382 πρὸς
875 2309 1138 2376 ἀλλήλους
1162 2313 1602 2384 διασκεψώμεθα.

497 2483 814 2555 Χριστιανοὶ
839 2485 1002 2540 πόθεν
1028 2488 1219 2559 ἡμεῖς
1251 2489 1351 2543 Διὰ
1371 2491 1472 2561 τῆς
1503 2489 1756 2555 πίστεως,
1779 2494 1887 2555 πᾶς

298 2589 386 2636 τις
414 2572 482 2626 ἂν
521 2575 683 2628 εῐποι.
720 2576 1016 2648 Σωζόμεθα
1051 2578 1109 2632 δὲ
1143 2579 1264 2635 τίνα
1292 2581 1526 2653 τρόπονς
1566 2584 1888 2654 Ἀναγεννιησ⁸

299 2663 488 2728 θέντες
520 2665 760 2738 δηλονότι
790 2666 879 2720 διὰ
911 2668 1011 2738 τῆς
1051 2669 1110 2722 ἐν
1148 2670 1226 2741 τῷ
1276 2671 1612 2743 βαπτίσματι
1644 2673 1884 2745 χάριτος.

296 2753 478 2807 Πόθεν
512 2755 616 2828 γὰρ
655 2756 914 2822 ἄλλοθεν;
951 2755 1086 2812 Εἶτα
1119 2760 1218 2830 τὴν
1255 2761 1532 2832 σωτηρίαν
1560 2761 1764 2832 ταύτην
1800 2761 1890 2816 διά

299 2845 520 2916 Πατρδς
549 2847 645 2900 καὶ
668 2847 799 2900 Υίοῦ
829 2849 922 2902 κα)⁵
960 2850 1118 2917 ἁγίου
1153 2849 1468 2921 Πνεύματος
1497 2850 1888 2924 βεϐαιουμένην

296 2939 696 3007 γνωρίσαντες,
744 2939 803 2992 ὃν
839 2939 1224 3012 παρελάϐομεν
1271 2942 1440 2996 τύπον
1487 2943 1709 3016 διδαχῆς
1749 2961 1886 3016 προ-

1992 487 2081 533 tur
2128 492 2320 537 revera
2368 476 2435 530 ad
2480 475 3077 558 excelsumspcctare.
3126 479 3315 548 Itaque
3358 479 3411 534 in
3457 497 3557 535 nos
3639 479 3644 486 ’

1991 567 2213 639 quidem
2242 567 2525 622 machinas
2555 573 2614 620 et
2635 566 2867 622 insidias
2897 567 3199 631 instruunt,
3237 585 3404 639 seque
3439 587 3560 624 mu-

1993 669 2088 714 tuo
2121 659 2482 719 exhortantur
2509 657 2575 711 ad
2617 656 2872 711 ferendas
2895 659 3207 726 suppetias,
3240 667 3300 713 ut
3329 661 3562 731 quisque

1994 750 2187 822 peritia
2215 755 2308 803 aut
2361 748 2557 802 robore
2597 747 2759 802 valet.
2803 747 3074 803 Caeterum
3125 750 3176 804 id
3209 752 3356 820 quod
3386 768 3564 822 oppu-

1994 846 2253 912 amantur,
2285 836 2418 892 ﬁdes
2440 845 2545 901 est,
2577 838 2732 907 isque
2757 852 2958 906 scopus
2999 841 3306 894 communis
3334 849 3418 896 est
3449 857 3567 895 om-

1994 932 2156 987 nibus
2185 929 2536 994 adversariis,
2568 937 2620 983 et
2650 943 2795 983 sana:
2827 931 3088 984 doctrinae
3117 931 3373 995 inimicis,
3397 941 3453 985 ut
3475 947 3564 988 so-

1997 1022 2263 1077 liditatem
2291 1019 2412 1077 ﬁdei
2448 1020 2503 1074 in
2531 1018 2811 1074 Christum
2843 1021 3180 1084 concutiant,
3216 1023 3564 1094 apostolicam

2004 1113 2354 1168 traditionem
2386 1112 2503 1166 solo
2525 1121 2790 1181 aequatam
2820 1111 3104 1166 abolendo.
3124 1111 3440 1182 EaprOpter,
3459 1118 3567 1171 sic-

2001 1212 2058 1259 ut
2093 1205 2270 1259 solent
2303 1203 2392 1273 qui
2426 1204 2582 1258 bona:
2627 1201 2749 1256 tidei
2785 1202 3064 1258 debitores
3108 1213 3256 1267 sunt,
3289 1207 3568 1274 probatio-

1999 1309 2096 1350 nes
2123 1309 2154 1349 e
2183 1293 2467 1362 Scriptura
2495 1293 2732 1346 clamore
2761 1293 3019 1363 exigunt,
3061 1291 3284 1348 Patrum
3316 1296 3568 1352 testimo-

1999 1385 2170 1447 nium,
2219 1384 2367 1453 quod
2411 1383 2672 1452 scriptum
2706 1399 2814 1438 non
2849 1391 2972 1446 est,
3015 1387 3163 1440 velut
3208 1387 3418 1442 nullius
3454 1404 3569 1444 mo-

2001 1474 2168 1530 menti
2196 1473 2528 1543 rejicientes.
2553 1473 2622 1527 At
2646 1471 2713 1528 de
2743 1474 2946 1528 tuenda
2972 1475 3198 1530 veritate
3222 1476 3354 1530 nihil
3381 1479 3568 1532 remit-

2000 1573 2198 1631 temus,
2222 1580 2398 1634 neque
2428 1565 2641 1635 ignavia
2672 1580 2702 1619 a
2723 1564 2960 1621 ferendis
2986 1567 3061 1620 illi
3090 1571 3311 1626 auxiliis
3339 1572 3569 1626 desiste-

2002 1670 2143 1711 mus.
2181 1653 2397 1709 Etenim
2426 1655 2473 1708 si
2503 1655 2763 1710 Dominus
2792 1657 2970 1720 nobis,
3007 1664 3064 1710 ut
3099 1662 3468 1714 necessarium
3508 1677 3571 1716 ac

2002 1747 2241 1805 salutare
2274 1746 2490 1817 dogma,
2527 1745 2760 1816 Spiritus
2781 1761 2904 1800 cum
2939 1746 3098 1802 Patre
3131 1750 3570 1818 conjunctionem

2003 1836 2245 1903 tradidit;
2283 1836 2366 1890 his
2393 1844 2572 1890 autem
2600 1851 2704 1890 nou
2738 1836 2812 1889 ita
2841 1836 3075 1903 videtur,
3108 1839 3204 1894 sed
3237 1840 3480 1896 dividere
3507 1857 3572 1896 ac

2002 1925 2307 1982 distrahere
2348 1923 2606 1996 Spiritum
2659 1933 2712 1981 et
2746 1926 2814 1982 ad
2854 1928 3106 1983 servilem
3175 1940 3426 1984 naturam
3474 1933 3570 1986 de-

2001 2017 2252 2072 trudere:
2275 2030 2474 2070 annon
2497 2031 2682 2069 verum
2713 2023 2820 2077 est,
2851 2018 2995 2086 apud
3026 2019 3148 2072 illos
3170 2020 3566 2088 blasphemiam

2001 2107 2242 2178 ipsorum
2273 2108 2396 2178 plus
2422 2106 2621 2162 habere
2649 2106 2926 2176 ponderis,
2957 2123 3120 2177 quam
3164 2108 3378 2163 Domini
3420 2122 3562 2179 prte-

1984 2221 2294 2292 scriptum?
2321 2219 2564 2290 Agedum
2597 2218 2762 2289 igitur
2803 2217 2952 2270 omni
3000 2213 3346 2270 contentione
3394 2208 3566 2277 depo-

1997 2313 2124 2377 sita,
2169 2313 2246 2366 ita
2278 2310 2345 2367 de
2374 2311 2441 2366 iis
2466 2326 2588 2381 qua:
2617 2311 2671 2364 in
2701 2307 2952 2362 manibus
2987 2313 3142 2370 sunt;
3165 2303 3307 2358 inter
3321 2315 3422 2356 nos
3452 2299 3567 2356 dis-

1993 2413 2290 2475 ceptemus.

2193 2492 2500 2548 Christiani
2525 2490 2669 2544 unde
2707 2490 2846 2544 nos?
2878 2487 2980 2543 Per
3013 2487 3194 2552 ﬁdem,
3234 2485 3378 2540 dicet
3405 2481 3567 2554 quili-

1993 2585 2102 2640 bet.
2137 2585 2290 2641 Salvi
2323 2593 2504 2639 autem
2531 2582 2714 2646 limus,
2747 2597 2857 2652 quo
2880 2580 3077 2634 modo?
3105 2578 3371 2632 Nimirum
3412 2592 3567 2646 rege-

1990 2678 2166 2732 nerati
2200 2691 2294 2746 per
2316 2675 2545 2746 gratiam
2577 2690 2698 2743 qua:
2731 2671 3012 2727 confertur
3043 2671 3097 2724 in
3121 2669 3408 2739 baptismo.
3429 2666 3564 2720 Nam

1991 2769 2132 2825 unde
2175 2767 2418 2837 alioqui?
2451 2764 2662 2836 Ergone
2702 2771 2991 2835 postquam
3024 2764 3164 2816 hanc
3205 2761 3434 2817 salutem
3472 2772 3568 2827 per

1987 2860 2204 2916 Patrem
2249 2868 2304 2916 et
2345 2857 2541 2913 Filium
2587 2865 2645 2912 et
2689 2857 2950 2927 Spiritum
3001 2862 3251 2909 sanctum
3287 2859 3462 2904 ratam
3502 2864 3568 2903 ac

1988 2951 2260 3006 ﬁrmatam
2293 2949 2640 3012 noverimus,
2673 2946 2929 3000 traditam
2966 2943 3124 2998 nobis
3157 2940 3422 2995 doctrina:
3452 2938 3567 2992 for-

295 3024 678 3098 ησόμεθαςἮ
704 3031 955 3102 μεγάλων
978 3031 1043 3084 ἂν
1071 3032 1158 3104 εἴη
1189 3033 1509 3105 στεναγμῶν
1531 3035 1703 3102 ἀξιον,
1731 3037 1886 3108 εἴπερ

1991 3055 2130 3096 mam
2155 3038 2522 3110 abjiciemus?
2554 3036 2613 3092 id
2637 3036 2884 3107 profecto
2912 3035 3095 3090 multis
3127 3034 3349 3104 dignum
3383 3030 3568 3101 suspi-

297 3118 672 3190 εὑρισκόμεθα
711 3120 807 3176 νῦν
840 3123 1243 3204 μακρυνὸμενοι
1271 3125 1472 3196 μᾶλλον
1501 3126 1611 3180 ἀπὸ
1639 3125 1742 3197 τῆς
1782 3143 1888 3180 σω-

295 3207 499 3278 τηρίας
528 3209 707 3280 ημῶν,
741 3209 774 3282 ἢ
801 3212 894 3266 ὅτε
923 3212 1323 3285 ἐπιστεύσαμεν
1342 3231 1356 3247 ·
1383 3213 1543 3287 εἴπερ
1566 3215 1602 3269 ἃ
1767 3217 1888 3270 τότε

296 3300 772 3373 προσεδεξάμεθα,
811 3303 906 3359 νῦν
934 3305 1347 3378 ἀπαρνούμεθα.
1389 3308 1506 3379 Ἴση
1545 3307 1694 3361 ἐστὶν
1728 3309 1761 3379 ἡ
1790 3307 1890 3379 ζη-

298 3393 409 3463 μία
447 3392 480 3463 ἢ
511 3393 737 3466 ἄμοιρόν
767 3412 893 3454 τινα
915 3396 1010 3450 τοῦ
1052 3397 1429 3470 βαπτίσματος
1461 3399 1738 3466 ἀπελθεῖν,
1770 3400 1888 3471 ἢέν

293 3501 354 3538 τι
379 3483 491 3537 τῶν
515 3485 582 3540 ἐκ
603 3487 704 3558 τῆς
731 3488 1086 3560 παραδόσεως
1111 3489 1356 3544 ἐλλεῖπον
1382 3491 1658 3556 δέξασθαι.
1692 3493 1804 3564 Τήν
1826 3509 1889 3546 τε

293 3574 611 3646 ὁμολογίαν,
632 3577 698 3649 ην
717 3579 810 3632 ἐπὶ
828 3580 927 3651 τῆς
953 3579 1176 3651 πρώτης
1193 3581 1504 3653 εἰσαγωγῆς
1520 3582 1883 3654 κατεθέμεθα,

294 3667 415 3728 ὅτε,
447 3667 734 3736 ρυσθέντες
766 3670 878 3723 ἀπὸ
912 3671 1021 3726 τῶν
1057 3671 1314 3739 εἰδώλων,
1353 3673 1732 3746 προσήλθομεν
1765 3673 1885 3745 Θεῷ

297 3755 490 3822 ζῶντι,
527 3759 555 3810 ὁ
590 3759 664 3831 μὴ
703 3761 796 3814 ἐπὶ
837 3763 1038 3827 παντὸς
1081 3763 1370 3833 φυλάσσων
1404 3766 1618 3836 καιροῦ,
1668 3766 1764 3820 καὶ
1795 3765 1884 3820 διὰ

297 3847 489 3918 πάσης
529 3849 724 3904 ἑαυτοῦ
771 3851 870 3923 τῆς
894 3854 1040 3924 ζωῆς
1077 3853 1154 3918 ὡς
1197 3855 1473 3924 ἀσφαλοῦς
1511 3855 1880 3930 φυλακτηρίου

295 3939 715 4010 περιεχόμενος,
751 3941 901 4006 ξένον
929 3944 1123 3999 ἑαυτὸν
1163 3946 1456 4020 καθίστησι
1496 3949 1606 4004 τῶν
1645 3952 1881 4021 ἐπαγγεο

295 4027 435 4081 λιῶν
457 4029 555 4084 τοῦ
585 4031 743 4098 Θεοῦ,
765 4032 844 4104 τῷ
871 4034 985 4108 ἰδίῳ
1015 4038 1364 4111 χειρογράφῳ
1388 4041 1715 4112 μαχόμενος,
1737 4041 1767 4095 δ
1783 4043 1882 4097 ἐπὶ

291 4122 405 4192 τῆς
444 4123 583 4176 κατά
621 4123 719 4196 τὴν
767 4125 950 4182 πίστιν
997 4129 1287 4200 ὁμολογίας
1331 4132 1611 4188 κατέθετο.
1658 4134 1722 4188 Et
1773 4135 1882 4206 γὰρ

290 4215 448 4286 ἀρχή
493 4231 581 4286 μοι
628 4215 772 4288 ζωῆς
816 4218 878 4271 τὸ
922 4219 1224 4294 βάπτισμα,
1273 4224 1368 4278 καὶ
1417 4224 1612 4298 πρώτη
1660 4226 1882 4299 ἡμερῶν

286 4303 488 4374 ἐκείνη
519 4306 550 4374 ή
583 4306 684 4376 τῆς
718 4307 1138 4379 παλιγγενεσίας
1185 4314 1388 4386 ἡμέρα,
1430 4315 1608 4387 δῆλον,
1653 4317 1740 4378 δτι
1786 4318 1882 4371 καὶ

286 4393 460 4465 φωνὴ
489 4397 792 4468 τιμιωτάτη

285 4483 491 4548 θεσίας
525 4487 920 4558 ἐκφωνηθεῖσα.
954 4491 1065 4564 Τὴν
1093 4489 1187 4549 οῦν
1235 4496 1564 4565 είσάγουσάν
1593 4515 1662 4570 με
1703 4499 1785 4563 εἰς
1814 4498 1876 4552 τὸ

287 4578 441 4649 φῶς,
460 4577 558 4648 τὴν
589 4581 789 4647 γνῶσιν
816 4582 925 4654 (ιο)
962 4583 1098 4640 Θεοῦ
1134 4605 1226 4658 μοι
1252 4590 1624 4663 χαρισαμένην
1641 4591 1880 4664 παράδοο

286 4686 414 4732 σιν,
454 4669 522 4722 δι’
561 4665 628 4742 ἦς
668 4673 857 4728 τέκνον
896 4676 1223 4750 ἀπεδείχθην
1248 4680 1408 4744 Θεοῦ,
1441 4683 1470 4735 ὁ
1503 4681 1638 4748 τέως
1664 4683 1752 4738 διὰ
1778 4683 1879 4754 τὴν

283 4757 576 4827 ἁμαρτίαν
601 4759 813 4830 ἐχθρὸς,
855 4762 1062 4836 ταύτην
1099 4767 1300 4837 προδῶ,
1328 4773 1448 4834 ταῖς
1476 4769 1681 4826 τούτων
1713 4771 1877 4826 πιθα-

283 4847 572 4915 νολογίαις
595 4853 976 4922 παρατραπείς
999 4871 1013 4920 ;
1063 4854 1224 4910 Ἀλλά
1257 4860 1352 4912 καὶ
1377 4860 1600 4932 ἐμαυτῷ
1627 4861 1880 4933 συνεύχο-

290 4955 404 5009 μαι
443 4938 581 5008 μετὰ
623 4940 721 5010 τῆς
765 4941 1054 5010 ὁμολογίας
1092 4944 1296 5018 ταύτης
1335 4947 1592 5003 ἀπελθεῖν
1625 4948 1753 5018 τρὺς
1782 4948 1880 5002 τὸν

287 5027 526 5099 Κύριον,
567 5032 660 5085 καὶ
688 5032 871 5098 αὐτοῖς
901 5037 1172 5106 παραινῶ,
1205 5037 1403 5092 ἄσυλον
1430 5039 1757 5112 διατηρῆσαι
1781 5038 1880 5112 τὴν

288 5121 506 5186 πίστιν,
541 5124 618 5187 είς
647 5125 861 5197 ἡμέραν
889 5128 1147 5199 Χριστοῦ.
1176 5130 1270 5185 καὶ
1303 5130 1606 5204 ἀχώριστον
1633 5133 1739 5188 ἀπὸ
1765 5135 1880 5188 Πα-

288 5214 427 5286 rp};
460 5216 553 5268 καὶ
599 5215 730 5269 Υίοῦ
775 5217 1006 5288 φυλάξαι
1034 5220 1096 5274 τὸ
1119 5221 1342 5294 Πνεῦμα
1377 5257 1392 5283 ,
1539 5224 1636 5296 τὴν
1665 5225 1756 5278 ἐπὶ
1783 5225 1878 5279 τοῦ

293 5305 677 5377 βαπτίσματος
705 5307 1053 5366 διδασκαλίαν
1091 5311 1148 5367 ἐν
1182 5329 1242 5366 τε
1276 5316 1342 5386 τῇ
1372 5315 1633 5388 ὁμολογία
1663 5318 1762 5388 τῆς
1790 5317 1874 5370 πίε

293 5411 471 5458 στεως
511 5395 900 5468 διατηροῦντας
947 5403 1042 5456 καὶ
1088 5405 1146 5458 ἐν
1191 5407 1257 5476 τῇ
1299 5405 1400 5477 τῆς
1436 5406 1594 5478 δόξης
1632 5407 1876 5480 ἀποπλη-

297 5502 484 5550 ρωσει.

904 5567 1016 5623 Τοῦ
1065 5568 1273 5626 αὐτοῦ.

379 5649 499 5706 τίνι
533 5653 695 5724 nbat;
743 5654 848 5709 τίνι
875 5655 1089 5726 θλίψιςς
1120 5660 1228 5714 τίνι
1258 5659 1462 5731 ἀπορία
1502 5660 1600 5715 καὶ
1646 5661 1875 5730 σκότος;

303 5745 412 5798 τίνι
434 5745 628 5800 αἱωνία
646 5746 970 5815 κατάκρισις
994 5765 1009 5815 ;
1050 5750 1125 5802 Oti
1147 5753 1260 5817 τοῖς
1277 5751 1626 5826 παραϐάταις
1646 5769 1664 5822 ;
1687 5753 1748 5809 οὐ
1765 5756 1876 5822 τοῖς

625 5841 896 5904 Ρηιιοι..
933 5841 1188 5906 CXXX.

1987 3131 2088 3188 riis
2123 3129 2311 3196 fuerit,
2339 3129 2390 3185 si
2426 3129 2830 3199 comperiamur
2867 3143 3015 3182 nunc
3055 3126 3269 3197 longius
3303 3124 3496 3180 abesse
3535 3138 3567 3176 a

1988 3222 2164 3278 salute
2206 3228 2420 3286 nostra,
2448 3235 2612 3291 quam
2640 3227 2754 3274 tum
2783 3233 2908 3274 cum
2943 3217 3314 3283 credidimus;
3354 3217 3400 3272 si
3446 3230 3569 3286 qua

1988 3329 2120 3375 tunc
2158 3319 2494 3390 recepimus,
2540 3333 2691 3373 nunc
2731 3317 3084 3388 abnegamus.
3122 3315 3225 3370 Par
3266 3323 3320 3370 et
3359 3313 3567 3386 aequale

1989 3410 2248 3466 damnum
2279 3417 2385 3477 est,
2563 3409 2680 3464 sive
2713 3407 2838 3479 quis
2867 3407 3212 3476 baptismatis
3241 3419 3439 3474 expers
3465 3403 3566 3459 de-

1990 3503 2144 3558 cedat
2169 3504 2238 3558 de
2260 3501 2374 3556 vita
2395 3500 2515 3556 sive
2542 3499 2769 3570 recipiat
2798 3498 3090 3568 baptisma,
3131 3496 3218 3549 cui
3253 3510 3422 3548 unum
3461 3493 3566 3548 ali-

1990 3594 2136 3664 quod
2191 3607 2384 3649 eorum
2447 3607 2572 3661 quae
2619 3589 2822 3644 tradita
2873 3595 3002 3643 sunt
3065 3587 3228 3642 desit.
3286 3585 3352 3639 Et
3414 3583 3566 3654 quis-

1989 3684 2114 3756 quis
2149 3681 2578 3754 professionem,
2605 3694 2768 3749 quam
2791 3678 2847 3732 in
2880 3678 3052 3748 prima
3082 3675 3430 3732 institutione
3463 3675 3566 3731 de-

1989 3773 2292 3843 posuimus,
2325 3786 2448 3827 cum
2477 3769 2690 3826 liberati
2723 3783 2755 3823 a
2791 3767 3102 3824 simulacris
3137 3767 3472 3822 accessimus
3493 3767 3565 3822 ad
3592 3771 3593 3775 ‘

1989 3863 2158 3922 Deum
2187 3863 2394 3927 vivum,
2429 3861 2486 3916 in
2511 3860 2659 3916 omni
2681 3866 2925 3929 tempore
2954 3873 3061 3912 non
3087 3863 3288 3919 servat,
3319 3871 3418 3912 nec
3441 3870 3562 3910 cam

1987 3956 2146 4027 quasi
2181 3953 2513 4011 tutissimum
2545 3950 2858 4022 pmidiutn
2891 3964 2988 4020 per
3012 3955 3182 4003 totam
3209 3961 3364 4004 suam
3394 3947 3563 4002 vitam

1984 4043 2387 4114 complectitur,
2418 4040 2658 4111 seipsum
2705 4039 2942 4094 alienum
2984 4036 3164 4092 reddit
3199 4052 3231 4091 a
3280 4036 3566 4108 promissis

1988 4135 2105 4198 Dei,
2136 4148 2238 4190 suo
2254 4132 2427 4202 ipsius
2443 4130 2807 4200 cbimgrapho
2833 4142 3164 4200 repugnans,
3189 4128 3336 4199 quod
3363 4127 3419 4182 in
3444 4143 3569 4198 pro-

1987 4224 2225 4282 fessione
2270 4222 2395 4284 ﬁdei
2438 4219 2711 4291 deposuit.
2754 4218 2890 4274 Nam
2924 4218 2972 4274 si
3004 4218 3139 4274 mihi
3170 4217 3295 4273 vitae
3344 4218 3564 4274 initium

1986 4321 2070 4370 est
2090 4313 2416 4385 baptismus,
2435 4310 2502 4365 ad
2525 4310 2732 4366 dierum
2750 4309 2994 4364 omnium
3017 4309 3228 4379 primus
3244 4317 3326 4366 est
3345 4310 3462 4367 dies
3487 4327 3569 4368 re-

969 4401 1157 4456 πασῶν
1189 4405 1222 4475 ὴ
1252 4406 1310 4458 ἐν
1341 4407 1410 4478 τῇ
1437 4407 1620 4478 χάριτι
1645 4407 1741 4479 τῆς
1769 4408 1881 4461 uio-

1991 4402 2390 4475 generationis;
2432 4401 2785 4472 perspicuum
2820 4406 2904 4456 est
2942 4406 2996 4456 et
3035 4413 3223 4455 vocem
3263 4400 3412 4456 illam
3448 4415 3568 4457 om-

1987 4496 2136 4550 nium
2179 4492 2632 4564 pretiosissimam
2654 4507 2797 4557 esse,
2821 4507 2943 4561 quae
2973 4491 3030 4548 in
3063 4491 3376 4564 adoptionis
3392 4494 3566 4562 gratia

1987 4584 2198 4655 prolata
2226 4589 2330 4640 est.
2361 4583 2510 4637 Itane
2538 4583 2704 4654 igitur
2740 4583 3110 4647 traditionem,
3134 4599 3256 4652 quae
3285 4597 3371 4638 me
3393 4581 3566 4636 addu-

1987 4676 2062 4731 cit
2096 4673 2165 4730 ad
2194 4675 2391 4742 lucem,
2419 4689 2542 4745 qua:
2565 4673 2658 4730 Dei
2684 4673 3052 4746 cognitionem
3086 4673 3278 4744 largita
3307 4679 3392 4728 cst
3411 4710 3427 4737 ,
3469 4685 3566 4742 per

1986 4784 2150 4840 quam
2183 4769 2357 4826 factus
2394 4784 2516 4826 sum
2546 4769 2688 4824 ﬁlius
2738 4767 2854 4832 Dei,
2885 4769 2979 4837 qui
3019 4767 3172 4840 prius
3202 4773 3422 4837 propter
3443 4779 3564 4835 peo-

1987 4868 2169 4917 catum
2196 4877 2344 4918 eram
2367 4861 2563 4926 hostis,
2591 4861 2864 4926 deseram,
2900 4859 3163 4918 seductus
3188 4859 3420 4915 istorum
3445 4871 3564 4929 spe-

1982 4953 2148 5010 ciosis
2169 4953 2556 5010 sermonibus?
2585 4951 2728 5019 Quin
2753 4952 2933 5021 potius
2955 4958 3010 5008 et
3030 4949 3165 5006 illud
3191 4951 3324 5006 mihi
3344 4964 3557 5021 precor,

1983 5053 2041 5100 ut
2069 5059 2193 5102 cum
2224 5045 2326 5100 hac
2363 5043 2707 5115 professione
2741 5044 3026 5114 contingat
3055 5041 3184 5098 hinc
3208 5039 3470 5096 decedere
3491 5039 3562 5094 ad

1984 5135 2271 5192 Dominum
2303 5154 2316 5191 :
2348 5143 2402 5191 et
2434 5135 2583 5206 ipsos
2619 5135 2831 5202 hortor,
2878 5145 2936 5192 ttt
2980 5135 3294 5192 inviolatam
3342 5141 3560 5190 servent

1981 5223 2138 5278 tidem
2173 5238 2346 5294 usque
2367 5225 2435 5278 ad
2467 5224 2610 5280 diem
2644 5224 2872 5289 Christi,
2899 5232 2954 5281 et
2981 5224 3313 5281 indivulsum
3338 5237 3368 5277 a
3395 5222 3560 5280 Patro

1980 5323 2034 5371 et
2067 5311 2207 5369 Filio
2235 5312 2552 5369 custodiant
2590 5313 2854 5385 Spiritum
2881 5335 2893 5370 :
2920 5315 3226 5370 doctrinam
3258 5314 3558 5385 baptisma-

1981 5408 2052 5462 tis
2084 5417 2199 5460 tum
2231 5405 2286 5458 in
2308 5403 2433 5460 ﬁdei
2462 5403 2828 5475 professione,
2863 5414 2978 5460 tum
3008 5407 3060 5460 in
3093 5405 3279 5478 gloriae
3306 5405 3556 5475 persolu-

1981 5501 2130 5555 tionc
2167 5505 2471 5553 servantes.

2639 5567 2909 5640 Ejusdem.

2053 5666 2154 5723 Cui
2206 5665 2330 5722 vae?
2393 5665 2480 5720 cui
2537 5663 2799 5721 aﬂlictio?
2845 5662 2934 5718 cui
2980 5659 3227 5736 angustia
3287 5681 3351 5721 ac
3401 5673 3557 5723 tene-

1987 5762 2135 5818 brae?
2164 5761 2252 5818 cui
2280 5758 2609 5830 sempiterna
2644 5757 3075 5815 condemnatio?
3112 5757 3307 5816 Nonne
3341 5775 3548 5830 praeva-

3162 5852 3240 5912 2h
