4086 6214
378 202 383 207 ’
480 211 581 275 751
1719 218 2097 283 EUTllYMIl
2155 218 2516 283 ZlGABENI
3624 225 3723 288 752

476 344 736 400 adhibitis
764 346 1011 413 tradere;
1062 349 1207 403 sicut
1260 354 1422 406 etiam
1462 351 1548 404 hic
1599 352 1714 421 ipse
1765 353 1832 408 ad
1872 352 2029 408 ’l'imo

2146 344 2394 399 πολλῶν
2406 348 2741 417 μαρτύρων,
2759 347 2942 402 ταῦτα
2963 349 3229 419 παράθου
3250 352 3479 420 πιστοῖς
3508 354 3722 423 ἀνθρώ-

474 437 660 491 theum
698 437 942 508 loquitur
976 457 987 493 :
1021 439 1153 506 Qua:
1195 443 1444 511 arcepisti
1467 459 1499 495 (ι
1532 459 1611 497 me
1639 459 1819 498 coram
1865 447 2029 500 muttit

2144 450 2297 502 ποις.
2346 437 2456 490 Καὶ
2496 437 2590 491 νῦν
2634 439 2762 503 τοὺς
2805 440 3068 508 ἀγγέλους
3098 443 3566 516 ὲπιμαρτύρεταιο
3610 443 3716 502 οἶδε

474 527 715 592 testibus,
741 544 802 582 ea
825 528 1021 597 depone
1058 531 1198 598 apud
1232 531 1413 599 ﬁdeles
1448 532 1684 587 homines
1733 538 1768 590 ¹.
1804 533 1867 588 Ει
1895 551 2029 597 num

2143 530 2272 600 γὰρ,
2294 530 2373 583 ὅτι
2405 530 2848 601 συμπαρέσονται
2880 532 3097 601 ἄγγελοι
3118 534 3196 605 τῷ
3230 540 3412 607 κριτῇ,
3443 538 3571 591 ὅταν
3592 539 3715 612 ἔλθῃ

472 620 693 687 angelos
742 627 1051 683 attestatur,
1107 622 1290 678 sciens
1340 620 1564 694 angelos
1608 625 1814 694 pariter
1850 626 2047 681 aﬁ‘utu-

469 726 563 765 ros
590 712 784 777 judiei,
815 727 939 766 cum
959 714 1171 768 venerit
1200 716 1253 769 in
1287 716 1459 786 gloria
1490 716 1689 785 Patris,
1731 726 1791 773 ut
1834 720 2041 789 judicet

468 804 652 857 orbem
691 811 959 857 terrarum
1004 805 1058 858 in
1081 805 1314 873 justitia.
1352 807 1603 879 Quisquis
1643 812 1802 874 enim,
1836 812 2035 881 inquit,

464 894 734 960 confessus
766 893 923 963 fuerit
959 912 1038 948 me
1069 913 1245 950 eorum
1281 899 1601 963 hominibus,
1650 910 1697 954 et
1734 900 1908 955 Filius
1943 902 2037 955 Ito-

466 986 619 1037 minis
654 987 986 1054 conﬁtebitur
1019 1003 1136 1041 eum
1172 1006 1351 1042 coram
1390 991 1588 1060 angelis
1624 991 1758 1046 Dei:
1782 995 1870 1062 qui
1917 1010 2033 1047 vero

462 1078 791 1145 abnegarerit
810 1095 887 1132 me
907 1095 1083 1131 coram
1107 1080 1427 1143 hominibus,
1458 1083 1803 1153 abnegabitur
1829 1086 1881 1138 in
1906 1102 2031 1139 con-

460 1180 635 1235 spectu
658 1168 961 1237 angelorum
1000 1169 1093 1222 Dei
1110 1171 1149 1226 ².
1188 1169 1250 1223 Et
1279 1170 1480 1226 Paulus
1512 1174 1639 1226 alibi
1674 1174 1825 1238 dicit,
1860 1173 1923 1228 In
1950 1191 2033 1229 re-

459 1259 711 1313 uelatione
738 1259 950 1315 Domini
980 1261 1107 1315 Iesu
1138 1261 1201 1315 de
1235 1263 1362 1316 coelo
1401 1279 1516 1316 cum
1561 1264 1762 1335 angelis
1782 1266 1823 1317 ³.
1878 1264 2031 1320 lianc

456 1350 529 1403 ob
577 1366 797 1405 causam
853 1352 939 1405 hic
988 1352 1099 1422 jam
1156 1361 1503 1409 contestatur
1562 1371 1747 1409 coram
1798 1356 2025 1427 angelis,

438 1441 686 1494 «eximias
718 1441 821 1494 sibi
852 1457 1161 1512 praeparans
1192 1443 1548 1514 probationes
1576 1446 1642 1501 ad
1676 1461 1935 1517 magnum
1962 1448 2027 1502 il-

436 1531 546 1585 rlud
581 1533 842 1586 tribunal.

1111 1738 1276 1808 Caput
1311 1743 1395 1800 M.

560 1874 778 1944 Verum,
860 1878 1136 1950 inquiunt,
1226 1884 1440 1940 tametsi
1542 1886 1883 1959 baptizamur
1986 1894 2039 1949 in

444 1980 691 2051 ‘Spiritn,
720 1997 829 2037 non
873 1983 1004 2038 inde
1025 1998 1125 2054 par
1147 1995 1229 2042 est
1252 1994 1311 2040 ut
1353 1985 1595 2056 Spiritus
1624 2004 1750 2045 cum
1791 1987 1904 2045 Deo
1944 2005 2042 2044 nu-

460 2084 714 2141 meretur,
746 2076 965 2145 quando
1011 2084 1065 2131 et
1107 2079 1160 2133 in
1210 2079 1428 2150 Moysen
1476 2084 1725 2136 nonnulli
1772 2081 2038 2153 baptizati

457 2176 586 2220 sunt
620 2167 674 2220 in
712 2167 856 2223 nube
898 2178 949 2223 et
983 2168 1040 2223 in
1077 2171 1217 2225 mari
1267 2172 1310 2223 ⁸.
1359 2171 1625 2228 Similiter
1674 2180 1854 2229 autem
1887 2183 1942 2229 et
1984 2174 2040 2229 in

454 2259 714 2313 confesso
759 2268 843 2315 est
871 2260 984 2331 jam
1022 2261 1197 2318 fuisse
1245 2264 1411 2318 etiam
1454 2266 1509 2319 in
1554 2265 1804 2322 homines
1855 2266 2037 2323 ﬁdem.

444 2351 693 2406 Credidit
731 2355 868 2407 enim
909 2355 1134 2424 populus
1171 2354 1279 2410 Deo
1309 2366 1360 2410 et
1393 2355 1571 2428 Moysi
1603 2358 1806 2428 famulo
1834 2360 1947 2429 ejus
1993 2361 2035 2415 '.

444 2441 594 2508 Quid
646 2444 832 2514 igitur,
878 2444 1157 2515 inquiunt,
1206 2462 1273 2502 ex
1304 2447 1405 2503 ﬁde
1443 2464 1507 2504 ac
1537 2450 1812 2520 baptismo
1860 2449 2039 2522 Spiri-

442 2541 567 2587 tum
603 2544 857 2590 sanctum
889 2552 1067 2607 usque
1100 2538 1236 2593 adeo
1264 2541 1471 2596 attollis
1507 2554 1571 2596 ac
1593 2541 1914 2612 magniﬁcas
1944 2557 2037 2599 su-

444 2642 548 2697 ;pra
579 2635 913 2693 creaturam,
942 2643 1067 2682 cum
1096 2630 1283 2684 eadem
1307 2630 1419 2698 jam
1446 2630 1858 2703 Scripturarum
1883 2635 2036 2690 testi-

451 2720 651 2774 moniis
709 2720 1027 2774 tribuantur
1062 2721 1227 2775 etiam
1267 2722 1605 2777 hominibus.
1661 2722 1805 2789 Quid
1864 2725 2037 2792 igitur

436 2810 741 2864 dicemus?
772 2811 1042 2864 Nimirum
1072 2811 1227 2876 illud,
1256 2813 1400 2882 quod
1428 2813 1485 2868 in
1519 2814 1784 2883 Spiritum
1815 2817 2035 2886 quidem

446 2900 586 2954 ﬁdes
627 2908 712 2955 cst
738 2916 891 2969 aeque
922 2908 1087 2971 atque
1133 2902 1186 2954 in
1226 2901 1444 2957 Patrem
1479 2912 1532 2957 et
1566 2902 1798 2968 Filium;
1841 2904 2036 2959 simili-

2142 620 2200 675 ὲν
2231 622 2296 692 τῇ
2327 620 2450 691 δόξῃ
2482 620 2574 674 τοῦ
2608 623 2820 694 Πατρὸς
2850 625 3029 693 κρῖναι
3057 624 3156 695 τὴν
3187 627 3512 700 οἰκουμένην
3553 632 3613 683 ὲν
3638 631 3717 685 δσ-

2140 710 2419 784 καιοσύνῃ.
2457 714 2563 778 Ὃς
2590 712 2698 782 γὰρ
2747 712 2845 775 ἂν,
2896 714 3079 785 φησὶν,
3126 717 3474 788 ὁμολογήσῃ
3503 717 3615 788 (57)
3648 721 3717 775 ἐν

2140 802 2268 871 ἐμοὶ
2315 804 2653 872 ἔμπροσθεν
2702 803 2823 857 τῶν
2847 801 3189 873 ἀνθρώπων,
3225 808 3326 861 καὶ
3368 811 3401 862 ό
3449 810 3582 876 Υἱὸς
3611 811 3714 865 τοῦ

2139 894 2453 963 ἀνθρώπου
2503 896 2863 965 ὁμολογήσει
2908 897 2977 950 ἐν
3004 897 3162 964 αὐτῷ
3211 898 3554 968 ἔμπροσθεν
3598 902 3715 958 τῶν

2136 986 2406 1055 ἀγγέλων
2442 987 2547 1040 τοῦ
2575 987 2722 1041 Θεοῦ
2776 1001 2791 1017 ·
2944 993 2977 1044 ό
3009 990 3076 1042 δὲ
3119 990 3621 1062 ἀπαρτησάμενός
3638 1011 3716 1064 με

2134 1078 2388 1131 ἐνώπιον
2426 1078 2543 1132 τῶν
2583 1080 2909 1148 ἀνθρώπων
2939 1082 3427 1150 ἀπαρνηθήσεται.
3458 1086 3715 1141 ἐνώπιον

2132 1168 2250 1221 τῶν
2275 1169 2546 1239 ἀγγέλων
2592 1170 2697 1223 τοῦ
2743 1171 2913 1228 Θεοῦ.
2953 1172 3063 1226 Καὶ
3099 1173 3310 1237 Παῦλος
3354 1176 3581 1247 ἑτέρωθί
3612 1195 3714 1250 φη-

2134 1275 2254 1311 σιν·
2304 1260 2397 1312 Ἐν
2422 1260 2496 1329 τῇ
2534 1261 2915 1331 ἀποκαλύψει
2948 1265 3055 1319 τοῦ
3095 1265 3317 1333 Κυρίου
3360 1267 3563 1335 Ἰησοῦ
3610 1270 3711 1324 ἀπ’

2130 1351 2390 1420 oa'ipavoﬁ
2418 1352 2526 1424 (59)
2566 1354 2696 1422 μετ’
2729 1354 3018 1425 ἀγγέλων.
3054 1356 3256 1411 Τούτου
3312 1357 3471 1431 χάριν
3530 1358 3711 1415 ἐντεῦ-

2131 1442 2220 1495 θεν
2248 1443 2346 1514 ἥδη
2378 1443 2802 1517 διαμαρτύρεται
2826 1447 3048 1503 ἐπὶτῶν
3078 1450 3345 1519 ἀγγέλων,
3375 1454 3455 1516 είς
3482 1453 3545 1507 τὸ
3568 1454 3710 1525 μέγα

2130 1536 2410 1607 κριτήριον
2444 1535 2736 1607 εὐπρεπεῖς
2917 1538 3093 1611 ἑαυτῷ
3131 1539 3230 1606 τάς
3266 1539 3571 1610 ἀποδείξεις
3604 1562 3709 1600 πα·-

2064 1620 2104 1674 Β
2141 1627 2509 1694 ρασκευάζων.

2752 1754 2974 1825 Κεφάλ.
2998 1756 3083 1811 ιδ’.

2226 1890 2370 1944 Ἀλλ’
2395 1891 2516 1945 οὐδὲ
2546 1890 2593 1944 εί
2620 1888 3021 1962 βαπτιζόμεθα,
3056 1895 3243 1965 φησιν,
3292 1897 3379 1962 είς
3406 1898 3559 1967 αὐτὸ,
3599 1901 3708 1957 οὐδ’

2128 1986 2269 2041 οὕτω
2296 1987 2506 2041 δίκαιον
2551 1986 2689 2058 μετά
2721 1986 2857 2039 Θεοῦ
2898 1986 3178 2057 τετάχθαι.
3213 1992 3324 2043 Καὶ
3359 1991 3466 2061 γὰρ
3498 1993 3592 2045 καὶ
3627 1993 3708 2057 είς

2127 2078 2219 2131 τὸν
2260 2079 2501 2149 Μωῡσῆν
2525 2094 2670 2141 τινες
2713 2077 3151 2150 ἐϐαπτίσθησαν,
3198 2082 3255 2132 ὲν
3296 2085 3362 2152 τῇ
3392 2082 3587 2155 νεφέλη
3613 2086 3709 2137 καὶ

2127 2171 2185 2223 ὲν
2233 2172 2299 2241 τῇ
2343 2168 2608 2243 θαλάσσῃ.
2659 2169 2895 2239 Ὁμοίως
2936 2168 2991 2222 δὲ
3020 2170 3175 2241 καὶὴ
3221 2172 3405 2236 πίστις
3431 2175 3709 2243 ὁμολογεῖ-

2125 2278 2223 2317 ται
2402 2262 2504 2332 ῆδη
2556 2261 2751 2324 καὶεὶς
2794 2260 3116 2332 ἀνθρώπους
3152 2263 3503 2333 γεγενῆσθαι,
3549 2266 3707 2319 Ἐπί-

2126 2368 2354 2408 στευσε
2381 2352 2489 2422 γὰρ
2521 2354 2554 2407 ὁ
2593 2352 2745 2417 λαὸς
2770 2351 2851 2417 τῷ
2882 2351 3005 2417 Θεῷ
3036 2352 3134 2406 καὶ
3169 2353 3409 2407 Martiae?
3435 2353 3511 2420 τῷ
3542 2359 3710 2425 θερά-

2125 2457 2299 2498 ποντι
2344 2442 2549 2497 αὐτοῦ.
2591 2442 2655 2494 Τί
2686 2436 2813 2505 οὖν,
2844 2440 3043 2511 φησὶν,
3076 2442 3142 2494 ὲκ
3188 2442 3287 2512 τῆς
3334 2442 3572 2506 πίστεως
3614 2444 3709 2496 καὶ

2123 2536 2214 2591 τοῦ
2245 2535 2619 2607 βαπτίσματος
2655 2534 2718 2587 τὸ
2750 2534 2905 2602 ἅγιον
2940 2532 3165 2604 Πνεῦμα
3201 2533 3455 2586 τοσοῦτον
3484 2534 3708 2604 ἀνυψοῖς

2124 2629 2217 2682 καὶ
2251 2625 2570 2698 μεγαλύνεις
2603 2626 2746 2697 ὑπὲρ
2780 2624 2878 2697 τὴν
2922 2624 3120 2689 κτίσιν,
3154 2625 3313 2678 ὁπότε
3343 2625 3412 2679 τὰ
3444 2626 3583 2679 αὑτά
3612 2626 3705 2679 καὶ

2126 2720 2433 2791 ἀνθρώποις
2460 2718 2560 2789 ῆδη
2593 2716 3160 2789 προσμεμαρτύρηται
3180 2734 3194 2782 ;
3218 2716 3283 2769 Τί
3309 2712 3402 2769 οὖν
3551 2718 3707 2787 ἐροῦ-

2128 2829 2266 2884 μεν;
2299 2811 2422 2864 ’Ότι
2461 2812 2540 2873 εἰς
2578 2809 2674 2880 μὲν
2713 2808 2774 2861 τὸ
2822 2808 3046 2879 Πνεῦμα
3090 2811 3123 2880 ἡ
3157 2808 3341 2870 πίστις
3378 2808 3455 2871 ὡς
3496 2810 3577 2872 είς
3613 2811 3702 2862 τὸν

2125 2904 2342 2974 Πατέρα
2376 2902 2468 2956 καὶ
2514 2904 2595 2965 εἰς
2626 2901 2718 2955 τὸν
2753 2900 2881 2954 Υἱόν
2909 2917 2922 2931 ⁸
2973 2901 3174 2972 ὁμοίως
3208 2899 3264 2953 δὲ
3293 2900 3389 2953 καὶ
3409 2900 3471 2953 τὸ
3509 2900 3702 2970 βάπτι-

450 3001 533 3043 ter
579 2989 738 3043 etiam
780 2989 1067 3058 baptisma.
1102 2990 1257 3054 Quod
1305 2990 1352 3044 si
1389 2999 1443 3044 et
1488 2992 1542 3045 in
1588 2989 1811 3064 Moysen
1853 3003 1906 3049 et
1933 3010 2029 3048 nu-

2127 3012 2238 3066 σμα
2262 3010 2277 3025 ο
2319 2994 2367 3047 εἰ
2404 2992 2460 3046 δὲ
2508 2994 2587 3056 είς
2624 2991 2715 3045 τὸν
2750 2991 3026 3062 Μωῦσῆν,
3064 2991 3158 3044 καὶ
3197 2990 3296 3061 τὴν
3327 2991 3583 3060 νεφέλην,
3623 2991 3697 3054 ὡς

449 3082 571 3135 bem
599 3121 613 3144 ,
667 3082 814 3135 velut
864 3080 917 3134 in
964 3078 1214 3136 umbram
1268 3090 1320 3136 et
1355 3082 1605 3152 ﬁguram.
1647 3081 1836 3154 Neque
1877 3099 2032 3150 vero,

438 3172 708 3243 quoniam
754 3171 940 3226 divina
992 3173 1159 3227 rebus
1208 3171 1508 3228 humilibus
1671 3182 1725 3229 et
1777 3176 2034 3232 humanis

448 3266 887 3336 prwligurautur,
918 3265 1042 3320 ideo
1078 3274 1131 3319 et
1168 3262 1484 3320 divinorum
1527 3265 1753 3323 humilis
1809 3276 1893 3323 est
1931 3283 2033 3322 na-

449 3367 591 3419 tura,
624 3371 785 3425 quam
832 3355 1130 3426 ﬁgurarum
1168 3350 1518 3412 adumbratio
1559 3373 1703 3429 smpe
1739 3359 2030 3430 praesigni-

450 3450 645 3503 ﬁcavit.
686 3449 779 3504 Est
813 3449 960 3504 enim
1011 3447 1181 3519 ﬁgura
1218 3465 1426 3514 rerum,
1462 3466 1583 3520 qum
1616 3460 2029 3521 exspectantur,

442 3542 744 3597 declaratio
794 3556 891 3611 per
926 3540 1309 3605 imitationem,
1351 3541 1498 3612 quod
1533 3541 1778 3596 futurum
1815 3549 1901 3597 est
1946 3542 2032 3597 in-

441 3633 671 3688 dicando
695 3639 1151 3702 przcmonstrans.
1187 3632 1346 3688 Velut
1378 3631 1550 3686 Adam
1578 3632 1753 3702 ﬁgura
1777 3630 1944 3686 futuri
1984 3633 2026 3699 ‘,

441 3732 492 3779 et
539 3732 690 3793 petra
735 3723 965 3793 ﬁgurate
995 3723 1253 3778 Christus
1295 3725 1314 3755 "
1353 3741 1368 3778 :
1408 3732 1461 3779 et
1509 3738 1649 3793 aqua
1695 3737 2028 3794 promanans

440 3829 467 3867 c
506 3821 655 3883 petra
704 3814 747 3877 ⁸,
791 3815 959 3885 figura
1000 3816 1227 3869 viviﬁcze
1271 3816 1530 3884 potentiae
1576 3804 1763 3870 Verbi.
1814 3812 1876 3870 Si
1910 3816 2027 3886 quis

444 3908 603 3970 enim,
654 3907 851 3976 inquit,
901 3906 1038 3972 sitit,
1095 3907 1269 3960 veniat
1318 3899 1387 3959 ad
1438 3922 1538 3971 me,
1593 3917 1642 3960 et
1682 3906 1824 3960 bibat
1869 3908 1911 3958 ’.
1955 3903 2026 3959 Et

446 4013 647 4050 manna
678 4006 842 4069 typus
872 3998 978 4052 vivi
1022 3998 1201 4069 panis,
1237 3998 1331 4068 qui
1354 3997 1420 4053 de
1451 3998 1591 4052 creto
1626 3994 1911 4052 descendit
1932 3989 2021 4052 ὀι

442 4095 496 4139 et
545 4101 772 4156 serpens
817 4103 986 4157 super
1034 4088 1236 4142 vexillo
1275 4088 1510 4157 positus,
1564 4085 1863 4143 salutifem
1896 4102 2022 4157 pas-

442 4176 617 4232 sionis
663 4192 756 4246 per
793 4192 1016 4232 crucem
1058 4186 1476 4243 consummatae,
1511 4194 1684 4248 eoque
1727 4179 1819 4249 qui
1848 4182 2024 4251 respi-

2124 3089 2206 3150 εἰς
2248 3086 2404 3139 σκιὰν
2438 3083 2531 3138 καὶ
2562 3082 2751 3137 τύπον.
2800 3083 2874 3136 Οὐ
2914 3082 3084 3154 δήπου
3123 3080 3215 3146 δὲ,
3252 3082 3439 3154 ἐπειδὴ
3488 3086 3699 3153 μικροῖς

2125 3180 2217 3234 καὶ
2282 3176 2644 3248 ἀνθρωπίνοις
2706 3174 3208 3248 προδιαμορφοῦται
3432 3176 3503 3229 τὰ
3556 3176 3694 3240 θεῖα,

2126 3268 2299 3341 μικρά
2327 3267 2410 3330 τίς
2451 3268 2566 3319 ἐστι
2617 3265 2711 3318 καὶ
2759 3269 2792 3337 ὴ
2839 3265 2947 3318 τῶν
2982 3264 3147 3317 θείων
3180 3265 3372 3334 φύσις,
3413 3268 3479 3339 ἥν
3519 3269 3551 3338 η
3592 3266 3700 3319 τῶν

2119 3358 2304 3411 τύπων
2345 3356 2683 3427 σκιαγραφία
2733 3354 2992 3419 πολλάκις
3021 3357 3505 3427 προαπεσήμηνεν.
3546 3358 3701 3410 Ἔστι

2119 3448 2227 3521 γὰρ
2250 3451 2281 3501 ό
2305 3446 2475 3511 τύπος
2505 3446 2975 3518 προσδοκωμένων
2988 3445 3235 3515 ’δήλωσις
3267 3446 3353 3499 διά
3389 3448 3697 3517 μιμήσεως,

2119 3539 2466 3603 ένδεικτικῶς
2503 3538 2564 3592 τὸ
2610 3537 2803 3608 μέλλον
2844 3537 3285 3610 προῦποφαίνων.
3328 3538 3418 3601 Ὡς
3463 3538 3491 3590 ό
3530 3539 3698 3608 Ἀδάμ

2118 3631 2288 3695 τύπος
2455 3630 2548 3683 τοῦ
2582 3628 2899 3700 μέλλοντος,
2945 3631 3040 3684 καὶ
3077 3632 3110 3701 ἡ
3162 3629 3341 3701 πέτρα
3383 3629 3631 3693 τυπικῶς
3672 3630 3701 3682 ό

2116 3723 2380 3797 Χριστός·
2425 3723 2519 3777 κα)⁵
2557 3722 2618 3775 τὸ
2655 3722 2757 3794 τῆς
2786 3722 2992 3794 πέτρας
3025 3721 3169 3793 ὕδωρ
3205 3721 3304 3791 τῆς
3331 3720 3571 3792 ζωτικῆς
3602 3717 3695 3773 τοῦ

2116 3816 2292 3885 Λόγου
2319 3815 2620 3886 δυνάμεως.
2648 3814 2725 3867 El
2751 3832 2841 3881 τις
2866 3813 2996 3885 γὰρ,
3030 3814 3184 3886 φησὶ,
3220 3811 3371 3881 διψᾷ
3391 3855 3405 3878 ,
3429 3814 3693 3881 ἐρχέσθω

2116 3907 2265 3976 πρὸς
2292 3904 2404 3977 μὲ,
2457 3906 2557 3960 καὶ
2600 3905 2837 3960 πινέτω.
2880 3904 2993 3960 Καὶ
3043 3905 3107 3958 τὸ
3159 3904 3333 3975 μάννα
3374 3903 3470 3957 τοῦ
3502 3903 3703 3968 ζῶντος

2114 3999 2279 4073 ἄρτου
2294 4039 2315 4065 ν,
2350 3996 2445 4052 τοῦ
2496 4000 2561 4053 ὲκ
2589 3998 2684 4052 τοῦ
2717 3997 2947 4073 οὐρανοῦ
2993 3997 3366 4060 καταϐάντος*
3417 3997 3515 4050 καὶ
3554 3998 3583 4050 ό
3611 3994 3702 4051 ἐπὶ

2116 4090 2343 4162 σημείου
2396 4088 2652 4161 κείμενος
2696 4088 2820 4158 ὄφις
2872 4086 2964 4142 τοῦ
3017 4089 3285 4160 σωτηρίου
3347 4085 3557 4151 πάθους
3604 4083 3699 4139 τοῦ

2113 4181 2202 4237 διὰ
2229 4179 2323 4235 τοῦ
2352 4180 2587 4255 σταυροῦ
2612 4180 2958 4245 τελεσθέντος
2978 4198 2991 4211 °
3025 4179 3105 4234 διὸ
3146 4181 3243 4234 καὶ
3280 4180 3330 4244 oi
3361 4178 3697 4233 ἀποϐλέπονο

441 4283 657 4342 ciebant
697 4281 765 4336 ad
811 4282 981 4345 illum,
1016 4279 1463 4336 servabantur".
1499 4276 1765 4333 Similiter
1807 4284 1862 4331 ct
1900 4290 2021 4345 qua:

2125 4293 2211 4341 τες
2249 4278 2329 4341 εἰς
2359 4276 2522 4330 αὑτὸν
2548 4272 2891 4340 διεσώζοντο.
2924 4271 3079 4327 Οὕτω
3112 4270 3176 4341 δὴ
3208 4271 3303 4323 καὶ
3336 4268 3405 4321 τὰ
3443 4268 3572 4339 περὶ⁵
3600 4266 3700 4336 τῆς

440 4375 510 4432 de
561 4375 776 4435 eductis
825 4371 1089 4429 Israelitis
1134 4371 1381 4442 scripta,
1444 4370 1511 4425 ad
1562 4366 2019 4440 signiﬁcationem

440 4483 628 4524 eorum
677 4467 769 4537 qui
804 4465 1077 4535 baptismo
1126 4462 1263 4519 salvi
1310 4463 1466 4528 ﬁunt,
1518 4469 1743 4515 narrata
1798 4466 1926 4515 sunt
1955 4456 2016 4511 ¹¹.

442 4562 669 4617 Servata
696 4567 826 4620 sunt
845 4560 990 4614 enim
1018 4558 1391 4614 lsraelitarum
1418 4552 1802 4626 primogenita,
1830 4566 2021 4622 quem-

442 4651 736 4706 admodum
768 4658 822 4707 et
842 4650 1245 4720 baptizatorum
1270 4660 1525 4718 corpora,
1552 4660 1677 4700 cum
1710 4644 1888 4715 gratia
1918 4642 2021 4697 da-

442 4752 532 4799 tur
560 4743 630 4799 iis
656 4742 753 4813 qui
782 4741 1055 4813 sanguine
1088 4739 1288 4812 signati
1324 4739 1566 4793 fuerunt.
1604 4733 1844 4806 Sanguis
1872 4733 2020 4790 enim

442 4834 692 4906 pecudis,
726 4834 896 4905 ﬁgura
923 4832 1209 4905 sanguinis
1234 4829 1477 4897 Christi;
1505 4828 1868 4899 primogenita
1892 4842 2022 4882 vero

441 4936 606 4997 typus
637 4926 903 4990 hominis,
943 4924 1039 4996 qui
1066 4924 1285 4995 primus
1317 4921 1575 4977 conditus
1609 4925 1727 4985 est;
1758 4917 1852 4989 qui
1882 4932 2023 4989 quo-

441 5020 588 5073 niani
642 5017 956 5073 necessario
1011 5016 1067 5071 in
1116 5014 1277 5072 nobis
1329 5022 1438 5077 est.
1480 5012 1610 5067 dum
1649 5010 2021 5067 successionis

443 5110 586 5164 serie
632 5124 808 5180 usque
840 5108 908 5163 ad
940 5107 1102 5164 linem
1135 5106 1553 5171 transmittitur,
1593 5105 1716 5161 ideo
1760 5104 1815 5159 in
1846 5101 2019 5158 Adam

443 5218 633 5259 omnes
667 5203 933 5258 morimur
964 5203 1025 5266 ",
1066 5210 1122 5256 et
1153 5201 1403 5271 regnavit
1431 5215 1581 5255 mors
1611 5213 1787 5270 usque
1839 5197 1906 5252 ad
1941 5198 2021 5253 lc-

446 5294 529 5360 gis
570 5294 1128 5356 consummationem,
1163 5301 1216 5347 et
1265 5292 1470 5346 Christi
1512 5292 1828 5346 adventura.
1869 5290 2020 5345 Con-

493 5623 505 5659 ,ν
548 5584 626 5659 ιιι
659 5583 810 5659 Tim._
825 5600 883 5652 ιι,
908 5587 962 5659 s.
1004 5590 1061 5659 κ’
1089 5587 1408 5659 Luc.xn,8,
1434 5591 1488 5647 9.
1569 5594 1590 5626 ⁸
1612 5592 1654 5648 ΙΙ
1685 5591 1878 5648 Thess.
1906 5608 1945 5657 ι,
1985 5592 2038 5647 7.

459 5656 512 5709 ⁷1
559 5656 685 5732 (193.
711 5656 859 5732 κέ..
901 5657 937 5732 Δξ
984 5658 1153 5714 Exod.
1181 5676 1311 5732 svll,
1335 5656 1404 5717 ti.
1464 5664 1485 5693 ’
1541 5662 1699 5719 Joan.
1721 5680 1816 5719 vn.
1842 5656 1941 5719 37.7
2016 5664 2058 5696 '°
2086 5661 2241 5718 Deut.
2270 5678 2386 5732 vni,
2408 5663 2472 5728 ὃς
2493 5658 2630 5716 Joan
2662 5675 2730 5724 γι,
2762 5660 2854 5713 Η.

459 5742 553 5787 xu,
606 5724 685 5774 15.
770 5722 859 5776 ⁸³1
896 5726 1022 5784 Cor.
1071 5744 1157 5793 xv,
1192 5730 1283 5783 ‘2‘2.

2120 4359 2405 4439 ἐξαγωγῆς
2569 4365 2664 4420 τοῦ
2706 4362 2925 4437 Ἰσραὴλ
2963 4364 3044 4426 είς
3088 4359 3310 4427 ἔνδειξιν
3339 4359 3448 4413 τῶν
3484 4358 3576 4412 διὰ
3605 4355 3698 4410 τοῦ

2122 4458 2497 4529 βαπτίσματος
2543 4456 2869 4529 σωζομένων
2931 4455 3228 4525 ἱστόρηται.
3284 4450 3528 4520 Διεσώθη
3591 4448 3699 4520 γὰρ

2118 4551 2227 4604 τῶν
2264 4550 2618 4623 Ἰσραηλιτῶν
2644 4549 2712 4604 τὰ
2745 4549 3063 4621 πρωτότοκα
3084 4588 3097 4613 ,
3134 4545 3209 4609 ὡς
3240 4545 3335 4598 καὶ⁵
3361 4543 3468 4596 τῶν
3511 4543 3698 4613 βαπτι-

2121 4644 2363 4715 ζομένων
2418 4644 2489 4697 τὰ
2542 4643 2769 4715 σώματα
2802 4682 2815 4703 ,
2861 4639 3145 4711 διδομένης
3335 4632 3436 4707 τῆς
3481 4636 3700 4707 χάριτος

2120 4741 2232 4802 τοῖς
2281 4737 2667 4809 σημειωθεῖσιν
2716 4736 2820 4789 ὑπὸ
2861 4733 2956 4788 τοῦ
3000 4734 3250 4804 αἵματος.
3310 4728 3385 4783 Τδ
3449 4729 3547 4800 μὲν
3594 4726 3701 4798 γὰρ

2122 4823 2261 4901 αἷμα
2295 4829 2390 4883 τοῦ
2428 4829 2704 4901 προϐάτου
2740 4827 2910 4890 τύπος
2948 4825 3043 4880 τοῦ
3070 4825 3299 4895 αἵματος
3321 4820 3415 4875 τοῦ
3439 4818 3698 4891 Χριστοῦ

2121 4920 2189 4976 τά
2236 4921 2293 4975 δὲ
2346 4920 2669 4992 πρωτότοκα
2725 4918 2895 4982 τύπος
2960 4916 3055 4971 τοῦ
3109 4912 3538 4988 πρωτοπλάστου
3572 4929 3586 4942 ο
3644 4910 3703 4973 ὃς

2123 5012 2310 5083 ἐπειδὴ
2340 5011 2655 5082 ἀναγκαίως
2691 5013 2826 5082 ἡμῖν
2859 5010 3158 5082 ἐνυπάρχει
3190 5009 3257 5079 τῇ
3288 5004 3582 5075 ἀκολουθία
3608 5002 3704 5073 τῆς

2121 5105 2369 5177 διαδοχῆς
2423 5105 2587 5176 μέχρι
2636 5103 2824 5169 τέλους
2857 5100 3365 5175 παραπεμπόμενος
3389 5138 3404 5161 ,
3433 5096 3521 5149 διὰ
3551 5093 3705 5147 τοῦτο

2123 5198 2180 5251 ἐν
2205 5197 2283 5269 τῷ
2324 5196 2496 5265 Ἀδὰμ
2528 5197 2729 5260 πάντες
2757 5196 3203 5267 ἀποθνήσκομεν,
3235 5190 3330 5245 καὶ
3358 5188 3704 5242 ἐϐασίλευσεν

2124 5293 2152 5343 ό
2188 5291 2416 5355 θάνατος
2589 5289 2751 5360 μέχρι
2778 5289 2878 5357 τῆς
2910 5286 3004 5342 τοῦ
3036 5287 3201 5357 νόμου
3230 5280 3589 5353 πληρώσεως,
3616 5276 3705 5331 καὶ

2144 5592 2206 5646 ⁸1
2241 5591 2363 5646 Cor.
2397 5606 2451 5649 χ.
2511 5590 2567 5644 2.
2644 5588 2663 5621 '
2711 5587 3010 5649 Ειοι1.τιν,
3042 5588 3130 5641 51.
3208 5586 3231 5618 '
3288 5586 3444 5640 Rom.
3504 5603 3557 5647 ν,
3611 5585 3695 5639 l-l.

2437 5633 2630 5723 iubati
2662 5675 2730 5723 γι,
2762 5660 2854 5713 Η.
2937 5633 3154 5714 “lium.
3184 5672 3297 5723 ut,
3319 5658 3372 5712 9.
3454 5659 3496 5689 "
3529 5633 3695 5714 Exod.
