4030 6222
354 344 470 407 753

341 481 449 552 τῆς
472 481 568 535 τοῦ
615 479 858 552 Χριστοῦ
895 478 1218 551 παρουσίας.
1252 480 1560 554 Διετηρήθη
1601 480 1659 535 δὲ

341 566 443 620 τοῦ
494 566 630 621 Θεοῦ
667 567 736 621 τά
771 567 1092 640 πρωτότοκα
1117 609 1134 635 ,
1189 568 1284 622 τοῦ
1333 570 1409 641 μὴ
1461 568 1635 638 θίγειν
1681 569 1773 623 τὸν
1819 567 1938 622 ὀλο-

345 660 638 732 θρεύοντα,
666 661 747 723 είς
779 659 1006 729 ἔνδειξιν
1033 659 1126 715 τοῦ
1165 661 1362 733 μηκέτι
1394 663 1539 733 ἡμᾶς
1569 661 1937 732 ἀποθνήσκειν

341 755 408 806 ὲν
439 753 520 823 τῷ
567 752 774 824 Ἀδάμ,
828 754 957 817 τοὺς
1011 753 1452 825 ζωοποιηθέντας
1492 755 1551 808 έν
1586 753 1666 826 τῷ
1691 752 1934 826 Χριστῷ.

357 844 429 898 Ἠ
465 844 523 898 δὲ
565 843 810 899 θάλασσα
849 845 944 898 καὶ
982 847 1016 916 ἡ
1067 846 1266 916 νεφέλη
1315 845 1456 915 πρὸς
1503 847 1602 917 μὲν
1651 846 1714 900 τὸ
1765 847 1940 919 παρὸν

343 935 432 999 είς
469 933 648 987 πίστιν
678 935 838 1004 ἐνῆγε
870 933 960 988 διὰ
1007 934 1111 1006 τῆς
1145 935 1542 1007 καταπλήξεως
1568 951 1582 966 ⁸
1619 936 1756 1006 πρὸς
1795 937 1851 991 δὲ
1879 938 1940 990 τὸ

347 1025 548 1096 μέλλον
586 1025 662 1089 ὡς
713 1024 885 1089 τύπος
937 1026 1038 1099 τὴν
1093 1027 1362 1099 ὲσομένην
1416 1029 1576 1098 χάριν
1628 1027 1941 1100 προῦπεσή-

348 1133 537 1185 μαινε.
592 1116 689 1181 Τίς
741 1117 934 1185 σοφὸς
967 1156 983 1181 ,
1025 1117 1124 1171 καὶ
1171 1117 1436 1186 συνήσει
1477 1119 1708 1183 ταῦτα;
1745 1118 1863 1183 πῶς
1904 1121 1938 1190 ἡ

346 1203 599 1258 θάλασσα
640 1204 923 1274 βάπτισμα
959 1205 1242 1269 τυπικῶς,
1275 1207 1556 1278 χωρισμὸν
1581 1207 1814 1262 ποιοῦσα
1846 1205 1939 1260 τοῦ

344 1293 553 1367 Φαραὼ
571 1335 586 1360 ,
621 1295 696 1358 ὼς
730 1295 822 1349 καὶ
849 1296 908 1349 τὸ
941 1297 1166 1368 λουτρὸν
1197 1297 1358 1352 τοῦτο
1387 1299 1486 1369 τῆς
1513 1298 1823 1368 τυραννίδος
1845 1296 1940 1351 τοῦ

345 1385 622 1440 διαϐόλου.
679 1385 1030 1440 Ἀπέκτεινεν
1065 1387 1252 1458 ἐκείνη
1290 1388 1347 1440 ὲν
1377 1388 1546 1459 ἑαυτῇ
1576 1388 1668 1441 τὸν
1711 1387 1939 1459 ἐχθρόν’

347 1477 690 1548 ἀποθνήσκει
740 1476 838 1531 καλ⁴
893 1461 996 1532 ὧδε
1052 1479 1086 1550 ἡ
1141 1478 1310 1550 ἔχθρα
1361 1479 1519 1551 ἡμῶν
1572 1481 1608 1550 ἡ
1656 1481 1736 1542 είς
1786 1478 1938 1533 Θεόν.

362 1567 625 1640 Ἐξῆλθεν
657 1569 752 1623 ἀπ’
788 1567 1005 1640 ἐκείνης
1051 1569 1268 1643 ἀπαθὴς
1308 1572 1336 1624 ό
1381 1571 1543 1635 λαός·
1581 1570 1944 1640 ἀναϐαίνομεν

349 1663 452 1716 καὶ
495 1664 659 1732 ἡμεῖς
701 1661 778 1726 ὡς
818 1663 883 1714 ὲκ
929 1661 1143 1732 νεκρῶν
1183 1663 1384 1727 ζῶντες
1421 1664 1531 1718 ἀπὸ
1583 1662 1678 1717 τοῦ
1727 1661 1938 1728 ὓδατος,

1276 339 1658 403 PANOPLIA
1693 339 2148 404 DOGMATICA.
2185 366 2256 382 -
2294 342 2447 405 TIT.
2487 343 2632 406 XII.

3501 353 3607 410 754

1831 479 1937 534 ὑπὸ
1959 485 2001 540 A
2033 493 2248 542 servata
2290 491 2474 540 autem
2506 492 2637 540 sunt
2662 500 2693 541 a
2726 485 2839 543 Deo
2874 487 3262 561 primogenita,
3297 508 3365 549 ne
3385 509 3453 549 ea
3485 502 3611 549 tam-

2030 584 2181 647 geret
2204 577 2530 644 exstinctor,
2556 585 2616 632 ut
2637 577 3047 647 ostenderetur,
3083 597 3186 638 nos
3205 584 3321 653 jam
3349 601 3459 639 non
3495 602 3614 640 am-

2031 660 2176 734 plius
2215 663 2355 716 mori
2401 662 2456 716 in
2504 662 2702 728 Adam,
2732 663 2828 733 qui
2859 663 2914 717 in
2957 663 3180 720 Christo
3215 667 3471 722 viviﬁeati
3516 686 3610 742 su-

2029 767 2174 808 mus.
2201 751 2471 808 Caeterum
2504 769 2658 812 mare
2680 761 2734 808 et
2754 753 2976 822 nebula,
2995 756 3048 810 in
3071 760 3328 827 praesenti
3361 760 3606 828 quidem,

2028 842 2324 900 inducebat
2358 845 2425 899 ad
2461 843 2620 899 ﬁdem
2651 860 2749 916 per
2783 845 3240 911 admirationem;
3275 849 3330 903 in
3362 850 3620 906 futurum.

2027 945 2232 1000 autem,
2283 943 2547 1007 tanquam
2595 944 2758 1009 typus
2802 938 3034 1008 gratiam
3077 946 3362 994 venturam
3414 942 3624 1011 praesi-~

2025 1026 2251 1098 gnabat.
2287 1026 2418 1092 Quis
2451 1027 2681 1096 sapiens,
2718 1037 2767 1081 et
2804 1028 3055 1098 intelliget
3092 1029 3203 1084 hac
3238 1031 3305 1084 "'?
3334 1033 3633 1100 quomodo-

2025 1131 2197 1182 mare,
2233 1131 2332 1187 per
2354 1115 2582 1187 ﬁguram
2609 1117 2902 1187 baptisma,
2936 1133 3204 1189 separaris
3239 1111 3269 1173 a
3295 1118 3604 1186 Pharaone,

2025 1205 2486 1276 quemadmodum
2510 1215 2563 1261 et
2583 1207 2860 1262 lavacrum
2883 1209 2988 1264 hoc
3012 1223 3042 1262 a
3064 1208 3270 1264 diaboli
3291 1212 3604 1281 tyrannide.

2025 1293 2163 1349 Illud
2194 1296 2394 1351 occidit
2437 1297 2650 1353 hostem
2678 1299 2735 1353 in
2766 1313 2910 1363 sese,
2942 1300 3176 1354 moritur
3205 1309 3260 1357 et
3296 1301 3383 1356 hic
3427 1303 3608 1358 inimi-

2024 1387 2173 1455 citia,
2211 1403 2335 1459 quae
2376 1390 2538 1445 nobis
2585 1389 2688 1444 fuit
2743 1407 2867 1446 eum
2921 1391 3052 1447 Deo.
3105 1392 3191 1448 Ab
3243 1392 3338 1448 illo
3369 1396 3605 1466 pepulus

2023 1481 2156 1537 exiit
2182 1480 2424 1547 illmsus;
2457 1482 2811 1538 ascendimus
2843 1491 2898 1538 et
2929 1499 3031 1539 nos
3063 1484 3132 1539 ab
3162 1485 3323 1554 aquis
3349 1494 3608 1555 tanquam

2022 1583 2090 1623 ex
2132 1569 2366 1624 mortuis
2406 1569 2537 1635 vivi,
2576 1571 2778 1626 servati
2813 1586 2908 1641 per
2953 1570 3186 1641 gratiam
3225 1571 3346 1641 ejus
3377 1573 3470 1642 qui
3507 1587 3607 1626 vo-

2024 1661 2170 1714 cavit
2199 1677 2321 1717 nos.
2355 1660 2540 1716 Nubes
2581 1672 2763 1716 autem
2812 1664 3008 1718 umbra
3052 1663 3182 1719 doni
3213 1665 3478 1734 Spiritus,
3513 1665 3614 1736 qui.

349 1757 539 1827 χάριτι
593 1753 859 1819 σωθέντες
904 1757 972 1826 τῇ
1024 1755 1118 1808 τοῦ
1171 1757 1503 1821 καλέσαντος
1553 1757 1725 1828 ἡμᾶς.
1783 1755 1849 1810 Ἥ
1886 1754 1938 1809 δὲ

2027 1749 2309 1806 libidinum
2366 1749 2642 1805 ﬂammam
2705 1752 3091 1809 mortiﬁcando
3140 1755 3388 1810 membra
3445 1755 3608 1811 reSri-

349 1845 553 1917 νεφέλη
585 1845 713 1898 σκιὰ
743 1844 844 1916 τῆς
876 1848 940 1900 ὲκ
965 1847 1059 1900 τοῦ
1087 1847 1406 1919 Πνεύματος
1440 1848 1680 1922 δωρεᾶς,
1717 1846 1810 1901 τοῦ
1843 1846 1945 1918 τὴν

351 1936 532 2007 φλόγα
552 1936 661 1988 τῶν
688 1935 878 1990 παθῶν
905 1936 994 1992 διὰ
1031 1937 1133 2009 τῆς
1163 1938 1487 2013 νεκρὼσεως
1511 1939 1618 1994 τῶν
1653 1939 1830 2011 μελῶν
1852 1955 1946 1992 κα-

350 2027 709 2098 ταψύχοντος.

565 2119 630 2172 Τί
675 2113 798 2187 οῦν;
831 2121 1018 2194 ἐπειδὴ
1063 2122 1308 2187 τυπικῶς
1335 2124 1415 2188 είς
1443 2124 1684 2196 Μωῦσῆν
1723 2123 1945 2180 ὲὸαπτίο

353 2210 603 2282 σθησαν,
639 2211 730 2265 διά
771 2212 929 2266 τοῦτο
976 2213 1151 2286 μικρά
1179 2215 1291 2286 (74)
1339 2216 1373 2286 ἡ
1418 2214 1513 2268 τοῦ
1570 2216 1944 2286 βαπτίσματος

352 2303 552 2373 χάρις;
580 2301 737 2356 Οὕτω
774 2303 874 2375 μὲν
900 2300 994 2358 οὖν
1024 2306 1135 2359 οὐδ’
1164 2306 1229 2360 ἂν
1264 2305 1391 2360 ἄλλο
1434 2324 1486 2360 τι
1520 2307 1664 2378 μέγα
1707 2307 1792 2376 εἴη
1834 2305 1946 2360 τῶν

353 2394 640 2466 ἡμετέρων
673 2435 686 2459 ,
719 2397 879 2468 εἴπερ
909 2396 971 2450 τὺ
1013 2397 1072 2450 ὲν
1101 2397 1338 2469 ἑκάστων
1363 2397 1562 2465 σεμνὸν
1601 2399 1715 2460 τοῖς
1753 2396 1948 2461 τύποις

355 2485 866 2557 προδιαϐάλλοιμεν.
907 2486 1046 2541 Οῦτε
1098 2488 1208 2561 γάρ
1260 2491 1293 2560 ἡ
1343 2490 1422 2552 είς
1475 2488 1798 2560 ἀνθρώπους
1847 2488 1943 2542 τοῦ

353 2576 492 2629 Θεοῦ
523 2577 711 2646 ἀγάπη
746 2577 888 2648 μέγα
912 2595 964 2631 τι
992 2579 1087 2632 καὶ
1119 2579 1420 2650 ὑπερφυὲς,
1453 2578 1512 2643 ὃς
1551 2579 1643 2634 τὸν
1681 2578 1942 2650 μονογενῆ

355 2667 489 2720 Υίὸν
516 2666 715 2721 ἔδωκεν
753 2667 895 2738 ὑπὲρ
933 2667 1040 2720 τῶν
1080 2669 1366 2742 ἁμαρτιῶν
1394 2669 1553 2741 ἡμῶν
1576 2686 1590 2700 ⁸
1627 2670 1814 2742 ἐπειδὴ
1851 2670 1946 2723 καὶΙ

367 2758 623 2829 ’Δϐραάμ
646 2757 740 2812 τοῦ
784 2759 914 2811 ἰδίου
954 2759 1071 2813 υἱοῦ
1107 2761 1207 2814 ούκ
1257 2761 1512 2831 ἐφείσατο
1534 2777 1548 2792 ⁶
1582 2760 1703 2814 οὐδὲ
1739 2759 1800 2812 τὸ
1837 2759 1974 2814 πάι

356 2850 449 2913 θος
468 2849 564 2902 τοῦ
582 2850 786 2920 Κυρίου
817 2849 1027 2916 ἔνδοξον
1049 2867 1065 2880 ·
1098 2852 1286 2924 ἐπειδὴ
1310 2851 1580 2925 πρόϐατον
1600 2850 1722 2906 ἀντὶ
1759 2849 1946 2904 Ἰσαάκ

355 2941 450 2994 τὸν
484 2939 654 2997 τύπον
681 2941 920 3014 ἐπλήρου
952 2941 1052 3012 τῆς
1085 2946 1401 3015 προσφορᾶς
1425 2961 1438 2974 '
1470 2943 1594 2998 οὔτε
1635 2945 1667 3016 ἡ
1702 2945 1780 3007 είς
1815 2943 1943 3016 ᾅδου

357 3030 584 3095 κάθοδος
624 3031 830 3103 φοϐερά
854 3049 868 3063 ·
921 3032 1108 3105 ἐπειδὴ
1166 3035 1350 3098 Ἰωνᾶς
1393 3036 1452 3090 ἐν
1497 3035 1676 3108 τρισὶν
1708 3035 1946 3109 ἡμέραις

2023 1852 2193 1914 gerat.

2224 2104 2366 2172 Quid
2390 2105 2594 2176 igitur?
2632 2121 2762 2161 num
2803 2107 2930 2177 quia
2964 2109 3143 2178 typiee
3181 2109 3236 2162 in
3266 2107 3484 2178 Moysen
3518 2111 3606 2165 ba-

2021 2195 2208 2269 ptizati
2254 2203 2406 2264 sunt,
2453 2197 2578 2253 ideo
2627 2198 2822 2268 exigua
2870 2206 2957 2254 est
2985 2200 3161 2270 gratia
3207 2201 3558 2270 baptismatis
3579 2197 3651 2257 ?"'

2023 2285 2169 2343 Sane
2199 2286 2305 2340 hoc
2331 2293 2494 2357 pacto
2524 2301 2627 2342 nee
2659 2287 2810 2342 aliud
2836 2287 3136 2360 quidquam
3163 2289 3218 2344 in
3249 2293 3456 2347 nostris
3488 2309 3606 2364 my-

2021 2379 2206 2434 steriis
2248 2377 2415 2434 fuerit
2459 2393 2742 2451 magnum,
2781 2380 2828 2435 si
2874 2380 3022 2451 quod
3062 2380 3118 2435 in
3153 2381 3385 2453 singulis
3432 2399 3606 2454 augu-

2021 2475 2166 2526 stum
2187 2476 2292 2536 est,
2327 2482 2426 2540 per
2460 2467 2834 2538 praecedentes
2864 2467 3070 2542 ﬁguras
3106 2469 3500 2541 deprimamus.
3525 2471 3606 2527 Ac

2022 2574 2092 2614 ne
2136 2559 2233 2615 Dei
2288 2559 2510 2629 quidem
2557 2575 2688 2632 erga
2744 2561 2998 2618 homines
3046 2562 3290 2619 charitas
3344 2579 3608 2634 magnum

2022 2650 2282 2722 quiddam
2314 2658 2370 2706 et
2393 2651 2681 2720 eximium,
2727 2653 2823 2723 qui
2855 2653 3196 2724 unigenitum
3224 2654 3424 2709 Filium
3455 2654 3608 2711 dedit

2023 2755 2122 2812 pro
2163 2740 2402 2811 peccatis
2439 2743 2696 2800 nostris:
2739 2743 3190 2816 quandoquidem
3227 2753 3282 2802 et
3329 2745 3602 2802 Abraham

2020 2833 2135 2889 ﬁlio
2186 2848 2288 2890 suo
2335 2849 2445 2890 non
2475 2835 2723 2906 pepercit
2747 2839 2768 2869 ⁸
2799 2875 2817 2891 .
2858 2835 2972 2892 Nec
3010 2837 3228 2892 Domini
3261 2839 3448 2909 passio
3487 2839 3605 2909 glo-

2021 2925 2200 2993 riosa;
2237 2925 2510 2997 siquidem
2557 2927 2702 2984 aries
2749 2927 2877 2984 loco
2905 2928 3062 2984 Isaac
3104 2929 3339 2984 victima:
3374 2929 3614 3000 ﬁguram.

2019 3018 2257 3090 explevit
2299 3020 2338 3074 '.
2371 3016 2558 3090 Neque
2597 3019 2901 3076 descensus
2943 3020 3012 3076 ad
3043 3020 3254 3077 inferos
3282 3021 3600 3091 horribilis;

359 3124 452 3176 xci.
484 3123 775 3189 τοσαύταις
812 3125 933 3193 νυξὶ
967 3125 1062 3180 τοῦ
1111 3125 1342 3183 θανάτου
1383 3129 1477 3183 τὸν
1521 3130 1690 3184 τύπον
1723 3129 1938 3203 προεξε-

2027 3111 2242 3183 quando
2287 3111 2509 3185 quidem
2556 3110 2729 3168 Jonas
2771 3112 2949 3170 tribus
2989 3112 3218 3178 diebus,
3262 3129 3327 3172 ac
3370 3115 3600 3170 totidem

359 3213 591 3286 πλήρου.
636 3215 844 3270 Ταύτὺν
891 3218 1072 3271 τοίνυν
1126 3221 1272 3274 ποιεῖ
1317 3221 1413 3275 καὶ
1467 3221 1559 3276 ἐπὶ
1601 3220 1696 3275 τοῦ
1753 3221 1948 3293 βαπτί-

361 3320 568 3375 σματος
590 3305 620 3357 ό
647 3307 714 3376 τῇ
747 3306 876 3376 σκιᾷ
909 3308 1215 3381 συγκρίνων
1245 3309 1345 3380 τήν
1381 3309 1676 3382 ἀλήθειαν,
1713 3311 1944 3376 καὶτοῖς

356 3393 553 3459 τύποις
601 3395 966 3465 παραϐάλλων
1024 3398 1094 3452 τά
1141 3401 1270 3471 παρ’
1317 3401 1497 3456 αὐτῶν
1547 3403 1942 3474 σημαινόμενα,

358 3485 455 3539 καὶ
506 3485 596 3539 διά
645 3487 926 3553 Μωῦσέως
976 3491 1069 3544 καὶ
1107 3492 1207 3564 τῆς
1251 3491 1528 3565 θαλάσσης
1577 3495 1758 3548 πᾶσαν
1807 3492 1944 3565 ὁμοῦ

357 3576 637 3650 διασύρειν
689 3578 790 3648 τὴν
843 3580 1204 3654 εὐαγγελικὴν
1259 3584 1570 3657 οἰκονομίαν
1627 3584 1942 3656 ἐπιχειρῶν.

357 3669 494 3722 Ποία
526 3669 636 3740 γάρ
683 3669 876 3738 ἄφεσις
925 3675 1389 3746 παραπτωμάτων
1433 3694 1451 3744 ;
1626 3676 1756 3731 ποία
1799 3674 1946 3746 ζωῆς

353 3753 659 3817 ἀνανέωσις
701 3754 760 3808 ὲν
787 3754 1065 3828 θαλάσσης
1096 3771 1247 3810 ποιον
1273 3773 1520 3828 χαρισμα
1559 3757 1924 3828 πνευματικὸν

351 3844 444 3900 διὰ
493 3845 805 3912 Μωῦσέως;
855 3847 985 3901 ποία
1030 3849 1293 3920 νέκρωσις
1337 3847 1611 3920 ἁμαρτίας
1661 3849 1810 3914 ὲκεῖ;
1849 3849 1925 3902 Οὐ

354 3937 726 3991 συναπέθανον
760 3938 956 3992 ἐκεῖνοι
991 3937 1248 4011 Χριστῷ·
1295 3939 1482 4010 διόπερ
1507 3939 1629 3993 οὐδὲ
1666 3940 1928 4014 συνηγέρ-

356 4024 548 4098 θησαν.
579 4028 694 4080 Οὐκ
725 4027 998 4099 ὲφόρσηαν
1029 4029 1127 4100 τὴν
1153 4029 1334 4083 εἰκόνα
1359 4028 1450 4082 τοῦ
1483 4028 1828 4093 ὲπουοανίου,
1863 4029 1925 4082 ού

353 4116 452 4188 τήν
480 4116 750 4186 νέκρωσιν
775 4116 869 4170 τοῦ
893 4118 1069 4188 Ἰησοῦ
1093 4119 1150 4171 ἐν
1184 4117 1261 4189 τῷ
1303 4115 1514 4189 σώματι
1537 4119 1925 4192 περιήνεγκαν,

355 4208 454 4261 οὐκ
509 4206 847 4262 άπεδύσαντο
897 4208 988 4262 τὸν
1027 4208 1256 4264 παλαιὸν
1293 4208 1580 4282 ἄνθρωπον
1625 4243 1642 4269 ,
1826 4209 1928 4262 οὐκ

357 4298 674 4353 ἑνεδύσαντο
705 4299 795 4352 τὸν
821 4299 970 4366 νέον,
1001 4298 1092 4353 τὸν
1120 4299 1574 4370 ἀνακαινούμενον
1604 4300 1683 4364 είς
1705 4299 1930 4368 ὲπίγνω·

358 4407 443 4444 σιν
466 4429 482 4455 ,
515 4390 635 4445 κατ’
679 4391 862 4444 εἰκόνα
893 4391 988 4444 τοῦ
1021 4391 1304 4456 κτίσαντος
1346 4393 1526 4446 αὐτόν.
1563 4392 1629 4445 Τί
1838 4380 1931 4441 οὖν

2021 3202 2296 3269 noctibus,
2347 3202 2543 3259 mortis
2581 3203 2810 3275 ﬁguram
2863 3204 3018 3276 prius
3071 3205 3311 3274 explevit
3360 3203 3400 3260 ⁸.
3455 3205 3601 3261 Idem

2018 3311 2150 3370 ergo
2178 3294 2312 3352 facit
2332 3303 2388 3352 et
2420 3295 2489 3352 de
2515 3295 2858 3367 baptismate,
2890 3296 2983 3366 qui
3008 3297 3292 3352 veritatem
3326 3313 3451 3352 cum
3480 3313 3603 3352 um-

2019 3387 2119 3444 bra
2157 3393 2461 3458 comparat,
2490 3397 2544 3443 et
2581 3401 2706 3442 eum
2741 3387 2930 3458 ﬁguris
2965 3387 3182 3444 confert
3221 3403 3285 3443 ea
3317 3403 3439 3460 qua:
3465 3389 3602 3460 ﬁgu-

2019 3480 2098 3537 ris
2121 3478 2524 3551 signiﬁcantur,
2550 3493 2613 3534 ac
2643 3495 2739 3550 per
2769 3479 2992 3550 Moysen
3027 3487 3082 3535 et
3112 3494 3264 3535 mare
3424 3489 3604 3536 totam.-

2020 3574 2182 3632 simul
2217 3572 2588 3643 evangelicam
2627 3572 3093 3641 dispensationem
3140 3571 3362 3626 elevare
3399 3586 3598 3643 aggre-

2019 3667 2188 3722 ditur.
2226 3664 2360 3719 Nam
2407 3680 2528 3736 quae
2564 3674 2913 3736 peccatorum
2965 3663 3242 3727 remissio,
3295 3680 3416 3736 qua:
3472 3666 3596 3720 vita:

2024 3758 2314 3816 renovatio
2337 3757 2395 3813 in
2428 3758 2588 3820 mari,
2620 3753 2765 3827 quod
2794 3757 2994 3812 donum
3020 3756 3300 3826 spirituale
3324 3774 3419 3826 per
3447 3758 3600 3834 Moy-

2029 3849 2169 3906 sen?
2194 3864 2318 3919 qua:
2348 3848 2460 3903 illic
2481 3847 2690 3918 peccati
2721 3845 3107 3915 interemptio?
3128 3844 3247 3899 Non
3278 3847 3353 3900 illi
3381 3847 3601 3905 Christo

2030 3939 2352 3995 commortui
2403 3945 2551 4002 sunt,
2599 3952 2772 4007 eoque
2825 3952 2926 3991 nec
2975 3951 3098 3991 eum
3144 3936 3237 3991 illo
3288 3938 3601 3995 resuscitati

2030 4040 2160 4088 sunt
2211 4035 2250 4086 ³.
2285 4028 2405 4085 Non
2445 4028 2737 4101 portabant
2774 4027 3064 4098 imaginem
3089 4026 3235 4083 illius
3267 4028 3508 4083 caelestis
3548 4030 3600 4096 ',

2031 4138 2142 4178 non
2187 4121 2659 4177 mortiﬁcationem
2704 4117 2834 4175 Jesu
2863 4119 2915 4173 in
2961 4132 3195 4188 corpore
3247 4118 3598 4175 circumfere-

2029 4215 2162 4270 bant
2207 4216 2255 4280 ",
2304 4229 2412 4268 non
2448 4223 2720 4269 exuerunt
2759 4218 2998 4266 veterem
3030 4209 3330 4275 hominem,
3379 4226 3487 4265 non
3526 4210 3624 4264 iii-1

2031 4305 2272 4360 duerunt
2315 4321 2537 4369 novum,
2569 4303 2663 4374 qui
2706 4311 3002 4357 renovatur
3049 4303 3102 4356 in
3145 4302 3474 4372 agnitionem
3516 4318 3604 4357 se-

2030 4395 2272 4451 cundum
2300 4395 2594 4464 imaginem
2628 4395 2772 4450 illius
2815 4395 3053 4465 quicum
3095 4395 3342 4450 condidit
3393 4393 3433 4448 '.
3460 4393 3603 4460 Quid

359 4480 672 4552 συγκρίνεις
700 4480 770 4534 τὰ
807 4479 1190 4552 βαπτίσματα,
1219 4476 1293 4535 ὧν
1341 4483 1374 4552 ἡ
1428 4481 1764 4552 προσηγορία
1795 4479 1928 4551 μόνη

2031 4488 2196 4560 igitur
2239 4487 2456 4543 confers
2492 4487 2846 4558 baptismata,
2881 4503 3113 4558 quorum
3145 4488 3262 4542 sola
3296 4488 3605 4545 communis

359 4573 542 4643 κοινὴ,
582 4574 617 4644 ἡ
645 4572 703 4626 δὲ
731 4570 841 4625 τῶν
870 4574 1211 4643 πραγμάτων
1253 4573 1484 4643 διαφορά
1515 4571 1749 4641 τοσαύτη
1769 4611 1784 4636 ,
1831 4571 1928 4642 ὅση

359 4663 426 4717 ἂν
456 4664 670 4732 γένοιτο
717 4662 927 4735 ὀνείρου
972 4664 1106 4734 πρὸς
1150 4665 1249 4736 τὴν
1291 4663 1551 4735 ἀλήθειαν
1579 4703 1594 4727 ,
1647 4664 1742 4716 καὶ
1773 4663 1930 4726 σκιᾶς

362 4753 454 4807 καὶ
481 4754 706 4808 είκόνων
735 4755 871 4826 πρὸς
898 4754 965 4809 τά
995 4755 1113 4810 κατ’
1142 4755 1328 4810 ούσίαν
1356 4757 1697 4826 ύφεστηκότα
1732 4773 1746 4821 ;

563 4865 724 4919 Ἀλλά
749 4865 841 4918 καὶ
868 4867 902 4936 ἡ
942 4865 1021 4929 είς
1048 4865 1139 4920 τὸν
1165 4867 1402 4921 Μωῦσέα
1440 4865 1621 4930 πίστις
1645 4865 1704 4920 ού
1734 4866 1829 4936 τὴν
1855 4865 1932 4927 είς

360 4956 422 5011 τὸ
439 4957 665 5028 Πνεῦμα
695 4957 874 5010 πίστιν
900 4956 1077 5026 ὀλίγου
1111 4957 1253 5020 τινὸς
1284 4954 1440 5022 ἀξίαν
1467 4955 1732 5010 δείκνυσιν
1753 4972 1764 4984 ·
1796 4955 1933 5008 ἀλλά

361 5049 502 5104 κατά
549 5048 639 5102 τὸν
671 5048 874 5103 τούτων
919 5049 1074 5119 λόγον
1097 5088 1112 5112 ,
1176 5048 1374 5120 μᾶλλον
1411 5047 1512 5120 τὴν
1547 5047 1626 5110 είς
1662 5047 1752 5099 τὸν
1800 5046 1932 5100 Θεὸν

359 5138 468 5192 τῶν
522 5138 657 5191 ὅλων
705 5137 992 5209 ὁμολογίαν
1051 5135 1501 5209 κατασμικρύνει.
1574 5135 1932 5189 Ἐπίστευσε

361 5227 503 5296 γὰρ,
537 5229 701 5299 φησὶν
721 5267 736 5291 ,
764 5230 796 5282 ὁ
823 5229 972 5292 λαός
1004 5225 1083 5292 τῷ
1121 5226 1278 5292 Θεῷ,
1311 5227 1408 5280 καί
1449 5225 1685 5281 Μωυσεῖ
1721 5223 1801 5290 τῷ
1841 5229 1931 5279 θε-

354 5316 608 5382 ράποντι
639 5318 844 5372 αὑτοῦ.
875 5317 995 5388 Θεῷ
1040 5317 1217 5371 τοίνυν
1255 5315 1607 5381 συνέζευκται
1637 5355 1651 5379 ,
1693 5316 1812 5388 οὐχὶ
1853 5313 1932 5384 τῷ

362 5409 637 5480 Πνεύματι
656 5425 672 5441 ο
709 5409 804 5462 καὶ
833 5409 1000 5472 τύπος
1023 5405 1092 5481 ἦν
1134 5410 1252 5480 οὐχὶ
1279 5408 1372 5462 τοῦ
1407 5408 1718 5478 Πνεύματος
1740 5448 1754 5470 ,
1797 5404 1933 5458 ἀλλά

360 5502 452 5555 τοῦ
483 5501 737 5574 Χριστοῦ.
773 5503 814 5554 τ
818 5503 875 5554 δν
903 5500 1010 5574 γάρ
1062 5502 1286 5572 μεσίτην
1313 5500 1459 5568 Θεοῦ⁴
1492 5501 1588 5554 καὶ
1629 5497 1933 5568 ἀνθρώπων

361 5591 428 5646 δι’
457 5592 650 5646 ἑαυτοῦ
689 5593 808 5646 τότε
851 5584 1245 5662 προαπετύπου
1427 5591 1486 5645 ὲν
1527 5591 1594 5659 τῇ
1633 5588 1727 5643 τοῦ
1767 5589 1932 5658 νόμου

435 5757 454 5791 ί
511 5755 637 5813 Ose.
691 5772 802 5819 xw,
837 5756 920 5812 i0.

1023 5760 1043 5789 ‘
1074 5756 1210 5812 Gen.
1239 5771 1393 5817 xxur,
1425 5755 1508 5810 16.
1623 5755 1646 5790 ³
1714 5754 1843 5814 ibid.
1878 5756 1961 5811 l5.

2031 4577 2361 4648 appellatio;
2408 4593 2591 4632 rerum
2623 4585 2808 4633 autem
2841 4586 2994 4633 tanta
3043 4576 3369 4642 diderentia,
3400 4587 3605 4648 quanta

2032 4668 2227 4724 somnii
2255 4682 2286 4721 a
2337 4669 2598 4732 veritate,
2641 4683 2706 4722 ne
2748 4669 2953 4723 umbra:
2984 4678 3038 4725 et
3074 4669 3391 4740 imaginum,
3427 4667 3495 4721 ab
3520 4666 3608 4722 his

2032 4775 2155 4831 qua:
2175 4773 2370 4815 revera
2412 4760 2740 4816 subsistunt.

2191 4873 2198 4879 ’
2238 4872 2343 4927 Sed
2368 4881 2421 4928 et
2447 4873 2563 4944 ipsa
2596 4871 2730 4926 ﬁdes
2757 4869 2810 4924 in
2836 4870 3054 4939 Moysen
3079 4883 3185 4923 non
3215 4867 3372 4920 ﬁdem
3402 4866 3458 4919 in
3483 4863 3610 4933 Spi-

2036 4962 2198 5017 ritum
2235 4979 2413 5033 parvze
2457 4977 2581 5017 esse
2629 4959 2912 5032 dignitatis
2957 4959 3230 5020 ostendit;
3278 4955 3371 5012 sed
3409 4969 3608 5009 secun-

2035 5053 2164 5107 dum
2215 5055 2444 5109 istorum
2493 5051 2993 5114 ratiocinationem,
3037 5065 3099 5104 ea
3138 5048 3338 5119 potius,
3381 5059 3500 5115 qua:
3541 5042 3610 5098 de

2040 5144 2147 5198 Deo
2206 5143 2584 5197 universorum
2635 5141 2988 5211 proﬁtemur.
3036 5146 3309 5194 extenuat.
3373 5134 3610 5193 Credidit

2035 5235 2193 5296 enim,
2232 5232 2430 5300 inquit,
2457 5235 2679 5301 popqus
2709 5231 2839 5296 Deo,
2872 5242 2919 5285 et
2956 5228 3131 5300 Moysi
3158 5227 3361 5298 Ῑάιιιιιίο
3406 5227 3518 5297 ejus
3568 5235 3611 5284 ν.

2040 5325 2147 5378 Deo
2199 5324 2382 5393 itaque
2431 5324 2723 5392 copulatus
2775 5330 2858 5378 est
2918 5320 3149 5392 Moyses.
3180 5336 3288 5373 non
3343 5319 3611 5389 Spiritui;

2036 5423 2258 5483 eratque
2289 5422 2468 5484 typus,
2498 5430 2605 5468 non
2641 5412 2899 5484 Spiritus,
2932 5411 3024 5467 sed
3042 5410 3264 5466 Christi.
3290 5409 3421 5464 Nam
3445 5408 3534 5462 Dei
3557 5415 3610 5464 et

2040 5503 2325 5557 hominum
2371 5493 2729 5558 mediatorcm
2761 5505 2802 5533 '°
2827 5515 2922 5571 per
2957 5515 3015 5554 se
3051 5499 3228 5568 ipsum
3261 5507 3391 5554 tunc
3421 5500 3474 5554 in
3512 5497 3611 5552 mi-
3639 5538 3644 5543 .

2038 5594 2268 5650 nisterio
2315 5593 2453 5665 legis
2502 5592 2902 5665 prmﬁgurabat.
2948 5589 3138 5663 Neque
3189 5593 3335 5648 enim
3372 5591 3643 5663 Spiritus.

2071 5758 2115 5834 ξ-
2155 5760 2279 5834 .lon‘.
2310 5771 2352 5834 _lt
2536 5759 2557 5790 ‘
2611 5759 2771 5834 Rom.
2807 5776 2881 5832 vi,
2932 5761 2986 5819 8,
3063 5760 3084 5793 ⁸
3130 5760 3311 5820 ιροιι,
3376 5779 3462 5834 κν,
3520 5764 3609 5820 49,

365 5829 385 5862 ⁷
415 5829 460 5887 ιι
488 5829 614 5886 Cor.
649 5843 721 5897 ιν,
759 5831 844 5885 10.
922 5831 942 5862 ⁸
989 5829 1201 5884 Coluss.
1263 5842 1344 5894 ιιι,
1377 5829 1431 5894 9,
1472 5825 1555 5882 ιο.
1631 5828 1654 5860 ’
1692 5825 1867 5883 Exod.
1909 5844 1938 5883 x

2057 5828 2145 5884 5i.
2225 5829 2327 5883 "l
2381 5828 2519 5885 Tim.
2556 5847 2615 5900 ιι,
2659 5831 2718 5886 ὅ.
