4086 6214
476 272 587 336 7,37

473 505 685 560 πεσὼν
729 505 829 560 ἐπὶ
885 509 1214 576 πρόσωπον
1231 550 1246 576 ,
1302 508 1722 578 προσκυνήσει
1779 508 1860 575 τῷ
1900 510 2024 577 Θεῷ
2044 552 2060 577 ,

473 597 897 668 ἀπαγγέλλων,
933 600 1020 653 ὅτι
1051 601 1084 655 ὀ
1119 601 1264 668 Θεὸς
1293 602 1481 668 ὄντως
1517 602 1589 656 ἐν
1612 601 1757 671 ὑμῖν
1777 602 1969 657 ἐστιν.
1998 603 2062 658 Εἰ

472 690 656 743 τοίνυν
688 691 754 743 ἐκ
793 692 894 761 τῆς
937 693 1308 764 προφητείας,
1343 696 1442 767 τῆς
1480 695 1622 750 κατά
1659 696 1759 767 τὴν
1798 696 2061 769 διαίρεσιν

471 782 585 835 τῶν
614 783 972 856 χαρισμάτων
1005 783 1098 838 τοῦ
1136 786 1454 858 Πνεύματος
1492 786 1891 859 ἐνεργουμένης
1910 828 1926 853 ,
1950 790 2063 842 ἐπι-

472 872 803 941 γινώσκεται
836 877 865 928 ὁ
894 876 1028 940 Θεὸς
1061 878 1121 930 ἐν
1146 880 1261 941 τοῖς
1288 878 1598 950 προφήταις
1627 873 1766 933 εἶναι
1786 918 1801 943 ,
1840 879 2059 950 βουλευ-

474 964 764 1019 σάσοωσαν
801 962 948 1021 οὗτοι
988 968 1149 1024 ποίαν
1181 969 1367 1043 χώραν
1399 969 1740 1026 ἀποδώσουσι
1776 971 1856 1043 τῷ
1887 973 2060 1027 Πνεύ-

476 1072 609 1127 ματι
656 1057 734 1128 τῷ
766 1058 905 1131 ἀγίῳ
927 1076 941 1090 ·
990 1059 1220 1133 πότερον
1263 1062 1402 1134 μετά
1439 1063 1574 1117 Θεοῦ
1614 1062 1837 1118 τάσσειν
1864 1101 1881 1128 ,
2027 1066 2059 1136 ἢ

475 1149 615 1220 πρὸς
658 1152 759 1222 τὴν
806 1153 985 1206 κτίσιν
1023 1152 1244 1219 ἐξωθεῖν
1281 1155 1639 1228 δικαιότερον.
1676 1157 1786 1210 Καὶ
1817 1157 1880 1211 τὸ
1922 1160 2061 1230 πρὸς

472 1242 793 1315 Σάπφειραν
840 1244 947 1297 ὑπὸ
977 1245 1186 1317 Πέτρου
1211 1260 1226 1275 ⁸
1267 1246 1327 1300 Τί
1354 1247 1443 1302 ὅτε
1478 1247 1883 1318 συνεφωνήθη
1918 1249 2062 1320 ὑμῖν

473 1334 757 1404 πειράσαι
791 1335 857 1389 τὸ
908 1336 1154 1407 Πνεῦμα
1199 1339 1265 1393 τὸ
1294 1339 1509 1410 (irier;
1546 1342 1659 1396 οὐκ
1709 1341 2062 1410 ἐψεύσασθε

472 1423 841 1492 ἀνθρώποις,
869 1426 1033 1481 ἀλλὰ
1063 1426 1220 1494 Θεῷ⁶
1250 1428 1542 1497 δείκνυσιν,
1572 1431 1655 1485 ὃτι
1696 1432 1767 1486 τὰ
1805 1431 1947 1486 αὐτά
1979 1435 2060 1498 εἰς

470 1516 537 1569 τὸ
565 1517 792 1588 Πνεῦμα
816 1518 877 1571 τὸ
899 1518 1056 1589 ἅγιον
1072 1521 1165 1573 καὶ
1186 1523 1265 1582 εἰς
1285 1521 1417 1575 Θεόν
1432 1524 1549 1576 ἐστι
1568 1523 1639 1577 τά
1659 1525 2054 1596 ἁμαρτήματα.

473 1607 584 1660 Καὶ
607 1605 752 1660 οὕτω
771 1607 816 1659 δ’
849 1608 916 1661 ἂν
941 1608 1004 1661 τὸ
1034 1610 1270 1679 συναφὲς
1300 1612 1394 1664 καὶ
1427 1611 1728 1683 ἀδιαίρετον
1768 1613 1911 1667 κατά
1947 1616 2054 1667 πᾶ-

473 1715 576 1752 σαν
612 1699 895 1771 ἐνέργειαν
921 1699 1030 1754 ἀπὸ
1072 1702 1286 1773 Πατρός
1312 1703 1406 1756 καὶ
1440 1703 1569 1757 Υἱοῦ
1610 1703 1705 1757 τοῦ
1740 1703 2059 1775 Πνεύματος

468 1787 799 1861 διδαχθείης.
835 1789 1219 1862 Ἐνεργοῦντος
1340 1793 1435 1846 τοῦ
1472 1792 1609 1846 Θεοῦ
1639 1794 1738 1858 τάς
1762 1794 2058 1866 διαιρέσεις

470 1881 581 1935 τῶν
607 1882 1059 1952 -ὲνεργημάτων,
1099 1883 1195 1936 καὶ
1238 1882 1332 1936 τοῦ
1372 1884 1576 1956 Κυρίου
1624 1886 1724 1950 τὰς
1763 1886 2058 1959 διαιρέσεις

468 1972 579 2026 τῶν
611 1973 898 2026 διακονιῶν
921 2013 936 2036 ,
974 1974 1321 2047 συμπάρεστι
1370 1975 1437 2030 τὸ.
1467 1976 1621 2044 ἆγιον
1659 1976 1918 2048 Πνεῦμα,
1956 1978 2058 2049 τὴι

468 2066 731 2138 διανομὴν
775 2065 885 2120 τῶν
914 2068 1273 2142 χαρισμάτων
1313 2069 1448 2142 πρὸς
1491 2070 1591 2141 τὴν
1634 2070 1792 2137 ἀξίαν
1823 2071 2056 2125 ἑκάστου

469 2154 835 2222 αὐτεξουσίως
863 2159 1200 2231 οἱκονομοῦν.
1231 2161 1560 2229 Διαιρέσεις
1585 2160 1719 2232 γὰρ,
1746 2164 1883 2233 φησὶ
1900 2204 1915 2229 ,
1947 2182 2055 2235 χα-

464 2247 777 2319 ρισμάτων
804 2252 924 2305 εἰσὶ
946 2291 961 2317 ,
993 2251 1058 2306 τὸ
1097 2252 1168 2305 δὲ
1204 2253 1353 2308 αὐτὸ
1396 2254 1660 2324 Πνεῦμα.
1695 2256 1806 2311 Καὶ
1836 2256 2042 2325 (irrupe-

470 2358 607 2408 σεις
647 2340 969 2396 διακονιῶν
1009 2344 1190 2407 εἰσιν,
1230 2347 1264 2398 ὀ
1309 2342 1379 2398 δὲ
1417 2345 1626 2410 αὐτός’
1650 2347 1887 2415 Κύριος.
1942 2347 2052 2400 Kal

468 2433 793 2503 διαιρέσεις
825 2434 1245 2505 ἐνεργνυιάτων
1268 2435 1449 2501 εἰσὶν,
1489 2440 1522 2491 ό
1561 2436 1631 2490 δὲ
1662 2440 1846 2504 αὐτὸς
1874 2439 2050 2505 Θεὸς,

467 2528 504 2579 ὀ
533 2524 793 2595 ἐνεργῶν
820 2526 892 2579 τὰ
938 2525 1138 2579 πάντα
1172 2525 1245 2579 ἐν
1272 2524 1443 2580 πᾶσι.
1480 2530 1672 2582 Ταῦτα
1716 2527 1784 2581 δὲ
1820 2529 2051 2593 πάντα,

468 2621 656 2692 φησὶν,
687 2620 921 2690 ἐνεργεῖ
952 2621 1018 2674 τὸ
1045 2619 1115 2674 ἓν
1143 2620 1241 2673 καί
1288 2620 1352 2674 τὸ
1397 2620 1544 2675 αὐτὸ
1578 2622 1857 2692 Πνεῦμα,
1898 2622 2051 2678 διαι-

460 2710 754 2780 point-16m
781 2710 1039 2776 ἑκάστῳ,
1068 2709 1264 2777 καθὼς
1277 2712 1593 2776 βούλεται.
1621 2713 1696 2767 Οὐ
1729 2713 1835 2785 μὴν
1861 2714 2050 2786 ἐπειδὴ

472 2802 693 2871 πρῶτον
725 2802 960 2857 ἐνταῦθα
987 2801 1083 2856 τοῦ
1113 2802 1431 2874 Πνεύματος
1465 2804 1494 2855 ὁ
1544 2804 1865 2870 Ἀπόστολος
1918 2807 2049 2859 ἐπε·

471 2892 708 2964 ιινήσοη,
745 2894 839 2947 καὶ
861 2894 1113 2966 δεύτερον
1152 2894 1248 2948 τοῦ
1273 2895 1425 2960 Υίοῦ,
1447 2897 1542 2950 καὶ
1572 2897 1754 2967 τρίτον
1784 2897 1880 2952 τοῦ
1914 2899 2050 2954 Θεοῦ

1437 281 1819 346 PANOPLIA
1860 285 2323 350 DOGMAI‘ICA.
2358 314 2428 327 -·-
2458 294 2508 353 Τ
2514 295 2610 357 1T.
2653 297 2793 357 ΧΗ.

472 410 592 465 κτὰ
618 410 731 480 τῆς
762 412 1012 480 καρδίαις
1031 412 1220 469 αὐτοῦ
1239 411 1470 485 φανερὰ
1498 413 1750 485 γίνεται·
1779 414 1879 470 καὶ
1908 416 2063 472 οὕτω
2093 427 2137 481 Α
2169 432 2236 488 ab
2268 434 2510 491 omnibus

3645 308 3754 370 7’08

2554 450 2573 488 .'
2625 436 2835 490 occulta
2874 439 3051 494 cordis
3107 440 3222 510 ejus
3265 444 3549 512 manifesta
3597 447 3754 515 ﬁunt,

2169 536 2326 596 atque
2372 528 2451 581 ita
2488 527 2769 596 procidens
2817 530 2872 585 in
2914 532 3129 601 faciem,
3171 532 3419 589 adorabit
3456 536 3640 601 Deum,
3670 556 3756 593 re-

2169 606 2420 676 nuniians
2452 622 2593 693 quod
2624 622 2763 678 Deus
2804 624 2875 677 sit
2937 641 3052 679 vere
3092 625 3148 678 in
3186 625 3331 680 vobis
3391 628 3429 680 ³.
3460 626 3670 698 Itaque,
3712 634 3756 685 si

2168 728 2233 768 ex
2280 713 2590 784 prephetia,
2621 730 2744 785 qua:
2791 715 2946 785 juxta
2994 718 3442 775 distributionem
3486 721 3756 777 donorum

2171 802 2411 876 Spiritus
2441 806 2646 869 editur,
2705 809 3022 876 agnoscitur
3062 809 3208 866 Deus
3239 809 3293 866 in
3476 818 3773 886 prophetis,

2167 908 2312 959 esse,
2353 895 2671 950 consultent
2718 897 2807 950 isti
2857 912 3021 967 quem
3074 898 3253 954 locum
3288 903 3606 956 attributuri
3647 906 3755 959 siut

2171 983 2400 1056 Spiritui
2431 994 2626 1043 sancto
2661 1006 2674 1042 :
2715 994 2899 1042 utrum
2937 990 3151 1059 aequius
3189 991 3263 1047 sit
3292 993 3446 1047 illum
3478 1010 3603 1049 cum
3644 995 3756 1051 Deo

2162 1078 2419 1149 jungere,
2473 1093 2542 1133 an
2588 1079 2657 1134 ad
2707 1087 3093 1135 creaturarum
3137 1083 3390 1139 ordinem
3436 1087 3752 1143 extrudere.

2166 1170 2311 1237 Quin
2362 1179 2418 1226 et
2466 1173 2571 1226 ista
2623 1171 2769 1227 Petri
2813 1172 2882 1226 ad
2915 1171 3241 1244 Sappbiram
3275 1178 3464 1243 verba,
3497 1179 3637 1246 Quid
3674 1190 3754 1235 est

2166 1263 2307 1332 quod
2354 1265 2594 1318 convenit
2634 1265 2778 1318 inter
2823 1280 2913 1319 vos
2944 1274 3148 1322 tentare
3177 1266 3439 1337 Spiritum
3469 1282 3711 1327 sanetum
3730 1275 3765 1329 7-

2168 1369 2272 1407 non
2303 1355 2509 1408 mentiti
2537 1356 2664 1409 estis
2693 1356 3016 1425 hominibus,
3046 1358 3137 1413 sed
3169 1359 3281 1414 Deo
3338 1364 3360 1393 ¹
3390 1381 3405 1429 ;
3453 1366 3753 1420 ostendunt

2166 1446 2354 1503 eadem
2394 1452 2447 1502 iu
2480 1449 2746 1519 Spiritum
2779 1457 3057 1517 sanetum,
3089 1462 3144 1508 et
3177 1454 3233 1508 in
3271 1453 3440 1511 Deum
3473 1473 3752 1529 esse-pec-

2168 1546 2312 1592 cata.
2353 1540 2535 1610 Atque
2583 1540 2688 1596 hoc
2720 1542 2884 1596 etiam
2924 1551 3086 1614 pacto
3127 1546 3341 1602 discere
3369 1551 3595 1618 poteris,
3629 1548 3751 1621 Spi-

2168 1631 2333 1682 ritum
2370 1639 2621 1685 sanctum
2664 1633 2718 1685 in
2762 1634 2912 1687 omni
2949 1638 3273 1705 operatione
3312 1640 3666 1706 conjuuetum
3698 1652 3751 1697 et

2172 1720 2597 1789 inseparabilem
2646 1738 2769 1779 esse
2813 1740 2843 1779 a
2895 1724 3059 1782 Patre
3109 1737 3163 1783 et
3216 1727 3374 1786 Filio.
3422 1732 3558 1786 Cum
3608 1733 3753 1791 Deus

2160 1810 2322 1866 cﬂicit
2381 1810 2804 1872 distributiones
2859 1819 3285 1888 operationum,
3349 1836 3413 1877 ac
3478 1822 3749 1882 Dominus

2160 1901 2466 1960 divisiones
2508 1906 3019 1973 ministrationum,
3074 1911 3237 1965 simul
3293 1913 3449 1968 adest
3504 1913 3749 1986 Spiritus

2162 2001 2413 2060 sanctus,
2470 1998 2823 2065 partitionem
2872 2002 3147 2057 donorum
3209 2019 3307 2073 pro
3346 2006 3616 2077 cujusque
3665 2009 3751 2063 di-

2161 2085 2372 2155 gnitate
2422 2089 2646 2158 proprio
2684 2091 2914 2146 arbitrio
2956 2092 3305 2163 dispensans.
3345 2095 3509 2161 Nam,
3551 2100 3747 2169 inquit.

2160 2176 2441 2231 divisiones
2473 2177 2732 2233 donorum
2780 2194 2927 2248 sunt,
2965 2183 3103 2237 idem
3151 2197 3327 2241 autem
3375 2186 3628 2256 Spiritus.
3683 2190 3747 2244 Et

2162 2267 2450 2321 divisiones
2499 2269 3031 2327 administrationum
3077 2287 3222 2339 sunt,
3262 2279 3399 2332 idem
3429 2292 3604 2334 autent
3642 2282 3747 2336 Do-

2163 2357 2360 2410 minus.
2411 2356 2479 2410 Et
2519 2359 2807 2415 divisiones
2836 2366 3201 2432 operationunt
3234 2378 3378 2432 sunt,
3405 2366 3540 2425 fdem
3570 2384 3745 2426 autem

2158 2447 2325 2511 Deus,
2364 2451 2454 2521 qui
2502 2464 2757 2521 operatur
2802 2457 2981 2510 omnia
3013 2459 3067 2511 in
3100 2462 3366 2514 omnibus.
3403 2462 3531 2517 Ila'e
3570 2475 3759 2518 autem

2157 2541 2358 2603 omnia,
2391 2542 2589 2612 inquit.
2627 2555 2881 2615 operatur
2908 2564 3045 2602 unus
3098 2562 3144 2604 et
3194 2552 3334 2607 idem
3374 2554 3631 2622 Spiritus,
3659 2558 3744 2612 di-

2155 2632 2336 2715 videns
2388 2637 2614 2690 seursim
2659 2639 2866 2709 cuique,
2905 2654 3060 2708 prout
3101 2645 3211 2697 vult
3265 2646 3306 2701 ⁸.
3336 2648 3590 2703 Attamen
3632 2666 3741 2707 non

2158 2728 2422 2795 quoniam
2475 2731 2774 2800 Apostolus
2810 2733 2984 2802 primo
3032 2735 3151 2792 loco
3189 2740 3432 2794 meminit
3478 2740 3737 2812 Spiritus,

2156 2816 2402 2872 secundo
2431 2816 2575 2882 Filii,
2607 2821 2771 2876 tertio
2804 2821 2897 2877 Dei
2928 2832 2982 2878 et
3012 2824 3216 2890 Patris,
3246 2831 3495 2898 protinus
3523 2842 3745 2903 oportet

2155 2907 2428 2977 suspicari
2462 2910 2710 2965 ordinem
2740 2913 2968 2967 omnino
3000 2915 3277 2969 inversum
3305 2933 3445 2972 esse.
3470 2920 3514 2972 A
3549 2931 3736 2977 nostra

462 2986 564 3039 καὶ
608 2985 854 3057 Πατρός,
887 2985 988 3057 ἤδη
1045 2985 1151 3057 χρὴ
1199 2985 1429 3039 καθόλου
1469 2986 1708 3057 νομίζειν
1752 2988 2046 3060 ἀντεστρα-

2156 3000 2426 3069 siquidem
2458 3000 2779 3057 habitudine
2816 3008 3055 3076 sumpsit
3083 3007 3391 3061 exordium.
3443 3010 3577 3065 Nam
3611 3030 3740 3068 cum

466 3078 601 3148 φοαι
623 3078 723 3149 τὴν
751 3076 925 3142 τάξιν.
972 3078 1104 3130 Ἀπὸ
1123 3078 1237 3149 ,γὰρ
1257 3078 1357 3148 τῆς
1381 3080 1654 3151 ἡμετέρας
1687 3080 1924 3151 σχέσεως
1947 3080 2046 3152 τὴν

2156 3090 2297 3144 dona
2348 3093 2693 3162 accipimus;
2736 3097 2897 3163 nobis
2932 3098 2978 3152 is
3019 3099 3112 3169 qui
3145 3100 3463 3166 distribuit,
3496 3106 3738 3160 occurrit

465 3170 643 3240 ἀρχὴν
681 3168 904 3223 ἔλαϐεν·
942 3168 1129 3240 ἐπειδὴ
1163 3170 1551 3240 ὑποδεχόμενοι
1579 3171 1649 3224 τὰ
1678 3169 1857 3241 δῶρα,
1892 3170 2050 3242 πρῶ-

463 3279 560 3315 τον
592 3261 990 3331 ἐντυγχάνομεν
1006 3260 1422 3335 τῷιδιανέμοντι
1443 3279 1456 3293 ·
1494 3257 1612 3315 εἶτα
1641 3262 1929 3335 ἐννοοῦμεν
1958 3264 2050 3319 τὸν

464 3353 896 3408 ἀποστείλαντα·
930 3348 1048 3406 εἶτα
1087 3353 1364 3423 ἀνάγομεν
1391 3353 1491 3423 τὴν
1516 3353 1813 3424 ἐνθύμησιν
1837 3356 1929 3408 ἐπὶ
1949 3356 2046 3428 τὴν

464 3448 651 3518 πηγὴν
682 3448 776 3500 καὶ
807 3446 989 3499 αἰτίαν
1015 3445 1125 3498 τῶν
1158 3445 1401 3514 ἀγαθῶν.

670 3540 879 3606 Μάθοις
914 3542 959 3595 δ’
1000 3543 1068 3598 ἂν
1095 3545 1194 3617 τὴν
1238 3545 1374 3618 πρὸς
1403 3546 1619 3616 Πατέρα
1656 3547 1749 3600 καὶ
1792 3545 1917 3599 Υἰὸν
1944 3539 2038 3598 τοῦ

468 3630 787 3701 Πνεύματος
816 3635 1101 3691 κοινωνίαν
1148 3637 1244 3690 καὶ
1273 3639 1338 3691 ὲκ
1373 3637 1484 3691 τῶν
1627 3635 2038 3707 δημιουργημά-

465 3736 577 3773 των
605 3723 716 3775 τῶν
756 3722 816 3788 ἐξ
857 3724 1051 3796 ἀρχῆς.
1098 3726 1166 3778 Αἱ
1197 3726 1307 3797 γὰρ
1337 3726 1574 3797 καθαραὶ
1607 3728 1702 3780 καὶ⁵
1732 3718 2040 3797 νοεραῐκαὶ

465 3813 827 3885 ὑπερκόσμιοι
855 3816 1114 3889 δυνάμεις
1152 3818 1307 3887 amt
1343 3819 1436 3872 καί
1463 3820 1572 3873 εἱσι
1617 3820 1709 3873 καὶ
1748 3818 2040 3888 ὀνομάζον-

463 3919 580 3967 ται,
610 3904 675 3957 ὲκ
705 3906 806 3976 τῆς
851 3909 1003 3980 παρὰ
1037 3908 1133 3963 τοῦ
1181 3910 1338 3978 ἁγίου
1377 3909 1692 3980 Πνεύματος
1735 3908 2038 3978 ὲνδοθείσης

465 3991 689 4061 χάριτος
743 3995 835 4050 τὸν
881 3999 1151 4069 ἁγιασμόν
1200 3999 1555 4072 κεκτημέναι.
1617 4000 1779 4052 Ὥστε
1836 3999 2037 4051 ἀποσε-

466 4082 738 4156 σιώπηται
772 4087 872 4158 μὲν
911 4091 942 4142 ό
988 4091 1189 4162 τρόπος
1219 4090 1319 4161 τῆς
1364 4091 1595 4154 κτίσεως
1621 4088 1731 4143 τῶν
1772 4089 2038 4165 οὐρανίων

462 4176 780 4248 δυνάμεωνο
836 4179 944 4233 ἀπὸ
990 4181 1099 4252 γὰρ
1132 4181 1242 4234 τῶν
1289 4180 1563 4252 αἰσθητῶν
1594 4182 1753 4252 μόνον
1790 4180 1885 4234 τὸν
1931 4182 2037 4252 Δη-

467 4270 729 4340 μιουργδν
750 4272 883 4341 ἡμῖν
914 4272 944 4323 ὁ
972 4271 1071 4342 τὴν
1095 4272 1455 4342 κοσμογονίαν
1587 4271 2036 4342 συγγραψάμενος

462 4359 800 4431 ἀπεκάλυψε.
853 4361 925 4413 Σὺ
970 4360 1049 4424 δὲ,
1090 4360 1228 4432 ἔχων
1278 4362 1508 4433 δύναμιν
1559 4364 1625 4416 ὲκ
1673 4361 1783 4415 τῶν
1827 4359 2037 4433 ὁρατῶν

2154 3185 2434 3252 primum;
2487 3201 2611 3239 mox
2663 3189 2969 3257 cogitamus
3042 3207 3167 3246 cum
3228 3194 3323 3265 qui
3377 3194 3564 3264 misit;
3638 3212 3738 3267 po-

2149 3281 2363 3328 stremo
2394 3276 2783 3347 cogitationem
2816 3281 3170 3347 perducimus
3204 3285 3270 3337 ad
3312 3284 3513 3341 fontem
3550 3298 3736 3343 aucto-

2151 3380 2379 3435 remque
2419 3367 2706 3422 bonorum.

2358 3538 2476 3595 Jam
2512 3543 2674 3596 etiam
2735 3559 2800 3599 ex
2834 3545 3000 3601 rebus
3066 3546 3218 3600 initio
3253 3546 3484 3602 conditis
3547 3547 3727 3605 discas

2154 3631 2284 3683 licet
2342 3629 2582 3699 Spiritus
2608 3649 2734 3686 cum
2790 3632 2952 3690 Patre
2979 3641 3032 3689 et
3082 3633 3220 3687 Filio
3258 3637 3722 3695 communionem.

2153 3717 2287 3772 Nam
2324 3736 2474 3791 porte
2519 3728 2574 3775 et
2606 3722 2972 3794 intelligentcs
3002 3733 3056 3778 ct
3108 3726 3566 3794 supermundanm
3616 3729 3727 3782 vir-

2152 3817 2342 3874 tutes,
2403 3819 2607 3865 sancta:
2665 3819 2779 3866 tum
2820 3825 2989 3875 sunt,
3039 3821 3155 3867 tum
3203 3814 3557 3868 nominantur
3588 3856 3603 3881 ,
3656 3832 3723 3871 ex

2155 3898 2330 3968 gratia
2363 3912 2394 3952 a
2427 3900 2631 3968 Spiritu
2686 3910 2879 3956 sancto
2924 3901 3107 3957 infusa
3145 3904 3564 3958 sanctimoniam
3591 3921 3725 3960 cons

2153 3995 2377 4042 secutae.
2436 3988 2616 4055 Quare
2657 3991 2879 4046 silentio
2936 3993 3343 4060 praetermissus
3391 4002 3478 4048 est
3528 3996 3723 4052 modus

2152 4082 2449 4137 creatiouis
2503 4084 2809 4138 cmlestium
2849 4084 3160 4151 virtutum;
3211 4100 3336 4139 nam
3389 4100 3458 4140 ex
3488 4087 3723 4142 sensim;

2152 4174 2297 4229 libus
2333 4182 2541 4229 tantum
2570 4182 2870 4229 creatorem
2913 4175 3070 4230 nobis
3118 4177 3331 4245 aperuit
3369 4176 3418 4231 is
3468 4177 3559 4247 qui
3591 4191 3724 4233 con-

2152 4266 2250 4320 diti
2304 4267 2455 4323 orbis
2510 4268 2839 4337 conscripsit
2898 4267 3201 4324 historiam.
3275 4266 3355 4322 Tu
3410 4284 3535 4324 vero
3569 4308 3583 4333 ,
3630 4273 3726 4340 qui

2151 4355 2464 4413 facultatem
2512 4358 2686 4414 babes
2722 4374 2790 4413 ex
2828 4358 3139 4414 visibilibus
3187 4359 3483 4416 invisibilia
3528 4360 3723 4429 depre-

460 4449 873 4519 ἀναλογίζεσθαι
901 4451 972 4505 τά
1017 4452 1245 4523 ἀόρατα,
1279 4453 1465 4518 δόξαζε
1511 4453 1598 4507 τὸν
1630 4451 1863 4524 Ποιητὴν
1892 4454 1951 4505 ὲν
1990 4443 2039 4521 ᾧ

2156 4449 2452 4516 hendendi,
2511 4451 2755 4522 gloriﬁca
2808 4450 3158 4507 Conditorem
3220 4452 3275 4506 in
3337 4467 3448 4522 quo
3502 4451 3722 4506 condita

461 4542 684 4614 berian
730 4543 799 4596 τά
846 4543 1057 4608 πάντα,
1114 4543 1223 4596 εἴτε
1253 4544 1448 4615 όρατά,
1497 4543 1608 4598 εἴτε
1649 4545 1879 4617 ἀόρατα,
1926 4545 2035 4598 εἴτε

449 4634 646 4706 ἀρχαὶ,
679 4635 786 4688 εἴτε
810 4634 1070 4702 ἐξουσίαι,
1106 4635 1215 4689 εἴτε
1241 4635 1520 4708 δυνάμεις,
1553 4635 1661 4690 εἴτε
1692 4635 1891 4707 θρόνοι,
1922 4634 2036 4689 εἴτε

461 4726 796 4798 κυριότητες,
828 4727 922 4780 καὶ
945 4726 1001 4781 εῐ
1024 4728 1168 4792 τινές
1198 4730 1333 4782 εἰσιν
1358 4729 1543 4800 ἕτεραι
1576 4727 1792 4796 λογικαὶ
1820 4726 2030 4796 φύσεις,

460 4817 886 4888 ἀκατονόμαστοι
914 4818 1013 4889 (5).
1058 4820 1148 4874 Ἐν
1170 4820 1225 4872 δὲ
1252 4822 1318 4892 τῇ
1355 4819 1560 4873 τούτων
1587 4819 1760 4872 κτίσει
1783 4818 2034 4890 ὲννόησόν

465 4922 555 4978 μοι
582 4909 679 4980 τὴν
713 4911 1193 4984 προκαταρκτικὴν
1224 4911 1408 4965 αἰτίαν
1441 4910 1550 4963 τῶν
1593 4909 1915 4980 γινομένων,
1941 4909 2033 4962 τὸν

460 4999 677 5070 Πατέρα
704 5019 717 5033 ·
763 5000 862 5074 τὴν
899 5001 1313 5074 δημιουργικὴν,
1341 5002 1432 5055 τὸν
1453 5001 1580 5054 Υῑόν
1597 5017 1611 5031 ⁸
1632 5001 1742 5071 ’τὴν
1764 5000 2032 5053 τελειωτιο

458 5089 580 5155 κῆν,
606 5092 666 5144 τὸ
694 5091 917 5165 Πνεῦμα
939 5110 952 5125 ·
986 5093 1126 5146 ὥστε
1162 5093 1458 5164 βουλήματι
1495 5094 1593 5164 μὲν
1612 5091 1705 5145 τοῦ
1726 5090 1938 5160 Πατρὸς
1964 5090 2034 5144 τά

457 5178 806 5250 λειτουργικά
855 5183 1143 5254 πνεύματα
1190 5184 1476 5254 ὑπάρχειν,
1520 5182 1767 5253 ἐνεργείᾳ
1805 5181 1862 5235 δὲ
1908 5180 2031 5233 ficu

457 5273 538 5334 εἰς
563 5272 624 5325 τὺ
657 5270 797 5327 εἶναι
822 5274 1186 5347 παράγεσθαι,
1216 5274 1487 5346 παρουσίᾳ
1512 5275 1570 5328 δὲ
1596 5271 1690 5327 τοῦ
1719 5271 2030 5341 Πνεῦματοι,

457 5363 811 5420 τελειοῦσθαι.
844 5367 1132 5431 Τελείωσις
1171 5367 1227 5421 δὲ
1259 5366 1504 5436 ἀγγέλων
1537 5364 1829 5434 ἀγιασμδςν
1869 5363 1962 5416 καὶ
1994 5362 2028 5431 ἡ

454 5455 515 5507 ὲν
556 5456 731 5526 τούτῳ
769 5456 1014 5530 διαμονή.
1068 5457 1179 5511 Καὶ
1222 5460 1409 5530 μηδεὶς
1456 5458 1650 5512 οἰέσθω
1695 5473 1763 5527 με
1804 5455 1838 5526 ἦ
1881 5455 2031 5523 τρεῖς

452 5540 593 5598 εἶναι
622 5545 805 5615 λέγειν
846 5548 1079 5618 ἀρχικὰς
1123 5548 1469 5612 ὑποστάσεις,
1510 5548 1543 5619 ἢ
1593 5546 1756 5617 ἀτελῆ
1803 5543 2029 5613 φάσκειν

454 5634 551 5688 τοῦ
577 5635 706 5689 Υίοῦ
747 5637 847 5708 τὴν
885 5637 1185 5708 ἐνέργειαν.
1230 5638 1394 5709 Ἀρχὴ
1426 5638 1533 5709 γὰρ
1573 5636 1679 5690 τῶν
1707 5636 1876 5689 ὄντων
1910 5630 2026 5704 μία,

541 5802 554 5829 ¹
608 5798 775 5856 lCor.
808 5815 922 5863 xxv,
946 5800 1038 5867 9.5,
1074 5801 1164 5856 Q5.
1272 5801 1293 5833 ’
1325 5802 1444 5857 Act.
1477 5816 1530 5867 v,
1565 5801 1617 5871 9,
1644 5800 1699 5856 4.

1996 5905 2029 5940 ι

1809 5798 1880 5871 ³-1
1917 5797 2046 5855 Cor.
2113 5815 2168 5869 u,
2204 5800 2238 5857 4
2275 5801 2361 5857 il.

2151 4547 2278 4593 sunt
2306 4541 2524 4605 omnia,
2564 4542 2679 4596 sive
2738 4542 2975 4596 visibilia
2997 4580 3011 4605 ,
3046 4544 3161 4596 sive
3214 4542 3545 4605 invisibilia,
3605 4542 3723 4598 sive

2150 4629 2525 4699 principatus,
2558 4632 2674 4687 sive
2721 4640 3020 4702 potestates
3046 4672 3060 4694 ,
3127 4634 3242 4687 sive
3279 4631 3545 4694 virtutes,
3606 4632 3722 4686 sive

2148 4721 2357 4785 throni,
2410 4722 2541 4778 sive
2565 4722 2972 4778 dominationes
3027 4721 3083 4788 ⁸,
3121 4733 3174 4777 et
3208 4723 3255 4777 si
3290 4722 3562 4792 quaealia:
3591 4728 3721 4777 sunt

2145 4814 2445 4869 rationales
2504 4822 2758 4887 naturae,
2815 4830 2936 4884 qua:
2973 4814 3245 4869 nominari
3300 4829 3409 4867 non
3460 4821 3713 4882 possunt.

2147 4905 2207 4959 In
2274 4905 2470 4959 borum
2534 4913 2715 4962 autem
2775 4906 3056 4961 creatione
3114 4905 3295 4974 cegita
3352 4903 3487 4957 mihi
3517 4904 3719 4974 prima-

2147 4995 2284 5048 riam
2334 5009 2556 5051 causam
2599 5010 2788 5050 eorum
2829 5011 2952 5066 qua:
2997 4995 3174 5057 ﬁunt,
3230 4993 3487 5060 Patrem;
3528 4991 3719 5047 condi-

2146 5084 2358 5150 tricem,
2404 5084 2635 5150 Filium;
2692 5085 3093 5156 periectricem,
3131 5084 3394 5154 Spiritum
3428 5092 3715 5140 sanciunt:

2148 5181 2206 5227 ut
2261 5174 2541 5229 voluntate
2595 5174 2812 5244 quidem
2865 5174 3048 5230 Patris
3096 5176 3208 5230 sint
3265 5172 3717 5229 administratorii

2145 5265 2372 5334 spiritus
2404 5303 2419 5328 ,
2489 5264 2611 5320 Filii
2673 5281 2809 5322 vero
2857 5267 3181 5336 operatione
3239 5264 3611 5335 perducantur
3658 5271 3719 5317 ut

2150 5360 2276 5421 sint,
2308 5355 2546 5427 Spiritus
2587 5367 2770 5414 autem
2801 5359 3093 5428 praesentia
3121 5356 3496 5428 perﬁciantur.
3543 5354 3719 5410 Porro

2143 5449 2464 5518 angelorum
2513 5450 2776 5518 perfectio
2806 5457 2893 5506 est
2927 5450 3296 5506 sanctiﬁcatio
3327 5488 3342 5514 ,
3391 5455 3446 5503 et
3501 5448 3556 5500 in
3613 5446 3717 5500 hac

2146 5542 2570 5609 perseverantia.
2633 5544 2711 5597 Ac
2750 5558 2914 5599 nemo
2959 5558 3048 5598 me
3105 5542 3296 5597 credat
3329 5548 3441 5596 tres
3478 5538 3717 5610 origina-

2144 5631 2224 5688 les
2249 5630 2571 5703 bypostases
2596 5647 2819 5705 ponere,
2852 5643 2946 5690 aut
2985 5634 3108 5691 Filii
3136 5633 3509 5706 operationem
3533 5631 3716 5685 dicere

2438 5800 2459 5831 ⁸
2519 5798 2636 5857 Col.
2672 5814 2712 5867 l,
2751 5799 2838 5857 16.
