4086 6214
407 303 509 367 759

1627 287 2011 350 EUTilYMll
2054 283 2414 347 ZIGABENI

3553 277 3656 340 760

412 430 807 504 imperfectam.
849 429 1187 499 Principium
1249 425 1394 480 enim
1439 434 1628 476 eorum
1668 430 1790 485 quae
1834 419 1983 504 sunt,

2092 422 2150 475 Bt’
2180 420 2313 474 Υίοῦ
2353 418 2786 491 δημιουργοῦσα,
2819 418 2909 471 καὶ
2951 413 3222 469 τελειοῦσα
3254 413 3311 465 ὲν
3359 407 3661 504 “vstitu-rt.

413 501 580 579 unum
609 530 715 586 est,
750 537 845 592 per
875 519 1070 575 Filiqu
1108 516 1350 573 condens
1378 520 1433 570 et
1464 509 1751 583 perficiens
1779 505 1831 559 iu
1866 501 1987 571 Spi-

415 615 546 669 ritu.
602 614 681 666 Ac
716 627 817 667 nec
860 610 1039 672 Pater,
1098 610 1189 677 qui
1232 611 1492 676 Operatur
1540 597 1721 655 omnia
1766 595 1821 649 in
1864 604 1987 645 om-

415 706 579 761 nibus
603 743 618 770 ,
661 701 1032 772 imperfectam
1088 699 1281 779 habeat
1330 694 1700 785 operationem
1737 699 1879 785 εκῐιξξ
1904 697 1988 785 [ξω

414 794 589 849 Filius
642 795 1133 847 inconsummatam
1168 776 1535 849 creationem,
1566 781 1675 838 nisi
1715 794 1746 875 a
1780 776 1986 875 Spiritu

415 885 747 954 perﬁciatur.
807 880 921 935 Hoc
945 882 1090 935 enim
1139 888 1297 950 pacto
1346 893 1444 934 nec
1490 876 1650 931 Pater
1704 868 1845 944 opus
1892 868 1989 921 ha-

415 974 566 1029 bebit
604 972 741 1025 Filio
770 1010 783 1036 ,
840 970 957 1026 sola
988 971 1269 1025 voluntate
1324 983 1553 1034 creans;
1744 971 1983 1016 attamen

413 1065 532 1120 vult
558 1080 747 1120 creare
784 1079 880 1135 per
909 1063 1130 1119 Filium.
1161 1061 1346 1132 Neque
1387 1061 1561 1115 Filius
1593 1056 1774 1128 egebit
1826 1054 1985 1108 anxi-

421 1159 515 1221 lio,
539 1158 695 1226 juxta
720 1156 903 1211 Patris
934 1154 1352 1210 similitudinem
1376 1168 1646 1223 operaus,
1680 1149 1773 1205 sed
1815 1158 1866 1201 ct
1896 1146 1986 1200 Fi-

416 1248 523 1303 lius
557 1248 672 1300 vult
707 1264 803 1316 per
830 1247 1094 1318 Spiritum
1126 1246 1425 1317 perficere:
1468 1260 1594 1299 nam
1659 1242 1821 1296 Verbo
1885 1241 1987 1293 Do-

416 1341 548 1392 mini
581 1341 694 1393 cwli
727 1339 930 1407 [innati
980 1352 1123 1403 sunt,
1160 1351 1206 1393 et
1252 1338 1457 1405 Spiritu
1505 1338 1613 1390 oris
1661 1336 1775 1405 ejus
1818 1335 1986 1387 omnis

417 1431 585 1483 virtus
617 1446 795 1483 eorum
847 1434 886 1483 ³.
922 1429 1107 1499 Itaque
1146 1445 1245 1485 nec
1280 1427 1518 1485 Verbum
1578 1434 1662 1483 est
1713 1426 1990 1496 signiﬁca-

420 1522 531 1575 tiva
560 1522 705 1576 acris
731 1523 1011 1591 percussio
1033 1539 1129 1593 per
1164 1522 1313 1578 vocis
1345 1524 1713 1577 instrumenta
1755 1520 1985 1589 prolata:

2084 516 2195 570 Καὶ
2242 513 2363 568 οὔτε
2416 514 2625 583 Πατὴρ,
2674 514 2703 565 ὁ
2748 511 2817 563 τὰ
2866 510 3041 563 πάντα
3090 510 3147 560 ὲν
3190 506 3355 558 πᾶσιν
3398 498 3656 571 ἐνεργῶν,

2085 607 2252 677 ἀτελῆ
2283 606 2396 677 ἔχει
2433 604 2531 677 τὴν
2561 605 2871 675 ἐνέργειανο
2902 600 3027 653 οὗτε
3056 599 3181 661 Υἱὸς
3211 594 3402 695 ἐλλιπῆ
3432 590 3529 695 ξῆν
3570 589 3658 659 δη·

2090 700 2398 772 μιουργίαν,
2450 697 2524 768 μὴ
2568 694 2949 763 τελειουμένην
2990 687 3271 782 παράμτοῦ
3318 686 3654 782 Πνε-ύματος.

2088 770 2243 843 Οὕτω
2287 789 2395 859 γὰρ
2422 788 2487 841 ἂν
2528 785 2651 839 οὕτε
2695 783 2882 853 Πατὴρ
2911 776 3272 878 προσδεηύείη
3318 773 3471 878 Υίρῦ,
3499 770 3658 878 μόνῳ

2088 882 2165 953 τῷ
2191 882 2363 935 θέλειν
2392 879 2760 951 δημιουργῶν,
2789 876 2901 929 ἀλλ’
2934 876 3079 945 ὅμως
3103 870 3245 965 θέλει
3274 964 3282 965 7
3380 865 3470 965 sua
3499 865 3654 965 Υἱοῦ;

2085 972 2195 1026 οὒτ’
2219 972 2284 1027 ἂν
2308 970 2594 1042 συνεργίας
2703 966 3079 1040 προσδεηοείη,
3114 962 3232 1017 καθ’
3255 960 3658 1061 pauida-113110.?)

2088 1066 2301 1137 Πατρός
2333 1064 2589 1136 ὲνεργῶψ
2630 1062 2764 1116 ἀλλὰ
2793 1064 2887 1115 καὶ
2917 1060 3044 1122 Υἱὸς
3080 1057 3223 1109 ϐέλει
3250 1053 3337 1107 διὰ
3365 1051 3458 1103 τοῦ
3494 1051 3661 1101 Πνεύη

2091 1174 2258 1227 ματος
2289 1156 2553 1211 τελειοῦν·
2598 1155 2681 1221 Τῷ
2707 1156 2873 1225 Λόγῳ
2921 1152 3024 1224 γὰρ
3061 1149 3278 1217 Κυρίου
3324 1147 3379 1197 οἱ
3420 1138 3660 1211 οὐρανοί

2087 1246 2553 1315 ἐστερεώθησαν,
2610 1244 2707 1298 καὶ
2758 1244 2838 1309 τῷ
2880 1243 3169 1310 Uret}th
3221 1235 3329 1289 τοῦ
3366 1235 3661 1301 στόματος

2088 1339 2274 1395 αὐτοῦ
2322 1339 2488 1393 πᾶσα
2531 1340 2569 1405 ἡ
2622 1337 2874 1404 δύναμις
2918 1332 3136 1390 αὐτῶν.
3178 1327 3314 1383 Οὔτε
3359 1322 3453 1379 οῦν
3492 1324 3663 1391 Λόγος

2090 1432 2249 1501 ἀέρος
2282 1430 2523 1491 τύπωσις
2554 1426 2880 1498 σημαντικὴ,
2914 1424 3002 1477 διὰ
3049 1419 3371 1492 φωνητικῶν
3420 1416 3663 1517 ὁργάνων

2091 1522 2463 1594 ἑκφερομένηυ
2501 1519 2620 1573 οὔτε
2659 1519 2881 1588 Πνεῦμα
2924 1515 3187 1585 στόματος
3220 1511 3413 1581 ἀτμὸς,
3457 1510 3521 1561 ὲκ
3556 1510 3665 1558 τῶν

419 1629 521 1669 nec
575 1614 813 1683 Spiritus
870 1617 981 1671 oris
1048 1616 1248 1671 halitus
1308 1615 1553 1685 partibus
1620 1612 1991 1683 reSpiratoriis

2092 1612 2534 1668 ἀναπνευστικῶν
2591 1610 2774 1682 μερῶν
2829 1607 3229 1676 ὲξωθούμενος·
3290 1597 3664 1701 ἀλλά-Λόγος

418 1704 632 1759 cibatus
674 1720 687 1755 :
730 1704 823 1759 sed
880 1704 1117 1760 Verbum
1151 1712 1234 1760 est
1273 1706 1495 1773 quodin
1557 1704 1830 1773 principio
1876 1711 1991 1756 erat

2097 1710 2193 1777 μὲν
2220 1708 2248 1758 ὁ
2274 1707 2408 1778 πρὸς
2437 1706 2568 1759 Θεὸν
2601 1703 2674 1757 ὢν
2714 1704 2771 1755 ὲν
2801 1703 2963 1772 ἀρχῇ,
2998 1701 3091 1753 καὶ
3124 1698 3254 1759 Θεὸς
3281 1695 3356 1748 ὢν
3379 1711 3393 1725 ’
3442 1695 3666 1761 Πνεῦμα

422 1794 567 1864 apud
615 1796 804 1858 Deum,
854 1806 907 1850 et
938 1796 1080 1851 Deus
1129 1805 1247 1851 erat
1292 1801 1333 1850 '.
1390 1795 1628 1867 Spiritus
1666 1803 1848 1851 autem
1879 1796 1993 1850 oris

2093 1797 2150 1851 δὲ
2181 1797 2445 1867 στόματος
2483 1795 2617 1849 Θεοῦ
2644 1794 2705 1847 τὸ
2744 1793 2966 1863 Πνεῦμα
2995 1791 3096 1861 τῆς
3125 1788 3406 1859 ἀληθείας,
3448 1785 3477 1837 ὃ
3516 1782 3668 1855 παρά

424 1888 518 1941 Dei
548 1926 564 1951 ,
610 1886 849 1957 Spiritus
888 1896 972 1943 est
1001 1890 1262 1954 veritatis,
1292 1890 1385 1959 qui
1417 1905 1445 1941 a
1474 1886 1631 1943 Patre
1660 1887 1906 1958 procedit
1947 1886 1987 1941 ⁸.

422 1979 611 2047 itaque
690 1978 791 2031 tria
883 1979 1184 2048 intelligis,
1266 1980 1615 2034 mandantem
1662 1979 1991 2044 Dominum,

422 2081 617 2122 creans
651 2066 908 2133 Verbum,
966 2077 1021 2123 et
1071 2070 1485 2124 confirmantem
1523 2070 1806 2139 Spiritum.
1864 2071 1995 2137 Quae

422 2165 590 2220 porro
638 2149 745 2204 alia
788 2152 961 2218 possit
1001 2168 1124 2208 esse
1162 2154 1538 2221 confirmatio,
1583 2170 1747 2225 quam
1784 2157 1835 2208 in
1868 2172 1997 2212 san-

423 2242 681 2299 ctimonia
714 2245 976 2313 perfectio
1001 2264 1014 2313 ;
1043 2246 1477 2302 continuationis
1499 2263 1631 2303 voce
1656 2249 1996 2319 significante

430 2334 823 2399 constantiam,
884 2334 1387 2392 immutabilitatem
1444 2348 1499 2393 et
1547 2340 1877 2396 soliditatem
1939 2345 1996 2397 iu

424 2421 619 2477 bono?
676 2420 1050 2478 Sanctificatio
1091 2432 1271 2480 autem
1328 2436 1551 2484 nonest
1609 2430 1817 2501 absque
1872 2431 1997 2503 Spi—

424 2508 557 2561 ritu.
593 2506 780 2578 Neque
812 2511 957 2564 cnim
991 2512 1259 2567 caelorum
1307 2513 1541 2571 virtutes
1572 2528 1765 2587 suapte
1801 2528 1998 2576 natura

2093 1887 2187 1941 τοῦ
2241 1888 2454 1958 Πατρὸς
2498 1885 2875 1957 ἐκπορεύεται.
2948 1883 3087 1953 Τρία
3140 1882 3320 1933 τοίνυν
3373 1880 3535 1940 νοεῖς,
3574 1876 3666 1929 τὸν

2096 1980 2500 2051 προστάσσοντα
2540 1977 2762 2049 Κύριον,
2795 1977 2884 2030 τὸν
2915 1973 3348 2046 δημιουργοῦντα
3384 1972 3576 2038 Λόγον,
3606 1968 3669 2022 τδ

2098 2071 2349 2142 στερεοῦν
2474 2071 2534 2123 τὸ
2556 2070 2797 2141 Πνεῦμα.
2831 2069 2894 2122 Τί
2926 2069 2969 2121 δ’
2998 2068 3062 2120 ἂν
3090 2066 3217 2120 ἄλλο
3250 2065 3335 2134 εἴη
3375 2062 3667 2131 στερέωσις

2096 2162 2129 2232 ἢ
2160 2164 2192 2233 ἠ
2221 2161 2362 2214 κατά
2394 2160 2486 2214 τὸν
2529 2161 2797 2230 ἁγιασμόν
2827 2159 3129 2220 τελείωσις,
3162 2156 3223 2210 τὸ
3260 2154 3540 2208 ἀνένδοτον
3573 2151 3669 2203 καὶ

2096 2252 2362 2325 ἄτρεπτον
2404 2252 2498 2305 καὶ
2544 2252 2754 2319 παγίως
2806 2247 3192 2321 ὲρηρεισμὲνον
3239 2246 3296 2296 ὲν
3340 2240 3529 2312 ἀγαθῴ
3570 2242 3669 2310 τῆς

2103 2343 2445 2417 στερεώτεως
2496 2343 2902 2415 spectamus-11;;
2962 2339 3257 2409 'ATtaaubc
3299 2338 3355 2390 δὲ
3405 2337 3506 2390 οὐκ
3538 2335 3668 2389 ἄνευ

2101 2436 2430 2508 Πνεύματος.
2467 2438 2539 2488 Οὐ
2578 2437 2685 2507 γὰρ
2715 2436 2874 2504 φύσει
2907 2436 3060 2502 ἅγιαι
3089 2436 3141 2486 ai
3174 2433 3280 2486 τῶν
3311 2431 3553 2502 οὐρανῶν
3587 2433 3668 2487 δυ·

2091 2532 2313 2602 νάμεις·
2363 2530 2393 2599 ἢ
2448 2529 2591 2582 οὕτω
2635 2531 2686 2598 γ’
2718 2529 2782 2583 ἂν
2938 2529 3193 2600 οὐδεμίαν
3235 2533 3371 2602 πρὸς
3419 2532 3481 2584 τὸ
3519 2532 3670 2599 ἅγιον

423 2608 629 2654 sanctae
671 2608 848 2667 sunt;
892 2604 1139 2674 alioquin
1204 2606 1340 2662 nihil
1368 2608 1651 2665 differrent
1704 2627 1735 2667 ε
1794 2612 1993 2683 Spiritu

2092 2622 2316 2693 Πνεῦμα
2356 2622 2457 2692 τὴν
2486 2621 2746 2692 διαφορὰν
2781 2620 2983 2691 ἔχοιεν
3018 2622 3154 2676 ἀλλὰ
3196 2623 3338 2677 κατά
3378 2624 3669 2693 ἀναλογίαν

420 2698 660 2757 sancto;
706 2694 800 2748 sed
851 2694 1010 2763 juxta
1044 2700 1457 2768 proportionem
1514 2718 1620 2772 qua
1671 2720 1731 2759 se
1769 2705 1999 2762 invicem

420 2789 707 2848 superant,
762 2797 790 2836 a
829 2782 1037 2853 Spiritu
1100 2788 1303 2843 habent
1341 2791 1794 2849 sanctificationis
1845 2810 1999 2850 men-

2087 2716 2189 2789 τῆς
2232 2716 2364 2788 πρὸς
2394 2714 2628 2786 ἀλλήλας
2656 2715 2955 2788 ὑπεροχῆς,
3000 2716 3094 2769 τοῦ
3142 2718 3421 2788 ἀγιασμοῦ
3469 2718 3531 2771 τὸ
3576 2719 3668 2788 μέ-

2086 2827 2218 2883 τρον
2256 2809 2406 2880 παρά
2431 2807 2523 2861 τοῦ
2552 2806 2869 2877 Πνεύματος
2906 2807 3144 2877 ἔχουσαι.
3203 2808 3290 2871 Ὠς
3330 2809 3440 2880 γὰρ
3478 2811 3505 2862 ὀ
3538 2828 3667 2863 καυ-

419 2885 630 2924 suram.
678 2870 1149 2937 Quemadmodum
1193 2881 1338 2935 enim
1390 2884 1692 2939 cauterium
1747 2900 1853 2940 non
1883 2886 1993 2943 sine

2092 2870 2193 2973 τῆρ
2212 2870 2351 2972 μετά
2366 2900 2459 2954 τοῦ
2507 2901 2676 2969 πυρὸς
2701 2870 3052 2963 ’νοεῖταιίκαὶ
3099 2900 3225 2954 ἄλλο
3264 2870 3449 2971 μέντοι
3474 2903 3505 2971 ἡ
3533 2903 3664 2953 ὑπο-

419 2962 545 3032 igne
585 2963 942 3036 intelligitur,
977 2983 1101 3023 cum
1141 2972 1287 3026 aliud
1330 2973 1402 3029 sit
1445 2976 1692 3045 subjecta
1749 2980 1996 3046 materia,

2092 2992 2319 3064 κειμένη
2358 2992 2478 3061 ὓλη,
2520 2993 2613 3045 καὶ
2649 2991 2778 3046 ἄλλο
2822 2990 2884 3043 τὸ
2920 2990 3057 3061 πῦρ·
3109 2990 3250 3044 οὕτω
3288 2992 3386 3044 καὶ⁵
3430 2993 3521 3045 ἐπὶ
3560 2992 3662 3045 τῶν

419 3060 473 3107 et
504 3053 654 3108 aliud
688 3055 831 3125 ignis
870 3076 883 3109 :
918 3058 1101 3113 itidem
1132 3062 1260 3115 etin
1321 3064 1639 3121 cmlestibus
1682 3067 1993 3136 virtutibus,

2092 3053 2357 3155 οὐρανίων
2403 3053 2704 3153 δύναμεων,
2758 3083 2791 3152 ἡ
2852 3081 2951 3152 μὲν
3002 3053 3161 3135 οὐσία
3216 3082 3433 3145 αὐτῶν,
3490 3083 3666 3154 ἀέριον

419 3141 731 3197 substantia
764 3144 986 3215 quidem
1019 3162 1229 3214 earum,
1260 3159 1391 3221 puta
1426 3155 1657 3224 spiritus
1684 3164 1767 3213 est
1792 3158 1996 3223 aerius,

418 3239 513 3286 aut
571 3234 714 3303 ignis
769 3238 1177 3305 immaterialis,
1224 3242 1382 3311 juxta
1431 3244 1482 3298 id
1542 3246 1685 3316 quod
1730 3249 1998 3319 scriptum

418 3332 524 3390 est,
559 3325 665 3391 Qui
715 3327 847 3395 facit
882 3330 1097 3399 angelos
1143 3349 1268 3387 suos
1322 3336 1563 3403 spiritus,
1622 3348 1671 3393 et
1727 3340 1998 3395 ministros

417 3430 542 3467 suos
601 3416 878 3483 ﬂammam
928 3420 1065 3488 ignis
1134 3425 1198 3487 ⁸,
1261 3436 1598 3496 quapropter
1659 3437 1714 3483 et
1767 3430 1822 3484 in
1879 3431 1999 3486 loco

417 3516 589 3570 sunt,
652 3519 706 3563 et
748 3508 884 3563 fiunt
914 3512 1184 3577 visibiles,
1215 3515 1344 3570 dum
1386 3519 1454 3573 iis
1483 3521 1576 3589 qui
1632 3521 1781 3593 digni
1831 3534 1994 3590 sunt,

416 3608 681 3667 apparent
735 3601 789 3655 in
854 3604 1033 3672 specie
1099 3608 1446 3677 propriorum
1515 3627 1829 3681 corporum.
1890 3615 1997 3672 Sed

415 3688 803 3754 sanctificatio,
865 3709 986 3762 qua:
1045 3704 1129 3750 est
1156 3705 1311 3752 extra
1341 3699 1702 3756 substantiam
1753 3704 1995 3772 illorum,

415 3779 811 3849 perfectionem
847 3786 957 3842 illis
1013 3786 1168 3843 alfert
1224 3805 1322 3860 per
1373 3794 1814 3850 communionem
1868 3795 1993 3867 Spi-

412 3870 575 3926 ritus.
606 3871 950 3930 Conservant
985 3885 1169 3933 autem
1224 3881 1545 3951 dignitatem
1598 3899 1694 3954 per
1738 3901 1993 3957 perseve-

416 3963 651 4017 rantiam
710 3965 766 4019 in
807 3967 994 4031 bono,
1042 3969 1305 4027 habentes
1364 3973 1585 4043 quidem
1628 3976 1683 4031 in
1746 3978 1997 4048 eligendo

412 4050 646 4106 liberum
713 4056 998 4112 arbitriqu
1028 4099 1042 4124 ,
1086 4076 1369 4131 nunquam
1426 4074 1606 4120 tamen
1646 4067 1713 4121 ab
1744 4068 1866 4137 ejus
1901 4070 1995 4138 qui

411 4156 541 4197 vere
582 4143 762 4201 bonus
808 4157 894 4204 est
937 4153 1220 4209 consortio
1272 4154 1635 4214 excidentes:
1702 4160 1775 4213 ita
1831 4170 1890 4215 ut
1947 4164 2007 4218 si'

412 4233 743 4291 subduxeris
792 4240 1007 4297 ratione
1070 4242 1381 4313 Spiritum,
1442 4248 1706 4317 perierint
1763 4253 1989 4323 angelo-

410 4340 535 4379 rum
564 4324 807 4393 chorcse,
840 4332 1069 4388 sublatae
1119 4335 1232 4390 sint
1259 4352 1480 4408 quoque
1534 4341 1994 4413 archangelorum

411 4415 795 4487 praefectum,
849 4428 1013 4491 atque
1056 4424 1289 4481 confusa
1346 4427 1550 4482 fuerint
1597 4431 1781 4485 omnia
1832 4435 1995 4488 :vita
2029 4423 2066 4475 υ

412 4507 660 4579 ipsorum
722 4512 861 4565 nulli
924 4514 1072 4583 legi,
1130 4517 1264 4571 nulli
1322 4520 1549 4588 ordini,
1599 4522 1738 4577 nulli
1793 4526 1995 4596 regula

409 4599 719 4669 subjaccat.
794 4602 1081 4668 Quomodo
1148 4608 1294 4663 enim
1338 4610 1522 4667 dicent
1552 4615 1731 4685 angeli
1764 4634 1775 4670 :
1808 4615 1994 4672 Gloria

408 4690 467 4745 in
517 4692 739 4748 excelsis
796 4693 944 4749 Deo“
977 4736 993 4761 ,
1058 4698 1162 4753 nisi
1221 4715 1252 4753 a
1316 4699 1523 4771 Spiritu
1572 4713 1797 4776 accepta
1837 4715 1992 4776 pote-

409 4790 553 4838 State
581 4783 603 4836 ?
652 4783 823 4839 Nemo
861 4787 1135 4858 siquidem
1169 4802 1341 4860 potest
1373 4792 1551 4850 dicere
1582 4794 1872 4853 Dominum
1898 4797 1992 4853 Je-

408 4887 549 4939 sum,
612 4874 717 4928 nisi
763 4878 816 4930 in
849 4876 1055 4947 Spiritu
1093 4893 1315 4949 sancto,
1375 4894 1425 4939 et
1476 4886 1659 4942 nullus
1694 4888 1747 4942 in
1785 4889 1993 4959 Spiritu

407 4962 507 5018 Dei
540 4965 758 5037 loquens
813 4970 948 5025 dixit
999 4971 1186 5030 Iesum
1226 4978 1550 5034 anathema“
1600 4998 1615 5047 ;
1671 4983 1816 5052 quod
1858 4999 1993 5042 sane

407 5059 643 5115 dixerint
668 5064 822 5133 pravi
871 5074 925 5120 et
969 5068 1270 5127 adversarii
1304 5074 1532 5143 spiritus
1559 5110 1576 5141 ,
1628 5091 1862 5146 quorum
1908 5079 1990 5135 la-

406 5167 541 5222 psus
612 5157 937 5226 comprobat
988 5161 1135 5230 quod
1200 5164 1466 5233 dicimus,
1514 5168 1747 5227 virtutes
1798 5171 1990 5228 invisi-

404 5246 546 5302 biles
600 5262 723 5303 esse
771 5248 856 5303 sui
894 5251 1144 5319 arbitrii,
1199 5270 1356 5325 reque
1412 5259 1480 5313 ad
1527 5260 1785 5317 virtutem
1827 5271 1991 5334 atque

404 5338 473 5393 ad
522 5340 715 5396 vitium
786 5345 1104 5411 vertibiles,
1169 5357 1224 5404 et
1290 5350 1361 5405 ob
1409 5352 1463 5407 id
1521 5368 1662 5423 opus
1724 5355 1990 5413 habentes

402 5430 610 5485 auxilio
644 5432 907 5503 Spiritus.
952 5436 1064 5508 Ego
1094 5456 1224 5497 vero
1271 5442 1451 5513 ipsum
1485 5444 1791 5504 Gabrielem
1842 5448 1988 5504 haud

402 5520 512 5576 alio
552 5525 716 5579 modo
743 5527 981 5583 arbitror
1012 5532 1307 5599 przcdicerc
1344 5535 1526 5592 futura
1563 5554 1579 5583 τ
1605 5579 1620 5606 ,
1652 5556 1814 5610 quam
1851 5557 1988 5613 prae-

494 5714 510 5746 ¹
542 5713 685 5771 Psal.
722 5728 891 5785 sxxii,
924 5716 980 5773 6.
1058 5716 1077 5747 ⁸
1125 5714 1283 5773 Joan.
1321 5730 1362 5785 ι,
1396 5715 1445 5773 1.
1524 5716 1543 5749 ³
1588 5713 1746 5772 Joan.
1781 5730 1872 5785 xv,
1927 5715 2017 5773 25.

402 5782 427 5820 ⁷
478 5782 615 5843 Luc.
648 5799 685 5844 ι.
717 5783 809 5837 26.

2092 3175 2308 3247 πνεῦμα
2346 3212 2361 3235 ,
2475 3176 2523 3226 εἰ
2545 3174 2715 3244 τύχοι,
2749 3174 2781 3243 ἢ
2815 3172 2925 3241 πῦρ
2946 3173 3128 3237 ἄῦλον,
3160 3174 3302 3227 κατὰ
3328 3174 3389 3227 τὸ
3418 3192 3659 3245 γεγραμο

2095 3266 2254 3338 μένον
2275 3284 2288 3296 ·
2337 3266 2389 3318 '0
2419 3264 2604 3319 ποιῶν
2636 3264 2777 3329 τοὺς
2797 3264 3093 3333 ἀγγέλους
3118 3264 3305 3318 αὐτοῦ
3334 3268 3665 3332 πνεύματα,

2092 3358 2189 3412 καὶ
2218 3357 2359 3422 τοὺς
2388 3356 2774 3424 λειτουργοὺς
2806 3355 2993 3409 αὑτοῦ
3031 3354 3224 3423 πυρὸς
3428 3358 3623 3426 φλόγα
3652 3373 3666 3387 ’

2091 3449 2172 3503 διὸ
2206 3449 2301 3502 καὶ
2340 3450 2395 3501 ὲν
2450 3448 2598 3518 τόπῳ
2643 3448 2771 3509 εἰσὶ,
2820 3448 2915 3501 καὶ
2959 3449 3144 3518 ὀρατοὶ
3193 3446 3455 3516 γίνονται.
3507 3451 3562 3501 ἐν
3597 3449 3674 3519 τῷ

2092 3539 2220 3592 εῖδει
2267 3538 2375 3590 τῶν
2426 3537 2641 3589 οἰκείων
2678 3535 2855 3590 αὐτῶν
2893 3537 3161 3607 σωμάτων
3188 3539 3303 3600 τοῖς
3353 3536 3526 3601 ἀξίοις
3572 3541 3672 3609 ἐμ-

2092 3626 2461 3699 φανιζόμενοι.
2532 3628 2587 3679 '0
2638 3625 2819 3696 μέντοι
2864 3627 3153 3696 ἁγιασμὸς,
3209 3626 3409 3693 ἔξωθεν
3456 3625 3533 3680 ὣν
3575 3627 3673 3698 τῆς

2091 3719 2296 3783 οὐσίας,
2323 3719 2421 3791 τὴν
2455 3718 2734 3773 τελείωσιν
2769 3720 2951 3782 αὐτοῖς
2982 3720 3177 3788 ἐπάγει
3209 3718 3298 3773 διά
3342 3719 3445 3788 τῆς
3484 3736 3669 3772 κοινω-

2093 3813 2211 3876 νίας
2253 3811 2346 3865 τοῦ
2388 3810 2720 3881 Πνεύματος.
2778 3812 3116 3864 Φυλάσσουσι
3158 3812 3216 3864 δὲ
3264 3811 3362 3881 τὴν
3409 3812 3566 3876 ἀξίαν
3602 3813 3664 3881 τῇ

2091 3903 2323 3972 ἐπιμονῇ
2357 3900 2451 3954 τοῦ
2500 3899 2687 3965 καλοῦ,
2727 3899 2947 3970 ἔχουσαι
2998 3900 3097 3971 μὲν
3145 3903 3202 3953 ἐν
3252 3901 3569 3971 προαιρέσει
3606 3900 3667 3953 τὸ

2092 3993 2455 4059 αὐτεξούσιον,
2486 3993 2740 4047 οὐδέποτε
2780 3992 2837 4045 δὲ
2872 3994 2934 4045 ὲκ
2978 3993 3077 4061 τῆς
3116 3992 3208 4045 τοῦ
3255 3992 3421 4057 ὅντως
3464 3991 3667 4061 ἀγαθοῦ

2092 4084 2441 4162 προσεδρείας
2473 4084 2834 4138 ἐκπίπτουσαι
2864 4099 2878 4112 ·
2910 4084 2987 4146 ὡς
3028 4082 3121 4136 ἐὰν
3168 4083 3369 4156 ὑφέλῃς
3406 4083 3486 4155 τῷ
3530 4084 3669 4153 λόγῳ

2090 4173 2152 4227 τὺ
2205 4173 2463 4243 Πνεῦμα,
2524 4172 2773 4227 λέλυνται
2830 4172 2929 4243 μὲν
2981 4171 3230 4240 ἀγγέλων
3424 4174 3665 4239 χορεῖαι,

2092 4268 2391 4339 ἀνῄρηνται
2437 4267 2494 4321 δὲ
2541 4265 2897 4337 ἀρχαγγέλων
2945 4263 3281 4326 ὲπιστασίαι,
3337 4265 3668 4332 συγκέχυται

2090 4359 2148 4414 δὲ
2171 4359 2240 4413 τὰ
2259 4360 2435 4414 πάντα
2460 4374 2472 4386 ·
2493 4356 2908 4427 ὰνομοθέτητος,
2931 4353 3186 4416 ἄτακτος,
3216 4352 3470 4423 ἀόριστος
3496 4352 3668 4407 αὐτῶν

2093 4449 2127 4518 ἡ
2180 4447 2318 4519 ζωή.
2360 4447 2486 4510 Πῶς
2534 4447 2633 4518 μὲν
2673 4445 2782 4516 γὰρ
2832 4443 3061 4497 εἴπωσιν
3098 4441 3356 4509 ἄγγελοι·
3411 4442 3570 4505 Δόξα
3603 4441 3671 4493 ἐν

2091 4540 2376 4607 ὑψίστοις
2408 4535 2549 4601 Θεῷ,
2584 4534 2658 4607 μὴ
2703 4531 3115 4603 δυναμωθέντες
3160 4529 3265 4584 ὑπὸ
3296 4529 3390 4583 τοῦ
3426 4529 3671 4601 Πνεύμαρ

2092 4644 2217 4694 τος,
2248 4627 2457 4692 Οὐδεὶς
2502 4626 2609 4696 γὰρ
2636 4623 2886 4677 δύναται
2928 4620 3117 4675 εἰπεῖν
3157 4619 3377 4688 Κύριον
3408 4618 3670 4686 Ἰησοῦν,

2092 4722 2143 4773 εὶ
2177 4718 2264 4789 μὴ
2298 4719 2368 4771 ἐν
2397 4716 2692 4785 Πνεύματι
2724 4714 2889 4783 ἁγίῳ,
2917 4711 3017 4765 καὶ
3044 4709 3246 4777 οὐδεὶς
3271 4710 3340 4764 ὲν
3378 4711 3671 4779 Πνεύματι

2095 4811 2244 4866 Θεοῦ
2269 4808 2474 4864 λαλῶν
2521 4807 2682 4876 λέγει
2727 4805 2991 4874 ἀνάθεμα
3041 4802 3284 4871 Ἰησοῦν
3306 4818 3320 4832 ·
3370 4803 3507 4873 ὅπερ
3534 4798 3674 4854 εἴποι

2093 4897 2160 4952 ἂν
2345 4896 2413 4950 τὰ
2444 4896 2655 4967 πονηρὰ
2684 4894 2780 4948 καί⁷
2808 4893 3161 4963 ἀντικείμενα
3194 4892 3502 4962 πνεύματα,
3536 4887 3610 4946 ὧν
3638 4892 3673 4962 ἡ

2095 4988 2411 5051 ἀπόπτωσις
2462 4987 2743 5059 συνίστησι
2796 4985 2890 5038 τὸν
2933 4984 3112 5053 λόγον,
3162 4982 3255 5037 τοῦ
3296 4983 3675 5050 αὐτεξουσίως

2094 5074 2232 5132 εἷναι
2273 5078 2372 5143 τὰς
2423 5077 2687 5148 ἀοράτους
2735 5076 3030 5147 δυνάμεις,
3087 5075 3390 5146 ἰσορρόπως
3445 5073 3674 5144 ἐχούσας

2097 5172 2232 5244 πρὸς
2252 5171 2448 5243 ἀρετὴν
2478 5171 2571 5224 καὶ
2605 5169 2826 5233 κακίαν,
2862 5170 2956 5222 καὶ
2987 5166 3077 5221 διὰ
3102 5164 3261 5218 τοῦτο
3285 5164 3547 5233 δεομένας
3576 5164 3675 5232 τῆς

2096 5264 2191 5319 τοῦ
2243 5264 2562 5334 Πνεύματος
2615 5260 2887 5332 βοηθείας.
2956 5258 3095 5329 Ἐγὼ
3153 5259 3246 5311 καὶ⁸
3294 5256 3386 5309 τὸν
3434 5256 3474 5307 Γ
3477 5255 3666 5326 α6ριὴ)

2098 5357 2382 5431 προλέγειν
2428 5357 2496 5410 τὰ
2545 5355 2806 5426 μέλλοντα
2853 5353 3106 5425 οὐδαμῶς
3139 5351 3312 5412 ἄλλως
3358 5348 3503 5420 φημὶ
3541 5349 3574 5419 ἢ
3608 5348 3673 5417 τῇ

2098 5449 2402 5523 προγνώσει
2434 5448 2526 5501 τοῦ
2563 5448 2899 5518 Πνεύματος.
2938 5446 3079 5500 Διότι
3107 5444 3166 5496 ἓν
3199 5443 3307 5495 τῶν
3480 5443 3547 5494 ὲκ
3576 5439 3673 5509 τῆς

2096 5541 2411 5614 διαιρέσεως
2445 5539 2534 5593 τοῦ
2570 5538 2881 5609 Πνεύματος
2912 5536 3262 5608 χαρισμάτων
3296 5533 3445 5586 ἐστὶν
3478 5536 3510 5603 ἡ
3544 5549 3677 5605 προ·-

2095 5720 2114 5749 ⁸
2169 5716 2313 5774 Psal.
2346 5732 2464 5785 cm,
2529 5719 2580 5771 4.
2660 5720 2680 5751 ⁵
2722 5732 2854 5774 LUC.
2891 5732 2948 5785 ιι,
2984 5716 3072 5777 14.
3171 5720 3192 5753 ⁸
3226 5716 3245 5773 l
3283 5716 3412 5775 Cor.
3470 5732 3569 5783 xu,
3626 5718 3676 5771 3.
