4086 6214
297 327 415 395 ’161

1254 326 1634 389 PANOPLIA
1674 329 2137 399 DOGMATICA.
2169 361 2240 374 -
2279 338 2431 402 ΤΙΤ.
2473 340 2616 405 XII.

3465 357 3571 419 762

300 459 530 537 φητεία.
579 456 639 512 ’0
673 457 731 511 δὲ
756 456 828 513 τὰ
884 459 1153 529 μυστήρια
1195 459 1293 528 τῆς
1333 460 1596 523 ὀπτασίας
1630 461 1706 531 τῷ
1737 463 1876 533 ἀνδρπ

1992 472 2225 527 scientia
2286 474 2566 544 Spiritus,
2631 491 2696 533 eo
2756 482 2900 551 quod
2954 500 3122 539 unum
3177 502 3243 542 ex
3301 488 3573 550 divisione

299 552 421 605 τῶν
467 549 773 621 ἐπιθυμιῶν
820 548 1134 619 ἐπιταχθεὶς
1172 550 1511 619 διαγγεῖλαι,
1542 553 1704 605 πόθεν
1739 572 1890 625 cmpt-

301 643 462 706 σθεὶς
507 639 622 713 εἶχε
672 642 948 695 διδάσκειν
998 640 1067 694 τά
1132 644 1525 714 κεκρυμμένα,
1582 647 1631 697 εἰ
1685 646 1759 717 μῆ
1810 647 1890 717 τῷ

298 733 590 803 Πνεύματι
618 732 697 804 τῷ
745 734 921 802 ἁγίῳ;
965 732 1066 803 τῆς
1107 733 1503 803 ἀποκαλύψεως
1541 736 1649 789 τῶν
1683 754 1889 807 μυστη-

301 826 444 895 ρίων
481 825 625 887 ίδὶως
654 823 732 894 τῷ
764 825 1044 894 Πνεύματι
1084 826 1489 896 προσηκούσης,
1526 828 1664 880 κατὰ
1707 828 1767 881 τὸ
1798 846 1892 895 γε-

297 918 648 989 γραμμένον,
677 919 760 972 ὅτι
800 918 962 987 Ἡμῖν
987 916 1387 987 ἀπεκάλυψεν
1424 924 1455 975 ό
1485 921 1629 988 Θεὸς
1659 922 1757 977 διὰ
1784 922 1889 976 τοῦ

296 1012 675 1078 Πνεύματος.
728 1009 920 1079 Θρόνοι
963 1010 1019 1062 δὲ
1064 1011 1157 1062 καὶ
1207 1012 1546 1083 κυριότητες,
1587 1015 1680 1066 καὶ
1722 1015 1889 1086 ἀρχαὶ

297 1102 402 1155 καὶ
443 1101 704 1165 ἐξουσίαι,
748 1098 865 1163 πῶς
911 1101 977 1154 ἂν
1018 1100 1117 1172 τὴν
1166 1104 1440 1173 μακαρίαν
1644 1105 1888 1177 διεξῆγον

298 1191 473 1262 ζωὴν,
508 1194 555 1245 εί
603 1192 677 1262 μὴ
722 1191 811 1244 διὰ
852 1192 1051 1256 παντὸς
1092 1192 1319 1246 ἔϐλεπον
1366 1195 1427 1247 τὸ
1459 1197 1751 1267 πρόσωπον
1787 1200 1881 1252 τοῦ

298 1283 521 1353 Πατρὸς
564 1282 658 1335 τοῦ
704 1286 764 1336 ὲν
808 1284 1091 1354 ούρανοίς;
1132 1286 1204 1338 Τὸ
1236 1286 1293 1338 δὲ
1351 1285 1702 1355 βλέπεινούκ
1753 1291 1882 1344 ἄνευ

299 1376 402 1429 τοῦ
439 1375 771 1446 Πνεύματος.
821 1376 1031 1447 Ὠσπερ
1075 1378 1184 1449 γὰρ
1226 1379 1282 1430 ὲν
1319 1381 1495 1443 νυκτὶ,
1541 1381 1638 1435 ἐὰν
1676 1383 1884 1456 ὑφέλῃς

298 1470 369 1524 τὸ
396 1470 510 1539 φῶς
541 1470 647 1523 ἀπὸ
675 1470 775 1539 τῆς
799 1469 993 1535 οἰκίας,
1015 1471 1213 1539 τυφλαὶ
1247 1472 1345 1540 μὲν
1371 1474 1429 1525 αί
1461 1471 1628 1545 ὄψεις,
1666 1476 1885 1548 ἀνενέρ-

299 1578 466 1631 γητοι
497 1561 554 1614 δὲ
600 1560 1017 1613 καταλείπονται
1049 1564 1102 1614 αἱ
1157 1561 1435 1633 δυνάμεις,
1485 1566 1880 1634 άνεπίγνωστοι

301 1652 366 1706 δὲ
403 1652 459 1705 αἱ
492 1652 657 1717 ἀξίαι,
691 1651 785 1705 καὶ
820 1651 1019 1722 χρυσοῦ
1063 1651 1159 1705 καὶ
1196 1653 1417 1725 σιδήρου
1453 1655 1654 1725 ὁμοίως
1681 1673 1883 1711 πατου-

1990 562 2258 617 donorum
2292 564 2529 635 Spiritus
2568 570 2639 623 sit
2669 576 2981 641 prophetia.
3016 576 3193 635 Porro
3232 583 3325 651 qui
3364 596 3575 656 mystc-

1994 655 2081 707 ria
2114 655 2344 710 visionis
2376 660 2497 712 viro
2550 662 2947 720 desideriorum
2975 669 3165 737 jussus
3210 685 3327 729 erat
3359 655 3573 737 annun-

1992 747 2130 800 tiare
2175 752 2218 815 ³,
2280 749 2424 805 unde
2459 762 2655 810 nactus
2702 766 2820 810 erat
2866 761 3226 833 sapientiam,
3285 778 3342 821 ut
3387 785 3573 841 posset

1991 835 2187 892 docere
2238 855 2459 907 arcana,
2503 845 2608 898 nisi
2670 862 2766 915 per
2822 848 3084 920 Spiritum
3287 835 3576 917 sanctum?

1990 943 2113 1019 cum
2152 933 2449 999 patefactio
2494 940 2882 1007 mysteriorum
2915 949 3266 1014 peculiariter
3294 955 3361 1007 ad
3396 954 3571 1025 Spiri-

1992 1032 2106 1076 tum
2158 1033 2410 1079 sanctum
2462 1031 2752 1097 pertineat,
2803 1034 2959 1103 juxta
3017 1038 3067 1090 id
3111 1043 3258 1109 quod
3300 1049 3565 1115 scriptum

1988 1122 2073 1171 est
2107 1134 2119 1168 :
2155 1116 2322 1173 Nobis
2356 1124 2606 1177 reseravit
2646 1125 2786 1179 Deus
2826 1144 2919 1197 per
2949 1131 3206 1200 Spiritum
3263 1139 3299 1193 ’.
3356 1139 3566 1197 Throni

1988 1225 2119 1264 vero
2150 1218 2202 1265 et
2267 1212 2701 1284 dominationes,
2754 1222 3091 1293 principatus
3153 1236 3205 1281 et
3246 1240 3566 1300 potestates,

1988 1302 2265 1368 quomodo
2314 1304 2524 1360 beatam
2585 1310 2939 1367 traducerent
2972 1317 3164 1383 vitam,
3206 1321 3313 1375 nisi
3349 1338 3569 1394 semper

1988 1390 2235 1446 viderent
2264 1395 2472 1450 vultum
2507 1397 2686 1457 Patris
2715 1404 2806 1472 qui
2857 1405 2912 1459 in
2942 1410 3096 1464 caelis
3127 1419 3211 1465 est
3247 1410 3267 1441 ³
3291 1413 3313 1467 ?
3335 1418 3405 1469 At
3428 1390 3567 1472 visio

1988 1496 2093 1535 non
2139 1491 2223 1539 est
2272 1488 2479 1558 absque
2523 1490 2752 1562 Spiritu.
2806 1496 3275 1562 Quemadmodum
3333 1508 3477 1560 enim
3519 1510 3565 1565 si

1982 1571 2039 1626 in
2074 1588 2232 1632 nocte
2270 1580 2428 1635 tollas
2462 1583 2742 1656 lucernam
2783 1606 2813 1642 e
2848 1589 3029 1655 domo,
3064 1595 3193 1647 caeci
3222 1603 3349 1649 sunt
3398 1599 3563 1664 oculi,

1979 1663 2265 1723 facultates
2320 1671 2705 1742 relinquuntur
2775 1678 3016 1745 inertes,
3083 1699 3184 1737 nec
3251 1663 3565 1756 agnoscitur

303 1745 493 1816 μένων
524 1742 613 1795 διὰ
652 1742 751 1813 τὴν
780 1742 1003 1809 ἄγνοιαν
1021 1756 1036 1772 ⁵
1081 1741 1252 1807 οὕτως
1286 1744 1378 1797 ἐπὶ
1408 1745 1507 1815 τῆς
1536 1746 1735 1818 νοητῆς
1761 1747 1876 1801 δια-

1978 1768 2169 1842 rerum
2231 1759 2507 1831 dignitas,
2576 1766 2672 1821 sed
2752 1784 2849 1836 per
2926 1772 3291 1841 ignorantiam
3365 1794 3562 1837 aurum

302 1831 655 1896 κοσμήσεως,
692 1828 973 1898 ἀμήχανον
1016 1829 1115 1902 τὴν
1143 1831 1402 1903 ἔνθεσμον
1430 1835 1643 1907 ἐκείνην
1675 1836 1876 1909 διαμεῖ-

1982 1840 2207 1909 pcrinde
2251 1858 2314 1896 ac
2369 1846 2572 1901 ferrum
2629 1828 2986 1906 conculcatur
3024 1871 3036 1905 :
3092 1859 3170 1911 sic
3207 1860 3260 1913 in
3289 1863 3561 1931 spirituali

298 1934 392 1973 ναι
410 1919 556 1991 ζωὴν
574 1921 700 1975 ἄνευ
720 1921 814 1975 τοῦ
834 1920 974 1977 Πνεύ
982 1940 1149 1994 ματος
1164 1940 1178 1955 ο
1210 1924 1270 1976 οὐ
1296 1925 1494 1995 μᾶλλόν
1518 1928 1630 1998 γεῆ
1667 1945 1884 2001 στρατο-

298 2013 466 2065 πέδου
490 2014 590 2083 τὴν
612 2014 882 2080 εὐταξίαν,
907 2014 997 2068 τοῦ
1022 2014 1315 2087 ταξιάρχου
1342 2019 1417 2088 μὴ
1590 2021 1852 2092 παρόντος
1868 2033 1883 2049 ‘

296 2102 333 2173 ἦ
368 2103 533 2173 χοροῦ
566 2104 663 2175 τὴν
693 2106 1029 2175 συμφωνίαν,
1058 2107 1152 2159 τοῦ
1182 2109 1480 2179 κορυφαίου
1513 2107 1589 2179 μὴ
1619 2110 1887 2180 συναρμό-

298 2193 510 2258 ζοντος.
557 2195 680 2259 Πῶς
720 2196 834 2268 [ἂν]
868 2198 996 2269 εἴπῃ
1033 2197 1102 2251 τὰ
1144 2201 1405 2270 σεραφὶμ,
1444 2200 1665 2269 Ἀγιος,
1696 2200 1882 2269 ἅγιος,

297 2290 489 2359 ἅγιος,
525 2290 597 2361 μὴ
618 2290 932 2359 διδαχθέντα
963 2291 1112 2363 παρὰ
1152 2291 1246 2346 τοῦ
1280 2291 1622 2362 Πνεύματος,
1655 2292 1885 2356 ποσάκις

297 2382 455 2435 ἐστὶν
493 2380 711 2444 εὐσεϐὲς
769 2381 866 2451 τὴν
917 2381 1220 2450 δοξολογίαν
1277 2382 1481 2453 ταύτην
1538 2383 1883 2451 ἀναφωνεῖνς

298 2472 430 2524 Εἴτε
451 2468 546 2524 οὖν
577 2470 785 2524 αἱνοῦσι
813 2470 906 2524 τὸν
938 2472 1070 2525 Θεὸν
1099 2473 1300 2535 πάντες
1330 2474 1380 2526 oi
1422 2471 1643 2540 ἄγγελοι
1688 2472 1877 2535 αὑτοῦ,

297 2562 397 2615 καὶ
430 2560 670 2613 αἰνοῦσιν
706 2559 869 2612 αὑτὸν
892 2562 1062 2613 πᾶσαι
1088 2562 1143 2614 αἱ
1176 2562 1432 2632 δυνάμεις
1453 2561 1620 2615 αὑτοῦ
1637 2601 1651 2626 ,
1675 2562 1762 2615 διὰ
1785 2563 1883 2633 τῆς

295 2652 393 2705 τοῦ
432 2651 747 2721 Πνεύματος
792 2652 1114 2723 συνεργείας
1151 2669 1166 2685 ο
1343 2654 1455 2706 εἴτε
1502 2655 1881 2725 παρεστήκασι

295 2744 469 2816 χίλιαι
502 2743 736 2814 χιλιάδες
769 2742 1037 2809 ἀγγέλων,
1073 2743 1166 2798 καὶ
1215 2743 1408 2820 μύριαι
1456 2744 1716 2815 μυριάδες
1762 2745 1878 2797 λει-

296 2834 673 2905 τουργούντων
717 2862 735 2891 .
900 2834 958 2886 έν
987 2836 1053 2905 τῇ
1084 2834 1308 2903 δυνάμει
1344 2833 1437 2887 τοῦ
1472 2833 1791 2904 Πνεύματος
1819 2833 1881 2885 τὸ

294 2927 498 2978 οἰκεῖον
543 2924 703 2995 ἔργον
748 2926 994 2997 ἀμώμως
1042 2923 1371 2978 ἐπιτελοῦσι.
1432 2926 1619 2978 Πᾶσαν
1654 2919 1746 2977 οὖν
1777 2923 1877 2993 τὴν

297 3016 690 3087 ὑπερουράνιον
729 3017 944 3085 ἐκείνην
991 3015 1085 3067 καὶ
1108 3014 1348 3085 ἄρρητον
1384 3012 1671 3083 ἁρμονίαν,
1718 3010 1774 3064 ἐν
1814 3027 1876 3064 τε

1979 1931 2206 1998 ordine,
2263 1934 2603 2006 impossibile
2654 1952 2738 1998 est
2781 1943 2923 2012 piam
2974 1948 3120 2000 illam
3179 1964 3243 2002 ac
3304 1962 3549 2007 sanctam

1977 2024 2145 2079 vitam
2199 2040 2519 2095 permanere
2552 2032 2690 2085 citra
2736 2032 2999 2104 Spiritum
3041 2052 3054 2089 :
3097 2039 3267 2094 nihilo
3308 2042 3552 2110 profecto

1980 2116 2151 2185 magis
2208 2132 2372 2185 quam
2434 2122 2709 2177 exercitus
2768 2124 2821 2178 in
2880 2134 3027 2181 recto
3090 2130 3281 2184 ordine
3331 2147 3551 2187 manere

1976 2216 2152 2277 petest
2206 2210 2431 2267 absente
2459 2212 2618 2277 duce,
2670 2224 2764 2269 aut
2819 2218 3022 2273 chorus
3068 2221 3121 2273 in
3158 2226 3546 2288 consonantia,

1976 2298 2079 2352 nisi
2140 2299 2295 2353 chori
2356 2302 2647 2371 praefectus
2684 2312 2946 2376 temperet
3005 2309 3367 2367 harmoniam.
3443 2315 3548 2379 Qui

1976 2397 2199 2457 possent
2265 2390 2450 2448 dicere
2509 2399 2806 2467 seraphin),
2845 2399 3099 2466 Sanctus,
3150 2414 3386 2470 sanctus,
3421 2424 3548 2460 σαπ-

1972 2489 2085 2534 ctus
2120 2487 2173 2549 ⁸,
2234 2484 2343 2537 nisi
2404 2485 2549 2539 docti
2603 2504 2700 2558 per
2770 2488 3068 2559 Spiritum,
3126 2496 3342 2563 quoties
3400 2497 3545 2566 pium

1973 2568 2136 2625 fuerit
2200 2571 2364 2642 hujus
2419 2577 2833 2646 glorificationis
2895 2585 3059 2637 verba
3120 2590 3364 2644 canere?
3422 2589 3547 2646 Sive

1970 2658 2137 2727 igitur
2173 2661 2401 2717 laudant
2443 2665 2608 2721 Deum
2656 2684 2849 2724 omnes
2890 2674 3065 2741 angeli
3112 2675 3230 2745 ejus
3261 2692 3322 2732 ac
3354 2693 3545 2734 omnes

1968 2747 2197 2805 viltutes
2228 2752 2376 2820 ejus,
2419 2753 2478 2807 lit
2523 2754 2757 2825 Spiritus
2805 2774 2923 2828 ope.
2977 2760 3100 2817 Sive
3134 2774 3315 2820 astant
3348 2770 3544 2823 millies

1970 2836 2116 2890 mille
2154 2840 2356 2908 angeli,
2407 2856 2472 2897 ac
2518 2846 2728 2902 centies
2772 2856 2990 2902 centum
3031 2853 3197 2905 millia
3230 2855 3546 2909 i‘uinistram

1967 2926 2152 2991 tium,
2210 2929 2443 2986 udicium
2504 2950 2664 2989 suum
2731 2938 2869 2992 citra
2939 2941 3417 3009 reprehensionem
3488 2945 3543 2998 in

1963 3018 2165 3072 virtute
2197 3017 2432 3087 Spiritus
2470 3024 2781 3092 perficiunt.
2824 3026 3011 3097 itaque
3063 3039 3173 3084 tota
3216 3031 3307 3084 illa
3348 3047 3542 3101 snper-

295 3106 366 3174 τῇ
405 3103 714 3176 λειτουργίᾳ
750 3106 886 3159 Θεοῦ
924 3105 1019 3158 καὶ
1043 3107 1108 3174 τῇ
1143 3104 1278 3174 πρὸς
1311 3102 1546 3173 ἀλλήλας
1578 3102 1685 3154 τῶν
1711 3102 1876 3172 ὑπερ-

1968 3110 2207 3167 coelestis
2267 3121 2322 3168 et
2370 3114 2663 3173 ineﬂ'ahilis
2708 3118 3033 3185 harmonia,
3090 3129 3204 3175 tum
3273 3124 3329 3177 in
3392 3125 3541 3177 cultu

286 3195 531 3265 κοσμίων
571 3196 847 3266 δυνάμεων
882 3194 1191 3266 συμφωνία,
1237 3194 1498 3247 ἀδύνατον
1541 3193 1879 3264 φυλαχθῆναι

293 3283 394 3356 [εί]
413 3284 487 3355 μὴ
505 3289 569 3357 τῇ
589 3286 881 3358 ἐπιστασίᾳ
906 3285 1001 3338 τοῦ
1025 3284 1360 3355 Πνεύματος.
1394 3282 1550 3336 Οὕτω
1579 3285 1676 3354 μὲν
1698 3278 1789 3336 οὖν
1818 3282 1878 3336 ὲν

289 3374 623 3445 δημιουργίᾳ
652 3376 886 3446 πάρεστι
916 3375 976 3427 τὸ
1010 3374 1233 3443 Πνεῦμα
1267 3373 1327 3426 τὸ
1359 3373 1512 3442 ἅγιον
1534 3375 1646 3435 τοῖς
1669 3373 1770 3425 οὐκ
1811 3372 1877 3425 ἐκ

290 3460 582 3530 προκοπῆς
614 3461 1031 3531 τελειουμένοις,
1060 3462 1174 3515 ἀλλ’
1201 3462 1294 3515 ἀπ’
1319 3461 1489 3532 αὐτῆς
1517 3462 1617 3532 τῆς
1646 3460 1875 3524 κτίσεως

288 3550 457 3614 εὐθὺς
484 3552 729 3617 τελείοις,
752 3556 830 3617 είς
855 3554 945 3607 τὸν
975 3553 1320 3624 ἀπαρτισμὸν
1355 3553 1451 3607 καὶ
1480 3552 1874 3624 συμπλήρωσιν

285 3640 389 3711 τῆς
450 3641 796 3708 ὑποστάσεως
848 3642 1028 3697 αὐτῶν
1088 3644 1189 3713 τὴν
1255 3645 1388 3714 παρ’
1452 3642 1647 3695 ἑαυτοῦ
1716 3642 1873 3713 χάριν

288 3734 608 3804 συνεισφερό
615 3750 793 3804 μενον.

485 3825 595 3886 Τὰς
633 3823 692 3876 δὲ
737 3823 866 3893 περὶ
907 3822 1000 3875 τὸν
1056 3818 1344 3893 ἄνθρωπον
1395 3817 1731 3888 οἰκονομίας.
1774 3816 1873 3881 τὰς

1962 3195 2096 3263 Dei,
2153 3208 2267 3255 tum
2348 3203 2402 3257 in
2461 3205 3009 3264 ultramundanarum
3079 3212 3340 3266 virtutum
3396 3214 3541 3268 inter

1961 3287 2108 3357 ipsas
2132 3293 2493 3347 consonantia
2539 3311 2884 3367 nequaquam
2929 3300 3137 3354 servari
3175 3310 3390 3369 posset,
3426 3302 3535 3356 nisi

1962 3390 2218 3449 praeesset
2267 3382 2525 3453 Spiritus.
2560 3386 2654 3442 Sic
2696 3388 2863 3459 igitur
2892 3390 2948 3443 in
2980 3392 3259 3446 creatione
3288 3393 3377 3455 iis,
3421 3408 3543 3463 quae

1961 3484 2069 3524 non
2148 3473 2486 3542 proficiendo
2570 3479 2899 3547 perveniunt
2968 3480 3036 3535 ad
3103 3482 3493 3551 perfectionem
3522 3524 3538 3549 ,

1960 3560 2055 3615 sed
2079 3562 2149 3617 ab
2180 3565 2297 3633 ipsa
2332 3567 2582 3634 protinus
2606 3570 2886 3625 creatione
2907 3570 3147 3639 perfecta
3176 3580 3306 3626 sunt
3332 3612 3347 3637 ,
3386 3573 3542 3628 adest

1961 3648 2199 3719 Spiritus
2221 3665 2475 3721 sanctus;
2516 3658 2573 3710 in
2592 3659 2717 3721 hoc,
2754 3666 2812 3713 ut
2838 3660 3149 3729 perﬁciatur
3179 3662 3541 3729 compleatur-

1956 3755 2063 3811 que
2111 3743 2327 3797 illorum
2383 3746 2729 3812 substantia,
2776 3748 3006 3817 gratiam
3031 3763 3186 3803 suam
3223 3749 3535 3806 conferens.

2181 3831 2451 3888 Caeterum
2522 3833 2961 3904 dispensationes
3037 3838 3185 3891 circa
3260 3838 3537 3893 hominem

289 3913 400 3968 ὑπὸ
445 3913 538 3967 τοῦ
576 3914 812 3984 μεγάλου
863 3910 996 3965 Θεοῦ
1045 3911 1140 3965 καὶ
1186 3909 1440 3981 Σωτῆρος
1489 3907 1648 3978 ἡμῶν
1697 3905 1870 3976 Ἰησοῦ

1968 3939 2076 3993 qua:
2123 3922 2282 3977 factae
2332 3933 2462 3979 sunt
2500 3940 2531 3979 a
2580 3941 2779 3997 magno
2825 3927 2957 3991 Deo,
2998 3936 3054 3983 et
3110 3928 3398 3983 Servatore
3432 3944 3535 3984 no-

290 4005 532 4077 Χριστοῦ
551 4007 693 4060 κατὰ
710 4007 805 4077 τὴν
822 4005 1133 4075 ἀγαοότητα
1160 4003 1253 4055 τοῦ
1271 4001 1405 4055 Θεοῦ
1554 4000 1869 4071 γενομένας,

1968 4021 2073 4067 stro
2099 4012 2228 4069 Jesu
2263 4013 2482 4071 Christo
2525 4018 2682 4085 juxta
2734 4018 3033 4074 bonitatem
3075 4019 3217 4085 Dei,
3273 4020 3399 4090 quis
3438 4037 3537 4077 ne-

294 4096 379 4161 τίς
409 4099 625 4168 ἀντερεῖ
658 4098 732 4168 μὴ
756 4098 878 4167 ούχλ⁸
916 4098 1004 4151 διὰ
1035 4097 1134 4166 τῆς
1169 4095 1263 4149 τοῦ
1306 4093 1620 4182 Πνεύματος
1650 4092 1870 4182 χάριτος

1968 4104 2104 4173 gahit
2150 4120 2247 4176 per
2296 4106 2534 4176 Spiritus
2584 4110 2810 4180 gratiam
2848 4125 2971 4165 esse
2993 4111 3359 4182 adimpletas?
3410 4110 3536 4169 Sive

287 4184 729 4256 πεπληροῦσθαις
758 4187 881 4238 Εἴτε
922 4185 1099 4254 βούλει
1138 4185 1206 4237 τὰ
1239 4181 1445 4237 παλαιὰ
1484 4185 1737 4235 σκοπεῖνο
1772 4181 1870 4245 τὰς

1968 4197 2099 4251 velis
2148 4197 2329 4268 prisca
2379 4209 2651 4269 spectare,
2708 4181 3150 4269 patriarcharum
3194 4201 3533 4257 benedictio-

285 4277 398 4331 τῶν
445 4276 805 4348 πατριαρχῶν
852 4275 1120 4343 εὐλογίας,
1162 4275 1261 4346 τὴν
1301 4274 1364 4326 ὲκ
1404 4273 1502 4343 τῆς
1551 4271 1869 4342 νομοθεσίας

1968 4302 2084 4353 aes,
2131 4289 2393 4343 auxilium
2447 4305 2544 4359 per
2578 4290 2748 4361 legem
2797 4291 3006 4357 datum,
3042 4292 3262 4363 ﬁguras,
3298 4296 3533 4366 prophe-

284 4368 572 4439 δεδομένην
608 4367 884 4439 βοήθειαν,
929 4367 1053 4429 τοὺς
1097 4366 1322 4429 τύπους,
1366 4363 1467 4426 τὰς
1506 4362 1866 4435 προφητείας,

1968 4379 2081 4447 tias,
2114 4379 2326 4434 fortiter
2369 4381 2423 4434 in
2469 4382 2628 4436 hellis
2656 4390 2829 4452 gesta,
2890 4362 3153 4439 miracula
3188 4362 3532 4455 pereant—etes

285 4462 353 4516 τὰ
381 4465 437 4515 ἐν
468 4462 722 4533 πολέμοις
757 4461 1246 4534 ἁνδραγαθήματα,
1279 4460 1349 4513 τὰ
1390 4459 1478 4512 διὰ
1505 4459 1613 4511 τῶν
1645 4458 1867 4512 δικαίων

1968 4469 2097 4526 :dita
2132 4486 2145 4522 :
2179 4471 2294 4525 sive
2325 4484 2445 4540 quae
2489 4472 2636 4525 circa
2685 4472 2901 4526 Domini
2930 4475 2985 4528 in
3023 4490 3190 4530 carne
3236 4476 3531 4531 adventum

286 4556 515 4623 σημεῖα·
571 4552 682 4605 εἴτε
735 4554 805 4606 τὰ
852 4553 979 4624 περὶ
1033 4553 1131 4621 τὴν
1188 4550 1452 4622 ένσαρκον
1508 4546 1602 4603 τοῦ
1657 4549 1865 4621 Κυρίου

279 4645 579 4715 παρουσίαν
605 4643 1031 4714 οίκονομηθέντα
1050 4659 1063 4673 ’
1096 4641 1185 4695 διὰ
1206 4641 1299 4694 τοῦ
1334 4640 1674 4711 Πνεύματος.
1707 4640 1865 4712 Πρὼ-

276 4749 367 4786 τον
415 4734 514 4802 μὲν
562 4733 670 4805 γὰρ
724 4734 863 4804 αὐτῇ
918 4735 985 4804 τῇ
1033 4734 1198 4803 σαρκὶ
1256 4731 1351 4786 τοῦ
1404 4731 1613 4802 Κυρίου
1677 4732 1863 4802 συνῆν,

279 4825 490 4895 χρίσμα
534 4826 845 4896 γενόμενον,
895 4827 988 4877 καὶ
1039 4824 1359 4896 ἁχωρίστως
1404 4822 1579 4893 παρὸν
1625 4822 1767 4875 κατά
1805 4822 1866 4876 τὸ

275 4918 679 4988 γεγραμμένον·
711 4904 832 4987 Ἐφί
856 4917 928 4970 ὃν
954 4918 1031 4971 ἂν
1065 4918 1200 4985 ιδῃς
1228 4917 1293 4969 τὸ
1318 4914 1556 4984 Πνεῦμα
1588 4909 1867 4969 καταϐαῖ-

275 5023 406 5070 νον,
460 5009 558 5061 καὶ
598 5010 789 5078 μένον
824 5011 917 5063 ἐπ’
968 5009 1177 5074 αὑτὸν,
1224 5003 1402 5073 οὗτός
1450 5008 1621 5060 ἐστιν
1654 5010 1687 5060 ὁ
1733 5010 1864 5075 Υίός

268 5103 437 5168 μουό
469 5102 777 5169 ἀγαπητός
800 5119 813 5132 ·
852 5103 966 5168 καὶ,
1017 5102 1261 5170 Ἰησοῦν
1298 5102 1404 5155 τὸν
1435 5100 1555 5155 ἀπὸ
1577 5100 1860 5169 Ναζαρὲτ,

275 5190 349 5243 ὃν
372 5190 617 5259 ἔχρισεν
638 5196 671 5246 ό
702 5194 846 5259 Θεὸς
877 5193 956 5259 τῷ
990 5195 1291 5263 Πνεύματι
1321 5191 1400 5259 τῷ
1427 5194 1593 5263 ἁγίῳ.
1634 5194 1862 5247 Ἔπειτα

273 5282 423 5333 πᾶσα
469 5283 719 5354 ἐνέργεια
769 5286 1150 5357 συμπαρόντος
1184 5284 1280 5338 τοῦ
1331 5285 1649 5356 Πνεύματος
1694 5289 1858 5359 ἐνηρ·

271 5375 438 5440 γεῖτο.
491 5376 660 5429 Τοῦτο
720 5379 813 5432 καὶ
874 5380 977 5433 ὑπὸ
1029 5379 1122 5433 τοῦ
1176 5380 1427 5433 διαϐόλου
1478 5382 1858 5455 πειραζομένῳ

271 5464 472 5534 παρῆν.
520 5467 779 5537 Ἀνήχθη
821 5471 949 5544 γὰρ,
1000 5474 1186 5541 φησὶν,
1220 5476 1254 5529 ὀ
1322 5473 1550 5541 Ἰησοῦς
1586 5475 1705 5530 ὑπὸ
1748 5477 1854 5533 τοῦ

270 5554 616 5622 Πνεύματος
688 5563 776 5627 είς
826 5560 942 5628 τὴν
987 5561 1211 5631 ἔρημον
1273 5562 1380 5617 τοῦ
1438 5563 1852 5634 πειρασθῆναι.

339 5737 387 5813 ‘__
421 5735 555 5813 ῧίξηο
610 5756 667 5807 x,
705 5737 819 5813 10.,
870 5739 953 5813 ’Ail
992 5729 1123 5813 Cor.
1167 5756 1224 5806 n,
1269 5742 1359 5800 10.
1438 5741 1459 5775 ³
1516 5740 1710 5801 Matth.
1748 5757 1876 5799 xvm

1974 5743 2028 5801 0.
2104 5742 2127 5777 ⁸
2173 5740 2278 5803 lea.
2312 5758 2388 5813 vr,
2422 5745 2482 5802 3.

269 5808 290 5843 "
344 5805 532 5863 Matth.
563 5805 724 5878 md.
805 5812 825 5845 ⁸
880 5810 1069 5868 Matth.
1105 5805 1313 5880 x1528

1951 4563 2259 4633 dispensata
2292 4571 2432 4620 sunt
2463 4580 2478 4617 :
2513 4578 2608 4634 per
2639 4562 2903 4634 Spiritum
2951 4575 3103 4637 gesta
3137 4576 3286 4625 sunt.
3344 4567 3529 4624 Primo

1949 4655 2095 4711 enim
2138 4654 2314 4709 adfuit
2362 4655 2467 4726 ipsi
2521 4656 2677 4710 carni
2737 4655 2977 4723 Domini,
3025 4660 3153 4714 dum
3204 4660 3380 4714 factus
3423 4676 3525 4713 nn-

1948 4748 2080 4814 ctio,
2144 4754 2201 4803 et
2259 4747 2705 4817 inseparabiliter
2746 4749 3116 4820 conjunctus,
3173 4753 3320 4806 sicut
3381 4755 3521 4807 scri-

1951 4848 2101 4909 ptum
2136 4849 2221 4896 est
2252 4855 2265 4891 :
2303 4838 2470 4908 Super
2507 4856 2660 4910 quem
2689 4841 2883 4895 videris
2921 4842 3183 4909 Spiritum
3212 4844 3525 4899 descenden-

1951 4940 2073 4994 tem,
2109 4940 2159 4985 et
2209 4942 2508 4986 manentem
2564 4948 2722 5001 super
2749 4951 2890 4997 eum,
2925 4935 3010 4987 hic
3060 4944 3139 4988 est
3166 4932 3343 4989 Filius
3377 4951 3519 4987 meus

1946 5020 2170 5075 dilectus
2217 5029 2281 5085 ’ς
2335 5030 2427 5088 et,
2481 5021 2665 5076 Iesum
2720 5042 2753 5077 a
2808 5023 3106 5089 Nazareth,
3162 5041 3313 5094 quem
3367 5026 3521 5077 unxit

1947 5111 2088 5168 Deus
2141 5113 2345 5184 Spiritu
2370 5124 2556 5169 sancto
2584 5117 2605 5148 °
2635 5153 2651 5169 .
2696 5115 2961 5185 Deinceps
3007 5117 3187 5171 omnis
3214 5118 3359 5169 actio
3385 5133 3520 5185 pne-

1945 5212 2105 5263 sente
2166 5204 2372 5275 Spiritu
2442 5208 2820 5278 peragebatur.
2876 5208 2974 5263 Hic
3034 5223 3276 5277 praesens
3331 5208 3518 5261 aderat

1944 5310 2072 5350 cum
2128 5303 2183 5350 et
2221 5310 2252 5349 a
2300 5294 2521 5350 diabolo
2559 5304 2883 5352 tentaretur.
2926 5296 3196 5351 Deductus
3235 5307 3315 5350 est
3343 5297 3515 5361 enim,

1944 5387 2152 5458 inquit,
2202 5384 2360 5441 Iesus
2399 5404 2433 5441 a
2484 5387 2689 5458 Spiritu
2740 5389 2794 5442 in
2836 5389 3098 5444 desertum
3130 5427 3147 5453 ,
3188 5398 3244 5440 ut
3287 5398 3521 5443 tentare-

1946 5490 2032 5533 tur
2069 5483 2109 5532 ⁷.
2151 5477 2287 5533 Tum
2331 5477 2513 5533 edenti
2573 5480 2838 5534 miracula
2879 5481 3149 5534 indivulse
3188 5480 3401 5534 aderat.
3456 5479 3519 5535 Si

1941 5573 2082 5626 enim
2117 5585 2231 5641 ego,
2271 5570 2472 5640 inquit,
2514 5571 2566 5625 in
2607 5570 2811 5638 Spiritu
2847 5570 2943 5625 Dei
2985 5572 3137 5639 ejicio
3175 5572 3441 5626 dwmonia
3468 5569 3512 5626 ⁸.

2574 5746 2596 5779 ⁸
2630 5744 2787 5803 Joan.
2822 5760 2864 5817 ι,
2914 5746 3007 5805 35.
3083 5749 3107 5783 ⁸
3162 5747 3287 5808 Act.
3318 5768 3374 5819 ι,
3437 5752 3517 5811 38.
