4086 6214
561 321 666 384 763

573 574 843 613 renovans
1005 553 1304 612 hominem,
1342 551 1503 617 eique
1537 548 1732 602 iterum
1765 544 1994 599 reddens
2015 557 2139 612 gra-

572 654 740 714 tiam,
801 663 962 719 quam
1026 662 1090 700 ex
1145 642 1322 697 amatu
1365 641 1461 696 Dei
1515 645 1792 708 acceptam
1842 636 2135 698 amiserat,

573 754 697 792 cum
760 737 1080 804 inspirasset
1143 732 1197 785 in
1271 731 1461 784 faciem
1521 726 1946 798 discipulormn,
2009 723 2138 793 quid

574 828 692 882 ait?
757 826 982 893 Accipite
1045 823 1304 891 Spiritum
1361 831 1621 874 sanctum.
1701 817 2140 882 Quorumcuuque

573 918 878 972 remiseritis
917 927 1129 984 peccata
1163 955 1176 977 ,
1219 915 1561 968 remittuntur
1595 926 1613 973 ;
1675 918 1725 962 et
1785 922 2139 976 quorumcum-

569 1027 666 1080 que
719 1010 1041 1062 minueritis
1073 1047 1088 1070 ,
1129 1015 1331 1061 retenta
1369 1013 1490 1060 sunt
1547 1005 1584 1058 ¹.
1625 1001 1742 1054 Jam
1783 1014 1912 1055 vero
1955 997 2140 1051 Eccle-

571 1101 666 1154 siae
707 1099 841 1152 ordo
898 1106 952 1152 et
1021 1098 1344 1166 gubernatio
1415 1110 1594 1148 nonne
1663 1093 1838 1160 palam
1891 1098 1945 1144 et
1999 1088 2136 1141 citra

570 1185 1062 1238 contradictionem
1140 1199 1234 1253 per
1291 1183 1553 1252 Spiritum
1622 1192 1873 1238 sanctum
1923 1183 2139 1251 peragi-

571 1277 706 1328 tur?
755 1275 875 1342 Ipse
913 1276 1086 1337 enim,
1130 1276 1346 1345 inquit,
1399 1275 1544 1327 dedit
1603 1274 1856 1328 Ecclesiae
1909 1273 2140 1342 primum

573 1369 839 1436 apostolos
865 1409 880 1431 ,
922 1369 1108 1422 deinde
1158 1370 1472 1438 prophetas,
1536 1371 1686 1423 tertio
1737 1368 1982 1422 doctores
2014 1385 2032 1422 :
2073 1364 2142 1421 ad

572 1460 680 1512 Iure
720 1462 955 1522 virtutes,
995 1468 1250 1529 pra’terea
1287 1461 1427 1515 dona
1471 1462 1832 1523 sanatiouum,
1879 1460 2141 1524 subsidia,

574 1551 1022 1619 gubernationes,
1114 1569 1306 1621 genera
1377 1553 1679 1623 linguarum
1729 1558 1770 1610 '.
1842 1553 1941 1606 llic
1995 1552 2142 1606 enim

577 1641 710 1693 ordo
747 1642 899 1709 juxta
945 1641 1386 1697 distributionem
1437 1645 1702 1697 donorum
1771 1643 2008 1713 Spiritus
2062 1643 2142 1697 die

579 1742 762 1800 gestus
790 1744 892 1788 est.

775 2007 940 2072 Quin,
980 2007 1024 2059 si
1061 2007 1184 2075 quis
1224 2008 1537 2061 accuratius
1568 2007 1900 2076 perpendat,
1933 2023 2149 2077 compe-

583 2100 703 2158 riet.
749 2116 811 2151 nc
852 2099 910 2150 in
970 2106 1214 2166 tempore
1249 2098 1468 2166 quidem
1531 2098 1646 2160 illo,
1701 2115 1809 2167 quo
1838 2111 2150 2168 exspectata

581 2190 794 2244 Domini
852 2192 1120 2258 apparitio
1159 2190 1338 2244 lietde
1379 2191 1552 2253 (τωιυ,
1601 2191 1837 2244 otiosum
1879 2192 1994 2246 fore
2037 2190 2152 2262 Spi-

582 2281 745 2333 ritum
795 2291 1046 2334 sanctum
1082 2321 1097 2343 ,
1140 2288 1198 2333 ut
1227 2281 1448 2350 quidam
1510 2282 1843 2336 arbitrantur
1888 2300 1899 2334 :
1943 2284 2038 2338 sed
2085 2285 2154 2338 si-

583 2371 694 2424 mul
749 2371 924 2424 aderit
970 2371 1022 2424 in
1081 2371 1176 2423 illo
1226 2371 1388 2424 etiam
1431 2371 1519 2425 die
1573 2373 1922 2427 rcvclationis
1962 2373 2150 2437 illius,

583 2479 692 2531 quo
745 2462 1093 2530 judicaturus
1140 2470 1224 2516 est
1278 2463 1465 2516 orbem
1521 2471 1794 2518 terrarum
1849 2467 1901 2518 in
1940 2467 2152 2535 justilia

585 2554 674 2607 ille
715 2553 904 2607 beatus
936 2561 988 2606 et
1013 2554 1163 2607 solus
1206 2565 1420 2622 potens.
1490 2555 1624 2620 Quis
1655 2555 1800 2610 enim
1843 2556 1978 2610 adeo
2009 2557 2156 2628 igna-

583 2657 678 2695 rus
724 2651 808 2695 est
857 2642 1168 2709 bonorum,
1228 2659 1348 2711 qua:
1396 2642 1537 2698 Deus
1583 2647 1908 2714 prmparavit
1949 2647 2151 2716 dignis,

585 2740 641 2784 ut
667 2731 873 2785 nesciat
893 2731 1167 2799 justorum
1192 2747 1452 2786 coronam
1478 2751 1600 2788 esse
1631 2733 1870 2804 Spiritus
1901 2737 2154 2805 gratiam,

583 2836 705 2890 qua:
747 2821 951 2890 largius
996 2833 1124 2875 tunc
1159 2823 1563 2892 perfectiusque
1606 2825 1856 2890 dabitur,
1888 2826 2157 2894 spirituali

583 2913 757 2981 gloria
786 2913 983 2980 cuique
1015 2929 1113 2981 pro
1137 2922 1282 2967 recte
1319 2914 1486 2983 gestis
1516 2915 1806 2970 distributa
1835 2935 1850 2968 :
1887 2915 1941 2969 In
1970 2917 2156 2985 splen-

583 3000 811 3054 doribus
862 3000 1008 3054 enim
1062 3010 1376 3056 sanctorum
1431 3006 1742 3061 mansiones
1793 3007 1977 3060 multa:
2030 3013 2160 3061 sunt

585 3091 727 3159 apud
757 3090 971 3146 Patrem
1014 3093 1063 3158 ⁸,
1085 3093 1187 3147 hoc
1215 3101 1318 3159 est,
1339 3095 1617 3164 dignitatis
1638 3097 1976 3152 discrimina.
2013 3097 2157 3153 Sicut

585 3183 724 3234 enim
752 3181 907 3236 stella
939 3199 970 3235 a
1009 3184 1162 3236 stella
1191 3183 1369 3253 di/fert
1403 3188 1456 3238 in
1501 3187 1772 3253 claritate,
1804 3190 1878 3241 ita
1906 3199 1954 3242 et
1985 3206 2156 3242 resur-

588 3275 752 3326 rectio
807 3284 1135 3327 mortuorum
1189 3274 1229 3331 ⁵.
1286 3275 1475 3347 Itaque
1526 3281 1618 3346 qui
1670 3281 1975 3351 consignati
2032 3291 2161 3337 sunt

592 3363 798 3431 Spiritu
833 3373 1024 3419 sancto
1046 3366 1101 3418 in
1135 3365 1279 3420 diem
1306 3369 1719 3437 redemptionis,
1753 3371 1956 3441 quique
1985 3372 2160 3442 Spiri-

589 3462 677 3506 tus
709 3454 996 3522 primitias,
1020 3470 1156 3524 quas
1178 3471 1458 3526 accepere,
1488 3474 1656 3528 puras
1680 3468 1734 3514 et
1759 3461 2002 3532 integras
2036 3479 2159 3518 ser-

590 3546 864 3608 taverint,
897 3547 934 3601 ii
967 3560 1094 3602 sunt
1121 3549 1216 3618 qui
1248 3550 1472 3604 audient
1499 3569 1511 3604 :
1556 3550 1718 3621 Euge,
1752 3569 1896 3608 serve
1940 3557 2069 3608 bone
2109 3566 2162 3611 et

589 3638 766 3707 ﬁdelis
792 3678 806 3703 ,
852 3656 1008 3709 super
1041 3659 1213 3711 pauca
1247 3643 1402 3710 fuisti
1445 3643 1619 3712 ﬁdelis
1644 3684 1658 3708 ,
1707 3661 1864 3714 super
1908 3648 2080 3701 multa
2113 3659 2163 3705 ts

589 3732 909 3784 constituam
967 3731 1008 3786 ⁵.
1040 3731 1305 3788 Similiter
1336 3743 1390 3789 et
1424 3737 1517 3805 qui
1549 3739 1998 3795 contristavcrint
2039 3741 2162 3813 Spi-

589 3825 756 3876 ritum
801 3832 1047 3878 sanctum
1101 3827 1366 3896 pravitate
1407 3829 1712 3883 studiorum
1763 3847 2028 3901 suorum,
2069 3845 2163 3890 aut

591 3914 682 3983 qui
715 3930 820 3968 non
849 3915 1074 3970 fecerint
1107 3918 1318 3972 lucrum
1347 3935 1377 3974 e
1409 3928 1557 3975 sorte
1579 3919 1725 3985 data,
1755 3925 1824 3978 ab
1857 3925 1924 3981 iis
1950 3927 2162 3984 aufere-

591 4013 681 4058 tur
704 4007 756 4059 id
786 4007 929 4076 quod
961 4020 1313 4077 acceperunt,
1340 4011 1606 4066 benelicio
1629 4015 1682 4068 in
1711 4015 1846 4071 alios
1862 4013 2161 4074 translato:

593 4105 686 4150 aut
715 4138 728 4160 ,
781 4099 1080 4152 secundum
1131 4099 1366 4168 aliquem
1413 4117 1476 4155 ex
1513 4106 1859 4173 evangelistis
1901 4111 1950 4171 ‘,
2000 4110 2162 4164 etiam

593 4189 812 4257 penitus
867 4189 1288 4244 discindentur:
1341 4192 1603 4248 dissectio
1648 4199 1916 4266 siquidem
1967 4200 2167 4256 intelli-

592 4280 766 4348 genda
819 4290 901 4334 est
939 4281 994 4334 in
1047 4282 1169 4346 hoc,
1204 4284 1350 4352 quod
1387 4301 1610 4354 prorsus
1649 4305 1678 4342 a
1723 4287 1927 4359 Spiritu
1975 4303 2168 4348 sancto

595 4371 998 4426 alienabuntnr.
1033 4372 1219 4443 Neque
1249 4376 1394 4430 enim
1426 4394 1629 4450 corpus
1658 4381 1940 4448 dividitur,
1973 4395 2032 4439 ut
2060 4402 2168 4440 una

1696 335 1701 340 '
1801 319 2186 382 EUTHYMII
2229 317 2593 379 ZIGABENI

569 468 684 523 Nec
719 464 962 521 deseruit
993 463 1287 518 excitatum
1334 473 1362 512 a
1404 455 1654 512 mortuis.
1699 453 1963 509 Dominus
1995 453 2138 507 enim

2249 455 2348 509 Kal.
2366 456 2672 526 ὲνεργοῦντι
2694 458 2790 521 τὰς
2806 458 3061 527 δυνάμεις
3079 457 3404 530 ἀχωρίστως
3426 459 3617 530 συνῆν.

3731 321 3846 386 ’ἱὸί

3759 463 3841 517 ει

2238 550 2349 617 γὰρ
2387 547 2538 617 ἐγὼ,
2580 551 2763 620 φησὶν,
2795 552 2863 603 ἐν
2907 552 3205 618 Πνεύματι
3252 551 3399 604 Θεοῦ
3445 552 3726 606 ἐκϐάλλω
3757 554 3838 607 τὰ

2238 638 2544 707 δαιμόνιαο
2597 642 2691 694 καὶ
2744 645 2808 694 ὲκ
2838 642 3045 711 νεκρῶν
3082 641 3414 704 ἀναστάντος
3458 644 3560 694 οὐκ
3607 644 3839 696 ἀπελει-

2243 743 2394 778 πετο.
2455 729 2841 794 Ἀνακαινίζων
2894 729 3000 801 γάρ
3051 729 3141 782 τὸν
3185 731 3470 801 ἄνθρωπον
3519 734 3549 784 ὁ
3598 735 3834 804 Κύριος,

2243 818 2336 869 καὶ
2379 819 2445 888 ἣν
2503 821 2750 873 ἀπώλεσε
2803 822 2963 892 χάριν
3017 823 3081 874 ἐκ
3129 820 3225 874 τοῦ
3283 824 3680 894 ἐμφυσήματος
3733 826 3835 878 τοῦ

2240 907 2410 973 Θεοῦ,
2463 911 2664 980 ταύτην
2719 911 2880 964 πᾶλιν
2934 911 3236 975 ἀποδιδοὺς,
3289 915 3616 983 ἐμφυσήσας
3667 917 3836 977 εἰςτὸ

2245 1001 2528 1070 πρόσωπον
2560 1003 2668 1055 τῶν
2717 1003 2994 1073 μαθητῶν,
3027 1004 3078 1056 τί
3106 1022 3269 1075 φησι;
3315 1005 3537 1060 Λάϐετε
3576 1006 3836 1075 Πνεῦμα

2237 1089 2428 1158 ἅγιον.
2466 1094 2576 1147 Ἂν
2593 1110 2769 1146 τινων
2925 1093 3116 1162 ἀφῆτε
3146 1096 3252 1158 τὰς
3281 1095 3595 1163 ἁμαρτίας,
3621 1099 3836 1164 ἀφίεν-

2241 1206 2367 1244 ται·
2395 1188 2493 1242 καὶ
2510 1189 2587 1241 ἂν
2602 1203 2778 1239 τινων
2799 1185 3076 1253 κρατῆτε,
3101 1186 3512 1252 κεκράτηνται.
3549 1188 3611 1238 Ἡ
3633 1187 3692 1238 δὲ
3727 1189 3831 1257 τῆς

2257 1280 2580 1351 Ἐκκλησίας
2607 1278 2962 1349 διακόσμησις
3002 1278 3120 1346 οὐχι⁴
3148 1276 3336 1346 σαφῶς
3372 1278 3468 1330 καὶ
3496 1279 3831 1348 ἀναντιῤῥὴ-

2244 1391 2351 1438 τως
2401 1373 2491 1426 διὰ
2536 1370 2630 1424 τοῦ
2693 1369 3005 1439 Πνεύματος
3059 1372 3394 1439 ἐνεργεῖται;
3466 1371 3662 1435 Αὐτὸς
3717 1372 3828 1440 γὰρ

2244 1461 2447 1525 ἔδωκε,
2491 1460 2645 1531 φησὶ,
2675 1457 2751 1526 τῇ
2791 1459 3124 1524 Ἐκκλησίᾳ
3149 1456 3385 1524 πρῶτον
3410 1459 3825 1526 ἀποστόλους,

2244 1551 2526 1620 δεύτερον
2559 1549 2888 1617 προφήτας,
2916 1549 3114 1616 τρίτον
3151 1548 3581 1614 διδασκάλους,
3621 1552 3828 1604 ἔπειτα

2243 1640 2550 1711 δυνάμεις,
2598 1641 2802 1694 ἔπειτα
2848 1640 3187 1708 χαρίσματα
3231 1639 3531 1708 ἰαμάτων,
3577 1643 3825 1706 ἀντι.ὶή-

2245 1736 2403 1802 eam,
2438 1731 2847 1800 κυϐερνήσεις,
2883 1731 3027 1800 γένη
3081 1730 3380 1799 γλωσσῶν
3403 1769 3417 1783 .
3463 1731 3613 1801 Αὕτη
3657 1734 3764 1802 γὰρ
3793 1738 3826 1802 ἠ

2181 1814 2220 1869 Β
2245 1824 2398 1889 τάξις
2428 1824 2572 1878 κατά
2596 1823 2694 1894 τὴν
2719 1823 2980 1893 διαίρεσιν
3008 1822 3115 1875 τῶν
3147 1825 3210 1874 ἐκ
3236 1821 3328 1874 τοῦ
3371 1823 3690 1892 Πνεύματος
3723 1825 3825 1876 6m-

2248 1914 2387 1984 ρεῶν
2416 1915 2785 1968 διατέτακται.

2443 2026 2606 2097 Εὖροι
2637 2026 2692 2079 δὲ
2723 2025 2787 2078 ἄν
2813 2043 2917 2088 τις,
2947 2025 3189 2095 ἀκριϐῶς
3210 2023 3580 2094 λογιζόμενος.
3621 2027 3716 2078 καὶ
3739 2030 3826 2079 ἐπὶ

2247 2116 2554 2186 τοῦριαιροῠ
2581 2117 2682 2185 τῆς
2702 2115 3158 2186 προσδοκωμένης
3182 2115 3506 2182 ἐπιφανείας
3536 2117 3632 2186 τῆς
3654 2117 3715 2180 ἐξ
3739 2119 3828 2170 οὐ-

2250 2207 2428 2278 ρανῶν
2456 2206 2550 2259 τοῦ
2579 2207 2783 2277 Κυρίου
2809 2206 2882 2276 μὴ
2910 2206 3197 2268 ἀσυντελὲς
3228 2207 3290 2258 τὸ
3324 2205 3550 2276 Πνεῦμα
3569 2208 3631 2258 τὸ
3651 2208 3827 2275 ἅγιον.

2247 2300 2324 2363 ὦς
2351 2315 2492 2361 τινες
2515 2297 2713 2350 οἴονται
2732 2314 2746 2327 ο
2776 2296 2911 2349 ἀλλὰ
2951 2297 3329 2366 συμπαρέσται
3537 2300 3633 2351 καὶ
3674 2301 3735 2350 ὲν
3761 2305 3826 2370 τῇ

2249 2388 2432 2459 ἡμέρᾳ
2446 2387 2543 2456 τῆς
2574 2384 2968 2454 ἀποκαλύψεως
2994 2384 3178 2445 αὐτοῦ,
3202 2385 3322 2437 καθ’
3352 2387 3418 2456 ἣν
3440 2391 3617 2455 κρινεῖ
3633 2389 3732 2458 τὴν
3750 2393 3826 2441 oi-

2251 2479 2520 2549 κουμὲνην
2565 2480 2622 2529 ὲν
2661 2476 2976 2548 δικαιοσύνῃ
3016 2477 3044 2527 ὁ
3089 2477 3358 2545 μακάριος
3401 2477 3496 2529 καὶ
3530 2478 3693 2546 μόνος
3737 2479 3828 2531 δυ-

2249 2572 2470 2641 νάστης.
2515 2573 2610 2635 Τίς
2641 2571 2752 2642 γὰρ
2790 2570 2963 2633 οὕτως
3001 2572 3232 2640 ἀνήκοος
3263 2571 3372 2622 τῶν
3404 2573 3830 2641 ἡτοιμασμένων

2249 2663 2401 2736 παρὰ
2427 2663 2560 2716 Θεοῦ
2594 2664 2810 2731 ἀγαθῶν
2855 2665 2966 2726 τοῖς
3007 2662 3199 2726 ἀξίοις,
3229 2663 3304 2726 ὡς
3333 2665 3570 2728 ἀγνοεῖν,
3612 2666 3695 2716 ὅτι
3736 2667 3829 2718 καὶ

2248 2753 2356 2806 τῶν
2376 2753 2594 2806 δικαίων
2621 2755 2650 2806 ὀ
2684 2753 2944 2821 στέφανος
2974 2751 3120 2822 ἠτοῡ
3157 2751 3468 2822 Πνεύματὸς
3508 2756 3624 2805 ἐστι
3645 2755 3828 2824 χάρις,

2247 2843 2612 2912 δαψιλεστέρα
2655 2844 2776 2896 τότε
2813 2844 2905 2896 καὶ
2949 2843 3255 2914 τελειοτέρα
3281 2844 3652 2914 παρεχομένη,
3687 2846 3833 2897 κατά

2247 2933 2345 3004 τὴν
2365 2933 2655 3001 ἀναλογίαν
2674 2933 2781 2985 τῶν
2801 2931 3311 3003 ἀνδραγαθημάτων
3335 2933 3437 3001 τῆς
3453 2934 3833 3002 πνευματικῆς

2247 3025 2404 3095 δόξης
2437 3024 2830 3094 διανεμομένης
2869 3025 3119 3093 ἐχάρη-ως
3179 3025 3266 3077 Ἐν
3299 3023 3408 3095 γὰρ
3431 3028 3552 3087 ταῖς
3582 3025 3836 3098 λαμπρό-

2189 3149 2226 3203 C
2252 3134 2378 3187 τησι
2410 3117 2518 3168 τῶν
2547 3117 2718 3184 ἀγίων
2752 3117 2908 3186 μοναὶ
2938 3115 3130 3169 πολλαὶ
3153 3115 3302 3186 παρὰ
3325 3115 3403 3186 τῷ
3432 3118 3606 3186 Πατρί
3627 3135 3640 3147 ·
3672 3135 3833 3171 τουτ-

2249 3208 2417 3271 έστιν,
2444 3207 2768 3278 ἀξιωμάτων
2799 3207 3072 3278 διαφοραί.
3117 3207 3212 3272 Ὠς
3230 3209 3339 3276 γὰρ
3358 3209 3554 3277 ἀστὴρ
3575 3211 3834 3278 ἀστέρος

2249 3299 2514 3367 διαφέρει
2574 3300 2644 3351 ἐν
2671 3298 2841 3365 δόξῃς
2883 3297 3038 3350 οὕτω
3071 3296 3170 3349 καί
3220 3299 3258 3364 ’ἡ
3323 3297 3664 3364 ἀνάστασις
3716 3300 3836 3353 τῶν

2250 3388 2496 3456 νεκρῶν.
2531 3391 2593 3441 Oi
2622 3389 2800 3440 τοίνυν
2864 3387 3306 3458 σφραγισθέντες,
3330 3389 3410 3458 τῷ
3441 3391 3726 3460 Πνεύματι
3758 3395 3833 3464 τῷ

2252 3480 2392 3547 ἁγίῳ
2419 3482 2498 3543 είς
2526 3479 2736 3550 ἡμέραν
2765 3479 3210 3549 ἀπολυτρώσεως,
3234 3480 3330 3532 καὶ
3358 3481 3424 3550 ἦν
3449 3482 3648 3536 ἔλαϐον
3667 3486 3826 3554 ἀπαρ-

2251 3572 2352 3641 χὴν
2380 3571 2472 3622 τοῦ
2507 3571 2819 3641 Πνεύματος
2993 3570 3249 3640 ἀκέραιον
3274 3571 3370 3623 καὶ
3411 3572 3688 3640 ἀμείωτον
3715 3575 3821 3627 δια-

2255 3661 2546 3726 σώσαντες,
2564 3657 2703 3716 οὗτοί
2721 3665 2854 3714 εἰσιν
2874 3663 2922 3714 oi
2947 3660 3270 3723 ἀκούσαντες
3286 3677 3299 3690 ⁸
3324 3658 3432 3727 Εὖ,
3451 3663 3638 3719 δοῦλε
3653 3667 3831 3735 ἀγαθὲ

2252 3753 2351 3805 καὶ
2404 3753 2603 3816 πιστὲ,
2636 3751 2735 3805 ἐπὶ
2789 3752 2963 3819 ὀλίγα
2987 3747 3061 3820 ἧς
3084 3750 3320 3816 πιστὸς,
3352 3752 3451 3804 ἐπὶ
3488 3755 3738 3808 πολιῶν
3761 3771 3837 3811 σε

2254 3841 2632 3908 καταστήσω.
2667 3841 2899 3912 Ὁμοίως
2915 3842 2969 3894 δὲ
2993 3843 3086 3896 καὶ
3100 3843 3148 3894 οἱ
3173 3841 3514 3913 λυπήσαντες
3535 3846 3594 3897 τὸ
3609 3847 3837 3917 Πνεῦμα

2254 3935 2314 3986 τὸ
2343 3934 2496 4002 ἆγιον
2520 3936 2584 4003 τῇ
2617 3932 2849 4003 πονηρίᾳ
2875 3933 2982 3985 τῶν
3021 3933 3467 4004 ἐπιτηδευμάτων
3489 3934 3690 3992 αὐτῶν,
3721 3934 3754 4002 ἢ
3784 3935 3832 3984 οξ

2259 4027 2330 4096 μὴ
2395 4026 2831 4095 ἐπεργασάμενοι
2891 4025 2969 4094 τῷ
3016 4024 3256 4088 δοθέντι,
3309 4025 3770 4096 ἀφαιρεθήσονται
3805 4024 3836 4075 ὃ

2256 4117 2558 4186 εἰλήφασιν,
2595 4118 2674 4178 εἰς
2723 4116 2944 4187 ἑτέρους
2983 4116 3413 4187 μετατιθεμένης
3437 4117 3537 4185 τῆς
3574 4118 3832 4186 χάριτος·

2256 4206 2311 4277 ἦ,
2349 4205 2491 4258 κατά
2537 4222 2654 4257 τινα
2695 4204 2804 4258 τῶν
2848 4204 3273 4272 εὐαγγελιστῶν,
3323 4205 3418 4258 καὶ
3473 4203 3837 4273 διχοτομηθη-

2259 4312 2440 4347 σονται
2496 4294 2802 4357 ’παντελῶς⁹
2853 4295 2950 4365 τῆς
2996 4295 3306 4365 διχοτομίας
3355 4295 3653 4364 νοουμένης
3695 4295 3840 4346 κατὰ

2256 4385 2354 4456 τὴν
2381 4387 2459 4448 εἰς
2490 4386 2549 4438 τὸ
2567 4385 2826 4448 παντελὲς
2853 4385 2960 4439 ἀπὸ
2987 4385 3083 4438 τοῦ
3118 4385 3433 4456 Πνεύματος
3457 4385 3833 4454 ἀλλοτρίωσιν.

595 4474 723 4528 pars
759 4462 1004 4515 tradatur
1038 4467 1330 4534 supplicio,
1369 4469 1542 4522 altera
1576 4472 1913 4527 absolvatur.
1949 4474 2080 4528 Nam
2115 4478 2156 4532 id

2259 4475 2393 4530 Οὔτε
2424 4477 2532 4546 γάρ
2556 4475 2714 4545 σῶμα
2747 4476 3054 4546 διαιρεῖται,
3109 4477 3182 4540 ὡς
3215 4476 3276 4528 τὸ
3315 4477 3411 4546 μὲν
3445 4475 3836 4545 παραδίδοσθαι

593 4552 810 4622 quidem
839 4553 1166 4618 fabulosum,
1195 4575 1371 4629 neque
1393 4565 1543 4629 justo
1568 4564 1790 4634 dignum
1811 4555 2016 4634 judice,
2041 4584 2166 4623 cum

595 4650 766 4697 totum
802 4648 1131 4713 peccaverit,
1165 4648 1452 4703 dimidium
1483 4652 1659 4706 addici
1691 4669 1882 4722 poenae.
1919 4655 2024 4711 Nec
2051 4659 2172 4712 ani-

594 4749 680 4786 ma
718 4735 942 4791 induas
976 4746 1158 4807 partes
1207 4749 1460 4809 secatur,
1505 4759 1629 4797 cum
1685 4753 1800 4800 tota
1849 4763 1944 4816 per
1994 4757 2168 4805 totum

596 4825 849 4881 habuerit
887 4829 1147 4895 peccandi
1179 4829 1454 4895 ati'ectum,
1487 4833 1760 4902 simulque
1787 4851 1909 4888 cum
1937 4852 2171 4909 corpore

595 4914 796 4967 malum
833 4926 1110 4984 operetur.
1163 4917 1270 4972 Sed
1303 4921 1562 4974 dissectio
1585 4962 1598 4985 ,
1633 4933 1690 4976 ut
1722 4923 1832 4977 dixi
1861 4965 1872 4987 ,
1911 4937 2168 4996 perpetua

593 5014 677 5060 est
704 5007 902 5062 anima:
935 5025 962 5061 a
990 5008 1196 5079 Spiritu
1228 5012 1505 5067 alienatio.
1546 5011 1702 5068 Nunc
1742 5017 1920 5078 enim,
1955 5024 2169 5076 tametsi

596 5114 703 5150 non
732 5099 1065 5153 admiscetur
1103 5101 1363 5171 indignis,
1401 5113 1639 5160 attamen
1667 5108 1854 5178 aliquo
1889 5119 2047 5178 pacto
2092 5116 2171 5165 vi-

593 5191 752 5243 detur
781 5191 973 5245 adesse
1012 5194 1179 5248 semel
1226 5195 1538 5263 baptizatis,
1578 5209 1904 5267 exspectans
1937 5211 1994 5254 ut
2024 5204 2171 5256 salu-

603 5291 709 5334 tem
741 5298 836 5351 per
873 5285 1286 5339 conversionem
1327 5297 1766 5357 consequantur;
1805 5299 1920 5345 tum
1956 5307 2082 5346 vero
2118 5295 2171 5348 in

601 5380 773 5426 totum
805 5376 871 5426 ab
903 5376 1107 5438 anima,
1138 5391 1259 5445 qua:
1292 5377 1521 5446 gratiam
1554 5379 1726 5448 ipsius
1762 5384 2134 5452 prolanaverit
2155 5426 2170 5449 ,

601 5466 959 5522 resecabitur.
995 5467 1182 5538 quue
1213 5484 1322 5524 non
1352 5478 1436 5524 est
1461 5471 1514 5524 in
1548 5471 1762 5529 inferno
1788 5477 1878 5545 qui
1910 5479 2170 5531 conlitea-

667 5661 680 5690 ¹
740 5656 896 5714 Joan.
928 5676 1018 5724 xx,
1047 5661 1138 5727 22,
1184 5661 1276 5716 23.
1355 5663 1376 5694 ³
1437 5661 1606 5718 lCor.
1642 5677 1737 5726 xu,
1778 5662 1864 5717 28.

595 5725 612 5756 '
649 5730 836 5783 Mattb.
872 5745 1018 5796 xxiv,
1057 5725 1145 5786 5|.

1949 5663 1967 5694 ³
2011 5661 2163 5718 Joan.
2222 5680 2331 5732 xw,
2391 5667 2458 5720 2..
2524 5675 2543 5699 ⁸

2258 4571 2323 4638 τῇ
2353 4567 2589 4630 κολάσει,
2621 4568 2680 4620 τὸ
2733 4567 2789 4621 δὲ
2829 4568 3081 4637 ἀφίεσθαι
3111 4585 3126 4599 ο
3165 4567 3391 4637 μυθικὸν
3420 4567 3530 4637 γὰρ
3557 4566 3716 4620 τοῦτό
3747 4582 3832 4633 γε,

2259 4659 2355 4711 καὶ
2400 4657 2460 4710 οὐ
2519 4657 2656 4710 κατά
2683 4656 2889 4710 δίκαιον
2923 4657 3137 4728 κριτὴν,
3171 4657 3292 4710 ὅλου
3333 4657 3738 4728 ἡμαρτηκότος,
3777 4660 3836 4724 ἐξ

2259 4747 2516 4820 ἡμισείας
2554 4745 2691 4801 εἶναι
2729 4749 2827 4818 τὴν
2869 4748 3088 4802 κόλασιν
3111 4766 3124 4778 -
3166 4747 3289 4801 οὔτε
3319 4748 3464 4818 ψυχὴ
3490 4749 3614 4819 διχῆ
3640 4749 3835 4818 τέμνε-

2261 4861 2351 4897 ται
2405 4882 2419 4902 ,
2567 4843 2661 4912 ὅλη
2686 4842 2751 4894 δι’
2783 4841 2902 4894 ὅλου
2927 4841 2987 4894 τὸ
3017 4841 3340 4912 ἁμαρτωλὸν
3367 4843 3620 4911 φρόνημα
3642 4858 3838 4910 κεκτη-

2265 4934 2422 5004 μένη,
2455 4934 2548 4986 καὶ
2600 4931 3148 5002 συγκατεργαζομένη
3200 4931 3277 5001 τῷ
3317 4931 3529 5001 σώματι
3557 4933 3617 4984 τὸ
3646 4933 3834 4984 κακόν.

2275 5024 2434 5077 ’Λλλά
2459 5025 2754 5094 διχοτομία,
2779 5023 2965 5093 ὥσπερ
2997 5022 3152 5092 ἔφην,
3189 5025 3221 5092 ἡ
3253 5024 3360 5075 ἀπὸ
3387 5023 3480 5075 τοῦ
3516 5023 3835 5092 ῐινεύματος

2264 5118 2343 5178 είς
2370 5115 2429 5166 τὸ
2457 5115 2699 5184 διηνεκὲς
2727 5115 2824 5184 τῆς
2849 5113 3026 5182 ψυχῆς
3055 5113 3420 5184 ἀλλοτρίωσις.
3449 5113 3562 5164 Νῦν
3582 5113 3678 5182 μὲν
3708 5113 3836 5182 γὰρ,

2265 5207 2312 5258 εἰ
2334 5205 2424 5258 καὶ
2450 5206 2522 5276 μὴ
2553 5204 2920 5270 ἀνακέκραται
2942 5206 3054 5266 τοῖς
3087 5202 3346 5267 ἀναξίοις,
3371 5201 3486 5252 ἀλλ’
3521 5197 3614 5253 οὖν
3649 5203 3836 5270 παρεῖο

2265 5315 2353 5350 ναι
2385 5297 2532 5349 δοκεῖ
2556 5313 2672 5358 πως
2692 5299 2804 5356 τοῖς
2827 5293 2972 5357 ἅπαξ
3018 5293 3498 5364 ὲσφραγισμὲνοις,
3524 5294 3623 5363 τὴν
3657 5295 3718 5344 ἐκ
3745 5293 3839 5362 τῆς

2265 5387 2599 5458 ἐπιστροφῆς
2655 5385 2925 5456 σωτηρίαν
2961 5383 3140 5436 αὐτῶν
3168 5382 3438 5452 ἀναμένον
3471 5399 3487 5415 ·
3642 5382 3761 5434 τότε
3783 5380 3834 5432 δὲ

2266 5479 2325 5546 ἐξ
2374 5479 2496 5531 ὅλου
2551 5479 2654 5547 τῆς
2709 5478 3092 5548 βεϐηλωσάσης
3137 5475 3300 5528 αὐτοῦ
3346 5477 3446 5544 τὴν
3474 5477 3635 5545 χάριν
3664 5472 3838 5542 ψυχῆς

2603 5666 2616 5720 l
2669 5667 2799 5724 Cor.
2835 5685 2928 5739 xv,
2979 5670 3074 5740 ΔΙ,
3121 5671 3207 5734 42,
3288 5677 3308 5707 ⁸
3367 5675 3555 5733 Matth.
3595 5697 3722 5747 xxv,
3760 5682 3851 5740 2|.
