  <div class='ocr_page' id='page_1' title='image "/cluster/home/n/w/nwhite01/storage/ocr_20150623/130/hvd.32044073502387/388.png"; bbox 0 0 4086 6214; ppageno 0'>
   <div class='ocr_carea' id='block_1_1' title="bbox 309 326 421 391">
    <p class='ocr_par' dir='ltr' id='par_1_1' title="bbox 309 326 421 391">
     <span class='ocr_line' id='line_1_1' title="bbox 309 326 421 391; baseline 0 -2"><span class='ocrx_word' id='word_1_1' title='bbox 309 326 421 391; x_wconf 74' lang='lat'><strong>765</strong></span> 
     </span>
    </p>
   </div>
   <div class='ocr_carea' id='block_1_2' title="bbox 1276 320 2609 387">
    <p class='ocr_par' dir='ltr' id='par_1_2' title="bbox 1276 320 2609 387">
     <span class='ocr_line' id='line_1_2' title="bbox 1276 320 2609 387; baseline 0.003 -5"><span class='ocrx_word' id='word_1_2' title='bbox 1276 320 1656 383; x_wconf 72' lang='lat' dir='ltr'><strong>PANOPLIA</strong></span> <span class='ocrx_word' id='word_1_3' title='bbox 1693 321 2158 384; x_wconf 76' lang='lat' dir='ltr'><strong>DOGMATICA.</strong></span> <span class='ocrx_word' id='word_1_4' title='bbox 2184 349 2252 361; x_wconf 89' lang='grc'><strong>·-</strong></span> <span class='ocrx_word' id='word_1_5' title='bbox 2286 327 2436 387; x_wconf 80' lang='grc' dir='ltr'><strong>ΤΙΤ.</strong></span> <span class='ocrx_word' id='word_1_6' title='bbox 2478 323 2609 386; x_wconf 79' lang='lat' dir='ltr'><strong>XII.</strong></span> 
     </span>
    </p>
   </div>
   <div class='ocr_carea' id='block_1_3' title="bbox 3470 327 3575 391">
    <p class='ocr_par' dir='ltr' id='par_1_3' title="bbox 3470 327 3575 391">
     <span class='ocr_line' id='line_1_3' title="bbox 3470 327 3575 391; baseline 0.019 -2"><span class='ocrx_word' id='word_1_7' title='bbox 3470 327 3575 391; x_wconf 64' lang='grc'><strong>’766</strong></span> 
     </span>
    </p>
   </div>
   <div class='ocr_carea' id='block_1_4' title="bbox 307 441 1883 521">
    <p class='ocr_par' dir='ltr' id='par_1_4' title="bbox 307 441 1883 521">
     <span class='ocr_line' id='line_1_4' title="bbox 307 441 1883 521; baseline -0.004 -16"><span class='ocrx_word' id='word_1_8' title='bbox 307 447 774 521; x_wconf 76' lang='grc' dir='ltr'>ἀποτμηθήσεται.</span> <span class='ocrx_word' id='word_1_9' title='bbox 835 447 933 500; x_wconf 84' lang='grc' dir='ltr'>Διά</span> <span class='ocrx_word' id='word_1_10' title='bbox 988 446 1147 500; x_wconf 80' lang='grc' dir='ltr'>τοῦτο</span> <span class='ocrx_word' id='word_1_11' title='bbox 1197 445 1298 499; x_wconf 71' lang='grc' dir='ltr'><strong>οὐκ</strong></span> <span class='ocrx_word' id='word_1_12' title='bbox 1349 444 1499 498; x_wconf 72' lang='grc' dir='ltr'>ἔστιν</span> <span class='ocrx_word' id='word_1_13' title='bbox 1534 445 1593 497; x_wconf 73' lang='grc' dir='ltr'>ιν</span> <span class='ocrx_word' id='word_1_14' title='bbox 1618 441 1696 514; x_wconf 83' lang='grc' dir='ltr'>τῷ</span> <span class='ocrx_word' id='word_1_15' title='bbox 1727 444 1883 521; x_wconf 66' lang='grc' dir='ltr'><strong>ᾲδῃᾶ</strong></span> 
     </span>
    </p>
   </div>
   <div class='ocr_carea' id='block_1_5' title="bbox 1980 441 3569 521">
    <p class='ocr_par' dir='ltr' id='par_1_5' title="bbox 1996 444 3569 518">
     <span class='ocr_line' id='line_1_5' title="bbox 1996 444 3569 518; baseline 0.004 -22"><span class='ocrx_word' id='word_1_16' title='bbox 1996 448 2120 508; x_wconf 91' lang='lat' dir='ltr'><strong>tur,</strong></span> <span class='ocrx_word' id='word_1_17' title='bbox 2148 455 2327 512; x_wconf 83' lang='lat' dir='ltr'><strong>neque</strong></span> <span class='ocrx_word' id='word_1_18' title='bbox 2351 459 2406 497; x_wconf 81' lang='lat' dir='ltr'><strong>in</strong></span> <span class='ocrx_word' id='word_1_19' title='bbox 2434 452 2611 499; x_wconf 81' lang='lat' dir='ltr'><strong>morte</strong></span> <span class='ocrx_word' id='word_1_20' title='bbox 2633 444 2727 513; x_wconf 86' lang='lat' dir='ltr'><strong>qui</strong></span> <span class='ocrx_word' id='word_1_21' title='bbox 2746 456 2959 501; x_wconf 87' lang='lat' dir='ltr'><strong>memor</strong></span> <span class='ocrx_word' id='word_1_22' title='bbox 2981 446 3053 502; x_wconf 86' lang='lat' dir='ltr'><strong>sit</strong></span> <span class='ocrx_word' id='word_1_23' title='bbox 3084 446 3180 503; x_wconf 85' lang='lat' dir='ltr'><strong>Dei</strong></span> <span class='ocrx_word' id='word_1_24' title='bbox 3222 450 3239 480; x_wconf 83' lang='grc'>⁸</span> <span class='ocrx_word' id='word_1_25' title='bbox 3257 488 3274 515; x_wconf 95' lang='grc'><strong>,</strong></span> <span class='ocrx_word' id='word_1_26' title='bbox 3304 460 3429 502; x_wconf 91' lang='lat' dir='ltr'><strong>cum</strong></span> <span class='ocrx_word' id='word_1_27' title='bbox 3457 448 3569 518; x_wconf 86' lang='lat' dir='ltr'><strong>jam</strong></span> 
     </span>
    </p>
   </div>
   <div class='ocr_carea' id='block_1_6' title="bbox 313 534 1891 611">
    <p class='ocr_par' dir='ltr' id='par_1_6' title="bbox 313 534 1891 611">
     <span class='ocr_line' id='line_1_6' title="bbox 313 534 1891 611; baseline -0.003 -17"><span class='ocrx_word' id='word_1_28' title='bbox 313 539 827 611; x_wconf 76' lang='grc' dir='ltr'>ἐξομολογούμενος,</span> <span class='ocrx_word' id='word_1_29' title='bbox 865 538 988 591; x_wconf 78' lang='grc' dir='ltr'>οὐδὲ</span> <span class='ocrx_word' id='word_1_30' title='bbox 1023 539 1081 590; x_wconf 81' lang='grc' dir='ltr'>ὲν</span> <span class='ocrx_word' id='word_1_31' title='bbox 1120 537 1198 608; x_wconf 80' lang='grc' dir='ltr'>τῷ</span> <span class='ocrx_word' id='word_1_32' title='bbox 1240 536 1456 607; x_wconf 83' lang='grc' dir='ltr'><strong>θανάτῳ</strong></span> <span class='ocrx_word' id='word_1_33' title='bbox 1480 537 1510 589; x_wconf 92' lang='lat'><strong>6</strong></span> <span class='ocrx_word' id='word_1_34' title='bbox 1539 534 1891 607; x_wconf 78' lang='grc' dir='ltr'><strong>μνημονεύων</strong></span> 
     </span>
    </p>
   </div>
   <div class='ocr_carea' id='block_1_7' title="bbox 309 627 1892 699">
    <p class='ocr_par' dir='ltr' id='par_1_7' title="bbox 309 627 1892 699">
     <span class='ocr_line' id='line_1_7' title="bbox 309 627 1892 699; baseline -0.004 -15"><span class='ocrx_word' id='word_1_35' title='bbox 309 630 472 693; x_wconf 79' lang='grc' dir='ltr'>Θεοῦ,</span> <span class='ocrx_word' id='word_1_36' title='bbox 497 628 679 683; x_wconf 74' lang='grc' dir='ltr'>οὐκέτι</span> <span class='ocrx_word' id='word_1_37' title='bbox 729 629 828 699; x_wconf 81' lang='grc' dir='ltr'>τῆς</span> <span class='ocrx_word' id='word_1_38' title='bbox 862 627 1108 699; x_wconf 79' lang='grc' dir='ltr'><strong>βοηθείας</strong></span> <span class='ocrx_word' id='word_1_39' title='bbox 1147 628 1242 682; x_wconf 82' lang='grc' dir='ltr'><strong>τοῦ</strong></span> <span class='ocrx_word' id='word_1_40' title='bbox 1291 627 1608 698; x_wconf 74' lang='grc' dir='ltr'>Πνεύματος</span> <span class='ocrx_word' id='word_1_41' title='bbox 1646 642 1892 698; x_wconf 84' lang='grc' dir='ltr'>συμπαρ-</span> 
     </span>
    </p>
   </div>
   <div class='ocr_carea' id='block_1_8' title="bbox 310 715 1889 792">
    <p class='ocr_par' dir='ltr' id='par_1_8' title="bbox 310 715 1889 792">
     <span class='ocr_line' id='line_1_8' title="bbox 310 715 1889 792; baseline -0.003 -17"><span class='ocrx_word' id='word_1_42' title='bbox 310 722 502 792; x_wconf 75' lang='grc' dir='ltr'>ούσης.</span> <span class='ocrx_word' id='word_1_43' title='bbox 559 720 685 784; x_wconf 84' lang='grc' dir='ltr'><strong>Πῶς</strong></span> <span class='ocrx_word' id='word_1_44' title='bbox 741 715 835 772; x_wconf 77' lang='grc' dir='ltr'><strong>οὖν</strong></span> <span class='ocrx_word' id='word_1_45' title='bbox 885 718 1107 772; x_wconf 75' lang='grc' dir='ltr'>δυνατὸν</span> <span class='ocrx_word' id='word_1_46' title='bbox 1156 719 1345 790; x_wconf 83' lang='grc' dir='ltr'>νοῆσαι</span> <span class='ocrx_word' id='word_1_47' title='bbox 1382 720 1550 791; x_wconf 69' lang='grc' dir='ltr'>χωρὶς</span> <span class='ocrx_word' id='word_1_48' title='bbox 1600 717 1694 771; x_wconf 77' lang='grc' dir='ltr'><strong>τοῦ</strong></span> <span class='ocrx_word' id='word_1_49' title='bbox 1733 717 1889 784; x_wconf 88' lang='grc' dir='ltr'>ἀγίου</span> 
     </span>
    </p>
   </div>
   <div class='ocr_carea' id='block_1_9' title="bbox 310 809 1892 882">
    <p class='ocr_par' dir='ltr' id='par_1_9' title="bbox 310 809 1892 882">
     <span class='ocr_line' id='line_1_9' title="bbox 310 809 1892 882; baseline -0.004 -16"><span class='ocrx_word' id='word_1_50' title='bbox 310 812 635 882; x_wconf 80' lang='grc' dir='ltr'>Πνεύματος</span> <span class='ocrx_word' id='word_1_51' title='bbox 660 809 1028 864; x_wconf 74' lang='grc' dir='ltr'><strong>ἐπιτελεῖσθαι</strong></span> <span class='ocrx_word' id='word_1_52' title='bbox 1053 811 1153 881; x_wconf 86' lang='grc' dir='ltr'>τὴν</span> <span class='ocrx_word' id='word_1_53' title='bbox 1186 810 1388 882; x_wconf 78' lang='grc' dir='ltr'><strong>κρίσιν,</strong></span> <span class='ocrx_word' id='word_1_54' title='bbox 1423 812 1556 865; x_wconf 83' lang='grc' dir='ltr'>ὅπου</span> <span class='ocrx_word' id='word_1_55' title='bbox 1586 827 1650 879; x_wconf 89' lang='grc' dir='ltr'><strong>γε</strong></span> <span class='ocrx_word' id='word_1_56' title='bbox 1674 810 1705 863; x_wconf 98' lang='lat'><strong>6</strong></span> <span class='ocrx_word' id='word_1_57' title='bbox 1737 809 1892 877; x_wconf 81' lang='grc' dir='ltr'>λόγος</span> 
     </span>
    </p>
   </div>
   <div class='ocr_carea' id='block_1_10' title="bbox 308 898 1888 969">
    <p class='ocr_par' dir='ltr' id='par_1_10' title="bbox 308 898 1888 969">
     <span class='ocr_line' id='line_1_10' title="bbox 308 898 1888 969; baseline -0.003 -13"><span class='ocrx_word' id='word_1_58' title='bbox 308 903 607 964; x_wconf 84' lang='grc' dir='ltr'>δείκνυσιν,</span> <span class='ocrx_word' id='word_1_59' title='bbox 638 901 721 954; x_wconf 82' lang='grc' dir='ltr'>ὅτι</span> <span class='ocrx_word' id='word_1_60' title='bbox 753 900 883 953; x_wconf 81' lang='grc' dir='ltr'>αὐτό</span> <span class='ocrx_word' id='word_1_61' title='bbox 900 902 1014 953; x_wconf 87' lang='grc' dir='ltr'>ὲστι</span> <span class='ocrx_word' id='word_1_62' title='bbox 1034 900 1206 953; x_wconf 77' lang='grc' dir='ltr'>καὶτὸ</span> <span class='ocrx_word' id='word_1_63' title='bbox 1231 900 1339 953; x_wconf 84' lang='grc' dir='ltr'><strong>τῶν</strong></span> <span class='ocrx_word' id='word_1_64' title='bbox 1366 900 1587 952; x_wconf 88' lang='grc' dir='ltr'>δικαίων</span> <span class='ocrx_word' id='word_1_65' title='bbox 1620 898 1888 969; x_wconf 82' lang='grc' dir='ltr'>βραϐεῖον,</span> 
     </span>
    </p>
   </div>
   <div class='ocr_carea' id='block_1_11' title="bbox 308 978 1893 1063">
    <p class='ocr_par' dir='ltr' id='par_1_11' title="bbox 308 978 1893 1063">
     <span class='ocr_line' id='line_1_11' title="bbox 308 978 1893 1063; baseline -0.004 -15"><span class='ocrx_word' id='word_1_66' title='bbox 308 978 444 1048; x_wconf 64' lang='grc' dir='ltr'>ὅταν</span> <span class='ocrx_word' id='word_1_67' title='bbox 466 993 589 1047; x_wconf 77' lang='grc' dir='ltr'>ἀντὶ</span> <span class='ocrx_word' id='word_1_68' title='bbox 606 991 704 1044; x_wconf 80' lang='grc' dir='ltr'><strong>τοῦ</strong></span> <span class='ocrx_word' id='word_1_69' title='bbox 737 990 1055 1063; x_wconf 74' lang='grc' dir='ltr'>ἀρῤαϐῶνος</span> <span class='ocrx_word' id='word_1_70' title='bbox 1083 991 1400 1063; x_wconf 81' lang='grc' dir='ltr'>παρασχεθῇ</span> <span class='ocrx_word' id='word_1_71' title='bbox 1430 991 1492 1044; x_wconf 76' lang='grc' dir='ltr'>τὸ</span> <span class='ocrx_word' id='word_1_72' title='bbox 1522 991 1728 1044; x_wconf 82' lang='grc' dir='ltr'>τέλειον</span> <span class='ocrx_word' id='word_1_73' title='bbox 1750 1006 1764 1019; x_wconf 87' lang='grc'><strong>·</strong></span> <span class='ocrx_word' id='word_1_74' title='bbox 1797 989 1893 1042; x_wconf 73' lang='grc' dir='ltr'>καὶ</span> 
     </span>
    </p>
   </div>
   <div class='ocr_carea' id='block_1_12' title="bbox 309 1080 1892 1157">
    <p class='ocr_par' dir='ltr' id='par_1_12' title="bbox 309 1080 1892 1157">
     <span class='ocr_line' id='line_1_12' title="bbox 309 1080 1892 1157; baseline -0.003 -20"><span class='ocrx_word' id='word_1_75' title='bbox 309 1087 346 1156; x_wconf 76' lang='grc' dir='ltr'><strong>ἡ</strong></span> <span class='ocrx_word' id='word_1_76' title='bbox 377 1083 572 1157; x_wconf 80' lang='grc' dir='ltr'><strong>πρώτη</strong></span> <span class='ocrx_word' id='word_1_77' title='bbox 633 1081 743 1137; x_wconf 85' lang='grc' dir='ltr'>τῶν</span> <span class='ocrx_word' id='word_1_78' title='bbox 788 1081 1126 1154; x_wconf 72' lang='grc' dir='ltr'><strong>ἁμαρτωλῶν</strong></span> <span class='ocrx_word' id='word_1_79' title='bbox 1159 1081 1444 1151; x_wconf 82' lang='grc' dir='ltr'>καταδίκη,</span> <span class='ocrx_word' id='word_1_80' title='bbox 1467 1082 1596 1135; x_wconf 82' lang='grc' dir='ltr'>ὅταν</span> <span class='ocrx_word' id='word_1_81' title='bbox 1620 1081 1714 1134; x_wconf 76' lang='grc' dir='ltr'><strong>καὶ</strong></span> <span class='ocrx_word' id='word_1_82' title='bbox 1744 1080 1773 1133; x_wconf 88' lang='lat'><strong>6</strong></span> <span class='ocrx_word' id='word_1_83' title='bbox 1803 1080 1892 1133; x_wconf 91' lang='grc' dir='ltr'>δο-</span> 
     </span>
    </p>
   </div>
   <div class='ocr_carea' id='block_1_13' title="bbox 310 1171 1891 1243">
    <p class='ocr_par' dir='ltr' id='par_1_13' title="bbox 310 1171 1891 1243">
     <span class='ocr_line' id='line_1_13' title="bbox 310 1171 1891 1243; baseline -0.002 -15"><span class='ocrx_word' id='word_1_84' title='bbox 310 1175 504 1228; x_wconf 83' lang='grc' dir='ltr'>κοῦσιν</span> <span class='ocrx_word' id='word_1_85' title='bbox 542 1173 685 1243; x_wconf 79' lang='grc' dir='ltr'>ἔχειν</span> <span class='ocrx_word' id='word_1_86' title='bbox 725 1171 1100 1242; x_wconf 56' lang='grc' dir='ltr'>ἀφαιρεθῶσω</span> <span class='ocrx_word' id='word_1_87' title='bbox 1130 1172 1202 1225; x_wconf 82' lang='grc' dir='ltr'><strong>Τδ</strong></span> <span class='ocrx_word' id='word_1_88' title='bbox 1236 1171 1293 1224; x_wconf 79' lang='grc' dir='ltr'>δὲ</span> <span class='ocrx_word' id='word_1_89' title='bbox 1320 1171 1572 1242; x_wconf 81' lang='grc' dir='ltr'>μέγιστον</span> <span class='ocrx_word' id='word_1_90' title='bbox 1593 1172 1891 1241; x_wconf 81' lang='grc' dir='ltr'>τεκμήριον</span> 
     </span>
    </p>
   </div>
   <div class='ocr_carea' id='block_1_14' title="bbox 310 1262 1892 1338">
    <p class='ocr_par' dir='ltr' id='par_1_14' title="bbox 310 1262 1892 1338">
     <span class='ocr_line' id='line_1_14' title="bbox 310 1262 1892 1338; baseline -0.004 -19"><span class='ocrx_word' id='word_1_91' title='bbox 310 1269 415 1338; x_wconf 80' lang='grc' dir='ltr'>τῆς</span> <span class='ocrx_word' id='word_1_92' title='bbox 443 1268 578 1338; x_wconf 71' lang='grc' dir='ltr'>πρδς</span> <span class='ocrx_word' id='word_1_93' title='bbox 607 1265 822 1336; x_wconf 80' lang='grc' dir='ltr'>Πατέρα</span> <span class='ocrx_word' id='word_1_94' title='bbox 846 1267 940 1318; x_wconf 65' lang='grc' dir='ltr'><strong>κα)⁸</strong></span> <span class='ocrx_word' id='word_1_95' title='bbox 969 1265 1097 1318; x_wconf 81' lang='grc' dir='ltr'>Υἱὸν</span> <span class='ocrx_word' id='word_1_96' title='bbox 1118 1265 1211 1317; x_wconf 77' lang='grc' dir='ltr'><strong>τοῦ</strong></span> <span class='ocrx_word' id='word_1_97' title='bbox 1232 1264 1546 1334; x_wconf 80' lang='grc' dir='ltr'>Πνεύματος</span> <span class='ocrx_word' id='word_1_98' title='bbox 1578 1262 1892 1330; x_wconf 83' lang='grc' dir='ltr'>συναφείας,</span> 
     </span>
    </p>
   </div>
   <div class='ocr_carea' id='block_1_15' title="bbox 311 1355 1895 1429">
    <p class='ocr_par' dir='ltr' id='par_1_15' title="bbox 311 1355 1895 1429">
     <span class='ocr_line' id='line_1_15' title="bbox 311 1355 1895 1429; baseline -0.004 -16"><span class='ocrx_word' id='word_1_99' title='bbox 311 1359 400 1413; x_wconf 74' lang='grc' dir='ltr'>ὅτι</span> <span class='ocrx_word' id='word_1_100' title='bbox 421 1359 594 1422; x_wconf 75' lang='grc' dir='ltr'>οὕτως</span> <span class='ocrx_word' id='word_1_101' title='bbox 612 1358 756 1429; x_wconf 82' lang='grc' dir='ltr'>ἔχειν</span> <span class='ocrx_word' id='word_1_102' title='bbox 783 1357 999 1427; x_wconf 84' lang='grc' dir='ltr'>λέγεται</span> <span class='ocrx_word' id='word_1_103' title='bbox 1036 1357 1171 1423; x_wconf 71' lang='grc' dir='ltr'>πρὸς</span> <span class='ocrx_word' id='word_1_104' title='bbox 1206 1358 1359 1420; x_wconf 81' lang='grc' dir='ltr'>Θεὸν,</span> <span class='ocrx_word' id='word_1_105' title='bbox 1388 1357 1465 1421; x_wconf 84' lang='grc' dir='ltr'>ὠς</span> <span class='ocrx_word' id='word_1_106' title='bbox 1502 1356 1639 1428; x_wconf 77' lang='grc' dir='ltr'>πρὸς</span> <span class='ocrx_word' id='word_1_107' title='bbox 1666 1355 1895 1409; x_wconf 74' lang='grc' dir='ltr'>ἕκαστον</span> 
     </span>
    </p>
   </div>
   <div class='ocr_carea' id='block_1_16' title="bbox 311 1444 1890 1521">
    <p class='ocr_par' dir='ltr' id='par_1_16' title="bbox 311 1444 1890 1521">
     <span class='ocr_line' id='line_1_16' title="bbox 311 1444 1890 1521; baseline -0.004 -18"><span class='ocrx_word' id='word_1_108' title='bbox 311 1449 430 1521; x_wconf 72' lang='grc' dir='ltr'>ἔχει</span> <span class='ocrx_word' id='word_1_109' title='bbox 468 1450 530 1503; x_wconf 80' lang='grc' dir='ltr'>τὸ</span> <span class='ocrx_word' id='word_1_110' title='bbox 588 1448 805 1518; x_wconf 83' lang='grc' dir='ltr'>πνεῦμα</span> <span class='ocrx_word' id='word_1_111' title='bbox 841 1449 903 1501; x_wconf 80' lang='grc' dir='ltr'><strong>τὸ</strong></span> <span class='ocrx_word' id='word_1_112' title='bbox 937 1450 993 1501; x_wconf 78' lang='grc' dir='ltr'>ὲν</span> <span class='ocrx_word' id='word_1_113' title='bbox 1021 1450 1170 1518; x_wconf 80' lang='grc' dir='ltr'>ἡμῖν.</span> <span class='ocrx_word' id='word_1_114' title='bbox 1224 1451 1320 1514; x_wconf 81' lang='grc' dir='ltr'>Τίς</span> <span class='ocrx_word' id='word_1_115' title='bbox 1352 1449 1462 1518; x_wconf 69' lang='grc' dir='ltr'>γὰρ</span> <span class='ocrx_word' id='word_1_116' title='bbox 1505 1444 1648 1511; x_wconf 76' lang='grc' dir='ltr'>οἶδε,</span> <span class='ocrx_word' id='word_1_117' title='bbox 1707 1445 1890 1515; x_wconf 77' lang='grc' dir='ltr'>φησὶν,</span> 
     </span>
    </p>
   </div>
   <div class='ocr_carea' id='block_1_17' title="bbox 309 1534 1893 1607">
    <p class='ocr_par' dir='ltr' id='par_1_17' title="bbox 309 1534 1893 1607">
     <span class='ocr_line' id='line_1_17' title="bbox 309 1534 1893 1607; baseline -0.003 -15"><span class='ocrx_word' id='word_1_118' title='bbox 309 1538 644 1607; x_wconf 76' lang='grc' dir='ltr'>ἀνθρώπων</span> <span class='ocrx_word' id='word_1_119' title='bbox 669 1537 743 1591; x_wconf 85' lang='grc' dir='ltr'>τὰ</span> <span class='ocrx_word' id='word_1_120' title='bbox 766 1537 872 1591; x_wconf 85' lang='grc' dir='ltr'><strong>τοῦ</strong></span> <span class='ocrx_word' id='word_1_121' title='bbox 900 1536 1241 1604; x_wconf 80' lang='grc' dir='ltr'>ἀνθρώπου,</span> <span class='ocrx_word' id='word_1_122' title='bbox 1274 1538 1326 1589; x_wconf 80' lang='grc' dir='ltr'><strong>εί</strong></span> <span class='ocrx_word' id='word_1_123' title='bbox 1352 1536 1437 1605; x_wconf 78' lang='grc' dir='ltr'>μὴ</span> <span class='ocrx_word' id='word_1_124' title='bbox 1468 1535 1535 1588; x_wconf 86' lang='grc' dir='ltr'>τὸ</span> <span class='ocrx_word' id='word_1_125' title='bbox 1569 1536 1803 1603; x_wconf 68' lang='grc' dir='ltr'>πνεῦμα</span> <span class='ocrx_word' id='word_1_126' title='bbox 1828 1534 1893 1587; x_wconf 82' lang='grc' dir='ltr'>τὸ</span> 
     </span>
    </p>
   </div>
   <div class='ocr_carea' id='block_1_18' title="bbox 309 1625 1887 1696">
    <p class='ocr_par' dir='ltr' id='par_1_18' title="bbox 309 1625 1887 1696">
     <span class='ocr_line' id='line_1_18' title="bbox 309 1625 1887 1696; baseline -0.003 -12"><span class='ocrx_word' id='word_1_127' title='bbox 309 1630 389 1685; x_wconf 75' lang='grc' dir='ltr'>ἐν</span> <span class='ocrx_word' id='word_1_128' title='bbox 426 1629 621 1696; x_wconf 62' lang='lat' dir='ltr'><strong>autcf);</strong></span> <span class='ocrx_word' id='word_1_129' title='bbox 649 1630 814 1683; x_wconf 81' lang='grc' dir='ltr'>Οὕτω</span> <span class='ocrx_word' id='word_1_130' title='bbox 837 1629 935 1682; x_wconf 78' lang='grc' dir='ltr'>καὶ</span> <span class='ocrx_word' id='word_1_131' title='bbox 961 1630 1032 1682; x_wconf 83' lang='grc' dir='ltr'>τὰ</span> <span class='ocrx_word' id='word_1_132' title='bbox 1057 1628 1162 1681; x_wconf 83' lang='grc' dir='ltr'><strong>τοῦ</strong></span> <span class='ocrx_word' id='word_1_133' title='bbox 1197 1628 1346 1680; x_wconf 83' lang='grc' dir='ltr'><strong>Θεοῦ</strong></span> <span class='ocrx_word' id='word_1_134' title='bbox 1374 1625 1574 1693; x_wconf 69' lang='grc' dir='ltr'>οὐδεὶς</span> <span class='ocrx_word' id='word_1_135' title='bbox 1601 1626 1887 1695; x_wconf 73' lang='grc' dir='ltr'>ἔγνωκεν,</span> 
     </span>
    </p>
   </div>
   <div class='ocr_carea' id='block_1_19' title="bbox 312 1717 1395 1789">
    <p class='ocr_par' dir='ltr' id='par_1_19' title="bbox 312 1717 1395 1789">
     <span class='ocr_line' id='line_1_19' title="bbox 312 1717 1395 1789; baseline 0 -17"><span class='ocrx_word' id='word_1_136' title='bbox 312 1719 371 1772; x_wconf 77' lang='lat' dir='ltr'><strong>si</strong></span> <span class='ocrx_word' id='word_1_137' title='bbox 389 1718 479 1788; x_wconf 80' lang='grc' dir='ltr'>μὴ</span> <span class='ocrx_word' id='word_1_138' title='bbox 509 1717 578 1772; x_wconf 83' lang='grc' dir='ltr'>τὸ</span> <span class='ocrx_word' id='word_1_139' title='bbox 612 1719 857 1789; x_wconf 79' lang='grc' dir='ltr'><strong>Πνεῦμα</strong></span> <span class='ocrx_word' id='word_1_140' title='bbox 892 1718 960 1773; x_wconf 80' lang='grc' dir='ltr'>τὸ</span> <span class='ocrx_word' id='word_1_141' title='bbox 982 1719 1052 1773; x_wconf 81' lang='grc' dir='ltr'>ἐκ</span> <span class='ocrx_word' id='word_1_142' title='bbox 1081 1735 1188 1771; x_wconf 72' lang='grc' dir='ltr'>τιον</span> <span class='ocrx_word' id='word_1_143' title='bbox 1222 1717 1395 1772; x_wconf 78' lang='grc' dir='ltr'>Θεοῦ.</span> 
     </span>
    </p>
   </div>
   <div class='ocr_carea' id='block_1_20' title="bbox 923 1810 1359 1882">
    <p class='ocr_par' dir='ltr' id='par_1_20' title="bbox 923 1810 1359 1882">
     <span class='ocr_line' id='line_1_20' title="bbox 923 1810 1359 1882; baseline -0.005 -14"><span class='ocrx_word' id='word_1_144' title='bbox 923 1812 1147 1882; x_wconf 65' lang='grc' dir='ltr'><em>Κεφάλ.</em></span> <span class='ocrx_word' id='word_1_145' title='bbox 1209 1810 1299 1868; x_wconf 77' lang='grc' dir='ltr'>ιϐ’.</span> <span class='ocrx_word' id='word_1_146' title='bbox 1348 1868 1359 1873; x_wconf 92' lang='lat'><em>_</em></span> 
     </span>
    </p>
   </div>
   <div class='ocr_carea' id='block_1_21' title="bbox 399 1903 1896 1977">
    <p class='ocr_par' dir='ltr' id='par_1_21' title="bbox 399 1903 1896 1977">
     <span class='ocr_line' id='line_1_21' title="bbox 399 1903 1896 1977; baseline 0 -19"><span class='ocrx_word' id='word_1_147' title='bbox 399 1903 586 1977; x_wconf 81' lang='grc' dir='ltr'>Ἔστω</span> <span class='ocrx_word' id='word_1_148' title='bbox 641 1904 836 1971; x_wconf 79' lang='grc' dir='ltr'>ταῦτα,</span> <span class='ocrx_word' id='word_1_149' title='bbox 894 1906 1084 1975; x_wconf 75' lang='grc' dir='ltr'>φησὶν,</span> <span class='ocrx_word' id='word_1_150' title='bbox 1118 1903 1236 1957; x_wconf 83' lang='grc' dir='ltr'>ἀλλ’</span> <span class='ocrx_word' id='word_1_151' title='bbox 1257 1904 1380 1972; x_wconf 81' lang='grc' dir='ltr'><strong>οὐχὶ</strong></span> <span class='ocrx_word' id='word_1_152' title='bbox 1436 1905 1533 1959; x_wconf 74' lang='grc' dir='ltr'><strong>καὶ</strong></span> <span class='ocrx_word' id='word_1_153' title='bbox 1584 1905 1711 1972; x_wconf 80' lang='grc' dir='ltr'>δόξα</span> <span class='ocrx_word' id='word_1_154' title='bbox 1757 1906 1896 1958; x_wconf 83' lang='grc' dir='ltr'>πάν-</span> 
     </span>
    </p>
   </div>
   <div class='ocr_carea' id='block_1_22' title="bbox 311 1999 1892 2072">
    <p class='ocr_par' dir='ltr' id='par_1_22' title="bbox 311 1999 1892 2072">
     <span class='ocr_line' id='line_1_22' title="bbox 311 1999 1892 2072; baseline -0.001 -18"><span class='ocrx_word' id='word_1_155' title='bbox 311 2016 432 2064; x_wconf 67' lang='grc' dir='ltr'>τως»</span> <span class='ocrx_word' id='word_1_156' title='bbox 446 1999 771 2070; x_wconf 80' lang='grc' dir='ltr'>ὀφειλομένη</span> <span class='ocrx_word' id='word_1_157' title='bbox 806 2000 922 2052; x_wconf 73' lang='grc' dir='ltr'>ἐστὶ</span> <span class='ocrx_word' id='word_1_158' title='bbox 951 1999 1028 2071; x_wconf 84' lang='grc' dir='ltr'>τῷ</span> <span class='ocrx_word' id='word_1_159' title='bbox 1065 2000 1362 2072; x_wconf 73' lang='grc' dir='ltr'>Πνεῦματι,</span> <span class='ocrx_word' id='word_1_160' title='bbox 1402 2000 1541 2053; x_wconf 84' lang='grc' dir='ltr'>ὥστε</span> <span class='ocrx_word' id='word_1_161' title='bbox 1569 1999 1892 2068; x_wconf 77' lang='grc' dir='ltr'>δοξολογίαις</span> 
     </span>
    </p>
   </div>
   <div class='ocr_carea' id='block_1_23' title="bbox 311 2087 1892 2162">
    <p class='ocr_par' dir='ltr' id='par_1_23' title="bbox 311 2087 1892 2162">
     <span class='ocr_line' id='line_1_23' title="bbox 311 2087 1892 2162; baseline 0 -18"><span class='ocrx_word' id='word_1_162' title='bbox 311 2089 650 2159; x_wconf 62' lang='grc' dir='ltr'>ἀνυψοῦσθαι</span> <span class='ocrx_word' id='word_1_163' title='bbox 700 2091 828 2162; x_wconf 86' lang='grc' dir='ltr'>παρ’</span> <span class='ocrx_word' id='word_1_164' title='bbox 871 2090 1048 2161; x_wconf 82' lang='grc' dir='ltr'>ἡμῶν.</span> <span class='ocrx_word' id='word_1_165' title='bbox 1105 2091 1275 2143; x_wconf 75' lang='grc' dir='ltr'>Πόθεν</span> <span class='ocrx_word' id='word_1_166' title='bbox 1326 2091 1392 2144; x_wconf 79' lang='grc' dir='ltr'><strong>ἂν</strong></span> <span class='ocrx_word' id='word_1_167' title='bbox 1442 2087 1534 2144; x_wconf 80' lang='grc' dir='ltr'><strong>οὖν</strong></span> <span class='ocrx_word' id='word_1_168' title='bbox 1572 2091 1672 2161; x_wconf 82' lang='grc' dir='ltr'><strong>τῆς</strong></span> <span class='ocrx_word' id='word_1_169' title='bbox 1725 2091 1892 2162; x_wconf 81' lang='grc' dir='ltr'>ὑπερ-</span> 
     </span>
    </p>
   </div>
   <div class='ocr_carea' id='block_1_24' title="bbox 310 2179 1891 2252">
    <p class='ocr_par' dir='ltr' id='par_1_24' title="bbox 310 2179 1891 2252">
     <span class='ocr_line' id='line_1_24' title="bbox 310 2179 1891 2252; baseline 0.002 -19"><span class='ocrx_word' id='word_1_170' title='bbox 310 2179 550 2252; x_wconf 71' lang='grc' dir='ltr'>εχούσης</span> <span class='ocrx_word' id='word_1_171' title='bbox 606 2181 785 2235; x_wconf 80' lang='grc' dir='ltr'>πάντα</span> <span class='ocrx_word' id='word_1_172' title='bbox 861 2180 988 2235; x_wconf 79' lang='grc' dir='ltr'>νοῦν</span> <span class='ocrx_word' id='word_1_173' title='bbox 1051 2182 1207 2246; x_wconf 81' lang='grc' dir='ltr'>ἀξίας</span> <span class='ocrx_word' id='word_1_174' title='bbox 1266 2180 1362 2234; x_wconf 75' lang='grc' dir='ltr'><strong>τοῦ</strong></span> <span class='ocrx_word' id='word_1_175' title='bbox 1427 2182 1741 2252; x_wconf 78' lang='grc' dir='ltr'>Πνεῦματος</span> <span class='ocrx_word' id='word_1_176' title='bbox 1791 2182 1891 2248; x_wconf 79' lang='grc' dir='ltr'>τὰς</span> 
     </span>
    </p>
   </div>
   <div class='ocr_carea' id='block_1_25' title="bbox 310 2271 1888 2345">
    <p class='ocr_par' dir='ltr' id='par_1_25' title="bbox 310 2271 1888 2345">
     <span class='ocr_line' id='line_1_25' title="bbox 310 2271 1888 2345; baseline 0.003 -21"><span class='ocrx_word' id='word_1_177' title='bbox 310 2271 620 2336; x_wconf 80' lang='grc' dir='ltr'>ἀποδείξεις</span> <span class='ocrx_word' id='word_1_178' title='bbox 655 2272 915 2342; x_wconf 78' lang='grc' dir='ltr'>λάϐοιμεν</span> <span class='ocrx_word' id='word_1_179' title='bbox 952 2309 968 2333; x_wconf 89' lang='grc'><strong>,</strong></span> <span class='ocrx_word' id='word_1_180' title='bbox 1114 2273 1329 2345; x_wconf 73' lang='grc' dir='ltr'>εἶπερή</span> <span class='ocrx_word' id='word_1_181' title='bbox 1363 2274 1578 2345; x_wconf 82' lang='grc' dir='ltr'>Πατρὸς</span> <span class='ocrx_word' id='word_1_182' title='bbox 1628 2275 1721 2327; x_wconf 77' lang='grc' dir='ltr'>καὶ</span> <span class='ocrx_word' id='word_1_183' title='bbox 1757 2273 1888 2328; x_wconf 81' lang='grc' dir='ltr'><strong>Υίοῦ</strong></span> 
     </span>
    </p>
   </div>
   <div class='ocr_carea' id='block_1_26' title="bbox 308 2359 1889 2434">
    <p class='ocr_par' dir='ltr' id='par_1_26' title="bbox 308 2359 1889 2434">
     <span class='ocr_line' id='line_1_26' title="bbox 308 2359 1889 2434; baseline 0.003 -22"><span class='ocrx_word' id='word_1_184' title='bbox 308 2360 571 2413; x_wconf 86' lang='grc' dir='ltr'>κοινωνία</span> <span class='ocrx_word' id='word_1_185' title='bbox 637 2361 709 2431; x_wconf 86' lang='grc' dir='ltr'><strong>μὴ</strong></span> <span class='ocrx_word' id='word_1_186' title='bbox 768 2359 1078 2425; x_wconf 82' lang='grc' dir='ltr'>ἀξιόπιστος</span> <span class='ocrx_word' id='word_1_187' title='bbox 1144 2362 1329 2425; x_wconf 81' lang='grc' dir='ltr'>αὐτοῖς</span> <span class='ocrx_word' id='word_1_188' title='bbox 1384 2361 1521 2432; x_wconf 81' lang='grc' dir='ltr'>πρὸς</span> <span class='ocrx_word' id='word_1_189' title='bbox 1585 2362 1889 2434; x_wconf 76' lang='grc' dir='ltr'>μαρτυρίαν</span> 
     </span>
    </p>
   </div>
   <div class='ocr_carea' id='block_1_27' title="bbox 309 2448 1888 2524">
    <p class='ocr_par' dir='ltr' id='par_1_27' title="bbox 309 2448 1888 2524">
     <span class='ocr_line' id='line_1_27' title="bbox 309 2448 1888 2524; baseline 0.002 -20"><span class='ocrx_word' id='word_1_190' title='bbox 309 2448 628 2520; x_wconf 79' lang='grc' dir='ltr'>ἀξιώματος</span> <span class='ocrx_word' id='word_1_191' title='bbox 669 2452 962 2523; x_wconf 74' lang='grc' dir='ltr'>ἐνομίσθης</span> <span class='ocrx_word' id='word_1_192' title='bbox 1008 2452 1226 2519; x_wconf 83' lang='grc' dir='ltr'>Ἔξεστί</span> <span class='ocrx_word' id='word_1_193' title='bbox 1266 2469 1329 2522; x_wconf 91' lang='grc' dir='ltr'><strong>γε</strong></span> <span class='ocrx_word' id='word_1_194' title='bbox 1388 2452 1495 2524; x_wconf 81' lang='grc' dir='ltr'><strong>μὴν</strong></span> <span class='ocrx_word' id='word_1_195' title='bbox 1541 2454 1677 2524; x_wconf 88' lang='grc' dir='ltr'>πρός</span> <span class='ocrx_word' id='word_1_196' title='bbox 1716 2470 1776 2506; x_wconf 88' lang='grc' dir='ltr'><strong>τε</strong></span> <span class='ocrx_word' id='word_1_197' title='bbox 1819 2453 1888 2507; x_wconf 79' lang='grc' dir='ltr'>τὰ</span> 
     </span>
    </p>
   </div>
   <div class='ocr_carea' id='block_1_28' title="bbox 308 2541 1889 2623">
    <p class='ocr_par' dir='ltr' id='par_1_28' title="bbox 308 2541 1889 2623">
     <span class='ocr_line' id='line_1_28' title="bbox 308 2541 1889 2623; baseline 0.003 -29"><span class='ocrx_word' id='word_1_198' title='bbox 308 2543 379 2594; x_wconf 79' lang='grc' dir='ltr'>ἐκ</span> <span class='ocrx_word' id='word_1_199' title='bbox 420 2541 529 2593; x_wconf 85' lang='grc' dir='ltr'><strong>τῶν</strong></span> <span class='ocrx_word' id='word_1_200' title='bbox 572 2542 850 2611; x_wconf 82' lang='grc' dir='ltr'>ὀνομάτων</span> <span class='ocrx_word' id='word_1_201' title='bbox 897 2544 1313 2614; x_wconf 69' lang='grc' dir='ltr'>ἀποϐλέψαντας</span> <span class='ocrx_word' id='word_1_202' title='bbox 1352 2544 1745 2623; x_wconf 74' lang='grc' dir='ltr'>σημαινόμενα,</span> <span class='ocrx_word' id='word_1_203' title='bbox 1794 2545 1889 2598; x_wconf 76' lang='grc' dir='ltr'>καὶ</span> 
     </span>
    </p>
   </div>
   <div class='ocr_carea' id='block_1_29' title="bbox 306 2631 1889 2707">
    <p class='ocr_par' dir='ltr' id='par_1_29' title="bbox 306 2631 1889 2707">
     <span class='ocr_line' id='line_1_29' title="bbox 306 2631 1889 2707; baseline 0.002 -23"><span class='ocrx_word' id='word_1_204' title='bbox 306 2631 452 2703; x_wconf 74' lang='grc' dir='ltr'>πρὸς</span> <span class='ocrx_word' id='word_1_205' title='bbox 480 2632 547 2685; x_wconf 79' lang='grc' dir='ltr'>τὰ</span> <span class='ocrx_word' id='word_1_206' title='bbox 575 2632 685 2685; x_wconf 84' lang='grc' dir='ltr'>τῶν</span> <span class='ocrx_word' id='word_1_207' title='bbox 711 2633 999 2704; x_wconf 77' lang='grc' dir='ltr'>ἐνεργειῶν</span> <span class='ocrx_word' id='word_1_208' title='bbox 1024 2635 1186 2687; x_wconf 82' lang='grc' dir='ltr'>αὑτοῦ</span> <span class='ocrx_word' id='word_1_209' title='bbox 1230 2635 1455 2707; x_wconf 80' lang='grc' dir='ltr'>μεγέθη,</span> <span class='ocrx_word' id='word_1_210' title='bbox 1488 2635 1582 2688; x_wconf 73' lang='grc' dir='ltr'>καὶ</span> <span class='ocrx_word' id='word_1_211' title='bbox 1609 2635 1746 2706; x_wconf 77' lang='grc' dir='ltr'>πρδς</span> <span class='ocrx_word' id='word_1_212' title='bbox 1789 2633 1889 2698; x_wconf 83' lang='grc' dir='ltr'><strong>τὰς</strong></span> 
     </span>
    </p>
   </div>
   <div class='ocr_carea' id='block_1_30' title="bbox 305 2724 1888 2799">
    <p class='ocr_par' dir='ltr' id='par_1_30' title="bbox 305 2724 1888 2799">
     <span class='ocr_line' id='line_1_30' title="bbox 305 2724 1888 2799; baseline 0 -22"><span class='ocrx_word' id='word_1_213' title='bbox 305 2726 393 2786; x_wconf 83' lang='grc' dir='ltr'><strong>είς</strong></span> <span class='ocrx_word' id='word_1_214' title='bbox 419 2725 589 2794; x_wconf 78' lang='grc' dir='ltr'>ἡμᾶς,</span> <span class='ocrx_word' id='word_1_215' title='bbox 622 2724 820 2794; x_wconf 76' lang='grc' dir='ltr'>μᾶλλον</span> <span class='ocrx_word' id='word_1_216' title='bbox 857 2724 914 2778; x_wconf 86' lang='grc' dir='ltr'>δὲ</span> <span class='ocrx_word' id='word_1_217' title='bbox 949 2727 1028 2789; x_wconf 84' lang='grc' dir='ltr'><strong>είς</strong></span> <span class='ocrx_word' id='word_1_218' title='bbox 1055 2728 1233 2779; x_wconf 81' lang='grc' dir='ltr'>πᾶσαν</span> <span class='ocrx_word' id='word_1_219' title='bbox 1273 2727 1373 2799; x_wconf 85' lang='grc' dir='ltr'><strong>τὴν</strong></span> <span class='ocrx_word' id='word_1_220' title='bbox 1415 2726 1590 2780; x_wconf 82' lang='grc' dir='ltr'>κτίσιν</span> <span class='ocrx_word' id='word_1_221' title='bbox 1625 2742 1888 2797; x_wconf 79' lang='grc' dir='ltr'>χορηγου-</span> 
     </span>
    </p>
   </div>
   <div class='ocr_carea' id='block_1_31' title="bbox 306 2813 1887 2887">
    <p class='ocr_par' dir='ltr' id='par_1_31' title="bbox 306 2813 1887 2887">
     <span class='ocr_line' id='line_1_31' title="bbox 306 2813 1887 2887; baseline 0.003 -22"><span class='ocrx_word' id='word_1_222' title='bbox 306 2813 485 2885; x_wconf 85' lang='grc' dir='ltr'>μένας</span> <span class='ocrx_word' id='word_1_223' title='bbox 511 2815 828 2886; x_wconf 84' lang='grc' dir='ltr'>εὐεργεσίας</span> <span class='ocrx_word' id='word_1_224' title='bbox 866 2853 882 2876; x_wconf 92' lang='grc'><strong>,</strong></span> <span class='ocrx_word' id='word_1_225' title='bbox 1030 2818 1130 2886; x_wconf 83' lang='grc' dir='ltr'>τῆς</span> <span class='ocrx_word' id='word_1_226' title='bbox 1174 2817 1545 2887; x_wconf 77' lang='grc' dir='ltr'>μεγαλοφυίας</span> <span class='ocrx_word' id='word_1_227' title='bbox 1587 2818 1753 2871; x_wconf 78' lang='grc' dir='ltr'>αὐτοῦ</span> <span class='ocrx_word' id='word_1_228' title='bbox 1790 2816 1887 2870; x_wconf 75' lang='grc' dir='ltr'>καὶ</span> 
     </span>
    </p>
   </div>
   <div class='ocr_carea' id='block_1_32' title="bbox 300 2905 1885 2977">
    <p class='ocr_par' dir='ltr' id='par_1_32' title="bbox 300 2905 1885 2977">
     <span class='ocr_line' id='line_1_32' title="bbox 300 2905 1885 2977; baseline 0.003 -21"><span class='ocrx_word' id='word_1_229' title='bbox 300 2905 410 2974; x_wconf 78' lang='grc' dir='ltr'>τῆς</span> <span class='ocrx_word' id='word_1_230' title='bbox 432 2906 722 2974; x_wconf 81' lang='grc' dir='ltr'>ἀνεφίκτου</span> <span class='ocrx_word' id='word_1_231' title='bbox 749 2906 1030 2975; x_wconf 80' lang='grc' dir='ltr'>δυνάμεως</span> <span class='ocrx_word' id='word_1_232' title='bbox 1057 2906 1150 2959; x_wconf 69' lang='grc' dir='ltr'>ἐπὶ</span> <span class='ocrx_word' id='word_1_233' title='bbox 1182 2907 1344 2960; x_wconf 77' lang='grc' dir='ltr'>ποσὸν</span> <span class='ocrx_word' id='word_1_234' title='bbox 1380 2906 1509 2975; x_wconf 82' lang='grc' dir='ltr'>γοῦν</span> <span class='ocrx_word' id='word_1_235' title='bbox 1552 2909 1609 2960; x_wconf 80' lang='grc' dir='ltr'>ὲν</span> <span class='ocrx_word' id='word_1_236' title='bbox 1638 2906 1885 2977; x_wconf 78' lang='grc' dir='ltr'>περινοίᾳ</span> 
     </span>
    </p>
   </div>
   <div class='ocr_carea' id='block_1_33' title="bbox 304 2992 1881 3065">
    <p class='ocr_par' dir='ltr' id='par_1_33' title="bbox 304 2992 1881 3065">
     <span class='ocr_line' id='line_1_33' title="bbox 304 2992 1881 3065; baseline 0.003 -21"><span class='ocrx_word' id='word_1_237' title='bbox 304 2992 589 3061; x_wconf 79' lang='grc' dir='ltr'>γενέσθαι.</span> <span class='ocrx_word' id='word_1_238' title='bbox 626 2994 851 3065; x_wconf 75' lang='grc' dir='ltr'>Πνεῦμα</span> <span class='ocrx_word' id='word_1_239' title='bbox 883 2995 1196 3065; x_wconf 84' lang='grc' dir='ltr'>ὠνόμασται</span> <span class='ocrx_word' id='word_1_240' title='bbox 1214 3013 1228 3027; x_wconf 91' lang='grc'><strong>·</strong></span> <span class='ocrx_word' id='word_1_241' title='bbox 1257 2996 1354 3059; x_wconf 84' lang='grc' dir='ltr'>ὡς,</span> <span class='ocrx_word' id='word_1_242' title='bbox 1379 2997 1621 3064; x_wconf 81' lang='grc' dir='ltr'>Πνεῦμα</span> <span class='ocrx_word' id='word_1_243' title='bbox 1643 2999 1674 3049; x_wconf 86' lang='grc' dir='ltr'><strong>ό</strong></span> <span class='ocrx_word' id='word_1_244' title='bbox 1701 2997 1881 3060; x_wconf 80' lang='grc' dir='ltr'>Θεός⁰</span> 
     </span>
    </p>
   </div>
   <div class='ocr_carea' id='block_1_34' title="bbox 1996 533 3577 606">
    <p class='ocr_par' dir='ltr' id='par_1_34' title="bbox 1996 533 3577 606">
     <span class='ocr_line' id='line_1_34' title="bbox 1996 533 3577 606; baseline 0.004 -19"><span class='ocrx_word' id='word_1_245' title='bbox 1996 546 2107 587; x_wconf 86' lang='lat' dir='ltr'><strong>non</strong></span> <span class='ocrx_word' id='word_1_246' title='bbox 2155 533 2301 588; x_wconf 88' lang='lat' dir='ltr'><strong>adsit</strong></span> <span class='ocrx_word' id='word_1_247' title='bbox 2359 535 2536 589; x_wconf 89' lang='lat' dir='ltr'><strong>sancti</strong></span> <span class='ocrx_word' id='word_1_248' title='bbox 2588 533 2825 606; x_wconf 72' lang='lat' dir='ltr'><strong>Spiritus</strong></span> <span class='ocrx_word' id='word_1_249' title='bbox 2879 537 3230 606; x_wconf 74' lang='lat' dir='ltr'><strong>adiutorium.</strong></span> <span class='ocrx_word' id='word_1_250' title='bbox 3290 538 3577 605; x_wconf 83' lang='lat' dir='ltr'><strong>Quomodo</strong></span> 
     </span>
    </p>
   </div>
   <div class='ocr_carea' id='block_1_35' title="bbox 1996 624 3577 703">
    <p class='ocr_par' dir='ltr' id='par_1_35' title="bbox 1996 624 3577 703">
     <span class='ocr_line' id='line_1_35' title="bbox 1996 624 3577 703; baseline 0.005 -25"><span class='ocrx_word' id='word_1_251' title='bbox 1996 625 2160 696; x_wconf 78' lang='lat' dir='ltr'><strong>igitur</strong></span> <span class='ocrx_word' id='word_1_252' title='bbox 2190 624 2416 695; x_wconf 77' lang='lat' dir='ltr'><strong>intelligi</strong></span> <span class='ocrx_word' id='word_1_253' title='bbox 2444 635 2622 695; x_wconf 90' lang='lat' dir='ltr'><strong>potest</strong></span> <span class='ocrx_word' id='word_1_254' title='bbox 2649 627 2856 698; x_wconf 86' lang='lat' dir='ltr'><strong>absque</strong></span> <span class='ocrx_word' id='word_1_255' title='bbox 2882 627 3091 698; x_wconf 89' lang='lat' dir='ltr'><strong>Spiritu</strong></span> <span class='ocrx_word' id='word_1_256' title='bbox 3120 637 3314 684; x_wconf 86' lang='lat' dir='ltr'><strong>sancto</strong></span> <span class='ocrx_word' id='word_1_257' title='bbox 3344 632 3457 686; x_wconf 79' lang='lat' dir='ltr'><strong>ﬁeri</strong></span> <span class='ocrx_word' id='word_1_258' title='bbox 3484 632 3577 703; x_wconf 84' lang='lat' dir='ltr'><strong>ju-</strong></span> 
     </span>
    </p>
   </div>
   <div class='ocr_carea' id='block_1_36' title="bbox 1995 714 3574 789">
    <p class='ocr_par' dir='ltr' id='par_1_36' title="bbox 1995 714 3574 789">
     <span class='ocr_line' id='line_1_36' title="bbox 1995 714 3574 789; baseline 0.004 -20"><span class='ocrx_word' id='word_1_259' title='bbox 1995 714 2222 777; x_wconf 86' lang='lat' dir='ltr'><strong>dicium,</strong></span> <span class='ocrx_word' id='word_1_260' title='bbox 2261 728 2390 769; x_wconf 88' lang='lat' dir='ltr'><strong>cum</strong></span> <span class='ocrx_word' id='word_1_261' title='bbox 2427 716 2714 787; x_wconf 77' lang='lat' dir='ltr'><strong>Scriptura</strong></span> <span class='ocrx_word' id='word_1_262' title='bbox 2887 717 3129 773; x_wconf 83' lang='lat' dir='ltr'><strong>declaret</strong></span> <span class='ocrx_word' id='word_1_263' title='bbox 3161 718 3342 789; x_wconf 89' lang='lat' dir='ltr'><strong>ipsum</strong></span> <span class='ocrx_word' id='word_1_264' title='bbox 3369 736 3493 776; x_wconf 90' lang='lat' dir='ltr'><strong>esse</strong></span> <span class='ocrx_word' id='word_1_265' title='bbox 3521 729 3574 776; x_wconf 89' lang='lat' dir='ltr'><strong>et</strong></span> 
     </span>
    </p>
   </div>
   <div class='ocr_carea' id='block_1_37' title="bbox 1991 804 3576 878">
    <p class='ocr_par' dir='ltr' id='par_1_37' title="bbox 1991 804 3576 878">
     <span class='ocr_line' id='line_1_37' title="bbox 1991 804 3576 878; baseline 0.005 -20"><span class='ocrx_word' id='word_1_266' title='bbox 1991 804 2269 875; x_wconf 88' lang='lat' dir='ltr'><strong>justorum</strong></span> <span class='ocrx_word' id='word_1_267' title='bbox 2302 806 2586 875; x_wconf 64' lang='lat' dir='ltr'><strong>praemium</strong></span> <span class='ocrx_word' id='word_1_268' title='bbox 2634 812 2683 874; x_wconf 80' lang='grc'><strong>²,</strong></span> <span class='ocrx_word' id='word_1_269' title='bbox 2709 808 2929 878; x_wconf 86' lang='lat' dir='ltr'><strong>quando</strong></span> <span class='ocrx_word' id='word_1_270' title='bbox 2961 810 3394 878; x_wconf 83' lang='lat' dir='ltr'><strong>proarrhabone</strong></span> <span class='ocrx_word' id='word_1_271' title='bbox 3422 812 3576 866; x_wconf 80' lang='lat' dir='ltr'><strong>exhi-</strong></span> 
     </span>
    </p>
   </div>
   <div class='ocr_carea' id='block_1_38' title="bbox 1994 897 3575 972">
    <p class='ocr_par' dir='ltr' id='par_1_38' title="bbox 1994 897 3575 972">
     <span class='ocr_line' id='line_1_38' title="bbox 1994 897 3575 972; baseline 0.003 -20"><span class='ocrx_word' id='word_1_272' title='bbox 1994 897 2212 952; x_wconf 86' lang='lat' dir='ltr'><strong>bebitur</strong></span> <span class='ocrx_word' id='word_1_273' title='bbox 2245 897 2392 967; x_wconf 89' lang='lat' dir='ltr'><strong>quod</strong></span> <span class='ocrx_word' id='word_1_274' title='bbox 2440 898 2742 967; x_wconf 80' lang='lat' dir='ltr'><strong>perfectum</strong></span> <span class='ocrx_word' id='word_1_275' title='bbox 2779 908 2899 966; x_wconf 86' lang='lat' dir='ltr'><strong>est;</strong></span> <span class='ocrx_word' id='word_1_276' title='bbox 2949 910 3003 956; x_wconf 89' lang='lat' dir='ltr'><strong>et</strong></span> <span class='ocrx_word' id='word_1_277' title='bbox 3044 902 3276 971; x_wconf 88' lang='lat' dir='ltr'><strong>primam</strong></span> <span class='ocrx_word' id='word_1_278' title='bbox 3323 914 3575 972; x_wconf 84' lang='lat' dir='ltr'><strong>peccato-</strong></span> 
     </span>
    </p>
   </div>
   <div class='ocr_carea' id='block_1_39' title="bbox 1996 974 3576 1063">
    <p class='ocr_par' dir='ltr' id='par_1_39' title="bbox 1996 974 3576 1063">
     <span class='ocr_line' id='line_1_39' title="bbox 1996 974 3576 1063; baseline 0.007 -23"><span class='ocrx_word' id='word_1_279' title='bbox 1996 1003 2116 1042; x_wconf 86' lang='lat' dir='ltr'><strong>rum</strong></span> <span class='ocrx_word' id='word_1_280' title='bbox 2148 974 2696 1053; x_wconf 85' lang='lat' dir='ltr'><strong>condemnationem,</strong></span> <span class='ocrx_word' id='word_1_281' title='bbox 2729 1006 2854 1045; x_wconf 82' lang='lat' dir='ltr'><strong>cunt</strong></span> <span class='ocrx_word' id='word_1_282' title='bbox 2885 1006 2953 1045; x_wconf 89' lang='lat' dir='ltr'><strong>eo</strong></span> <span class='ocrx_word' id='word_1_283' title='bbox 2983 993 3148 1047; x_wconf 90' lang='lat' dir='ltr'><strong>etiam</strong></span> <span class='ocrx_word' id='word_1_284' title='bbox 3180 993 3328 1063; x_wconf 89' lang='lat' dir='ltr'><strong>quod</strong></span> <span class='ocrx_word' id='word_1_285' title='bbox 3374 993 3576 1051; x_wconf 81' lang='lat' dir='ltr'><strong>habere</strong></span> 
     </span>
    </p>
   </div>
   <div class='ocr_carea' id='block_1_40' title="bbox 1993 1080 3575 1156">
    <p class='ocr_par' dir='ltr' id='par_1_40' title="bbox 1993 1080 3575 1156">
     <span class='ocr_line' id='line_1_40' title="bbox 1993 1080 3575 1156; baseline 0.004 -23"><span class='ocrx_word' id='word_1_286' title='bbox 1993 1080 2268 1143; x_wconf 83' lang='lat' dir='ltr'><strong>videntur,</strong></span> <span class='ocrx_word' id='word_1_287' title='bbox 2309 1081 2530 1149; x_wconf 88' lang='lat' dir='ltr'><strong>spoliati</strong></span> <span class='ocrx_word' id='word_1_288' title='bbox 2566 1081 2812 1137; x_wconf 83' lang='lat' dir='ltr'><strong>fuerint?</strong></span> <span class='ocrx_word' id='word_1_289' title='bbox 2857 1082 3030 1139; x_wconf 87' lang='lat' dir='ltr'><strong>Porro</strong></span> <span class='ocrx_word' id='word_1_290' title='bbox 3074 1085 3370 1139; x_wconf 76' lang='lat' dir='ltr'><strong>maximum</strong></span> <span class='ocrx_word' id='word_1_291' title='bbox 3411 1100 3575 1156; x_wconf 78' lang='lat' dir='ltr'><strong>argu-</strong></span> 
     </span>
    </p>
   </div>
   <div class='ocr_carea' id='block_1_41' title="bbox 1994 1158 3573 1253">
    <p class='ocr_par' dir='ltr' id='par_1_41' title="bbox 1994 1158 3573 1253">
     <span class='ocr_line' id='line_1_41' title="bbox 1994 1158 3573 1253; baseline 0.003 -30"><span class='ocrx_word' id='word_1_292' title='bbox 1994 1178 2237 1224; x_wconf 87' lang='lat' dir='ltr'><strong>mentum</strong></span> <span class='ocrx_word' id='word_1_293' title='bbox 2289 1158 2699 1240; x_wconf 74' lang='lat' dir='ltr'><strong>coniunctionis</strong></span> <span class='ocrx_word' id='word_1_294' title='bbox 2749 1173 2919 1239; x_wconf 87' lang='lat' dir='ltr'><strong>illius,</strong></span> <span class='ocrx_word' id='word_1_295' title='bbox 2961 1190 3131 1253; x_wconf 82' lang='lat' dir='ltr'><strong>quam</strong></span> <span class='ocrx_word' id='word_1_296' title='bbox 3170 1173 3403 1244; x_wconf 83' lang='lat' dir='ltr'><strong>Spiritus</strong></span> <span class='ocrx_word' id='word_1_297' title='bbox 3447 1191 3573 1229; x_wconf 89' lang='lat' dir='ltr'><strong>cum</strong></span> 
     </span>
    </p>
   </div>
   <div class='ocr_carea' id='block_1_42' title="bbox 1996 1258 3573 1336">
    <p class='ocr_par' dir='ltr' id='par_1_42' title="bbox 1996 1258 3573 1336">
     <span class='ocr_line' id='line_1_42' title="bbox 1996 1258 3573 1336; baseline 0.004 -23"><span class='ocrx_word' id='word_1_298' title='bbox 1996 1258 2153 1314; x_wconf 79' lang='lat' dir='ltr'><strong>Patre</strong></span> <span class='ocrx_word' id='word_1_299' title='bbox 2178 1270 2233 1315; x_wconf 88' lang='lat' dir='ltr'><strong>et</strong></span> <span class='ocrx_word' id='word_1_300' title='bbox 2273 1259 2412 1316; x_wconf 86' lang='lat' dir='ltr'><strong>Filio</strong></span> <span class='ocrx_word' id='word_1_301' title='bbox 2440 1262 2637 1327; x_wconf 90' lang='lat' dir='ltr'><strong>habet,</strong></span> <span class='ocrx_word' id='word_1_302' title='bbox 2673 1264 2808 1320; x_wconf 91' lang='lat' dir='ltr'><strong>illud</strong></span> <span class='ocrx_word' id='word_1_303' title='bbox 2839 1274 2958 1329; x_wconf 89' lang='lat' dir='ltr'><strong>est,</strong></span> <span class='ocrx_word' id='word_1_304' title='bbox 2986 1267 3132 1336; x_wconf 92' lang='lat' dir='ltr'><strong>quod</strong></span> <span class='ocrx_word' id='word_1_305' title='bbox 3172 1266 3364 1321; x_wconf 85' lang='lat' dir='ltr'><strong>eodem</strong></span> <span class='ocrx_word' id='word_1_306' title='bbox 3414 1267 3573 1321; x_wconf 86' lang='lat' dir='ltr'><strong>modo</strong></span> 
     </span>
    </p>
   </div>
   <div class='ocr_carea' id='block_1_43' title="bbox 1993 1351 3573 1428">
    <p class='ocr_par' dir='ltr' id='par_1_43' title="bbox 1993 1351 3573 1428">
     <span class='ocr_line' id='line_1_43' title="bbox 1993 1351 3573 1428; baseline 0.006 -24"><span class='ocrx_word' id='word_1_307' title='bbox 1993 1351 2198 1405; x_wconf 85' lang='lat' dir='ltr'><strong>dicitur</strong></span> <span class='ocrx_word' id='word_1_308' title='bbox 2227 1353 2430 1408; x_wconf 84' lang='lat' dir='ltr'><strong>habere</strong></span> <span class='ocrx_word' id='word_1_309' title='bbox 2466 1369 2526 1409; x_wconf 87' lang='lat' dir='ltr'><strong>se</strong></span> <span class='ocrx_word' id='word_1_310' title='bbox 2558 1370 2685 1425; x_wconf 77' lang='lat' dir='ltr'><strong>erga</strong></span> <span class='ocrx_word' id='word_1_311' title='bbox 2709 1355 2900 1419; x_wconf 90' lang='lat' dir='ltr'><strong>Deum,</strong></span> <span class='ocrx_word' id='word_1_312' title='bbox 2923 1373 3034 1426; x_wconf 93' lang='lat' dir='ltr'><strong>quo</strong></span> <span class='ocrx_word' id='word_1_313' title='bbox 3052 1373 3181 1428; x_wconf 78' lang='lat' dir='ltr'><strong>erga</strong></span> <span class='ocrx_word' id='word_1_314' title='bbox 3212 1374 3573 1428; x_wconf 85' lang='lat' dir='ltr'><strong>unumquem—</strong></span> 
     </span>
    </p>
   </div>
   <div class='ocr_carea' id='block_1_44' title="bbox 1994 1444 3569 1516">
    <p class='ocr_par' dir='ltr' id='par_1_44' title="bbox 1994 1444 3569 1516">
     <span class='ocr_line' id='line_1_44' title="bbox 1994 1444 3569 1516; baseline 0.003 -19"><span class='ocrx_word' id='word_1_315' title='bbox 1994 1458 2101 1512; x_wconf 88' lang='lat' dir='ltr'><strong>que</strong></span> <span class='ocrx_word' id='word_1_316' title='bbox 2123 1453 2370 1498; x_wconf 89' lang='lat' dir='ltr'><strong>nostrum</strong></span> <span class='ocrx_word' id='word_1_317' title='bbox 2399 1459 2459 1499; x_wconf 86' lang='lat' dir='ltr'><strong>se</strong></span> <span class='ocrx_word' id='word_1_318' title='bbox 2487 1444 2651 1500; x_wconf 83' lang='lat' dir='ltr'><strong>habet</strong></span> <span class='ocrx_word' id='word_1_319' title='bbox 2672 1446 2919 1514; x_wconf 88' lang='lat' dir='ltr'><strong>spiritus,</strong></span> <span class='ocrx_word' id='word_1_320' title='bbox 2937 1449 3030 1516; x_wconf 91' lang='lat' dir='ltr'><strong>qui</strong></span> <span class='ocrx_word' id='word_1_321' title='bbox 3049 1456 3133 1503; x_wconf 90' lang='lat' dir='ltr'><strong>est</strong></span> <span class='ocrx_word' id='word_1_322' title='bbox 3156 1450 3209 1502; x_wconf 92' lang='lat' dir='ltr'><strong>in</strong></span> <span class='ocrx_word' id='word_1_323' title='bbox 3231 1449 3407 1504; x_wconf 88' lang='lat' dir='ltr'><strong>nobis.</strong></span> <span class='ocrx_word' id='word_1_324' title='bbox 3438 1449 3569 1513; x_wconf 78' lang='lat' dir='ltr'><strong>Quis</strong></span> 
     </span>
    </p>
   </div>
   <div class='ocr_carea' id='block_1_45' title="bbox 1997 1534 3566 1607">
    <p class='ocr_par' dir='ltr' id='par_1_45' title="bbox 1997 1534 3566 1607">
     <span class='ocr_line' id='line_1_45' title="bbox 1997 1534 3566 1607; baseline 0.004 -20"><span class='ocrx_word' id='word_1_325' title='bbox 1997 1535 2152 1598; x_wconf 72' lang='lat' dir='ltr'><strong>mim,</strong></span> <span class='ocrx_word' id='word_1_326' title='bbox 2194 1534 2401 1602; x_wconf 82' lang='lat' dir='ltr'><strong>inquit,</strong></span> <span class='ocrx_word' id='word_1_327' title='bbox 2437 1534 2704 1589; x_wconf 77' lang='lat' dir='ltr'><strong>hominum</strong></span> <span class='ocrx_word' id='word_1_328' title='bbox 2734 1538 2874 1591; x_wconf 85' lang='lat' dir='ltr'><strong>novit</strong></span> <span class='ocrx_word' id='word_1_329' title='bbox 2902 1554 2964 1591; x_wconf 85' lang='lat' dir='ltr'><strong>ea</strong></span> <span class='ocrx_word' id='word_1_330' title='bbox 2993 1553 3111 1607; x_wconf 73' lang='lat' dir='ltr'><strong>quae</strong></span> <span class='ocrx_word' id='word_1_331' title='bbox 3154 1550 3274 1593; x_wconf 80' lang='lat' dir='ltr'><strong>sunt</strong></span> <span class='ocrx_word' id='word_1_332' title='bbox 3307 1539 3532 1606; x_wconf 81' lang='lat' dir='ltr'><strong>hominis</strong></span> <span class='ocrx_word' id='word_1_333' title='bbox 3551 1579 3566 1603; x_wconf 92' lang='lat'><strong>,</strong></span> 
     </span>
    </p>
   </div>
   <div class='ocr_carea' id='block_1_46' title="bbox 1993 1622 3565 1698">
    <p class='ocr_par' dir='ltr' id='par_1_46' title="bbox 1993 1622 3565 1698">
     <span class='ocr_line' id='line_1_46' title="bbox 1993 1622 3565 1698; baseline 0.004 -23"><span class='ocrx_word' id='word_1_334' title='bbox 1993 1622 2098 1675; x_wconf 78' lang='lat' dir='ltr'><strong>nisi</strong></span> <span class='ocrx_word' id='word_1_335' title='bbox 2122 1624 2343 1689; x_wconf 80' lang='lat' dir='ltr'><strong>spiritus</strong></span> <span class='ocrx_word' id='word_1_336' title='bbox 2396 1624 2487 1698; x_wconf 62' lang='lat' dir='ltr'><strong>qui</strong></span> <span class='ocrx_word' id='word_1_337' title='bbox 2529 1633 2610 1677; x_wconf 82' lang='lat' dir='ltr'><strong>est</strong></span> <span class='ocrx_word' id='word_1_338' title='bbox 2668 1626 2726 1678; x_wconf 86' lang='lat' dir='ltr'><strong>in</strong></span> <span class='ocrx_word' id='word_1_339' title='bbox 2753 1626 2914 1694; x_wconf 82' lang='lat' dir='ltr'><strong>ipso?</strong></span> <span class='ocrx_word' id='word_1_340' title='bbox 2944 1625 3035 1681; x_wconf 87' lang='lat' dir='ltr'><strong>Sic</strong></span> <span class='ocrx_word' id='word_1_341' title='bbox 3062 1636 3114 1681; x_wconf 80' lang='lat' dir='ltr'><strong>et</strong></span> <span class='ocrx_word' id='word_1_342' title='bbox 3142 1644 3258 1697; x_wconf 78' lang='lat' dir='ltr'><strong>qua:</strong></span> <span class='ocrx_word' id='word_1_343' title='bbox 3287 1628 3387 1682; x_wconf 85' lang='lat' dir='ltr'><strong>Dei</strong></span> <span class='ocrx_word' id='word_1_344' title='bbox 3413 1644 3565 1694; x_wconf 79' lang='lat' dir='ltr'><strong>sunt,</strong></span> 
     </span>
    </p>
   </div>
   <div class='ocr_carea' id='block_1_47' title="bbox 1921 1720 3273 1794">
    <p class='ocr_par' dir='ltr' id='par_1_47' title="bbox 1921 1720 3273 1794">
     <span class='ocr_line' id='line_1_47' title="bbox 1921 1720 3273 1794; baseline 0.008 -23"><span class='ocrx_word' id='word_1_345' title='bbox 1921 1733 1962 1789; x_wconf 72' lang='grc' dir='ltr'><strong>Β</strong></span> <span class='ocrx_word' id='word_1_346' title='bbox 1998 1732 2150 1773; x_wconf 78' lang='lat' dir='ltr'><strong>nemo</strong></span> <span class='ocrx_word' id='word_1_347' title='bbox 2174 1721 2338 1787; x_wconf 74' lang='lat' dir='ltr'><strong>novit,</strong></span> <span class='ocrx_word' id='word_1_348' title='bbox 2379 1722 2482 1777; x_wconf 78' lang='lat' dir='ltr'><strong>nisi</strong></span> <span class='ocrx_word' id='word_1_349' title='bbox 2506 1720 2738 1791; x_wconf 82' lang='lat' dir='ltr'><strong>Spiritus</strong></span> <span class='ocrx_word' id='word_1_350' title='bbox 2765 1724 2855 1794; x_wconf 79' lang='lat' dir='ltr'><strong>qui</strong></span> <span class='ocrx_word' id='word_1_351' title='bbox 2886 1739 2953 1777; x_wconf 79' lang='lat' dir='ltr'><strong>ex</strong></span> <span class='ocrx_word' id='word_1_352' title='bbox 2982 1724 3094 1779; x_wconf 84' lang='lat' dir='ltr'><strong>Deo</strong></span> <span class='ocrx_word' id='word_1_353' title='bbox 3122 1736 3200 1780; x_wconf 77' lang='lat' dir='ltr'><strong>est</strong></span> <span class='ocrx_word' id='word_1_354' title='bbox 3231 1728 3273 1783; x_wconf 80' lang='grc'><strong>⁹.</strong></span> 
     </span>
    </p>
   </div>
   <div class='ocr_carea' id='block_1_48' title="bbox 2635 1816 2933 1884">
    <p class='ocr_par' dir='ltr' id='par_1_48' title="bbox 2635 1816 2933 1884">
     <span class='ocr_line' id='line_1_48' title="bbox 2635 1816 2933 1884; baseline 0.007 -15"><span class='ocrx_word' id='word_1_355' title='bbox 2635 1816 2807 1884; x_wconf 81' lang='lat' dir='ltr'><strong>Caput</strong></span> <span class='ocrx_word' id='word_1_356' title='bbox 2847 1816 2933 1871; x_wconf 77' lang='lat' dir='ltr'><strong>i9.</strong></span> 
     </span>
    </p>
   </div>
   <div class='ocr_carea' id='block_1_49' title="bbox 2073 1906 3570 1985">
    <p class='ocr_par' dir='ltr' id='par_1_49' title="bbox 2073 1906 3570 1985">
     <span class='ocr_line' id='line_1_49' title="bbox 2073 1906 3570 1985; baseline 0.006 -25"><span class='ocrx_word' id='word_1_357' title='bbox 2073 1907 2157 1962; x_wconf 87' lang='lat' dir='ltr'><strong>Sit</strong></span> <span class='ocrx_word' id='word_1_358' title='bbox 2222 1906 2322 1972; x_wconf 91' lang='lat' dir='ltr'><strong>ita,</strong></span> <span class='ocrx_word' id='word_1_359' title='bbox 2383 1908 2661 1977; x_wconf 86' lang='lat' dir='ltr'><strong>inquiunt,</strong></span> <span class='ocrx_word' id='word_1_360' title='bbox 2724 1916 2781 1962; x_wconf 90' lang='lat' dir='ltr'><strong>at</strong></span> <span class='ocrx_word' id='word_1_361' title='bbox 2817 1924 2881 1964; x_wconf 84' lang='lat' dir='ltr'><strong>ea</strong></span> <span class='ocrx_word' id='word_1_362' title='bbox 2951 1910 3124 1981; x_wconf 75' lang='lat' dir='ltr'><strong>gloria</strong></span> <span class='ocrx_word' id='word_1_363' title='bbox 3191 1912 3344 1968; x_wconf 91' lang='lat' dir='ltr'><strong>nullo</strong></span> <span class='ocrx_word' id='word_1_364' title='bbox 3412 1927 3570 1985; x_wconf 77' lang='lat' dir='ltr'><strong>pacto</strong></span> 
     </span>
    </p>
   </div>
   <div class='ocr_carea' id='block_1_50' title="bbox 1994 1987 3569 2073">
    <p class='ocr_par' dir='ltr' id='par_1_50' title="bbox 1994 1987 3569 2073">
     <span class='ocr_line' id='line_1_50' title="bbox 1994 1987 3569 2073; baseline 0.015 -29"><span class='ocrx_word' id='word_1_365' title='bbox 1994 1987 2228 2053; x_wconf 82' lang='lat' dir='ltr'><strong>debetur</strong></span> <span class='ocrx_word' id='word_1_366' title='bbox 2269 1991 2541 2062; x_wconf 87' lang='lat' dir='ltr'><strong>Spiritui,</strong></span> <span class='ocrx_word' id='word_1_367' title='bbox 2570 2005 2633 2050; x_wconf 89' lang='lat' dir='ltr'><strong>ut</strong></span> <span class='ocrx_word' id='word_1_368' title='bbox 2680 2011 2711 2051; x_wconf 89' lang='lat' dir='ltr'><strong>a</strong></span> <span class='ocrx_word' id='word_1_369' title='bbox 2761 2001 2922 2057; x_wconf 89' lang='lat' dir='ltr'><strong>nobis</strong></span> <span class='ocrx_word' id='word_1_370' title='bbox 2956 2003 3446 2073; x_wconf 79' lang='lat' dir='ltr'><strong>gloriticationibus</strong></span> <span class='ocrx_word' id='word_1_371' title='bbox 3496 2013 3569 2067; x_wconf 85' lang='lat' dir='ltr'><strong>sit</strong></span> 
     </span>
    </p>
   </div>
   <div class='ocr_carea' id='block_1_51' title="bbox 1993 2082 3568 2170">
    <p class='ocr_par' dir='ltr' id='par_1_51' title="bbox 1993 2082 3568 2170">
     <span class='ocr_line' id='line_1_51' title="bbox 1993 2082 3568 2170; baseline 0.014 -36"><span class='ocrx_word' id='word_1_372' title='bbox 1993 2082 2364 2138; x_wconf 78' lang='lat' dir='ltr'><strong>extollendus.</strong></span> <span class='ocrx_word' id='word_1_373' title='bbox 2396 2083 2555 2141; x_wconf 82' lang='lat' dir='ltr'><strong>Unde</strong></span> <span class='ocrx_word' id='word_1_374' title='bbox 2577 2087 2746 2159; x_wconf 79' lang='lat' dir='ltr'><strong>igitur</strong></span> <span class='ocrx_word' id='word_1_375' title='bbox 2775 2093 3060 2160; x_wconf 79' lang='lat' dir='ltr'><strong>probaturi</strong></span> <span class='ocrx_word' id='word_1_376' title='bbox 3101 2112 3290 2153; x_wconf 88' lang='lat' dir='ltr'><strong>sumus</strong></span> <span class='ocrx_word' id='word_1_377' title='bbox 3329 2102 3568 2170; x_wconf 78' lang='lat' dir='ltr'><strong>Spiritus</strong></span> 
     </span>
    </p>
   </div>
   <div class='ocr_carea' id='block_1_52' title="bbox 1991 2168 3565 2257">
    <p class='ocr_par' dir='ltr' id='par_1_52' title="bbox 1991 2168 3565 2257">
     <span class='ocr_line' id='line_1_52' title="bbox 1991 2168 3565 2257; baseline 0.016 -33"><span class='ocrx_word' id='word_1_378' title='bbox 1991 2168 2318 2240; x_wconf 79' lang='lat' dir='ltr'><strong>dignitatem</strong></span> <span class='ocrx_word' id='word_1_379' title='bbox 2379 2174 2721 2233; x_wconf 86' lang='lat' dir='ltr'><strong>intellectum</strong></span> <span class='ocrx_word' id='word_1_380' title='bbox 2785 2196 3000 2239; x_wconf 89' lang='lat' dir='ltr'><strong>onmem</strong></span> <span class='ocrx_word' id='word_1_381' title='bbox 3069 2168 3455 2257; x_wconf 77' lang='lat' dir='ltr'><strong>superantem,</strong></span> <span class='ocrx_word' id='word_1_382' title='bbox 3519 2198 3565 2249; x_wconf 87' lang='lat' dir='ltr'><strong>si</strong></span> 
     </span>
    </p>
   </div>
   <div class='ocr_carea' id='block_1_53' title="bbox 1991 2258 3566 2338">
    <p class='ocr_par' dir='ltr' id='par_1_53' title="bbox 1991 2258 3566 2338">
     <span class='ocr_line' id='line_1_53' title="bbox 1991 2258 3566 2338; baseline 0.017 -25"><span class='ocrx_word' id='word_1_383' title='bbox 1991 2258 2173 2318; x_wconf 85' lang='lat' dir='ltr'><strong>Patris</strong></span> <span class='ocrx_word' id='word_1_384' title='bbox 2202 2272 2258 2318; x_wconf 89' lang='lat' dir='ltr'><strong>et</strong></span> <span class='ocrx_word' id='word_1_385' title='bbox 2287 2264 2413 2320; x_wconf 86' lang='lat' dir='ltr'><strong>Filii</strong></span> <span class='ocrx_word' id='word_1_386' title='bbox 2445 2272 2758 2327; x_wconf 90' lang='lat' dir='ltr'><strong>communio</strong></span> <span class='ocrx_word' id='word_1_387' title='bbox 2785 2274 2902 2329; x_wconf 81' lang='lat' dir='ltr'><strong>visa</strong></span> <span class='ocrx_word' id='word_1_388' title='bbox 2927 2284 3011 2331; x_wconf 88' lang='lat' dir='ltr'><strong>est</strong></span> <span class='ocrx_word' id='word_1_389' title='bbox 3042 2276 3160 2332; x_wconf 82' lang='lat' dir='ltr'><strong>istis</strong></span> <span class='ocrx_word' id='word_1_390' title='bbox 3184 2282 3405 2338; x_wconf 88' lang='lat' dir='ltr'><strong>minime</strong></span> <span class='ocrx_word' id='word_1_391' title='bbox 3425 2286 3566 2338; x_wconf 84' lang='lat' dir='ltr'><strong>sum-</strong></span> 
     </span>
    </p>
   </div>
   <div class='ocr_carea' id='block_1_54' title="bbox 1988 2348 3562 2434">
    <p class='ocr_par' dir='ltr' id='par_1_54' title="bbox 1988 2348 3562 2434">
     <span class='ocr_line' id='line_1_54' title="bbox 1988 2348 3562 2434; baseline 0.017 -32"><span class='ocrx_word' id='word_1_392' title='bbox 1988 2348 2145 2405; x_wconf 86' lang='lat' dir='ltr'><strong>ciens</strong></span> <span class='ocrx_word' id='word_1_393' title='bbox 2173 2352 2241 2406; x_wconf 85' lang='lat' dir='ltr'><strong>ad</strong></span> <span class='ocrx_word' id='word_1_394' title='bbox 2275 2353 2327 2407; x_wconf 93' lang='lat' dir='ltr'><strong>id</strong></span> <span class='ocrx_word' id='word_1_395' title='bbox 2354 2356 2807 2415; x_wconf 75' lang='lat' dir='ltr'><strong>testiﬁcandum?</strong></span> <span class='ocrx_word' id='word_1_396' title='bbox 2838 2361 2983 2419; x_wconf 84' lang='lat' dir='ltr'><strong>Sane</strong></span> <span class='ocrx_word' id='word_1_397' title='bbox 3005 2380 3301 2434; x_wconf 87' lang='lat' dir='ltr'><strong>possumus</strong></span> <span class='ocrx_word' id='word_1_398' title='bbox 3326 2380 3382 2426; x_wconf 89' lang='lat' dir='ltr'><strong>et</strong></span> <span class='ocrx_word' id='word_1_399' title='bbox 3406 2375 3472 2428; x_wconf 90' lang='lat' dir='ltr'><strong>ad</strong></span> <span class='ocrx_word' id='word_1_400' title='bbox 3498 2390 3562 2429; x_wconf 86' lang='lat' dir='ltr'><strong>ea</strong></span> 
     </span>
    </p>
   </div>
   <div class='ocr_carea' id='block_1_55' title="bbox 1986 2444 3563 2525">
    <p class='ocr_par' dir='ltr' id='par_1_55' title="bbox 1986 2444 3563 2525">
     <span class='ocr_line' id='line_1_55' title="bbox 1986 2444 3563 2525; baseline 0.016 -32"><span class='ocrx_word' id='word_1_401' title='bbox 1986 2452 2111 2509; x_wconf 67' lang='lat' dir='ltr'><strong>quae</strong></span> <span class='ocrx_word' id='word_1_402' title='bbox 2152 2444 2469 2502; x_wconf 89' lang='lat' dir='ltr'><strong>nominibus</strong></span> <span class='ocrx_word' id='word_1_403' title='bbox 2522 2449 2905 2519; x_wconf 74' lang='lat' dir='ltr'><strong>signiﬁcantur</strong></span> <span class='ocrx_word' id='word_1_404' title='bbox 2954 2457 3346 2525; x_wconf 86' lang='lat' dir='ltr'><strong>respicientes,</strong></span> <span class='ocrx_word' id='word_1_405' title='bbox 3389 2472 3442 2517; x_wconf 89' lang='lat' dir='ltr'><strong>et</strong></span> <span class='ocrx_word' id='word_1_406' title='bbox 3493 2466 3563 2518; x_wconf 88' lang='lat' dir='ltr'><strong>ad</strong></span> 
     </span>
    </p>
   </div>
   <div class='ocr_carea' id='block_1_56' title="bbox 1984 2533 3560 2610">
    <p class='ocr_par' dir='ltr' id='par_1_56' title="bbox 1984 2533 3560 2610">
     <span class='ocr_line' id='line_1_56' title="bbox 1984 2533 3560 2610; baseline 0.015 -27"><span class='ocrx_word' id='word_1_407' title='bbox 1984 2533 2369 2599; x_wconf 88' lang='lat' dir='ltr'><strong>operationum</strong></span> <span class='ocrx_word' id='word_1_408' title='bbox 2421 2537 2542 2606; x_wconf 86' lang='lat' dir='ltr'><strong>ejus</strong></span> <span class='ocrx_word' id='word_1_409' title='bbox 2590 2541 3021 2610; x_wconf 79' lang='lat' dir='ltr'><strong>magnitudinem</strong></span> <span class='ocrx_word' id='word_1_410' title='bbox 3047 2585 3060 2608; x_wconf 93' lang='lat'><strong>,</strong></span> <span class='ocrx_word' id='word_1_411' title='bbox 3093 2553 3147 2600; x_wconf 91' lang='lat' dir='ltr'><strong>et</strong></span> <span class='ocrx_word' id='word_1_412' title='bbox 3176 2548 3245 2601; x_wconf 89' lang='lat' dir='ltr'><strong>ad</strong></span> <span class='ocrx_word' id='word_1_413' title='bbox 3298 2550 3560 2606; x_wconf 85' lang='lat' dir='ltr'><strong>beneﬁcia</strong></span> 
     </span>
    </p>
   </div>
   <div class='ocr_carea' id='block_1_57' title="bbox 1986 2624 3561 2700">
    <p class='ocr_par' dir='ltr' id='par_1_57' title="bbox 1986 2624 3561 2700">
     <span class='ocr_line' id='line_1_57' title="bbox 1986 2624 3561 2700; baseline 0.015 -25"><span class='ocrx_word' id='word_1_414' title='bbox 1986 2637 2108 2692; x_wconf 61' lang='lat' dir='ltr'><strong>qua:</strong></span> <span class='ocrx_word' id='word_1_415' title='bbox 2138 2624 2190 2676; x_wconf 84' lang='lat' dir='ltr'><strong>in</strong></span> <span class='ocrx_word' id='word_1_416' title='bbox 2237 2640 2372 2690; x_wconf 87' lang='lat' dir='ltr'><strong>nos,</strong></span> <span class='ocrx_word' id='word_1_417' title='bbox 2410 2627 2526 2682; x_wconf 92' lang='lat' dir='ltr'><strong>imo</strong></span> <span class='ocrx_word' id='word_1_418' title='bbox 2570 2645 2694 2700; x_wconf 66' lang='lat' dir='ltr'><strong>qua:</strong></span> <span class='ocrx_word' id='word_1_419' title='bbox 2732 2632 2786 2685; x_wconf 90' lang='lat' dir='ltr'><strong>in</strong></span> <span class='ocrx_word' id='word_1_420' title='bbox 2818 2647 3031 2689; x_wconf 89' lang='lat' dir='ltr'><strong>omnem</strong></span> <span class='ocrx_word' id='word_1_421' title='bbox 3072 2648 3380 2694; x_wconf 83' lang='lat' dir='ltr'><strong>creaturam</strong></span> <span class='ocrx_word' id='word_1_422' title='bbox 3427 2659 3561 2697; x_wconf 80' lang='lat' dir='ltr'><strong>con-</strong></span> 
     </span>
    </p>
   </div>
   <div class='ocr_carea' id='block_1_58' title="bbox 1986 2711 3556 2788">
    <p class='ocr_par' dir='ltr' id='par_1_58' title="bbox 1986 2711 3556 2788">
     <span class='ocr_line' id='line_1_58' title="bbox 1986 2711 3556 2788; baseline 0.016 -24"><span class='ocrx_word' id='word_1_423' title='bbox 1986 2711 2110 2775; x_wconf 81' lang='lat' dir='ltr'><strong>fert,</strong></span> <span class='ocrx_word' id='word_1_424' title='bbox 2153 2728 2251 2783; x_wconf 87' lang='lat' dir='ltr'><strong>pro</strong></span> <span class='ocrx_word' id='word_1_425' title='bbox 2280 2717 2502 2771; x_wconf 90' lang='lat' dir='ltr'><strong>modulo</strong></span> <span class='ocrx_word' id='word_1_426' title='bbox 2533 2728 2727 2775; x_wconf 90' lang='lat' dir='ltr'><strong>nostro</strong></span> <span class='ocrx_word' id='word_1_427' title='bbox 2759 2732 2966 2778; x_wconf 67' lang='lat' dir='ltr'><strong>natura:</strong></span> <span class='ocrx_word' id='word_1_428' title='bbox 2992 2726 3143 2782; x_wconf 89' lang='lat' dir='ltr'><strong>illius</strong></span> <span class='ocrx_word' id='word_1_429' title='bbox 3169 2730 3556 2788; x_wconf 87' lang='lat' dir='ltr'><strong>sublimitatem</strong></span> 
     </span>
    </p>
   </div>
   <div class='ocr_carea' id='block_1_59' title="bbox 1982 2807 3557 2892">
    <p class='ocr_par' dir='ltr' id='par_1_59' title="bbox 1982 2807 3557 2892">
     <span class='ocr_line' id='line_1_59' title="bbox 1982 2807 3557 2892; baseline 0.013 -36"><span class='ocrx_word' id='word_1_430' title='bbox 1982 2817 2047 2857; x_wconf 83' lang='lat' dir='ltr'><strong>ac</strong></span> <span class='ocrx_word' id='word_1_431' title='bbox 2079 2807 2379 2873; x_wconf 82' lang='lat' dir='ltr'><strong>potentiam</strong></span> <span class='ocrx_word' id='word_1_432' title='bbox 2429 2809 3041 2881; x_wconf 88' lang='lat' dir='ltr'><strong>incomprehensibilem</strong></span> <span class='ocrx_word' id='word_1_433' title='bbox 3074 2823 3373 2890; x_wconf 88' lang='lat' dir='ltr'><strong>percipere.</strong></span> <span class='ocrx_word' id='word_1_434' title='bbox 3431 2824 3557 2892; x_wconf 86' lang='lat' dir='ltr'><strong>Spi-</strong></span> 
     </span>
    </p>
   </div>
   <div class='ocr_carea' id='block_1_60' title="bbox 1979 2894 3552 2980">
    <p class='ocr_par' dir='ltr' id='par_1_60' title="bbox 1979 2894 3552 2980">
     <span class='ocr_line' id='line_1_60' title="bbox 1979 2894 3552 2980; baseline 0.012 -32"><span class='ocrx_word' id='word_1_435' title='bbox 1979 2894 2122 2951; x_wconf 85' lang='lat' dir='ltr'><strong>ritus</strong></span> <span class='ocrx_word' id='word_1_436' title='bbox 2154 2906 2380 2954; x_wconf 84' lang='lat' dir='ltr'><strong>vocatus</strong></span> <span class='ocrx_word' id='word_1_437' title='bbox 2411 2908 2516 2967; x_wconf 86' lang='lat' dir='ltr'><strong>est,</strong></span> <span class='ocrx_word' id='word_1_438' title='bbox 2548 2909 2608 2956; x_wconf 91' lang='lat' dir='ltr'><strong>ut</strong></span> <span class='ocrx_word' id='word_1_439' title='bbox 2630 2912 2715 2958; x_wconf 89' lang='lat' dir='ltr'><strong>est</strong></span> <span class='ocrx_word' id='word_1_440' title='bbox 2743 2907 2899 2972; x_wconf 91' lang='lat' dir='ltr'><strong>illud,</strong></span> <span class='ocrx_word' id='word_1_441' title='bbox 2932 2907 3165 2977; x_wconf 80' lang='lat' dir='ltr'><strong>Spiritus</strong></span> <span class='ocrx_word' id='word_1_442' title='bbox 3198 2912 3340 2967; x_wconf 81' lang='lat' dir='ltr'><strong>Deus</strong></span> <span class='ocrx_word' id='word_1_443' title='bbox 3380 2916 3403 2946; x_wconf 80' lang='grc'><strong>⁸</strong></span> <span class='ocrx_word' id='word_1_444' title='bbox 3430 2931 3444 2980; x_wconf 92' lang='lat'><strong>;</strong></span> <span class='ocrx_word' id='word_1_445' title='bbox 3480 2924 3552 2980; x_wconf 84' lang='lat' dir='ltr'><strong>et,</strong></span> 
     </span>
    </p>
   </div>
   <div class='ocr_carea' id='block_1_61' title="bbox 1979 2983 3552 3061">
    <p class='ocr_par' dir='ltr' id='par_1_61' title="bbox 1979 2983 3552 3061">
     <span class='ocr_line' id='line_1_61' title="bbox 1979 2983 3552 3061; baseline 0.011 -20"><span class='ocrx_word' id='word_1_446' title='bbox 1979 2983 2209 3056; x_wconf 83' lang='lat' dir='ltr'><strong>Spiritus</strong></span> <span class='ocrx_word' id='word_1_447' title='bbox 2240 2990 2410 3045; x_wconf 76' lang='lat' dir='ltr'><strong>vultus</strong></span> <span class='ocrx_word' id='word_1_448' title='bbox 2441 2994 2627 3057; x_wconf 79' lang='lat' dir='ltr'><strong>nostri,</strong></span> <span class='ocrx_word' id='word_1_449' title='bbox 2657 2995 2901 3052; x_wconf 75' lang='lat' dir='ltr'><strong>Christus</strong></span> <span class='ocrx_word' id='word_1_450' title='bbox 2938 2999 3190 3056; x_wconf 79' lang='lat' dir='ltr'><strong>Dominus</strong></span> <span class='ocrx_word' id='word_1_451' title='bbox 3242 3003 3280 3057; x_wconf 84' lang='grc'><strong>⁵.</strong></span> <span class='ocrx_word' id='word_1_452' title='bbox 3316 3006 3552 3061; x_wconf 85' lang='lat' dir='ltr'><strong>Sanctus</strong></span> 
     </span>
    </p>
   </div>
   <div class='ocr_carea' id='block_1_62' title="bbox 305 3075 1883 3155">
    <p class='ocr_par' dir='ltr' id='par_1_62' title="bbox 305 3084 1883 3155">
     <span class='ocr_line' id='line_1_62' title="bbox 305 3084 1883 3155; baseline 0.002 -18"><span class='ocrx_word' id='word_1_453' title='bbox 305 3085 426 3148; x_wconf 71' lang='grc' dir='ltr'>καὶ,</span> <span class='ocrx_word' id='word_1_454' title='bbox 464 3084 704 3154; x_wconf 79' lang='grc' dir='ltr'>Πνεῦμα</span> <span class='ocrx_word' id='word_1_455' title='bbox 744 3084 850 3139; x_wconf 82' lang='grc' dir='ltr'><strong>τοῦ</strong></span> <span class='ocrx_word' id='word_1_456' title='bbox 887 3085 1210 3153; x_wconf 75' lang='grc' dir='ltr'>προσώπου</span> <span class='ocrx_word' id='word_1_457' title='bbox 1246 3085 1434 3154; x_wconf 73' lang='grc' dir='ltr'>ἡμῶν,</span> <span class='ocrx_word' id='word_1_458' title='bbox 1485 3087 1745 3155; x_wconf 76' lang='grc' dir='ltr'>Χριστὸς</span> <span class='ocrx_word' id='word_1_459' title='bbox 1769 3087 1883 3141; x_wconf 83' lang='grc' dir='ltr'><strong>Κύ-</strong></span> 
     </span>
    </p>
   </div>
   <div class='ocr_carea' id='block_1_63' title="bbox 1980 3075 3552 3155">
    <p class='ocr_par' dir='ltr' id='par_1_63' title="bbox 1980 3075 3552 3153">
     <span class='ocr_line' id='line_1_63' title="bbox 1980 3075 3552 3153; baseline 0.013 -25"><span class='ocrx_word' id='word_1_460' title='bbox 1980 3075 2201 3141; x_wconf 89' lang='lat' dir='ltr'><strong>dicitur,</strong></span> <span class='ocrx_word' id='word_1_461' title='bbox 2237 3081 2699 3149; x_wconf 87' lang='lat' dir='ltr'><strong>quemadmodum</strong></span> <span class='ocrx_word' id='word_1_462' title='bbox 2738 3095 2967 3143; x_wconf 88' lang='lat' dir='ltr'><strong>sanctus</strong></span> <span class='ocrx_word' id='word_1_463' title='bbox 3025 3089 3206 3153; x_wconf 82' lang='lat' dir='ltr'><strong>Pater,</strong></span> <span class='ocrx_word' id='word_1_464' title='bbox 3242 3100 3296 3145; x_wconf 90' lang='lat' dir='ltr'><strong>et</strong></span> <span class='ocrx_word' id='word_1_465' title='bbox 3328 3105 3552 3149; x_wconf 78' lang='lat' dir='ltr'><strong>sanctus</strong></span> 
     </span>
    </p>
   </div>
   <div class='ocr_carea' id='block_1_64' title="bbox 295 3176 1881 3249">
    <p class='ocr_par' dir='ltr' id='par_1_64' title="bbox 295 3176 1881 3249">
     <span class='ocr_line' id='line_1_64' title="bbox 295 3176 1881 3249; baseline 0.002 -20"><span class='ocrx_word' id='word_1_466' title='bbox 295 3194 458 3246; x_wconf 81' lang='grc' dir='ltr'>ριος.</span> <span class='ocrx_word' id='word_1_467' title='bbox 489 3176 709 3246; x_wconf 77' lang='grc' dir='ltr'>Ἃγιον·</span> <span class='ocrx_word' id='word_1_468' title='bbox 742 3179 817 3241; x_wconf 82' lang='grc' dir='ltr'>ὡς</span> <span class='ocrx_word' id='word_1_469' title='bbox 838 3180 993 3247; x_wconf 73' lang='grc' dir='ltr'>ἅγιος</span> <span class='ocrx_word' id='word_1_470' title='bbox 1039 3182 1067 3234; x_wconf 91' lang='lat'><strong>6</strong></span> <span class='ocrx_word' id='word_1_471' title='bbox 1100 3177 1309 3249; x_wconf 80' lang='grc' dir='ltr'>Πατὴρ,</span> <span class='ocrx_word' id='word_1_472' title='bbox 1346 3178 1438 3232; x_wconf 72' lang='grc' dir='ltr'>καὶ</span> <span class='ocrx_word' id='word_1_473' title='bbox 1469 3178 1623 3247; x_wconf 70' lang='grc' dir='ltr'>ἅγιος</span> <span class='ocrx_word' id='word_1_474' title='bbox 1660 3178 1690 3230; x_wconf 92' lang='lat'><strong>6</strong></span> <span class='ocrx_word' id='word_1_475' title='bbox 1734 3179 1881 3243; x_wconf 80' lang='grc' dir='ltr'>Υἱός.</span> 
     </span>
    </p>
   </div>
   <div class='ocr_carea' id='block_1_65' title="bbox 304 3267 1879 3341">
    <p class='ocr_par' dir='ltr' id='par_1_65' title="bbox 304 3267 1879 3341">
     <span class='ocr_line' id='line_1_65' title="bbox 304 3267 1879 3341; baseline 0.001 -22"><span class='ocrx_word' id='word_1_476' title='bbox 304 3268 390 3338; x_wconf 82' lang='grc' dir='ltr'><strong>Τῇ</strong></span> <span class='ocrx_word' id='word_1_477' title='bbox 429 3268 525 3337; x_wconf 86' lang='grc' dir='ltr'>μὲν</span> <span class='ocrx_word' id='word_1_478' title='bbox 552 3268 661 3340; x_wconf 83' lang='grc' dir='ltr'>γὰρ</span> <span class='ocrx_word' id='word_1_479' title='bbox 684 3270 857 3322; x_wconf 84' lang='grc' dir='ltr'>κτίσει</span> <span class='ocrx_word' id='word_1_480' title='bbox 882 3269 1145 3341; x_wconf 74' lang='grc' dir='ltr'>ἑτέρωθεν</span> <span class='ocrx_word' id='word_1_481' title='bbox 1178 3268 1477 3340; x_wconf 69' lang='grc' dir='ltr'>ὲπεισήγθη</span> <span class='ocrx_word' id='word_1_482' title='bbox 1510 3269 1539 3320; x_wconf 94' lang='lat'><strong>6</strong></span> <span class='ocrx_word' id='word_1_483' title='bbox 1579 3267 1879 3339; x_wconf 80' lang='grc' dir='ltr'>ἁγιασμός’</span> 
     </span>
    </p>
   </div>
   <div class='ocr_carea' id='block_1_66' title="bbox 302 3359 1880 3434">
    <p class='ocr_par' dir='ltr' id='par_1_66' title="bbox 302 3359 1880 3434">
     <span class='ocr_line' id='line_1_66' title="bbox 302 3359 1880 3434; baseline 0.002 -22"><span class='ocrx_word' id='word_1_484' title='bbox 302 3359 389 3430; x_wconf 80' lang='grc' dir='ltr'>τῷ</span> <span class='ocrx_word' id='word_1_485' title='bbox 413 3360 470 3412; x_wconf 82' lang='grc' dir='ltr'><strong>δὲ</strong></span> <span class='ocrx_word' id='word_1_486' title='bbox 493 3361 768 3432; x_wconf 80' lang='grc' dir='ltr'>Πνεύματι</span> <span class='ocrx_word' id='word_1_487' title='bbox 803 3362 1233 3433; x_wconf 85' lang='grc' dir='ltr'>συμπληρωτικὴ</span> <span class='ocrx_word' id='word_1_488' title='bbox 1266 3362 1367 3431; x_wconf 86' lang='grc' dir='ltr'>τῆς</span> <span class='ocrx_word' id='word_1_489' title='bbox 1403 3361 1620 3431; x_wconf 84' lang='grc' dir='ltr'>φύσεώς</span> <span class='ocrx_word' id='word_1_490' title='bbox 1663 3362 1811 3415; x_wconf 74' lang='grc' dir='ltr'>ἐστιν</span> <span class='ocrx_word' id='word_1_491' title='bbox 1845 3363 1880 3434; x_wconf 79' lang='grc' dir='ltr'><strong>ἡ</strong></span> 
     </span>
    </p>
   </div>
   <div class='ocr_carea' id='block_1_67' title="bbox 305 3449 1884 3521">
    <p class='ocr_par' dir='ltr' id='par_1_67' title="bbox 305 3449 1884 3521">
     <span class='ocr_line' id='line_1_67' title="bbox 305 3449 1884 3521; baseline 0.002 -19"><span class='ocrx_word' id='word_1_492' title='bbox 305 3449 556 3518; x_wconf 77' lang='grc' dir='ltr'>ἀγιότης.</span> <span class='ocrx_word' id='word_1_493' title='bbox 601 3450 798 3520; x_wconf 85' lang='grc' dir='ltr'>Διόπερ</span> <span class='ocrx_word' id='word_1_494' title='bbox 835 3451 954 3521; x_wconf 80' lang='grc' dir='ltr'>οὐχὶ</span> <span class='ocrx_word' id='word_1_495' title='bbox 997 3450 1355 3521; x_wconf 78' lang='grc' dir='ltr'>ἀγιαζόμενόν</span> <span class='ocrx_word' id='word_1_496' title='bbox 1385 3452 1552 3514; x_wconf 75' lang='grc' dir='ltr'>ἐστιν,</span> <span class='ocrx_word' id='word_1_497' title='bbox 1582 3451 1696 3505; x_wconf 82' lang='grc' dir='ltr'>ἀλλ’</span> <span class='ocrx_word' id='word_1_498' title='bbox 1723 3452 1884 3517; x_wconf 80' lang='grc' dir='ltr'>ἁγιά-</span> 
     </span>
    </p>
   </div>
   <div class='ocr_carea' id='block_1_68' title="bbox 304 3538 1882 3614">
    <p class='ocr_par' dir='ltr' id='par_1_68' title="bbox 304 3538 1882 3614">
     <span class='ocr_line' id='line_1_68' title="bbox 304 3538 1882 3614; baseline 0.001 -23"><span class='ocrx_word' id='word_1_499' title='bbox 304 3539 424 3605; x_wconf 86' lang='grc' dir='ltr'>ζον.</span> <span class='ocrx_word' id='word_1_500' title='bbox 466 3538 722 3606; x_wconf 74' lang='grc' dir='ltr'>Ἀγαθόνο</span> <span class='ocrx_word' id='word_1_501' title='bbox 749 3539 825 3601; x_wconf 81' lang='grc' dir='ltr'>ὡς</span> <span class='ocrx_word' id='word_1_502' title='bbox 850 3538 1050 3606; x_wconf 79' lang='grc' dir='ltr'>ἀγαθὸς</span> <span class='ocrx_word' id='word_1_503' title='bbox 1082 3542 1109 3593; x_wconf 89' lang='lat'><strong>6</strong></span> <span class='ocrx_word' id='word_1_504' title='bbox 1142 3541 1354 3614; x_wconf 80' lang='grc' dir='ltr'>Πατὴρ,</span> <span class='ocrx_word' id='word_1_505' title='bbox 1395 3540 1489 3595; x_wconf 69' lang='grc' dir='ltr'>καὶ</span> <span class='ocrx_word' id='word_1_506' title='bbox 1525 3541 1726 3609; x_wconf 79' lang='grc' dir='ltr'>ἀγαθὸς</span> <span class='ocrx_word' id='word_1_507' title='bbox 1758 3542 1787 3594; x_wconf 92' lang='lat'><strong>6</strong></span> <span class='ocrx_word' id='word_1_508' title='bbox 1818 3541 1882 3593; x_wconf 79' lang='grc' dir='ltr'>ἐκ</span> 
     </span>
    </p>
   </div>
   <div class='ocr_carea' id='block_1_69' title="bbox 300 3629 1882 3702">
    <p class='ocr_par' dir='ltr' id='par_1_69' title="bbox 300 3629 1882 3702">
     <span class='ocr_line' id='line_1_69' title="bbox 300 3629 1882 3702; baseline -0.001 -19"><span class='ocrx_word' id='word_1_509' title='bbox 300 3630 400 3684; x_wconf 81' lang='grc' dir='ltr'><strong>τοῦ</strong></span> <span class='ocrx_word' id='word_1_510' title='bbox 424 3629 626 3698; x_wconf 82' lang='grc' dir='ltr'>ἀγαθοῦ</span> <span class='ocrx_word' id='word_1_511' title='bbox 656 3630 964 3701; x_wconf 87' lang='grc' dir='ltr'>γεννηθείς·</span> <span class='ocrx_word' id='word_1_512' title='bbox 1007 3630 1194 3683; x_wconf 84' lang='grc' dir='ltr'>οὐσίαν</span> <span class='ocrx_word' id='word_1_513' title='bbox 1240 3631 1362 3701; x_wconf 73' lang='grc' dir='ltr'>ἕχον</span> <span class='ocrx_word' id='word_1_514' title='bbox 1545 3631 1642 3702; x_wconf 80' lang='grc' dir='ltr'><strong>τὴν</strong></span> <span class='ocrx_word' id='word_1_515' title='bbox 1681 3630 1882 3696; x_wconf 80' lang='grc' dir='ltr'>ἀγαθό-</span> 
     </span>
    </p>
   </div>
   <div class='ocr_carea' id='block_1_70' title="bbox 302 3715 1880 3791">
    <p class='ocr_par' dir='ltr' id='par_1_70' title="bbox 302 3715 1880 3791">
     <span class='ocr_line' id='line_1_70' title="bbox 302 3715 1880 3791; baseline -0.001 -19"><span class='ocrx_word' id='word_1_516' title='bbox 302 3737 465 3791; x_wconf 75' lang='grc' dir='ltr'>τητα.</span> <span class='ocrx_word' id='word_1_517' title='bbox 502 3719 704 3784; x_wconf 79' lang='grc' dir='ltr'><strong>Εὑθές·</strong></span> <span class='ocrx_word' id='word_1_518' title='bbox 752 3719 828 3782; x_wconf 85' lang='grc' dir='ltr'>ὡς</span> <span class='ocrx_word' id='word_1_519' title='bbox 873 3719 1038 3789; x_wconf 78' lang='grc' dir='ltr'>εὑθὴς</span> <span class='ocrx_word' id='word_1_520' title='bbox 1082 3720 1287 3790; x_wconf 81' lang='grc' dir='ltr'>Κύριος</span> <span class='ocrx_word' id='word_1_521' title='bbox 1328 3723 1357 3774; x_wconf 93' lang='lat'><strong>6</strong></span> <span class='ocrx_word' id='word_1_522' title='bbox 1403 3720 1569 3782; x_wconf 69' lang='grc' dir='ltr'>θεός*</span> <span class='ocrx_word' id='word_1_523' title='bbox 1609 3719 1688 3789; x_wconf 86' lang='grc' dir='ltr'>τῷ</span> <span class='ocrx_word' id='word_1_524' title='bbox 1741 3715 1880 3772; x_wconf 77' lang='grc' dir='ltr'>εἶναι</span> 
     </span>
    </p>
   </div>
   <div class='ocr_carea' id='block_1_71' title="bbox 301 3806 1880 3883">
    <p class='ocr_par' dir='ltr' id='par_1_71' title="bbox 301 3806 1880 3883">
     <span class='ocr_line' id='line_1_71' title="bbox 301 3806 1880 3883; baseline -0.004 -19"><span class='ocrx_word' id='word_1_525' title='bbox 301 3810 684 3883; x_wconf 81' lang='grc' dir='ltr'>αὐτοαλήθεια,</span> <span class='ocrx_word' id='word_1_526' title='bbox 731 3810 825 3862; x_wconf 74' lang='grc' dir='ltr'>καὶ</span> <span class='ocrx_word' id='word_1_527' title='bbox 862 3808 1328 3878; x_wconf 79' lang='grc' dir='ltr'>αὐτοδικαιοσύνη,</span> <span class='ocrx_word' id='word_1_528' title='bbox 1365 3806 1758 3879; x_wconf 73' lang='grc' dir='ltr'>παρεκτροπὰς</span> <span class='ocrx_word' id='word_1_529' title='bbox 1786 3806 1880 3860; x_wconf 73' lang='grc' dir='ltr'>ἐπὶ</span> 
     </span>
    </p>
   </div>
   <div class='ocr_carea' id='block_1_72' title="bbox 301 3896 1881 3975">
    <p class='ocr_par' dir='ltr' id='par_1_72' title="bbox 301 3896 1881 3975">
     <span class='ocr_line' id='line_1_72' title="bbox 301 3896 1881 3975; baseline -0.006 -17"><span class='ocrx_word' id='word_1_530' title='bbox 301 3904 511 3975; x_wconf 76' lang='grc' dir='ltr'>θάτερα</span> <span class='ocrx_word' id='word_1_531' title='bbox 540 3904 635 3957; x_wconf 72' lang='grc' dir='ltr'><strong>καὶ</strong></span> <span class='ocrx_word' id='word_1_532' title='bbox 658 3901 928 3966; x_wconf 79' lang='grc' dir='ltr'>ἐκκλίσεις</span> <span class='ocrx_word' id='word_1_533' title='bbox 953 3902 1053 3954; x_wconf 83' lang='grc' dir='ltr'><strong>οὐκ</strong></span> <span class='ocrx_word' id='word_1_534' title='bbox 1076 3900 1218 3970; x_wconf 71' lang='grc' dir='ltr'>ἔχον,</span> <span class='ocrx_word' id='word_1_535' title='bbox 1254 3900 1343 3954; x_wconf 76' lang='grc' dir='ltr'><strong>διὰ</strong></span> <span class='ocrx_word' id='word_1_536' title='bbox 1375 3900 1435 3953; x_wconf 75' lang='grc' dir='ltr'>τὸ</span> <span class='ocrx_word' id='word_1_537' title='bbox 1476 3901 1745 3970; x_wconf 77' lang='grc' dir='ltr'>ἄτρεπτον</span> <span class='ocrx_word' id='word_1_538' title='bbox 1779 3896 1881 3966; x_wconf 75' lang='grc' dir='ltr'>τῆς</span> 
     </span>
    </p>
   </div>
   <div class='ocr_carea' id='block_1_73' title="bbox 299 3988 1877 4065">
    <p class='ocr_par' dir='ltr' id='par_1_73' title="bbox 299 3988 1877 4065">
     <span class='ocr_line' id='line_1_73' title="bbox 299 3988 1877 4065; baseline -0.006 -16"><span class='ocrx_word' id='word_1_539' title='bbox 299 3995 510 4058; x_wconf 81' lang='grc' dir='ltr'>οὐσίας.</span> <span class='ocrx_word' id='word_1_540' title='bbox 551 3993 940 4065; x_wconf 68' lang='grc' dir='ltr'>Παράκλητοςυ</span> <span class='ocrx_word' id='word_1_541' title='bbox 994 3993 1069 4056; x_wconf 86' lang='grc' dir='ltr'>ὡς</span> <span class='ocrx_word' id='word_1_542' title='bbox 1104 3995 1130 4046; x_wconf 88' lang='lat'><strong>6</strong></span> <span class='ocrx_word' id='word_1_543' title='bbox 1163 3992 1507 4061; x_wconf 82' lang='grc' dir='ltr'>Μονογενής·</span> <span class='ocrx_word' id='word_1_544' title='bbox 1563 3989 1743 4052; x_wconf 83' lang='grc' dir='ltr'>καθὼς</span> <span class='ocrx_word' id='word_1_545' title='bbox 1785 3988 1877 4041; x_wconf 82' lang='grc' dir='ltr'>αὐ-</span> 
     </span>
    </p>
   </div>
   <div class='ocr_carea' id='block_1_74' title="bbox 297 4079 1876 4155">
    <p class='ocr_par' dir='ltr' id='par_1_74' title="bbox 297 4079 1876 4155">
     <span class='ocr_line' id='line_1_74' title="bbox 297 4079 1876 4155; baseline -0.006 -15"><span class='ocrx_word' id='word_1_546' title='bbox 297 4088 395 4150; x_wconf 85' lang='grc' dir='ltr'><strong>τός</strong></span> <span class='ocrx_word' id='word_1_547' title='bbox 556 4102 738 4155; x_wconf 83' lang='grc' dir='ltr'>φησιν,</span> <span class='ocrx_word' id='word_1_548' title='bbox 758 4086 839 4139; x_wconf 84' lang='grc' dir='ltr'>ὅτι</span> <span class='ocrx_word' id='word_1_549' title='bbox 867 4083 1007 4153; x_wconf 80' lang='grc' dir='ltr'><strong>Ἐγὼ</strong></span> <span class='ocrx_word' id='word_1_550' title='bbox 1039 4081 1317 4153; x_wconf 80' lang='grc' dir='ltr'>ἐρωτήσω</span> <span class='ocrx_word' id='word_1_551' title='bbox 1344 4081 1453 4135; x_wconf 78' lang='grc' dir='ltr'>τὸν</span> <span class='ocrx_word' id='word_1_552' title='bbox 1492 4079 1722 4147; x_wconf 80' lang='grc' dir='ltr'>Πατέρα</span> <span class='ocrx_word' id='word_1_553' title='bbox 1737 4095 1876 4148; x_wconf 79' lang='grc' dir='ltr'>μου.</span> 
     </span>
    </p>
   </div>
   <div class='ocr_carea' id='block_1_75' title="bbox 297 4173 1879 4248">
    <p class='ocr_par' dir='ltr' id='par_1_75' title="bbox 297 4173 1879 4248">
     <span class='ocr_line' id='line_1_75' title="bbox 297 4173 1879 4248; baseline -0.006 -13"><span class='ocrx_word' id='word_1_554' title='bbox 297 4181 399 4236; x_wconf 76' lang='grc' dir='ltr'>καὶ</span> <span class='ocrx_word' id='word_1_555' title='bbox 427 4179 601 4233; x_wconf 83' lang='grc' dir='ltr'>δώσει</span> <span class='ocrx_word' id='word_1_556' title='bbox 626 4178 771 4248; x_wconf 81' lang='grc' dir='ltr'>ὑμῖν</span> <span class='ocrx_word' id='word_1_557' title='bbox 802 4180 998 4233; x_wconf 71' lang='grc' dir='ltr'>ἄλλον</span> <span class='ocrx_word' id='word_1_558' title='bbox 1026 4177 1432 4247; x_wconf 78' lang='grc' dir='ltr'>Παράκλητον.</span> <span class='ocrx_word' id='word_1_559' title='bbox 1453 4176 1609 4230; x_wconf 78' lang='grc' dir='ltr'>Οὕτω</span> <span class='ocrx_word' id='word_1_560' title='bbox 1634 4174 1788 4230; x_wconf 77' lang='grc' dir='ltr'>κοινὰ</span> <span class='ocrx_word' id='word_1_561' title='bbox 1810 4173 1879 4226; x_wconf 72' lang='grc' dir='ltr'>τὰ</span> 
     </span>
    </p>
   </div>
   <div class='ocr_carea' id='block_1_76' title="bbox 298 4265 1878 4344">
    <p class='ocr_par' dir='ltr' id='par_1_76' title="bbox 298 4265 1878 4344">
     <span class='ocr_line' id='line_1_76' title="bbox 298 4265 1878 4344; baseline -0.006 -17"><span class='ocrx_word' id='word_1_562' title='bbox 298 4273 541 4343; x_wconf 78' lang='grc' dir='ltr'>ὀνόματα</span> <span class='ocrx_word' id='word_1_563' title='bbox 565 4273 700 4344; x_wconf 74' lang='grc' dir='ltr'>πρὸς</span> <span class='ocrx_word' id='word_1_564' title='bbox 730 4270 951 4341; x_wconf 83' lang='grc' dir='ltr'>Πατέρα</span> <span class='ocrx_word' id='word_1_565' title='bbox 974 4271 1068 4323; x_wconf 69' lang='grc' dir='ltr'>καὶ</span> <span class='ocrx_word' id='word_1_566' title='bbox 1098 4270 1224 4323; x_wconf 78' lang='grc' dir='ltr'>Υἱδν</span> <span class='ocrx_word' id='word_1_567' title='bbox 1246 4269 1324 4339; x_wconf 85' lang='grc' dir='ltr'>τῷ</span> <span class='ocrx_word' id='word_1_568' title='bbox 1356 4267 1653 4338; x_wconf 83' lang='grc' dir='ltr'>Πνεύματι,</span> <span class='ocrx_word' id='word_1_569' title='bbox 1693 4267 1756 4318; x_wconf 84' lang='grc' dir='ltr'>ὲκ</span> <span class='ocrx_word' id='word_1_570' title='bbox 1777 4265 1878 4335; x_wconf 84' lang='grc' dir='ltr'>τῆς</span> 
     </span>
    </p>
   </div>
   <div class='ocr_carea' id='block_1_77' title="bbox 300 4353 1879 4433">
    <p class='ocr_par' dir='ltr' id='par_1_77' title="bbox 300 4353 1879 4433">
     <span class='ocr_line' id='line_1_77' title="bbox 300 4353 1879 4433; baseline -0.006 -17"><span class='ocrx_word' id='word_1_571' title='bbox 300 4363 446 4416; x_wconf 67' lang='grc' dir='ltr'>κειτά</span> <span class='ocrx_word' id='word_1_572' title='bbox 482 4360 579 4433; x_wconf 80' lang='grc' dir='ltr'>τὴν</span> <span class='ocrx_word' id='word_1_573' title='bbox 619 4361 781 4429; x_wconf 83' lang='grc' dir='ltr'>φύσιν</span> <span class='ocrx_word' id='word_1_574' title='bbox 813 4359 1140 4428; x_wconf 84' lang='grc' dir='ltr'>οίκειότητος</span> <span class='ocrx_word' id='word_1_575' title='bbox 1185 4357 1291 4412; x_wconf 77' lang='grc' dir='ltr'><strong>τῶν</strong></span> <span class='ocrx_word' id='word_1_576' title='bbox 1332 4355 1712 4427; x_wconf 83' lang='grc' dir='ltr'>προσηγοριῶν</span> <span class='ocrx_word' id='word_1_577' title='bbox 1753 4353 1879 4407; x_wconf 74' lang='grc' dir='ltr'>τού-</span> 
     </span>
    </p>
   </div>
   <div class='ocr_carea' id='block_1_78' title="bbox 295 4446 1942 4530">
    <p class='ocr_par' dir='ltr' id='par_1_78' title="bbox 295 4446 1942 4530">
     <span class='ocr_line' id='line_1_78' title="bbox 295 4446 1942 4530; baseline -0.004 -23"><span class='ocrx_word' id='word_1_578' title='bbox 295 4471 408 4507; x_wconf 83' lang='grc' dir='ltr'><strong>των</strong></span> <span class='ocrx_word' id='word_1_579' title='bbox 441 4454 675 4524; x_wconf 83' lang='grc' dir='ltr'>τυχόντι.</span> <span class='ocrx_word' id='word_1_580' title='bbox 703 4452 877 4505; x_wconf 82' lang='grc' dir='ltr'>Πόθεν</span> <span class='ocrx_word' id='word_1_581' title='bbox 903 4451 1013 4523; x_wconf 82' lang='grc' dir='ltr'>γὰρ</span> <span class='ocrx_word' id='word_1_582' title='bbox 1042 4450 1263 4505; x_wconf 86' lang='grc' dir='ltr'>ἂλλοθεν</span> <span class='ocrx_word' id='word_1_583' title='bbox 1285 4466 1298 4511; x_wconf 84' lang='grc'>;</span> <span class='ocrx_word' id='word_1_584' title='bbox 1323 4449 1491 4502; x_wconf 86' lang='grc' dir='ltr'>Πάλιν</span> <span class='ocrx_word' id='word_1_585' title='bbox 1524 4446 1873 4519; x_wconf 74' lang='grc' dir='ltr'>ἡγεμονικὸν,</span> <span class='ocrx_word' id='word_1_586' title='bbox 1902 4475 1942 4530; x_wconf 79' lang='lat' dir='ltr'><strong>D</strong></span> 
     </span>
    </p>
   </div>
   <div class='ocr_carea' id='block_1_79' title="bbox 297 4537 1877 4614">
    <p class='ocr_par' dir='ltr' id='par_1_79' title="bbox 297 4537 1877 4614">
     <span class='ocr_line' id='line_1_79' title="bbox 297 4537 1877 4614; baseline -0.005 -16"><span class='ocrx_word' id='word_1_587' title='bbox 297 4546 393 4599; x_wconf 74' lang='grc' dir='ltr'><strong>καὶ</strong></span> <span class='ocrx_word' id='word_1_588' title='bbox 434 4542 660 4614; x_wconf 80' lang='grc' dir='ltr'>Πνεῦμα</span> <span class='ocrx_word' id='word_1_589' title='bbox 689 4544 790 4613; x_wconf 76' lang='grc' dir='ltr'>τῆς</span> <span class='ocrx_word' id='word_1_590' title='bbox 824 4543 1100 4614; x_wconf 83' lang='grc' dir='ltr'>ἀληθείας,</span> <span class='ocrx_word' id='word_1_591' title='bbox 1130 4542 1224 4593; x_wconf 76' lang='grc' dir='ltr'><strong>καὶ</strong></span> <span class='ocrx_word' id='word_1_592' title='bbox 1264 4538 1486 4609; x_wconf 79' lang='grc' dir='ltr'>Πνεῦμα</span> <span class='ocrx_word' id='word_1_593' title='bbox 1517 4540 1710 4607; x_wconf 77' lang='grc' dir='ltr'>σοφίας</span> <span class='ocrx_word' id='word_1_594' title='bbox 1741 4537 1877 4591; x_wconf 79' lang='grc' dir='ltr'>ὠνό-</span> 
     </span>
    </p>
   </div>
   <div class='ocr_carea' id='block_1_80' title="bbox 298 4629 1875 4718">
    <p class='ocr_par' dir='ltr' id='par_1_80' title="bbox 298 4629 1875 4718">
     <span class='ocr_line' id='line_1_80' title="bbox 298 4629 1875 4718; baseline -0.004 -29"><span class='ocrx_word' id='word_1_595' title='bbox 298 4653 523 4709; x_wconf 87' lang='grc' dir='ltr'>μασται.</span> <span class='ocrx_word' id='word_1_596' title='bbox 571 4636 812 4704; x_wconf 79' lang='grc' dir='ltr'>Πνεῦμα</span> <span class='ocrx_word' id='word_1_597' title='bbox 851 4634 1011 4689; x_wconf 79' lang='grc' dir='ltr'>θεῖον</span> <span class='ocrx_word' id='word_1_598' title='bbox 1047 4633 1114 4686; x_wconf 80' lang='grc' dir='ltr'>τὸ</span> <span class='ocrx_word' id='word_1_599' title='bbox 1142 4630 1409 4718; x_wconf 65' lang='lat' dir='ltr'><strong>natiiqu</strong></span> <span class='ocrx_word' id='word_1_600' title='bbox 1436 4648 1530 4700; x_wconf 82' lang='grc' dir='ltr'>με.</span> <span class='ocrx_word' id='word_1_601' title='bbox 1588 4632 1718 4691; x_wconf 71' lang='grc' dir='ltr'>Καὶ,</span> <span class='ocrx_word' id='word_1_602' title='bbox 1763 4629 1875 4683; x_wconf 77' lang='grc' dir='ltr'><strong>Τὸν</strong></span> 
     </span>
    </p>
   </div>
   <div class='ocr_carea' id='block_1_81' title="bbox 292 4719 1874 4796">
    <p class='ocr_par' dir='ltr' id='par_1_81' title="bbox 292 4719 1874 4796">
     <span class='ocr_line' id='line_1_81' title="bbox 292 4719 1874 4796; baseline -0.006 -15"><span class='ocrx_word' id='word_1_603' title='bbox 292 4726 608 4794; x_wconf 72' lang='grc' dir='ltr'><strong>Βεσελεὴλ</strong></span> <span class='ocrx_word' id='word_1_604' title='bbox 637 4726 724 4790; x_wconf 78' lang='grc' dir='ltr'>δὲ,</span> <span class='ocrx_word' id='word_1_605' title='bbox 762 4726 945 4796; x_wconf 58' lang='grc' dir='ltr'>φησιν,</span> <span class='ocrx_word' id='word_1_606' title='bbox 991 4723 1334 4790; x_wconf 74' lang='grc' dir='ltr'>ἐνέπλησεν</span> <span class='ocrx_word' id='word_1_607' title='bbox 1377 4724 1410 4774; x_wconf 83' lang='grc' dir='ltr'><strong>ό</strong></span> <span class='ocrx_word' id='word_1_608' title='bbox 1457 4719 1601 4785; x_wconf 75' lang='grc' dir='ltr'>Θεὸς</span> <span class='ocrx_word' id='word_1_609' title='bbox 1632 4719 1874 4788; x_wconf 79' lang='grc' dir='ltr'>Πνεῦμα</span> 
     </span>
    </p>
   </div>
   <div class='ocr_carea' id='block_1_82' title="bbox 295 4809 1874 4887">
    <p class='ocr_par' dir='ltr' id='par_1_82' title="bbox 295 4809 1874 4887">
     <span class='ocr_line' id='line_1_82' title="bbox 295 4809 1874 4887; baseline -0.006 -14"><span class='ocrx_word' id='word_1_610' title='bbox 295 4818 460 4873; x_wconf 79' lang='grc' dir='ltr'>θεῖον</span> <span class='ocrx_word' id='word_1_611' title='bbox 495 4818 716 4887; x_wconf 63' lang='grc' dir='ltr'>σοφίας</span> <span class='ocrx_word' id='word_1_612' title='bbox 760 4816 857 4869; x_wconf 81' lang='grc' dir='ltr'>καὶ</span> <span class='ocrx_word' id='word_1_613' title='bbox 897 4813 1203 4879; x_wconf 81' lang='grc' dir='ltr'>συνέσεως</span> <span class='ocrx_word' id='word_1_614' title='bbox 1245 4814 1343 4867; x_wconf 80' lang='grc' dir='ltr'>καὶ</span> <span class='ocrx_word' id='word_1_615' title='bbox 1396 4811 1750 4880; x_wconf 80' lang='grc' dir='ltr'>ἐπιστήμης.</span> <span class='ocrx_word' id='word_1_616' title='bbox 1792 4809 1874 4863; x_wconf 75' lang='grc' dir='ltr'>Τὰ</span> 
     </span>
    </p>
   </div>
   <div class='ocr_carea' id='block_1_83' title="bbox 298 4901 1873 4979">
    <p class='ocr_par' dir='ltr' id='par_1_83' title="bbox 298 4901 1873 4979">
     <span class='ocr_line' id='line_1_83' title="bbox 298 4901 1873 4979; baseline -0.006 -18"><span class='ocrx_word' id='word_1_617' title='bbox 298 4910 401 4979; x_wconf 78' lang='grc' dir='ltr'>μὲν</span> <span class='ocrx_word' id='word_1_618' title='bbox 451 4904 544 4961; x_wconf 70' lang='grc' dir='ltr'><strong>οὖν</strong></span> <span class='ocrx_word' id='word_1_619' title='bbox 598 4908 837 4979; x_wconf 87' lang='grc' dir='ltr'>ὀνόματα</span> <span class='ocrx_word' id='word_1_620' title='bbox 888 4905 1107 4959; x_wconf 84' lang='grc' dir='ltr'>τοιαῦτα</span> <span class='ocrx_word' id='word_1_621' title='bbox 1319 4902 1569 4974; x_wconf 78' lang='grc' dir='ltr'>ὑπερφυῆ</span> <span class='ocrx_word' id='word_1_622' title='bbox 1614 4901 1710 4954; x_wconf 78' lang='grc' dir='ltr'>καὶ</span> <span class='ocrx_word' id='word_1_623' title='bbox 1778 4916 1873 4969; x_wconf 74' lang='grc' dir='ltr'>μεο</span> 
     </span>
    </p>
   </div>
   <div class='ocr_carea' id='block_1_84' title="bbox 292 4992 1747 5069">
    <p class='ocr_par' dir='ltr' id='par_1_84' title="bbox 292 4992 1747 5069">
     <span class='ocr_line' id='line_1_84' title="bbox 292 4992 1747 5069; baseline -0.003 -19"><span class='ocrx_word' id='word_1_624' title='bbox 292 4998 439 5066; x_wconf 78' lang='grc' dir='ltr'>γάλα</span> <span class='ocrx_word' id='word_1_625' title='bbox 461 5018 470 5027; x_wconf 89' lang='grc'><strong>·</strong></span> <span class='ocrx_word' id='word_1_626' title='bbox 499 4996 758 5068; x_wconf 78' lang='grc' dir='ltr'>οΰμενουν</span> <span class='ocrx_word' id='word_1_627' title='bbox 792 4997 982 5069; x_wconf 78' lang='grc' dir='ltr'>ἕχοντά</span> <span class='ocrx_word' id='word_1_628' title='bbox 1001 5012 1121 5049; x_wconf 84' lang='grc' dir='ltr'>τινα</span> <span class='ocrx_word' id='word_1_629' title='bbox 1149 4997 1228 5059; x_wconf 83' lang='grc' dir='ltr'><strong>είς</strong></span> <span class='ocrx_word' id='word_1_630' title='bbox 1249 4993 1403 5061; x_wconf 80' lang='grc' dir='ltr'>δόξαν</span> <span class='ocrx_word' id='word_1_631' title='bbox 1424 4992 1747 5063; x_wconf 79' lang='grc' dir='ltr'>ὑπερϐολήν.</span> 
     </span>
    </p>
   </div>
   <div class='ocr_carea' id='block_1_85' title="bbox 484 5082 1872 5158">
    <p class='ocr_par' dir='ltr' id='par_1_85' title="bbox 484 5082 1872 5158">
     <span class='ocr_line' id='line_1_85' title="bbox 484 5082 1872 5158; baseline -0.006 -16"><span class='ocrx_word' id='word_1_632' title='bbox 484 5090 548 5142; x_wconf 82' lang='grc' dir='ltr'><strong>Αἱ</strong></span> <span class='ocrx_word' id='word_1_633' title='bbox 570 5090 624 5142; x_wconf 81' lang='grc' dir='ltr'>δὲ</span> <span class='ocrx_word' id='word_1_634' title='bbox 653 5089 921 5158; x_wconf 77' lang='grc' dir='ltr'>ἐνέργειαι</span> <span class='ocrx_word' id='word_1_635' title='bbox 943 5088 1118 5151; x_wconf 76' lang='grc' dir='ltr'>τίνεςς</span> <span class='ocrx_word' id='word_1_636' title='bbox 1148 5088 1411 5157; x_wconf 74' lang='grc' dir='ltr'>’Ᾱρρητοι</span> <span class='ocrx_word' id='word_1_637' title='bbox 1442 5082 1540 5155; x_wconf 78' lang='grc' dir='ltr'>μὲν</span> <span class='ocrx_word' id='word_1_638' title='bbox 1563 5083 1652 5137; x_wconf 85' lang='grc' dir='ltr'><strong>διὰ</strong></span> <span class='ocrx_word' id='word_1_639' title='bbox 1681 5082 1744 5136; x_wconf 81' lang='grc' dir='ltr'>τὸ</span> <span class='ocrx_word' id='word_1_640' title='bbox 1776 5082 1872 5153; x_wconf 73' lang='grc' dir='ltr'><strong>μὲ-</strong></span> 
     </span>
    </p>
   </div>
   <div class='ocr_carea' id='block_1_86' title="bbox 294 5173 1871 5251">
    <p class='ocr_par' dir='ltr' id='par_1_86' title="bbox 294 5173 1871 5251">
     <span class='ocr_line' id='line_1_86' title="bbox 294 5173 1871 5251; baseline -0.004 -18"><span class='ocrx_word' id='word_1_641' title='bbox 294 5180 476 5249; x_wconf 80' lang='grc' dir='ltr'>γεθος,</span> <span class='ocrx_word' id='word_1_642' title='bbox 508 5179 932 5251; x_wconf 74' lang='grc' dir='ltr'>ἁνεξαρίθμητοι</span> <span class='ocrx_word' id='word_1_643' title='bbox 954 5177 1009 5231; x_wconf 80' lang='grc' dir='ltr'>δὲ</span> <span class='ocrx_word' id='word_1_644' title='bbox 1038 5176 1124 5231; x_wconf 77' lang='grc' dir='ltr'><strong>διὰ</strong></span> <span class='ocrx_word' id='word_1_645' title='bbox 1154 5177 1212 5229; x_wconf 83' lang='grc' dir='ltr'><strong>τὸ</strong></span> <span class='ocrx_word' id='word_1_646' title='bbox 1236 5176 1457 5245; x_wconf 81' lang='grc' dir='ltr'>πλῆθος.</span> <span class='ocrx_word' id='word_1_647' title='bbox 1492 5175 1617 5238; x_wconf 80' lang='grc' dir='ltr'><strong>Πῶς</strong></span> <span class='ocrx_word' id='word_1_648' title='bbox 1644 5174 1741 5244; x_wconf 79' lang='grc' dir='ltr'>μὲν</span> <span class='ocrx_word' id='word_1_649' title='bbox 1761 5173 1871 5244; x_wconf 77' lang='grc' dir='ltr'>γὰρ</span> 
     </span>
    </p>
   </div>
   <div class='ocr_carea' id='block_1_87' title="bbox 294 5261 1868 5342">
    <p class='ocr_par' dir='ltr' id='par_1_87' title="bbox 294 5261 1868 5342">
     <span class='ocr_line' id='line_1_87' title="bbox 294 5261 1868 5342; baseline -0.005 -16"><span class='ocrx_word' id='word_1_650' title='bbox 294 5275 563 5342; x_wconf 76' lang='grc' dir='ltr'>νοήσομεν</span> <span class='ocrx_word' id='word_1_651' title='bbox 595 5272 663 5324; x_wconf 72' lang='grc' dir='ltr'>τὰ</span> <span class='ocrx_word' id='word_1_652' title='bbox 705 5271 811 5324; x_wconf 82' lang='grc' dir='ltr'><strong>τῶν</strong></span> <span class='ocrx_word' id='word_1_653' title='bbox 847 5269 1057 5324; x_wconf 82' lang='grc' dir='ltr'>αἰώνων</span> <span class='ocrx_word' id='word_1_654' title='bbox 1095 5268 1381 5332; x_wconf 74' lang='grc' dir='ltr'>ὲπέκεινας</span> <span class='ocrx_word' id='word_1_655' title='bbox 1418 5267 1562 5329; x_wconf 83' lang='grc' dir='ltr'>τίνες</span> <span class='ocrx_word' id='word_1_656' title='bbox 1589 5261 1727 5338; x_wconf 77' lang='grc' dir='ltr'>ἦσαν</span> <span class='ocrx_word' id='word_1_657' title='bbox 1766 5265 1868 5319; x_wconf 79' lang='grc' dir='ltr'>αὐ-</span> 
     </span>
    </p>
   </div>
   <div class='ocr_carea' id='block_1_88' title="bbox 295 5357 1869 5433">
    <p class='ocr_par' dir='ltr' id='par_1_88' title="bbox 295 5357 1869 5433">
     <span class='ocr_line' id='line_1_88' title="bbox 295 5357 1869 5433; baseline -0.002 -18"><span class='ocrx_word' id='word_1_658' title='bbox 295 5362 390 5415; x_wconf 81' lang='grc' dir='ltr'><strong>τοῦ</strong></span> <span class='ocrx_word' id='word_1_659' title='bbox 437 5362 542 5428; x_wconf 81' lang='grc' dir='ltr'><strong>πρὸ</strong></span> <span class='ocrx_word' id='word_1_660' title='bbox 575 5362 671 5433; x_wconf 80' lang='grc' dir='ltr'><strong>τῆς</strong></span> <span class='ocrx_word' id='word_1_661' title='bbox 723 5361 920 5432; x_wconf 74' lang='grc' dir='ltr'>νοητῆς</span> <span class='ocrx_word' id='word_1_662' title='bbox 965 5361 1196 5424; x_wconf 86' lang='grc' dir='ltr'>κτίσεως</span> <span class='ocrx_word' id='word_1_663' title='bbox 1249 5360 1304 5414; x_wconf 85' lang='grc' dir='ltr'><strong>αί</strong></span> <span class='ocrx_word' id='word_1_664' title='bbox 1350 5357 1656 5429; x_wconf 82' lang='grc' dir='ltr'>ἐνέργειαι;</span> <span class='ocrx_word' id='word_1_665' title='bbox 1704 5358 1869 5413; x_wconf 80' lang='grc' dir='ltr'>πόσαι</span> 
     </span>
    </p>
   </div>
   <div class='ocr_carea' id='block_1_89' title="bbox 295 5440 1865 5521">
    <p class='ocr_par' dir='ltr' id='par_1_89' title="bbox 295 5440 1865 5521">
     <span class='ocr_line' id='line_1_89' title="bbox 295 5440 1865 5521; baseline -0.002 -18"><span class='ocrx_word' id='word_1_666' title='bbox 295 5449 338 5503; x_wconf 79' lang='grc' dir='ltr'>δ’</span> <span class='ocrx_word' id='word_1_667' title='bbox 366 5451 466 5503; x_wconf 86' lang='grc' dir='ltr'>ἀπ’</span> <span class='ocrx_word' id='word_1_668' title='bbox 499 5449 662 5504; x_wconf 78' lang='grc' dir='ltr'><strong>αὒτοῦ</strong></span> <span class='ocrx_word' id='word_1_669' title='bbox 693 5453 822 5521; x_wconf 76' lang='grc' dir='ltr'>περὶ</span> <span class='ocrx_word' id='word_1_670' title='bbox 850 5450 948 5520; x_wconf 78' lang='grc' dir='ltr'>τὴν</span> <span class='ocrx_word' id='word_1_671' title='bbox 988 5450 1166 5504; x_wconf 88' lang='grc' dir='ltr'>κτίσιν</span> <span class='ocrx_word' id='word_1_672' title='bbox 1343 5447 1603 5518; x_wconf 82' lang='grc' dir='ltr'>χάριτες;</span> <span class='ocrx_word' id='word_1_673' title='bbox 1638 5440 1719 5509; x_wconf 85' lang='grc' dir='ltr'><strong>τίς</strong></span> <span class='ocrx_word' id='word_1_674' title='bbox 1745 5446 1801 5500; x_wconf 78' lang='grc' dir='ltr'>δὲ</span> <span class='ocrx_word' id='word_1_675' title='bbox 1831 5448 1865 5514; x_wconf 80' lang='grc' dir='ltr'>ἠ</span> 
     </span>
    </p>
   </div>
   <div class='ocr_carea' id='block_1_90' title="bbox 295 5531 1866 5615">
    <p class='ocr_par' dir='ltr' id='par_1_90' title="bbox 295 5531 1866 5615">
     <span class='ocr_line' id='line_1_90' title="bbox 295 5531 1866 5615; baseline -0.003 -21"><span class='ocrx_word' id='word_1_676' title='bbox 295 5541 435 5615; x_wconf 78' lang='grc' dir='ltr'>πρὸς</span> <span class='ocrx_word' id='word_1_677' title='bbox 462 5542 587 5606; x_wconf 79' lang='grc' dir='ltr'>τοὺς</span> <span class='ocrx_word' id='word_1_678' title='bbox 620 5540 827 5605; x_wconf 82' lang='grc' dir='ltr'>αίῶνας</span> <span class='ocrx_word' id='word_1_679' title='bbox 856 5541 986 5604; x_wconf 80' lang='grc' dir='ltr'>τοὺς</span> <span class='ocrx_word' id='word_1_680' title='bbox 1016 5538 1417 5611; x_wconf 72' lang='grc' dir='ltr'>ἐπερχομένους</span> <span class='ocrx_word' id='word_1_681' title='bbox 1459 5536 1718 5607; x_wconf 83' lang='grc' dir='ltr'>δύναμις;</span> <span class='ocrx_word' id='word_1_682' title='bbox 1760 5531 1866 5589; x_wconf 77' lang='grc' dir='ltr'>Ἦν</span> 
     </span>
    </p>
   </div>
   <div class='ocr_carea' id='block_1_91' title="bbox 1976 3163 3552 3250">
    <p class='ocr_par' dir='ltr' id='par_1_91' title="bbox 1976 3163 3552 3250">
     <span class='ocr_line' id='line_1_91' title="bbox 1976 3163 3552 3250; baseline 0.013 -31"><span class='ocrx_word' id='word_1_683' title='bbox 1976 3163 2168 3250; x_wconf 63' lang='lat' dir='ltr'><strong>Filius.</strong></span> <span class='ocrx_word' id='word_1_684' title='bbox 2187 3169 2465 3226; x_wconf 74' lang='lat' dir='ltr'><strong>Creatura:</strong></span> <span class='ocrx_word' id='word_1_685' title='bbox 2481 3174 2752 3244; x_wconf 90' lang='lat' dir='ltr'><strong>siquidem</strong></span> <span class='ocrx_word' id='word_1_686' title='bbox 2772 3178 2993 3234; x_wconf 88' lang='lat' dir='ltr'><strong>inducta</strong></span> <span class='ocrx_word' id='word_1_687' title='bbox 3010 3189 3095 3237; x_wconf 91' lang='lat' dir='ltr'><strong>est</strong></span> <span class='ocrx_word' id='word_1_688' title='bbox 3116 3183 3336 3239; x_wconf 87' lang='lat' dir='ltr'><strong>aliunde</strong></span> <span class='ocrx_word' id='word_1_689' title='bbox 3353 3201 3469 3239; x_wconf 66' lang='lat' dir='ltr'><strong>sani</strong></span> <span class='ocrx_word' id='word_1_690' title='bbox 3490 3188 3552 3239; x_wconf 81' lang='lat' dir='ltr'><strong>ti~</strong></span> 
     </span>
    </p>
   </div>
   <div class='ocr_carea' id='block_1_92' title="bbox 1975 3258 3551 3340">
    <p class='ocr_par' dir='ltr' id='par_1_92' title="bbox 1975 3258 3551 3340">
     <span class='ocr_line' id='line_1_92' title="bbox 1975 3258 3551 3340; baseline 0.013 -31"><span class='ocrx_word' id='word_1_691' title='bbox 1975 3259 2196 3325; x_wconf 87' lang='lat' dir='ltr'><strong>monia;</strong></span> <span class='ocrx_word' id='word_1_692' title='bbox 2239 3258 2469 3330; x_wconf 87' lang='lat' dir='ltr'><strong>Spiritui</strong></span> <span class='ocrx_word' id='word_1_693' title='bbox 2509 3279 2638 3319; x_wconf 80' lang='lat' dir='ltr'><strong>vero</strong></span> <span class='ocrx_word' id='word_1_694' title='bbox 2678 3270 2940 3325; x_wconf 85' lang='lat' dir='ltr'><strong>sanctitas</strong></span> <span class='ocrx_word' id='word_1_695' title='bbox 2979 3272 3300 3340; x_wconf 79' lang='lat' dir='ltr'><strong>eompletiva</strong></span> <span class='ocrx_word' id='word_1_696' title='bbox 3331 3285 3415 3328; x_wconf 86' lang='lat' dir='ltr'><strong>est</strong></span> <span class='ocrx_word' id='word_1_697' title='bbox 3454 3291 3551 3328; x_wconf 87' lang='lat' dir='ltr'><strong>na-</strong></span> 
     </span>
    </p>
   </div>
   <div class='ocr_carea' id='block_1_93' title="bbox 1975 3348 3546 3424">
    <p class='ocr_par' dir='ltr' id='par_1_93' title="bbox 1975 3348 3546 3424">
     <span class='ocr_line' id='line_1_93' title="bbox 1975 3348 3546 3424; baseline 0.011 -25"><span class='ocrx_word' id='word_1_698' title='bbox 1975 3352 2131 3401; x_wconf 71' lang='lat' dir='ltr'><strong>tum.</strong></span> <span class='ocrx_word' id='word_1_699' title='bbox 2180 3348 2417 3421; x_wconf 79' lang='lat' dir='ltr'><strong>ideoque</strong></span> <span class='ocrx_word' id='word_1_700' title='bbox 2460 3367 2570 3410; x_wconf 91' lang='lat' dir='ltr'><strong>non</strong></span> <span class='ocrx_word' id='word_1_701' title='bbox 2622 3357 3019 3424; x_wconf 81' lang='lat' dir='ltr'><strong>sanctiﬁcatur,</strong></span> <span class='ocrx_word' id='word_1_702' title='bbox 3071 3362 3166 3416; x_wconf 88' lang='lat' dir='ltr'><strong>sed</strong></span> <span class='ocrx_word' id='word_1_703' title='bbox 3220 3364 3546 3417; x_wconf 78' lang='lat' dir='ltr'><strong>sanctiﬁcat.</strong></span> 
     </span>
    </p>
   </div>
   <div class='ocr_carea' id='block_1_94' title="bbox 1974 3433 3547 3516">
    <p class='ocr_par' dir='ltr' id='par_1_94' title="bbox 1974 3433 3547 3516">
     <span class='ocr_line' id='line_1_94' title="bbox 1974 3433 3547 3516; baseline 0.011 -27"><span class='ocrx_word' id='word_1_704' title='bbox 1974 3433 2159 3492; x_wconf 84' lang='lat' dir='ltr'><strong>Bonus</strong></span> <span class='ocrx_word' id='word_1_705' title='bbox 2190 3437 2320 3493; x_wconf 86' lang='lat' dir='ltr'><strong>item</strong></span> <span class='ocrx_word' id='word_1_706' title='bbox 2353 3441 2560 3496; x_wconf 89' lang='lat' dir='ltr'><strong>dicitur</strong></span> <span class='ocrx_word' id='word_1_707' title='bbox 2590 3444 2733 3499; x_wconf 80' lang='lat' dir='ltr'><strong>sicut</strong></span> <span class='ocrx_word' id='word_1_708' title='bbox 2765 3445 2925 3502; x_wconf 82' lang='lat' dir='ltr'><strong>Pater</strong></span> <span class='ocrx_word' id='word_1_709' title='bbox 2955 3449 3132 3505; x_wconf 89' lang='lat' dir='ltr'><strong>bonus</strong></span> <span class='ocrx_word' id='word_1_710' title='bbox 3165 3460 3281 3516; x_wconf 89' lang='lat' dir='ltr'><strong>est,</strong></span> <span class='ocrx_word' id='word_1_711' title='bbox 3320 3461 3375 3505; x_wconf 91' lang='lat' dir='ltr'><strong>et</strong></span> <span class='ocrx_word' id='word_1_712' title='bbox 3406 3454 3547 3507; x_wconf 87' lang='lat' dir='ltr'><strong>sicut</strong></span> 
     </span>
    </p>
   </div>
   <div class='ocr_carea' id='block_1_95' title="bbox 1973 3522 3547 3597">
    <p class='ocr_par' dir='ltr' id='par_1_95' title="bbox 1973 3522 3547 3597">
     <span class='ocr_line' id='line_1_95' title="bbox 1973 3522 3547 3597; baseline 0.011 -21"><span class='ocrx_word' id='word_1_713' title='bbox 1973 3522 2150 3579; x_wconf 82' lang='lat' dir='ltr'><strong>bonus</strong></span> <span class='ocrx_word' id='word_1_714' title='bbox 2180 3534 2264 3580; x_wconf 88' lang='lat' dir='ltr'><strong>est</strong></span> <span class='ocrx_word' id='word_1_715' title='bbox 2296 3528 2342 3583; x_wconf 90' lang='lat' dir='ltr'><strong>is</strong></span> <span class='ocrx_word' id='word_1_716' title='bbox 2372 3530 2465 3597; x_wconf 93' lang='lat' dir='ltr'><strong>qui</strong></span> <span class='ocrx_word' id='word_1_717' title='bbox 2496 3546 2563 3584; x_wconf 84' lang='lat' dir='ltr'><strong>ex</strong></span> <span class='ocrx_word' id='word_1_718' title='bbox 2591 3532 2736 3587; x_wconf 86' lang='lat' dir='ltr'><strong>bono</strong></span> <span class='ocrx_word' id='word_1_719' title='bbox 2766 3545 2928 3588; x_wconf 82' lang='lat' dir='ltr'><strong>natus</strong></span> <span class='ocrx_word' id='word_1_720' title='bbox 2950 3545 3037 3590; x_wconf 88' lang='lat' dir='ltr'><strong>est</strong></span> <span class='ocrx_word' id='word_1_721' title='bbox 3066 3555 3080 3590; x_wconf 89' lang='lat'><strong>:</strong></span> <span class='ocrx_word' id='word_1_722' title='bbox 3113 3539 3203 3591; x_wconf 91' lang='lat' dir='ltr'><strong>cui</strong></span> <span class='ocrx_word' id='word_1_723' title='bbox 3229 3539 3442 3594; x_wconf 84' lang='lat' dir='ltr'><strong>bonitas</strong></span> <span class='ocrx_word' id='word_1_724' title='bbox 3463 3550 3547 3594; x_wconf 86' lang='lat' dir='ltr'><strong>est</strong></span> 
     </span>
    </p>
   </div>
   <div class='ocr_carea' id='block_1_96' title="bbox 1970 3612 3544 3686">
    <p class='ocr_par' dir='ltr' id='par_1_96' title="bbox 1970 3612 3544 3686">
     <span class='ocr_line' id='line_1_96' title="bbox 1970 3612 3544 3686; baseline 0.013 -23"><span class='ocrx_word' id='word_1_725' title='bbox 1970 3612 2091 3679; x_wconf 86' lang='lat' dir='ltr'><strong>ipsa</strong></span> <span class='ocrx_word' id='word_1_726' title='bbox 2120 3618 2382 3671; x_wconf 82' lang='lat' dir='ltr'><strong>essentia.</strong></span> <span class='ocrx_word' id='word_1_727' title='bbox 2428 3617 2632 3674; x_wconf 82' lang='lat' dir='ltr'><strong>Rectus</strong></span> <span class='ocrx_word' id='word_1_728' title='bbox 2676 3631 2923 3686; x_wconf 74' lang='lat' dir='ltr'><strong>vocatur,</strong></span> <span class='ocrx_word' id='word_1_729' title='bbox 2959 3633 3019 3678; x_wconf 89' lang='lat' dir='ltr'><strong>ut</strong></span> <span class='ocrx_word' id='word_1_730' title='bbox 3053 3636 3236 3681; x_wconf 87' lang='lat' dir='ltr'><strong>rectus</strong></span> <span class='ocrx_word' id='word_1_731' title='bbox 3280 3628 3544 3684; x_wconf 83' lang='lat' dir='ltr'><strong>Dominus</strong></span> 
     </span>
    </p>
   </div>
   <div class='ocr_carea' id='block_1_97' title="bbox 1975 3698 3543 3788">
    <p class='ocr_par' dir='ltr' id='par_1_97' title="bbox 1975 3698 3543 3788">
     <span class='ocr_line' id='line_1_97' title="bbox 1975 3698 3543 3788; baseline 0.014 -35"><span class='ocrx_word' id='word_1_732' title='bbox 1975 3698 2117 3755; x_wconf 83' lang='lat' dir='ltr'><strong>Deus</strong></span> <span class='ocrx_word' id='word_1_733' title='bbox 2157 3705 2211 3768; x_wconf 84' lang='grc'>⁸,</span> <span class='ocrx_word' id='word_1_734' title='bbox 2241 3717 2308 3759; x_wconf 90' lang='lat' dir='ltr'><strong>eo</strong></span> <span class='ocrx_word' id='word_1_735' title='bbox 2336 3708 2483 3775; x_wconf 89' lang='lat' dir='ltr'><strong>quod</strong></span> <span class='ocrx_word' id='word_1_736' title='bbox 2527 3725 2624 3778; x_wconf 89' lang='lat' dir='ltr'><strong>per</strong></span> <span class='ocrx_word' id='word_1_737' title='bbox 2665 3727 2724 3766; x_wconf 89' lang='lat' dir='ltr'><strong>se</strong></span> <span class='ocrx_word' id='word_1_738' title='bbox 2757 3713 2830 3767; x_wconf 88' lang='lat' dir='ltr'><strong>sit</strong></span> <span class='ocrx_word' id='word_1_739' title='bbox 2874 3714 2991 3782; x_wconf 87' lang='lat' dir='ltr'><strong>ipsa</strong></span> <span class='ocrx_word' id='word_1_740' title='bbox 3042 3717 3277 3781; x_wconf 77' lang='lat' dir='ltr'><strong>veritas,</strong></span> <span class='ocrx_word' id='word_1_741' title='bbox 3323 3729 3377 3773; x_wconf 90' lang='lat' dir='ltr'><strong>et</strong></span> <span class='ocrx_word' id='word_1_742' title='bbox 3425 3721 3543 3788; x_wconf 87' lang='lat' dir='ltr'><strong>ipsa</strong></span> 
     </span>
    </p>
   </div>
   <div class='ocr_carea' id='block_1_98' title="bbox 1968 3790 3542 3877">
    <p class='ocr_par' dir='ltr' id='par_1_98' title="bbox 1968 3790 3542 3877">
     <span class='ocr_line' id='line_1_98' title="bbox 1968 3790 3542 3877; baseline 0.015 -34"><span class='ocrx_word' id='word_1_743' title='bbox 1968 3790 2203 3859; x_wconf 74' lang='lat' dir='ltr'><strong>iustitia,</strong></span> <span class='ocrx_word' id='word_1_744' title='bbox 2237 3810 2340 3851; x_wconf 89' lang='lat' dir='ltr'><strong>nec</strong></span> <span class='ocrx_word' id='word_1_745' title='bbox 2371 3798 2427 3851; x_wconf 89' lang='lat' dir='ltr'><strong>in</strong></span> <span class='ocrx_word' id='word_1_746' title='bbox 2452 3798 2593 3854; x_wconf 86' lang='lat' dir='ltr'><strong>banc</strong></span> <span class='ocrx_word' id='word_1_747' title='bbox 2622 3818 2724 3856; x_wconf 87' lang='lat' dir='ltr'><strong>nec</strong></span> <span class='ocrx_word' id='word_1_748' title='bbox 2746 3804 2800 3857; x_wconf 90' lang='lat' dir='ltr'><strong>in</strong></span> <span class='ocrx_word' id='word_1_749' title='bbox 2834 3805 2981 3860; x_wconf 86' lang='lat' dir='ltr'><strong>illam</strong></span> <span class='ocrx_word' id='word_1_750' title='bbox 3006 3818 3214 3877; x_wconf 89' lang='lat' dir='ltr'><strong>partem</strong></span> <span class='ocrx_word' id='word_1_751' title='bbox 3243 3825 3302 3864; x_wconf 90' lang='lat' dir='ltr'><strong>se</strong></span> <span class='ocrx_word' id='word_1_752' title='bbox 3324 3819 3542 3865; x_wconf 83' lang='lat' dir='ltr'><strong>vertens</strong></span> 
     </span>
    </p>
   </div>
   <div class='ocr_carea' id='block_1_99' title="bbox 1971 3879 3544 3957">
    <p class='ocr_par' dir='ltr' id='par_1_99' title="bbox 1971 3879 3544 3957">
     <span class='ocr_line' id='line_1_99' title="bbox 1971 3879 3544 3957; baseline 0.015 -26"><span class='ocrx_word' id='word_1_753' title='bbox 1971 3887 2066 3933; x_wconf 81' lang='lat' dir='ltr'><strong>aut</strong></span> <span class='ocrx_word' id='word_1_754' title='bbox 2092 3879 2338 3950; x_wconf 82' lang='lat' dir='ltr'><strong>ﬂectens,</strong></span> <span class='ocrx_word' id='word_1_755' title='bbox 2373 3895 2597 3957; x_wconf 86' lang='lat' dir='ltr'><strong>propter</strong></span> <span class='ocrx_word' id='word_1_756' title='bbox 2616 3893 3354 3953; x_wconf 61' lang='lat' dir='ltr'><strong>naturazimmutabilitatem.</strong></span> <span class='ocrx_word' id='word_1_757' title='bbox 3384 3899 3544 3954; x_wconf 85' lang='lat' dir='ltr'><strong>Para-</strong></span> 
     </span>
    </p>
   </div>
   <div class='ocr_carea' id='block_1_100' title="bbox 1970 3968 3536 4056">
    <p class='ocr_par' dir='ltr' id='par_1_100' title="bbox 1970 3968 3536 4056">
     <span class='ocr_line' id='line_1_100' title="bbox 1970 3968 3536 4056; baseline 0.013 -35"><span class='ocrx_word' id='word_1_758' title='bbox 1970 3968 2147 4025; x_wconf 82' lang='lat' dir='ltr'><strong>cletus</strong></span> <span class='ocrx_word' id='word_1_759' title='bbox 2176 3986 2525 4045; x_wconf 89' lang='lat' dir='ltr'><strong>nuncupatur</strong></span> <span class='ocrx_word' id='word_1_760' title='bbox 2554 3979 2700 4033; x_wconf 79' lang='lat' dir='ltr'><strong>velut</strong></span> <span class='ocrx_word' id='word_1_761' title='bbox 2730 3979 3054 4052; x_wconf 81' lang='lat' dir='ltr'><strong>Unigenitus</strong></span> <span class='ocrx_word' id='word_1_762' title='bbox 3084 4004 3096 4037; x_wconf 92' lang='lat'><strong>:</strong></span> <span class='ocrx_word' id='word_1_763' title='bbox 3124 3985 3268 4039; x_wconf 85' lang='lat' dir='ltr'><strong>sicut</strong></span> <span class='ocrx_word' id='word_1_764' title='bbox 3300 3990 3414 4056; x_wconf 90' lang='lat' dir='ltr'><strong>ipse</strong></span> <span class='ocrx_word' id='word_1_765' title='bbox 3439 3991 3536 4052; x_wconf 91' lang='lat' dir='ltr'><strong>ait,</strong></span> 
     </span>
    </p>
   </div>
   <div class='ocr_carea' id='block_1_101' title="bbox 1970 4056 3541 4135">
    <p class='ocr_par' dir='ltr' id='par_1_101' title="bbox 1970 4056 3541 4135">
     <span class='ocr_line' id='line_1_101' title="bbox 1970 4056 3541 4135; baseline 0.016 -24"><span class='ocrx_word' id='word_1_766' title='bbox 1970 4056 2085 4129; x_wconf 83' lang='lat' dir='ltr'><strong>Ego</strong></span> <span class='ocrx_word' id='word_1_767' title='bbox 2129 4063 2326 4133; x_wconf 83' lang='lat' dir='ltr'><strong>rogabo</strong></span> <span class='ocrx_word' id='word_1_768' title='bbox 2368 4065 2584 4122; x_wconf 74' lang='lat' dir='ltr'><strong>Patrem</strong></span> <span class='ocrx_word' id='word_1_769' title='bbox 2630 4087 2834 4135; x_wconf 86' lang='lat' dir='ltr'><strong>meum,</strong></span> <span class='ocrx_word' id='word_1_770' title='bbox 2885 4082 2935 4127; x_wconf 80' lang='lat' dir='ltr'><strong>et</strong></span> <span class='ocrx_word' id='word_1_771' title='bbox 2979 4074 3126 4128; x_wconf 85' lang='lat' dir='ltr'><strong>dabit</strong></span> <span class='ocrx_word' id='word_1_772' title='bbox 3175 4076 3318 4131; x_wconf 81' lang='lat' dir='ltr'><strong>vobis</strong></span> <span class='ocrx_word' id='word_1_773' title='bbox 3373 4080 3541 4135; x_wconf 78' lang='lat' dir='ltr'><strong>alium</strong></span> 
     </span>
    </p>
   </div>
   <div class='ocr_carea' id='block_1_102' title="bbox 1970 4150 3540 4231">
    <p class='ocr_par' dir='ltr' id='par_1_102' title="bbox 1970 4150 3540 4231">
     <span class='ocr_line' id='line_1_102' title="bbox 1970 4150 3540 4231; baseline 0.013 -28"><span class='ocrx_word' id='word_1_774' title='bbox 1970 4150 2309 4209; x_wconf 79' lang='lat' dir='ltr'><strong>Paracletum</strong></span> <span class='ocrx_word' id='word_1_775' title='bbox 2356 4159 2398 4212; x_wconf 84' lang='lat'><strong>&#39;.</strong></span> <span class='ocrx_word' id='word_1_776' title='bbox 2440 4158 2553 4214; x_wconf 81' lang='lat' dir='ltr'><strong>Hoc</strong></span> <span class='ocrx_word' id='word_1_777' title='bbox 2584 4171 2743 4231; x_wconf 89' lang='lat' dir='ltr'><strong>pacto</strong></span> <span class='ocrx_word' id='word_1_778' title='bbox 2783 4166 3096 4219; x_wconf 82' lang='lat' dir='ltr'><strong>communia</strong></span> <span class='ocrx_word' id='word_1_779' title='bbox 3146 4175 3274 4221; x_wconf 88' lang='lat' dir='ltr'><strong>sunt</strong></span> <span class='ocrx_word' id='word_1_780' title='bbox 3319 4171 3540 4224; x_wconf 84' lang='lat' dir='ltr'><strong>nomina</strong></span> 
     </span>
    </p>
   </div>
   <div class='ocr_carea' id='block_1_103' title="bbox 1969 4240 3541 4329">
    <p class='ocr_par' dir='ltr' id='par_1_103' title="bbox 1969 4240 3541 4329">
     <span class='ocr_line' id='line_1_103' title="bbox 1969 4240 3541 4329; baseline 0.013 -33"><span class='ocrx_word' id='word_1_781' title='bbox 1969 4240 2142 4309; x_wconf 79' lang='lat' dir='ltr'><strong>Patri,</strong></span> <span class='ocrx_word' id='word_1_782' title='bbox 2173 4244 2314 4303; x_wconf 80' lang='lat' dir='ltr'><strong>Filio</strong></span> <span class='ocrx_word' id='word_1_783' title='bbox 2335 4257 2390 4303; x_wconf 91' lang='lat' dir='ltr'><strong>et</strong></span> <span class='ocrx_word' id='word_1_784' title='bbox 2422 4250 2646 4320; x_wconf 84' lang='lat' dir='ltr'><strong>Spiritui</strong></span> <span class='ocrx_word' id='word_1_785' title='bbox 2676 4262 2895 4318; x_wconf 84' lang='lat' dir='ltr'><strong>sancto,</strong></span> <span class='ocrx_word' id='word_1_786' title='bbox 2934 4256 3030 4325; x_wconf 89' lang='lat' dir='ltr'><strong>qui</strong></span> <span class='ocrx_word' id='word_1_787' title='bbox 3082 4258 3183 4313; x_wconf 81' lang='lat' dir='ltr'><strong>has</strong></span> <span class='ocrx_word' id='word_1_788' title='bbox 3221 4262 3541 4329; x_wconf 82' lang='lat' dir='ltr'><strong>appellatio-</strong></span> 
     </span>
    </p>
   </div>
   <div class='ocr_carea' id='block_1_104' title="bbox 1970 4344 3543 4407">
    <p class='ocr_par' dir='ltr' id='par_1_104' title="bbox 1970 4344 3543 4407">
     <span class='ocr_line' id='line_1_104' title="bbox 1970 4344 3543 4407; baseline 0.012 -21"><span class='ocrx_word' id='word_1_789' title='bbox 1970 4344 2069 4388; x_wconf 81' lang='lat' dir='ltr'><strong>nes</strong></span> <span class='ocrx_word' id='word_1_790' title='bbox 2098 4349 2166 4388; x_wconf 76' lang='lat' dir='ltr'><strong>ex</strong></span> <span class='ocrx_word' id='word_1_791' title='bbox 2198 4346 2407 4393; x_wconf 75' lang='lat' dir='ltr'><strong>natura:</strong></span> <span class='ocrx_word' id='word_1_792' title='bbox 2427 4344 2705 4397; x_wconf 86' lang='lat' dir='ltr'><strong>consortio</strong></span> <span class='ocrx_word' id='word_1_793' title='bbox 2731 4344 2913 4399; x_wconf 83' lang='lat' dir='ltr'><strong>habet.</strong></span> <span class='ocrx_word' id='word_1_794' title='bbox 2946 4344 3101 4403; x_wconf 81' lang='lat' dir='ltr'><strong>Unde</strong></span> <span class='ocrx_word' id='word_1_795' title='bbox 3123 4349 3264 4402; x_wconf 88' lang='lat' dir='ltr'><strong>enim</strong></span> <span class='ocrx_word' id='word_1_796' title='bbox 3283 4352 3543 4407; x_wconf 83' lang='lat' dir='ltr'><strong>aliunde?</strong></span> 
     </span>
    </p>
   </div>
   <div class='ocr_carea' id='block_1_105' title="bbox 1970 4422 3542 4508">
    <p class='ocr_par' dir='ltr' id='par_1_105' title="bbox 1970 4422 3542 4508">
     <span class='ocr_line' id='line_1_105' title="bbox 1970 4422 3542 4508; baseline 0.013 -30"><span class='ocrx_word' id='word_1_797' title='bbox 1970 4422 2211 4482; x_wconf 73' lang='lat' dir='ltr'><strong>Rursum</strong></span> <span class='ocrx_word' id='word_1_798' title='bbox 2241 4429 2479 4498; x_wconf 85' lang='lat' dir='ltr'><strong>Spiritus</strong></span> <span class='ocrx_word' id='word_1_799' title='bbox 2520 4433 2871 4503; x_wconf 86' lang='lat' dir='ltr'><strong>principalis,</strong></span> <span class='ocrx_word' id='word_1_800' title='bbox 2898 4445 2952 4491; x_wconf 92' lang='lat' dir='ltr'><strong>et</strong></span> <span class='ocrx_word' id='word_1_801' title='bbox 2996 4436 3235 4507; x_wconf 81' lang='lat' dir='ltr'><strong>Spititus</strong></span> <span class='ocrx_word' id='word_1_802' title='bbox 3264 4443 3542 4508; x_wconf 80' lang='lat' dir='ltr'><strong>veritatis,</strong></span> 
     </span>
    </p>
   </div>
   <div class='ocr_carea' id='block_1_106' title="bbox 1968 4516 3544 4601">
    <p class='ocr_par' dir='ltr' id='par_1_106' title="bbox 1968 4516 3544 4601">
     <span class='ocr_line' id='line_1_106' title="bbox 1968 4516 3544 4601; baseline 0.012 -31"><span class='ocrx_word' id='word_1_803' title='bbox 1968 4524 2023 4571; x_wconf 88' lang='lat' dir='ltr'><strong>et</strong></span> <span class='ocrx_word' id='word_1_804' title='bbox 2074 4516 2316 4587; x_wconf 88' lang='lat' dir='ltr'><strong>Spiritus</strong></span> <span class='ocrx_word' id='word_1_805' title='bbox 2355 4523 2639 4590; x_wconf 65' lang='lat' dir='ltr'><strong>sapientiae</strong></span> <span class='ocrx_word' id='word_1_806' title='bbox 2684 4526 2871 4582; x_wconf 90' lang='lat' dir='ltr'><strong>dictus</strong></span> <span class='ocrx_word' id='word_1_807' title='bbox 2921 4537 3025 4586; x_wconf 86' lang='lat' dir='ltr'><strong>cst.</strong></span> <span class='ocrx_word' id='word_1_808' title='bbox 3066 4530 3301 4601; x_wconf 82' lang='lat' dir='ltr'><strong>Spiritus</strong></span> <span class='ocrx_word' id='word_1_809' title='bbox 3334 4535 3544 4588; x_wconf 71' lang='lat' dir='ltr'><strong>divinas</strong></span> 
     </span>
    </p>
   </div>
   <div class='ocr_carea' id='block_1_107' title="bbox 1968 4612 3543 4692">
    <p class='ocr_par' dir='ltr' id='par_1_107' title="bbox 1968 4612 3543 4692">
     <span class='ocr_line' id='line_1_107' title="bbox 1968 4612 3543 4692; baseline 0.011 -29"><span class='ocrx_word' id='word_1_810' title='bbox 1968 4612 2059 4679; x_wconf 81' lang='lat' dir='ltr'><strong>qui</strong></span> <span class='ocrx_word' id='word_1_811' title='bbox 2091 4628 2172 4666; x_wconf 80' lang='lat' dir='ltr'><strong>me</strong></span> <span class='ocrx_word' id='word_1_812' title='bbox 2218 4612 2341 4679; x_wconf 76' lang='lat' dir='ltr'><strong>fecit</strong></span> <span class='ocrx_word' id='word_1_813' title='bbox 2372 4619 2427 4682; x_wconf 83' lang='grc'><strong>⁶;</strong></span> <span class='ocrx_word' id='word_1_814' title='bbox 2462 4624 2544 4681; x_wconf 88' lang='lat' dir='ltr'><strong>et,</strong></span> <span class='ocrx_word' id='word_1_815' title='bbox 2580 4616 2840 4685; x_wconf 78' lang='lat' dir='ltr'><strong>Beseleel,</strong></span> <span class='ocrx_word' id='word_1_816' title='bbox 2893 4620 3103 4691; x_wconf 86' lang='lat' dir='ltr'><strong>inquit,</strong></span> <span class='ocrx_word' id='word_1_817' title='bbox 3145 4625 3373 4692; x_wconf 72' lang='lat' dir='ltr'><strong>implevit</strong></span> <span class='ocrx_word' id='word_1_818' title='bbox 3403 4625 3543 4683; x_wconf 78' lang='lat' dir='ltr'><strong>Deus</strong></span> 
     </span>
    </p>
   </div>
   <div class='ocr_carea' id='block_1_108' title="bbox 1969 4703 3542 4778">
    <p class='ocr_par' dir='ltr' id='par_1_108' title="bbox 1969 4703 3542 4778">
     <span class='ocr_line' id='line_1_108' title="bbox 1969 4703 3542 4778; baseline 0.011 -23"><span class='ocrx_word' id='word_1_819' title='bbox 1969 4703 2175 4772; x_wconf 67' lang='lat' dir='ltr'><strong>Spiritu</strong></span> <span class='ocrx_word' id='word_1_820' title='bbox 2354 4705 2531 4762; x_wconf 68' lang='lat' dir='ltr'><strong>divino</strong></span> <span class='ocrx_word' id='word_1_821' title='bbox 2568 4711 2842 4778; x_wconf 70' lang='lat' dir='ltr'><strong>sapientia:</strong></span> <span class='ocrx_word' id='word_1_822' title='bbox 2877 4723 2926 4767; x_wconf 83' lang='lat' dir='ltr'><strong>et</strong></span> <span class='ocrx_word' id='word_1_823' title='bbox 2954 4715 3252 4771; x_wconf 80' lang='lat' dir='ltr'><strong>intellectus</strong></span> <span class='ocrx_word' id='word_1_824' title='bbox 3282 4727 3329 4771; x_wconf 87' lang='lat' dir='ltr'><strong>et</strong></span> <span class='ocrx_word' id='word_1_825' title='bbox 3369 4721 3542 4772; x_wconf 80' lang='lat' dir='ltr'><strong>scien-</strong></span> 
     </span>
    </p>
   </div>
   <div class='ocr_carea' id='block_1_109' title="bbox 1972 4794 3545 4878">
    <p class='ocr_par' dir='ltr' id='par_1_109' title="bbox 1972 4794 3545 4878">
     <span class='ocr_line' id='line_1_109' title="bbox 1972 4794 3545 4878; baseline 0.013 -33"><span class='ocrx_word' id='word_1_826' title='bbox 1972 4794 2061 4846; x_wconf 73' lang='lat' dir='ltr'><strong>tia:</strong></span> <span class='ocrx_word' id='word_1_827' title='bbox 2091 4796 2131 4848; x_wconf 80' lang='lat'><strong>’.</strong></span> <span class='ocrx_word' id='word_1_828' title='bbox 2168 4794 2318 4850; x_wconf 82' lang='lat' dir='ltr'><strong>Talia</strong></span> <span class='ocrx_word' id='word_1_829' title='bbox 2369 4798 2534 4868; x_wconf 75' lang='lat' dir='ltr'><strong>igitur</strong></span> <span class='ocrx_word' id='word_1_830' title='bbox 2569 4806 2792 4856; x_wconf 78' lang='lat' dir='ltr'><strong>nowina</strong></span> <span class='ocrx_word' id='word_1_831' title='bbox 2841 4808 3039 4861; x_wconf 74' lang='lat' dir='ltr'><strong>eximia</strong></span> <span class='ocrx_word' id='word_1_832' title='bbox 3086 4810 3175 4862; x_wconf 85' lang='lat' dir='ltr'><strong>illa</strong></span> <span class='ocrx_word' id='word_1_833' title='bbox 3224 4812 3441 4878; x_wconf 79' lang='lat' dir='ltr'><strong>quidem</strong></span> <span class='ocrx_word' id='word_1_834' title='bbox 3489 4823 3545 4866; x_wconf 88' lang='lat' dir='ltr'><strong>et</strong></span> 
     </span>
    </p>
   </div>
   <div class='ocr_carea' id='block_1_110' title="bbox 1968 4891 3544 4968">
    <p class='ocr_par' dir='ltr' id='par_1_110' title="bbox 1968 4891 3544 4968">
     <span class='ocr_line' id='line_1_110' title="bbox 1968 4891 3544 4968; baseline 0.01 -32"><span class='ocrx_word' id='word_1_835' title='bbox 1968 4897 2186 4951; x_wconf 73' lang='lat' dir='ltr'><strong>magna,</strong></span> <span class='ocrx_word' id='word_1_836' title='bbox 2215 4900 2317 4939; x_wconf 86' lang='lat' dir='ltr'><strong>nec</strong></span> <span class='ocrx_word' id='word_1_837' title='bbox 2340 4895 2544 4952; x_wconf 89' lang='lat' dir='ltr'><strong>tamen,</strong></span> <span class='ocrx_word' id='word_1_838' title='bbox 2570 4891 2713 4958; x_wconf 87' lang='lat' dir='ltr'><strong>quod</strong></span> <span class='ocrx_word' id='word_1_839' title='bbox 2738 4894 2806 4945; x_wconf 85' lang='lat' dir='ltr'><strong>ad</strong></span> <span class='ocrx_word' id='word_1_840' title='bbox 2833 4895 3061 4963; x_wconf 79' lang='lat' dir='ltr'><strong>gloriam</strong></span> <span class='ocrx_word' id='word_1_841' title='bbox 3083 4900 3295 4961; x_wconf 85' lang='lat' dir='ltr'><strong>attinet,</strong></span> <span class='ocrx_word' id='word_1_842' title='bbox 3313 4913 3544 4968; x_wconf 69' lang='lat' dir='ltr'><strong>exagge-</strong></span> 
     </span>
    </p>
   </div>
   <div class='ocr_carea' id='block_1_111' title="bbox 1970 4974 2755 5039">
    <p class='ocr_par' dir='ltr' id='par_1_111' title="bbox 1970 4974 2755 5039">
     <span class='ocr_line' id='line_1_111' title="bbox 1970 4974 2755 5039; baseline 0.01 -14"><span class='ocrx_word' id='word_1_843' title='bbox 1970 4974 2241 5029; x_wconf 85' lang='lat' dir='ltr'><strong>rationem</strong></span> <span class='ocrx_word' id='word_1_844' title='bbox 2278 4978 2445 5030; x_wconf 88' lang='lat' dir='ltr'><strong>ullam</strong></span> <span class='ocrx_word' id='word_1_845' title='bbox 2477 4980 2755 5039; x_wconf 82' lang='lat' dir='ltr'><strong>habentia.</strong></span> 
     </span>
    </p>
   </div>
   <div class='ocr_carea' id='block_1_112' title="bbox 2163 5066 3542 5148">
    <p class='ocr_par' dir='ltr' id='par_1_112' title="bbox 2163 5066 3542 5148">
     <span class='ocr_line' id='line_1_112' title="bbox 2163 5066 3542 5148; baseline 0.01 -31"><span class='ocrx_word' id='word_1_846' title='bbox 2163 5066 2231 5118; x_wconf 85' lang='lat' dir='ltr'><strong>At</strong></span> <span class='ocrx_word' id='word_1_847' title='bbox 2254 5072 2602 5135; x_wconf 86' lang='lat' dir='ltr'><strong>operationcs</strong></span> <span class='ocrx_word' id='word_1_848' title='bbox 2623 5074 2822 5141; x_wconf 84' lang='lat' dir='ltr'><strong>quales</strong></span> <span class='ocrx_word' id='word_1_849' title='bbox 2863 5076 3031 5130; x_wconf 88' lang='lat' dir='ltr'><strong>sunt?</strong></span> <span class='ocrx_word' id='word_1_850' title='bbox 3064 5076 3373 5133; x_wconf 77' lang='lat' dir='ltr'><strong>lnell‘abiles</strong></span> <span class='ocrx_word' id='word_1_851' title='bbox 3417 5080 3542 5148; x_wconf 86' lang='lat' dir='ltr'><strong>qni-</strong></span> 
     </span>
    </p>
   </div>
   <div class='ocr_carea' id='block_1_113' title="bbox 1968 5154 3545 5232">
    <p class='ocr_par' dir='ltr' id='par_1_113' title="bbox 1968 5154 3545 5232">
     <span class='ocr_line' id='line_1_113' title="bbox 1968 5154 3545 5232; baseline 0.01 -23"><span class='ocrx_word' id='word_1_852' title='bbox 1968 5154 2092 5210; x_wconf 88' lang='lat' dir='ltr'><strong>dem</strong></span> <span class='ocrx_word' id='word_1_853' title='bbox 2151 5156 2224 5210; x_wconf 87' lang='lat' dir='ltr'><strong>ob</strong></span> <span class='ocrx_word' id='word_1_854' title='bbox 2282 5160 2752 5232; x_wconf 74' lang='lat' dir='ltr'><strong>magnitudinem,</strong></span> <span class='ocrx_word' id='word_1_855' title='bbox 2811 5168 3242 5224; x_wconf 83' lang='lat' dir='ltr'><strong>innumerabiles</strong></span> <span class='ocrx_word' id='word_1_856' title='bbox 3293 5185 3425 5223; x_wconf 77' lang='lat' dir='ltr'><strong>vero</strong></span> <span class='ocrx_word' id='word_1_857' title='bbox 3473 5171 3545 5224; x_wconf 83' lang='lat' dir='ltr'><strong>ob</strong></span> 
     </span>
    </p>
   </div>
   <div class='ocr_carea' id='block_1_114' title="bbox 1970 5247 3545 5326">
    <p class='ocr_par' dir='ltr' id='par_1_114' title="bbox 1970 5247 3545 5326">
     <span class='ocr_line' id='line_1_114' title="bbox 1970 5247 3545 5326; baseline 0.008 -27"><span class='ocrx_word' id='word_1_858' title='bbox 1970 5247 2398 5303; x_wconf 84' lang='lat' dir='ltr'><strong>multitudinem.</strong></span> <span class='ocrx_word' id='word_1_859' title='bbox 2428 5249 2564 5305; x_wconf 87' lang='lat' dir='ltr'><strong>Nam</strong></span> <span class='ocrx_word' id='word_1_860' title='bbox 2599 5268 2710 5322; x_wconf 92' lang='lat' dir='ltr'><strong>quo</strong></span> <span class='ocrx_word' id='word_1_861' title='bbox 2746 5263 2911 5324; x_wconf 82' lang='lat' dir='ltr'><strong>pacto</strong></span> <span class='ocrx_word' id='word_1_862' title='bbox 2940 5257 3303 5326; x_wconf 71' lang='lat' dir='ltr'><strong>intelligemus</strong></span> <span class='ocrx_word' id='word_1_863' title='bbox 3331 5274 3394 5313; x_wconf 80' lang='lat' dir='ltr'><strong>ea</strong></span> <span class='ocrx_word' id='word_1_864' title='bbox 3420 5274 3545 5326; x_wconf 68' lang='lat' dir='ltr'><strong>qute</strong></span> 
     </span>
    </p>
   </div>
   <div class='ocr_carea' id='block_1_115' title="bbox 1972 5336 3545 5419">
    <p class='ocr_par' dir='ltr' id='par_1_115' title="bbox 1972 5336 3545 5419">
     <span class='ocr_line' id='line_1_115' title="bbox 1972 5336 3545 5419; baseline 0.01 -28"><span class='ocrx_word' id='word_1_865' title='bbox 1972 5336 2194 5393; x_wconf 80' lang='lat' dir='ltr'><strong>fuerunt</strong></span> <span class='ocrx_word' id='word_1_866' title='bbox 2225 5347 2352 5395; x_wconf 88' lang='lat' dir='ltr'><strong>ante</strong></span> <span class='ocrx_word' id='word_1_867' title='bbox 2400 5344 2636 5398; x_wconf 60' lang='lat' dir='ltr'><strong>sarcula?</strong></span> <span class='ocrx_word' id='word_1_868' title='bbox 2663 5361 2786 5414; x_wconf 69' lang='lat' dir='ltr'><strong>quae</strong></span> <span class='ocrx_word' id='word_1_869' title='bbox 2823 5356 2980 5403; x_wconf 86' lang='lat' dir='ltr'><strong>erant</strong></span> <span class='ocrx_word' id='word_1_870' title='bbox 3016 5349 3167 5404; x_wconf 86' lang='lat' dir='ltr'><strong>illius</strong></span> <span class='ocrx_word' id='word_1_871' title='bbox 3196 5351 3545 5419; x_wconf 81' lang='lat' dir='ltr'><strong>operationes</strong></span> 
     </span>
    </p>
   </div>
   <div class='ocr_carea' id='block_1_116' title="bbox 1971 5436 3545 5510">
    <p class='ocr_par' dir='ltr' id='par_1_116' title="bbox 1971 5436 3545 5510">
     <span class='ocr_line' id='line_1_116' title="bbox 1971 5436 3545 5510; baseline 0.011 -27"><span class='ocrx_word' id='word_1_872' title='bbox 1971 5437 2102 5486; x_wconf 87' lang='lat' dir='ltr'><strong>ante</strong></span> <span class='ocrx_word' id='word_1_873' title='bbox 2151 5439 2462 5487; x_wconf 84' lang='lat' dir='ltr'><strong>creaturam</strong></span> <span class='ocrx_word' id='word_1_874' title='bbox 2514 5436 2951 5506; x_wconf 71' lang='lat' dir='ltr'><strong>intelligibilem?</strong></span> <span class='ocrx_word' id='word_1_875' title='bbox 2997 5449 3204 5510; x_wconf 77' lang='lat' dir='ltr'><strong>quanta</strong></span> <span class='ocrx_word' id='word_1_876' title='bbox 3256 5451 3440 5499; x_wconf 85' lang='lat' dir='ltr'><strong>autem</strong></span> <span class='ocrx_word' id='word_1_877' title='bbox 3475 5445 3545 5500; x_wconf 84' lang='lat' dir='ltr'><strong>ab</strong></span> 
     </span>
    </p>
   </div>
   <div class='ocr_carea' id='block_1_117' title="bbox 1969 5521 3543 5605">
    <p class='ocr_par' dir='ltr' id='par_1_117' title="bbox 1969 5521 3543 5605">
     <span class='ocr_line' id='line_1_117' title="bbox 1969 5521 3543 5605; baseline 0.011 -31"><span class='ocrx_word' id='word_1_878' title='bbox 1969 5521 2064 5575; x_wconf 91' lang='lat' dir='ltr'><strong>illo</strong></span> <span class='ocrx_word' id='word_1_879' title='bbox 2088 5522 2349 5580; x_wconf 81' lang='lat' dir='ltr'><strong>beneﬁcia</strong></span> <span class='ocrx_word' id='word_1_880' title='bbox 2376 5527 2429 5581; x_wconf 93' lang='lat' dir='ltr'><strong>in</strong></span> <span class='ocrx_word' id='word_1_881' title='bbox 2458 5530 2806 5583; x_wconf 87' lang='lat' dir='ltr'><strong>creaturam?</strong></span> <span class='ocrx_word' id='word_1_882' title='bbox 2833 5531 2899 5585; x_wconf 91' lang='lat' dir='ltr'><strong>ad</strong></span> <span class='ocrx_word' id='word_1_883' title='bbox 2920 5531 3054 5597; x_wconf 75' lang='lat' dir='ltr'><strong>haec,</strong></span> <span class='ocrx_word' id='word_1_884' title='bbox 3078 5549 3198 5603; x_wconf 67' lang='lat' dir='ltr'><strong>quae</strong></span> <span class='ocrx_word' id='word_1_885' title='bbox 3213 5542 3455 5605; x_wconf 87' lang='lat' dir='ltr'><strong>potestas</strong></span> <span class='ocrx_word' id='word_1_886' title='bbox 3475 5537 3543 5591; x_wconf 89' lang='lat' dir='ltr'><strong>ad</strong></span> 
     </span>
    </p>
   </div>
   <div class='ocr_carea' id='block_1_118' title="bbox 372 5688 3541 5785">
    <p class='ocr_par' dir='ltr' id='par_1_118' title="bbox 372 5688 3541 5785">
     <span class='ocr_line' id='line_1_118' title="bbox 372 5688 3541 5785; baseline 0.003 -41"><span class='ocrx_word' id='word_1_887' title='bbox 372 5691 391 5725; x_wconf 75' lang='grc'>³</span> <span class='ocrx_word' id='word_1_888' title='bbox 456 5688 599 5746; x_wconf 77' lang='lat' dir='ltr'><strong>Psal.</strong></span> <span class='ocrx_word' id='word_1_889' title='bbox 631 5688 789 5785; x_wconf 42' lang='lat'><strong>&quot;:06.</strong></span> <span class='ocrx_word' id='word_1_890' title='bbox 836 5688 1125 5785; x_wconf 29' lang='grc' dir='ltr'><strong>ι’.ΙᾏΡειικ</strong></span> <span class='ocrx_word' id='word_1_891' title='bbox 1165 5706 1203 5756; x_wconf 91' lang='grc' dir='ltr'><strong>ι,</strong></span> <span class='ocrx_word' id='word_1_892' title='bbox 1236 5692 1325 5785; x_wconf 58' lang='grc' dir='ltr'><strong>β.</strong></span> <span class='ocrx_word' id='word_1_893' title='bbox 1356 5692 1446 5785; x_wconf 33' lang='grc' dir='ltr'><strong>,τῇ</strong></span> <span class='ocrx_word' id='word_1_894' title='bbox 1477 5690 1497 5746; x_wconf 93' lang='lat' dir='ltr'><strong>l</strong></span> <span class='ocrx_word' id='word_1_895' title='bbox 1524 5691 1648 5785; x_wconf 51' lang='lat' dir='ltr'><strong>(Enr.</strong></span> <span class='ocrx_word' id='word_1_896' title='bbox 1684 5708 1745 5756; x_wconf 89' lang='grc' dir='ltr'><strong>ιι,</strong></span> <span class='ocrx_word' id='word_1_897' title='bbox 1773 5694 1859 5785; x_wconf 52' lang='lat' dir='ltr'><strong>l3.</strong></span> <span class='ocrx_word' id='word_1_898' title='bbox 1943 5692 2142 5752; x_wconf 69' lang='lat' dir='ltr'><strong>‘Joan.</strong></span> <span class='ocrx_word' id='word_1_899' title='bbox 2169 5709 2242 5764; x_wconf 80' lang='lat' dir='ltr'><strong>tv,</strong></span> <span class='ocrx_word' id='word_1_900' title='bbox 2269 5694 2360 5751; x_wconf 66' lang='grc' dir='ltr'>ει.</span> <span class='ocrx_word' id='word_1_901' title='bbox 2439 5694 2460 5727; x_wconf 87' lang='grc'><strong><em>⁸</em></strong></span> <span class='ocrx_word' id='word_1_902' title='bbox 2501 5695 2706 5753; x_wconf 77' lang='lat' dir='ltr'><strong>Tliren.</strong></span> <span class='ocrx_word' id='word_1_903' title='bbox 2738 5710 2814 5763; x_wconf 85' lang='lat' dir='ltr'><strong>tv,</strong></span> <span class='ocrx_word' id='word_1_904' title='bbox 2855 5691 2945 5752; x_wconf 75' lang='lat'><strong>20.</strong></span> <span class='ocrx_word' id='word_1_905' title='bbox 2998 5694 3049 5785; x_wconf 28' lang='lat' dir='ltr'><strong>I&#39;</strong></span> <span class='ocrx_word' id='word_1_906' title='bbox 3115 5690 3256 5754; x_wconf 78' lang='lat' dir='ltr'><strong>Psal.</strong></span> <span class='ocrx_word' id='word_1_907' title='bbox 3293 5713 3403 5767; x_wconf 64' lang='grc' dir='ltr'>ιιι,</span> <span class='ocrx_word' id='word_1_908' title='bbox 3453 5690 3541 5746; x_wconf 71' lang='lat' dir='ltr'><strong>lli-</strong></span> 
     </span>
    </p>
   </div>
   <div class='ocr_carea' id='block_1_119' title="bbox 297 5758 1849 5834">
    <p class='ocr_par' dir='ltr' id='par_1_119' title="bbox 297 5758 1849 5834">
     <span class='ocr_line' id='line_1_119' title="bbox 297 5758 1849 5834; baseline 0.001 -15"><span class='ocrx_word' id='word_1_909' title='bbox 297 5762 319 5796; x_wconf 87' lang='lat'><strong><em>&quot;</em></strong></span> <span class='ocrx_word' id='word_1_910' title='bbox 342 5761 501 5819; x_wconf 84' lang='lat' dir='ltr'><strong>Joan.</strong></span> <span class='ocrx_word' id='word_1_911' title='bbox 537 5777 650 5828; x_wconf 77' lang='lat' dir='ltr'><strong>xw,</strong></span> <span class='ocrx_word' id='word_1_912' title='bbox 680 5762 760 5817; x_wconf 78' lang='grc'><strong>16.</strong></span> <span class='ocrx_word' id='word_1_913' title='bbox 836 5761 857 5794; x_wconf 82' lang='grc'><strong><em>⁸</em></strong></span> <span class='ocrx_word' id='word_1_914' title='bbox 886 5758 988 5817; x_wconf 74' lang='lat' dir='ltr'><strong>Job</strong></span> <span class='ocrx_word' id='word_1_915' title='bbox 1005 5777 1201 5834; x_wconf 78' lang='lat' dir='ltr'><strong>xum,</strong></span> <span class='ocrx_word' id='word_1_916' title='bbox 1227 5764 1281 5819; x_wconf 72' lang='grc'><strong>4.</strong></span> <span class='ocrx_word' id='word_1_917' title='bbox 1356 5764 1378 5797; x_wconf 82' lang='grc'><strong>⁹</strong></span> <span class='ocrx_word' id='word_1_918' title='bbox 1406 5762 1576 5821; x_wconf 63' lang='lat' dir='ltr'><strong>Exod.</strong></span> <span class='ocrx_word' id='word_1_919' title='bbox 1609 5782 1759 5834; x_wconf 67' lang='lat' dir='ltr'><strong>uti,</strong></span> <span class='ocrx_word' id='word_1_920' title='bbox 1797 5767 1849 5821; x_wconf 80' lang='lat'><strong>5.</strong></span> 
     </span>
    </p>
   </div>
  </div>
