4086 6214
576 333 679 396 767
1784 332 2173 395 EUTHYMII
2211 332 2571 395 ZIGABENI
3728 342 3841 408 763

580 458 809 506 ventura
859 447 1105 505 stecula?
1148 446 1280 503 Erat
1308 446 1479 512 enim,
1497 445 1709 501 et'ante
1726 456 1863 511 erat,
1890 455 1949 502 et
1988 446 2150 502 simul

2258 449 2360 517 μὲν
2398 448 2511 519 γὰρ
2534 447 2630 502 καὶ
2661 448 2862 520 προῆν,
2922 450 3021 504 καὶ
3070 450 3375 522 συμπαρῆν
3421 451 3500 522 τῷ
3528 454 3706 526 Πατρὶ
3736 460 3843 511 καὶ

583 546 771 599 aderat
822 550 946 596 cum
1000 541 1159 594 Patre
1205 550 1261 595 et
1324 539 1463 594 Filio
1523 547 1651 593 ante
1693 540 1918 595 sazcula.
1966 539 2149 606 Quare

2252 541 2333 612 τῷ
2381 542 2498 613 Υἱῷ
2541 543 2647 615 πρὸ
2668 544 2779 597 τῶν
2832 544 3068 599 αἰώνων.
3122 545 3313 611 Ὥστε,
3368 547 3473 603 κᾶν
3520 565 3575 600 τι
3626 552 3835 623 νοήσῃς

582 633 798 689 etiamsi
828 633 955 701 quid
992 632 1398 701 cogitarislante
1422 631 1641 697 saecula,
1671 633 1773 690 hoc
1792 643 1969 688 tamen
1993 649 2148 704 repo-

2253 633 2364 687 τῶν
2384 634 2594 688 αἰώνων
2625 635 3082 697 ιπὲκεινα.τοῦτο
3106 638 3363 709 εὑρήσεις
3383 639 3479 693 τοῦ
3508 640 3843 710 Πνεῦματος

586 726 698 781 rias
753 724 957 795 Spiritu
1006 740 1129 780 esse
1180 724 1475 794 posterius.
1524 725 1677 790 Quod
1731 728 1775 781 si
1818 727 2154 784 creationem

585 824 827 883 reputes,
858 815 1209 868 consolidatze
1251 820 1381 867 sunt
1413 815 1679 869 cmiorum
1706 816 1938 872 virtutes
1961 832 1989 869 a
2027 817 2154 888 Spi-

584 906 725 967 ritu,
759 906 832 958 ita
878 912 937 958 ut
982 905 1472 959 consolidationem
1505 906 1778 976 intelligas
1818 908 2153 975 ﬁrmitatem,

582 1011 703 1063 qua:
755 1012 864 1049 non
919 995 1078 1047 facile
1131 995 1399 1048 bonorum
1437 995 1623 1048 babitu
1669 997 1905 1051 excidat.
1942 998 2155 1053 Etenim

582 1087 727 1157 quod
779 1086 890 1140 Deo
925 1088 1235 1155 conjunctae
1286 1094 1447 1153 sunt,
1483 1088 1739 1157 quodque
1778 1089 1846 1143 ad
1892 1092 2153 1146 malitiam

583 1178 722 1230 verti
758 1192 867 1230 non
900 1185 1129 1244 queunt,
1161 1177 1415 1247 quodque
1449 1177 1504 1229 in
1535 1178 1874 1233 beatitudine
1896 1188 2155 1250 perpetuo

586 1278 937 1336 perseverant
986 1269 1258 1332 virtutes,
1314 1267 1367 1320 id
1409 1267 1516 1320 illis
1566 1282 1597 1319 a
1656 1267 1865 1338 Spiritu
1924 1271 2153 1325 accedit.

580 1358 784 1413 Christi
828 1359 1126 1423 adventus;
1161 1356 1401 1427 Spiritus
1429 1362 1743 1426 praecurrit.
1773 1358 1831 1414 In
1869 1375 2036 1416 carne
2061 1362 2158 1417 ad-

578 1456 797 1513 ventus,
824 1456 879 1502 et
907 1446 1147 1518 Spiritus
1170 1448 1574 1517 inseparabilis.
1599 1447 1961 1519 Operationes
1982 1452 2159 1507 virtu-

580 1550 716 1603 tum,
744 1540 887 1595 dona
920 1540 1306 1605 sanationum;
1338 1541 1433 1595 sed
1461 1556 1557 1609 per
1582 1540 1845 1610 Spiritum
1874 1552 2155 1602 sanctum.

581 1629 864 1685 Daemones
895 1631 1109 1699 expulsi
1158 1631 1212 1684 in
1262 1628 1473 1700 Spiritu
1504 1630 1622 1685 Dei.
1655 1630 1919 1692 Diabolus
1952 1636 2158 1705 spolia-

580 1732 672 1775 tus
694 1730 776 1775 est
802 1722 1032 1791 imperio
1054 1722 1217 1775 simul
1248 1730 1515 1789 praesente
1539 1720 1770 1792 Spiritu.
1800 1724 2157 1783 Peccatorum

2249 710 2559 782 κατωτέρω.
2603 713 2727 766 Ἐάν
2767 731 2827 767 τε
2855 715 2955 785 τὴν
2989 716 3165 770 κτίσιν
3203 715 3537 787 ὲνθυμηοῇς,
3571 720 3842 789 ἐστερεώ-

2251 799 2420 873 θησαν
2449 804 2505 856 αἱ
2534 804 2641 857 τῶν
2686 806 2930 876 οὐρανῶν
2973 807 3234 879 δυνάμεις
3266 808 3415 877 παρά
3450 808 3543 862 τοῦ
3581 811 3840 879 Πνεύμαρ-

2248 910 2371 958 τοςο
2399 898 2501 965 τῆς
2534 896 2881 966 στερεώσεως
2918 896 3163 969 δηλονότι
3213 899 3307 951 ἐπὶ
3343 899 3403 952 τὸ
3440 899 3841 969 δνσμετὰπτωο

2247 1003 2338 1042 τον
2377 986 2479 1055 τῆς
2512 986 2619 1040 ἀπὸ
2650 987 2758 1039 τῶν
2790 987 3011 1055 ἀγαθῶν
3047 987 3213 1052 ἕξεως
3245 989 3562 1059 νοουμένης.
3620 992 3685 1043 Ἦ
3724 992 3838 1061 γὰρ

2250 1074 2387 1145 πρὸς
2416 1075 2548 1128 Θεὸν
2577 1075 2870 1141 οἰκείωσις,
2899 1077 2994 1130 καὶ
3037 1080 3097 1130 τὸ
3128 1077 3263 1149 πρὸς
3309 1079 3506 1133 κακίαν
3538 1079 3836 1151 ἄτρεπτον,

2248 1165 2343 1220 καὶ
2363 1166 2423 1218 τὸ
2442 1167 2499 1219 ὲν
2531 1166 2891 1237 μακαριότητι
2916 1167 3158 1238 διαρκὲς,
3191 1170 3343 1239 παρά
3380 1169 3475 1222 τοῦ
3508 1170 3837 1240 Πνεύματος

2246 1256 2367 1316 ταῖς
2430 1254 2714 1325 δυνάμεσι.
2922 1255 3163 1326 Χριστοῦ
3231 1257 3535 1331 ἐπιδημίαν
3612 1260 3708 1312 καὶ
3768 1261 3833 1313 τὸ

2246 1344 2472 1416 Πνεῦμα
2526 1347 2832 1417 προτρέχει.
2890 1348 3193 1418 Ἔνσαρκος
3260 1351 3563 1420 παρουσία·
3620 1353 3717 1404 καὶ
3770 1354 3835 1406 τὸ

2246 1437 2471 1508 Πνεῦμα
2496 1437 2821 1510 ἀχώριστον.
2877 1439 3259 1511 Ἐνεργήματα
3324 1441 3629 1511 δυνάμεων,
3680 1446 3841 1516 χαρί-

2248 1547 2430 1600 σματα
2452 1531 2716 1599 ἰαμάτων,
2739 1530 2825 1584 διά
2851 1530 2943 1583 τοῦ
2966 1530 3106 1583 Πνεύ
3116 1548 3281 1600 ματος
3320 1533 3413 1587 τοῦ
3438 1534 3612 1601 ἁγίου.
3637 1538 3837 1606 Δαίμο-

2246 1637 2335 1684 νες
2379 1619 2750 1691 ἀπηλαύνοντο
2783 1621 2840 1674 ὲν
2877 1620 2956 1691 τῷ
2990 1621 3267 1692 Πνεύματι
3311 1622 3408 1676 τοῦ
3445 1624 3603 1678 Θεοῦ.
3645 1627 3835 1680 Διαϐο-

2244 1708 2334 1774 λος
2375 1714 2700 1781 κατηργείτο
2739 1712 3118 1783 συμπαρόντος
3339 1714 3435 1768 τοῦ
3483 1717 3826 1786 Πνεύματος.

579 1812 723 1867 facta
751 1812 1003 1866 remissio
1025 1853 1040 1877 ,
1074 1811 1169 1867 sed
1200 1812 1255 1865 in
1283 1812 1454 1881 gratia
1486 1812 1743 1882 Spiritus.
1781 1814 1969 1868 Abluti
2016 1818 2157 1871 enim

2259 1800 2563 1873 Ἀμαρτιῶν
2613 1801 2986 1875 ἀπολύτρωσις
3018 1804 3075 1855 ὲν
3120 1806 3186 1873 τῇ
3236 1804 3418 1873 χάριτι
3448 1804 3542 1856 τοῦ
3581 1806 3830 1876 Πνεύμαυ

579 1906 705 1958 estis
748 1914 796 1957 et
847 1904 1260 1970 sanctiﬁcati'in
1305 1905 1515 1959 nomine
1566 1904 1778 1958 Domini
1823 1909 1990 1962 nostri
2027 1907 2157 1963 Iesu

2244 1909 2354 1956 τος.
2403 1893 2842 1947 Ὰπελούσασθε
2865 1894 2976 1962 γὰρ
2998 1894 3095 1947 καὶ
3132 1893 3458 1963 ἡγιάσθητε
3479 1896 3549 1948 ἐν
3580 1896 3658 1962 τῷ
3689 1899 3827 1951 6rd-

584 1997 801 2059 Christi,
831 2005 880 2048 et
911 1996 964 2048 in
988 1994 1192 2063 Spiritu
1216 2004 1401 2049 sancto
1428 1998 1470 2050 ⁸.
1499 1994 1835 2065 Conjunctio
1889 2013 2013 2052 cum
2045 1998 2157 2054 Deo

2244 2001 2380 2060 ματι
2406 1984 2513 2039 τοῦ
2550 1987 2771 2054 Κυρίου
2813 1986 2985 2055 ἡμῶν
3026 1985 3232 2055 Ἰησοῦ
3276 1988 3561 2054 Χριστοῦ,
3614 1990 3711 2042 καὶ
3754 1991 3825 2043 ἐν

578 2088 638 2139 lit
688 2102 784 2155 per
833 2085 1118 2154 Spiritum.
1158 2083 1309 2137 Μίδίι
1354 2088 1489 2139 enim
1532 2086 1674 2139 Deus
1716 2085 1973 2153 Spiritum
2022 2086 2154 2142 Filii

575 2177 662 2230 sui
694 2178 748 2229 in
772 2176 937 2229 corda
984 2186 1190 2239 nostra,
1226 2175 1566 2237 clamantem,
1599 2176 1751 2229 Abba
1783 2176 1947 2228 Pater
1974 2179 2013 2230 ³.
2047 2177 2154 2231 Re-

575 2268 851 2322 surrectio
883 2283 912 2320 a
942 2271 1197 2329 mortuis.
1230 2264 1472 2335 Spiritus
1498 2267 1717 2321 virtute.
1747 2266 1971 2320 Emittes
1993 2268 2157 2336 siqui-

575 2359 692 2413 dem
712 2358 968 2428 Spiritum
1015 2366 1183 2419 tuum,
1215 2367 1261 2410 et
1295 2356 1634 2420 creabantur,
1670 2366 1717 2411 et
1760 2357 2037 2411 renovabis
2065 2359 2154 2425 {a-

577 2450 708 2503 ciem
761 2440 915 2502 terra?
944 2449 984 2502 ³.
1040 2448 1164 2503 Sive
1216 2447 1342 2517 quis
1398 2448 1733 2503 creationem
1794 2448 2032 2518 accipiat
2088 2448 2157 2504 de

574 2540 971 2594 cxstinctorum
1003 2538 1413 2604 reviviscentia;
1441 2554 1506 2591 an
1548 2554 1655 2592 non
1686 2554 1883 2609 magna
1917 2537 2155 2608 Spiritus

577 2629 849 2697 operatio,
879 2628 971 2696 qui
1019 2628 1178 2681 nobis
1210 2627 1522 2697 suppeditat
1574 2626 1738 2681 vitam
1786 2642 1852 2681 ex
1903 2643 2155 2683 resurre-

576 2719 774 2779 ctione,
800 2726 854 2771 ct
881 2717 945 2771 ad
971 2716 1309 2785 spiritualem
1342 2715 1488 2766 illam
1511 2715 1675 2766 vitam
1703 2714 1916 2767 animas
1936 2727 2155 2769 noszras

576 2806 835 2875 adoptat?
866 2804 994 2859 Sive
1042 2804 1250 2858 creatio
1283 2804 1499 2857 dicatur
1528 2818 1653 2857 esse
1689 2817 1902 2867 eorum,
1942 2803 2036 2872 qui
2069 2804 2158 2860 hic

577 2911 670 2964 per
700 2902 983 2963 peccatum
1015 2893 1150 2957 lapsi
1184 2900 1347 2957 sunt,
1379 2890 1433 2943 in
1481 2891 1760 2944 meliorem
1794 2898 1997 2944 statum
2030 2906 2155 2945 mu-

498 3016 501 3019 »
577 2985 707 3039 talio
726 2991 871 3055 (nam
904 2984 977 3041 ita
1011 2997 1227 3052 quoque
1263 2996 1654 3048 nonnunquam
1680 2981 2155 3051 usurpaturjuxta

577 3073 878 3144 Scriptura:
908 3069 1384 3134 consuetudinem,
1420 3070 1571 3123 velut
1603 3084 1727 3122 cum
1760 3067 1966 3125 Paulus
1995 3069 2152 3133 dicit,

578 3164 630 3220 Si
668 3182 772 3235 qua
817 3165 870 3217 in
917 3161 1127 3218 Christo
1157 3177 1286 3215 nova
1315 3169 1563 3214 creatura
1591 3158 1670 3229 δ),
1709 3160 1993 3213 renovatio
2037 3172 2157 3227 qua?

2244 3175 2514 3246 ἁμαρτίας
2548 3173 3006 3227 διαπεπτωκότων
3046 3172 3137 3225 ἐπὶ
3167 3172 3227 3224 τὸ
3266 3171 3473 3241 βέλτιον

577 3260 663 3312 hic
689 3260 778 3323 lit,
816 3266 872 3313 et
904 3272 935 3311 a
965 3256 1079 3312 vita
1109 3256 1359 3311 terrestri
1407 3268 1472 3308 ac
1513 3252 1845 3307 turbulentis
1871 3250 2157 3307 alIectibus

578 3350 813 3406 obnoxia
838 3349 905 3404 ad
930 3349 1209 3405 caelestem
1237 3345 1718 3402 conversationem
1745 3342 2154 3405 transmutatio,

578 3456 698 3512 quae
729 3440 789 3494 ﬁt
817 3441 873 3494 in
904 3440 1062 3494 nobis
1109 3455 1203 3508 per
1243 3438 1544 3508 Spiritum,
1576 3433 1643 3488 ad
1676 3448 1943 3490 summam
1978 3433 2155 3489 admi-

578 3532 845 3587 rationem
870 3530 1089 3584 deducit
1119 3529 1335 3583 animos
1358 3534 1600 3581 nostros.
1628 3522 1687 3576 ln
1717 3524 1804 3578 his
1830 3529 2011 3576 utrum
2043 3537 2158 3575 me-

577 3633 732 3677 tuere
760 3623 1045 3681 debemus,
1076 3637 1144 3675 ne
1168 3619 1489 3689 dignitatem
1517 3613 1827 3670 immodicis
1854 3613 2158 3668 honoribus

576 3715 1043 3785 transgrediamur
1066 3713 1088 3766 ?
1107 3728 1175 3766 an
1198 3717 1414 3776 contra,
1435 3725 1502 3763 ne
1518 3708 1667 3762 illius
1682 3706 1958 3761 notionem
1975 3704 2040 3758 ad
2056 3704 2159 3758 hu-

577 3807 722 3861 milia
734 3805 1128 3875 deprimamus,
1146 3800 1359 3858 etiamsi
1377 3800 1656 3854 videamur
1676 3797 1911 3852 maxima
1923 3795 1990 3850 de
2001 3810 2065 3850 eo
2080 3795 2157 3849 lo-

576 3898 691 3967 qui,
715 3913 836 3967 qua:
854 3895 1074 3966 quidem
1094 3895 1329 3948 humana
1344 3900 1527 3946 mente
1541 3890 1754 3958 concipi
1776 3929 1792 3955 ,
1812 3888 2158 3958 humanaque

576 3988 757 4060 lingua
782 3990 1017 4056 proferri
1042 3986 1312 4055 possunt?
1344 3982 1468 4036 llaec
1484 3982 1618 4035 dicit
1640 3980 1881 4050 Spiritus
1906 3986 2155 4045 sanctus,

575 4081 720 4134 sicut
737 4079 850 4131 hmc
866 4078 999 4131 dicit
1018 4075 1311 4129 Dominus:
1330 4072 1614 4133 Descende,
1636 4080 1685 4124 et
1705 4086 1857 4140 perge
1882 4086 1999 4123 cum
2021 4070 2154 4131 illis,

576 4168 708 4222 nihil
730 4168 1004 4231 hwsitans,
1020 4165 1273 4235 quoniam
1288 4179 1378 4232 ego
1397 4163 1517 4215 misi
1543 4160 1661 4215 illos
1687 4164 1729 4215 '.
1746 4159 1883 4213 Num
1904 4159 2017 4213 haec
2030 4166 2157 4213 sunt

577 4260 772 4329 abiecti
788 4274 853 4313 ac
871 4266 1017 4313 metu
1039 4256 1377 4312 consternati
1396 4255 1557 4310 verba
1573 4254 1856 4322 ?Separate
1870 4252 1999 4306 mihi
2016 4251 2155 4305 Bar-

578 4351 772 4403 nabam
786 4360 833 4403 et
849 4348 1070 4404 Saulum
1102 4348 1155 4400 in
1174 4362 1301 4414 opus
1319 4346 1388 4399 ad
1530 4344 1666 4413 quod
1698 4343 1947 4397 accersiri
1970 4341 2090 4395 illos
2112 4345 2152 4393 ⁸.

2245 2080 2325 2147 τῷ
2358 2080 2655 2147 Πνεύματι
2680 2079 2760 2145 τῷ
2785 2080 2957 2148 ἁγίῳ.
3116 2081 3403 2144 Οἰκείωσις
3435 2083 3567 2151 πρὸς
3584 2083 3717 2135 Θεὸν
3740 2084 3825 2136 διὰ

2242 2171 2333 2225 τοῦ
2352 2170 2682 2243 Πνεύματος.
2722 2170 3144 2235 Ἐξαπέστειλε
3170 2173 3279 2240 γὰρ
3310 2175 3341 2226 ὀ
3371 2173 3513 2239 Θεὸς
3543 2174 3610 2226 τὸ
3638 2176 3826 2228 Πνεῦ-

2238 2281 2323 2334 μα
2346 2265 2452 2318 τοῦ
2484 2263 2617 2317 Υὶοῦ
2644 2262 2831 2316 αὑτοῦ
2854 2263 2924 2316 ἐν
2965 2262 3094 2333 ταῖς
3145 2262 3417 2329 καρδίαις
3452 2263 3653 2331 ἡμῶν,
3687 2264 3825 2332 κρά-

2241 2353 2372 2415 ζογ·
2418 2354 2589 2410 Ἀϐϐιῖ
2628 2358 2660 2409 ό
2690 2354 2915 2423 Πατήρ.
2964 2353 3029 2406 Ἦ
3080 2354 3145 2407 ὲκ
3190 2353 3397 2423 νεκρῶν
3444 2352 3819 2418 ἐξανάστασις.

2241 2449 2307 2517 τῇ
2340 2447 2590 2517 ἐνεργείᾳ
2622 2446 2715 2499 τοῦ
2744 2444 3084 2516 Πνεύματος.
3120 2445 3576 2511 Ἐξαποστελεῖς
3614 2447 3724 2515 γὰρ
3757 2448 3824 2501 τὸ

2241 2538 2484 2607 Πνεῦμά
2511 2553 2648 2600 σου,
2688 2538 2785 2591 καὶ
2822 2536 3278 2604 κτισθήσονται,
3326 2537 3424 2589 καὶ
3453 2538 3823 2605 (iraira/rtng

2241 2628 2308 2681 τὸ
2335 2630 2662 2697 πρόσωπον
2697 2627 2803 2695 τῆς
2830 2627 2962 2697 γῆς.
3002 2629 3124 2681 Εἴτε
3157 2628 3254 2699 τὴν
3295 2629 3471 2682 κτίσιν
3501 2647 3584 2692 τις
3614 2629 3824 2698 ἐκλαμο

2243 2718 2393 2772 ϐἀνοι
2438 2719 2533 2771 ἐπὶ
2581 2719 2682 2789 τῆς
2734 2719 2843 2771 τῶν
2880 2718 3233 2771 διαλυθέντων
3273 2718 3655 2780 ἀναϐιώσεως,
3707 2718 3824 2781 πῶς

2241 2810 2303 2863 οὐ
2353 2810 2561 2879 μεγάλη
2615 2809 2709 2862 τοῦ
2743 2809 3123 2880 Πνεύματοςὴ
3163 2810 3433 2880 ἐνέργεια,
3478 2810 3571 2862 τοῦ
3616 2812 3823 2862 οἰκονο-

2243 2896 2468 2970 μοῦντος
2500 2901 2630 2970 ἡμῖν
2663 2900 2751 2952 τὸν
2780 2900 2839 2963 ἐξ
2864 2899 3213 2962 ἀναστάσεως
3240 2899 3372 2968 βίον,
3412 2898 3507 2953 καὶ
3545 2900 3680 2969 πρὸς
3719 2900 3825 2969 τὴν

2240 2991 2624 3062 πνευματικὴν
2658 2991 2872 3061 ἐκείνην
2919 2991 3065 3062 ζωὴν
3106 2992 3204 3054 τὰς
3239 2992 3418 3062 ψυχὰς
3450 2992 3603 3060 ἡμῶν
3651 3009 3827 3060 μετα-

2241 3082 2632 3153 ρυθμίζοντος;
2659 3081 2781 3135 Εἴτε
2831 3081 3041 3150 λέγοιτο
3072 3081 3246 3143 κτίσις
3275 3083 3306 3151 ἡ
3337 3079 3571 3134 ἐνταῦθα
3609 3082 3719 3133 τῶν
3764 3082 3825 3148 ἐξ

3656 3189 3824 3242 μετα-

2241 3263 2508 3333 κόσμησις
2530 3261 2785 3332 (λέγεται
2814 3260 2921 3333 γὰρ
2943 3261 3036 3314 καὶ
3066 3260 3210 3314 οὕτω
3240 3261 3379 3315 κατά
3401 3260 3498 3331 τὴν
3533 3262 3829 3333 συνήθειαν

2240 3351 2338 3422 τῆς
2378 3352 2416 3403 Γ
2421 3351 2619 3423 ραφῆς,
2659 3349 2734 3412 ὡς
2759 3350 2885 3403 ὅταν
2909 3349 3118 3412 Παῦλος
3159 3349 3293 3420 λέγῃ
3313 3366 3327 3379 ⁸
3357 3349 3430 3403 ΕΖ
3459 3366 3551 3415 τις
3578 3351 3650 3403 ἐν
3687 3353 3823 3418 Χρι-

2241 3441 2366 3507 στῷ
2404 3440 2580 3510 καινὴ
2612 3440 2862 3510 κτίσις),
2915 3440 3008 3493 καὶ
3036 3442 3064 3493 ό
3102 3439 3336 3493 ἐνταῦθα
3370 3441 3552 3492 τοίνυν
3592 3442 3817 3495 ἀνακαι-

2242 3532 2449 3603 νισμὸς,
2482 3532 2577 3585 καὶ
2621 3534 2654 3603 ἡ
2705 3532 2812 3585 ἀπὸ
2837 3531 2937 3602 τῆς
2968 3532 3160 3601 γηῖνης
3211 3532 3305 3584 καὶ
3351 3531 3640 3601 ὲμπαθοῦς
3678 3533 3810 3601 ζωῆς

2242 3624 2335 3677 ἐπὶ
2358 3624 2453 3695 τὴν
2488 3624 2738 3695 οὐράνιον
2766 3622 3040 3676 πολιτείαν
3068 3622 3372 3694 μεταϐολὴ,
3406 3622 3493 3676 διὰ
3531 3625 3628 3675 τού
3657 3623 3820 3676 Ilvati-

2246 3733 2414 3786 ματος
2450 3718 2579 3787 ἡμῖν
2604 3716 2885 3787 γινομένη,
2922 3717 3014 3769 ἐπὶ
3043 3716 3222 3768 πᾶσαν
3268 3714 3577 3785 ὑπερϐολὴν
3613 3715 3826 3783 θαύμα-

2240 3825 2332 3870 τος
2364 3808 2463 3871 τὰς
2494 3808 2671 3879 ψυχὰς
2703 3809 2858 3879 ἡμῶν
2910 3808 3120 3877 ἀνάγει.
3164 3806 3287 3859 Ἐπὶ
3338 3805 3549 3869 τούτοις
3596 3807 3826 3877 πότερον

2245 3898 2570 3969 φοϐηθῶμεν
2594 3898 2669 3970 μὴ
2697 3899 2794 3970 τὴν
2819 3898 2973 3965 ἀξίαν
2998 3898 3325 3970 ύπερϐῶμεν
3353 3900 3471 3959 ταῖς
3500 3898 3825 3968 ὑπερϐολαῖς

2242 3990 2349 4043 τῶν
2373 3990 2575 4061 τιμῶνε
2615 3989 2728 4059 ἢτὸ
2746 3988 3007 4054 ἐναντίον,
3048 3988 3122 4060 μὴ
3169 3990 3247 4052 εἰς
3276 3988 3529 4041 ταπεινὸν
3691 4005 3823 4041 κατ-

2241 4081 2541 4149 αγάγωμεν
2587 4078 2684 4149 τὴν
2718 4080 2847 4150 περὶ
2891 4079 3055 4133 αὑτοῦ
3092 4078 3320 4141 ἔννοιαν,
3360 4079 3464 4132 κᾶν
3500 4077 3569 4130 τὰ
3595 4078 3827 4148 μέγιστα

2240 4168 2478 4239 δόξωμεν
2522 4170 2606 4222 ἐπ’
2638 4169 2786 4239 αύτῷ
2827 4171 2934 4222 τῶν
2978 4168 3037 4233 ἐξ
3082 4167 3430 4239 ἀνθρωπίνης
3462 4168 3702 4231 διανοίας
3731 4169 3827 4221 καὶ

2242 4258 2489 4330 γλώττης
2535 4258 2958 4331 προφερομένων
2996 4255 3362 4327 φθέγγεσθαι;
3395 4256 3533 4310 Τάδε
3586 4255 3732 4322 λέγει
3764 4255 3827 4307 τὸ

2242 4349 2467 4421 Πνεῦμα
2492 4349 2553 4403 τὸ
2587 4351 2760 4419 ἅγιον,
2787 4350 2862 4413 ὡς
2895 4350 3020 4402 τάδε
3049 4348 3194 4417 λέγει
3229 4348 3433 4418 Κύριος
3454 4364 3468 4377 ο
3504 4347 3820 4414 Κατάϐηθι.

576 4440 715 4494 Num
748 4456 939 4495 servus
968 4440 1042 4492 ita
1076 4437 1354 4507 loquitur?
1385 4434 1449 4490 Et
1474 4434 1644 4491 Isaias
1677 4452 1691 4487 :
1720 4434 1979 4488 Dominus
2013 4433 2155 4486 misit

2244 4442 2341 4496 καί
2375 4443 2636 4509 πορεύου
2677 4441 2799 4494 σὺν
2834 4440 3070 4505 αὐτοῖς,
3119 4438 3314 4508 μηδὲν
3353 4439 3823 4507 διακρινόμενος,

577 4550 679 4598 me,
707 4542 755 4586 et
782 4532 1015 4601 Spiritus
1046 4531 1158 4600 ejus
1197 4534 1216 4567 τ
1241 4551 1256 4598 ;
1290 4536 1345 4584 et
1366 4570 1381 4594 ,
1420 4527 1697 4583 Descendit
1724 4526 1953 4596 Spiritus
1983 4543 2015 4579 a
2047 4524 2157 4577 Do-

581 4626 746 4688 mino,
774 4634 823 4677 et
867 4621 1086 4675 deduxit
1116 4622 1238 4675 illos
1296 4623 1339 4675 '.
1379 4620 1449 4673 At
1476 4634 1543 4673 ne
1574 4633 1770 4672 rursus
1806 4616 1940 4670 mihi
1980 4613 2156 4670 dedu-

579 4717 813 4769 ctionem
859 4713 1101 4783 accipias
1132 4727 1229 4782 pro
1266 4711 1457 4765 humili
1508 4708 1835 4763 ministerio.
1884 4704 2018 4759 Nam
2051 4705 2156 4760 hoc

577 4823 717 4877 opus
746 4806 913 4860 etiam
956 4806 1050 4860 Dei
1079 4820 1203 4860 esse
1236 4813 1470 4858 testatur
1505 4801 1814 4870 Scriptura.
1848 4792 2152 4860 Deduxisti,

576 4898 783 4966 inquit,
815 4898 953 4949 sicut
988 4912 1104 4949 oves
1136 4895 1381 4962 populum
1416 4906 1565 4945 mum
1606 4899 1625 4928 '
1652 4908 1668 4957 ;
1699 4900 1780 4955 et,
1812 4890 1914 4955 Qui
1944 4889 2155 4944 deducis

578 4985 718 5039 velut
740 5002 883 5039 orem
916 4985 1112 5055 Joseph
1142 4985 1220 5049 ¹⁰;
1256 4992 1330 5047 et,
1364 4982 1595 5038 Deduxi!
1623 4997 1712 5035 eos
1739 4982 1793 5035 in
1831 4997 1942 5050 spe,
1971 4991 2021 5035 et
2040 4997 2154 5036 non

576 5080 867 5132 timuerunt
893 5074 1224 5132 ".Proinde
1279 5090 1403 5130 cum
1448 5072 1710 5139 audieris,
1770 5070 1905 5127 Cum
1943 5071 2147 5125 venerit

577 5169 911 5235 Paracletus,
962 5169 1051 5223 ille
1073 5169 1214 5222 vobis
1242 5176 1502 5238 suggeret,
1548 5183 1612 5221 ac
1639 5182 1725 5221 vos
1759 5165 1915 5219 ducet
1941 5165 1996 5217 in
2030 5180 2150 5217 om-

579 5278 693 5316 nem
722 5262 1053 5317 veritatemu
1089 5278 1105 5317 :
1131 5261 1309 5330 cogita
1328 5259 1736 5325 deductionem,
1766 5257 1928 5313 sicuti
1950 5257 2146 5312 doctus

580 5370 679 5420 es;
707 5370 777 5409 ne
794 5354 1147 5410 calumnieris
1196 5354 1514 5422 cogitatum.

2241 4535 2393 4590 διότι
2420 4533 2536 4602 ἐγὼ
2564 4533 2787 4599 αὐτοὺς
2814 4533 3188 4586 ἀπέσταλκα.
3239 4532 3330 4601 Μὴ
3364 4531 3620 4583 ταπεινοῦ
3652 4530 3825 4584 ταῦτα

2242 4627 2337 4682 xui.
2383 4625 2786 4695 κατεπτηχότος
2825 4625 2894 4677 τά
2938 4626 3194 4694 ρήματα;
3238 4624 3583 4691 Ἀφορίσατε
3614 4621 3687 4686 δή
3723 4638 3825 4689 μοι

2242 4717 2557 4786 Βαρνάϐαν
2583 4716 2682 4769 καί
2714 4716 2821 4768 τὸν
2844 4715 3085 4768 Σαῦλον
3125 4714 3313 4779 εἱςατὸ
3355 4714 3532 4781 ἔργον
3563 4712 3592 4764 ὃ
3638 4726 3825 4777 πίνεσ-

2242 4810 2537 4878 κέκλημαι
2563 4808 2806 4873 αὐτούς.
2834 4806 2926 4876 Μὴ
2942 4805 3127 4867 δοῦλος
3158 4803 3302 4857 οὔτω
3348 4805 3679 4873 φθέγγεταις
3714 4800 3827 4854 Καὶ

2242 4902 2271 4954 ὁ
2311 4900 2540 4962 Ἡσαΐας
2560 4916 2573 4927 θ
2604 4900 2822 4965 Κύριος
2847 4894 3197 4970 ἀπέσταλκέ
3218 4912 3315 4963 με,
3346 4894 3441 4945 καὶ
3478 4892 3543 4944 τὸ
3584 4890 3825 4959 Πνεῦμα

2243 4992 2463 5047 αὐτοῦ’
2512 4991 2641 5053 καὶ,
2688 4988 2915 5055 Κιιτέϐη
2959 4987 3203 5055 Πνεῦμα
3237 4984 3396 5051 παρὰ
3442 4984 3686 5050 Κυρίου,
3728 4979 3826 5033 και

2253 5072 2571 5143 ὡδήγησεν
2589 5070 2833 5136 αὐτούς.
2870 5070 2979 5123 Καὶ
3010 5070 3085 5138 μή
3115 5085 3205 5136 μοι
3255 5065 3355 5133 τὴν
3385 5063 3611 5133 ὀδηγξαν
3664 5061 3826 5112 πάλιν

2259 5168 2339 5230 εἰς
2360 5163 2623 5238 ταπεινὴν
2650 5164 2929 5217 διακονίαν
2960 5161 3219 5231 ὲκλάϐῃς.
3240 5157 3412 5211 Τοῦτο
3442 5158 3551 5225 γὰρ
3578 5154 3673 5207 καὶ
3695 5150 3827 5205 Θεοῦ

2261 5259 2422 5328 ἔργον
2475 5253 2615 5311 εἶναι
2662 5258 2689 5309 ό
2727 5255 2884 5322 λόγος
2953 5252 3405 5323 διαμαρτύρεται.
3471 5247 3828 5315 Ὠδήγησας,

2264 5353 2453 5421 φησιν,
2483 5352 2564 5415 ὡς
2583 5352 2849 5418 πρόϐατα
2868 5349 3144 5401 τὸνλαόν
3164 5358 3303 5399 σου⁶
3348 5342 3467 5407 καὶ,
3507 5339 3569 5395 Ὀ
3602 5335 3835 5404 ὁδηγῶν

582 5446 725 5502 ὡσεί
780 5449 1081 5517 πρόϐατον
1115 5447 1223 5502 τόν
1265 5446 1502 5515 ἰωσήφο
1561 5444 1662 5499 καί
1712 5445 2048 5516 Ὠδήγησεν
2066 5441 2289 5512 αὐτοὺς
2321 5446 2415 5499 ἐπ’
2458 5444 2683 5512 ἐλπίδι,
2735 5442 2837 5498 καὶ
2882 5442 2994 5496 οὐκ
3040 5438 3417 5495 ἐδειλίασαν.
3478 5435 3648 5489 Ὥστε
3708 5432 3837 5484 ὅταν

659 5605 725 5656 ¹ῐ
771 5602 897 5657 Cor.
954 5614 1030 5663 vt,
1080 5601 1168 5658 ll.
1242 5603 1262 5633 '
1291 5602 1467 5657 Galat.
1512 5617 1588 5666 tv,
1628 5600 1682 5657 6.
1760 5602 1780 5634 ³
1822 5602 1965 5659 Psal.
2018 5618 2134 5668 Clll,
2176 5603 2267 5659 30.
2345 5606 2367 5637 ⁸
2408 5604 2449 5658 ll
2492 5602 2618 5658 Cor.
2658 5616 2710 5667 ν,
2744 5600 2830 5655 l7.
2905 5597 2929 5631 ⁵
2961 5596 3081 5651 Art.
3116 5594 3294 5659 1,20.

588 5674 608 5704 "
644 5673 970 5743 Isaeum.
997 5673 1083 5727 16.
1161 5674 1182 5706 ⁸
1214 5674 1493 5743 lsa.t.xnt,
1529 5675 1615 5729 14.
1692 5677 1711 5707 ⁸
1761 5674 1907 5729 Γε·ιΙ.
1948 5688 2133 5742 Lxxvn,
2165 5676 2258 5732 21.

592 5755 700 5805 xw,
747 5740 852 5807 26;
882 5756 991 5805 ινι,
1028 5743 1115 5799 15.

3393 5598 3415 5630 ⁸
3450 5594 3573 5647 Act.
3607 5608 3729 5651 xnl.
3782 5590 3840 5643 2.

2336 5680 2378 5709 ¹⁰
2410 5673 2553 5731 l’snl.
2584 5662 2773 5742 Lxxix,
2808 5671 2862 5727 1.
2941 5671 2981 5703 ¹¹
3026 5669 3172 5726 Psal.
3205 5683 3411 5734 unn,
3433 5666 3525 5719 55.
3611 5665 3653 5696 ⁸³
3678 5662 3841 5717 Joan.
