4086 6214
324 219 432 284 769

1284 220 1658 283 PANOPLIA
1698 219 2154 284 DOGMATICA.
2191 247 2258 258 -
2297 222 2445 285 TlT.
2484 223 2627 285 XII.

3470 233 3577 297 ἹΤο

321 338 592 410 ἀκούσῃς,
623 335 704 390 δτι
725 335 912 392 ὀταν
961 338 1111 407 ελθῃ
1156 339 1192 393 ὀ
1222 339 1635 407 Παράλιλητος,
1678 336 1911 405 ἐκεῖνος
1963 342 2121 410 ὑμας
2165 340 2504 411 ἀναμνήσει
2545 341 2646 396 καί
2685 341 2972 414 ὁδηγήσει
3021 344 3172 414 πρὸς
3206 343 3415 402 πᾶσαν
3463 346 3580 416 τὴν

320 431 642 501 ἀλήθειαν,
663 433 764 504 τὴν
784 433 1126 503 ὁδηγίαν,ὡς
1153 433 1460 505 ἐδιδάχθης,
1490 433 1622 490 νόειο
1654 434 1730 505 μὴ
1751 436 2076 505 συκοφάντει
2108 436 2210 506 τὴν
2261 437 2491 491 ἔννοιαν.

407 527 572 581 Ἀλλά
643 527 754 582 Καὶ
799 530 1181 599 ἐντυγχάνει.
1247 531 1436 600 φησὶν,
1484 529 1640 598 ὑπὲρ
1703 529 1892 598 ἡμῶν

2071 529 2162 593 At,
2226 531 2439 601 inquies
2464 573 2479 598 ,

322 627 487 680 Ὥστε
507 628 630 680 ὅσον
657 627 843 698 ἱκέτης
863 625 956 680 τοῦ
983 627 1267 699 εὐεργέτου
1291 627 1556 688 λείπεται,
1575 626 1828 679 τοσοῦτον
1842 625 1906 678 τὸ

320 719 551 788 Πνεῦμα
593 719 735 772 κατὰ
768 719 866 790 τὴν
910 718 1067 785 ἀξίαν
1109 719 1472 772 ἀποπέπτωκε
1509 719 1601 772 τοῦ
1635 719 1794 772 Θεοῦ.
1828 719 1902 773 Σύ

317 809 377 860 δὲ
404 809 556 861 οῦπω
596 811 837 880 ἤκουσας
876 812 1004 882 περὶ
1037 811 1129 864 τοῦ
1171 811 1528 877 Μονογενοῦς,
1559 811 1640 863 ὅτι
1669 811 1815 862 ἐστὶν
1844 810 1906 864 ἐν

315 899 476 971 δεξιᾷ
511 902 602 954 τοῦ
639 901 797 964 Θεοῦ,
831 903 926 954 καὶ
957 903 1273 973 ἐντυγχάνει
1301 903 1438 973 ὑπὲρ
1461 901 1652 972 ήμῶν;
1687 903 1776 972 Μὴ
1810 899 1903 955 οὐν

315 994 402 1046 ὅτι
440 994 502 1046 τὸ
529 993 752 1064 Πνεῦμα
778 997 834 1047 ὲν
859 997 941 1047 σοὶ
969 995 1148 1064 (εἴπερ
1179 995 1241 1066 δὴ
1270 996 1405 1058 δλως
1432 997 1489 1046 ὲν
1517 995 1640 1063 σοι),
1671 994 1792 1065 μηδ’
1816 996 1900 1048 δτι

317 1083 814 1150 ἀποτυφλωθέντας
863 1085 1011 1155 ἡμᾶς
1063 1085 1199 1155 πρὸς
1237 1085 1335 1155 τὴν
1370 1085 1598 1156 ἐκλογὴν
1631 1085 1724 1138 τοῦ
1760 1103 1898 1155 συμ-

319 1176 581 1246 φέροντος
629 1176 902 1241 διδάσκει,
946 1177 1042 1230 καὶ
1088 1177 1305 1249 ὁδηγεῖ,
1331 1177 1520 1230 τούτου
1568 1178 1750 1231 ἕνεκεν
1801 1179 1899 1248 τὴν

317 1266 518 1336 εὐσεϐῆ
565 1267 660 1318 καὶ
693 1267 847 1319 ὁσίαν
891 1269 1020 1338 περὶ
1046 1268 1211 1322 αὐτοῦ
1258 1268 1415 1332 δόξαν
1593 1267 1896 1340 ζημιωθῇς.

331 1357 642 1429 Ύπερϐολὴ
673 1358 780 1430 γὰρ
822 1360 1214 1432 ἀγνωμοσύνης
1251 1360 1407 1413 τοῦτό
1434 1376 1521 1428 γε,
1561 1361 1669 1430 τὴν.
1706 1359 1896 1430 φιλαν-

317 1444 568 1516 θρωπίαν
605 1447 698 1500 τοῦ
743 1448 1031 1518 εὐεργέτου
1069 1448 1319 1519 ἀφορμὴν
1357 1448 1680 1519 ἀχαριστίας
1724 1451 1897 1501 ποιεῖν

315 1537 468 1591 σθαι.
512 1538 601 1609 Μὴ
637 1534 731 1592 οὖν
764 1538 990 1605 ,λυπεῖτε
1037 1539 1098 1592 τὸ
1127 1540 1352 1609 Πνεῦμα
1387 1539 1448 1592 τὸ
1489 1540 1662 1607 ἅγιον.
1707 1538 1897 1594 Ἀκούο

313 1645 450 1680 σατε
497 1629 549 1680 τί
581 1645 744 1700 φησιν
803 1631 835 1699 ἡ
872 1630 1092 1700 ἀπαρχὴ
1125 1630 1232 1682 τῶν
1282 1629 1573 1700 μαρτύρων
1603 1629 1892 1698 Στέφανος,

309 1719 376 1771 τὸ
423 1720 711 1783 δυσπειθὲς
757 1720 853 1773 καὶ
897 1721 1268 1773 ἀνυπότακτον
1318 1719 1396 1790 τῷ
1452 1719 1566 1790 λαῷ
1599 1721 1890 1784 ὀνειδίζων.

322 1810 546 1878 Ὑμεῖς,
589 1813 783 1881 φησὶν,
825 1813 916 1866 ἀεὶ
969 1810 1048 1876 τῷ
1075 1812 1372 1879 Πνεύματι
1418 1811 1497 1876 τῷ
1548 1813 1693 1882 ἁγίῳ
1732 1815 1893 1867 ἀντι-

307 1903 582 1956 πίπτετε.
647 1903 757 1956 Kal
808 1903 968 1956 πάλιν
1013 1904 1041 1954 ὁ
1094 1904 1322 1966 Ἡσαΐας
1345 1920 1358 1933 ·
1414 1903 1780 1971 Παρώξυναν
1823 1904 1889 1957 τὸ

312 1991 557 2060 Πνεῦμα
581 1991 644 2044 τὸ
667 1991 858 2060 ἅγιον,
884 1992 979 2044 καὶ
1007 1991 1272 2060 ἐστράφη
1303 1991 1506 2056 αὐτοῖς
1526 1995 1610 2058 είς
1631 1994 1853 2062 ἔχθραν
1869 2008 1884 2024 ⁸

311 2085 407 2137 καὶ
454 2084 712 2154 ἑτέρωθι·
754 2085 816 2137 '0
843 2080 1007 2148 οἶκος
1034 2082 1139 2136 τοῦ
1176 2083 1382 2136 Ἰακὼϐ
1559 2085 1889 2152 παρώρτισε

311 2176 376 2226 τὸ
411 2173 652 2241 Πνεῦμα
680 2175 900 2240 Κυρίου
922 2190 934 2201 ο
969 2175 1016 2224 εί
1051 2172 1125 2243 μὴ
1153 2171 1564 2241 ὲξουσιαστικῆς
1602 2170 1885 2241 δυνάμεως

311 2264 698 2332 παραστατικά
745 2264 814 2316 τὰ
864 2263 1126 2328 τοιαῦτα;
1155 2264 1232 2333 Τῇ
1295 2263 1402 2316 τῶν
1453 2261 1886 2330 ἐντυγχανόντων

311 2356 493 2426 κρίσει
523 2353 784 2422 παρίημι.

962 2445 1191 2516 Κεφάλ.
1226 2445 1300 2501 κ’.

382 2537 524 2592 οῦτι
575 2534 766 2589 δοῦλόν
810 2552 1002 2606 φησιν,
1059 2535 1183 2588 οὐτε
1225 2536 1520 2605 δεσπότην,
1574 2535 1692 2590 ἀλλ’
1727 2535 1882 2590 ἐλεύ-

307 2633 496 2701 θερον.
554 2629 620 2682 Ὦ
647 2633 744 2698 τῆς
798 2628 978 2698 δεινῆς
1032 2628 1390 2699 ἀναλγησίας,
1442 2628 1488 2682 ὣ
1520 2631 1616 2700 τῆς
1640 2632 1881 2702 ἐλεεινῆς

310 2723 548 2788 ἀφοϐίας
611 2721 719 2772 τῶν
760 2720 932 2772 ταῦτα
995 2720 1298 2788 λεγόντωνί
1358 2722 1424 2775 Τί
1481 2724 1644 2778 πλέον
1709 2727 1890 2780 αὐτῶν

310 2811 722 2882 δδύρωμαι;τὸ
748 2811 985 2880 ἀμαθὲς,
1038 2810 1074 2883 ἢ
1125 2812 1186 2864 τὸ
1242 2810 1604 2882 βλάσφημον;
1650 2814 1702 2866 οῖ
1727 2831 1790 2880 γε
1823 2814 1888 2868 τά

311 2906 414 2973 τῆς
489 2903 777 2970 θεολογίας
851 2903 1103 2972 δόγματα
1177 2905 1542 2974 ἀνθρωπίνοις
1627 2909 1889 2978 παραδεί-

311 3011 494 3064 γμασι
525 2994 944 3063 καθυϐρίζουσι,
977 2996 1075 3048 καὶ
1101 2994 1200 3065 τὴν
1245 2988 1346 3049 ὧδε
1379 2998 1694 3068 συνήθειαν,
1745 3016 1888 3071 παρ-

312 3090 667 3159 ηλλαγμὲνην
711 3089 944 3157 ἔχουσαν
998 3090 1104 3143 τῶν
1161 3090 1490 3159 ἀξιωμάτων
1541 3092 1640 3161 τὴν
1699 3094 1889 3161 διαφο-

321 3182 448 3246 ρὰν,
480 3182 543 3248 τῇ
581 3181 702 3250 θείᾳ
731 3181 826 3232 καὶ
864 3181 1090 3250 ἀρρήτῳ
1120 3181 1283 3250 φύσει
1314 3185 1722 3252 προσαρμόζειν
1768 3185 1892 3238 ἐπι-

316 3271 619 3343 χειροῦσιν·
647 3273 749 3325 οὐκ
789 3273 1114 3334 ἐννοοῦντες,
1151 3272 1231 3325 ὅτι
1263 3275 1415 3342 παρά
1445 3275 1546 3343 μὲν
1583 3275 1892 3344 ἀνθρώποις

314 3363 387 3430 τῇ
421 3363 578 3430 φύσει
613 3359 800 3423 δοῦλος
825 3361 1021 3423 οὐδείς.
1051 3362 1120 3414 Ἥ
1149 3362 1260 3433 γὰρ
1296 3368 1891 3431 καταδυναστευθέντες

308 3453 419 3510 (mh
464 3455 626 3524 ζυγὸν
669 3455 914 3517 δουλείας
965 3452 1212 3525 ἤχθησαν
1255 3487 1274 3515 ,
1416 3452 1489 3516 ὡς
1526 3453 1582 3505 ὲν
1621 3453 1897 3521 αἰχμαλω-

309 3546 462 3612 σίαις
483 3563 496 3578 ο
519 3547 555 3618 ἢ
577 3547 669 3600 διὰ
691 3545 880 3598 πενίαν
907 3543 1405 3616 κατεδουλώθησαν,
1431 3543 1506 3606 ὡς
1531 3543 1581 3595 οἱ
1605 3541 1889 3611 Αἰγύπτιοι

308 3638 394 3710 τῷ
421 3639 650 3710 Φαραώ·
685 3639 718 3708 ἦ
758 3638 898 3691 κατά
923 3653 1044 3690 τινα
1076 3637 1244 3708 σοφὴν
1275 3637 1369 3690 καὶ
1395 3635 1706 3706 ἀπόρρητον
1747 3635 1890 3686 οἱκο-

312 3731 511 3801 νομίαν
539 3732 587 3782 οἱ
619 3729 832 3800 χείρους
873 3728 982 3781 τῶν
1018 3727 1224 3780 παίδων
1270 3729 1332 3779 ὲκ
1372 3726 1472 3796 τῆς
1503 3724 1612 3778 τῶν
1639 3723 1890 3796 πατέρων

314 3819 503 3889 φωνῆς
517 3823 629 3882 τοῖς
647 3818 952 3889 φρονιμωτέ
961 3834 1072 3888 ροις
1090 3817 1184 3869 καὶ
1217 3814 1446 3885 βελτίοσι
1484 3811 1752 3866 δουλεύειν
1769 3828 1891 3864 κατε

314 3908 715 3980 εδικάοθησανο
776 3911 843 3980 ἣν
891 3908 1011 3961 οὐδὲ
1049 3905 1381 3974 καταδίκην,
1416 3903 1528 3957 ἀλλ’
1573 3902 1890 3972 εὐεργεσίαν

316 4001 464 4054 εἴποι
490 4017 572 4063 τις
613 4000 679 4054 ἀν
703 3999 910 4062 δίκαιος
933 3998 1044 4051 τῶν
1088 3997 1389 4066 γινομένων
1429 3992 1741 4062 ἐξεταστὴς.
1786 3991 1890 4044 Τὸν

315 4091 430 4162 γάρ
459 4090 523 4143 δι’
554 4090 756 4143 ἔνδειαν
792 4088 886 4142 τοῦ
922 4090 1137 4160 φρονεῖν
1165 4088 1265 4140 οὐκ
1300 4085 1491 4156 ἔχοντα
1531 4084 1590 4137 ἐν
1622 4081 1798 4153 ἑαυτῷ
1828 4081 1891 4135 τὸ

314 4181 466 4237 κατά
509 4182 673 4250 φύσιν
702 4181 866 4253 ἄρχον
886 4219 900 4243 ,
947 4179 1132 4232 τοῦτον
1177 4179 1364 4250 ἑτέρου
1402 4177 1586 4248 κτῆμα
1634 4176 1888 4245 γενέσθαι

312 4272 773 4344 λυσιτελέστερον,
826 4270 935 4334 ἵνα,
994 4268 1072 4340 τῷ
1119 4267 1212 4321 τοῦ
1267 4267 1592 4338 κρατοῦντος
1645 4264 1891 4336 λογισμῷ

314 4365 744 4435 διευθυνόμενος,
771 4364 962 4433 ὅμοιος
1063 4359 1271 4431 ἅρματι
1301 4361 1515 4430 ἡνίοχον
1548 4358 1888 4423 ἀναλαὸὀντι,

315 4457 415 4511 καὶ
443 4457 611 4526 πλοίῳ
639 4455 976 4525 κυϐερνήτην
1006 4452 1181 4522 ἔχοντι
1213 4452 1304 4503 ἐπὶ
1329 4452 1532 4504 οἰάκων
1559 4450 1888 4520 καθήμενον.

316 4547 417 4602 Διά
447 4545 606 4600 τοῦτο
655 4544 848 4598 Ἰακὼϐ
871 4543 1059 4614 κύριος
1085 4540 1180 4595 τοῦ
1221 4539 1388 4594 Ἡσαῦ
1415 4541 1478 4593 ὲκ
1511 4539 1612 4610 τῆς
1641 4539 1890 4608 εὐλογίας

2554 533 2733 590 Etiam
2793 532 3092 602 interpellat
3146 549 3241 603 pro
3307 533 3454 586 nobis
3520 535 3580 595 ’ς

2003 627 2230 698 proinde
2257 636 2520 696 quantum
2550 627 2598 682 is
2627 627 2716 696 qui
2750 629 2979 696 supplex
3026 636 3111 682 est
3133 669 3148 694 ,
3198 629 3448 684 beneﬁcii
3481 645 3578 684 au-

2003 724 2158 771 ctore
2198 715 2426 770 inferior
2452 724 2569 782 est,
2597 725 2807 770 tantum
2845 733 3065 787 quoque
3095 717 3335 787 Spiritus
3365 721 3577 774 ratione

2003 805 2289 876 dignitatis
2312 821 2341 858 a
2376 803 2485 860 Deo
2514 813 2780 861 remotus.
2810 806 2880 858 At
2909 816 2966 859 tu
2998 808 3238 860 nondum
3274 807 3476 860 audisti
3507 807 3574 863 de

2004 894 2321 965 Unigenito,
2351 895 2495 965 quod
2527 896 2573 950 is
2598 905 2681 950 est
2707 898 2762 950 in
2791 896 3013 951 dextera
3036 897 3152 961 Dei,
3179 905 3234 952 et
3266 899 3578 966 interpellat

2009 1002 2109 1058 pro
2149 987 2314 1042 nobis
2361 987 2423 1040 ’Ἰ
2458 987 2645 1055 itaque
2685 989 2813 1056 quia
2866 989 3103 1056 Spiritus
3153 990 3207 1042 in
3257 996 3308 1042 te
3358 997 3475 1050 est,
3532 989 3579 1043 si

2003 1085 2186 1131 tamen
2217 1077 2442 1131 omnino
2478 1079 2535 1130 in
2585 1087 2638 1130 te
2665 1084 2770 1141 est,
2801 1083 2855 1131 et
2902 1077 3029 1145 quia
3061 1092 3160 1131 nos
3189 1087 3486 1131 excrcatos
3513 1077 3579 1130 ad

2001 1167 2314 1238 eligendum
2355 1167 2500 1237 quod
2533 1168 2668 1224 utile
2714 1175 2836 1233 est,
2881 1169 3071 1230 docet,
3101 1168 3460 1235 deducitque,
3513 1184 3581 1222 ne

2001 1275 2123 1314 eam
2154 1261 2224 1315 ob
2255 1275 2478 1314 causam
2512 1261 2654 1330 piam
2700 1275 2763 1313 ac
2803 1266 3046 1313 sanctam
3077 1257 3142 1309 de
3173 1272 3237 1310 eo
3269 1257 3578 1324 opinionem

2004 1352 2244 1406 amittas.
2275 1350 2408 1404 Nam
2442 1351 2684 1420 profecto
2718 1366 2966 1404 sunnnus
2996 1349 3158 1402 fuerit
3190 1348 3387 1417 ingrati
3411 1348 3578 1401 animi

2001 1443 2226 1512 gradus,
2252 1442 2646 1497 benefacicntis
2669 1441 3063 1496 humanitatem
3096 1441 3161 1493 ad
3187 1439 3385 1508 ingrati
3409 1438 3578 1492 animi

2000 1533 2347 1587 occasionem
2381 1539 2616 1587 vertere.
2664 1529 2846 1585 Nolite
2891 1532 3058 1600 igitur
3092 1530 3421 1582 contristare
3452 1528 3577 1596 Spi-

2001 1625 2163 1679 ritum
2191 1633 2438 1676 sanctum
2485 1624 2530 1675 ².
2561 1621 2759 1675 Audite
2783 1620 2914 1689 quid
2945 1619 3090 1674 dicat
3121 1629 3421 1687 martyrum
3463 1617 3580 1685 pri-

2000 1718 2167 1772 mitia
2218 1715 2572 1785 Stephanus,
2629 1712 3060 1767 inobedientiam
3112 1725 3175 1764 ac
3221 1708 3576 1762 rebellionem

2001 1807 2340 1876 exprobrans
2393 1803 2617 1872 populo.
2670 1800 2806 1864 Vos,
2851 1800 3048 1868 inquit,
3108 1813 3310 1864 semper
3355 1796 3578 1864 Spiritui

1999 1907 2181 1954 sancto
2214 1895 2467 1950 resistitis
2527 1893 2566 1948 ⁵.
2600 1891 2666 1946 Ει
2712 1908 2932 1947 rursum
2962 1891 3131 1947 Isaias
3161 1907 3174 1944 :
3212 1887 3567 1942 Exacerbave-

1997 1998 2119 2042 runt
2151 1987 2410 2057 Spiritum
2441 1993 2683 2039 sanctum
2703 2022 2719 2048 ,
2750 1992 2800 2038 et
2841 1999 3021 2037 versus
3055 1990 3130 2036 est
3167 1981 3275 2034 illis
3313 1981 3368 2032 in
3395 1980 3579 2032 inimi-

1998 2078 2178 2132 citiam
2224 2077 2266 2131 '.
2307 2075 2372 2130 Et
2403 2075 2567 2138 alibi,
2609 2074 2810 2128 Domus
2833 2071 3002 2127 Iacob
3038 2073 3272 2125 irritavit
3315 2070 3576 2138 Spiritum

1996 2168 2212 2223 Domini
2261 2166 2306 2223 ⁸.
2357 2166 2590 2230 Audite.
2636 2167 2892 2234 inquam,
2928 2180 2996 2218 an
3028 2179 3135 2218 non
3163 2163 3278 2217 hace
3305 2175 3572 2216 summam

1997 2259 2292 2331 potentiam
2338 2256 2654 2312 declarent?
2690 2255 2910 2310 Judicio
2957 2254 3252 2322 legentium
3296 2251 3571 2322 permitto,

2611 2443 2784 2514 Caput
2824 2445 2917 2502 20.

2060 2537 2248 2608 Neque
2311 2552 2542 2602 servus,
2609 2537 2810 2607 inquit,
2887 2552 3063 2605 neque
3116 2538 3396 2606 dominus,
3468 2540 3560 2594 sed

1993 2631 2151 2685 liber.
2227 2627 2274 2684 0
2317 2629 2518 2683 mirum
2571 2641 2875 2698 stuporem,
2942 2645 2976 2683 ο
3039 2630 3405 2684 miserandam
3468 2647 3566 2686 au-

1992 2724 2204 2778 daciam
2279 2724 2382 2777 ista
2432 2722 2816 2792 loquentium!
2879 2721 3020 2789 Quid
3099 2725 3330 2793 amplius
3375 2724 3565 2796 deplo-

1999 2831 2110 2869 rein
2153 2827 2402 2879 :;utrum
2467 2815 2767 2880 inscitiam,
2824 2829 2890 2869 an
2973 2816 3366 2884 blaSpbemium
3432 2819 3568 2872 isto-

1997 2909 2154 2963 rum?
2235 2907 2327 2976 qui
2383 2909 2603 2974 quidem
2667 2908 2734 2960 de
2791 2906 2903 2962 Deo
2974 2909 3225 2976 dogmata
3304 2909 3562 2963 lnnnauis

2008 2999 2279 3070 exemplis
2339 2999 2709 3056 dedecorant:
2763 3013 2827 3052 ac
2891 2999 3169 3052 hominum
3207 3000 3559 3053 consuetudi-

1997 3109 2146 3158 nem,
2200 3106 2298 3162 per
2347 3105 2510 3161 quam
2559 3091 2745 3159 dispar
2791 3099 2874 3145 est
2905 3091 3235 3160 dignitatum
3289 3091 3566 3145 excellen-

1999 3186 2095 3248 tia,
2125 3185 2189 3239 ad
2209 3182 2445 3238 divinam
2484 3191 2539 3238 et
2594 3181 2917 3236 ineﬂ’abilein
2956 3190 3202 3235 naturain
3255 3197 3565 3234 accommo-

1999 3277 2128 3332 dare
2199 3275 2446 3331 nituntur
2493 3288 2510 3328 :
2563 3273 2705 3328 haud
2746 3283 3059 3343 reputantes
3123 3273 3262 3342 apud
3316 3273 3564 3329 homines

1953 3362 1968 3412 ἶ
2001 3371 2216 3438 quidem
2261 3371 2467 3423 nullum
2494 3384 2613 3423 esse
2644 3380 2833 3422 natura
2856 3383 3093 3422 servum.
3135 3367 3242 3420 Aut
3267 3365 3410 3420 enim
3464 3383 3566 3434 po-

1997 3453 2168 3505 tentia
2203 3454 2476 3522 oppressi,
2503 3453 2606 3506 suh
2641 3453 2837 3521 jugum
2885 3455 3166 3509 servitutis
3361 3453 3568 3508 inducti

1995 3551 2146 3606 sunt,
2180 3545 2330 3597 velut
2363 3545 2417 3597 in
2464 3545 2607 3598 bello
2643 3547 2788 3613 capti
2829 3563 2840 3597 :
2880 3551 2971 3595 aut
3015 3544 3084 3596 ob
3127 3555 3469 3612 pauperatem
3514 3543 3570 3597 in

1996 3635 2318 3686 servitutem
2351 3635 2528 3686 adacti
2564 3645 2714 3696 sunt,
2766 3635 2914 3687 velut
2955 3633 3199 3704 Egyptii
3245 3635 3515 3687 Pharaoni
3549 3651 3566 3688 :

1996 3733 2089 3777 aut
2114 3724 2272 3792 juxta
2297 3726 2600 3794 sapientem
2630 3725 2925 3794 quamdam
2968 3735 3020 3779 et
3051 3740 3308 3778 arcanam
3341 3727 3567 3794 dispen-

1995 3816 2291 3879 sationem,
2325 3817 2416 3886 qui
2453 3816 2595 3870 inter
2623 3817 2761 3871 ﬁlios
2784 3817 3088 3872 deteriores
3113 3827 3260 3881 sunt,
3285 3827 3568 3886 parentum

1995 3921 2163 3969 voce,
2205 3907 2633 3976 sapientioribus
2672 3923 2735 3962 ac
2781 3909 3102 3962 melioribus
3143 3909 3197 3962 in
3250 3911 3569 3964 servitutem

1995 3997 2197 4050 addicti
2223 4007 2381 4064 sunt;
2406 4013 2568 4068 quam
2595 3998 3014 4068 haudquaquam
3035 4001 3567 4068 condemnationem,

1995 4087 2090 4143 scd
2122 4086 2446 4142 beneﬁcium
2474 4089 2656 4158 potius
2681 4089 2882 4143 dixerit
2913 4105 3102 4160 aequus
3127 4105 3307 4143 rerum
3333 4092 3574 4145 aestima-

1993 4182 2104 4230 tor.
2147 4173 2283 4228 Nam
2315 4177 2409 4246 qui
2437 4178 2507 4230 ob
2543 4193 2740 4234 sensus
2775 4179 3039 4249 inopiam,
3082 4196 3189 4233 non
3224 4180 3382 4236 habet
3412 4181 3465 4235 in
3495 4198 3574 4237 se-

1996 4282 2056 4324 se
2084 4269 2136 4322 id
2163 4268 2309 4338 quod
2344 4275 2535 4323 natura
2567 4272 2820 4341 imperat,
2846 4272 2975 4326 huic
3010 4274 3198 4329 utilius
3229 4284 3313 4330 est
3348 4277 3574 4334 alterius

1997 4357 2110 4411 ﬁeri
2146 4358 2502 4428 mancipium,
2533 4369 2593 4414 ut
2627 4360 2756 4414 dum
2792 4361 3129 4439 dominantis
3156 4367 3444 4435 prudentia
3488 4370 3575 4424 di-

1996 4448 2214 4518 rigitur,
2244 4448 2444 4504 similis
2473 4452 2549 4505 sit
2579 4452 2764 4505 currui
2801 4453 2894 4523 qui
2921 4455 3163 4526 aurigam
3195 4459 3400 4527 recepit
3427 4503 3439 4522 ,
3478 4469 3573 4513 aut

1995 4541 2119 4595 navi
2163 4555 2283 4610 quae
2318 4543 2634 4596 nauclerum
2665 4543 2828 4598 habet
2859 4545 3014 4598 clavo
3045 4547 3396 4602 assidentem.
3423 4549 3573 4604 lianc

314 4639 415 4692 τοῦ
450 4638 672 4710 πατρὸς,
700 4637 787 4689 ἵνα
811 4634 905 4689 καὶ
941 4633 1015 4705 μὴ
1053 4631 1368 4704 βουλόμενος
1395 4629 1546 4702 παρὰ
1581 4630 1675 4684 τοῦ
1702 4630 1888 4703 φρονί-

1997 4631 2066 4684 oh
2099 4646 2322 4686 causam
2374 4629 2542 4688 Jacob
2583 4635 2841 4689 dominus
2892 4635 3032 4690 Esau
3071 4653 3136 4691 ex
3189 4639 3573 4694 benedictione

320 4747 426 4801 μου
448 4728 535 4781 εὐε
545 4727 800 4799 ργετῆται
825 4728 854 4780 ὁ
878 4726 1088 4796 ἄφρων,
1113 4724 1212 4777 οὐκ
1234 4723 1374 4794 ἔχων
1401 4723 1492 4775 τὸν
1516 4723 1712 4776 οίκεῖον
1734 4721 1891 4793 κηδε-

320 4819 458 4891 μόνα
488 4819 578 4871 τὸν
609 4817 752 4871 νοῦν.
790 4817 899 4870 Καὶ
929 4815 1146 4869 Χαναὰν
1179 4817 1306 4877 παῖς
1339 4813 1554 4884 οίκέτης
1737 4813 1892 4866 ἔσται

315 4912 432 4971 τοῖς
463 4907 729 4975 ἀδελφοῖς,
757 4905 942 4978 ἐπειδὴ
977 4903 1254 4966 ἀδίδακτος
1279 4899 1346 4974 ἦν
1375 4903 1473 4972 τῆς
1489 4903 1710 4973 ἀρετῆς,
1733 4903 1898 4955 ἀσύν-

317 5016 441 5054 ετον
471 4998 608 5068 ἔχων
630 4997 721 5050 τὸν
749 4996 938 5050 ἑαυτοῦ
979 4995 1188 5066 πατέρα
1221 4994 1312 5047 τὸν
1343 4995 1491 5064 Χάμ.
1524 4987 1649 5046 Ὧδε
1679 4994 1776 5065 μὲν
1801 4989 1896 5047 οῦν

315 5089 490 5153 οὕτως
508 5091 557 5143 οἱ
574 5089 766 5142 δοῦλοι·
788 5087 1058 5158 ἐλεύθεροι
1085 5087 1164 5150 δὲ,
1185 5087 1234 5140 ei
1261 5084 1612 5154 διαφυγόντες
1639 5083 1828 5137 πενίαν
1858 5083 1892 5155 ἢ

318 5180 632 5252 πόλεμοννῆ
658 5179 756 5251 τῆς
789 5178 992 5251 ἑτέρων
1019 5176 1339 5249 κηδεμονίας
1365 5174 1700 5246 ἀπροσδεεῖς.
1735 5173 1893 5226 Ὥστε

317 5273 424 5328 κᾶν
442 5275 471 5325 ό
488 5273 586 5343 μὲν
610 5270 894 5340 δεσπότης,
922 5272 950 5323 ὁ
963 5267 1019 5323 δὲ
1035 5269 1248 5339 οἰκέτης
1259 5268 1506 5340 λέγηται,
1526 5264 1641 5318 ἀλλ’
1653 5259 1745 5318 οὖν
1760 5265 1896 5318 πάν-

315 5381 410 5429 τες
439 5364 531 5418 καὶ
566 5363 704 5417 κατὰ
737 5363 836 5434 τὴν
873 5361 1012 5432 πρὸς
1051 5359 1310 5430 ἀλλήλους
1341 5357 1653 5430 ὁμοτιμίαν,
1698 5357 1792 5412 καὶ
1819 5357 1896 5422 ὼς

317 5456 573 5523 κτήματα
592 5453 699 5526 (76)
719 5451 815 5505 τοῦ
841 5450 1197 5520 πεποιηκότος
1224 5451 1392 5520 ἡμᾶς,
1421 5448 1718 5519 ὁμόδουλοι.
1751 5449 1896 5503 Ἐκεῖ

1995 4723 2167 4793 patris
2209 4727 2260 4791 ⁷,
2290 4732 2349 4776 ut
2374 4724 2574 4778 stultus
2611 4739 2640 4777 a
2675 4726 2920 4793 sapiente
2951 4729 3032 4780 vel
3063 4728 3266 4782 invitus
3298 4728 3570 4782 bcneiicio

1995 4811 2319 4879 adiceretur,
2367 4813 2570 4884 quippe
2625 4829 2734 4867 non
2771 4814 2978 4870 habens
3030 4818 3310 4886 proprium
3354 4824 3572 4870 curato-

1999 4920 2133 4970 rem,
2160 4905 2414 4960 vidclicet
2433 4913 2691 4960 mentem.
2727 4904 2789 4958 Et
2809 4905 3066 4960 Chanaan
3094 4906 3234 4962 ﬁlius
3258 4923 3450 4963 servus
3467 4909 3571 4963 erit

1998 4999 2261 5056 fratribus
2293 4999 2410 5054 suis
2459 5005 2510 5065 ³,
2555 5000 2816 5068 quoniam
2860 4999 3113 5054 indocilis
3142 5009 3259 5055 erat
3288 5002 3355 5055 ad
3387 5004 3570 5056 virtu-

1997 5095 2128 5155 tem,
2165 5088 2561 5160 imprudentem
2594 5088 2802 5144 babens
2825 5101 3056 5159 patrem,
3076 5090 3330 5145 videlicet
3362 5091 3560 5149 Cham.

1995 5176 2077 5232 Ad
2108 5179 2253 5232 hunc
2289 5179 2457 5249 igitur
2485 5178 2706 5233 modum
2739 5179 2827 5234 hic
2861 5179 2996 5234 ﬁunt
3030 5182 3210 5247 servi;
3247 5181 3400 5236 liberi
3441 5197 3574 5239 vero

1999 5277 2148 5333 sunt,
2178 5269 2271 5340 qui
2303 5268 2608 5341 effugerunt
2644 5278 3047 5342 paupertatem,
3082 5280 3176 5325 aut
3207 5271 3436 5336 bellum,
3471 5285 3570 5330 aut

1997 5361 2088 5431 qui
2143 5361 2376 5415 aliorum
2425 5375 2556 5414 cura
2590 5375 2700 5414 non
2747 5369 2926 5432 egent.
2965 5358 3151 5432 Itaque
3187 5364 3438 5432 quamvis
3484 5362 3573 5417 hic

1996 5455 2186 5519 herus,
2218 5453 2306 5510 ille
2343 5467 2535 5508 servus
2562 5454 2885 5524 appelletur,
2919 5467 3110 5508 omnes
3142 5461 3324 5507 tamen
3354 5459 3408 5508 et
3439 5469 3573 5524 qua-

389 5571 407 5601 ¹
455 5571 612 5626 Rom.
659 5587 777 5645 vin,
805 5570 894 5628 54.
971 5571 1166 5645 [Μὰ.
1242 5571 1264 5608 ³
1296 5572 1496 5644 Ephes.
1531 5571 1722 5642 tv,50.
1796 5571 1819 5606 δ
1851 5569 1892 5628 Δ

2003 5589 2100 5644 vn,
2126 5575 2215 5632 5i.
2289 5577 2311 5611 ⁸
2341 5573 2447 5632 Isa.
2477 5587 2626 5642 κιιιι,
2681 5571 2774 5628 ιο.
2849 5571 3042 5645 ’διἐοΙ.
3076 5583 3165 5642 cv,
3190 5570 3283 5628 32.
3360 5569 3380 5600 '
3419 5565 3559 5624 Gen.

315 5655 486 5706 nvn,
522 5645 612 5699 57.
685 5643 707 5675 ⁸
735 5644 871 5700 Gen.
895 5657 971 5709 ιι,
995 5642 1088 5700 25.
