4030 6222
480 128 584 192 ’171

1710 114 2090 178 EUTHYMII
2128 113 2488 176 ZlGABENi

3604 112 3724 176 772

482 276 638 319 tenus
673 275 864 317 smnus
903 255 1146 327 ejusdem
1181 254 1324 308 inter
1359 267 1457 306 nos
1480 249 1832 315 conditionis,
1857 257 1908 302 et
1932 257 2045 303 tau-

2165 260 2206 313 Ξὲ
2245 259 2297 311 τί
2327 256 2550 309 δύνασαι
2599 252 2696 321 τῆς
2733 249 2976 312 δουλείας
3007 246 3405 315 ὑπεξαγαγεῒν;
3447 243 3610 314 Ὁμοῦ
3667 261 3735 296 τε

482 370 646 424 quam
695 353 842 406 illius
887 350 980 419 qui
1033 364 1131 403 nos
1156 344 1410 411 condidit
1465 342 1770 410 mancipia,
1807 344 2058 396 conservi

492 462 710 501 simius.
748 445 863 497 lllie
891 456 1055 510 porro
1089 439 1218 509 quid
1251 444 1406 506 potes
1439 451 1468 489 e
1507 434 1769 490 servitute
1796 433 2059 488 eximere?

484 539 616 590 Nam
651 537 830 590 statim
865 548 926 586 ae
959 530 1178 585 condita
1209 535 1356 593 sunt,
1386 527 1548 583 simul
1574 542 1696 581 cum
1729 527 1808 582 eis
1840 525 2058 582 condita

485 633 740 685 Servitus.
780 627 893 680 Sibi
919 624 1063 679 enim
1100 623 1330 677 invicem
1355 636 1465 674 non
1497 620 1787 688 imperant,
1820 634 1885 673 eo
1909 617 2058 686 quod

484 721 726 772 t-mlestia
762 717 884 784 plus
927 713 1159 766 habendi
1193 728 1298 766 non
1332 718 1585 765 tenentur
1617 709 1910 763 desiderio.
1951 707 2061 760 Deo

484 819 661 861 amem
698 805 941 871 subjecta
984 804 1199 864 omnia,
1259 816 1321 853 ac
1383 808 1640 868 tanquam
1689 797 1908 851 domino
1969 797 2062 851 de-

487 902 656 953 bitum
725 898 1023 958 timorem,
1096 911 1159 948 ac
1232 903 1492 961 tauquam
1572 892 1841 946 conditori
1909 891 2060 946 debi'

486 1000 594 1043 tam
644 991 868 1058 gloriam
911 988 1247 1056 persolvunt.
1293 983 1468 1038 Filius
1509 985 1647 1037 enim
1694 983 1865 1053 gloria
1910 983 2064 1052 afﬁcit

486 1093 710 1148 patrem,
740 1090 787 1133 et
817 1097 993 1133 servus
1024 1080 1293 1131 dominum
1333 1093 1481 1130 suum
1565 1079 1600 1124 ¹.
1625 1076 1687 1127 Et
1719 1092 1785 1129 ex
1811 1075 1894 1129 his
1929 1076 2066 1128 duo-

489 1173 592 1225 hus
635 1172 865 1224 alterum
897 1169 1122 1222 omnino
1149 1167 1290 1220 Deus
1326 1167 1572 1234 requirit.
1617 1165 1756 1218 Nam
1787 1167 1831 1218 si
1883 1163 2063 1226 Pater,

490 1261 686 1329 inquit,
723 1276 838 1312 sunt
876 1275 987 1327 ego,
1039 1257 1126 1308 ubi
1173 1266 1249 1308 est
1287 1256 1459 1323 gloria
1507 1256 1661 1308 mea?
1702 1253 1761 1307 Si
1809 1252 2066 1307 Dominus

489 1366 605 1402 sum
635 1364 748 1416 ego,
789 1347 875 1398 ubi
907 1355 984 1398 est
1015 1347 1173 1396 timor
1205 1360 1346 1396 meus
1379 1345 1397 1372 ¹
1440 1344 1462 1395 ?
1491 1343 1708 1411 Alioqui
1734 1343 1845 1395 vita
1880 1353 2068 1396 custo-

490 1440 592 1492 diae
637 1454 699 1491 ac
732 1435 1058 1505 inspectioni
1107 1433 1322 1486 Domini
1371 1450 1478 1485 non
1531 1433 1774 1495 subdita,
1827 1433 2069 1486 omnium

491 1530 728 1582 maxime
769 1526 1100 1581 miserabilis
1130 1525 1290 1577 foret.
1321 1522 1644 1592 Cujusmodi
1676 1531 1805 1575 sunt
1843 1522 2070 1574 virtutes

2155 352 2264 422 γὰρ
2315 346 2574 414 ἐκτίσθη,
2631 345 2726 397 καὶ
2780 343 2839 395 τὸ
2888 340 3074 394 δοῦλον
3302 331 3443 390 εἶναι
3486 352 3733 402 συγκατ-

2153 439 2496 494 εσκεύασται..
2571 434 2834 504 ’Λλλήλων
2899 432 2995 502 μὲν
3051 429 3160 498 γὰρ
3193 428 3253 481 οὐ
3331 426 3731 497 κατάρχουσιν,

2153 527 2339 597 ἐπειδὴ
2373 523 2681 588 πλεονεξίας
2710 523 2911 592 ἄμοιρα
2939 518 3006 572 τὰ
3038 519 3294 588 οὐράνια·
3331 513 3449 584 Θεῷ
3473 515 3526 566 δὲ
3552 514 3735 566 πάντα

2154 617 2477 680 ὑποκύπτει,
2514 614 2606 667 καὶ
2637 615 2711 675 ὡς
2744 611 2976 680 δεσπότῃ
3014 609 3103 660 τὸν
3154 605 3497 675 ὀφειλόμενον
3542 603 3732 672 φόϐον,

2153 711 2244 765 καὶ
2288 709 2363 772 ὡς
2412 703 2725 777 δημιουργῷ
2775 703 2873 772 τὴν
2907 698 3301 752 ἐπιϐάλλουσαν
3336 695 3488 758 δόξαν
3534 693 3730 746 ἀποδι-

2151 802 2328 856 δόντα.
2367 798 2498 863 Υίὸς
2532 799 2638 866 γὰρ
2687 793 2912 858 δοξάζει
2942 789 3198 857 πατέρα,
3235 789 3329 840 καὶ
3373 786 3591 849 δοῦλος
3619 785 3734 836 τὸν

2153 895 2359 962 κύριον
2387 889 2591 944 αὐτοῦ.
2767 886 2873 937 Καὶ
2915 885 3133 936 ἀπαιτεῖ
3159 881 3373 942 πάντως
3407 877 3514 930 τῶν
3542 876 3631 928 δύο
3668 878 3734 928 τὸ

2154 984 2337 1054 ἕτερον
2364 982 2391 1034 6
2423 980 2571 1041 Θεὸς.
2603 978 2670 1028 Εἰ
2712 975 2820 1045 γὰρ
2857 973 3054 1039 Πατήρ
3099 973 3213 1039 εἰμι
3259 967 3393 1038 ἐγὼ,
3427 967 3543 1020 ποῦ
3571 968 3729 1027 ἐστι,

2155 1075 2336 1145 φησιν,
2371 1073 2406 1138 ἡ
2443 1070 2590 1133 δόξα
2621 1082 2772 1136 μους
2799 1066 2890 1118 καὶ
2933 1066 2982 1116 εί
3027 1063 3235 1129 Κιῗνριός
3270 1063 3386 1128 εἰμι
3428 1059 3561 1128 ἐγὼ,
3608 1056 3733 1110 ποῦ

2154 1167 2323 1220 ἐστιν
2355 1167 2385 1216 ὀ
2418 1164 2593 1230 φόϐος
2625 1173 2774 1226 μου;
2809 1153 2884 1208 ’⁷11
2922 1156 3134 1207 πάντων
3169 1152 3232 1204 ἂν
3270 1152 3353 1220 εἴη
3389 1149 3732 1218 ὲλεεινοτάτη

2158 1256 2271 1326 ζωὴ
2298 1296 2311 1320 ,
2469 1254 2542 1322 μὴ
2576 1251 2678 1304 ὑπὸ
2708 1248 2804 1318 τὴν
2839 1245 3138 1314 ἐπισκοπὴν
3178 1244 3270 1296 τοῦ
3309 1243 3578 1294 Δεσπὸτου
3615 1258 3732 1293 κει-

2159 1348 2293 1419 μένη
2357 1343 2566 1398 Ὀποῖαί
2595 1345 2728 1394 εἰσιν
2760 1342 2811 1392 αἱ
2850 1337 3208 1391 ἁποστατικαὶ
3235 1335 3510 1404 δυνάμεις,
3541 1335 3597 1386 αί
3644 1333 3734 1385 διὰ

2155 1438 2216 1490 τὸ
2247 1435 2605 1507 τραχηλιὰσαι
2667 1431 2807 1484 κατὰ
2850 1428 2983 1480 Θεοῦ
3024 1424 3734 1496 παντοκράτοροςξὰφηνιά-

2157 1526 2344 1590 ζουσαι
2365 1527 2462 1592 τῆς
2487 1523 2726 1583 δουλείας
2747 1536 2759 1548 ·
2793 1521 2852 1572 οὐ
2886 1517 2961 1588 τῷ
2999 1517 3197 1587 ἑτέρως
3237 1515 3567 1584 πεφυκέναι,
3599 1513 3734 1566 ἀλλὰ

493 1619 843 1681 desertrices,
876 1632 997 1686 quae
1028 1618 1170 1684 quod
1195 1617 1460 1671 cervicem
1485 1619 1777 1667 erexerunt
1808 1611 2067 1666 adversus

2165 1616 2233 1686 τῷ
2257 1614 2639 1673 ἁνυποτάκτως
2668 1609 2810 1680 ἔχειν
2843 1609 2977 1678 πρὸς
3007 1607 3093 1658 τὸν
3119 1606 3441 1675 ποιήσαντα.
3479 1604 3615 1658 Τίνα
3642 1601 3734 1657 οὖν

495 1710 664 1762 Deum
717 1709 1175 1776 omnipotentem,
1226 1705 1542 1760 servitutem
1581 1704 1915 1766 detrectant,
1963 1717 2070 1755 non

496 1798 641 1868 quod
682 1799 836 1849 aliter
870 1807 1065 1850 natura
1096 1803 1422 1865 comparatu:
1449 1797 1579 1857 sint,
1612 1793 1707 1848 sed
1740 1793 1883 1863 quod
1929 1793 2046 1847 sub-

496 1891 622 1944 dita:
653 1904 774 1943 esse
806 1889 980 1940 nolint
1008 1888 1273 1941 Creatori.
1309 1886 1478 1951 Quem
1521 1886 1685 1954 igitur
1730 1884 1972 1953 appellas
2007 1883 2071 1936 l‘io

499 1981 714 2035 herum?
741 1979 876 2032 Eum
919 1979 1010 2046 qui
1061 1981 1178 2032 sine
1229 1993 1354 2047 rege
1389 1977 1505 2031 est?
1547 1976 1637 2044 qui
1685 1991 1859 2042 neque
1903 1974 2076 2043 impc-

501 2072 656 2124 randi
687 2072 840 2123 alteri
874 2078 1196 2139 potestatem
1223 2070 1405 2132 habet,
1435 2083 1609 2137 neque
1647 2068 1872 2121 alterius
1905 2066 2076 2134 impe—

503 2163 641 2216 rium
671 2162 931 2215 adnuttit?
961 2162 1030 2214 At
1053 2176 1151 2215 nec
1171 2171 1254 2214 est
1283 2158 1590 2213 istiusmodi
1615 2165 1807 2210 natura
1836 2158 1889 2211 in
1915 2157 2075 2210 rebus

505 2251 761 2314 conditis,
792 2259 844 2305 et
885 2251 985 2304 hoc
1018 2252 1083 2304 de
1115 2249 1321 2320 Spiritu
1351 2247 1589 2316 cogitare
1613 2255 1796 2315 aperta
1828 2244 2076 2314 impietas

2160 1707 2334 1776 λέγεις
2375 1704 2652 1772 ἐλεύθερον
2675 1719 2688 1767 ;
2714 1703 2814 1754 Τὸν
2843 1699 3225 1763 ἁϐασίλευτον;
3261 1697 3352 1749 τὸν
3378 1700 3516 1767 μήτε
3546 1696 3735 1766 ἄρχειν

2161 1799 2343 1868 ἑτέρου
2373 1795 2598 1864 δύναμιν
2643 1793 2831 1861 ἔχοντα
2854 1831 2866 1854 ,
2902 1792 3036 1860 μήτε
3077 1787 3335 1858 ἄρχεσθαι
3365 1788 3734 1858 καταδεχόμε-

2163 1903 2282 1952 νον;
2339 1884 2474 1937 Ἀλλ’
2505 1882 2624 1935 οὗτε
2654 1883 2765 1934 ἔστι
2799 1898 2880 1942 τις
2915 1878 3134 1947 τοιαύτη
3168 1877 3328 1946 φύσις
3359 1878 3416 1928 ἐν
3446 1879 3558 1938 τοῖς
3593 1871 3730 1937 οὖσι,

2162 1979 2255 2033 καὶ
2281 1977 2436 2029 τοῦτο
2605 1973 2851 2040 ἐννοῆσαι
2885 1969 3023 2023 κατὰ
3048 1969 3139 2021 τοῦ
3173 1966 3486 2036 Πνεύματος
3514 1967 3733 2018 ἀσέϐεια

2163 2067 2486 2138 περιφανής.
2524 2064 2684 2115 Ὥστε
2728 2063 2774 2113 εἰ
2818 2061 2914 2131 μὲν
2957 2059 3220 2121 ἔκτισται,
3255 2055 3497 2109 δουλεύει
3535 2056 3734 2126 δηλαδὴ

2167 2160 2302 2231 μετὰ
2329 2159 2541 2211 πάντων
2561 2173 2572 2184 ·
2616 2155 2690 2208 Τὰ
2719 2155 2828 2222 γὰρ
2861 2155 3202 2221 σύμπαντα,
3233 2151 3386 2218 φησὶ,
3414 2149 3608 2202 δοῦλα
3632 2147 3730 2201 σιί·

2165 2251 2213 2304 εἰ
2246 2250 2301 2302 δὲ
2340 2249 2477 2315 ὑπὲρ
2507 2248 2604 2317 τὴν
2639 2246 2810 2298 κτίσιν
2841 2245 2986 2306 ἐστὶ,
3033 2243 3130 2312 τῆς
3167 2241 3440 2310 βασιλείας
3473 2240 3591 2293 ἐστὶ
3623 2257 3734 2292 κοι-

507 2353 610 2396 cst.
643 2342 822 2406 Quare
853 2342 898 2396 si
928 2342 1163 2410 Spiritus
1206 2346 1425 2392 creatus
1457 2345 1535 2391 est
1560 2374 1575 2400 ,
1625 2336 1871 2405 profecto
1914 2334 2079 2389 servit
2165 2338 2349 2392 νωνόν.

505 2445 628 2484 cum
654 2429 928 2484 omnibus.
965 2427 1156 2483 Omnia
1184 2445 1342 2495 enim,
1367 2429 1566 2497 inquit,
1596 2431 1828 2484 serviunt
1888 2431 1986 2485 tibi
2015 2432 2035 2462 ³
2055 2447 2076 2496 ;
2129 2430 2214 2486 sin
2251 2442 2414 2498 supra
2445 2435 2751 2486 creaturam
2787 2438 2893 2496 est,
2923 2431 3076 2502 regni
3114 2447 3331 2505 quoque
3372 2447 3609 2492 consors
3641 2442 3746 2490 est.

511 2541 830 2599 Testimonia
850 2557 915 2594 ex
940 2539 1233 2610 Scripturis
1263 2539 1523 2609 Spiritum
1577 2540 1852 2609 appellari
1889 2539 2070 2594 Domi-

1039 2627 1183 2664 num.
1237 2612 1408 2679 Caput
1450 2611 1540 2664 21.

582 2702 684 2756 Sed
745 2701 872 2770 quid
910 2717 1045 2770 opus
1101 2714 1262 2756 estex
1289 2705 1450 2757 rebus
1492 2704 1791 2759 humilibus
1819 2720 2067 2775 pugnan-

512 2805 624 2858 tes,
695 2793 954 2846 doetrinze
989 2795 1247 2864 _turpiter
1304 2809 1496 2862 parare
1554 2796 1875 2860 victoriam,
1945 2812 2068 2851 eum

2175 2541 2509 2610 Μαρτυρίαι
2539 2541 2610 2596 ἐκ
2640 2543 2768 2620 ’τεέν
2817 2547 3076 2620 Γραφῶν
3117 2547 3745 2620 τοῦλκυριολογεῒσθαι

2594 2614 2657 2667 τὸ
2688 2614 2956 2681 Πνεῦμα.
2976 2620 3118 2686 Κεφ.
3155 2615 3266 2673 xa'.

2243 2703 2347 2759 Καὶ
2381 2703 2434 2757 τί
2491 2703 2590 2770 δεῖ,
2648 2707 2710 2759 ἐκ
2752 2707 2859 2760 τῶν
2917 2710 3193 2763 ταπεινῶν
3253 2714 3743 2783 ἀπομαχομένους.

2174 2799 2414 2869 αἰσχρῶς
2476 2798 2575 2867 τὴν
2605 2799 2759 2870 νίκην
2791 2801 3166 2854 κατακτᾶσθαι
3196 2802 3274 2872 τῷ
3311 2803 3479 2872 λόγῳ,
3517 2804 3641 2867 ὲξὸι
3675 2811 3742 2872 τῇ

500 2888 1029 2943 liceatillustriorum
1057 2891 1418 2960 oppositione,
1467 2893 1650 2961 gloriae
1671 2893 2067 2956 excellentiam,

2174 2889 2472 2960 παραθέσει
2503 2889 2610 2944 τῶν
2650 2890 2987 2961 σεμνοτέρων
3024 2891 3412 2962 ἀναντίρρητον
3442 2891 3540 2961 τὴν
3584 2891 3748 2959 ὑπερ-

497 2979 584 3030 cui
635 2979 936 3032 contradici
980 2996 1087 3033 non
1121 2984 1329 3048 possit,
1374 2982 1783 3034 demonstrare?
1831 2982 1983 3047 Quod
2026 2985 2071 3037 si

498 3067 837 3136 proferemus
865 3084 928 3123 ea
966 3084 1086 3138 qua:
1125 3085 1226 3123 nos
1255 3068 1533 3138 Scriptura
1575 3071 1760 3124 docuit
1784 3112 1798 3136 ,
1847 3072 2072 3126 forsitan

500 3175 694 3228 magno
750 3160 1162 3230 vehementique
1210 3161 1450 3214 clamore
1491 3161 1974 3225 voeiferabuntur,
2020 3173 2074 3218 et

498 3251 723 3304 auribus
748 3251 1020 3304 ohturatis
1046 3250 1527 3305 Pneumatomaehi
1560 3253 1811 3307 tollentes
1842 3253 2069 3322 lapides,

497 3348 591 3391 aut
613 3341 875 3410 quidquid
903 3340 1042 3395 forte
1072 3341 1396 3406 occurrerit,
1430 3341 1483 3394 in
1517 3357 1667 3395 arma
1697 3343 1929 3412 quisque
1952 3359 2072 3398 ver-

498 3437 692 3491 tentes,
737 3430 791 3482 in
822 3446 922 3483 nos
953 3430 1183 3483 irruent.
1227 3427 1333 3483 Sed
1366 3445 1474 3483 non
1497 3440 1580 3485 est
1604 3431 1762 3485 nobis
1785 3431 2072 3485 incolumi-

499 3529 582 3574 tas
621 3523 998 3589 anteponenda
1049 3519 1287 3574 veritati.
1355 3518 1664 3575 Invenimus
1721 3522 1885 3592 igitur
1929 3522 2070 3592 apud

494 3612 814 3681 Apostolum
853 3630 865 3665 :
901 3611 1160 3664 Dominus
1194 3625 1367 3665 autem
1399 3612 1595 3682 dirigat
1621 3613 1782 3667 corda
1815 3624 1983 3668 vestra
2017 3616 2072 3668 in

495 3703 821 3756 dilectionem
848 3702 965 3769 Dei,
997 3713 1045 3758 et
1073 3705 1125 3756 in
1144 3704 1457 3770 patientia»:
1487 3703 1687 3757 Christi
1713 3721 1806 3773 pro
1841 3704 2068 3758 tribula-

498 3795 726 3847 tionibus
786 3799 824 3848 ⁸.
855 3793 990 3870 Quis
1036 3802 1121 3849 est
1151 3793 1414 3850 Dominus
1445 3794 1684 3864 dirigens
1733 3796 1784 3850 in
1827 3796 2072 3850 dilectio-

496 3901 618 3939 nem
654 3885 770 3948 Dei,
801 3894 853 3940 et
892 3885 947 3939 in
979 3885 1298 3956 patientiam
1335 3886 1542 3940 Christi
1570 3903 1668 3954 pro
1698 3887 2073 3941 tribulationi-

494 3977 632 4032 bus?
667 3976 1055 4047 Iicspondeant
1087 3978 1267 4042 nobis,
1306 3979 1400 4046 qui
1440 3975 1702 4047 Spiritum
1754 3979 1809 4032 in
1841 3980 2074 4033 servitu-

496 4075 602 4121 tem
656 4068 898 4137 adigunt.
954 4066 1080 4122 Sive
1120 4069 1264 4122 enim
1311 4070 1376 4123 de
1420 4068 1528 4123 Deo
1570 4076 1622 4123 et
1667 4069 1829 4124 Patre
1881 4070 2073 4124 fuisset

496 4173 712 4223 sermo,
759 4158 981 4211 omnino
1027 4159 1261 4212 dixisset
1308 4178 1320 4212 :
1364 4157 1620 4212 Dominus
1667 4176 1751 4212 vos
1785 4160 1982 4230 dirigat
2019 4166 2071 4214 in

495 4248 826 4301 dilectionem
851 4250 933 4301 sui
968 4265 986 4302 .'
1019 4251 1133 4304 sive
1167 4249 1231 4303 de
1274 4249 1432 4313 Filio,
1466 4250 1803 4315 addidisset,
1833 4254 1887 4304 in
1920 4267 2071 4305 suam

496 4336 659 4405 ipsius
699 4339 1030 4403 patientiam.
1064 4337 1322 4403 Quaerant
1364 4340 1531 4408 igitur
1564 4355 1814 4409 quaenam
1853 4341 1924 4394 sit
1965 4341 2070 4395 alia

495 4440 750 4496 persona,
781 4442 944 4495 quam
977 4427 1190 4479 Domini
1235 4427 1503 4482 vocabulo
1547 4433 1737 4482 deceat
1789 4427 2068 4482 honorari.

497 4516 634 4571 lluic
667 4516 821 4571 aliine
854 4527 936 4572 est
982 4527 1034 4573 et
1072 4517 1205 4571 illud
1230 4558 1244 4582 ,
1289 4519 1435 4588 quod
1469 4519 1599 4572 alibi
1647 4521 1884 4589 positum
1924 4529 2004 4576 est
2054 4540 2066 4576 :

495 4608 751 4662 Dominus
777 4626 862 4662 vos
895 4611 1106 4677 impleat
1135 4619 1182 4664 et
1215 4609 1485 4663 abundare
1514 4611 1678 4678 faciat
1711 4611 1988 4676 charitate,
2019 4613 2072 4664 in

494 4716 579 4754 vos
610 4702 823 4754 invicem
852 4711 900 4754 et
933 4702 984 4754 in
1017 4717 1215 4767 omnes,
1241 4701 1682 4772 quemadmodum
1706 4710 1752 4753 ct
1774 4719 1866 4754 nos
1889 4704 1936 4753 in
1961 4718 2068 4765 vos,

495 4789 561 4842 ad
601 4792 1024 4862 conﬁrmandum
1065 4793 1228 4844 corda
1285 4802 1455 4845 vestra
1498 4791 1977 4859 irrcpre/tcnsibilia
2017 4792 2070 4844 in

492 4881 932 4949 sanctiﬁcatione,
974 4898 1153 4934 coram
1198 4881 1303 4935 Deo
1339 4891 1387 4935 et
1423 4881 1582 4934 Patre
1630 4890 1810 4934 nostra
1834 4923 1848 4946 ,
1883 4882 1936 4934 in
1971 4881 2070 4934 ad-

493 4981 644 5025 ventu
674 4971 888 5024 Domini
919 4972 1086 5025 nostri
1110 4970 1239 5025 Iesu
1269 4971 1470 5026 Christi
1499 4987 1618 5024 cum
1663 4973 1904 5026 omnibus
1945 4989 2070 5025 san-

493 5063 586 5114 ctis
616 5062 724 5114 suis
773 5063 816 5114 ".
865 5059 1036 5126 Quem
1079 5060 1366 5115 Dominum
1403 5072 1688 5131 precatur,
1739 5077 1922 5116 coram
1959 5061 2068 5118 Deo

493 5161 545 5208 et
578 5150 735 5206 Patre
774 5161 960 5206 nostro
992 5152 1045 5205 in
1080 5152 1315 5206 adventu
1359 5151 1574 5206 Domini
1614 5154 1788 5208 nostri
1831 5152 2065 5224 irrepre-

495 5241 781 5296 hensibilia
822 5240 1062 5295 ﬁdelium
1093 5239 1667 5296 Thessalonicensium
1697 5242 1886 5309 corda,
1931 5258 2064 5297 con-

494 5329 700 5385 ﬁrmata
736 5331 789 5384 in
820 5333 1110 5385 sanctitate
1139 5331 1526 5386 constabilire?
1555 5331 1936 5402 Respondeaut
1965 5349 2064 5388 no-

571 5503 587 5532 ¹
625 5505 854 5560 Mal-ach.
883 5522 919 5572 I,
957 5505 1009 5562 6.

1088 5509 1108 5540 ⁸
1164 5506 1296 5564 ibid.
1376 5509 1398 5542 ³
1433 5509 1575 5566 Psal.
1600 5524 1744 5575 cxvr,
1777 5509 1864 5564 9i.

2100 4215 2140 4268 D
2171 4170 2276 4241 γὰρ
2305 4171 2433 4241 περὶ
2462 4172 2554 4224 τοῦ
2582 4173 2718 4225 Θεοῦ
2751 4173 2845 4226 καὶ
2874 4172 3085 4243 lla-cpe;

1943 5509 1964 5540 ⁵
1991 5507 2033 5563 ll
2054 5505 2248 5566 Thess.
2290 5524 2373 5574 ιιι,
2397 5508 2450 5563 5.

2173 2980 2332 3050 δολὴν
2358 2980 2456 3049 τῆς
2483 2980 2640 3050 δόξης
2661 2980 3024 3034 ἐπιδεικνύναι
3048 2999 3061 3047 ;
3091 2982 3152 3034 Εἰ
3180 2981 3237 3033 δὲ
3266 2981 3518 3050 λέγοιμεν
3540 2980 3576 3034 ἃ
3595 2983 3750 3053 παρὰ

2171 3073 2268 3142 τῆς
2298 3072 2519 3142 Γραφῆς
2565 3071 2956 3143 ἐδιδάχθημεν,
2999 3072 3139 3142 τάχα
3175 3089 3276 3124 που
3311 3072 3456 3142 μέγα
3493 3072 3588 3124 καὶ
3619 3089 3747 3139 σφο-

2171 3164 2293 3234 δρὸν
2327 3163 2744 3235 ὰνακράξονται,
2777 3164 2868 3216 καὶ
2898 3164 3184 3233 συσχόντες
3213 3163 3279 3216 τὰ
3308 3158 3452 3228 ὦτα,
3484 3162 3746 3234 ἀράμενοι

2171 3254 2371 3320 λίθους,
2399 3256 2434 3327 ἦ
2465 3257 2491 3309 ὅ
2522 3274 2574 3309 τι
2598 3257 2662 3309 ἂν
2693 3256 2844 3326 τύχοι
2877 3256 3193 3326 παραφανὲν
3212 3295 3227 3320 ,
3254 3254 3410 3308 τοῦτο
3443 3256 3553 3308 τῶν
3579 3257 3743 3308 Ilva)-

2176 3349 2506 3420 ματομάχων
2545 3349 2772 3412 ἕκαστος
2819 3349 2979 3401 ὅπλον
3035 3348 3432 3416 ποιησάμενος,
3478 3348 3566 3416 ἐφ’
3604 3348 3734 3416 ἡμᾶς

2171 3440 2409 3509 ἥξουσιν.
2460 3443 2534 3494 Οὐ
2570 3443 2675 3512 μὴν
2705 3442 2808 3513 πρό
2838 3459 2901 3510 γε
2935 3441 3034 3512 τῆς
3073 3440 3328 3512 ἀληθείας
3353 3440 3592 3510 τιμητέα
3615 3439 3730 3506 ἡμῖν

2170 3533 2203 3602 ἡ
2231 3533 2516 3601 ἀσφάλεια.
2541 3534 2786 3606 Εὖρομεν
2806 3534 2982 3586 τοίνυν
3004 3534 3151 3605 παρὰ
3169 3533 3246 3605 τῷ
3395 3527 3694 3595 Ἀποστὸλῳ
3718 3545 3731 3558 ο

2183 3622 2236 3676 '0
2267 3623 2336 3675 δὲ
2371 3625 2585 3691 Κύριος
2619 3625 2973 3677 κατευθύναι
3017 3624 3185 3692 ὑμῶν
3228 3623 3335 3689 τὰς
3375 3619 3622 3688 καρδίας
3657 3621 3744 3687 είς

2171 3713 2285 3782 τὴν
2316 3714 2555 3784 ἀγάπην
2580 3713 2687 3766 τοῦ
2714 3713 2881 3777 Θεοῦ,
2914 3713 3008 3766 καί
3038 3715 3124 3778 εἱς
3149 3711 3262 3780 τὴν
3293 3712 3607 3780 ὑπομονὴν
3635 3711 3746 3765 τοῦ

2171 3806 2426 3872 Χριστοῦ
2474 3807 2628 3874 ὑπὲρ
2659 3805 2778 3858 τῶν
2816 3807 3098 3873 θλίψεων.
3284 3805 3379 3868 Τίς
3419 3807 3448 3857 6
3485 3803 3750 3858 κατευθύ-

2172 3913 2275 3949 νων
2320 3895 2522 3967 Κύριος
2562 3899 2642 3960 εἰς
2678 3898 2776 3968 τὴν
2810 3897 2903 3949 τοῦ
2952 3895 3086 3950 Θεοῦ
3129 3897 3370 3966 ἀγάπην,
3406 3899 3500 3950 καὶ
3533 3899 3616 3962 εἰς
3650 3899 3748 3968 τὴν

2172 3984 2309 4055 ὑπὲρ
2339 3985 2446 4039 τιῖῆ
2487 3986 2719 4056 θλίψεων
2741 3987 2834 4040 τοῦ
2864 3987 3100 4058 Χριστοῦ
3136 3988 3444 4058 ύπομονήνς
3495 3990 3750 4061 Ἀποκριπ-

2171 4077 2451 4131 νάσθωσαν
2481 4081 2610 4149 ἡμῖν
2639 4081 2686 4132 oi
2719 4081 2779 4133 τὸ
2817 4079 3042 4151 Πνεῦμα
3078 4079 3582 4150 καταδουλούμενοι.
3624 4083 3750 4136 Eia

3263 4175 3292 4226 6
3321 4172 3498 4241 λόγος,
3532 4174 3754 4236 πάντως

2173 4262 2238 4316 ἂν
2265 4264 2450 4333 εἴρητο
2469 4281 2480 4295 ·
2523 4264 2586 4315 '0
2615 4264 2682 4316 δὲ
2713 4265 2930 4332 Κύριος
2954 4262 3110 4332 ὑμᾶς
3136 4266 3492 4319 κατευθύναι
3521 4268 3612 4331 εις
3637 4265 3756 4332 τὴν

2170 4351 2385 4405 ἑαυτοῦ
2405 4351 2649 4421 ἀγάπην
2669 4371 2681 4382 ο
2714 4354 2822 4406 εἴτε
2847 4352 2974 4423 περὶ
2994 4352 3086 4404 τοῦ
3115 4352 3243 4406 ϊίοῦ
3281 4389 3298 4415 ,
3427 4355 3754 4423 προσέκειτο

2171 4441 2256 4509 ἂν,
2281 4445 2367 4509 εἰς
2399 4443 2514 4512 τὴν
2544 4445 2761 4498 ἑαυτοῦ
2807 4445 3140 4514 ὑπομονήν.
3184 4445 3528 4516 Ζητείτωσαν
3570 4442 3664 4499 οὖν
3699 4448 3753 4499 τί

2172 4534 2316 4586 ἐστιν
2362 4534 2488 4587 ἄλλο
2516 4535 2804 4605 πρόσωπον
2825 4576 2840 4602 ,
2869 4536 2898 4588 ὃ
2926 4539 2990 4606 τῇ
3030 4535 3366 4608 προσηγορίᾳ
3405 4539 3500 4592 τοῦ
3539 4537 3753 4606 Κυρίου

2169 4623 2432 4694 τιμᾶσθαι
2465 4625 2632 4690 ἄξιον.
2675 4627 3063 4698 Παραπλήσιον
3097 4627 3154 4680 δὲ
3187 4627 3359 4697 τούτῳ
3552 4629 3647 4681 καὶ
3692 4629 3755 4682 τὸ

2171 4716 2395 4787 ἑτέρωθι
2421 4717 2699 4788 κείμενον,
2729 4719 2790 4772 τό
2812 4735 2826 4750 ο
2867 4716 3048 4788 ’Υμᾶς
3090 4719 3158 4772 δὲ
3183 4722 3216 4773 ὁ
3248 4721 3459 4788 Κύριος
3487 4720 3754 4773 πλεονά-

2170 4820 2274 4860 σαι
2299 4807 2395 4860 καί
2436 4811 2835 4876 περισσεύσαι
2865 4810 2940 4878 τῇ
2965 4809 3163 4879 ἀγάπῃ
3190 4812 3275 4876 εἰς
3300 4810 3617 4876 ἀλλήλους
3649 4810 3756 4864 καὶ

2168 4897 2256 4962 εὶς
2284 4895 2536 4963 πάντας,
2579 4899 2844 4967 καθάπερ
2871 4901 2968 4952 καὶ
3009 4898 3179 4967 {utsic
3214 4902 3301 4964 εὶς
3335 4897 3512 4967 ὑμᾶς,
3545 4901 3635 4963 εις
3685 4899 3754 4952 τὸ

2169 4989 2445 5056 στηρίξαι
2472 4989 2640 5058 ὑμῶνξ
2681 4991 2786 5056 τὰς
2830 4989 3074 5058 καρδίας
3103 4988 3448 5059 ἀμέμπτους
3469 4990 3540 5042 ἐν·
3575 4992 3752 5058 ἁγιω-

2170 5079 2328 5146 σύνῃ
2378 5077 2718 5147 ἔμπροσθεν
2757 5079 2862 5133 τοῦ
2911 5077 3057 5132 Θεοῦ
3092 5078 3189 5133 καὶ
3220 5079 3448 5146 Πατρός
3480 5076 3650 5146 ἡμῶν
3681 5079 3751 5131 ἐν

2171 5167 2242 5236 τῇ
2278 5173 2578 5238 παρουσίᾳ
2627 5170 2732 5224 τοῦ
2778 5171 2997 5238 Κυρίου
3039 5169 3207 5240 ἡμῶν
3257 5169 3451 5238 Ἰησοῦ
3486 5169 3749 5238 Χριστοῦ

2164 5255 2314 5324 μετὰ
2358 5257 2598 5311 πάντων
2627 5257 2744 5311 τῶν
2776 5261 2960 5329 ἁγίων
2991 5261 3194 5314 αὐτοῦ.
3230 5261 3389 5312 Ποῖον
3419 5260 3624 5330 Κύριον
3665 5261 3750 5312 εῦ-

2170 5362 2321 5416 χεται
2351 5347 2654 5420 ἔμπροσθεν
2698 5349 2792 5402 τοῦ
2825 5349 2958 5404 Θεοῦ
3005 5353 3099 5406 καὶ
3149 5352 3360 5422 Πατρὸς
3397 5352 3556 5423 ἡμῶν
3587 5354 3644 5404 ὲν
3681 5354 3748 5424 τῇ

2527 5509 2548 5541 ⁸
2577 5507 2595 5561 l
2629 5507 2824 5566 Thess.
2858 5526 2936 5575 ιιι,
2977 5509 3064 5576 12,
3108 5509 3192 5566 15.
