4030 6222
243 229 362 291 773

1269 227 1640 289 PANUPLIA
1684 227 2143 291 DOGMATICA.
2172 255 2236 267 -
2264 228 2410 291 TlT.
2459 231 2590 291 XlI.

3415 225 3522 290 774

246 344 538 420 παρουσίᾳ
564 343 660 398 τοῦ
704 343 908 416 Κυρίου
948 343 1104 414 ἡμῶν
1130 342 1453 414 ἀμέμπτους
1478 342 1576 405 τὰς
1613 341 1833 411 καρδίας

1948 344 2053 409 bis,
2075 343 2311 414 quicum
2342 341 2755 398 ministratoriis
2776 341 3083 413 spiritibus,
3114 344 3204 413 qui
3235 343 3522 400 mittuntur

246 436 660 509 ἐστηριγμένας
723 437 783 489 ἐν
844 434 1118 507 ἁγιωσύνῃ
1181 434 1290 487 τῶν
1356 434 1414 486 ἐν
1475 431 1839 505 Θεσσαλονίκῃ

246 527 468 582 πιστῶν
510 526 797 599 στηρίξαι;
864 524 1379 598 Ἀποκρινάσθωσαν
1427 527 1560 595 ἡμῖν
1606 526 1655 578 ot
1704 523 1842 595 μετὰ

242 620 366 675 τῶν
414 618 800 691 λειτουργικῶν
842 619 1166 689 πνευμάτων
1224 617 1333 671 τῶν
1379 618 1515 688 πρὸς
1567 616 1843 670 διακονίαν

244 710 741 781 ἁποστελλομένων
764 710 824 763 τὸ
849 709 1002 778 ἅγιον
1041 709 1265 780 Πνεῦμα
1286 708 1544 773 τιθέντες.
1581 708 1719 762 Ἀλλ’
1743 710 1842 762 οὐκ

243 803 463 874 ἔχουσι.
512 801 713 873 Διόπερ
755 800 1105 855 ἀκουέτωσαν
1146 802 1242 855 καὶ
1288 802 1482 873 ἐτέρας
1538 802 1844 873 μαρτυρίας

243 890 556 963 διαρρήδην
590 890 684 943 καὶ
726 890 896 959 αὐτῆς
924 890 1350 961 κυριολογούσης
1384 889 1445 943 τὸ
1484 889 1727 961 Πνεῦμα.
1781 890 1843 942 '0

245 982 323 1036 δὲ
357 982 594 1049 Κύριος,
614 982 844 1051 φησὶ,τὸ
868 980 1112 1051 Πνεῦμά
1131 982 1262 1035 ἐστι
1282 999 1295 1012 ο
1324 983 1417 1034 καὶ
1439 982 1599 1035 πάλιν
1615 999 1628 1012 ’
1652 981 1845 1037 Καθιὶο

251 1091 371 1142 περ
449 1074 569 1128 ἀπὸ
628 1074 846 1143 Κυρίου
897 1064 1261 1143 Πνεύματος.
1325 1075 1487 1127 Ὥστε
1558 1075 1614 1128 δέ
1682 1075 1845 1146 μηδε-

255 1164 393 1235 μίαν
555 1165 866 1233 ἀντιλογίας
889 1165 1143 1236 ἀφορμὴν
1166 1164 1506 1227 καταλιπεῖν,
1539 1165 1706 1236 αὐτὴν
1739 1184 1839 1218 παι

258 1256 574 1328 ραθήσομαι
594 1255 687 1309 τοῦ
726 1256 1046 1310 Ἀποστόλου
1074 1257 1173 1329 τὴν
1200 1256 1343 1321 λέξιν
1362 1271 1376 1286 ·
1409 1258 1571 1327 Ἄχρι
1604 1256 1711 1327 γὰρ
1736 1257 1845 1325 τῆς

254 1347 533 1416 σήμερον
565 1346 630 1399 τὸ
660 1348 804 1401 αὐτὸ
838 1347 1119 1418 κάλυμμα
1149 1347 1246 1400 ἐπὶ
1276 1345 1350 1416 τῇ
1374 1348 1708 1417 ἀναγνώσει
1734 1346 1846 1413 τῆς

251 1436 536 1503 Hea/latae
568 1437 866 1504 Διαθήκης
891 1437 1060 1508 μένει
1079 1478 1093 1502 ,
1125 1437 1211 1509 μὴ
1251 1439 1843 1508 ἀνακαλυπτόμενον,

251 1530 291 1584 ὅ
320 1549 373 1584 τι
409 1531 478 1584 ἐν
507 1526 738 1597 Χριστῷ
777 1529 1168 1598 καταργεῖται.
1190 1529 1376 1583 Ὅταν
1401 1529 1469 1583 δὲ
1509 1529 1845 1598 ἐπιστρέψῃ

249 1618 413 1687 πρὸς
449 1618 686 1685 Κύριον,
730 1614 1112 1685 περιαιρεῖται
1309 1617 1375 1670 τὸ
1413 1618 1715 1689 κάλυμμα.
1777 1620 1838 1672 '0

1947 433 2015 488 ad
2046 434 2452 498 ministerium,
2502 435 2779 488 collocant
2818 433 3083 504 Spiritum
3127 445 3401 490 sanctum.
3450 437 3522 489 At

1948 540 2056 580 non
2086 525 2284 581 habent
2311 525 2456 595 quod
2495 526 2883 596 respondeant.
2920 524 3266 596 Quapmpter
3291 528 3521 581 audiant

1946 629 2001 674 et
2037 618 2182 672 aliud
2209 618 2603 683 testimonium,
2630 619 2914 673 evidenter
2959 617 3225 687 Spiritum
3269 628 3518 674 sanctum

1947 710 2229 782 appellans
2283 709 2593 764 Dominum.
2649 709 2904 764 Dominus
2937 750 2953 773 ,
3006 711 3222 779 inquit,
3286 709 3519 781 Spiritus

1947 811 2023 855 est
2061 805 2078 836 ι
2109 816 2125 868 ;
2157 807 2211 855 et
2251 815 2472 854 rursum
2509 819 2520 854 :
2560 800 2835 871 Tanquam
2870 817 2903 853 a
2949 799 3173 856 Domino
3209 801 3413 870 Spiritu
3451 805 3470 833 ⁸
3503 840 3517 853 .

1948 890 2024 947 Ne
2052 907 2183 947 vero
2211 893 2321 947 ulla
2353 895 2694 967 relinquatur
2713 897 2931 952 occasio
2950 896 3383 956 contradicendi,
3406 895 3519 963 ipsa

1949 984 2191 1055 Apostoli
2217 989 2377 1044 verba
2404 990 2673 1058 proferam
2705 988 2759 1041 in
2792 987 3027 1042 medium
3066 1007 3079 1041 :
3120 986 3293 1057 Usque
3330 986 3398 1038 ad
3429 988 3521 1037 Ιιο-

1948 1084 2189 1135 diernum
2220 1082 2355 1134 enim
2390 1080 2527 1133 diem
2556 1079 2694 1133 idem
2728 1080 2961 1133 velamen
2984 1080 3037 1131 in
3062 1079 3281 1131 lectione
3327 1077 3519 1129 Vetem

1950 1171 2271 1225 Testamenti
2299 1181 2505 1237 manet,
2553 1188 2655 1224 non
2689 1171 3003 1233 revelatum,
3043 1170 3181 1240 quod
3226 1171 3278 1223 in
3309 1169 3520 1222 Christo

1948 1263 2254 1333 abrogatur.
2276 1263 2408 1317 Cum
2437 1272 2611 1316 autem
2633 1278 2914 1316 conversus
2932 1262 3091 1330 fuerit
3119 1261 3188 1314 ad
3212 1260 3517 1321 Dominum,

1950 1354 2162 1407 tolletur
2181 1354 2431 1409 velamen.
2460 1354 2716 1407 Dominus
2741 1363 2919 1406 autem
2948 1353 3179 1419 Spiritus
3203 1364 3279 1404 est
3315 1349 3335 1380 ³
3369 1390 3382 1403 .
3413 1347 3524 1400 Cur

1948 1445 2053 1500 hoc
2082 1445 2248 1501 dicit?
2276 1445 2543 1511 Quoniam
2566 1446 2659 1515 qui
2686 1445 2832 1498 nudo
2861 1443 3161 1498 intellectui
3199 1443 3392 1495 litterae
3423 1457 3517 1495 as-

1949 1536 2109 1595 sidet,
2140 1544 2191 1590 et
2225 1536 2334 1588 illic
2365 1536 2512 1589 circa
2537 1536 2736 1605 legales
2766 1535 3182 1589 observationes
3216 1540 3517 1601 occupatus

1939 1630 2043 1683 est,
2082 1619 2311 1674 Judaica
2353 1621 2549 1675 littera:
2597 1622 3051 1689 interpretatione
3079 1622 3237 1691 quasi
3273 1622 3393 1676 velo
3437 1630 3521 1677 te.

251 1710 477 1778 Κύριος
502 1708 568 1762 τὸ
609 1708 852 1778 Πνεῦμά
884 1710 1035 1764 ἐστι.
1087 1708 1152 1764 Τί
1196 1709 1354 1763 τοῦτο
1390 1710 1592 1779 λέγων;
1641 1714 1763 1765 Ὅτι
1812 1713 1833 1764 ὁ

1941 1718 2086 1765 ctum
2121 1711 2282 1766 habet
2308 1725 2406 1765 cor
2435 1729 2448 1764 :
2479 1719 2640 1780 atque
2670 1711 2725 1763 id
2751 1711 2828 1764 illi
2851 1712 3071 1776 accidit,
3095 1728 3161 1767 eo
3183 1713 3329 1783 quod
3360 1714 3520 1783 igno-

249 1801 388 1872 ψιλῇ
423 1802 487 1871 τῇ
522 1799 730 1871 διανοίᾳ
761 1800 853 1853 τοῦ
880 1801 1206 1872 γράμματος
1237 1802 1708 1876 προσκαθήμενος,
1746 1803 1840 1855 καὶ

249 1890 424 1948 αὐτοῦ
454 1908 555 1943 που
582 1891 709 1962 περὶ
732 1890 801 1944 τὰ
827 1891 1026 1962 νομικὰ
1054 1893 1498 1963 παρατηρήματα
1522 1892 1835 1963 διατρίϐων,

249 1978 365 2036 οἷόν
403 1998 508 2034 τινι
539 1981 998 2052 παραπετάσματι
1028 1984 1094 2052 τῇ
1143 1983 1407 2053 Ἰουδαϊκῇ
1450 1981 1545 2035 τοῦ
1573 1982 1838 2053 γράμμα-

249 2056 342 2134 io;
377 2071 572 2141 ἐκδοχῇ
606 2070 704 2141 τὴν
747 2071 974 2143 καρδίαν
1008 2071 1201 2125 ἑαυτοῦ
1235 2073 1710 2140 συγκεκάλυπται·
1745 2075 1838 2126 καὶ

248 2162 414 2216 τοῦτο
444 2164 642 2233 πάσχει
677 2163 827 2234 παρὰ
858 2164 919 2216 τὸ
955 2165 1189 2231 ἀγνοεῖν,
1228 2163 1311 2216 ὅτι
1345 2164 1379 2234 ἡ
1414 2163 1699 2234 σωματικὴ
1740 2164 1834 2216 τοῦ

248 2256 418 2324 νόμου
448 2255 679 2324 τήρησις
704 2256 760 2306 ἐν
786 2257 853 2324 τῇ
887 2255 1148 2325 ἐπιδημία
1314 2253 1406 2307 τοῦ
1440 2254 1677 2326 Χριστοῦ
1704 2273 1835 2308 κατ-

246 2346 522 2414 αργεῖται,
554 2343 663 2397 τῶν
701 2343 888 2398 τύπων
920 2344 1102 2397 λοιπὸν
1139 2344 1588 2415 μεταληφθέντων
1617 2348 1695 2408 εἰς
1736 2345 1835 2416 τὴν

246 2433 533 2503 ἀλήθειαν.
577 2432 833 2503 Ἀργοῦσι
864 2433 972 2505 γὰρ
1008 2434 1190 2504 λύχνοι
1218 2436 1283 2505 τῇ
1318 2434 1413 2487 τοῦ
1450 2433 1600 2504 ἡλίου
1631 2444 1837 2505 παρου-

248 2525 377 2595 σίᾳσ
414 2525 507 2576 καὶ
541 2524 790 2594 σχολάζει
816 2527 845 2578 ὁ
876 2525 1057 2595 νόμος,
1090 2525 1184 2578 καὶ
1216 2528 1540 2596 προφητεῖαι
1731 2542 1834 2577 κα-

245 2617 657 2685 τασιγάζονται,
688 2618 791 2688 τῆς
819 2616 1076 2688 ἀληθείας
1111 2618 1502 2688 ἀναφανείσης.
1555 2617 1614 2671 '0
1652 2617 1833 2687 μέντοι

244 2711 501 2783 δυνηθεὶς
527 2712 621 2764 ἐπὶ
645 2712 707 2764 τὸ
734 2710 897 2781 βάθος
926 2710 1185 2780 διακύψαι
1210 2710 1310 2780 τῆς
1339 2710 1569 2781 νομικῆς
1600 2709 1828 2773 ἐννοίας,

246 2803 341 2854 καὶ
390 2802 492 2871 τὴν
517 2801 583 2855 ἐκ
611 2802 706 2855 τοῦ
743 2802 1071 2873 γράμματος
1112 2800 1401 2869 ἀσάφειαν,
1442 2795 1554 2852 οἷόν
1583 2817 1635 2851 τι
1665 2815 1832 2853 κατα-

246 2894 526 2962 πέτασμα,
576 2893 833 2963 διασχὼν,
880 2893 1011 2946 εἵσω
1048 2894 1300 2962 γενέσθαι
1333 2895 1443 2947 τῶν
1479 2895 1827 2965 ἀπορρήτων,

242 2975 401 3046 οὗτος
432 2984 745 3055 ἐμιμήσατο
775 2986 868 3038 τὸν
904 2987 1148 3057 Μωῦσῆν
1193 2987 1251 3039 ἐν
1282 2985 1360 3056 τῷ
1381 2985 1724 3054 διαλέγεσθαι
1747 2984 1827 3055 τῷ
1856 3038 1894 3057 ι.

244 3072 364 3143 θεῷ
397 3073 790 3144 περιαιροῦντα
833 3074 896 3128 τὸ
926 3074 1209 3146 κάλυμμα,
1236 3074 1579 3147 ἐπιστρέφων
1604 3076 1698 3128 καὶ
1721 3075 1825 3126 αὐ-

241 3163 331 3229 τὸς
364 3164 478 3217 ἀπὸ
508 3163 602 3217 τοῦ
631 3165 957 3238 γράμματος
990 3167 1127 3239 πρὸς
1152 3164 1215 3219 τὸ
1390 3165 1628 3237 πνεῦμα.
1661 3167 1824 3219 Ὥστε

240 3257 528 3324 ἀναλογεῖν
556 3256 636 3328 τῷ
671 3258 768 3328 μὲν
811 3260 904 3312 ἐπὶ
936 3257 1029 3312 τοῦ
1073 3257 1366 3330 προσώπου
1409 3258 1682 3323 Μωῦσέως
1721 3276 1819 3314 κα-

241 3345 492 3418 λύμματι
543 3350 644 3419 τὴν
694 3348 803 3402 τῶν
851 3350 1093 3421 νομικῶν
1139 3350 1482 3421 διδαγμάτων
1523 3353 1820 3419 ἀσάφειαν,

235 3442 305 3510 τῇ
330 3439 391 3492 δὲ
431 3442 734 3513 ἐπιστροφῇ
788 3443 854 3513 τῇ
883 3442 1020 3513 πρὸς
1052 3443 1143 3495 τὸν
1174 3442 1381 3514 Κύριον
1423 3443 1523 3514 τὴν
1577 3461 1823 3516 πνευμα-

235 3529 407 3600 τικὴν
445 3529 701 3600 θεωρίαν.
745 3531 802 3585 '0
847 3526 940 3585 οὖν
971 3533 1029 3585 ἐν
1066 3534 1131 3603 τῇ
1178 3531 1479 3598 ἀναγνώσει
1516 3531 1611 3585 τοῦ
1655 3533 1820 3603 νόμου

236 3618 510 3690 περιελὼν
539 3619 602 3673 τὸ
632 3621 861 3692 γράμμα
892 3622 1209 3693 ἐπιστρέφει
1237 3622 1374 3692 πρὸς
1406 3620 1497 3674 τὸν
1525 3620 1730 3691 Κύριον
1758 3622 1822 3691 (ὁ

238 3708 537 3781 δι’Κύριος
562 3710 657 3764 νῦν
688 3712 748 3765 τὸ
775 3711 1000 3784 Πνεῦμα
1027 3712 1245 3780 λέγεται
1267 3712 1308 3781 ),
1341 3711 1433 3763 καὶ
1464 3711 1651 3780 ὅμοιος
1676 3711 1824 3778 γίνε-

237 3813 326 3851 ται
364 3802 597 3855 Μωῦσεῖ
644 3804 708 3854 ἐκ
747 3803 848 3873 τῆς
882 3803 1204 3872 ἐπιφανείας
1235 3800 1330 3855 τοῦ
1363 3801 1498 3854 Θεοῦ
1537 3801 1598 3853 τὸ
1653 3801 1822 3872 πρόσ-

235 3904 386 3943 ωπον
417 3890 805 3963 δεδοξασμένον
844 3893 1039 3964 ἔχοντι.
1080 3894 1169 3957 Ὦς
1202 3892 1311 3963 γὰρ
1339 3893 1406 3946 τὰ
1431 3893 1543 3954 τοῖς
1565 3889 1821 3962 ἀνθηροῖς

235 3985 495 4058 χρώμασι
543 3984 924 4055 παρακείμενα
965 3984 1031 4038 ἐκ
1070 3985 1170 4055 τῆς
1206 3982 1609 4054 περιῤῥεούσης
1644 3981 1820 4053 αὐγῆς

237 4077 332 4130 καὶ
387 4072 531 4128 αὐτὰ
580 4073 1025 4145 καταχρώννυται
1086 4085 1103 4104 ·
1271 4072 1444 4136 οὕτως
1495 4074 1524 4125 ὁ
1572 4071 1822 4143 ἐναργῶς

235 4166 557 4228 δνατενίσας
583 4163 661 4236 τῷ
688 4165 965 4235 Πνεύματι
992 4166 1058 4218 ἐκ
1091 4165 1189 4235 τῆς
1219 4164 1427 4218 ἐκείνου
1461 4162 1620 4233 δόξης
1657 4179 1821 4233 μετα-

240 4254 547 4327 μορφοῦταί
576 4272 693 4318 πως
733 4255 870 4326 πρὸς
899 4252 962 4307 τὸ
999 4253 1292 4323 φανότερον
1312 4290 1327 4316 ,
1355 4246 1466 4305 οἷόν
1508 4268 1614 4305 τινι
1656 4250 1816 4320 φωτὶ,

1940 1808 2024 1855 ret
2070 1802 2410 1870 corporalem
2476 1801 2613 1871 legis
2665 1801 3104 1856 observationem
3160 1803 3217 1856 in
3278 1804 3517 1858 adventu

1938 1890 2140 1947 Christi
2157 1892 2416 1946 abolitam
2436 1905 2581 1955 esse,
2598 1891 2709 1961 jam
2735 1890 2924 1959 ﬁguris
2944 1893 3009 1944 ad
3030 1892 3314 1947 veritatem
3337 1904 3520 1949 trans-

1941 1979 2084 2034 latis.
2132 1978 2275 2032 Sunt
2334 1980 2480 2034 enim
2511 1993 2941 2050 supervacanea!
2975 1981 3211 2036 lucernae
3246 1984 3378 2037 solis
3421 1984 3518 2035 ad-

1939 2081 2099 2122 ventu
2128 2087 2143 2136 ;
2179 2079 2234 2124 et
2262 2080 2445 2126 cessat
2477 2071 2584 2135 lex,
2615 2080 2670 2126 et
2692 2073 2995 2142 prophetiae
3025 2074 3189 2127 silent
3215 2113 3229 2136 ,
3262 2074 3426 2128 simul
3462 2084 3519 2129 nt

1938 2161 2117 2214 illuxit
2146 2161 2372 2217 veritas.
2408 2162 2475 2215 At
2507 2164 2602 2233 qui
2636 2164 2815 2231 potuit
2844 2164 2909 2217 ad
2940 2163 3209 2233 profunda
3370 2166 3518 2235 lega-

1936 2249 2003 2305 lis
2029 2265 2226 2306 sensus
2262 2262 2570 2322 pcnetrare,
2599 2268 2664 2307 ac
2693 2254 2945 2308 discussa
2991 2256 3125 2324 legis
3155 2254 3514 2323 obscuritate,

1936 2355 2035 2396 ceu
2065 2341 2397 2407 velamento,
2432 2344 2663 2399 introire
2694 2346 2762 2399 ad
2793 2360 3015 2412 arcana,
3048 2346 3133 2400 hic
3168 2349 3358 2402 Mosen
3393 2349 3507 2403 imi-

1935 2440 2085 2488 tatus
2104 2441 2210 2499 est,
2240 2434 2510 2500 velamen,
2542 2436 2670 2490 dum
2704 2437 2947 2507 loquitur
2982 2451 3105 2492 cum
3149 2438 3277 2504 Deo,
3318 2441 3516 2496 tollen-

1936 2532 2042 2577 tem
2090 2535 2150 2590 ις
2186 2524 2306 2594 ipse
2333 2539 2394 2579 se
2423 2525 2588 2580 etiam
2615 2535 2943 2581 convertens
2976 2542 3005 2580 a
3037 2528 3217 2583 littera
3246 2530 3312 2583 ad
3352 2532 3514 2599 spiri-

1936 2624 2071 2668 tum.
2105 2614 2289 2681 Quare
2317 2616 2572 2671 velamini
2601 2618 2746 2685 quod
2782 2618 3099 2687 impositum
3131 2628 3215 2674 est
3236 2636 3400 2691 super
3430 2621 3512 2675 fa-

1933 2706 2075 2759 ciem
2111 2706 2267 2770 Mosi,
2301 2706 2597 2777 respondet
2631 2709 2885 2778 legalium
2916 2708 3372 2766 documentorum
3410 2714 3511 2769 ob.

1933 2797 2171 2852 scuritas
2205 2815 2219 2864 ;
2251 2799 2597 2853 conversioni
2627 2808 2807 2853 autem
2839 2799 2906 2853 ad
2958 2799 3249 2856 Dominum
3284 2818 3514 2873 respon-

1933 2886 2024 2941 det
2070 2888 2375 2958 spiritualis
2424 2889 2805 2959 intelligentia.
2855 2886 2996 2960 Ergo
3036 2892 3128 2962 qui
3176 2895 3229 2946 iu
3278 2894 3514 2950 lectione

1929 2977 2063 3047 legis
2106 2977 2285 3032 aufert
2325 2978 2597 3043 litteram,
2641 2980 2910 3034 convertit
2948 2995 3068 3035 sese
3111 2980 3178 3034 ad
3222 2980 3511 3036 Dominum

1930 3068 2221 3137 (Dominus
2251 3076 2433 3124 autem
2464 3085 2613 3124 nunc
2653 3069 2892 3140 Spiritus
2921 3071 3177 3140 dicitur),
3210 3087 3276 3127 ac
3318 3073 3514 3131 similis
3613 3056 3621 3084 ’

1927 3156 2174 3212 redditur
2201 3157 2357 3225 Mosi,
2396 3174 2459 3214 ex
2486 3160 2834 3229 apparitione
2864 3159 2955 3216 Dei
2992 3160 3187 3216 faciem
3232 3162 3511 3232 gloriﬁca-

1927 3254 2036 3302 tam
2060 3248 2302 3314 babenti.
2343 3248 2499 3304 Sicut
2534 3251 2680 3306 enim
2711 3266 2833 3321 quae
2855 3251 3011 3320 juxta
3038 3251 3264 3309 ﬂoridos
3291 3255 3510 3310 colores

1924 3339 2102 3407 posita
2133 3348 2281 3404 sunt,
2313 3355 2344 3395 e
2374 3341 2666 3410 splendore
2702 3348 3064 3411 promanante
3090 3343 3412 3397 colorantur
3441 3350 3497 3396 et

1922 3431 2041 3500 ipsa
2070 3448 2083 3484 :
2111 3430 2191 3486 sic
2228 3431 2323 3501 qui
2351 3431 2635 3488 evidenter
2656 3432 2887 3488 intendit
2919 3435 3110 3489 oculos
3132 3435 3189 3488 in
3214 3433 3501 3504 Spiritum,

1922 3536 1987 3576 ex
2020 3522 2169 3595 illius
2193 3523 2368 3593 gloria
2405 3524 2809 3592 quodammodo
2854 3526 3286 3581 transformatur
3321 3536 3380 3581 ut
3420 3529 3513 3582 lia:

1922 3610 2214 3675 itlustrior,
2245 3613 2374 3667 dum
2409 3615 2643 3669 veritate
2671 3629 2701 3667 a
2731 3615 2939 3684 Spiritu
2979 3626 3369 3684 promanante,
3406 3632 3511 3671 ceu

1922 3701 2045 3757 luce
2075 3703 2342 3773 quadam,
2378 3705 2546 3760 corde
2584 3705 2944 3759 illuminatur.
2975 3705 3038 3760 Et
3063 3706 3166 3760 hoc
3195 3715 3282 3763 est
3327 3714 3512 3763 trans-

1921 3790 2146 3847 formari
2205 3808 2235 3847 a
2302 3794 2477 3864 gloria
2528 3794 2771 3866 Spiritus
2814 3796 2881 3851 ad
2929 3797 3205 3866 propriam
3252 3798 3505 3873 gloriam,

1921 3884 2064 3939 haud
2097 3901 2279 3956 parce,
2316 3902 2496 3956 neque
2520 3888 2781 3954 tenuiter,
2808 3888 2904 3943 sed
2936 3889 2992 3942 in
3027 3896 3239 3944 tantum
3260 3929 3275 3954 ,
3319 3904 3467 3960 quan
3497 3925 3503 3932 .

1920 3983 2035 4030 tum
2069 3991 2169 4046 par
2199 3984 2285 4033 est
2316 3977 2582 4035 illustrari
2618 3992 2741 4033 eum
2774 3978 2867 4049 qui
2916 3993 2946 4033 a
2995 3978 3199 4050 Spiritu
3231 3979 3477 4034 illumina
3490 4008 3513 4023 οη

1919 4073 2027 4121 tur.
2058 4065 2178 4122 Non
2210 4068 2437 4135 vereris,
2470 4083 2505 4124 ο
2546 4069 2729 4131 homo,
2758 4068 3077 4138 Apostolum
3107 4069 3377 4124 dicentem
3436 4075 3457 4106 '
3487 4087 3503 4125 :

1923 4158 2194 4227 Templum
2222 4158 2321 4214 Dei
2347 4161 2496 4227 estis,
2521 4170 2570 4215 et
2594 4158 2827 4229 Spiritus
2853 4161 2949 4215 Dei
2967 4159 3177 4214 habitae
3190 4161 3249 4213 in
3268 4160 3412 4215 vobis
3446 4160 3510 4215 οι

1920 4247 2060 4303 Νιιιη
2088 4252 2357 4320 potuisset
2391 4267 2629 4321 unquam
2663 4252 2860 4307 servile
2889 4250 3229 4306 domicilium
3263 4252 3505 4321 appella-

237 4350 304 4418 τῇ
330 4350 400 4400 ἐκ
430 4345 533 4398 τοῦ
553 4345 869 4416 Πνεύματος
903 4342 1128 4415 ἀληθείᾳ
1150 4343 1249 4413 τὴν
1280 4342 1507 4414 καρδίαν
1538 4341 1822 4412 καταλαμ-

1935 4340 2073 4396 Lione
2108 4342 2294 4412 templi
2335 4342 2647 4397 honorare?
2676 4341 2820 4409 Quid
2856 4343 2953 4412 qui
2989 4341 3328 4411 Scripturam
3363 4340 3505 4395 divi-

236 4438 496 4509 πόμενος.
528 4437 641 4491 Καὶ
671 4436 828 4489 τοῦτό
858 4437 976 4488 ἐστι
1010 4434 1091 4500 τὸ,
1126 4431 1565 4505 μεταμορφοῦται
1589 4432 1698 4486 ἀπὸ
1722 4433 1822 4503 τῆς

237 4528 393 4600 δόξης
429 4529 526 4582 τοῦ
566 4528 880 4599 Πνεύματος
909 4529 990 4592 είς
1024 4526 1125 4597 τὴν
1154 4526 1360 4579 οἰκείαν
1400 4525 1557 4591 δόξαν
1580 4566 1594 4589 ,
1626 4525 1688 4577 οὐ
1730 4542 1822 4595 μι.

238 4621 537 4693 κῳλὰγως,
567 4620 689 4673 οὐδὲ
717 4619 995 4691 ἀμυδρῶςο
1027 4618 1142 4672 ἀλλ’
1164 4617 1254 4670 ἐπὶ
1282 4615 1554 4678 τοσοῦτον,
1585 4616 1669 4684 ἐφ’
1697 4616 1821 4669 ὅσον

1924 4433 2073 4487 nitus
2103 4433 2422 4503 inspiratam
2448 4434 2713 4504 appellat,
2758 4449 2825 4489 eo
2854 4432 3000 4503 quod
3034 4432 3215 4487 alilatu
3262 4430 3508 4502 Spiritus

1926 4526 2129 4596 scripta
2173 4527 2280 4589 sit,
2324 4540 2454 4579 num
2499 4525 2916 4580 contumeliosis
2954 4533 3011 4579 et
3058 4521 3323 4593 Spiritum
3370 4530 3511 4576 atte-

1928 4616 2225 4671 nuantibus
2246 4617 2431 4672 verbis
2453 4616 2664 4670 utitur?

238 4718 387 4771 ἐστὶν
416 4715 569 4779 εἰκὸς
605 4716 695 4770 τὸν
720 4715 829 4769 ἀπὸ
887 4715 979 4769 τοῦ
1042 4711 1359 4783 Πνεύματος
1388 4708 1773 4780 φωτιζόμενον.
1811 4710 1885 4764 Ού
1921 4710 2143 4783 δυσωπῇ
2166 4752 2180 4777 ,
2236 4711 2488 4784 ἄνθρωπε
2510 4750 2524 4774 ,
2577 4712 2669 4763 τὸν
2730 4708 3055 4762 Ἀπόστολον
3113 4706 3374 4777 λέγοντα,
3421 4703 3507 4757 ὅτι

239 4815 401 4878 Nudi:
440 4810 589 4865 θεοῦ
618 4811 783 4873 ἐστε,
810 4808 909 4863 καί
947 4808 1012 4861 τὸ
1050 4807 1289 4876 Πνεῦμα
1325 4804 1430 4859 τοῦ
1476 4800 1627 4857 Θεοῦ
1671 4804 1825 4858 οἰκεῖ
1854 4805 1922 4858 ἐν
1945 4805 2114 4875 ὐμῒν;
2146 4801 2295 4878 Ἀρα
2323 4805 2385 4859 τὸ
2408 4804 2651 4858 δουλικὸν
2691 4804 3004 4874 οἰκητήριον
3061 4798 3379 4862 κατεδέξατο
3438 4795 3507 4854 ἄν

240 4922 369 4963 ποτε
439 4907 507 4975 τῇ
547 4901 640 4956 τοῦ
670 4900 802 4955 ναοῦ
840 4897 1178 4972 προσηγορία
1222 4897 1480 4967 τιμῆσαι;
1514 4894 1579 4947 Τί
1614 4896 1671 4948 δὲ
1703 4896 1733 4949 ὁ
1773 4894 2128 4950 θεόπνευστον
2185 4897 2285 4966 τὴν
2324 4897 2544 4967 Γραφὴν
2588 4894 2888 4963 ὀνομάζων,
2936 4891 3023 4945 διὰ
3085 4890 3184 4959 τῆς
3216 4887 3505 4949 ἐπιπνοίας

239 5001 331 5055 τοῦ
379 4999 540 5068 ἁγίου
584 4994 902 5064 Πνεύματος
959 4992 1388 5061 συγγραφεῖσαν,
1420 4988 1495 5058 μὴ
1526 4988 1641 5050 τοῖς
1695 4986 1791 5040 τοῦ
1819 4987 2238 5058 καθυϐρίζονιος
2286 4989 2379 5040 καὶ
2428 4986 2959 5055 κατασμικρύνοντος
2986 4981 3117 5036 αὐτὸ
3150 4978 3503 5051 προσρήμασι

242 5095 517 5164 κέχρηται
545 5105 560 5155 ;

245 5187 359 5241 Τοῦ
392 5186 585 5239 αὐτοῦ
615 5184 922 5247 σύστασις
950 5180 1105 5237 κατὰ
1141 5180 1258 5248 τὴν
1289 5181 1483 5251 φύσιν
1503 5180 1824 5251 κοινωνίας

1935 5178 2191 5250 Ejusdem
2223 5177 2561 5251 conﬁrmatio
2581 5178 2850 5251 naturalis
2901 5176 3284 5251 communionis
3317 5174 3501 5251 Spiri-

309 5254 422 5311 τοῦ
455 5256 826 5323 “revinctam
855 5246 934 5323 iit
950 5246 1306 5323 τοῆτίμοίωξ
1327 5248 1495 5323 εἶναι,
1511 5250 1698 5323 Πατρζ
1715 5246 1815 5306 καί

1976 5246 2180 5323 ἀισα
2205 5248 2516 5323 ᾳιιοά-ωοιιε
2533 5260 2610 5323 _a_c
2640 5248 2799 5304 Pater
2820 5257 2870 5304 et
2907 5247 3081 5301 Filius
3107 5246 3503 5315 incomprehen-

314 5323 431 5391 Υἱῷ
447 5319 871 5394 πρὸς-θεωρίαν
907 5319 1299 5391 δυσέφὶκτον.
1338 5322 1561 5391 Ksed}.
1595 5320 1710 5386 x,3'.

2000 5322 2170 5375 sibilis
2197 5319 2501 5389 est..Caput
2527 5319 2619 5375 22.

318 5416 396 5469 UO
461 5415 622 5487 μόνον
677 5414 732 5468 δὲ
789 5412 848 5480 ἐξ
911 5408 988 5467 ὧν
1041 5413 1141 5478 τὰς
1199 5413 1374 5477 αὐτὰς
1441 5411 1817 5484 προσηγορίας

2013 5411 2130 5466 Non
2183 5413 2359 5466 solum
2408 5423 2589 5465 autem
2647 5427 2710 5465 cx
2767 5411 2870 5465 hoc
2918 5409 3065 5480 quod
3128 5408 3353 5465 easdem
3404 5410 3505 5465 lia-

311 5578 399 5638 ⁸11
428 5578 554 5636 Cor.
585 5597 666 5649 tn,
693 5580 780 5638 l7.
856 5581 879 5614 ¹
910 5580 1043 5637 ibid.
1068 5579 1156 5639 18.
1234 5582 1259 5616 ⁸
1287 5583 1418 5640 ibid.
1454 5583 1540 5654 Η,
1571 5585 1659 5653 16,
1698 5583 1780 5648 17.

1935 5586 2065 5644 ond.
2098 5599 2281 5653 xxxiv,
2310 5584 2402 5641 54.
2481 5585 2501 5619 ⁸
2528 5582 2799 5654 lComn,
2826 5584 2910 5639 (6.
2986 5584 3007 5617 ⁸
3038 5583 3079 5641 ll
3119 5583 3253 5641 I‘im.
3294 5603 3375 5655 ιιι,
3420 5588 3507 5646 l6.
