4036 6210
510 264 623 329 W9

1770 267 2153 331 ΕΗΤΠΥΜΠ
2192 266 2549 328 ZIGABENI

2844 314 2857 342 ,
3684 266 3810 331 rso

514 409 744 476 simplex
778 407 999 477 quidem
1027 408 1253 461 verbum
1294 409 1345 459 iu
1373 406 1787 461 defensionibus
1810 422 1910 476 pro
1933 408 2091 462 Chri-

2192 425 2255 478 γε
2302 409 2420 462 οὐδὲ
2462 408 2613 479 ῥῆμα
2647 407 2801 475 ψιλὸν
2843 408 2901 461 ἐν
2950 410 3067 471 ταῖς
3107 409 3245 480 ὑπὲρ
3296 408 3536 481 Χριστοῦ
3584 410 3806 463 ἀπολο-

513 510 603 552 sto
621 501 747 569 quis
769 498 1162 569 possitdicere,
1190 498 1295 551 nisi
1319 496 1617 566 adjuvante
1639 495 1871 567 Spiritu,
1899 515 2091 570 quem-

508 592 807 645 admodum
845 592 901 647 in
928 590 1237 661 Evangeliis
1263 605 1293 643 a
1321 588 1552 646 Domino
1590 600 1644 646 et
1676 590 1966 648 Servatore
1994 608 2092 648 no-

514 692 629 736 stro
659 682 955 736 didicimus
1008 683 1048 734 ⁸.
1080 680 1252 735 Porro
1297 691 1357 735 ut
1395 682 1481 738 his
1512 684 1767 739 omnibus
1802 686 2087 753 neglectis,

513 782 675 842 atque
713 788 775 825 ea
829 774 1235 839 communione,
1286 791 1449 842 quam
1510 776 1563 829 in
1611 776 1864 829 omnibus
1909 778 2087 839 habet,

514 863 771 915 oblivioni
805 863 1025 926 tradita,
1050 880 1079 917 a
1112 865 1273 919 Patre
1303 876 1356 918 ct
1390 866 1527 919 Filio
1554 868 1733 936 ipsum
1765 868 2087 931 avellamus,

513 955 699 1009 nescio
741 969 808 1008 an
841 956 1134 1025 quisquam
1180 959 1354 1012 sancti
1404 956 1644 1026 Spiritus
1687 962 1963 1027 particeps
1998 974 2089 1011 as-

511 1062 777 1102 sensurus
809 1049 899 1101 sit.
946 1047 1002 1101 In
1034 1065 1143 1119 quo
1184 1051 1349 1122 igitur
1377 1051 1567 1103 ordine
1603 1051 1751 1103 illum
1796 1052 2090 1103 collocabi-

510 1139 667 1193 mus?
704 1142 1126 1193 creaturarum?
1154 1142 1222 1194 At
1258 1142 1517 1195 universa
1569 1150 1821 1195 creatura
1868 1144 2037 1196 servit
2073 1161 2084 1195 :

513 1229 753 1300 Spiritus
919 1241 1101 1286 autem
1142 1233 1373 1288 liberum
1406 1232 1615 1288 reddit:
1654 1232 1755 1286 Ubi
1792 1234 1932 1286 enim
1967 1232 2089 1300 Spi-

2192 496 2335 563 γίαις
2395 494 2617 549 δυνατὸν
2676 494 2906 565 λαλῆσαι
2970 498 3043 568 μὴ
3104 500 3569 568 συνεργουμένους
3627 502 3804 572 παρὰ

2191 586 2285 638 τοῦ
2338 587 2673 656 Πνεύματος,
2707 588 2783 650 ῶς
2819 589 2876 639 ἐν
2924 587 3277 656 Εὐαγγελίοις
3323 590 3475 657 παρὰ
3526 592 3620 644 τοῦ
3664 595 3800 645 Κυ-

2196 676 2309 745 ρίου
2352 678 2442 728 καὶ
2482 676 2733 746 Σωτῆρος
2780 677 2935 747 ήμῶν
2984 677 3402 746 μεμαθήκαμεν.
3437 679 3687 730 Ἀπαντα
3726 678 3801 731 δὲ

2191 769 2361 820 ταῦτα
2410 768 2753 837 παριδόντας,
2793 769 2886 820 καὶ
2934 770 3032 837 τῆς
3070 770 3126 819 ὲν
3168 770 3303 821 πᾶσι
3339 770 3621 834 κοινωνίας
3662 773 3802 822 ἐπι-

2190 860 2534 929 λαθομένους,
2586 860 2693 912 ἀπὸ
2740 861 2954 930 Πατρὸς
3021 861 3114 913 καὶ
3177 860 3306 912 Υίοῦ
3362 862 3639 930 διασπᾷν,
3679 863 3802 914 οὐκ

2190 948 2303 1003 οἶδα
2346 951 2399 1002 εἴ
2449 968 2532 1013 τις
2587 951 2811 1021 μέτοχος
2863 952 3181 1022 Πνεύματος
3225 954 3381 1020 ἁγίου
3430 954 3798 1024 συνῡήσεται.

2191 1044 2301 1096 Ποῦ
2334 1045 2513 1096 τοίνυν
2551 1045 2805 1113 φέροντες
2849 1045 2979 1096 αὐτὸ
3023 1045 3295 1114 τάξομεν;
3346 1045 3482 1115 μετὰ
3525 1046 3625 1113 τῆς
3662 1046 3804 1098 xti-

2193 1152 2361 1200 σεως;
2403 1136 2594 1205 Ἀλλ⁹ή
2638 1137 2813 1199 κτίσις
2859 1138 3009 1189 πᾶσα
3048 1136 3319 1189 δουλεύειο
3352 1138 3410 1189 τὸ
3452 1137 3509 1189 δὲ
3554 1137 3804 1208 Πνεῦμα

2190 1228 2481 1298 ἐλευθεροῖ.
2515 1224 2597 1284 Οὗ
2625 1228 2733 1297 γὰρ
2752 1228 2815 1280 τὸ
2838 1229 3081 1297 Πνεῦμα
3103 1230 3350 1297 Kvplov,
3384 1229 3511 1282 ἐκεῖ
3539 1230 3804 1283 ἐλευθε-

510 1325 646 1377 ritus
680 1322 919 1388 Domini,
960 1324 1033 1376 ibi
1067 1324 1285 1379 libertas
1330 1323 1369 1377 '.
1400 1325 1580 1395 Atque
1610 1338 1735 1379 cum
1774 1324 1946 1377 multa
1978 1325 2089 1379 sint

2184 1322 2305 1388 ρία.
2353 1320 2461 1372 Καὶ
2500 1318 2709 1372 πολλῶν
2745 1321 2971 1374 ἐνόντων
3005 1323 3200 1383 εἰπεῖν,
3238 1324 3387 1384 ὅπως
3414 1322 3475 1373 ού
3509 1323 3801 1392 προσήκει

511 1428 631 1482 qua:
659 1415 865 1483 possim
904 1414 992 1467 hic
1032 1427 1490 1479 commemorare,
1527 1430 1692 1484 quam
1736 1429 1846 1468 non
1884 1430 2086 1470 conve-

2188 1414 2252 1481 τῇ
2314 1414 2505 1481 κτιστῇ
2558 1410 2717 1478 φύσει
2767 1411 2826 1463 τὸ
2872 1411 3096 1482 Πνεῦμα
3141 1412 3201 1463 τὸ
3248 1412 3400 1478 ᾶγιον
3446 1428 3803 1483 συγκαταρι-

510 1506 625 1559 nial
651 1504 921 1575 Spiritum
966 1514 1221 1559 sanetum
1259 1520 1625 1559 annumerare
1664 1505 1832 1561 rebus
1862 1506 2084 1569 creatis,

2190 1502 2364 1567 Θμεῖν,
2394 1503 2483 1557 τὸν
2514 1504 2639 1573 περὶ
2670 1504 2873 1557 τούτων
2900 1504 2993 1557 νῦν
3174 1504 3551 1575 ὑπερθήσομαι
3592 1506 3795 1573 λόγον.

509 1596 696 1658 de,his
726 1597 909 1651 dicere
927 1610 1091 1650 .nunc
1136 1596 1523 1665 supersedebo.
1560 1595 1695 1649 Nam
1738 1597 1785 1651 si
1831 1597 2085 1665 incipiam

2188 1595 2249 1647 Εί
2280 1594 2388 1665 γὰρ
2423 1593 2708 1663 μέλλοιμεν
2737 1595 2871 1664 πρὸς
2914 1594 3073 1659 ἀξίαν
3120 1594 3215 1648 τοῦ
3261 1596 3645 1667 προϐλήματος
3676 1598 3801 1660 τάς

510 1703 612 1758 pro
645 1688 952 1758 argumenti
986 1688 1271 1758 dignitate,
1302 1695 1357 1742 et
1387 1702 1508 1757 quae
1538 1702 1637 1757 pro
1664 1687 1823 1743 nobis
1854 1687 2084 1752 faciunt,

2187 1702 2245 1738 τε
2293 1686 2421 1756 παρ’
2449 1685 2654 1738 ἑαυτῶν
2694 1686 3037 1750 κατασκευὰς
3086 1687 3335 1754 ἐπάγειν,
3375 1689 3467 1740 καὶ
3504 1689 3570 1740 τὰ
3620 1691 3800 1758 παρὰ

513 1778 860 1847 probationes
898 1778 1191 1841 adducere,
1226 1788 1279 1834 et
1314 1794 1436 1849 qua:
1468 1780 1538 1835 ab
1577 1780 1907 1835 adversariis
1947 1780 2090 1849 obji-

512 1869 757 1931 ciuntur,
787 1867 1029 1932 diluere,
1060 1868 1273 1937 prolixo
1302 1883 1555 1923 sermone
1570 1868 1676 1923 erit
1700 1882 1860 1937 opus,
1894 1868 2089 1937 loqua-

511 1960 783 2028 citateque
799 1959 1094 2015 voluminis
1126 1958 1527 2015 deterrebimus
1565 1960 1819 2014 lectores.
1852 1959 2084 2024 Idcirco,

513 2051 619 2103 hoc
674 2050 832 2104 alteri
882 2050 1107 2120 proprio
1146 2049 1405 2104 tractatui
1452 2059 1754 2115 reservato,
1788 2051 2088 2121 propositis

511 2141 907 2197 adhmreamus.

716 2230 1145 2287 Consideremus
1183 2232 1353 2302 igitur
1384 2232 1723 2301 singulatim.
1757 2231 1962 2287 Natura
1994 2234 2088 2287 bo-

514 2340 617 2379 nus
642 2331 746 2389 cst,
778 2331 836 2376 ut
868 2323 1046 2378 bonus
1077 2322 1263 2387 Pater,
1311 2332 1365 2379 et
1393 2323 1573 2378 bonus
1602 2323 1791 2378 Filius.
1822 2324 2085 2378 Creatura

512 2430 641 2470 vero
684 2430 781 2485 per
809 2414 1133 2470 electionem
1181 2416 1303 2485 ejus
1334 2416 1480 2485 quod
1521 2416 1725 2471 bonum
1756 2425 1862 2482 est,
1915 2417 2086 2485 parti-

512 2524 640 2579 ceps
668 2515 751 2563 est
784 2508 1062 2563 bonitatis.
1103 2507 1383 2563 Profunda
1426 2506 1521 2562 Dei
1566 2509 1761 2562 novit:
1796 2507 1891 2562 sed
1932 2523 2087 2563 crea-

512 2608 634 2653 tura
666 2614 763 2669 per
789 2598 1051 2664 Spiritum
1078 2599 1278 2667 accipit
1304 2614 1631 2653 arcanorum
1661 2600 2081 2653 reserationem.
2120 2594 2123 2597 ’

514 2690 760 2745 Viviﬂcat
803 2705 928 2743 cum
975 2689 1085 2743 Deo
1125 2691 1215 2758 qui
1262 2688 1500 2743 viviﬁeat
1546 2690 1754 2750 omnia.
1788 2706 1911 2745 cum
1946 2688 2086 2744 Filio

515 2784 603 2851 qui
638 2783 730 2836 dat
760 2781 948 2835 vitam.
981 2780 1085 2845 Qui
1112 2782 1251 2835 enim
1280 2783 1550 2843 excitavit,
1586 2782 1781 2852 inquit,
1812 2781 2085 2837 Christum

479 2890 549 2923 ιη
598 2873 840 2933 mortuis,
898 2872 1180 2939 viviﬁcabit
1232 2881 1282 2926 et
1330 2873 1583 2927 mortalia
1624 2888 1848 2939 corpora
1889 2881 2080 2936 vestra,

517 2964 1096 3034 oer‘ipsius‘Spiritum
1121 2966 1209 3034 qui
1246 2964 1510 3017 inhabitat
1542 2966 1595 3017 in
1640 2964 1782 3017 vobis
1830 2966 1889 3029 ³;
1922 2973 2086 3034 atque

2187 1776 2293 1829 τῶν
2335 1776 2591 1829 ἐναντίων
2634 1775 3043 1847 προῦαλλόμενα
3094 1778 3350 1843 διαλύειν,
3385 1778 3595 1830 πολλῶν
3638 1782 3801 1849 ἡμῖν

2187 1867 2366 1939 δεήσει
2415 1867 2609 1935 λόγων,
2657 1869 2751 1920 καὶ
2794 1868 3228 1940 ἀποκναίσαιμεν
3423 1872 3488 1941 τῇ
3521 1870 3796 1938 πολυφω-

2187 1959 2276 2030 νίᾳ
2303 1960 2401 2029 τῆς
2431 1959 2611 2027 βίϐλου
2636 1960 2762 2023 τοὺς
2787 1960 3235 2031 ἐντυγχάνοντας.
3262 1962 3464 2033 Διόπερ
3496 1963 3600 2035 ἰδία
3630 1980 3798 2034 πρα-

2188 2051 2424 2121 γμαιιτεία⁴
2474 2053 2649 2104 ὲκεῖνο
2700 2052 3165 2123 ταμιευσάμενοι,
3221 2052 3331 2106 τῶν
3396 2054 3800 2125 προκειμένων

2187 2138 2460 2209 ἐχώμεθα.

2391 2229 2727 2300 Σκεψώμεθα
2767 2226 2860 2285 οὖν
2906 2231 2973 2284 τὰ
3022 2231 3376 2289 καθέκαστον.
3420 2236 3579 2289 Φύσει
3614 2238 3799 2299 ἐστὶν

2186 2322 2410 2390 ἀγαθὸν,
2450 2324 2526 2385 ὡς
2568 2323 2772 2390 ἀγαθὸς
2808 2326 2837 2377 ό
2888 2324 3075 2395 Πατήρ
3100 2364 3113 2387 ,
3159 2324 3255 2377 καὶ
3314 2326 3513 2393 ἀγαθὸς
3552 2329 3580 2379 ό
3618 2328 3793 2395 Υἱός.

2198 2415 2261 2468 ’Π
2299 2415 2475 2478 κτίσις
2507 2416 2564 2468 δὲ
2593 2416 2651 2469 ὲν
2684 2419 2751 2486 τῇ
2788 2417 2983 2487 ἐκλογῇ
3021 2416 3115 2469 τοῦ
3160 2416 3367 2485 ἀγαθοῦ
3396 2420 3620 2489 μέτοχός
3652 2421 3800 2475 ἐστι

2184 2506 2282 2575 τῆς
2313 2505 2661 2575 ἀγαοότήτος.
2691 2503 2810 2559 Οἷδε
2837 2508 2908 2560 τὰ
2938 2507 3073 2579 βάθη
3108 2507 3201 2561 τοῦ
3237 2508 3371 2563 Θεοῦ
3411 2521 3425 2534 ⁸
3578 2513 3612 2579 ή
3651 2513 3799 2565 κτί-

2186 2615 2269 2661 σις
2306 2599 2362 2652 δὲ
2404 2598 2669 2668 λαμϐάνει
2708 2600 2806 2669 τὴν
2839 2601 3145 2671 φανέρωσιν
3180 2601 3287 2655 τῶν
3320 2603 3651 2673 ἀπορρήτων
3680 2604 3798 2659 διὰ

2183 2685 2278 2738 τοῦ
2331 2688 2665 2757 Πνεύματος.
2721 2690 2980 2742 Ζωοποιεϊ
3030 2689 3168 2759 μετὰ
3208 2690 3304 2743 τοῦ
3364 2690 3495 2745 Θεοῦ
3556 2692 3655 2744 τοῦ
3706 2697 3796 2748 τὰ

2185 2778 2361 2833 πάντα
2385 2780 2796 2848 ζωογονοῦντος,
2836 2782 2973 2851 μετὰ
3166 2783 3260 2836 τοῦ
3307 2784 3436 2836 Υίοῦ
3481 2783 3562 2837 τοῦ
3599 2784 3798 2839 διδόν-

2184 2888 2276 2933 τος
2299 2870 2463 2941 ζωήν.
2502 2872 2563 2923 Ὀ
2598 2872 2707 2939 γὰρ
2739 2871 2973 2940 ἐγείρας
2997 2874 3255 2941 Χριστὸν
3285 2874 3353 2927 ἐκ
3381 2872 3608 2942 νεκρῶν
3641 2874 3799 2935 ζωο-

2190 2962 2446 3027 ποιήσει,
2497 2962 2649 3032 φήσὶ,
2702 2962 2797 3015 καί
2852 2963 2921 3016 τὰ
2967 2964 3152 3029 θνητὰ
3196 2964 3362 3032 ὑμῶν
3518 2966 3795 3034 σώματα

522 3051 718 3104 iterum
751 3050 917 3103 :Oves
954 3064 1083 3103 mea:
1116 3064 1291 3104 vocem
1330 3064 1501 3102 meam
1532 3049 1777 3111 audiunt,
1806 3057 1857 3101 et
1889 3064 1979 3119 ego
2019 3052 2094 3104 vi-

2184 3047 2263 3103 ἰὰ
2300 3047 2407 3101 τοῦ
2452 3046 2835 3112 ἐνοικοῦντος
2877 3046 3066 3101 αὐτοῦ
3114 3050 3455 3113 Πνείοματος
3488 3046 3555 3097 ἐν
3588 3045 3794 3113 ὑμῖνο

516 3154 625 3195 ιαηι
661 3151 916 3195 αἰενιιαηι
954 3140 1021 3194 do
1056 3140 1167 3194 illis
1222 3137 1264 3195 ⁸.
1302 3139 1411 3195 Sed
1446 3137 1687 3209 Spiritus
1716 3156 1935 3211 quoque
1972 3140 2103 3195 vivi-

516 3238 659 3299 licat,
699 3235 967 3304 inquit".
1001 3232 1078 3288 Ac
1107 3250 1330 3289 rursum
1364 3253 1376 3288 :
1410 3233 1645 3303 Spiritus
1670 3244 1867 3300 autem,
1898 3236 2099 3305 inquit,

515 3327 620 3378 vita
660 3335 872 3395 propter
895 3327 1173 3395 Justitiam
1222 3327 1261 3380 ⁵.
1295 3327 1439 3393 Quin
1472 3336 1526 3382 et
1564 3326 1830 3382 Dominus
1867 3337 2103 3385 testatur

508 3416 780 3485 Spiritum
808 3432 929 3472 esse
966 3418 1060 3487 qui
1090 3418 1350 3472 vivificat.
1384 3417 1526 3473 Caro
1568 3436 1669 3471 non
1704 3419 1915 3487 prodest
1946 3420 2102 3489 quid-

511 3526 671 3578 quam
720 3517 759 3564 ⁷.
816 3510 1106 3576 Quomodo
1160 3512 1328 3581 igitur
1383 3510 1650 3580 Spiritum
1708 3528 1736 3565 a
1790 3511 2102 3568 viviﬁcandi

512 3612 785 3672 potestate
826 3605 1217 3661 submoventes
1252 3620 1378 3658 eum
1418 3612 1627 3657 natura:
1672 3604 2097 3675 conjungemus,

510 3713 633 3765 qum
676 3696 787 3766 ipsa
830 3697 938 3750 vita
967 3698 1169 3768 egeat?
1202 3695 1337 3763 Quis
1368 3695 1505 3751 adeo
1542 3700 1945 3761 contentiosus,
1975 3697 2101 3768 quis

510 3787 650 3839 adeo
686 3803 879 3843 exsors
914 3789 1040 3842 doni
1085 3789 1350 3851 coalestis,
1383 3798 1438 3843 et
1480 3789 1686 3858 absque
1722 3800 1885 3858 gustu
1922 3790 2097 3847 bono~

517 3897 636 3933 rum
670 3879 771 3933 Dei
806 3881 1117 3943 verborum,
1150 3881 1276 3951 quis
1307 3880 1444 3935 adeo
1480 3882 1593 3951 spei
1630 3889 1848 3936 aeternae
1878 3897 2097 3953 expers,

516 3984 570 4024 ut
604 3969 873 4042 Spiritum
900 3988 930 4023 a
960 3970 1170 4028 Deilate
1194 3973 1519 4028 distractum
1547 3981 1816 4029 creatum
1841 3974 2101 4044 cupulet?

718 4236 783 4291 lu
840 4238 1023 4300 nobis,
1067 4240 1351 4311 inquiunt,
1411 4242 1649 4313 Spiritus
1702 4252 1787 4297 est
1839 4252 2099 4314 tanquam

2167 3138 2262 3193 καὶ
2294 3137 2489 3193 πάλιν·
2531 3136 2607 3191 Τὰ
2651 3140 2916 3204 πρόϐατα
2966 3138 3039 3189 τὰ
3091 3134 3203 3205 ἐμὰ
3240 3136 3350 3204 τῆς
3388 3134 3591 3204 φωνῆς
3643 3154 3791 3203 μου

2167 3230 2399 3292 ἀκούει,
2442 3228 2604 3298 κάγὼ
2638 3226 2791 3296 ζωὴν
2826 3227 3067 3281 αἰώνιον
3094 3226 3299 3295 δίδωμι
3345 3226 3562 3290 αὐτοῖς.
3603 3224 3786 3279 Ἀλλὰ

2169 3324 2267 3377 καὶ
2306 3324 2368 3375 τὸ
2404 3322 2652 3393 Πνεῦμα,
2689 3323 2843 3393 φησι,
2881 3322 3155 3386 ζωοποιεῖ.
3209 3320 3317 3373 Καὶ
3354 3318 3540 3373 πάλιν·
3589 3320 3663 3373 Τὸ
3705 3319 3788 3373 δὲ

2170 3413 2432 3483 Πνεῦμα,
2484 3414 2636 3485 φησὶ,
2685 3412 2795 3479 ζωὴ
2846 3412 2943 3465 διὰ
2989 3412 3404 3477 δικαιοσύνην.
3582 3412 3702 3464 Καὶ
3751 3415 3781 3465 ὁ

2172 3506 2375 3577 Κύριος
2409 3508 2678 3576 μαρτυρεῖ
2709 3505 2764 3557 τὸ
2796 3505 3021 3575 Πνεῦμα
3056 3500 3196 3558 εἶναι
3228 3503 3291 3556 τὸ
3328 3502 3663 3565 ζωοποιοῦν·
3711 3504 3771 3557 Ἠ

2173 3595 2329 3663 σὰρξ
2356 3598 2466 3649 οὐκ
2510 3595 2731 3665 ὠφελεῖ
2755 3595 2955 3649 οὐδέν.
3003 3596 3127 3659 Πῶς
3176 3590 3289 3657 οῦν,
3349 3596 3449 3665 τῆς
3500 3594 3766 3659 ζωοποιοῦ

2172 3688 2454 3758 δυνάμεως
2486 3690 2928 3757 ἁποξενὼσαντες
2961 3690 3020 3741 τὸ
3055 3688 3302 3759 Πνεῦμα,
3338 3691 3403 3757 τῇ
3446 3689 3785 3762 ὲπιδεομένῃ

2172 3783 2271 3853 τῆς
2302 3783 2449 3853 ζωῆς
2478 3784 2637 3852 φύσει
2672 3782 3201 3856 προσοικειώσομεν;
3235 3782 3332 3843 Τίς
3360 3782 3498 3833 οὕτω
3520 3781 3785 3852 δύσερις,

2174 3877 2255 3940 τίς
2290 3876 2430 3930 οὕτω
2461 3877 2669 3949 δωρεᾶς
2704 3877 3025 3948 ἐπουρανίου
3059 3876 3346 3946 ἀμέτοχος,
3382 3876 3473 3929 καὶ
3518 3874 3634 3927 τῶν
3674 3894 3789 3929 καο

2175 3969 2281 4023 λῶν
2309 3971 2401 4024 τοῦ
2426 3970 2560 4024 Θεοῦ
2601 3970 2859 4043 ῥημάτων
2898 3968 3183 4037 ἄγευστος,
3216 3970 3300 4031 τίς
3337 3968 3505 4030 οὕτως
3534 3966 3790 4021 ἐλπίδων

2176 4063 2407 4117 αἰωνίων
2623 4064 2874 4133 ἄμοιρος,
2933 4060 3007 4125 ὡς
3052 4063 3117 4131 τῇ
3174 4060 3349 4112 κτίσει
3406 4057 3683 4127 συντάξαι
3725 4060 3796 4113 τὺ

2182 4154 2422 4225 Πνεῦμα,
2452 4154 2549 4224 τῆς
2579 4137 2842 4225 Θεότητος
2872 4154 3222 4222 ἁποστήσαςς

2382 4248 2469 4299 Ἑν
2509 4249 2659 4318 ἡμῖν,
2715 4247 2869 4316 φησι,
2917 4246 2978 4297 τὸ
3026 4243 3272 4313 Πνεῦμα,
3322 4242 3396 4305 ὡς
3442 4240 3623 4313 δῶρόν
3667 4246 3799 4297 ἐστι

517 4328 722 4379 donum
767 4342 795 4380 a
852 4326 982 4384 Deo.
1034 4330 1100 4382 At
1130 4330 1334 4384 donum
1373 4346 1722 4401 nequaquam
1766 4333 1959 4387 iisdem
2006 4336 2094 4389 bo-

2184 4336 2329 4406 παρὰ
2356 4337 2448 4390 τοῦ
2480 4336 2634 4390 Θεοῦ.
2674 4337 2747 4389 Ob
2774 4336 2947 4405 δήπου
2982 4334 3035 4388 δὲ
3066 4334 3126 4386 τὸ
3154 4332 3325 4403 δῶρον
3361 4333 3481 4393 ταῖς
3510 4333 3673 4396 ίσαις
3702 4352 3800 4389 τι·

512 4417 746 4471 noribus
778 4416 1038 4484 allicitur,
1071 4421 1273 4490 quibus
1320 4424 1367 4477 is
1397 4423 1490 4493 qui
1524 4423 1690 4478 dedit.
1734 4423 1946 4478 Donum
1980 4428 2094 4497 qui-

2184 4433 2308 4498 μαῐς
2348 4429 2425 4499 τῷ
2471 4428 2721 4481 δεδωκότι
2766 4428 3109 4497 σεμνύνεται.
3160 4424 3343 4494 Δῶρον
3376 4424 3474 4493 μὲν
3506 4418 3605 4475 οῦν
3640 4425 3797 4480 Θεοῦ

511 4506 633 4560 dem
677 4506 771 4563 Dei
809 4506 1050 4579 Spiritus
1084 4520 1189 4571 est,
1234 4512 1328 4568 sed
1371 4512 1574 4569 donum
1604 4516 1746 4569 vitae.
1792 4516 1900 4569 Lex
1939 4520 2094 4583 enim,

2184 4527 2239 4579 rb
2266 4522 2509 4592 Πνεῦμα,
2536 4520 2671 4574 ἀλλὰ
2708 4520 2878 4590 δῶρον
2922 4518 3084 4589 ζωῆς.
3128 4520 3189 4572 '0
3234 4521 3343 4589 γὰρ
3374 4518 3581 4586 νόμος,
3616 4520 3795 4588 φησὶ,

512 4598 711 4669 inquit,
745 4597 980 4667 Spiritus
1008 4601 1131 4657 vitae
1156 4600 1397 4657 liberavit
1443 4621 1536 4659 nos
1589 4609 1630 4661 '.
1666 4602 1731 4659 Et
1760 4605 1967 4660 donum
2004 4622 2099 4675 po-

511 4692 701 4747 tentiae
729 4711 740 4746 :
774 4693 1060 4762 Accipietis
1104 4696 1243 4750 enim
1260 4697 1503 4751 virtutem
1539 4696 1770 4765 Spiritus
1805 4700 1977 4753 sancti
2008 4716 2099 4753 su-

506 4787 856 4853 pervenientis
894 4788 947 4841 in
984 4804 1072 4843 vos
1121 4790 1163 4842 '.
1191 4787 1330 4844 Num
1354 4790 1524 4860 igitur
1553 4792 1623 4844 ob
1653 4792 1705 4845 id
1739 4801 2073 4848 contenmen

514 4879 616 4932 «lus
665 4879 792 4934 est?
849 4878 1042 4934 Annon
1083 4891 1135 4935 et
1171 4878 1370 4936 Filium
1409 4882 1560 4937 dedit
1590 4883 1943 4939 hominibus?
1974 4885 2099 4951 Qui,

514 4970 716 5040 inquit,
743 4976 957 5041 proprio
986 4969 1133 5028 Filio
1170 4991 1271 5029 non
1298 4975 1548 5043 pepercit,
1577 4974 1665 5029 sed
1688 4991 1782 5045 pro
1807 4976 1954 5031 nobis
1989 4994 2083 5031 om-

515 5061 668 5117 nibus
706 5063 936 5117 tradidit
986 5065 1163 5129 illum,
1203 5068 1466 5135 quomodo
1503 5067 1662 5121 etiam
1700 5085 1802 5122 non
1845 5086 1951 5123 una
1980 5087 2099 5124 cum

513 5170 571 5207 eo
608 5156 787 5209 omnia
846 5156 996 5211 nobis
1050 5156 1271 5211 donabit
1297 5159 1377 5213 "?
1426 5158 1492 5213 Et
1540 5160 1714 5216 alibi:
1748 5159 1813 5215 Ut
1868 5162 2100 5217 sciamus

513 5263 630 5315 qua:
679 5265 711 5302 a
740 5247 851 5304 Deo
895 5248 1044 5304 nobis
1090 5250 1290 5305 donata
1340 5262 1461 5306 sunt
1482 5258 1549 5319 η,
1595 5255 1661 5309 dc
1709 5256 1974 5327 mysterio
2009 5271 2100 5310 as-

516 5340 718 5409 sumpti
752 5340 995 5396 hominis
1019 5342 1272 5411 loquens.
1309 5344 1498 5414 itaque
1520 5347 1612 5415 qui
1650 5346 1753 5402 ista
1778 5348 2099 5417 loquuntur,

514 5447 702 5487 annon
751 5431 1066 5489 Judaeorum
1102 5435 1374 5506 ingratum
1419 5440 1662 5492 animum
1696 5442 2101 5511 amentiamque

516 5535 800 5594 superant,
819 5528 913 5598 qui
951 5526 1163 5583 scilicet
1192 5530 1573 5584 excellentiam
1607 5531 1808 5586 divinae
1838 5532 2098 5593 bonitatis

586 5654 605 5685 ³
636 5650 904 5713 Mattiux,
944 5654 1031 5707 19.
1110 5653 1129 5683 ⁸
1168 5651 1207 5706 ll
1230 5654 1355 5708 Cor.
1387 5668 1467 5715 ut,
1510 5652 1598 5705 17.
1677 5651 1697 5682 ⁸
1730 5651 1882 5704 Rom.
1912 5668 2024 5712 vni,
2064 5651 2149 5705 ll.

515 5720 537 5753 '
570 5722 731 5777 Joan.
764 5724 954 5791 τῃδὶ.
1033 5724 1053 5752 ⁸
1089 5722 1246 5776 Rom.
1274 5739 1390 5789 vui,
1421 5724 1477 5775 εὶ.
1555 5725 1575 5754 ’
1601 5721 1719 5774 Act.
1759 5737 1794 5785 ι,
1832 5721 1885 5775 8.

1967 5722 2010 5753 ¹⁶
2041 5722 2195 5777 Rom.
2232 5740 2344 5790 VIII,
2364 5728 2461 5780 ‘32.

2179 4618 2284 4671 τοῦ
2314 4615 2658 4683 Πνεύματος
2684 4612 2796 4681 τῆς
2821 4612 2971 4681 ζωῆς
2998 4613 3417 4680 ἠλευθέρωσεν
3602 4610 3796 4680 ἡμᾶς.

2181 4712 2289 4763 Καὶ
2329 4706 2500 4779 δῶρον
2538 4706 2818 4775 δυνάμεως
2851 4721 2866 4734 ³
2908 4705 3195 4771 Λήψεσθε
3223 4706 3331 4773 γὰρ
3374 4702 3647 4769 δύναμιν·
3683 4704 3802 4756 ἐπ-

2179 4804 2463 4865 ελθόντος
2487 4798 2592 4852 τοῦ
2620 4798 2793 4866 ἁγίου
2822 4798 3169 4865 Πνεύματος
3194 4795 3285 4863 ἐφ’
3319 4790 3492 4862 ὑμᾶς.
3524 4787 3600 4843 *Α
3611 4794 3666 4863 ρ’
3693 4789 3801 4847 οὖν

2180 4896 2267 4947 διὰ
2319 4893 2476 4945 τοῦτο
2533 4889 3044 4959 εύκαταφρόνητον;
3099 4886 3133 4957 ἢ
3182 4886 3303 4955 οὐχὶ
3353 4885 3446 4937 καὶ
3494 4882 3589 4936 τὸν
3656 4885 3803 4937 Υἱὸν

2181 4988 2473 5057 ἐχαρίσατο
2506 4986 2617 5046 τοῖς
2647 4980 2988 5053 ἀνθρώποις;
3023 4980 3133 5046 ’ος
3171 4995 3258 5047 τε,
3287 4978 3438 5047 φησι,
3480 4976 3590 5029 τοῦ
3627 4977 3802 5031 ίδιόυ

2192 5079 2328 5133 Υῐοῦ
2359 5078 2470 5133 οὐκ
2498 5076 2804 5146 ἐφείσατο,
2830 5072 2969 5128 ἀλλ’
2994 5072 3147 5139 ὑπὲρ
3171 5069 3340 5139 ἡμῶν
3363 5068 3615 5122 πάντων
3643 5086 3803 5137 παρ-
3844 5140 3845 5143 η

2182 5172 2405 5226 ἐδωκεν
2429 5168 2638 5233 αὐτὸν,
2665 5166 2792 5233 πῶς
2817 5166 2954 5235 οὐχι
2984 5165 3079 5218 καὶ
3122 5164 3244 5218 σὺν
3277 5160 3439 5227 αὐτῷ
3469 5162 3538 5213 τὰ
3581 5163 3799 5216 πάντα

2184 5264 2328 5333 ἡμῖν
2381 5262 2691 5332 χαρίσεται
2706 5277 2724 5325 ;
2758 5260 2869 5312 Καὶ
2920 5256 3145 5328 ἑτέρωθι
3171 5272 3185 5289 ·
3217 5256 3346 5311 Ἵνα
3404 5251 3664 5322 διδῶμεν
3724 5254 3802 5306 ινά

2184 5359 2303 5413 ὑπὸ
2336 5356 2443 5411 τοῦ
2480 5354 2629 5410 Θεοῦ
2657 5353 3021 5422 χαρισθέντα
3054 5348 3201 5418 ἡμῖν
3226 5364 3238 5378 ’
3272 5348 3403 5418 περὶ
3450 5345 3542 5398 τοῦ
3578 5361 3801 5416 μυστη-

2187 5452 2304 5525 ρίου
2333 5451 2431 5519 τῆς
2457 5446 2923 5518 ὲνανθρωπήσεως
2960 5442 3161 5511 λέγων.
3202 5441 3364 5493 Ὥστε
3393 5438 3511 5502 πῶς
3536 5439 3588 5490 οἱ
3612 5437 3802 5491 ταῦτα

2185 5544 2435 5611 λέγοντες
2467 5542 2586 5612 οὐχὶ
2624 5540 2725 5609 τήν
2764 5535 3063 5605 Ἱουδαῖκὴν
3097 5532 3491 5604 ἀγνωμοσύνην
3535 5529 3803 5599 παρελή-

2228 5652 2247 5683 ⁶
2284 5650 2446 5709 Joan.
2484 5671 2538 5718 κ,
2578 5654 2667 5709 27.
2743 5655 2765 5686 ⁸
2795 5653 2955 5709 Joan.
2989 5669 3062 5718 vt,
3087 5652 3177 5710 σι.
3256 5652 3278 5684 ⁸
3315 5650 3476 5709 Rom.
3513 5669 3636 5720 vm.
3700 5656 3797 5713 ιο.

2544 5727 2579 5756 “
2617 5726 2631 5778 I
2670 5724 2797 5781 Cot‘.
2834 5741 2893 5790 lt,
2946 5724 3029 5779 1‘2.
