4030 6222
563 351 669 413 τες)
1804 329 2180 396 EU'l‘l-lYMll
2236 325 2592 387 zmanmu
3709 323 3806 389 7st

565 485 737 538 nostri
793 483 919 538 Jesu
997 482 1239 546 Christi,
1291 492 1346 536 et
1396 481 1632 537 Charitas
1686 481 1825 545 Dei,
1885 494 1935 538 et
1993 499 2134 538 com-

2268 478 2363 544 ὰρ,
2385 468 2539 544 φησὶ,
2555 467 2663 523 τοῦ
2694 463 2912 534 Κυρίου
2944 459 3112 532 ἡμῶν
3134 457 3329 528 Ἰησοῦ
3349 456 3630 527 Χριστοῦ,
3653 457 3750 510 καὶ
3772 457 3810 525 ἡ

568 578 744 630 munie
780 577 1009 644 Spiritus
1070 574 1242 627 sancti
1286 575 1349 638 ¹;
1401 589 1466 628 ac
1505 590 1718 639 rursus,
1763 575 1991 630 Obsecro
2039 591 2136 628 au-

2268 566 2430 636 ιγάπη
2463 560 2570 617 τοῦ
2601 557 2768 623 Θεοῦ,
2800 556 2898 611 καὶ
2929 555 2967 623 ἡ
2999 553 3278 607 κοινωνία
3309 551 3415 605 τοῦ
3443 550 3616 619 ἁγίου
3639 551 3811 603 Hreni-

567 677 667 720 tem
733 682 819 718 vos
885 680 976 731 per
1052 662 1340 716 Dominum
1412 673 1653 718 nostrum
1726 663 1909 719 Iesum
1978 664 2136 720 Chri-

2268 673 2442 722 :atoc'
2478 655 2572 708 καὶ
2599 650 2786 705 πάλινσ
2816 643 3151 716 Παρακαλῶ
3179 642 3247 696 δὲ
3275 641 3430 710 ὑμᾶς
3589 640 3683 696 διὰ
3709 641 3812 695 τοῦ

566 769 727 819 stum,
773 765 822 811 et
854 771 945 824 per
986 756 1300 810 cltaritatem
1351 756 1584 826 Spiritus
1637 753 1678 811 ³.
1716 756 1905 828 Itaque
2093 758 2135 811 si

2268 751 2455 817 fvplov
2481 745 2648 814 ἡμῶν
2670 739 2871 808 Ἰησοῦ
2895 737 3152 807 Χριστοῦ
3175 735 3273 788 καὶ
3305 735 3403 788 διὰ
3434 733 3543 801 τῆς
3576 733 3812 802 ἀγάπης

557 864 662 917 pro
696 845 1082 913 conjunctione
1126 857 1175 900 et
1228 848 1562 902 voluerimus
1617 848 1692 902 uti
1752 848 2137 918 prmpositione

2270 840 2340 895 οῦ
2369 837 2729 905 Πνεύματος.
2761 832 2824 884 Εἰ
2849 828 3025 882 τοίνυν
3049 827 3168 880 ἀντὶ
3196 826 3297 896 τῆς
3324 824 3417 879 καὶ
3445 828 3510 894 τῇ
3545 823 3666 876 σὺν
3696 825 3812 876 ges-

565 915 704 1000 rum,
734 933 868 1003 quid
927 934 1220 988 fecerimus
1271 935 1520 990 diversi?
1576 934 1687 1006 Ego
1740 915 1881 991 sane
1909 951 2018 991 non
2055 938 2137 990 vi-

2268 934 2500 1003 ήσαιμεν
2541 921 2867 997 χρήσασθαι,
2903 921 2955 973 τί
2998 918 3254 988 διάφορον
3291 915 3652 986 πεποιηκότες
3700 915 3814 966 ἐσό-

563 1025 701 1090 deo,
747 1024 854 1079 nisi
885 1025 1011 1095 quis
1071 1025 1141 1079 ob
1209 1024 1436 1094 frigidas
1484 1025 1851 1096 grammaticae
1919 1027 2136 1097 regulas

535 1121 1004 1198 Ieonjunctionem
1060 1129 1314 1190 tanquam
1375 1121 1777 1190 copulativam,
1831 1137 1894 1175 ac
1964 1122 2137 1191 majo-

567 1227 681 1267 rem
725 1213 983 1266 unionem
1032 1211 1323 1266 facientem
1395 1211 1730 1281 praeferens,
1796 1213 2137 1282 praepositio-

564 1320 686 1359 nem
743 1305 974 1374 rejiciat,
1035 1305 1190 1372 quasi
1233 1321 1339 1358 non
1368 1305 1611 1360 obtineat
1639 1319 1822 1374 parem
1857 1308 1986 1360 vim.
2026 1305 2131 1360 Sed

563 1396 608 1450 si
646 1396 712 1449 de
745 1395 830 1450 his
863 1410 894 1448 a
934 1394 1095 1448 nobis
1123 1395 1261 1448 ratio
1315 1404 1736 1464 exposceretur,
1769 1393 1908 1450 forte
1948 1395 2136 1448 multis

2240 1023 2408 1095 μεθα;
2454 1016 2595 1086 Ἐγὼ
2631 1015 2727 1086 μὲν
2751 1013 2848 1082 οὑχ
2874 1010 3007 1083 ὁρῶ,
3035 1009 3174 1079 πλὴν
3199 1010 3247 1060 εἰ
3277 1007 3352 1078 μὴ
3375 1007 3612 1076 ψυχραῖς
3637 1021 3814 1075 γραμο

2241 1114 2494 1187 ματικαῖς
2539 1125 2624 1171 τις
2664 1106 2754 1158 τὸν
2793 1105 2890 1174 μὲν
2941 1101 3237 1170 σύνδεσμον
3285 1100 3361 1162 ὡς
3417 1097 3814 1168 συμπλεκτικδν

2242 1209 2335 1262 καὶ
2355 1251 2362 1257 .
2385 1203 2605 1256 πλείονα
2635 1196 2892 1250 ποιοῦντα
2934 1194 3030 1265 τὴν
3064 1194 3260 1246 ἕνωσιν
3297 1192 3600 1263 προτιμῶν,
3633 1193 3732 1262 τὴν
3761 1193 3814 1246 δὲ

2243 1298 2517 1370 πρόθεσιν,
2551 1293 2627 1355 ὡς
2676 1291 2776 1343 οὐκ
2822 1288 3050 1358 ἔχουσαν
3079 1285 3176 1356 τὴν
3219 1285 3338 1354 ἴσην
3384 1283 3632 1353 δύναμιν,
3685 1285 3814 1336 ἀπο-

2243 1392 2527 1461 πέμποιτα
2576 1381 2713 1434 Ἀλλ’
2737 1381 2868 1447 εἴγε
2904 1378 3032 1448 περὶ
3059 1377 3262 1430 τούτων
3290 1375 3385 1438 τὰς
3409 1375 3636 1438 εὐθύνας
3667 1374 3815 1426 ὑπεί-

2242 1497 2429 1552 χομεν,
2482 1477 2610 1536 ἴσως
2665 1473 2763 1526 οὐκ
2814 1470 2878 1522 ἂν
3089 1467 3283 1520 πολλοῦ
3323 1467 3482 1535 λόγου
3537 1467 3674 1537 πρὸς
3720 1467 3812 1539 τὴν

2229 1565 2525 1634 ἀπολογίαν
2563 1563 2958 1634 ἐπεδεήθημεν.
3003 1562 3117 1615 Νῦν
3150 1563 3204 1615 δὲ
3242 1563 3301 1614 οὑ
3340 1565 3465 1633 περὶ
3506 1565 3807 1628 συλλαϐῶν,

565 1668 823 1721 dictionis
876 1680 1013 1721 sono
1049 1666 1350 1734 disputant,
1404 1665 1497 1720 sed
1533 1666 1600 1720 de
1645 1665 1812 1720 rebus
1838 1665 1994 1735 juxta
2027 1665 2135 1720 vim

2268 1657 2351 1712 ὒδὲ
2382 1657 2510 1728 περὶ
2537 1655 2740 1709 τοιοῦδε
2773 1654 2805 1724 ἢ
2839 1654 3046 1707 τοιοῦδε
3084 1654 3268 1724 φωνῆς
3296 1655 3428 1723 ἦχου
3462 1657 3489 1707 ὁ
3519 1655 3675 1723 λόγος
3716 1657 3807 1708 αὐ-

568 1771 633 1808 ac
693 1755 976 1809 veritatem
1029 1755 1268 1808 maximo
1321 1754 1462 1808 inter
1505 1771 1564 1809 se
1612 1754 1927 1810 discrimine
1971 1756 2136 1811 dissi-

2268 1754 2362 1813 οῖς,
2407 1747 2542 1802 ἀλλὰ
2576 1749 2702 1816 περὶ
2742 1745 3081 1817 πραγμάτων
3111 1746 3169 1797 ὲν
3197 1745 3425 1816 δυνάμει
3461 1748 3553 1800 καλ⁸
3586 1747 3808 1818 ἀληθεία

569 1845 846 1900 dentibus.
890 1843 1006 1912 Qua
1048 1845 1114 1899 de
1141 1859 1305 1899 causa
1334 1885 1348 1910 ,
1383 1860 1504 1899 cum
1550 1845 1862 1901 indifferens
1895 1847 1966 1901 sit
2021 1847 2134 1918 syl-

2268 1841 2499 1910 ,εγίστην
2555 1837 2787 1908 ἐχόντων
2829 1836 3111 1908 διαςορὰν.
3143 1832 3244 1888 Ὧν
3271 1837 3478 1900 ἕνεκεν,
3531 1839 3810 1909 ἀπαρατη-

571 1937 816 1990 labarum
878 1952 1034 1999 usus,
1097 1935 1188 1989 isti
1239 1936 1336 1989 has
1386 1935 1601 2004 quidem
1648 1935 1966 2000 admittere,
2017 1937 2137 1993 illas

2268 1933 2402 2001 κήτου
2448 1929 2545 1999 τῆς
2573 1931 2819 2000 χρήσεως
2851 1928 2958 1981 τῶν
3012 1926 3289 1980 συλλαϐῶν
3326 1926 3513 1996 οὔσης,
3544 1924 3688 1981 οὗτοι
3719 1928 3809 1990 τὰς

570 2041 698 2078 vero
730 2025 799 2077 ab
852 2023 1097 2078 Ecclesia
1131 2023 1454 2078 submovere
1495 2023 1811 2076 moliuntur.
1857 2020 1970 2092 Ego
2011 2036 2138 2076 vero

2268 2022 2336 2074 L‘sv
2378 2021 2693 2092 ἐγγράφειν,
2737 2019 2835 2082 τὰς
2884 2019 2940 2071 δὲ
2972 2017 3292 2072 ἀποδιώκειν
3346 2020 3444 2088 τῆς
3490 2018 3809 2086 Ἐκκλησίας

569 2113 670 2166 etsi
733 2114 910 2182 primo
973 2113 1157 2167 statim
1225 2112 1412 2166 auditu
1459 2113 1775 2182 praepositio
1834 2114 2137 2168 evidentem

2270 2114 2623 2186 πιχειροῦσιν.
2664 2111 2804 2180 Ἐγὼ
2847 2112 2922 2176 δὲ,
2966 2112 3013 2163 εί
3055 2111 3149 2164 καὶ
3180 2113 3242 2163 ἐκ
3271 2111 3366 2181 τῆς
3395 2109 3618 2181 πρώτης
3645 2111 3809 2179 ἀκοῆς

574 2204 861 2257 utilitatem
919 2202 1129 2267 habet,
1195 2210 1432 2257 attamen
1489 2203 1654 2257 etiam
1709 2205 1974 2257 rationem
2017 2204 2139 2258 red-

2270 2204 2464 2275 ναργὲς
2492 2203 2604 2274 ἔχει
2630 2203 2690 2255 τὸ
2709 2203 2996 2274 χρήσιμον,
3028 2199 3140 2253 ἀλλ’
3169 2195 3261 2253 οὖν
3287 2199 3378 2252 καὶ
3403 2199 3494 2252 τὸν
3657 2199 3812 2267 λόγον

571 2296 716 2356 dam,
774 2294 928 2363 juxta
967 2309 1130 2364 quam
1181 2301 1364 2362 patres
1420 2293 1596 2349 nostri
1632 2307 1742 2348 non
1774 2294 1950 2348 otiose
1995 2294 2140 2349 illius

2268 2295 2548 2368 παρέξομαι
2581 2294 2702 2348 καθ’
2730 2295 2789 2347 ὃν
2814 2294 2862 2346 οἱ
2897 2293 3132 2363 πατέρες
3157 2291 3317 2362 ἡμῶν
3344 2292 3442 2344 οὐκ
3463 2291 3650 2361 ἀργῶς
3683 2308 3813 2360 συμι

573 2399 789 2454 quoque
853 2399 1013 2437 usum
1080 2382 1314 2452 amplexi
1364 2381 1497 2436 sint.
1561 2379 1704 2459 .Nam
1783 2390 2139 2452 prasterquam

2268 2386 2552 2458 παρέλαϐον
2582 2385 2677 2456 τὴν
2713 2385 2910 2455 χρῆσιν
2946 2385 3045 2454 τῆς
3078 2381 3385 2452 προθέσεως
3420 2381 3643 2452 ταύτης.
3677 2381 3813 2452 Πρὸς

569 2474 716 2543 quod
751 2473 864 2526 hicc
914 2471 1054 2526 idem
1114 2473 1257 2526 valet
1299 2471 1445 2541 quod
1522 2482 1570 2526 el
1599 2512 1614 2535 ,
1655 2471 1722 2525 ad
1796 2472 2139 2527 refellendam

2268 2478 2352 2548 ’ἄρ
2401 2477 2479 2548 τῷ
2519 2478 2580 2530 τὸ
2632 2477 2726 2529 τοῦ
2762 2475 3050 2528 Σαὸελλίου
3085 2474 3250 2527 κακὸν
3290 2473 3576 2536 ἰσοσθενῶς
3605 2476 3672 2542 τῇ
3728 2473 3812 2525 καί

575 2564 795 2618 Sabellii
835 2563 1138 2626 malitiam,
1177 2562 1540 2632 similiterque
1576 2571 1739 2633 atque
1778 2563 1869 2616 illa
1911 2563 2140 2632 conjun-

2268 2570 2479 2639 τυλλαϐῇ
2514 2569 2830 2637 διελέγχειν,
2860 2567 2955 2620 καὶ
2987 2565 3382 2636 παραπλησίως
3414 2563 3599 2636 ἐκείνῃ
3625 2563 3688 2616 τὸ
3716 2565 3816 2616 τῶν

573 2655 682 2706 ctio
747 2653 1112 2722 hypostaseou
1172 2653 1556 2721 proprietatem
1625 2652 1914 2716 declarat,
1972 2653 2140 2716 velut,

2268 2661 2592 2715 ιποστάσεων
2617 2660 2746 2713 ἴδιον
2781 2659 3070 2730 παριστᾷν,
3102 2657 3177 2719 ὡς
3200 2656 3292 2714 to}
3343 2655 3489 2725 Ἐγὼ
3516 2657 3615 2707 καὶ
3644 2658 3678 2708 ό
3705 2658 3817 2708 Πα-

562 1486 745 1540 verbis
792 1499 903 1540 non
951 1499 1090 1554 opus
1130 1491 1276 1539 esset
1334 1486 1490 1539 nobis
1550 1490 1617 1538 ad
1667 1485 2132 1552 respondendum.

566 1580 722 1634 Nunc
746 1593 874 1630 vero
907 1591 1082 1645 neque
1125 1576 1191 1630 de
1243 1578 1486 1646 syllabis.
1543 1593 1719 1646 neque
1758 1577 1862 1631 hoc
1913 1583 2007 1630 aut
2041 1577 2134 1631 illo

578 2743 686 2814 Ego
719 2755 770 2797 et
803 2742 966 2796 Pater
997 2743 1252 2797 veniemus
1288 2746 1432 2809 ’,εις
1459 2741 1570 2813 Ego
1590 2753 1639 2798 et
1677 2742 1840 2796 Pater
1871 2760 2033 2796 unum
2062 2758 2147 2796 su-

578 2849 692 2885 mus
727 2833 750 2864 ⁸
780 2850 794 2898 ;
829 2842 1087 2902 ιιιιυιριοιι
1116 2833 1373 2888 eximium
1417 2833 1578 2889 habet
1617 2834 1963 2903 sempiternae
2002 2848 2145 2887 com-

571 2922 858 2978 munionis
902 2938 962 2974 ac
1003 2931 1274 2992 perpetua:
1313 2924 1720 2994 conjunctionis
1751 2923 2143 2979 testimonium.

579 3015 714 3067 Nam
753 3014 844 3082 qui
877 3014 1031 3076 dixit,
1067 3029 1191 3066 cum
1243 3013 1405 3068 Patre
1446 3013 1642 3067 Filium
1676 3028 1796 3068 esse
1823 3051 1838 3076 ,
1885 3012 2048 3066 simul
2093 3020 2149 3066 et

580 3109 942 3177 hypostaseon
1021 3106 1402 3175 proprietatem
1467 3122 1521 3159 et
1581 3105 1943 3174 inseparabile
2003 3120 2141 3182 con-

579 3197 809 3250 sortium
843 3198 1136 3266 expressit.
1178 3195 1336 3262 Quod
1366 3195 1508 3252 idem
1550 3199 1714 3252 etiam
1749 3198 1802 3251 in
1844 3198 2012 3252 rebus
2044 3198 2147 3251 hu-
2173 3245 2212 3266 ,,

583 3289 758 3343 manis
808 3287 993 3342 videre
1047 3295 1150 3351 est,
1193 3287 1247 3341 in
1279 3287 1477 3357 quibus
1530 3299 1576 3342 et
1610 3287 1926 3358 conjunctio
1977 3289 2148 3343 decla-

583 3388 665 3430 rat
701 3395 1043 3432 communem
1077 3379 1451 3449 operationem
1489 3399 1502 3431 :
1561 3387 1616 3432 et
1670 3379 1984 3448 prapositio
2034 3395 2150 3432 cum

579 3467 983 3535 quodammodo
1075 3467 1240 3523 etiam
1329 3466 1601 3538 significat
1690 3466 2149 3522 communionem.

583 3559 738 3626 Quod
773 3575 946 3628 genus
984 3566 1088 3622 est,
1131 3557 1466 3630 Navigarunt
1517 3559 1570 3612 in
1614 3556 1982 3612 Macedoniam
2015 3557 2154 3612 Pau-

583 3652 668 3720 Lus
703 3658 756 3704 et
803 3648 1164 3712 Timotheus,
1231 3649 1326 3704 sed
1389 3657 1444 3704 et
1521 3647 1795 3720 Tychicus
1843 3655 1899 3702 et
1963 3648 2152 3704 Onesi-

583 3755 704 3795 mus
745 3739 898 3794 missi
952 3747 1079 3795 sunt
1136 3737 1562 3795 Colossensibus
1610 3754 1623 3790 :
1665 3754 1731 3793 ex
1774 3737 1860 3794 his
1889 3738 2156 3794 discimus

584 3831 707 3885 illos
741 3845 854 3885 rem
889 3830 1136 3886 eamdem
1158 3829 1378 3886 fecisse.
1415 3827 1520 3883 Sed
1547 3829 1593 3884 si
1627 3828 1986 3892 audierimus,
2025 3844 2158 3883 con-

585 3922 942 3991 navigarunt,
998 3929 1053 3975 et
1088 3921 1247 3975 simul
1291 3921 1446 3976 missi
1475 3928 1642 3984 sunt,
1683 3920 1847 3975 etiam
1890 3921 2022 3974 illud
2063 3922 2160 3974 ad-

583 4011 871 4076 discimus,
940 4013 1173 4067 alterum
1240 4027 1364 4066 eum
1405 4011 1575 4066 altero
1638 4012 1909 4068 actionem
1980 4012 2160 4065 absol-

585 4105 748 4158 visse.
785 4103 860 4156 Ita
899 4102 1116 4158 Sabellii
1157 4118 1398 4158 errorem
1444 4103 1738 4158 destruens
1792 4103 1905 4157 haec
1956 4119 2062 4157 vox
2101 4112 2159 4155 ut

592 4211 698 4248 non
731 4194 836 4248 alia
870 4211 1057 4266 aeque,
1107 4195 1260 4249 addit
1312 4195 1421 4250 illis
1462 4201 1516 4250 et
1563 4209 1658 4250 eos
1698 4194 1792 4264 qui
1828 4195 2032 4248 directe
2064 4209 2162 4264 op.

591 4288 773 4356 posito
805 4287 1099 4357 impietatis
1128 4301 1326 4356 genere
1356 4285 1662 4340 insaniunt.
1714 4285 1790 4340 De
1827 4285 1911 4340 bis
1943 4286 2161 4356 loquor,

591 4376 683 4444 qui
715 4375 1107 4444 temporalibus
1144 4375 1443 4429 intervallis
1475 4369 1669 4428 Filium
1701 4389 1733 4428 a
1767 4373 1944 4438 Patre,
1968 4386 2020 4430 et
2045 4369 2164 4447 Spi-

593 4466 758 4518 ritum
791 4475 1038 4519 sanctum
1070 4480 1098 4518 a
1131 4463 1269 4519 Filio
1301 4465 1634 4522 distrahunt.

799 4556 1064 4611 Caeterum
1121 4573 1150 4610 a
1191 4557 1394 4628 syllaba
1439 4558 1492 4611 in
1544 4573 1609 4613 eo
1665 4558 1898 4615 maxime
1939 4558 2162 4623 differt,

592 4646 740 4717 quod
823 4648 1134 4719 prmpositio
1203 4665 1318 4702 cum
1388 4658 1630 4705 mutuam
1717 4651 2162 4722 conjunctionem

593 4754 783 4793 eorum
843 4740 936 4810 qui
989 4741 1356 4796 communiter
1417 4741 1620 4812 aliquid
1684 4751 1852 4813 agunt
1913 4743 2160 4807 exhibet,

595 4833 743 4888 velut
799 4833 1312 4906 counavigantium,
1377 4843 1471 4890 aut
1533 4835 2012 4902 cohabitantium,
2077 4845 2167 4891 aut

596 4924 811 4995 quidvis
844 4925 988 4978 aliud
1041 4925 1406 4980 communiter
1453 4925 1844 4996 perficientium
1885 4945 1898 4982 :
1935 4936 1989 4981 at
2031 4943 2168 4997 pra:-

595 5015 795 5085 positio
850 5014 903 5067 in
947 5013 1185 5068 declarat
1220 5015 1534 5070 relationem
1595 5014 1659 5069 ad
1690 5015 1742 5070 id
1777 5015 1830 5070 in
1881 5031 1991 5088 quo
2041 5026 2168 5071 sunt

597 5112 908 5175 operantes.
975 5101 1254 5174 Siquidem
1289 5119 1410 5158 cum
1463 5104 1716 5160 audimus
1745 5145 1758 5169 ,
1818 5107 2122 5177 innavigant
2152 5148 2166 5172 ,

599 5205 691 5252 aut
730 5197 1069 5260 inhabitant;
1120 5195 1371 5266 protinus
1425 5198 1731 5265 cogitamus
1776 5199 2035 5267 scapham
2075 5206 2170 5252 aut

598 5289 840 5343 domum.
901 5285 1086 5358 Itaque
1123 5287 1278 5356 juxta
1327 5301 1672 5343 communem
1727 5304 1883 5343 usum
1917 5330 1931 5355 ,
1975 5288 2169 5343 harum

599 5379 932 5453 syllabarum
969 5381 1092 5435 talis
1125 5387 1210 5435 est
1255 5379 1397 5436 inter
1431 5381 1576 5451 ipsas
1608 5381 1941 5446 differentia,
1969 5381 2170 5451 major-

601 5489 706 5542 que
773 5469 1004 5526 inveniri
1071 5470 1269 5541 poterit
1324 5486 1354 5524 a
1415 5473 1696 5529 studiosis.
1761 5473 1947 5545 Neque
2022 5473 2167 5530 enim

602 5562 734 5617 mihi
771 5571 930 5617 vacat
960 5561 1028 5617 de
1065 5563 1277 5618 ratione
1298 5563 1626 5634 syllabarum
1659 5567 1964 5635 exquirere.
2023 5566 2171 5631 Quo-

694 5747 716 5779 ⁸
748 5745 792 5802 ll
811 5745 936 5803 Cor.
974 5761 1088 5810 xm,
1116 5745 1203 5799 15.
1279 5746 1299 5778 ⁸
1323 5739 1485 5798 Rom.
1517 5755 1607 5801 xv,
1631 5737 1720 5792 50.

1800 5737 1818 5769 ³
1847 5737 2001 5792 Joan.
2037 5750 2153 5800 xiv,
2207 5732 2295 5785 25.

2247 2753 2356 2820 tiu)
2407 2752 2776 2820 ἐλευσόμεθα
2801 2767 2813 2780 ·
2846 2750 2940 2803 καὶ
2991 2749 3082 2802 τό·
3130 2747 3277 2816 Ἐγὼ
3316 2748 3412 2800 καὶ
3459 2749 3492 2799 ό
3519 2746 3730 2814 Πατὴρ
3755 2747 3817 2799 ἓν

2248 2843 2432 2913 ἐσμεν
2448 2861 2460 2873 ·
2492 2841 2770 2912 ἐξαίρετον
2791 2841 2901 2910 ἔχει
2926 2842 3022 2911 τῆς
3044 2839 3212 2892 ἀῖδίου
3239 2837 3518 2898 κοινωνίας
3541 2837 3634 2889 καὶ
3653 2835 3821 2889 ἀπαύ-

2251 2951 2375 2986 στου
2579 2933 2873 3000 συναφείας
2913 2931 2974 2983 τὸ
3030 2930 3344 3001 μαρτύριον.
3391 2929 3449 2980 Ὀ
3493 2931 3602 2996 γὰρ
3657 2927 3822 2980 εἰπὼν

2254 3025 2348 3078 σὺν
2386 3022 2461 3093 τῷ
2488 3022 2663 3093 ΙΙειτρλ⁵
2699 3023 2791 3076 τὸν
2825 3021 2950 3075 Υίὸν
2978 3017 3114 3074 εἶναι
3145 3019 3279 3090 ὁμοῦ
3321 3019 3421 3088 τήν
3463 3035 3524 3070 τε
3556 3018 3668 3070 τῶν
3698 3020 3821 3070 0m-

2255 3117 2494 3171 στάσεων
2547 3115 2786 3184 ἰδιότητα
2817 3114 2909 3166 καὶ
2952 3112 3012 3164 τὸ
3056 3109 3356 3182 ἀχώριστον
3408 3109 3507 3178 τῆς
3545 3109 3823 3168 κοινωνίας

2255 3207 2475 3272 ιδειξεν.
2537 3207 2712 3276 Ὅπερ
2771 3205 2865 3276 κα).
2928 3203 3018 3258 ἐπὶ
3087 3203 3195 3254 τῶν
3264 3199 3621 3270 ἀνθρωπίνων
3685 3201 3822 3252 ἐστιν

2261 3299 2389 3352 ἰδεῖν
2422 3311 2438 3327 ⁸
2601 3297 2628 3348 ὁ
2661 3275 2757 3367 μὲν
2798 3275 2893 3348 καὶ
2926 3293 3218 3363 σύνδεσμος
3261 3291 3322 3344 τὸ
3353 3290 3528 3343 κοινὸν
3553 3291 3653 3359 τῆς
3681 3291 3818 3358 ἐνερ-

2258 3392 2412 3458 γείας
2438 3390 2765 3462 παρίστησιν
2789 3404 2802 3418 ⁸
2836 3388 2869 3457 ἡ
2899 3387 2956 3440 δὲ
2988 3385 3108 3438 σὺν
3146 3383 3398 3454 πρόθεσις
3424 3382 3522 3452 τὴν
3551 3379 3818 3433 κοινωνίαν

2261 3500 2376 3545 πως
2405 3480 2856 3534 συνενδείκνυται.
2883 3473 3027 3540 Οἷον,
3053 3475 3357 3528 Ἔπλευσαν
3383 3475 3462 3534 εἰς
3498 3469 3808 3524 Μακεδονίαν

2265 3572 2471 3634 Παῦλος
2499 3572 2591 3625 καὶ
2618 3569 2877 3640 Τιμόθεος
2897 3586 2910 3599 ο
2943 3567 3078 3620 ἀλλὰ
3105 3568 3201 3619 καὶ
3229 3563 3460 3633 Τυχικὸς
3488 3567 3582 3616 καὶ
3620 3557 3806 3627 Ὀνησι-

2267 3679 2366 3734 μσς
2399 3661 2781 3731 ἀπεστάλησαν
2811 3657 3208 3712 Κολοσσαεῦσιν
3229 3673 3243 3686 ·
3275 3657 3340 3708 ἐκ
3363 3654 3588 3713 τούτων,
3624 3653 3704 3704 ὅτι
3734 3648 3818 3719 μὲν

2265 3753 2459 3806 ταυτὸν
2511 3753 2839 3822 ὲνήργησαν,
2891 3747 3315 3819 μεμαθήκαμεν·
3351 3745 3446 3797 ὲὰν
3496 3742 3546 3794 δὲ
3586 3738 3828 3792 ἀκούσω-

2271 3861 2388 3914 μεν,
2419 3845 2499 3896 ὅτι
2545 3842 2910 3896 συνέπλευσαν
2950 3839 3043 3892 καὶ
3085 3833 3584 3903 συναπεστάλησαν,
3617 3829 3703 3880 ὅτι
3747 3825 3834 3879 καὶ

2273 3935 2387 4003 μετ’
2421 3931 2664 4001 ἀλλήλων
2690 3931 2786 4000 τὴν
2823 3925 3019 3998 πρᾶξιν
3053 3924 3376 3995 ἐπλήρωσαν
3415 3915 3836 3990 προσεδιδάχθη-

2274 4042 2392 4096 μεν.
2429 4022 2582 4076 Οῦτω
2609 4021 2669 4074 τὸ
2706 4019 2798 4073 τοῦ
2843 4016 3131 4070 magna...
3155 4013 3340 4077 κακὸν,
3373 4012 3450 4074 ὡς
3482 4004 3839 4096 οὐδεμίαῗτῶν

2273 4095 2444 4168 ἄλλων
2472 4110 2661 4180 φωνῶν
2698 4105 3060 4169 καταλύουσα,
3088 4101 3437 4175 προστίθησιν
3623 4095 3845 4151 ἐκείνοις

2275 4205 2370 4260 καὶ
2406 4205 2533 4266 τοὺς
2563 4201 2705 4256 κατὰ
2735 4201 3021 4272 διάμετρον
3055 4193 3400 4258 ἀσεϐοῦντας,
3440 4189 3598 4257 Λέγω
3629 4186 3694 4258 δὴ
3729 4184 3847 4239 τού-

2275 4315 2400 4360 τους
2445 4294 2493 4348 οἳ
2525 4295 2790 4364 χρονικοῖς
2841 4289 3163 4358 διαστήμασι
3216 4283 3308 4336 τοῦ
3353 4280 3448 4352 μὲν
3500 4275 3720 4346 Πατρὺς
3765 4274 3850 4327 τὸν

2281 4389 2430 4454 Υἰδν,
2463 4387 2554 4440 τοῦ
2583 4386 2637 4438 δὲ
2665 4382 2790 4438 Υἰοῦ
2823 4382 2882 4434 τὸ
2907 4379 3130 4448 Πνεῦμα
3155 4377 3214 4429 τὸ
3239 4377 3392 4443 ἅγιον
3422 4367 3714 4441 διαιροῦσι.

2477 4562 2620 4633 Πρὸς
2649 4559 2705 4614 δὲ
2743 4558 2841 4630 τὴν
2885 4557 2952 4609 ἐν
2987 4551 3255 4621 συλλαϐὴν
3305 4549 3478 4600 ἐκεῖνο
3523 4541 3766 4613 μάλιστα
3804 4537 3860 4589 τὺ

2284 4657 2536 4728 διάφορον
2569 4653 2700 4722 ἔχει,
2722 4652 2856 4720 ὃτιὴ
2883 4649 2977 4718 μὲν
3001 4645 3120 4698 σὺν
3148 4643 3248 4714 τὴν
3277 4638 3410 4711 πρὸς
3431 4635 3715 4732 ’ἀλλήλους
3744 4649 3865 4732 συν·

2287 4751 2481 4817 ἅψειαν
2555 4744 2662 4798 τῶν
2731 4737 3126 4795 κοινωνούντων
3184 4732 3538 4806 παρίστησιν,
3591 4722 3710 4777 οἷον
3759 4722 3865 4774 τῶν

2295 4837 2698 4913 συμπλεόντων,
2725 4835 2757 4906 ἢ
2790 4829 3201 4889 συνοικούντων,
3239 4824 3271 4896 ἢ
3299 4821 3475 4876 ὁτιοῦν
3507 4817 3614 4871 τῶν
3641 4817 3866 4870 πάντων

2295 4905 2486 4997 κοινῶς
2511 4927 2867 4985 ἐκτελοῦντων
2888 4942 2900 4953 ο
2926 4925 2959 4993 ἡ
2995 4921 3050 4974 δὲ
3081 4921 3150 4972 ἐν
3181 4917 3277 4988 τὴν
3307 4913 3487 4984 σχέσιν
3517 4911 3613 4980 τὴν
3644 4907 3792 4979 πρὸς
3813 4905 3867 4956 τὸ

2296 5027 2353 5079 ὲν
2397 5017 2440 5092 ᾧ
2497 5020 2850 5091 τυγχάνουσιν
2901 5009 3249 5082 ἐνεργοῦντες
3297 5005 3460 5076 δηλοῖ.
3501 4999 3870 5092 Ἐμπλέουσι

2298 5117 2406 5186 γὰρ
2440 5114 2532 5169 καὶ
2563 5109 2906 5165 ἐνοικοῦσιν
2937 5103 3289 5162 ἀκούσαντες,
3323 5098 3383 5149 τὸ
3410 5095 3612 5186 citatum;
3647 5093 3748 5144 καὶ
3776 5089 3870 5186 την

2299 5179 2473 5260 six-iw
2521 5203 2680 5264 εὐθὺς
2711 5200 3056 5270 ὲννοήσαμεν.
3110 5191 3265 5246 Κατὰ
3296 5189 3392 5260 μὲν
3425 5181 3515 5238 οὖν
3544 5183 3645 5252 τὴν
3687 5179 3870 5248 κοινὴν

2301 5299 2514 5368 χρῆσιν,
2540 5297 2572 5364 ἡ
2604 5293 2736 5362 πρὸς
2767 5288 2999 5361 ἀλλήλας
3039 5282 3216 5338 αὑτῶν
3245 5277 3474 5368 διαφορὰ
3502 5272 3751 5368 τοιαυτῃ,

2301 5360 2601 5437 πλεῖον
2628 5360 2716 5433 dit--
2870 5360 3117 5447 εὑρεθείη
3142 5369 3292 5440 παρὰ
3317 5365 3424 5419 τῶν
3451 5361 3773 5432 φιλοπόνων.
3801 5360 3870 5408 Οὐ

2303 5478 2412 5548 γὰρ
2457 5476 2578 5545 ἐμοὶ
2625 5471 2788 5542 σχολὴ
2838 5469 2905 5521 τὰ
2951 5467 3080 5536 περὶ
3125 5463 3232 5514 τῶν
3271 5450 3871 5548 συλλαϐῶν-ἒξετὸιζειν.

2316 5541 2608 5622 ιΕπεὶνοῦν
2652 5541 2915 5616 δέδεικται
2944 5562 2976 5628 ὴ
3006 5555 3126 5625 σὺν
3163 5549 3508 5622 εὐσημότατα
3551 5541 3877 5596 ἀποδιδοῦσα

2374 5735 2394 5762 ⁸
2424 5733 2583 5786 Joan.
2646 5749 2699 5796 ι,
2731 5733 2820 5791 '50.
