4036 6210
327 278 436 345 785
1310 280 1682 343 PANOPLIA
1725 282 2182 343 DOGMA'l'iCA.
2214 284 2452 345 -'i‘i'i‘.
2498 281 2637 346 XII.
3478 288 3583 351 786

330 400 432 467 τῆς
461 396 761 467 συναφείας
784 397 886 465 τὴν
912 397 1144 463 ἔννοιαν,
1168 397 1415 467 γενέσθω
1435 399 1563 468 ὑμῖν
1589 395 1899 462 ἔνσπονδος.

2009 399 2151 452 niam
2178 399 2344 467 igitur
2372 401 2818 459 demonstratum
2850 409 2935 458 est
2962 400 3405 472 praepositionem
3461 418 3578 456 cum

324 490 379 544 σί
403 489 573 554 tum,
605 490 703 544 καὶ
747 489 1033 544 παύσασθε
1059 487 1158 544 τοῦ
1184 488 1424 560 χαλεποῦ
1455 490 1594 559 πρὸς
1617 488 1791 559 αὐτὴν
1808 487 1901 541 καὶ

2011 488 2510 555 signiﬁeantissime
2588 490 2816 547 reddere
2888 491 3307 562 coniunctionis
3374 489 3579 548 intelli-

326 580 650 652 ἀκηρύκτου
671 581 934 652 πολέμου.
990 580 1184 652 Ὅμως
1230 582 1417 652 μέντοι
1442 581 1617 645 οὕτως
1659 582 1900 650 εὐσήμου

2010 582 2272 650 gentiam,
2331 582 2579 639 inducias
2608 598 2638 638 a
2678 583 2856 647 vobis.
2892 583 2940 639 si
3002 583 3239 647 videtur.
3301 583 3574 655 impetret,

327 675 426 746 τῆς
450 676 644 747 φωνῆς
673 675 1056 749 ὑπαρχούσης,
1098 677 1155 731 εἴ
1177 694 1258 748 τῳ
1285 677 1441 747 φίλον
1469 679 1528 731 ἐν
1570 675 1901 743 δοξολογίαις

2007 690 2071 730 ac
2120 675 2366 730 desistite
2425 675 2580 731 a‘trox
2634 683 2688 732 et
2716 675 3058 747 implacabile
3082 678 3281 732 bellum
3318 692 3442 733 cum
3489 676 3576 731 illa

329 768 391 820 ὲν
430 762 784 831 Εὐαγγελίοις
819 761 914 817 ἐπὶ
942 761 1039 816 τοῦ
1071 761 1447 833 βαπτίσματος
1493 759 1901 831 μεμειιθήκοιμεν1

2009 783 2217 839 gerere.
2294 764 2424 823 Sed
2494 778 2675 825 tamen
2767 770 3023 840 quamvis
3097 771 3215 826 hate
3279 784 3385 825 vox
3472 776 3580 824 tam

328 856 555 926 Πατέρα
574 855 672 909 καὶ
708 852 836 907 Υἱδν
866 851 963 906 καὶ
994 852 1150 921 ἅγιον
1183 850 1434 921 Πνεῦμω
1465 851 1560 902 καὶ
1593 848 1738 902 οὓτω
1766 844 1901 916 γινέ·

2008 871 2135 932 apta
2165 861 2237 916 sit
2275 860 2343 914 ad
2386 858 2829 930 signiﬁcandum,
2879 857 2929 914 si
2976 857 3066 914 cui
3102 858 3254 913 cordi
3308 857 3475 912 fuerit
3504 858 3581 935 in

332 946 466 1010 σθω,
498 945 673 1009 οὐδεὶς
722 945 958 1015 ἀντερεῖ.
1007 943 1131 997 Ἐπὶ
1171 940 1404 1005 τούτοις,
1447 943 1495 995 εί
1533 941 1700 1001 δοκεῖ,
1742 954 1901 1024 καταέ

2008 951 2502 1024 gioriflcationibus
2533 966 2633 1021 per
2685 950 2953 1023 syllabam
2981 962 3029 1006 et
3085 950 3307 1005 nomina
3373 942 3585 1005 conne-i

330 1037 575 1109 θώμεθα.
615 1035 779 1089 Ἀλλὰ
818 1035 918 1098 τὰς
946 1033 1200 1103 γλώσσας
1239 1032 1306 1087 ἂν
1338 1028 1844 1115 πρόοιντοῌμᾶλλον,

2011 1023 2163 1101 utere
2196 1051 2251 1100 et
2277 1043 2587 1115 gloriﬁcare
2617 1083 2632 1109 ,
2672 1041 3131 1114 quemadmodum
3164 1042 3219 1097 in
3249 1041 3583 1113 Evangeliis,
3680 1050 3712 1075 ιθ

330 1128 430 1199 τὴν
469 1125 652 1197 φωνὴν
684 1124 890 1196 ταύτην
934 1123 1197 1190 δέξαιντο.
1231 1120 1402 1176 Τοῦτο
1435 1119 1534 1191 μὲν
1559 1112 1653 1172 οῦν
1692 1114 1901 1177 suum!

2001 1135 2106 1192 'ubi
2131 1135 2199 1192 de
2226 1112 2574 1207 baptismate,
2610 1112 2927 1199 didicimus,
2967 1134 3183 1190 Patrem
3215 1142 3271 1188 et
3312 1112 3509 1188 Filium
3534 1139 3594 1188 et

329 1219 425 1272 τὸν
454 1219 764 1289 ἀκήρυκτον
787 1215 923 1287 ἡμῖν
941 1215 1033 1268 καὶ
1061 1213 1325 1269 ἄσπονδον
1354 1211 1590 1282 πόλεμον
1614 1208 1901 1277 ἐπεγείρει.

2014 1227 2278 1297 Spiritum
2309 1234 2560 1283 sanctum
2592 1245 2607 1295 ;
2639 1228 2803 1283 etiam
2841 1226 2915 1280 ita
2957 1225 3070 1290 ilat,
3103 1239 3264 1281 nemo
3309 1223 3591 1279 contratii~

348 1312 436 1364 Ἐν
484 1308 564 1379 τῷ
602 1308 905 1379 Πνεύματι,
954 1307 1110 1379 φησι,
1139 1305 1220 1377 τῷ
1273 1303 1414 1374 ἁγίῳ
1462 1301 1561 1375 τὴν
1611 1298 1901 1367 δοξολογίαι

2014 1323 2347 1379 cturus'est.
2390 1320 2503 1378 Hac
2559 1322 2891 1386 conditione,
2925 1322 2974 1377 si
3012 1320 3250 1385 videtur,
3309 1320 3453 1375 inter
3487 1332 3604 1375 nos

331 1402 625 1456 ἀποδοτέον
644 1399 723 1470 τῷ
743 1399 883 1471 Θεῷ,
913 1398 1036 1469 οὐχὶ
1065 1397 1123 1451 δὲ
1156 1395 1345 1467 καὶτῷ
1363 1395 1673 1465 Πνεύματι·
1701 1391 1797 1445 καὶ
1823 1392 1901 1443 sx.

2016 1414 2445 1471 consentiamus.
2505 1413 2613 1470 Sed
2649 1414 2737 1472 isti
2796 1414 2963 1469 citius
2997 1413 3301 1484 abjecerint
3347 1411 3591 1480 linguas,

333 1493 614 1566 θυμότατα
655 1492 756 1562 τῆς
784 1492 969 1563 φωνῆς
1016 1488 1220 1562 ταύτης
1257 1488 1333 1552 ὡς
1408 1574 1428 1576 Η
1523 1485 1901 1554 ταπεινωτικῆς

2016 1520 2179 1576 quam
2218 1505 2590 1562 hanc'vocem
2633 1507 2923 1576 recipiant.
2966 1502 3083 1561 Hoc
3110 1505 3278 1576 igitur
3306 1509 3414 1569 est,
3444 1502 3593 1574 quod

331 1586 429 1640 τοῦ
462 1586 779 1656 Πνεύματος
829 1584 1201 1656 περιέχονται.
1234 1581 1373 1652 Περὶ
1396 1574 1465 1652 ἦς
1498 1579 1598 1632 οὐκ
1642 1576 1901 1647 ἄχρηστοι

2019 1598 2177 1653 nobis
2216 1598 2546 1654 acerrimum
2602 1613 2667 1654 ac
2722 1598 3183 1655 irreconciliabiie
3237 1597 3437 1653 bellum
3498 1611 3594 1651 ex-

332 1678 429 1731 καὶ
475 1677 565 1730 διὰ
607 1674 959 1748 μακροτέρων
1000 1676 1193 1727 εἰπεῖν.
1227 1665 1328 1725 ’Ὧν
1364 1667 1698 1727 ἀκούσαντες
1733 1659 1901 1758 ,οὗτοι1

2017 1686 2171 1739 citat.
2206 1684 2260 1739 in
2304 1683 2509 1757 Spiritu
2539 1696 2731 1743 sancto
2760 1726 2775 1752 ,
2816 1687 3112 1758 inquiunt,
3152 1686 3331 1742 danda
3365 1693 3450 1741 est
3483 1686 3597 1757 glo-

334 1730 836 1840 θαυμάσαίμενιᾶν,
855 1730 917 1820 ἐί
954 1766 1028 1837 μὴ
1055 1765 1131 1830 ὡς
1157 1762 1405 1851 προδότιν
1442 1755 1755 1851 αὐτὴνηκαλ.
1778 1754 1901 1851 πρδς

2019 1730 2171 1739 νη--.
2304 1730 2509 1757 ..,,......
2539 1730 2729 1743 ..-ηνω
2760 1730 2775 1752 ,
3099 1730 3112 1752 ,
3154 1730 3331 1742 -........
3367 1730 3450 1741 νυ-
3483 1730 3566 1757 ο.-

2019 1778 2100 1832 ria
2141 1776 2271 1843 Deo,
2316 1793 2426 1834 non
2474 1788 2655 1835 autem
2713 1790 2767 1835 et
2798 1779 3027 1851 Spiritui
3062 1797 3074 1832 :
3118 1787 3282 1850 atque
3328 1777 3592 1834 acerrime

331 1861 433 1933 τὴν
486 1860 580 1915 τοῦ
612 1859 928 1930 Πνεύματος
975 1856 1132 1921 δόξαν
1184 1849 1590 1922 αὐτομολοῦσαν
1633 1845 1901 1917 άτιοκηρύ⁴

2019 1868 2149 1923 huic
2198 1869 2318 1924 voci
2383 1876 2646 1939 tanquam
2706 1845 2970 1940 Spiritum
3038 1845 3366 1939 deprimenti
3418 1864 3581 1919 adita:

328 1954 514 2020 ξωσιν.
2021 1969 2268 2017 rescunt.
2296 1959 2372 2016 De
2407 1976 2515 2031 qua
2540 1975 2649 2016 non
2684 1961 2876 2017 inutile
2906 1961 3070 2017 fuerit
3098 1959 3366 2030 prolixius
3391 1958 3591 2013 dicere.

2021 2056 2155 2123 Quae
2207 2069 2333 2109 cum
2374 2053 2649 2109 audierint
2683 2055 2795 2120 isti,
2859 2053 3195 2118 demirabor,
3243 2054 3290 2108 si
3327 2066 3436 2105 non
3475 2064 3591 2104 eam

2024 2154 2083 2199 ut
2120 2143 2476 2215 proditricem
2516 2151 2572 2199 et
2610 2144 2675 2198 ad
2712 2143 2954 2215 Spiritus
2985 2143 3214 2214 gloriam
3244 2140 3391 2197 ultro
3411 2147 3589 2195 trans-

2026 2236 2206 2307 fugam
2243 2237 2630 2308 repudiabunt.

2013 2338 2291 2410 Ejusdem.
2324 2343 2464 2410 Quot
2496 2346 2665 2401 modis
2686 2348 2883 2402 dicitur
2908 2350 3044 2410 «in,»
3079 2350 3296 2404 totidem
3330 2348 3498 2404 modis
3523 2349 3589 2404 de

2419 2414 2624 2486 Spiritu
2651 2421 2847 2488 accipi.
2881 2417 3050 2487 Caput
3079 2422 3170 2475 26.

338 2332 454 2391 Τοῦ
464 2332 1080 2407 ρῠτοῦθῡτιᾼόσαχῶς
1090 2334 1327 2407 λέγεται
1344 2339 1415 2394 τὸ
1439 2357 1458 2392 ι
1482 2340 1554 2395 ἐν
1575 2361 1594 2394 ι
1619 2358 1912 2399 τοσαυτα-

409 2404 530 2482 ζῷς
562 2407 687 2482 ,καὶ
744 2405 843 2482 aut
906 2407 1014 2461 τοῦ
1084 2404 1436 2479 llr-stipato;-
1511 2412 1902 2482 λαμϐάνεται.

408 2475 639 2544 Κεφάλ.
665 2476 784 2543 κς’.

418 2591 667 2664 Ὀσαχῶς
697 2592 920 2663 λέγεται
955 2595 1016 2649 τὸ
1049 2594 1139 2662 ἐν,
1186 2598 1543 2668 τοσαυταχῶς
1578 2600 1901 2672 εὑρίσκομεν

2079 2595 2224 2662 Quot
2251 2596 2426 2653 modis
2465 2596 2667 2653 dicitur
2695 2600 2773 2661 in.
2808 2599 3032 2656 totidem
3062 2602 3243 2659 modis
3265 2603 3583 2663 invenimus

332 2686 460 2749 ταῖς
507 2686 761 2758 περὶτοῦ
795 2687 1133 2759 Ἠνεύματος
1175 2688 1408 2755 ἐννοίαις
1439 2692 1901 2764 ὑπηρετούμινον.

2010 2700 2129 2742 eam
2174 2690 2434 2759 syllabam
2458 2688 2816 2759 conceptibus
2867 2691 2935 2746 de
2978 2690 3185 2765 Spiritu
3245 2694 3582 2763 subservire.

330 2777 571 2843 Λέγεται
594 2778 694 2848 μὲν
715 2778 807 2833 οῦν
823 2779 885 2833 τὸ
901 2776 1041 2844 εἶδος
1056 2784 1114 2834 ἐν
1129 2784 1194 2852 τῇ
1214 2782 1315 2853 ῦλῃ
1336 2778 1498 2849 εἶναι,
1516 2787 1610 2840 καὶ
1631 2788 1664 2858 ἡ
1683 2787 1901 2859 δύναμις

2011 2775 2144 2832 Nam
2174 2778 2347 2833 forma
2377 2777 2578 2834 dicitur
2600 2794 2723 2835 esse
2747 2780 2800 2834 in
2825 2783 3073 2845 materia,
3097 2791 3149 2836 et
3168 2776 3409 2851 putentia
3438 2783 3493 2836 in
3517 2796 3586 2836 eo

326 2870 388 2918 tv
419 2865 499 2935 τῷ
515 2866 773 2936 δεκτικῷ,
796 2871 892 2921 καὶ
909 2870 943 2939 ἡ
962 2870 1076 2934 ἕξις
1113 2873 1171 2925 ὲν
1198 2870 1279 2943 τῷ
1301 2873 1423 2927 κατ’
1438 2876 1608 2947 αὐτὴν
1623 2876 1901 2949 διακειμέ-

2001 2874 2147 2941 quod
2184 2875 2305 2941 ejus
2333 2891 2505 2949 capax
2542 2889 2649 2947 est,
2680 2889 2735 2938 et
2781 2882 3004 2940 habitus
3044 2886 3098 2939 in
3140 2900 3207 2940 eo
3244 2886 3338 2957 qui
3378 2903 3581 2944 secun-

327 2975 429 3025 νῳ,
462 2959 759 3012 καὶπολλὰ
772 2961 1020 3017 τοιαῦτα.
1034 2962 1267 3030 Οὐκοῦν,
1287 2965 1424 3020 καθὸ
1443 2969 1543 3037 μὲν
1560 2970 1901 3027 τελειωτικδν

2001 2964 2129 3021 dum
2180 2968 2331 3023 illum
2394 2970 2623 3029 allectus
2695 2982 2820 3041 est,
2877 2960 3093 3048 aliaque
3134 2978 3309 3049 ‘hujus
3357 2981 3580 3050 generis

327 3052 390 3106 τὸ
401 3051 560 3119 άγιον
590 3052 818 3123 Πνεῦμα
838 3052 948 3106 τῶν
978 3054 1232 3124 λογικῶν,
1263 3054 1565 3129 ἀπαρτίζον
1606 3063 1785 3119 αὐτῶν
1807 3064 1901 3138 τὴν

2002 3060 2221 3147 πωπω..
2265 3060 2452 3134 itaque
2516 3074 2791 3138 quatenus
2867 3069 3105 3141 Spiritus
3180 3081 3408 3129 sanctus
3468 3074 3578 3128 vim

328 3143 631 3215 ἀκρότητα,
659 3145 752 3199 τὸν
803 3144 900 3200 τοῦ
936 3142 1112 3211 εἴδους
1142 3147 1300 3217 λόγον
1331 3150 1542 3222 ὶπὲχὶι.
1578 3146 1639 3207 Ὁ
1660 3155 1770 3225 γὰρ
1803 3173 1911 3226 μη-

330 3235 456 3289 κέτι
493 3236 636 3290 κατὰ
664 3236 842 3307 σάρκα
872 3234 1158 3305 ζῶν,ἀλλὰ
1200 3239 1486 3311 Πνιύματι
1515 3242 1652 3298 Θεοῦ
1702 3246 1910 3315 ἀγόμε-

326 3343 442 3392 νος,
477 3327 572 3381 καὶ
601 3328 714 3391 υίὸς
739 3327 877 3382 Θεοῦ
918 3331 1296 3399 χρηματίζων,
1327 3335 1424 3393 καὶ
1462 3335 1786 3411 σύμμορφος
1809 3343 1908 3412 τῆς

332 3420 548 3482 είκύνος
566 3419 669 3474 τοῦ
693 3419 824 3475 Υίοῦ
852 3420 949 3475 τοῦ
977 3423 1115 3478 Θεοῦ
1144 3424 1456 3495 γενόμενος,
1520 3431 1903 3500 πνευματικὸς

330 3507 683 3579 ὀνομάζεται.
705 3514 817 3569 Καὶ
841 3515 919 3581 ὡς
943 3517 975 3588 ἡ
1003 3517 1233 3591 δύναμις
1256 3521 1352 3575 τοῦ
1383 3524 1515 3595 ὁρᾷν
1546 3522 1608 3577 ὲν
1634 3522 1714 3594 τῷ
1737 3520 1909 3591 ύγιαί⁸

330 3620 477 3657 νοντι
509 3605 794 3679 ὀφθαλμῷ.
823 3609 996 3674 οὕτως
1022 3611 1054 3682 ἡ
1090 3613 1346 3685 ἐνέργεια
1378 3612 1473 3667 τοῦ
1505 3613 1821 3685 Πνεύματος
1853 3614 1914 3668 ὲν

327 3696 396 3766 τῇ
426 3697 811 3771 κεκαθαρμένη
833 3699 1002 3773 ψυχῇ.
1036 3702 1128 3756 Διὸ
1153 3704 1246 3757 καὶ
1275 3703 1485 3768 Παῦλος
1510 3704 1727 3775 εὔχεται
1767 3705 1915 3771 Ἐφε-

329 3787 490 3851 σίοις,
520 3791 966 3862 πεφωτισμένους
1003 3793 1317 3865 ὀφθαλμοὺς
1343 3795 1526 3851 αὐτῶν
1567 3792 1707 3849 εἶναι
1743 3796 1804 3850 ἐν
1828 3795 1912 3867 τῷ

324 3880 608 3954 Πνεύματι
631 3885 732 3956 τῆς
773 3888 983 3958 σοφίας.
1010 3889 1121 3944 Καὶ
1148 3889 1224 3954 ὡς
1249 3892 1283 3961 ή
1311 3891 1477 3963 τέχνη
1515 3890 1574 3945 ὲν
1606 3891 1687 3963 τῷ
1708 3892 1910 3951 ἀναλα-

323 3972 476 4029 66ντι
512 3976 708 4049 αὐτὴν,
744 3977 918 4046 οὕτως
960 3983 995 4053 η
1033 3982 1194 4055 χάρις
1224 3981 1319 4037 τοῦ
1372 3983 1691 4057 Πνεύματος
1739 3986 1800 4040 ἰν
1828 3985 1909 4058 τῷ

321 4063 727 4140 ὑποδεξαμένῳ,
757 4070 842 4124 ἀεὶ
871 4071 973 4143 μὲν
997 4073 1383 4145 συμπαροῦσα,
1412 4076 1534 4148 οὐχὶ
1552 4076 1610 4131 δὲ
1635 4077 1731 4132 καὶ
1758 4078 1907 4151 ἐνερ-

317 4154 494 4224 γοῦσα
536 4157 821 4230 διηνεκῶς.
870 4161 1022 4219 Ἐπεὶ
1065 4163 1161 4219 καὶ
1193 4166 1227 4239 ἡ
1261 4165 1422 4239 τέχνη
1464 4166 1691 4239 δυνάμει
1721 4167 1820 4240 μὲν
1846 4171 1904 4223 ὲν

315 4246 399 4317 τῷ
432 4249 655 4322 τεχνίτῃ
678 4252 854 4306 ἐστίν·
885 4256 1137 4329 ἐνεργείᾳ
1159 4258 1216 4313 δὲ
1253 4259 1398 4325 τότε,
1433 4261 1559 4315 ὅταν
1588 4259 1709 4314 κατ’
1730 4260 1902 4333 αὐτὴν

314 4340 540 4412 ἐνεργῇ.
574 4342 740 4399 ,Οὕτω
766 4345 863 4400 καὶ
903 4347 965 4400 τὸ
1001 4348 1225 4421 Πνεῦμα
1270 4352 1359 4407 ἀεὶ
1402 4352 1504 4424 μὲν
1553 4355 1900 4427 συμπάρεστι

2002 3150 2165 3208 habet
2228 3154 2547 3224 perﬁciendi
2609 3168 2918 3215 creaturam
2965 3162 3287 3218 rationalem
3317 3203 3333 3230 ,
3393 3164 3584 3219 absol-

1999 3252 2136 3295 vens
2185 3239 2334 3297 illius
2411 3242 2724 3318 fastigium,
2794 3248 2984 3306 formas
3023 3252 3290 3308 rationem
3345 3253 3578 3311 obtinet.

2000 3328 2135 3387 Nam
2191 3332 2286 3402 qui
2320 3333 2434 3405 jam
2483 3352 2593 3391 non
2626 3340 2759 3394 vivit
2819 3342 3123 3398 secundum
3182 3358 3427 3409 carnem,
3485 3345 3579 3402 sed

2000 3422 2213 3496 Spiritu
2255 3423 2349 3481 Dei
2388 3427 2571 3498 agitur
2603 3469 2618 3493 ,
2654 3445 2718 3485 ac
2770 3430 2943 3489 Filius
2984 3432 3082 3490 Dei
3110 3436 3429 3491 nominatur
3455 3478 3471 3503 ,
3525 3445 3582 3493 et

2001 3515 2302 3572 conformis
2329 3518 2555 3591 imagini
2604 3520 2724 3577 Filii
2767 3522 2863 3581 Dei
2895 3525 3072 3583 factus
3109 3534 3213 3591 est,
3278 3527 3582 3598 spiritualis

2004 3605 2229 3663 dicitur.
2267 3608 2332 3663 Et
2374 3611 2518 3665 sicut
2551 3612 2815 3668 cernendi
2868 3616 2951 3670 vis
2993 3624 3079 3672 est
3113 3618 3167 3671 in
3206 3619 3367 3672 oculo
3399 3633 3535 3674 sano
3562 3661 3579 3689 ,

2003 3698 2088 3754 sic
2144 3702 2391 3771 operatio
2445 3702 2684 3773 Spiritus
2757 3707 2810 3760 in
2868 3706 3050 3761 anima
3103 3719 3352 3779 purgata.
3393 3710 3581 3780 quue

2002 3788 2205 3848 Paulus
2242 3803 2392 3864 Optat
2434 3795 2715 3866 Ephesiis,
2774 3806 2832 3850 ut
2863 3798 3055 3854 oculos
3106 3799 3340 3856 habeant
3379 3803 3581 3856 illumi-

2003 3892 2164 3965 natos
2203 3884 2258 3940 in
2298 3886 2531 3958 'Spiritu
2599 3888 2880 3959 sapientiae
2925 3895 2967 3946 ¹.
3018 3889 3084 3946 Ει
3121 3892 3576 3962 quemadmodum

2003 3984 2095 4031 ars
2151 3985 2236 4033 est
2276 3978 2330 4033 in
2384 3993 2449 4035 eo
2475 3979 2567 4050 qui
2635 3980 2803 4035 illam
2835 3981 3063 4052 adeptus
3110 3992 3192 4038 est
3224 4024 3237 4047 ,
3282 3985 3354 4037 ita
3402 3985 3579 4056 gratia

2001 4066 2246 4140 Spiritus
2300 4071 2356 4127 in
2409 4084 2474 4127 eo
2500 4073 2606 4143 qui
2664 4075 2869 4145 recepit
2907 4072 3050 4140 eam,
3092 4091 3307 4147 semper
3348 4075 3575 4148 quidem

2004 4179 2270 4236 praesens,
2345 4175 2399 4221 at
2454 4180 2561 4222 non
2606 4176 2869 4239 perpetuo
2903 4183 3160 4239 operans.
3194 4168 3329 4224 Nam
3387 4178 3441 4226 et
3486 4185 3581 4229 ars

2002 4258 2243 4329 potentia
2296 4260 2516 4329 quidem
2547 4270 2632 4318 est
2662 4262 2719 4317 in
2771 4263 3025 4330 artiﬁce;
3069 4270 3193 4317 actu
3247 4276 3379 4319 vero
3418 4270 3533 4318 tum
3558 4304 3576 4330 ,

2001 4364 2124 4403 cum
2174 4350 2475 4406 secundum
2527 4351 2675 4407 illam
2736 4363 3043 4423 operatur:
3080 4352 3269 4410 itidem
3334 4353 3580 4425 Spiritus

311 4433 431 4494 τοῖς
473 4431 665 4500 ἀξίοις,
698 4437 912 4508 ἐνεργεί
936 4438 995 4492 δὲ
1039 4420 1181 4496 κατὰ
1215 4442 1314 4514 τὴν
1344 4420 1554 4516 χρείαν,
1667 4448 1728 4502 ὲν
1748 4420 1897 4520 προ-

2002 4455 2216 4511 semper
2251 4442 2472 4512 quidem
2530 4443 2685 4516 adest
2743 4420 2922 4516 dignis
2946 4487 2961 4511 ,
2998 4444 3094 4500 sed
3127 4420 3392 4517 operatur
3415 4453 3577 4517 prout

314 4521 592 4590 φητείαις,
642 4525 674 4597 ἢ
709 4527 768 4580 ὲν
807 4527 1052 4599 ίάμασιν,
1086 4530 1120 4601 ἢ
1170 4531 1231 4585 ἂν
1255 4531 1436 4597 ἄλλοις
1460 4536 1572 4589 τισὶ
1611 4535 1898 4609 δυνάμεων

312 4609 708 4683 ὲνεργήμασιν.
761 4618 882 4672 Ἔτι
925 4618 1001 4684 ὡς
1030 4620 1090 4674 ἐν
1117 4620 1363 4693 σώμασιν
1390 4624 1590 4693 ὑγίεια,
1613 4627 1648 4697 ἢ
1696 4627 1900 4701 θερμό-

285 4715 436 4772 ’της,
486 4704 686 4776 ἢὸλως
717 4710 775 4763 at
827 4711 1102 4784 εὐκίνητοι
1150 4715 1460 4782 διαθέσεις·
1500 4717 1643 4772 οὕτω
1692 4721 1788 4774 καὶ
1834 4723 1894 4775 ἐν

308 4791 458 4865 ψυχῇ
507 4795 766 4862 πολλάκις
800 4800 1033 4874 ὑπάρχει
1069 4805 1131 4859 τὸ
1172 4807 1418 4879 Πνεῦμα,
1441 4812 1556 4872 τοῖς
1593 4810 1680 4864 διὰ
1706 4811 1765 4864 τὸ
1791 4812 1893 4882 τῆς

307 4882 536 4973 γνώμης
560 4888 840 4962 άνίδρυτον
877 4894 1131 4962 εὐκόλως,
1165 4897 1232 4969 ἢν
1259 4899 1505 4966 ἐδέξαντο
1545 4901 1704 4973 χάριν
1737 4903 1891 4957 ἀπω-

307 4972 614 5045 θουμένοις,
644 4979 719 5052 μὴ
736 4986 1053 5056 παραμένον
1080 4987 1214 5059 (39),
1250 4983 1361 5054 οἷος
1405 4985 1474 5062 ἦν
1506 4992 1536 5044 ὁ
1566 4972 1759 5058 Σαοὺλ,
1789 4992 1887 5049 καὶ

306 5064 362 5118 ei
387 5063 767 5137 ἑϐδομήκοντα
796 5068 1169 5141 πρεσϐύτεροι
1186 5071 1298 5129 τῶν
1314 5074 1447 5129 υἱῶν
1469 5075 1713 5148 Ἰσραὴλ,
1747 5081 1891 5150 πλὴν

301 5152 402 5211 τοῦ
431 5155 620 5213 Ἐλδὰδ
649 5161 742 5214 καὶ
776 5159 971 5217 Μωδὰδ
1016 5163 1250 5231 (τούτοις
1272 5165 1381 5237 γὰρ
1419 5167 1603 5236 μόνοις
1634 5170 1700 5224 lx
1745 5171 1889 5225 πάν-

298 5261 413 5300 των
436 5247 689 5316 φαίνεται
722 5252 1070 5321 παραμεῖναν
1097 5253 1159 5307 τὸ
1183 5252 1460 5326 Πνεῦμα),
1513 5257 1611 5311 καὶ
1656 5258 1796 5324 ὅλως
1837 5260 1891 5315 ετ

299 5353 389 5402 τις
420 5339 636 5405 τούτοις
665 5343 766 5415 τὴν
799 5344 1137 5415 ’προαίρεσιν
1181 5347 1597 5419 παραπλήσιος.
1674 5353 1783 5406 Καὶ
1808 5351 1886 5416 ὡς

298 5429 329 5482 6
379 5430 535 5501 λόγος
579 5434 635 5488 δὲ
674 5435 737 5488 ὲν
794 5434 965 5507 ψυχῇ,
1027 5438 1161 5492 ποτὲ
1203 5437 1304 5508 μὲν
1367 5440 1446 5504 ῶς
1481 5442 1543 5495 τὸ
1591 5444 1883 5516 ἐγκάρδιον

380 5702 394 5731 ¹
434 5699 633 5771 Epitos.
664 5701 813 5766 ι,17,
850 5703 932 5761 18.
1010 5707 1031 5739 ⁸
1056 5705 1213 5761 Num.
1239 5725 1312 5775 xi,
1336 5709 1425 5773 25,
1457 5711 1546 5765 ‘26.

2000 4547 2138 4602 npus
2176 4540 2280 4596 est.
2326 4542 2419 4588 aut
2475 4534 2530 4589 in
2567 4535 2902 4605 prophetiis,
2943 4543 3038 4590 aut
3068 4536 3124 4591 in
3159 4537 3577 4601 sanationibus,

2000 4634 2091 4678 aut
2124 4625 2177 4678 in
2235 4624 2359 4679 aliis
2399 4626 2789 4682 miraculorum
2836 4626 3271 4698 operationibus.
3303 4626 3575 4683 Praeterea

1999 4717 2141 4770 sicut
2176 4718 2229 4771 in
2283 4718 2608 4787 corporibus
2658 4725 2745 4773 est
2775 4718 3008 4786 sanitas,
3037 4724 3132 4772 aut
3174 4719 3344 4783 calor,
3385 4724 3480 4772 aut
3518 4720 3574 4773 in

1999 4822 2198 4878 genere
2225 4807 2546 4864 ati‘ectiones
2598 4807 2756 4864 facile
2788 4810 3058 4874 mobiles;
3100 4811 3182 4866 sic
3214 4816 3265 4865 et
3297 4810 3353 4863 in
3389 4809 3572 4864 anima

2000 4898 2315 4971 frequenter
2358 4908 2442 4956 est
2486 4898 2757 4971 Spiritus,
2795 4900 2848 4955 in
2874 4901 2942 4957 iis
2984 4901 3079 4972 qui
3113 4909 3337 4972 propter
3375 4904 3573 4957 mentis

1998 4989 2412 5046 instabilitatem
2470 4988 2629 5046 facile
2660 4992 2888 5062 gratiam
2934 4999 3212 5062 acceptam
3250 4992 3571 5065 expellunt,

1997 5097 2340 5154 nequaquam
2417 5098 2785 5156 permanens:
2866 5080 3046 5154 qualis
3106 5091 3225 5139 erat
3309 5078 3467 5145 Saui,
3514 5088 3573 5139 et

1994 5174 2338 5248 septuaginta
2375 5178 2625 5232 seniores
2688 5177 2925 5232 iiiiorum
2963 5173 3150 5240 israei,
3213 5182 3417 5245 praeter
3480 5172 3570 5229 El-

1992 5266 2096 5322 αλιι
2132 5277 2186 5322 et
2239 5265 2641 5335 Modad'inam
2688 5269 2829 5341 apud
2857 5269 2959 5325 bos
3005 5267 3153 5324 solos
3194 5282 3258 5322 ex
3314 5263 3568 5322 omnibus

1992 5355 2261 5425 Spiritum
2298 5356 2566 5412 mansisse
2608 5358 2874 5430 apparet),
2907 5365 2964 5414 et
2992 5358 3046 5417 in
3072 5371 3291 5427 genere,
3344 5355 3391 5408 si
3442 5354 3567 5424 quis

1990 5453 2077 5501 est
2126 5444 2247 5502 istis
2280 5444 2445 5501 animi
2478 5452 2756 5518 propvisito
2798 5445 3124 5506 consimilis.
3186 5446 3316 5502 Item
3376 5459 3566 5516 quem-
