4036 6210
436 236 543 313 707

1666 229 1980 294 ΕΗΤΠῩΪιῙ
1996 230 2044 289 ll
2087 230 2439 292 ZlGABEN]

3594 239 3707 307 733

426 380 726 447 admodum
797 381 1021 438 verbum
1079 387 1166 440 est
1218 379 1275 435 in
1340 380 1562 447 animo,
1611 377 1886 435 interdum
1957 385 2018 433 ut

2110 370 2309 442 νόημα,
2334 371 2465 426 ποτὲ
2483 371 2540 427 δὲ
2566 371 2643 438 ὡς
2664 373 2695 429 6
2721 374 3132 447 προφερόμενος
3148 376 3241 432 διὰ
3264 377 3540 452 γλώσσης.
3559 382 3712 440 οὕτω

428 473 487 528 in
540 473 706 529 corde
746 475 1080 545 cogitatum,
1135 471 1409 527 interdum
1470 482 1527 527 ut
1580 471 1765 543 lingua
1836 470 2019 541 prola-

428 576 547 633 tum
589 586 604 623 ;
638 568 718 625 sic
771 576 825 621 et
874 565 1115 637 Spiritus
1152 574 1403 631 sanctus,
1456 567 1543 622 vel
1702 580 1829 619 cum
1868 563 2021 619 testi-

430 662 675 725 monium
709 660 911 729 prmbet
942 659 1159 729 spiritui
1196 668 1409 725 nostro,
1441 667 1495 716 et
1532 659 1735 713 clamat
1759 657 1814 713 in
1845 656 2020 711 cordi-

430 753 537 819 bus
578 752 779 806 nostris
808 791 823 815 ,
866 752 1038 819 Abba,
1083 749 1251 805 Pater
1298 749 1342 817 ¹,
1377 752 1462 807 γει
1490 766 1613 807 cum
1648 750 1892 821 loquitur
1921 760 2023 818 pro

427 844 613 908 nobis,
656 845 811 913 juxta
878 843 932 899 id
971 844 1120 913 quod
1174 843 1382 899 dictum
1436 852 1559 908 est,
1610 843 1735 898 Non
1763 858 1851 897 vos
1894 840 2023 896 estis

432 937 521 1006 qui
553 935 869 1002 loquimini,
938 935 1031 995 sed
1087 934 1322 1003 Spiritus
1372 934 1594 998 Patris,
1648 935 1739 1004 qui
1789 933 2027 1003 loquitur

434 1029 485 1080 in
516 1029 657 1082 vobis
707 1022 750 1081 ’.
782 1025 903 1083 Jam
944 1042 1075 1083 vero
1098 1036 1153 1081 et
1188 1036 1243 1082 ut
1288 1035 1460 1084 totum
1503 1028 1558 1081 in
1598 1027 1868 1097 partibus,
1900 1023 2027 1095 Spi-

436 1120 575 1176 ritus
627 1120 956 1190 intelligitur
992 1120 1152 1189 juxta
1217 1120 1487 1181 donorum
1558 1118 2023 1173 distributionem.

433 1208 636 1275 Omnes
678 1213 832 1278 enim
890 1212 1132 1272 invicem
1190 1227 1383 1267 sumus
1446 1210 1731 1271 membra,
1792 1207 1888 1264 sed
1926 1208 2028 1261 ha-

436 1301 625 1353 bentes
681 1300 824 1353 dona
872 1299 1176 1354 secundum
1229 1297 1323 1352 Dei
1372 1298 1601 1367 gratiam
1650 1295 1809 1349 nobis
1843 1292 2029 1345 datam

432 1392 671 1455 diversa.
714 1394 789 1449 Ea
831 1404 1053 1463 propter
1097 1391 1223 1446 Non
1265 1398 1436 1460 potest
1476 1390 1649 1447 digere
1696 1387 1879 1442 oculus
1914 1401 2028 1437 ma-

431 1487 575 1549 nui:
643 1484 763 1538 Non
806 1502 935 1555 opus
992 1486 1156 1539 habeo
1189 1494 1276 1549 te;
1344 1493 1435 1537 aut
1482 1498 1670 1537 rursus
1729 1488 1889 1548 caput
1940 1491 2031 1545 pe-

432 1576 622 1639 dibus:
664 1574 787 1627 Non
841 1585 919 1629 est
950 1576 1079 1629 mihi
1109 1576 1251 1631 vobis
1285 1591 1417 1643 opus
1471 1573 1510 1627 ³.
1549 1572 1655 1626 Sed
1694 1570 1877 1624 omnia
1900 1566 2028 1638 qui-

440 1665 564 1720 dem
630 1664 794 1718 simul
855 1666 1133 1733 complent
1182 1680 1385 1733 corpus
1455 1661 1663 1717 Christi
1712 1660 1767 1713 in
1821 1659 2031 1712 unitate

444 1752 717 1823 Spiritus;
753 1754 1126 1808 necessariam
1188 1763 1370 1807 autem
1407 1752 1697 1807 utilitatem
1745 1748 1851 1805 sibi
1890 1741 2093 1802 invi-B

440 1862 558 1899 cem
624 1846 867 1909 reddunt
910 1862 974 1901 ex
1014 1846 1197 1900 donis.
1249 1845 1392 1900 Dens
1453 1845 1599 1900 enim
1642 1843 1825 1914 posuit
1860 1856 2033 1897 meme

438 1938 538 2001 lira
572 1938 623 1991 in
677 1953 907 2009 corpore
933 1977 947 2002 ,
1004 1936 1439 2006 unumquodque
1480 1937 1699 2001 illorum
1744 1944 1801 1988 nt
1838 1932 2029 1993 voluit.

442 2025 681 2094 Membra
716 2038 895 2080 autem
938 2025 1183 2093 eamdem
1228 2026 1429 2080 habent
1476 2040 1575 2096 pro
1611 2040 1669 2079 sc
1706 2032 1893 2078 mutuo
1924 2022 2036 2078 sol-

443 2117 786 2171 licitudinem
814 2158 829 2182 ,
870 2117 1029 2186 juxta
1076 2116 1423 2186 spiritualem
1477 2127 1683 2170 mutua:
1730 2113 2035 2170 aﬂ‘ectionis

445 2210 580 2281 ipsis
640 2209 819 2263 insita:
877 2208 1346 2263 communionem.
1414 2206 1601 2277 quue
1656 2206 1776 2262 Sive
1830 2207 2037 2274 patitur

446 2290 608 2355 unum
672 2299 1000 2363 membrum,
1055 2315 1163 2352 una
1210 2314 1329 2351 cum
1389 2314 1446 2351 eo
1512 2298 1793 2367 patiuntur
1854 2297 2033 2350 omnia

445 2392 736 2448 membra:
787 2392 891 2446 sive
946 2390 1284 2462 gloriﬁcatur
1343 2406 1509 2442 unum
1562 2388 1891 2451 membrum,
1958 2386 2036 2440 si-

448 2486 561 2558 mul
611 2483 843 2555 gaudent
897 2483 1078 2537 omnia
1119 2480 1354 2535 membra
1410 2476 1449 2535 ⁸.
1514 2477 1734 2534 Rursus
1770 2474 2033 2549 quemad-

452 2578 676 2643 modum
724 2584 911 2650 partcs
951 2581 1081 2630 sunt
1122 2575 1175 2628 in
1207 2580 1344 2639 toto,
1383 2573 1457 2627 ita
1500 2571 1700 2642 singuli
1734 2584 1928 2626 sumus
1976 2569 2036 2624 in

446 2669 685 2741 Spiritu,
738 2682 806 2727 eo
847 2666 996 2737 quod
1032 2680 1228 2720 omnes
1265 2665 1319 2719 in
1363 2679 1474 2732 uno
1514 2677 1747 2737 corpore
1779 2662 1833 2715 in
1865 2673 2035 2725 unum

450 2762 717 2847 Spiritum
747 2758 1009 2829 baptizati
1038 2772 1251 2823 sumus,

648 2850 822 2921 Porro
871 2849 1020 2921 quod
1061 2848 1262 2903 mirum
1325 2846 1478 2909 dictu
1533 2846 1825 2911 videbitur,
1865 2844 2038 2901 nihilo

451 2952 633 2998 tamen
687 2943 872 2997 minus
924 2956 1116 2997 verum
1172 2947 1301 3003 est;
1343 2939 1508 2993 etiam
1540 2939 1707 3001 veluti
1743 2939 1898 2993 locus
1935 2951 2032 2993 eo-

450 3054 571 3111 rum
601 3035 696 3109 qui
741 3034 1198 3102 sqanclilicantur,
1237 3046 1619 3105 smpenumero
1678 3031 1879 3086 dicitur
1914 3028 2036 3100 Spi-

450 3132 610 3185 ritus.
662 3128 729 3183 Et
784 3128 1057 3184 constabit
1086 3142 1156 3183 ne
1208 3126 1315 3182 hoc
1356 3126 1577 3198 quidem
1627 3123 1886 3195 loquendi
1940 3138 2037 3194 ge-

452 3240 581 3292 nere
642 3222 874 3289 diminui
941 3221 1247 3293 Spiritum,
1313 3220 1412 3277 sed
1473 3218 1767 3291 gloriﬁcari
1831 3215 2035 3287 potius.

452 3316 584 3383 Nam
633 3318 854 3373 nomina
892 3314 1197 3386 corporalia
1252 3313 1417 3370 etiam
1457 3312 1526 3368 ad
1587 3310 1898 3384 spirituales
1950 3308 2037 3364 in-

454 3409 804 3482 telligenlias,
832 3407 1123 3464 evidentiae
1154 3406 1351 3478 gratia,
1395 3404 1710 3477 frequenter
1751 3402 2039 3472 Scriptura

452 3500 739 3563 transfert.
775 3498 1206 3568 Qbservavimus
1247 3498 1413 3570 igitur
1467 3504 1523 3552 et
1560 3493 1915 3552 Psalmodum
1971 3490 2040 3548 de

457 3592 569 3650 Deo
612 3595 921 3664 loquentem
954 3631 970 3658 ,
1030 3590 1161 3661 Esto
1227 3590 1357 3659 mihi
1389 3590 1441 3644 in
1472 3587 1641 3645 Deum
1667 3594 2037 3658 protectorem,

456 3698 506 3744 et
560 3689 614 3742 in
662 3688 834 3742 locum
900 3686 1202 3747 munitum,
1258 3692 1316 3737 ut
1371 3682 1577 3737 salvum
1625 3697 1705 3737 me
1770 3679 1941 3749 facias
1992 3682 2036 3747 ⁸.

458 3780 535 3852 De
567 3779 775 3849 Spiritu
814 3793 980 3847 vero,
1040 3776 1176 3834 Ecce
1214 3776 1402 3845 locus,
1459 3774 1674 3843 inquit,
1731 3770 1872 3852 apud
1917 3784 2037 3837 me,

451 3883 507 3947 ,ει
542 3883 627 3928 sta
676 3887 835 3941 super
892 3880 1098 3940 petram
1151 3876 1172 3907 ⁸
1231 3883 1247 3921 :
1296 3865 1428 3937 quid
1468 3865 1614 3929 aliud
1644 3864 1924 3936 appellans
1955 3862 2039 3925 lo-

458 3979 621 4029 cum,
680 3963 787 4019 nisi
835 3963 1101 4017 visionem
1139 3960 1193 4013 in
1234 3958 1485 4027 Spiritu,
1543 3957 1597 4011 in
1638 3970 1744 4027 qua
1792 3970 1918 4011 eum
1951 3968 2041 4011 es-

459 4065 545 4129 set
575 4056 803 4126 Moyses,
831 4051 1012 4123 potuit
1046 4049 1231 4104 videre
1272 4047 1441 4103 Deum
1484 4046 1765 4102 evidenter
1802 4046 1906 4117 ipsi
1937 4058 2037 4115 ap-

454 4145 778 4225 parentem?
816 4142 916 4198 llic
970 4148 1056 4198 est
1116 4140 1272 4197 locus
1323 4154 1464 4195 verae
1520 4139 1861 4199 adorationis
1911 4150 2041 4207 pros.-

457 4241 630 4310 prius.
681 4235 905 4295 Attende
948 4233 1112 4297 enim,
1173 4230 1391 4302 inquit,
1458 4246 1521 4286 ne
1562 4231 1757 4300 offeras
1784 4228 2039 4284 holocau-

456 4339 661 4405 tpmata
715 4337 807 4393 tua
862 4327 921 4399 in
954 4316 1135 4397 quovis
1169 4324 1307 4392 loco,
1366 4323 1458 4378 sed
1510 4324 1563 4378 in
1610 4324 1723 4379 loco
1761 4337 2042 4394 quemcun-

2055 3103 2139 3193 ϐό
2166 3103 2368 3209 τρέπος

2107 462 2170 516 τὸ
2207 462 2433 534 Πνεῦμα
2461 466 2523 518 τὸ
2553 465 2739 535 ἅγιον⁸
2774 466 2868 529 νῦν
2904 469 3005 537 μὲν
3044 470 3174 525 ὅταν
3221 477 3591 546 συμμαρτυρῇ
3620 477 3708 549 τῷ

2108 558 2412 627 Πνεύματι.
2449 560 2543 613 καὶ
2578 561 2708 623 ὅταν
2738 562 2915 633 κρᾲζῃ
2954 564 3013 615 ὲν
3051 567 3171 628 ταῖς
3218 566 3473 636 καρδίαις
3505 570 3701 639 ἡμῶνρ

2122 646 2286 703 Ἀϐϐᾶ
2318 652 2351 703 ὁ
2374 648 2605 718 Πατήίγ
2634 650 2731 702 νῦν
2756 651 2813 704 δὲ
2850 654 2979 709 ὅταν
3006 654 3141 725 λαλῇ
3174 657 3315 726 ὑπὲρ
3343 658 3528 728 ἡμῶν,
3554 662 3696 715 κατὰ

2108 738 2169 791 τὸ
2212 739 2524 809 εἰρημένον,
2574 742 2657 794 ὅτι
2694 745 2819 810 Οὐχ
2858 744 3027 811 ὑμεῖς
3058 746 3201 800 ἐστε
3251 751 3307 801 oi
3338 751 3701 817 λαλοῦντες,

2108 829 2272 884 ἀλλὰ
2304 832 2367 884 τὸ
2401 832 2644 902 Πνεῦμα
2674 835 2779 887 τοῦ
2810 837 3041 904 Πατρός
3065 839 3129 892 τὸ
3159 840 3396 895 ,λαλοῦν
3426 842 3499 895 ἐν
3536 844 3699 912 ὑμῖν.

2114 924 2254 995 Ἤδη
2289 924 2347 978 δὲ
2387 926 2480 977 καὶ
2522 926 2599 988 ὼς
2629 926 2749 979 ὅλον
2789 928 2847 979 ὲν
2890 929 3103 999 μέρεσι,
3139 935 3340 985 νοεῖται
3372 935 3435 986 τὸ
3476 936 3703 1005 Πνεῦμα

2110 1019 2254 1073 κατὰ
2306 1018 2405 1089 τὴν
2444 1019 2554 1072 τῶν
2598 1022 2955 1091 χαρισμάτων
2998 1022 3279 1094 διανομήν.
3336 1028 3547 1090 Πάντες
3591 1031 3702 1098 γὰρ

2109 1111 2357 1181 ἀλλήλων
2387 1111 2555 1182 ἐσμὲν
2583 1112 2741 1183 μέλη,
2778 1113 2991 1182 ἔχοντες
3012 1115 3070 1167 δὲ
3093 1116 3408 1187 χαρίσματα
3436 1120 3580 1173 κατᾶ
3601 1122 3700 1191 τὴν

2110 1204 2269 1274 χάριν
2295 1204 2387 1258 τοῦ
2415 1204 2549 1259 Θεοῦ
2576 1205 2675 1277 τὴν
2703 1206 2950 1259 δοθεῖσαν
2972 1210 3105 1278 ἡμῖν
3126 1209 3379 1282 διάφορα.
3413 1214 3514 1265 Διά
3540 1216 3700 1267 τοῦτο

2110 1298 2194 1349 Οὑ
2226 1296 2475 1350 δύναται
2510 1301 2543 1351 ὁ
2576 1299 2885 1367 ὀφθαλμὸς
2910 1300 3102 1353 εἰπεῖν
3145 1301 3219 1370 τῇ
3263 1305 3436 1371 χειρί,
3482 1310 3700 1374 Χρείαν

2106 1406 2225 1446 σου
2271 1392 2383 1446 οὐκ
2434 1391 2589 1460 ἔχω·
2639 1394 2677 1460 ἢ
2718 1391 2908 1446 πάλιν
2962 1394 3001 1461 ἠ
3053 1397 3288 1464 κεφαλὴ
3346 1399 3471 1463 τοῖς
3525 1403 3696 1465 ποσί,

2108 1485 2325 1552 Χρείαν
2348 1484 2515 1555 ὑμῶν
2551 1487 2663 1540 οὐκ
2692 1486 2830 1555 ἔχω.
2876 1487 3035 1540 Ἀλλὰ
3061 1488 3238 1542 πάντα
3263 1490 3361 1559 μὲν
3394 1491 3531 1560 ὁμοῦ
3562 1510 3701 1561 σύμ-ε

2110 1576 2310 1646 πληροῖ
2330 1576 2390 1628 τὸ
2420 1575 2578 1647 σῶμα
2602 1576 2697 1630 τοῦ
2726 1578 2964 1649 Χριστοῦ
2991 1580 3048 1631 ὲν
3079 1583 3145 1651 τῇ
3168 1581 3383 1651 ἑνότητι
3419 1583 3510 1634 τοῦ
3536 1584 3699 1636 lived-

2112 1684 2310 1739 ματος·
2344 1668 2596 1738 ἀλλήλοις
2627 1669 2685 1721 δὲ
2732 1671 3039 1740 ἀναγκαίαν
3070 1672 3168 1742 τὴν
3198 1674 3261 1724 ἐκ
3285 1674 3393 1725 τῶν
3421 1678 3699 1745 χαρισμά-

2108 1775 2217 1813 των
2246 1757 2581 1811 ἀντιδίδωσιν
2610 1758 2897 1829 ὠφέλειαν.
2940 1762 2999 1814 '0
3031 1763 3127 1831 μὲν
3149 1761 3257 1833 γὰρ
3284 1763 3416 1826 Θεὸς
3455 1764 3605 1817 ἔθετο
3631 1768 3699 1819 τὶ

2113 1854 2249 1926 μέλη
2290 1856 2348 1907 ὲν
2382 1853 2461 1923 τῷ
2501 1854 2736 1925 σώματι,
2774 1855 2832 1908 ἓν
2866 1856 3097 1908 ἕκαστον
3140 1857 3318 1909 αὐτῶν
3358 1858 3544 1922 καθὼς
3571 1860 3701 1927 ἠθέ-

2108 1948 2260 2018 λησε.
2294 1947 2375 1999 Τὰ
2411 1945 2594 2016 μέντοι
2625 1945 2761 2016 μέλη
2788 1948 2850 2000 τὸ
2883 1947 3013 2001 αὐτὸ
3050 1947 3391 2018 μεριμνῶσιν
3427 1949 3569 2019 ὑπὲρ
3605 1951 3702 2001 ἀλ-

2110 2038 2307 2108 λήλων,
2356 2037 2497 2091 κατὰ
2524 2038 2625 2107 τὴν
2680 2038 3057 2109 πνευματικὴν
3101 2040 3387 2091 κοινωνίαν
3428 2042 3527 2110 τῆς
3566 2058 3703 2109 συμ-

2112 2130 2339 2193 παθείας
2364 2130 2547 2193 αὐτοῖς
2579 2130 2951 2203 ὑπαρχούσης.
2985 2132 3186 2203 Διόπερ
3220 2132 3356 2185 Εἴτε
3382 2133 3605 2201 πάσχει
3633 2133 3703 2185 ἓν

2105 2222 2313 2291 μέλος,
2338 2222 2692 2293 συμπάσχει
2716 2223 2916 2278 πάντα
2938 2225 3008 2278 τὰ
3027 2225 3186 2294 μέλη
3206 2245 3218 2255 ·
3249 2228 3369 2280 εἶτε
3394 2227 3702 2291 δοξάζεται

2109 2318 2179 2369 ἐν
2202 2315 2408 2385 μέλος,
2440 2318 2757 2387 συγχαίρει
2784 2317 2981 2371 πάντα
3007 2319 3080 2372 τὰ
3104 2319 3280 2388 μέλη.
3314 2321 3423 2373 Καὶ
3448 2320 3524 2383 ὡς
3558 2322 3701 2390 μέρη

2111 2408 2167 2461 δὲ
2199 2409 2255 2460 ὲν
2288 2407 2413 2478 ὅλῳ,
2450 2409 2500 2461 οί
2548 2408 2669 2462 καθ’
2715 2409 2811 2463 ἕνα
2850 2410 3017 2481 ἐσμὲν
3052 2412 3110 2463 ἐν
3150 2412 3227 2481 τῷ
3273 2412 3580 2484 Πνεύματι·
3616 2416 3703 2466 ὅτι

2111 2502 2162 2553 oi
2209 2500 2410 2565 πάντες
2454 2503 2513 2557 ὲν
2566 2503 2647 2557 ὲνὶ
2685 2502 2919 2574 σώματι,
2969 2507 3048 2569 είς
3094 2504 3152 2558 ἓν
3195 2505 3419 2577 Πνεῦμα
3476 2508 3703 2560 ὲϐαπτίο

2113 2593 2334 2666 σθημεν.

2314 2861 2381 2917 Ὃ
2408 2860 2468 2929 δὲ
2494 2860 2799 2932 παράδοξον
2833 2861 2931 2933 μὲν
2960 2862 3155 2925 εἰπεῖν,
3185 2862 3385 2933 ἀληθὲς
3407 2863 3464 2917 δὲ
3487 2864 3700 2930 οὐδενὸς

2109 2952 2332 3007 ἔλαττον
2375 2994 2390 3016 ,
2521 2953 2604 3007 ὅτι
2628 2954 2723 3007 καὶ
2740 2953 2818 3017 ὡς
2842 2951 2997 3025 χώρα
3023 2954 3131 3007 τῶν
3161 2953 3542 3025 ἁγιαζομένων
3572 2959 3700 3012 7:01.-

2108 3045 2268 3111 λάκις
2294 3046 2356 3101 τὸ
2381 3045 2612 3118 Πνεῦμα
2648 3048 2886 3116 λέγεται.
2918 3049 3031 3101 Καὶ
3060 3050 3363 3119 φανήσεται
3395 3050 3517 3103 οὐδὲ
3546 3046 3701 3115 οὗτος

2545 3138 3005 3209 κατασμικρύνων
3035 3138 3096 3191 τὸ
3122 3138 3367 3205 Πνεῦμα,
3394 3139 3532 3192 ἀλλὰ
3566 3142 3701 3211 μᾶλ-

2110 3231 2201 3287 λον
2248 3230 2507 3297 δοξάζων.
2544 3231 2627 3285 Τὰ
2665 3232 2774 3302 γάρ
2821 3249 2903 3284 τοι
2944 3232 3235 3301 σωματικὰ
3279 3232 3388 3285 τῶν
3420 3234 3700 3303 ὀνομάτων

2111 3325 2205 3379 καὶ
2244 3324 2337 3377 ἐπὶ
2368 3325 2467 3387 τὰς
2496 3325 2877 3396 πνευματικὶς
2922 3325 3132 3389 ἑννοίας
3177 3326 3469 3396 ἐναργείας
3518 3326 3699 3379 ἕνεκεν

2112 3418 2372 3482 πολλάκις
2404 3418 2434 3470 6
2462 3417 2619 3485 λόγος
2644 3418 3017 3489 μετακομίζει.
3051 3418 3453 3489 Τετηρήκαμεν
3486 3415 3583 3472 οὖν
3608 3419 3690 3471 καὶ

2111 3512 2205 3565 ἐπὶ
2235 3512 2329 3566 τοῦ
2362 3512 2497 3565 Θεοῦ
2527 3512 2620 3565 τὸν
2648 3511 2954 3582 Ψαλμῳδὸν
2986 3510 3211 3579 λέγοντα
3229 3528 3242 3542 ο
3268 3511 3468 3566 Γενοῦ
3492 3530 3596 3581 μοι
3617 3514 3694 3577 είς

2114 3605 2265 3661 Θεὸν
2300 3604 2789 3674 ὑπερασπιστὴν,
2829 3602 2930 3658 καὶ
2972 3605 3061 3669 εὶς
3098 3604 3284 3657 τόπον
3331 3604 3558 3673 ὀχυρὸν
3596 3603 3699 3657 τοῦ

2112 3698 2311 3753 σῶσαί
2335 3714 2431 3767 με.
2484 3697 2621 3769 Περὶ⁵
2656 3696 2714 3750 δὲ
2756 3694 2852 3749 τοῦ
2903 3695 3241 3766 Πνεύματος,
3296 3694 3454 3749 Ἰδοὺ
3492 3698 3692 3760 τόπος,

2113 3791 2270 3863 φησὶ,
2322 3792 2459 3859 παρ’
2496 3790 2647 3860 ἐμοὶ,
2695 3788 2795 3843 καὶ
2843 3787 3021 3857 στῆθι
3050 3787 3149 3841 ἐπὶ
3193 3786 3305 3854 τῆς
3336 3786 3592 3855 πέτρας*
3646 3785 3699 3839 τί

2113 3882 2242 3938 ἄλλο
2272 3882 2447 3950 λέγων
2486 3880 2579 3935 τὸν
2610 3880 2775 3934 τόπον
2818 3880 2851 3953 ἢ
2880 3880 2981 3950 τὴν
3022 3880 3079 3933 ὲν
3110 3876 3392 3949 Πνεύματι
3440 3877 3696 3949 θεωρίαν,

2113 3974 2172 4028 ὲν
2210 3967 2244 4047 ᾗ
2274 3975 2587 4045 γενόμενος,
2617 3973 2839 4027 ἐδύνατο
2870 3972 2999 4026 ἰδεῖν
3037 3971 3293 4040 γνωστῶς
3329 3969 3701 4041 ὲμφανιζόμε-

2114 4084 2205 4120 νον
2232 4065 2383 4137 αὐτῷ
2410 4065 2505 4121 τόν
2538 4065 2670 4119 Θεὸν
2706 4066 2735 4118 ὁ
2778 4064 3018 4134 Μωῦσῆς
3044 4079 3061 4129 ;
3099 4057 3266 4127 Οὗτός
3311 4065 3458 4116 ἐστιν
3480 4065 3510 4116 6
3537 4064 3700 4125 τόπος

2116 4161 2147 4213 6
2177 4160 2275 4231 τῆς
2318 4159 2578 4231 ἀληθινῆς
2612 4158 2868 4231 λατρείας
2904 4156 3057 4222 ἴδιος.
3256 4158 3532 4226 Πρόσεχε
3567 4159 3696 4228 γὰρ,

2118 4254 2274 4325 φησὶ.
2314 4250 2401 4322 μὴ
2451 4249 2782 4319 ἁνενέγκῃς
2826 4249 2898 4303 τὰ
2941 4245 3409 4317 ὁλοκαυτώματά
3458 4263 3577 4303 σου
3634 4249 3702 4301 ἐν

2116 4344 2296 4400 παντί
2326 4345 2506 4408 τόπῳ,
2549 4343 2686 4397 ἀλλ’
2716 4341 2786 4395 ἐν
2830 4339 2911 4406 τῷ
2947 4341 3126 4407 τόπῳ,
3160 4332 3209 4406 ᾧ
3257 4338 3335 4393 ἂν
3383 4339 3701 4408 ἐκλέξηται

450 4439 552 4508 que
587 4420 798 4496 elegerit
857 4418 1109 4481 Dominus
1144 4506 1151 4508 ᾇ
1180 4415 1339 4508 Deus
1375 4424 1494 4508 tuus
1532 4417 1588 4508 ἡν..
1625 4413 1803 4508 ‘Quod
1873 4413 2033 4508 igitur

2118 4439 2332 4506 Κύριος
2367 4439 2400 4491 ὁ
2449 4436 2593 4501 Sed;
2626 4449 2764 4488 σου.
2815 4434 2973 4486 Ποῖον
3020 4428 3114 4486 οὖν
3160 4434 3309 4487 ἐστιν
3341 4431 3699 4501 ὁλοκαύτωμα

447 4503 537 4585 est
586 4514 970 4573 holocautoma
1023 4506 1346 4578 spirituale?
1392 4503 1736 4561 Sacriﬁcium
1770 4504 2036 4564 laudis“.

447 4600 573 4685 Quo
626 4604 681 4658 in
740 4606 861 4663 loco
894 4604 999 4661 hoc
1043 4603 1337 4667 oti‘eremus
1364 4644 1380 4673 ,
1421 4606 1530 4670 nisi
1567 4606 1621 4661 in
1655 4606 1859 4677 Spiritu
1895 4621 2024 4661 san-

450 4695 585 4762 clo?
629 4691 732 4750 Ubi
782 4695 884 4749 hoc
931 4694 1276 4757 didicimus?
1328 4695 1410 4751 Ab
1454 4696 1572 4765 ipso
1613 4695 1845 4751 Domino
1941 4696 2025 4751 di-

453 4792 612 4839 cente
636 4824 651 4847 ,
701 4783 821 4839 Veri
848 4784 1158 4839 adoratores
1215 4786 1513 4839 adorabunt
1580 4784 1793 4847 Patrem
1822 4787 1879 4839 in
1910 4784 2032 4855 Spi-

456 4874 561 4935 ritu
617 4884 667 4928 et
720 4876 934 4931 veritate
984 4886 1025 4930 '.
1085 4873 1241 4929 Hunc
1289 4876 1470 4930 locum
1502 4890 1628 4931 eum
1683 4874 1909 4932 vidisset
1937 4876 2032 4930 Ja-

456 4962 560 5027 cob
593 4964 732 5031 dixit
768 4980 781 5015 :
819 4964 1078 5035 Dominus
1107 4976 1184 5021 est
1217 4968 1271 5020 in
1308 4966 1421 5020 loco
1459 4966 1555 5020 hoc
1583 4968 1640 5025 ¹⁰.
1676 4965 1862 5037 Itaque
1910 4966 2034 5037 Spi-

462 5056 599 5107 ritus
632 5069 756 5110 vere
795 5054 951 5111 locus
997 5066 1082 5112 est
1112 5064 1452 5113 sanctorum.
1506 5055 1751 5121 Sanctus
1802 5057 1985 5111 itidem
2013 5096 2027 5121 ,

463 5146 615 5199 locus
649 5144 998 5223 es,t.Spiritui
1032 5147 1293 5220 proprius
1327 5187 1341 5209 ,
1401 5164 1465 5203 ac
1520 5150 1727 5218 praebet
1786 5148 2026 5217 seipsum

466 5240 524 5285 ut
576 5233 837 5289 inhabitet
894 5248 1018 5306 cum
1063 5235 1171 5290 Deo
1200 5274 1215 5298 ,
1275 5250 1338 5289 ac
1371 5237 1632 5306 templum
1693 5236 1842 5291 illius
1875 5250 2037 5291 voca-

467 5336 572 5379 tur.
639 5327 791 5398 Sicut
822 5326 967 5397 enim
1016 5325 1071 5397 in
1110 5326 1330 5397 Christo
1382 5326 1622 5397 loquitur
1672 5325 2038 5393 Paulus,Co-

469 5433 582 5483 ram
622 5415 756 5478 Deo.
795 5416 1003 5486 inquit,
1039 5417 1092 5470 in
1129 5414 1343 5471 Christo
1389 5408 1653 5487 loquimur
1677 5418 1716 5452 ιι
1758 5434 1771 5470 :
1801 5424 1852 5469 et
1879 5414 2038 5468 Chri-

470 5514 588 5565 stus
620 5506 674 5560 in
723 5504 934 5571 Paulo,
997 5509 1145 5562 velut
1204 5508 1321 5578 ipse
1350 5508 1467 5573 ait,
1513 5509 1597 5563 An
1626 5507 2039 5575 experimentum

535 5611 551 5641 ⁸
585 5610 890 5679 Romam,
918 5607 1006 5679 16,
1048 5594 1135 5664 15.
1240 5612 1263 5641 ²
1309 5613 1503 5671 Matth.
1544 5633 1599 5679 κ.
1633 5619 1722 5674 20.

1828 5618 1848 5650 ³
1898 5617 2056 5674 lCor
2107 5633 2205 5682 sn,
2273 5619 2362 5676 2i.
2440 5620 2461 5651 ⁸
2508 5619 2635 5673 ibid.
2680 5619 2771 5675 26.
2847 5621 2869 5655 ³
2923 5617 3065 5673 Psal.
3107 5637 3237 5679 xxx.
3301 5618 3357 5672 5.

2115 4526 2515 4599 πνευματικόν;
2564 4526 2627 4578 Ἦ
2663 4523 2823 4578 Θυσία
2866 4523 2965 4593 τῆς
2997 4523 3279 4586 αἰνέσεως.
3325 4522 3599 4599 Ἰξνὶποίω
3643 4524 3698 4578 δὲ

2122 4595 2273 4677 τύπω
2316 4608 2517 4678 ταύτην
2559 4606 2962 4676 προσφέρομεν,
2998 4601 3030 4669 ἢ
3219 4601 3279 4651 ὲν
3319 4596 3397 4666 τῷ
3426 4595 3700 4664 Πνεύματι

2129 4698 2208 4768 τῷ
2235 4699 2403 4769 ἁγίῳ;
2448 4698 2556 4751 Ποῦ
2588 4697 2741 4749 τοῦτο
2786 4693 3215 4765 μεμαθήκαμεν;
3243 4688 3379 4757 Παρ⁹
3403 4684 3569 4738 αὑτοῦ
3609 4681 3701 4735 τοῦ

2132 4793 2335 4863 Κυρίου
2367 4791 2614 4858 λέγοντος
2635 4829 2649 4852 ,
2677 4790 2759 4840 ὅτι
2793 4789 2856 4839 Οἱ
2884 4782 3157 4852 ἀληθινοὶ
3199 4775 3610 4848 προσκυνηταὶ
3638 4774 3705 4826 ἐν

2132 4884 2428 4950 Πνεύματι
2458 4880 2557 4933 καὶ
2596 4877 2847 4943 ἀληθείᾳ
2873 4870 3376 4943 προσχωρήσουσι
3402 4867 3482 4932 τῷ
3504 4865 3703 4933 Πατρί.

2133 4972 2331 5026 Τοῦτον
2370 4972 2460 5024 τὸν
2494 4971 2658 5023 τόπον
2707 4967 2829 5022 ἰδὼν
2866 4970 2894 5020 6
2947 4963 3158 5027 Ἰακὼϐ,
3199 4962 3324 5031 ἔφη,
3371 4959 3454 5012 ὅτι
3498 4958 3707 5024 Κύριος

2132 5064 2202 5117 ἐν
2225 5061 2304 5128 τῷ
2332 5064 2491 5126 τόπῳ
2514 5061 2717 5125 τούτῳ.
2758 5059 2917 5111 Ὥστε
2948 5056 3008 5108 τὸ
3046 5053 3268 5121 Πνεῦμα
3299 5049 3463 5110 τόπος
3497 5043 3706 5114 ἀληθῶς

2133 5154 2241 5215 τῶν
2270 5153 2460 5220 ἁγίων.
2497 5152 2607 5211 Καὶ
2639 5152 2667 5205 ὁ
2695 5151 2848 5217 ἆγιος
2886 5146 3046 5208 τόπος
3073 5143 3271 5203 οἰκεῖος
3442 5136 3521 5205 τῷ
3550 5131 3710 5188 Πνεύο

2139 5263 2267 5317 ματι
2309 5244 2638 5314 ἐμπαρέχων
2687 5238 2877 5296 ἑαυτὸν
2932 5236 3070 5308 πρὸς
3111 5233 3385 5303 ἐνοίκησιν
3419 5228 3519 5297 τὴν
3578 5222 3708 5295 μετὰ

2135 5336 2291 5400 Θεοῦ,
2324 5336 2417 5388 καὶ
2444 5334 2569 5396 ναὸς
2609 5330 2773 5386 αὐτοῦ
2810 5327 3187 5400 χρηματίζων.
3229 5323 3320 5385 Ὣς
3349 5319 3459 5389 γὰρ
3493 5320 3551 5369 ὲν
3583 5317 3710 5384 Χρι-

2139 5428 2247 5498 στῴ
2293 5426 2444 5478 λαλεῖ
2489 5423 2728 5485 Παῦλος·
2769 5418 3149 5476 Κατενώπιον
3183 5414 3315 5482 γὰρ.
3363 5411 3518 5481 φησὶ,
3568 5403 3708 5498 Θερὗ

2136 5496 2461 5583 ἐνὟΧρισ-τῷ
2500 5513 2837 5582 λαλοῦμενο
2872 5511 2967 5564 καὶ
3012 5506 3245 5579 Χριστὸς
3278 5506 3334 5556 ἐν
3373 5500 3595 5569 Παύλῳ,
3639 5496 3711 5559 ὡς

3460 5619 3485 5651 ⁸
3547 5616 3707 5678 Exod.

455 5693 659 5762 μειερ,
701 5678 794 5747 ᾎίο
869 5677 1084 5743 ’.Deut.
1126 5694 1223 5747 ιιι,
1270 5681 1357 5739 15.
1434 5686 1457 5718 ⁸
1493 5677 1633 5742 Psal.
1668 5703 1813 5755 ms,
1856 5689 1941 5743 14.
2016 5677 2220 5744 'Joan.
2279 5706 2352 5755 tv,
2382 5689 2473 5744 ‘23.
2551 5689 2593 5720 ¹⁹
2633 5689 2769 5746 Gen.
2817 5705 3005 5754 xxvnt,
3043 5690 3128 5744 l6.
3206 5677 3246 5735 ‘l
3276 5686 3316 5744 ll
3357 5688 3486 5744 Cor.
3518 5704 3578 5753 ιι.
3628 5688 3713 5761 17,
