4036 6210
348 338 460 406 789
625 407 632 412 _
1009 433 1012 436 ,

353 483 518 548 αὐτὸς
549 483 735 552 λέγει’
774 488 850 542 Ἢ
884 489 1139 561 δοκιμὴν

349 664 423 718 ea
457 667 753 738 μυστήρια,
786 671 880 722 καὶ
909 670 968 725 τὸ
996 671 1221 745 Πνεῦμα
1249 675 1410 730 πάλιν
1439 677 1588 731 λαλεῖ
1612 681 1669 732 ἐν
1691 680 1856 750 αὐτῷ.

539 759 626 811 Ἐν
650 759 748 828 μὲν
767 754 859 814 οὖν
881 763 992 826 τοῖς
1014 768 1292 836 γεννητοῖς
1449 767 1590 821 οὕτω
1611 769 1930 840 πολυμερῶς

347 845 446 899 καὶ⁸
480 847 832 919 πολυτρόπως
852 851 1048 906 ἐνεῖναι
1071 853 1284 921 λέγεται
1304 857 1364 909 τὸ
1380 857 1604 930 Πνεῦμα
1627 877 1640 891 ·
1674 860 1845 931 Πατρὶ
1872 859 1929 912 δὲ

345 938 443 990 καὶ
473 938 588 1008 Υίῷ
625 940 746 1010 οὐχὶ
782 943 980 996 ἐνεῖναι
1030 947 1250 1014 μᾶλλον,
1284 947 1421 1001 ἀλλά
1470 952 1706 1003 συνεῖναι
1753 952 1928 1004 εἰπεῖν

342 1029 753 1102 εὐσεϐέστερον.
790 1033 854 1085 Ἦ
886 1034 984 1103 μέν
1028 1034 1136 1108 γάρ
1179 1038 1309 1108 παρ’
1334 1038 1498 1092 αὐτοῦ
1529 1040 1688 1111 χάρις
1717 1041 1928 1095 οἰκοῦν-

341 1134 438 1180 τος
468 1121 525 1172 ἐν
559 1123 672 1182 τοῖς
705 1121 896 1188 ἀξίοις,
943 1125 1037 1177 καὶ
1087 1127 1432 1198 ἐνεργοῦντος
1463 1129 1532 1183 τὰ
1574 1131 1788 1196 ἑαυτοῦ,
1827 1149 1929 1184 κα-

343 1203 455 1270 λῶς
495 1207 824 1278 ἐνυπάρχειν
863 1211 978 1273 τοῖς
1019 1212 1286 1277 δεκτικοῖς
1321 1215 1485 1269 αὐτοῦ
1519 1217 1770 1286 λέγεταιο
1801 1221 1833 1291 ἠ
1870 1220 1927 1274 δέ

344 1297 669 1367 προαιώνιος
713 1299 979 1372 ὕπαρξις,
1037 1305 1130 1357 καὶ
1181 1306 1456 1371 ἄπαυστος
1505 1310 1756 1382 διαμονὴ,
1807 1313 1924 1384 μεθ’

343 1386 478 1440 Υἱοῦ
512 1389 606 1440 καὶ
635 1390 849 1462 Πατρὸς
889 1391 1232 1468 θεωρουμένη
1253 1436 1270 1458 ,
1312 1397 1412 1461 τὰς
1442 1399 1541 1469 τῆς
1590 1401 1761 1455 ἀῖδίου
1798 1421 1924 1456 συν-

341 1479 541 1548 αφείας
737 1486 1109 1556 προσηγορίας
1153 1485 1417 1559 ἐπιζητεῖ.
1455 1491 1528 1543 Τὸ
1569 1490 1678 1562 γάρ
1719 1492 1922 1564 κυρίως

341 1569 441 1621 καὶ
469 1569 682 1640 ἀληθῶς
724 1573 1139 1642 συνυπάρχειν
1185 1579 1276 1629 ἐπὶ
1317 1579 1426 1632 τῶν
1471 1581 1792 1652 ἀχωρίστως
1831 1586 1921 1639 ἀλα

340 1659 527 1731 λήλοις
557 1663 824 1717 συνόντων
858 1663 1094 1733 λέγεται.
1117 1667 1226 1738 Τὴν
1249 1669 1357 1742 γάρ
1392 1671 1703 1743 θερμότητα
1723 1675 1801 1746 τῷ
1826 1677 1922 1746 μὲν

340 1753 757 1822 πυρακτωθέντι
808 1755 1009 1827 σιδήρῳ
1057 1759 1382 1829 ἐνυπάρχειν
1427 1763 1607 1832 φαμέν
1636 1782 1650 1796 ο
1683 1765 1830 1836 αὐτῷ
1867 1767 1921 1820 δέ

337 1842 420 1912 τῷ
451 1842 586 1912 πυρὶ
628 1842 1011 1915 συνυπάρχειν.
1046 1847 1151 1898 Καὶ
1181 1849 1278 1916 τὴν
1317 1850 1412 1917 μὲν
1467 1851 1678 1918 ὑγίειαν
1709 1855 1784 1924 τῷ
1819 1855 1920 1908 σώ-

342 1947 478 2002 ματι
509 1933 851 2004 ἐνυπάρχειν,
883 1935 980 2006 τὴν
1003 1936 1059 1988 δὲ
1089 1937 1232 2008 ζωὴν
1265 1941 1330 2009 τῇ
1362 1940 1504 2011 ψυχῇ
1532 1945 1917 2016 συνυπάρχειν.

341 2025 508 2076 Ὥστε
539 2025 672 2077 ὅπου
711 2026 807 2096 μέν
835 2028 1008 2080 οἰκεία
1042 2030 1135 2082 καὶ
1159 2030 1409 2101 συμφυὴς
1443 2034 1536 2084 καὶ
1561 2034 1858 2106 ἀχώριστος
1887 2041 1919 2108 ἡ

342 2113 615 2177 κοινωνία,
642 2117 1094 2186 σημαντικωτέρα
1121 2119 1269 2188 φωνὴ
1296 2122 1328 2189 ἡ
1350 2120 1473 2174 σὺν
1511 2157 1527 2184 ,
1661 2126 1758 2196 τῆς
1779 2126 1920 2196 ἀχω-

343 2205 530 2275 ρίστου
560 2207 844 2269 κοινωνίας
871 2207 970 2278 τὴν
997 2207 1232 2263 διάνοιαν
1265 2211 1672 2268 ὐποὸάλλουσα·
1700 2217 1833 2269 ὅπου
1862 2218 1918 2270 δὲ

343 2298 736 2369 προσγίνεσθαι
778 2301 810 2370 ἡ
857 2301 950 2352 ἀπ’
980 2301 1144 2354 αὐτοῦ
1194 2303 1352 2374 χάρις
1399 2307 1494 2358 καὶ
1529 2307 1688 2360 πάλιν
1726 2310 1921 2377 ἀπογί-

341 2390 532 2442 νεσθαι
566 2390 829 2458 πέφυκεν,
859 2391 1072 2454 οἰκείως
1109 2393 1204 2445 καὶ
1237 2394 1456 2466 ἀληθῶς
1492 2398 1554 2450 τὸ
1591 2399 1919 2470 ἐνυπάρχειν

341 2480 580 2548 λέγεται.
613 2482 716 2534 κᾶν
745 2484 859 2545 τοῖς
882 2482 1192 2552 δεξαμένοις
1217 2487 1476 2552 πολλάκις
1504 2488 1593 2542 διά
1623 2490 1684 2542 τὸ
1707 2491 1918 2561 ἑδραῖον

340 2569 444 2639 τῆς
493 2564 624 2640 ’περὶ
675 2571 737 2622 τὸ
786 2571 948 2624 καλὸν
999 2573 1291 2638 διαθέσεως
1343 2578 1376 2646 ή
1422 2578 1515 2630 ἀπ’
1549 2579 1714 2632 αὑτοῦ
1759 2582 1917 2653 χάρις

337 2659 569 2730 διαρκὴς
604 2661 914 2735 παραμένῃ.
950 2664 1109 2717 Ὥστε
1134 2666 1262 2719 ὅταν
1293 2666 1392 2737 μὲν
1412 2669 1509 2738 τὴν
1533 2671 1736 2725 οἰκείαν
1761 2671 1916 2736 ἀξίαν

338 2751 435 2803 τοῦ
496 2750 806 2821 Πνεύματος
855 2753 1123 2825 ἐννοῶμεν
1143 2795 1157 2820 ,
1210 2757 1346 2827 μετὰ
1399 2759 1609 2831 Πατρὸς
1657 2763 1748 2816 καὶ
1787 2764 1915 2817 Υίοῦ

339 2843 473 2894 αὐτὸ
503 2842 812 2913 θεωροῦμεν
830 2859 844 2873 ο
875 2845 1004 2898 ὅταν
1027 2845 1082 2898 δέ
1104 2848 1201 2916 τὴν
1231 2850 1311 2911 εἰς
1332 2851 1458 2915 τοὺς
1485 2853 1742 2922 μετόχους
1768 2856 1918 2926 ἐνερ-

337 2929 611 2998 γουμένην
642 2929 800 3000 χάριν
827 2930 1238 3002 ἐνθυμηθῶμεν,
1260 2937 1320 2989 ἐν
1342 2940 1473 3009 ἡμῖν
1493 2937 1632 2994 εἶναι
1655 2941 1716 2994 τὺ
1744 2944 1914 2997 Πνεῦ-

343 3037 418 3087 μα
447 3019 695 3089 λέγομεν.
730 3020 897 3091 Καὶῆ
938 3038 1000 3089 γε
1050 3028 1433 3099 προσαγομένη
1474 3029 1750 3100 δοξολογία
1782 3036 1914 3104 παρ’

339 3105 499 3175 ἡμῶν
528 3109 584 3159 ἐν
608 3105 687 3175 τῷ
719 3107 995 3178 Πνεύματι
1029 3111 1151 3181 οὐχὶ
1179 3113 1279 3184 τῆς
1306 3116 1514 3170 ἐκείνου
1548 3119 1701 3184 ἀξίας
1723 3121 1914 3192 ὁμολο-

337 3195 464 3261 γίαν
499 3194 632 3264 ἔχει,
663 3195 798 3248 ἀλλά
823 3197 922 3267 τῆς
955 3199 1230 3270 ἡμετέρας
1271 3203 1450 3257 αὐτῶν
1496 3206 1777 3271 ἀσθενείας
1828 3207 1913 3273 ἐξ-

335 3285 681 3354 ομολόγησιν·
711 3286 1052 3352 δεικνύντων,
1079 3289 1160 3342 ὅτι
1190 3290 1312 3345 οὔτε
1343 3293 1561 3361 δοξάσαι
1584 3297 1676 3366 ἀφ’
1706 3299 1912 3353 ἑαυτῶν

338 3374 512 3426 ἱκανοί
543 3377 728 3445 ἐσμεν,
754 3375 870 3428 ἀλλ’
897 3378 931 3448 ἡ
973 3377 1224 3448 ἱκανότης
1247 3380 1404 3450 ἡμῶν
1445 3384 1504 3435 ἐν
1534 3381 1611 3453 τῷ
1637 3383 1912 3455 Πνεύματι

334 3465 416 3536 τῷ
451 3465 609 3535 ἁγίῳ,
651 3467 710 3519 ἐν
744 3459 789 3534 ᾧ
819 3467 1246 3539 δυναμωθέντες,
1285 3471 1383 3542 τὴν
1421 3473 1562 3544 ὑπὲρ
1585 3468 1660 3528 ὧν
1684 3477 1912 3548 εὐηργε-

334 3555 598 3628 τήθημεν,
632 3554 710 3626 τῷ
740 3557 860 3628 Θεῷ
890 3558 1048 3629 ἡμῶν
1077 3561 1426 3632 εὐχαριστίαν
1453 3565 1904 3638 ἀποπληροῦμεν·

332 3648 477 3700 κατά
501 3647 561 3700 τδ
590 3646 790 3718 μέτρον
821 3650 920 3719 τῆς
945 3650 1054 3702 ἀπὸ
1083 3652 1278 3716 κακίας
1307 3653 1693 3725 καθαρότητος,
1725 3657 1909 3728 ἕτερος

333 3739 522 3809 ἐτέρου
699 3737 858 3791 πλέον
887 3739 920 3810 ἢ
967 3739 1190 3794 ἔλαττον
1228 3742 1330 3811 τῆς
1368 3745 1432 3796 ἐκ
1465 3744 1559 3797 τοῦ
1594 3746 1908 3816 Πνεύματος

334 3827 585 3898 βοηθείας
633 3827 1159 3898 μεταλαμϐάνοντες,
1211 3833 1291 3894 είς
1331 3831 1391 3883 τδ
1447 3834 1772 3904 προσφέρειν
1812 3837 1908 3900 τὰς

332 3919 522 3982 θυσίας
549 3918 651 3986 τῆς
686 3919 943 3984 αἰνέσεως
976 3918 1056 3992 τῷ
1091 3920 1222 3989 Θεῷ.
1260 3921 1396 3975 Καθ’
1422 3923 1520 3976 ἕνα
1547 3925 1646 3992 μὲν
1667 3921 1758 3980 οὖν
1780 3927 1906 3998 τρό-

304 4033 431 4084 ’πον
479 4029 650 4096 οὕτως
697 4034 938 4099 εὐσεϐῶς
987 4037 1044 4089 ἐν
1084 4037 1362 4108 Πνεύματι
1404 4038 1501 4109 τὴν
1565 4039 1915 4111 εὐχαριστίαν

1289 355 1658 418 PANOPLIA
1709 361 2160 426 DOGMATICA.
2193 392 2260 403 —
2285 363 2428 428 ΤΙΤ.
2472 366 2600 430 Xll.

1314 494 1532 563 (unite
1573 497 1676 551 τοῦ
1706 499 1776 550 ἐν
1802 500 1916 567 ἐμοὲ

2030 503 2267 569 quwritis
2317 507 2409 573 qui
2457 506 2688 576 loquitur
2740 512 2793 564 in
2841 529 2920 568 me
2958 514 3157 571 Christi
3202 519 3275 572 ’Ἰ
3345 521 3424 576 sic
3457 525 3595 580 etin

350 574 692 641 λαλοῦντος
730 579 1024 645 Χριστοῦ;
1067 581 1208 636 οὓτω
1239 585 1334 636 καὶ
1373 588 1431 638 ἐν
1469 587 1745 658 Πνεύματι
1784 590 1934 642 λαλεῖ

3493 375 3608 441 Ἱ9θ’
3620 393 3629 402 ’

2032 588 2238 658 Spiritu
2270 593 2513 664 loquitur
2545 602 2802 669 mysteria
2825 641 2840 667 ,
2875 620 2938 659 ac
2971 605 3208 676 Spiritus
3247 627 3468 668 rursum
3513 617 3589 672 lo-

2029 685 2216 753 quitur
2247 686 2300 739 in
2334 702 2419 744 eo.

2239 777 2298 833 In
2349 780 2514 836 rebus
2572 796 2704 853 ergo
2755 783 2993 842 conditis
3052 788 3117 842 ad
3174 790 3321 845 hunc
3376 793 3593 848 modum

2031 868 2386 924 multifariam
2435 872 2709 944 variisque
2762 879 3070 935 rationibus
3104 881 3306 936 dicitur
3355 883 3593 956 Spiritus

2025 960 2205 1016 inesse
2279 979 2295 1016 :
2423 978 2611 1018 verum
2659 968 2832 1037 magis
2873 969 3022 1038 pium
3073 979 3168 1026 est
3201 971 3416 1040 dicere,
3468 991 3588 1030 eum

2027 1064 2151 1104 esse
2194 1065 2317 1105 cum
2351 1049 2514 1109 Patre
2563 1063 2616 1110 et
2657 1054 2819 1122 Filio,
2856 1075 3019 1128 quam
3065 1062 3172 1117 illis
3219 1063 3422 1120 inesse.
3457 1063 3590 1120 Nam

2026 1142 2202 1210 gratia
2260 1144 2328 1198 ab
2360 1159 2426 1199 eo
2460 1161 2713 1213 manans,
2762 1148 3043 1206 habitante
3089 1152 3145 1206 in
3191 1153 3258 1208 iis
3308 1157 3402 1226 qui
3443 1157 3590 1226 digni

2027 1239 2176 1296 sunt,
2223 1248 2286 1288 ac
2323 1250 2454 1290 suas
2486 1238 2834 1306 operationes
2872 1240 2928 1295 in
2960 1241 3406 1310 illisexercente,
3443 1257 3594 1302 recte

2025 1323 2228 1378 dicitur
2265 1326 2445 1382 inesse
2482 1328 2549 1382 iis
2580 1331 2672 1399 qui
2703 1341 2832 1386 sunt
2873 1332 3022 1390 illius
3057 1350 3308 1405 capaces.
3343 1338 3411 1391 At
3446 1339 3592 1394 illius

2026 1413 2385 1470 subsistentia
2433 1431 2555 1487 quae
2585 1418 2688 1473 fuit
2732 1430 2857 1476 ante
2891 1423 3113 1488 saecula,
3150 1441 3214 1480 ac
3255 1428 3592 1497 perpetuitas

2025 1518 2303 1574 nunquam
2337 1506 2582 1562 desitura
2610 1523 2735 1563 cum
2763 1509 2903 1567 Filio
2940 1519 2994 1568 et
3023 1511 3186 1570 Patre
3218 1517 3588 1582 considerata,

2025 1594 2372 1663 sempiterna:
2423 1596 2838 1666 conjunctionis
2890 1603 3122 1671 requirit
3173 1607 3588 1675 appellationes.

2020 1680 2158 1737 Nam
2191 1701 2361 1740 coeue
2395 1691 2617 1759 pr0pric
2647 1705 2711 1744 ac
2736 1707 2864 1746 vere
2896 1692 3099 1748 dicitur
3122 1697 3188 1751 de
3220 1697 3309 1762 iis,
3341 1713 3463 1768 qua:
3487 1699 3587 1752 sibi

2023 1774 2256 1830 invicem
2282 1777 2726 1848 inseparabiliter
2758 1783 2977 1838 adsunt.
3011 1782 3144 1839 Nam
3175 1788 3414 1842 calorem
3448 1788 3591 1844 ferro

2023 1870 2243 1937 quidem
2280 1871 2451 1941 ignito
2488 1873 2670 1929 inesse
2705 1874 2984 1933 dicimus:
3020 1887 3086 1931 at
3118 1894 3227 1933 una
3259 1881 3421 1934 simul
3466 1897 3588 1935 cum

2024 1959 2144 2029 ipso
2176 1960 2299 2030 igne
2329 1977 2471 2018 esse.
2505 1964 2636 2019 Item
2667 1967 2887 2036 corpori
2919 1968 3212 2024 sanitatem
3244 1971 3426 2027 inesse
3455 1971 3591 2026 dici-

2025 2067 2168 2115 mus,
2202 2055 2367 2108 vitam
2412 2066 2595 2114 autem
2642 2060 2804 2116 simul
2831 2077 2956 2117 cum
3003 2065 3182 2119 anima
3223 2082 3364 2122 esse.
3413 2067 3590 2133 Quare

2025 2140 2118 2194 ubi
2177 2145 2396 2212 pmpria
2449 2154 2505 2200 et
2551 2151 2930 2207 connaturalis
2993 2163 3154 2223 atque
3205 2155 3587 2224 inseparabilis

2024 2233 2336 2288 communio
2377 2241 2482 2301 est,
2516 2235 2632 2291 haec
2659 2255 2766 2293 vox
2813 2256 2932 2293 cum
2966 2241 3364 2313 signiticantior
3395 2257 3498 2308 est,
3533 2256 3590 2300 ut

2025 2337 2146 2389 quae
2176 2325 2564 2394 inseparabilis
2594 2329 3005 2399 conjunctionis
3040 2334 3429 2404 cogitationem
3465 2354 3592 2408 sug-

2024 2425 2175 2485 gerat
2220 2415 2541 2473 intellectui.
2580 2418 2682 2474 Ubi
2720 2429 2903 2478 autem
2952 2425 3125 2493 gratia
3170 2425 3239 2480 ab
3285 2426 3405 2496 ipso
3438 2429 3594 2497 proli-

2025 2504 2262 2570 ciscens,
2295 2510 2557 2564 accedere
2603 2525 2668 2565 ac
2716 2527 2910 2569 rursus
2941 2514 3205 2570 decedere
3234 2525 3433 2586 potest,
3467 2534 3592 2588 pro-

2024 2596 2144 2668 prie
2171 2605 2228 2653 et
2260 2614 2387 2654 vere
2421 2600 2603 2657 inesse
2629 2602 2868 2668 dicitur;
2906 2606 3119 2660 etiamsi
3153 2608 3301 2663 illius
3334 2609 3508 2673 gratia
3539 2611 3591 2662 in

2026 2690 2095 2745 iis
2116 2691 2209 2761 qui
2243 2706 2591 2762 receperunt,
2621 2710 3000 2765 saepenumero
3025 2705 3247 2768 propter
3277 2699 3504 2755 affectus
3537 2701 3592 2754 in

2025 2780 2170 2837 bono
2196 2785 2660 2853 perseverantiam
2691 2794 2954 2856 perpetua
2979 2800 3316 2856 permaneat.
3357 2790 3594 2847 Proinde

2025 2873 2244 2942 quoties
2273 2877 2554 2945 propriam
2588 2875 2830 2946 Spiritus
2855 2878 3175 2948 dignitatem
3211 2882 3588 2952 intelligimus,

2026 2979 2152 3021 cum
2187 2966 2350 3023 Patre
2372 2976 2426 3023 et
2454 2968 2598 3023 Filio
2627 2971 2808 3040 ipsum
2839 2973 3276 3042 contemplamur
3302 2993 3315 3028 :
3345 2975 3436 3028 ubi
3462 2991 3593 3029 vero

2024 3057 2254 3128 gratiam
2283 3060 2338 3113 in
2381 3073 2497 3124 eos,
2533 3059 2626 3129 qui
2660 3059 2808 3114 illius
2836 3068 2966 3116 sunt
2991 3063 3310 3131 participes,
3353 3077 3591 3132 operan-

2023 3154 2134 3204 tem
2181 3160 2520 3220 reputamus,
2572 3151 2630 3205 in
2661 3151 2819 3207 nobis
2862 3167 2988 3208 esse
3037 3151 3299 3222 Spiritum
3333 3154 3587 3210 dicimus.

2024 3241 2090 3295 Et
2112 3256 2234 3311 qua:
2265 3256 2297 3296 a
2326 3241 2484 3297 nobis
2508 3241 2754 3297 defertur
2779 3242 3106 3313 gloriﬁcatio
3133 3245 3186 3298 in
3221 3244 3452 3314 Spiritu,
3482 3261 3588 3300 non

2024 3333 2189 3388 habet
2233 3332 2632 3403 professionem
2680 3334 2966 3404 dignitatis
3021 3335 3190 3398 illius.
3237 3336 3339 3390 scd
3387 3345 3592 3392 nostra:

2022 3426 2270 3496 ipsorum
2307 3425 2704 3481 imbecillitatis
2733 3426 3162 3492 confessionem,
3190 3428 3318 3483 dum
3349 3429 3590 3484 ostendi-

2023 3531 2148 3570 mus
2186 3530 2289 3570 nos
2323 3531 2388 3570 ex
2417 3516 2577 3571 nobis
2603 3517 2738 3586 ipsis
2769 3517 2834 3571 ad
2868 3519 3281 3586 glorificandum
3319 3518 3590 3574 suﬂicien-

2022 3613 2105 3660 tes
2147 3620 2259 3660 non
2303 3621 2448 3670 esse,
2508 3606 2603 3661 sed
2645 3606 3021 3662 sufﬁcientiam
3075 3618 3318 3663 nostram
3370 3627 3491 3665 esse
3535 3611 3589 3663 in

2021 3696 2229 3765 Spiritu
2266 3704 2478 3760 sancto,
2533 3696 2587 3750 in
2623 3712 2734 3767 quo
2776 3697 3149 3764 corroborati,
3186 3715 3280 3768 pro
3316 3700 3593 3754 beneficiis

2020 3787 2260 3858 acceptis
2288 3787 2396 3844 Deo
2430 3794 2625 3842 nostro
2649 3786 2850 3857 gratias
2883 3787 3251 3844 absolvimus:
3271 3789 3424 3857 juxta
3448 3791 3594 3860 quod

2021 3890 2050 3928 a
2092 3875 2298 3930 malitia
2343 3875 2556 3946 purgati
2605 3891 2832 3942 sumus;
2879 3875 3082 3945 quippe
3131 3877 3275 3934 alius
3326 3879 3434 3933 alio
3472 3879 3593 3948 plus

2021 3978 2114 4022 aut
2144 3968 2349 4031 minus,
2393 3967 2602 4020 auxilio
2635 3966 2876 4033 Spiritus
2912 3967 3083 4034 adjuti
3132 3967 3199 4022 ad
3252 3968 3590 4023 offerendum

2019 4042 2228 4096 hostias
2278 4044 2454 4098 laudis
2499 4044 2628 4098 Deo.
2677 4045 2988 4100 Secundum
3049 4059 3214 4097 unum
3259 4045 3420 4113 igitur
3475 4060 3592 4098 mo-

321 4122 770 4194 ἀποπληροῦμεν.
821 4127 1014 4180 Καίτοι
1057 4129 1150 4180 καὶ
1186 4129 1344 4182 τοῦτο
1373 4131 1472 4182 οὐκ
1501 4129 1725 4200 ἀϐαρὲς,
1755 4131 1916 4184 αὐτόν

2021 4133 2146 4186 dum
2182 4133 2263 4188 sic
2293 4134 2381 4203 pie
2409 4135 2711 4204 gratiarum
2745 4132 3016 4186 actionem
3052 4131 3104 4183 in
3141 4129 3348 4201 Spiritu
3383 4131 3594 4201 persol-

320 4231 446 4268 τινα
477 4214 654 4285 ἐαυτῷ
695 4220 1014 4289 μαρτυρεῖν,
1049 4220 1133 4272 ὅτι
1163 4220 1388 4290 Πνεῦμα
1411 4221 1545 4274 Θεοῦ
1573 4223 1630 4274 ἐν
1655 4223 1798 4293 ἐμοὶ,
1824 4225 1916 4276 καὶ

2021 4227 2214 4282 vimus.
2240 4227 2563 4295 Quanquam
2597 4233 2649 4280 ct
2681 4226 2785 4278 hoc
2819 4223 3023 4278 invidia
3053 4237 3161 4276 non
3189 4231 3362 4286 caret,
3401 4229 3460 4276 ut
3493 4223 3563 4276 ali
3593 4254 3596 4258 -

320 4304 416 4358 διὰ
447 4305 546 4376 τῆς
598 4307 692 4358 ἀπ’
716 4307 880 4361 αὐτοῦ
932 4308 1154 4381 χάριτος
1191 4311 1468 4380 σοφισθεὶς
1519 4313 1776 4384 ἀναφέρω
1819 4314 1916 4384 τὴν

2021 4319 2140 4386 quis
2169 4318 2236 4372 de
2273 4317 2459 4386 seipso
2500 4315 2845 4379 testificetur,
2881 4315 3138 4384 dicatque
3175 4335 3187 4370 :
3229 4313 3472 4385 Spiritus
3501 4313 3593 4368 Dei

321 4397 504 4463 δόξαν.
576 4397 774 4469 Παύλῳ
815 4398 924 4468 γὰρ
973 4400 1254 4469 πρέπουσα
1297 4403 1330 4471 ἡ
1389 4403 1574 4473 φωνή·
1613 4401 1774 4454 Δοκῶ
1806 4404 1915 4470 γὰρ

2014 4405 2068 4458 in
2104 4421 2189 4458 me
2221 4413 2324 4467 est,
2355 4413 2411 4460 et
2449 4421 2543 4474 per
2582 4406 2810 4474 gratiam
2842 4404 2992 4460 illius
3032 4400 3252 4474 sapiens
3282 4406 3462 4461 lactus
3505 4421 3593 4458 re-

323 4489 487 4558 xdpr‘o
511 4488 754 4558 Πνεῦμα
796 4490 944 4544 Θεοῦ
982 4492 1181 4557 ἔχειν·
1212 4493 1305 4545 καὶ
1332 4475 1492 4546 ¹ιὶάλιν
1512 4510 1524 4523 ’
1565 4493 1684 4560 Τὴν
1717 4491 1916 4558 καλὴν

2021 4497 2129 4551 fero
2164 4497 2415 4567 gloriam.
2449 4495 2585 4550 Nam
2618 4497 2730 4552 hsce
2768 4512 2868 4551 vox
2902 4495 3134 4551 Paulum
3165 4496 3320 4552 decet
3349 4515 3363 4552 :
3405 4497 3596 4550 Videor

322 4580 835 4648 παρακαταθήκην
883 4581 1163 4649 φύλαξον
1211 4581 1311 4636 διὰ
1357 4583 1700 4651 Πνεύματος
1743 4585 1912 4652 ἁγίου

323 4671 430 4725 τοῦ
459 4671 840 4737 ἐνοικοῦντος
865 4671 935 4725 ἐν
964 4672 1134 4741 ἡμῖν·
1167 4673 1261 4724 καὶ
1288 4673 1415 4746 περὶ
1447 4674 1540 4727 τοῦ
1565 4676 1763 4745 Δανιὴλ
1788 4692 1801 4705 ·
1831 4677 1912 4728 ὅτι

322 4760 546 4830 Πνεῦμα
578 4759 714 4813 Θεοῦ
751 4761 906 4829 ἆγιον
945 4763 1002 4816 ἐν
1027 4763 1174 4834 αὐτῷ
1199 4782 1212 4794 θ
1245 4765 1340 4818 καὶ
1375 4766 1427 4818 εἴ
1450 4783 1534 4830 τις
1561 4766 1790 4829 ἐκείνοις
1813 4767 1910 4836 τὴν

319 4853 529 4922 ἀρετὴν
565 4852 971 4924 παραπλήσιος.

509 5027 772 5098 Δεύτερος
803 5027 859 5082 δέ
887 5029 1032 5094 νοῦς,
1076 5029 1196 5084 ούδέ
1235 5033 1396 5095 αὐτὸς
1431 5031 1735 5102 ἀπάαλητος
1760 5050 1773 5062 ο
1823 5034 1908 5086 ὅτι

318 5113 509 5186 ῶσπερ
533 5118 591 5168 ἐν
619 5116 698 5187 τῷ
728 5118 842 5188 Υίῷ
873 5120 1068 5190 ὁρᾶται
1107 5119 1136 5170 ὁ
1170 5119 1389 5192 Πατὴρ,
1434 5121 1606 5185 οὕτως
1638 5123 1666 5173 ὁ
1702 5122 1828 5186 Υἱὸς
1851 5124 1910 5176 ἐν

321 5203 399 5274 τῷ
428 5193 725 5277 Πνεύματι.
758 5209 823 5261 Ἦ
861 5210 1040 5262 τοίνυν
1075 5213 1132 5264 ἐν
1160 5210 1240 5282 τῷ
1278 5213 1558 5283 Πνεύματι
1595 5213 1907 5285 προσκύνη-

321 5315 409 5362 σις
439 5300 538 5371 τὴν
569 5299 644 5364 ὼς
697 5303 755 5354 ἐν
802 5303 940 5370 φωτὶ
999 5304 1289 5377 γινομένην
1331 5305 1431 5376 τῆς
1475 5305 1711 5368 διανοίας
1751 5305 1907 5376 ήμῶν

318 5391 601 5463 ἐνέργειαν
628 5392 940 5459 ὑποϐάλλει,
965 5394 1039 5458 ὼς
1070 5398 1133 5448 ἐκ
1163 5396 1270 5449 τῶν
1294 5396 1428 5468 πρὸς
1451 5398 1548 5469 τὴν
1575 5398 1906 5469 Σαμαρεῖτιν

318 5483 623 5554 εἰρημένων
651 5483 717 5538 ἂν
758 5485 968 5556 μάθοις.
989 5487 1076 5539 Ἐν
1114 5487 1264 5558 τόπῳ
1299 5488 1408 5559 γὰρ
1437 5483 1575 5542 εἶναι
1609 5489 1706 5560 τὴν
1739 5505 1907 5558 προσ-

319 5573 545 5642 κύνησιν
571 5563 642 5628 ἐκ
676 5576 776 5646 τῆς
823 5577 1090 5649 ἐγχωρίου
1136 5579 1421 5649 συνηθείας
1468 5580 1830 5651 ἡπατημένην
1877 5582 1907 5634 ὁ

2011 4599 2059 4642 et
2102 4589 2234 4641 mihi
2280 4587 2544 4657 Spiritum
2591 4588 2689 4643 Dei
2740 4586 2928 4642 habere
2968 4594 3032 4657 ²;
3064 4596 3120 4643 et
3156 4603 3384 4652 rursus,
3432 4587 3594 4656 Egre-

2009 4682 2156 4750 gium
2187 4681 2482 4750 depositum
2519 4697 2672 4736 serva
2701 4697 2793 4751 per
2821 4679 3083 4749 Spiritum
3114 4689 3358 4734 sanctum
3384 4679 3473 4749 qui
3503 4678 3588 4730 ha-

2015 4772 2153 4826 bitat
2204 4772 2258 4826 in
2301 4772 2452 4826 nobis
2497 4775 2541 4827 ³.
2571 4771 2704 4828 Item
2744 4771 2811 4828 de
2841 4770 3067 4826 Danicle
3095 4769 3328 4840 legimus
3372 4775 3415 4828 ⁸.
3448 4769 3592 4838 quod

2013 4861 2255 4932 Spiritus
2289 4861 2384 4919 Dei
2428 4870 2654 4919 sanctus
2696 4862 2861 4919 fuerit
2900 4863 2954 4916 in
2987 4876 3083 4923 eo;
3139 4868 3193 4915 et
3240 4860 3286 4916 si
3333 4858 3459 4930 quis
3487 4857 3593 4915 illis

2011 4954 2278 5009 assimilis
2307 4955 2378 5008 sit
2410 4955 2632 5009 virtute.

2212 5046 2360 5100 Alter
2412 5054 2597 5099 autem
2648 5043 2965 5098 intellectus
3010 5050 3116 5107 est,
3151 5056 3253 5097 nec
3289 5041 3408 5113 ipse
3457 5042 3592 5112 reji-

2009 5133 2258 5200 ciendus,
2308 5132 2452 5203 quod
2503 5134 2647 5188 sicut
2700 5133 2756 5186 in
2808 5130 2949 5186 Filio
2993 5131 3236 5186 cernitur
3284 5129 3467 5194 Pater,
3513 5131 3592 5184 sic

2008 5221 2182 5277 Filius
2217 5222 2462 5277 cernitur
2497 5222 2552 5276 in
2587 5220 2817 5292 Spiritu.
2851 5219 3039 5292 Itaque
3079 5219 3477 5289 adoratio-quae
3521 5221 3592 5276 sit

2009 5313 2063 5366 in
2097 5311 2326 5384 Spiritu,
2375 5311 2575 5366 mentis
2612 5318 2815 5366 nostra:
2857 5310 3230 5382 operationem
3280 5317 3339 5363 ut
3374 5308 3430 5363 in
3470 5308 3606 5363 luco-

2012 5404 2211 5459 iactam
2251 5404 2479 5471 indicat,
2510 5413 2572 5459 ut
2601 5405 2816 5461 discere
2853 5405 2980 5458 licet
3007 5419 3074 5458 ex
3103 5401 3170 5458 iis
3200 5416 3320 5472 quae
3346 5399 3590 5456 Samari-

2012 5503 2152 5552 tana:
2180 5494 2328 5551 dicta
2355 5503 2502 5550 sunt.
2536 5495 2672 5549 Nam
2699 5511 2823 5550 cum
2856 5495 2947 5549 illa
2977 5494 3379 5550 consuetudine
3410 5493 3590 5565 regio~

2009 5589 2096 5644 nis
2124 5588 2350 5657 decepta
2392 5586 2737 5643 existimaret
2771 5587 2825 5642 in
2862 5587 2982 5642 loco
3020 5601 3146 5643 esse
3176 5586 3596 5652 adorationem;

406 5793 418 5821 '
462 5787 505 5845 ll
537 5792 655 5846 Cur.
696 5810 808 5860 xm,
844 5797 897 5852 5.
977 5801 996 5830 '
1035 5798 1054 5853 l
1088 5799 1212 5857 Cor.
1244 5819 1336 5871 \‘ll,
1363 5804 1448 5859 40.
1531 5806 1549 5837 ³
1584 5805 1627 5861 ll
1663 5805 1802 5860 Tim.
1836 5823 1873 5873 ι,
1905 5809 1916 5863 l

2069 5811 2087 5844 '*
2120 5809 2254 5867 Dan.
2294 5828 2344 5866 ν.
2375 5810 2460 5866 Η.
