4036 6210
384 379 392 385 ν
433 296 528 375 ττῖι

1659 283 2032 345 EUTHYMIE
2079 282 2439 343 ZIGABENI

3584 281 3692 345 792

435 433 698 490 Dominus
727 443 847 484 eam
880 424 1157 482 deducens
1184 421 1322 476 dixit
1354 417 1407 471 in
1449 411 1659 486 Spiritu
1695 418 1750 468 et
1777 411 2016 468 veritate

2119 410 2304 481 Κύριος
2329 409 2486 482 ἡμῶν
2510 409 2936 480 μεταδιδάσκων,
2963 411 3018 462 ὲν
3046 408 3324 480 Πνεύματι
3346 409 3440 462 καὶ
3462 376 3690 483 ἀληθείᾳ.

431 525 667 578 adorare
711 525 969 590 oportere
1008 519 1024 550 ⁸
1066 533 1080 570 ;
1126 509 1390 566 nimirum
1441 505 1686 577 seipsum
1733 503 2016 574 appellans

434 617 741 671 veritatem.
793 601 1264 674 Quemadmodum
1305 599 1469 670 igitur
1519 597 1576 651 in
1613 593 1752 650 Filio
1783 593 2018 650 dicimus

434 704 835 764 adorationem,
857 697 1006 751 velut
1030 695 1084 747 in
1110 689 1349 761 imagine
1379 687 1476 744 Dei
1505 702 1570 741 ac
1593 684 1775 739 Patris
1809 700 1824 740 :
1860 681 1942 739 sic
1965 688 2018 736 et

435 797 492 851 in
530 793 736 864 Spiritu
787 796 1052 856 tanquam
1104 781 1159 838 in
1212 779 1398 852 seipso
1429 776 1648 832 Domini
1677 773 2016 864 divinitatem

434 863 795 957 exprimente.
844 876 1003 934 Unde
1055 881 1109 930 et
1159 873 1215 928 in
1258 870 1591 940 adoratione
1634 863 2019 957 inseparabilis

433 955 524 1034 est
549 991 577 1028 τι
607 972 767 1027 Patre
813 977 868 1026 et
903 967 1043 1023 Filio
1085 964 1325 1036 Spiritus
1377 967 1626 1016 sanctus.
1680 955 1820 1012 Nam
1853 956 1900 1012 si
1936 955 2015 1011 sis

435 1075 588 1124 extra
635 1064 808 1126 illum,
858 1060 1012 1115 nullo
1062 1063 1223 1130 pacto
1268 1071 1330 1110 es
1385 1052 1762 1108 adoraturus:
1799 1053 2016 1110 contra,

436 1157 482 1212 si
656 1153 712 1206 in
748 1149 845 1204 illo
887 1147 1079 1212 lueris,
1126 1145 1280 1201 nullo
1310 1143 1472 1198 modo
1501 1155 1624 1197 eum
1661 1137 1948 1210 separabis
1988 1151 2017 1189 a

436 1245 568 1309 Deo,
602 1242 774 1297 nihilo
811 1239 1056 1311 profecto
1104 1235 1279 1307 magis
1314 1247 1476 1304 quam
1501 1232 1684 1285 lumen
1731 1227 2016 1298 separabis

439 1338 508 1392 ab
555 1337 622 1391 iis
657 1349 777 1405 qua:
804 1332 944 1388 visui
969 1337 1154 1400 patent
1187 1345 1200 1380 :
1234 1322 1573 1396 impossibile
1622 1319 1895 1390 siquidem
1933 1326 2020 1375 est

440 1442 666 1483 cernere
709 1423 1003 1493 imaginem
1045 1418 1139 1472 Dei
1192 1416 1508 1478 invisibilis,
1557 1411 1663 1467 nisi
1711 1411 1769 1466 in
1811 1410 2022 1466 lumine

444 1516 706 1587 Spiritus.
742 1513 805 1566 Et
832 1511 923 1583 qui
959 1510 1205 1562 intuetur
1231 1504 1548 1576 imaginem.
1593 1503 1739 1556 hunc
1763 1501 2022 1571 impossi-

443 1609 550 1664 bile
574 1618 657 1664 est
693 1607 876 1660 lumen
913 1603 983 1658 ab
1011 1600 1248 1672 imagine
1278 1611 1555 1668 separare.
1591 1593 1746 1660 Quod
1781 1593 1929 1648 enim
1964 1599 2022 1645 ut

2101 501 2299 573 χρῆναι
2335 503 2658 574 προσκυνεῖν
2683 500 2903 572 ἔφησεν,
2941 502 3133 554 ἑαυτὸν
3162 501 3335 570 λέγων
3361 500 3561 573 δηλαδὴ
3591 503 3690 575 τὴν

2100 593 2377 665 ἀλήθειαν.
2405 594 2613 664 Ὠσπερ
2633 588 2724 646 οῦν
2761 593 2818 646 ὲν
2856 592 2935 663 τῷ
2975 592 3090 663 Υἱῷ
3129 592 3500 664 προσκύνησιν
3534 591 3690 662 λέγο-

2105 701 2226 756 μεν,
2256 684 2352 756 τὴν
2388 685 2463 748 ὼς
2501 687 2559 739 ὲν
2594 685 2762 737 εἰκόνι
2799 683 2892 737 τοῦ
2941 683 3079 737 Θεοῦ
3125 684 3218 738 καὶ
3263 682 3498 756 Πατρὸς,
3549 685 3691 739 οὕτω

2101 777 2198 831 καὶ
2230 778 2288 831 ὲν
2320 776 2400 848 τῷ
2432 776 2733 848 Πνεύματι,
2763 776 2839 839 ὡς
2872 777 2928 829 ὲν
2960 775 3139 848 ἑαυτῷ
3164 776 3433 830 δεικνύντι
3468 776 3566 848 τὴν
3597 777 3689 829 τοῦ

2103 867 2309 938 Κυρίου
2340 867 2590 938 θεότητα.
2622 867 2712 919 Διὸ
2741 868 2835 920 καὶ
2876 868 2934 920 ὲν
2967 870 3032 937 τῇ
3085 869 3453 939 προσκυνήσει
3488 867 3691 940 ἀχώρι-

2105 975 2227 1013 στον
2251 958 2357 1013 ἀπὸ
2388 958 2602 1031 Πατρὺς
2631 959 2725 1012 καὶ
2752 958 2882 1012 Υίοῦ
2909 958 2970 1012 τὺ
3003 959 3228 1031 Πνεῦμα
3252 959 3312 1013 τὸ
3338 959 3516 1029 άγιον.
3547 961 3693 1025 ’Ἑξω

2105 1049 2204 1120 μὲν
2233 1050 2339 1122 γὰρ
2368 1049 2630 1122 ὑπάρχων
2665 1050 2849 1114 αὐτοῦ,
2897 1051 3016 1104 οὐδὲ
3060 1052 3463 1123 προσκυνήσεις
3503 1053 3564 1105 τὸ
3591 1071 3691 1105 πα-

2107 1141 2318 1212 ράπαν·
2367 1143 2426 1197 ὲν
2481 1142 2629 1214 αὐτῷ
2673 1143 2731 1196 δὲ
2777 1142 3066 1213 γενόμενος
3119 1141 3298 1196 οὐδενὶ
3506 1144 3691 1213 τρόπῳ

2103 1233 2465 1304 άποχωρίσεις
2494 1233 2602 1287 ἀπὸ
2636 1233 2770 1286 Θεοῦ
2801 1252 2814 1264 ι
2850 1233 2910 1286 ού
2946 1233 3144 1304 μᾶλλόν
3171 1237 3255 1302 γε.
3285 1234 3318 1304 ἢ
3348 1233 3458 1286 τῶν
3478 1234 3691 1304 ὁρατῶν

2104 1323 2431 1394 ἀποστήσεις
2461 1322 2522 1376 τὸ
2561 1323 2676 1393 φῶς
2702 1339 2713 1352 ’
2765 1323 3024 1376 ἀδύνατον
3063 1322 3172 1394 γάρ
3209 1323 3335 1376 [δεῖν
3369 1322 3468 1394 τὴν
3506 1324 3690 1378 εἰκόνα

2104 1410 2196 1464 τοῦ
2219 1410 2355 1464 Θεοῦ
2385 1410 2476 1464 τοῦ
2507 1411 2764 1482 ἀοράτου,
2796 1411 2869 1482 μὴ
2901 1413 2955 1464 ὲν
2981 1411 3058 1482 τῷ
3097 1411 3362 1484 φωτισμῷ
3389 1412 3483 1466 τοῦ
3520 1413 3690 1467 Πνεύ-

2107 1520 2297 1573 ματος.
2328 1503 2439 1557 Καὶ
2464 1501 2554 1557 τὸν
2587 1502 2962 1566 ὲνατενίζοντα
2992 1506 3056 1574 τῇ
3085 1505 3253 1556 εἰκόνι
3291 1505 3571 1574 ἀμήχανον
3593 1506 3692 1575 τῆς

2105 1594 2308 1658 εἰκόνος
2334 1593 2676 1664 ἀποχωρίσαι
2701 1593 2763 1645 τὸ
2796 1592 2930 1663 φῶς.
2968 1593 3041 1646 Τὸ
3070 1593 3180 1664 γὰρ
3213 1592 3308 1646 τοῦ
3348 1595 3481 1664 όρᾷν
3523 1595 3693 1648 αἴτιον

443 1701 628 1756 videas
662 1699 716 1753 in
752 1711 922 1752 causa
964 1701 1069 1758 est,
1104 1691 1157 1747 id
1193 1704 1420 1746 necesse
1459 1695 1565 1751 est,
1599 1693 1656 1740 ut
1701 1683 1863 1740 simul
1896 1696 2018 1738 cum

2119 1681 2167 1749 ἐξ
2199 1683 2446 1754 ἀνάγκης
2469 1682 2874 1754 συγκαθορᾶται
2899 1685 3012 1747 τοῖς
3033 1684 3266 1753 ὁρατοῖς.
3290 1685 3455 1736 Ὥστε
3476 1685 3692 1748 οἰκείως

443 1792 512 1846 iis
561 1805 684 1860 quae
742 1795 1067 1848 cernuntur,
1115 1783 1394 1837 videatur.
1455 1780 1648 1848 Itaque
1702 1776 1923 1847 proprie

441 1886 812 1950 congruenter
840 1890 934 1945 per
969 1871 1428 1928 illuminationem
1461 1868 1704 1939 Spiritus
1745 1865 2023 1935 conspici-

442 1983 567 2022 mus
609 1966 955 2037 splendorcm
987 1963 1173 2034 gloriae
1202 1961 1334 2029 Dei;
1374 1976 1471 2032 per
1514 1959 1886 2014 characterem
1921 1972 2022 2010 au—

442 2067 553 2116 tem
593 2059 658 2113 ad
692 2073 838 2121 eum,
873 2056 1034 2126 cujus
1083 2063 1167 2111 est
1212 2055 1499 2108 character
1543 2059 1597 2106 ct
1627 2051 1835 2120 aequale
1871 2049 2020 2118 sigil-

443 2151 578 2210 lum.
615 2147 995 2203 subvehimur.

511 2235 687 2301 Quam
739 2234 904 2304 igitur
970 2232 1041 2287 ob
1083 2245 1328 2294 causam,
1377 2230 1656 2298 inquiunt,
1706 2243 1826 2283 cum
1895 2241 2020 2298 pro-

448 2325 566 2395 prie
592 2323 882 2380 conveniat
921 2323 1037 2379 hatc
1093 2322 1326 2394 syllaba,
1368 2324 1448 2388 in,
1477 2320 1735 2391 Spiritui,
1768 2334 1831 2374 ac
1863 2317 2021 2374 nobis

447 2419 516 2474 ad
559 2416 972 2488 exprimendum
1010 2415 1258 2487 quemvis
1300 2415 1367 2470 de
1398 2412 1623 2483 Spiritu
1687 2413 2020 2468 intellectum

445 2508 700 2573 sulliciat,
728 2524 827 2565 vos
853 2522 1052 2563 novam
1087 2507 1250 2562 istam
1277 2505 1538 2576 syllabam
1573 2503 1892 2568 induxistis,
1929 2502 2022 2572 qui

447 2599 652 2664 dicitis,
677 2597 807 2654 Cum
839 2596 1071 2664 Spiritu,
1110 2609 1244 2662 non,
1266 2595 1330 2649 In
1361 2593 1567 2663 Spiritu
1618 2604 1839 2659 sancto;
1883 2592 2022 2646 alio-

445 2693 579 2759 quin
619 2705 720 2745 nec
745 2688 1093 2753 necessariis,
1119 2702 1220 2743 nec
1252 2687 1320 2741 ab
1341 2686 1580 2743 Ecclesia
1638 2683 1882 2756 probatis
1924 2699 2024 2739 vo-

449 2782 607 2837 cibus
651 2781 913 2837 utentes?

455 2919 601 2992 Unde
631 2889 839 2975 initium
872 2920 1039 2992 habet
1058 2920 1288 2992 syllaba,
1313 2936 1514 2984 «cum,»
1548 2933 1594 2976 et
1617 2939 1776 2992 quam
1796 2923 1899 2976 vim
1921 2923 2023 2977 lia.

527 2991 677 3064 beat;
711 2991 800 3064 tibi
829 2999 876 3044 et
909 2990 970 3064 de
990 2988 1240 3046 Ecclesiae
1270 2991 1469 3062 legibus
1498 2988 1646 3046 nullo
1671 2994 1870 3063 scripto
1899 3010 2024 3064 pro-

524 3062 670 3115 ditis.
701 3059 872 3131 Caput
906 3063 998 3116 27.

525 3152 680 3221 Quod
741 3153 905 3224 igitur
953 3154 1069 3209 haec
1123 3154 1354 3225 syllaba,
1434 3154 1514 3218 in,
1575 3150 1802 3223 Spiritui
1892 3169 2022 3208 san-

451 3262 540 3300 cto
607 3260 714 3300 non
776 3245 830 3300 in
882 3255 1084 3301 sortem
1166 3248 1384 3316 proprie
1446 3246 1648 3311 cessit,
1701 3244 1793 3301 sed
1849 3243 2027 3301 Patris

451 3333 680 3403 Filiique
715 3335 1022 3389 communis
1051 3343 1154 3400 est,
1185 3337 1237 3389 in
1275 3336 1651 3405 superioribus
1679 3335 1883 3390 dictum
1919 3344 2024 3390 est.

458 3427 712 3481 Arbitror
739 3435 921 3480 autem
948 3436 1002 3482 et
1020 3427 1148 3482 illud
1200 3430 1334 3484 satis
1367 3428 1822 3498 demonstratum,
1882 3428 2027 3500 quod

451 3518 504 3570 in
536 3531 644 3571 non
674 3516 856 3571 solum
885 3517 1022 3574 nihil
1051 3519 1287 3575 detrahit
1318 3521 1567 3590 dignitati
1605 3521 1875 3592 Spiritus,
1933 3537 2023 3577 ve-

458 3621 578 3660 rum
611 3605 773 3661 etiam
801 3607 869 3663 ad
905 3623 1172 3664 sunnnam
1206 3610 1586 3667 celsitudinem
1616 3611 1780 3680 erigit
1806 3610 2023 3682 cogita-

447 3690 631 3748 tiones
648 3707 862 3759 eorum,
884 3696 978 3766 qui
1007 3712 1118 3751 non
1143 3712 1370 3768 prorsus
1401 3704 1584 3752 mente
1606 3698 1848 3766 corrupti
1876 3702 2026 3750 sunt.

450 3780 718 3855 Superest
777 3797 958 3841 autem
1011 3785 1284 3842 disserere
1335 3787 1402 3842 de
1451 3788 1658 3858 syllaba
1700 3805 1840 3851 οηυι,
1891 3789 2034 3843 unde

447 3875 704 3945 coeperit,
755 3883 810 3930 et
839 3891 1006 3947 quam
1037 3877 1146 3930 vim
1196 3879 1413 3941 habeat,
1465 3888 1518 3932 et
1557 3878 1832 3946 quomodo
1879 3876 2034 3932 Scri-

451 3972 629 4039 pturae
655 3968 977 4024 concordet.

656 4060 736 4113 Ex
769 4059 1067 4115 asservatis
1096 4059 1152 4113 in
1178 4059 1419 4112 Ecclesia
1445 4060 1794 4131 dogmatibus
1820 4070 1873 4117 et
1895 4079 2033 4134 prte-

448 4149 843 4217 dicationihus,
877 4151 983 4203 alia
1006 4150 1226 4219 quidem
1258 4149 1526 4207 habemus
1551 4165 1580 4206 e
1608 4151 1859 4207 doctrina
1892 4155 2032 4209 scri-

450 4248 548 4311 pto
590 4239 847 4309 prodita;
893 4240 1002 4294 alia
1050 4255 1183 4295 vero
1218 4240 1378 4296 nobis
1423 4244 1478 4296 in
1530 4223 1788 4314 mysterio
1830 4246 2031 4300 tradita

449 4330 760 4398 recepimus
827 4347 895 4386 ex
957 4332 1251 4388 traditione
1317 4333 1692 4403 apostolorum
1744 4352 2030 4406 :quorum

1966 1746 2087 1830 etB

2106 1774 2202 1828 καὶ
2229 1775 2536 1839 ἀκολούθως
2567 1775 2653 1828 διὰ
2690 1775 2788 1846 μὲν
2816 1775 2910 1828 τοῦ
2941 1774 3222 1845 φωτισμοῦ
3254 1775 3348 1829 τοῦ
3374 1777 3692 1846 Πνεύματος

2107 1865 2168 1918 τὸ
2195 1865 2534 1937 ἀπαύγασμα
2572 1865 2671 1936 τῆς
2705 1864 2862 1936 δόξης
2895 1864 2987 1918 τοῦ
3028 1865 3161 1918 Θεοῦ
3211 1865 3566 1937 καθορῶμεν·
3605 1867 3692 1920 διά

2107 1954 2164 2007 δὲ
2187 1955 2280 2008 τοῦ
2304 1955 2649 2027 χαρακτῆρος
2677 1955 2770 2007 ἐπὶ
2801 1956 2900 2024 τὴν
2936 1949 2995 2008 οῦ
3029 1957 3174 2007 ἐστιν
3214 1958 3242 2009 ὁ
3275 1957 3565 2028 χαρακτὴρ
3600 1958 3694 2010 καὶ

2108 2047 2142 2109 ἡ
2187 2046 2433 2111 ίσότυπος
2469 2047 2706 2118 σφραγὶς
2737 2046 3074 2116 ἀναγόμεοα.

2202 2228 2360 2294 Τίνος
2388 2226 2710 2295 οῦνένεκεν,
2770 2231 2957 2299 φασὶν,
2998 2229 3144 2292 ἰδίως
3198 2233 3590 2304 προσηκούσης
3615 2236 3694 2304 τῷ

2130 2321 2416 2389 Πνεύματι
2445 2321 2543 2390 τῆς
2580 2318 2650 2372 ἐν
2701 2319 2998 2388 συλλαϐῆς,
3051 2320 3148 2374 καὶ
3193 2324 3275 2385 εἰς
3331 2325 3514 2376 πᾶσαν
3563 2327 3698 2396 ἡμῖν

2125 2413 2223 2484 τὴν
2253 2415 2378 2484 περὶ
2406 2412 2570 2466 αὐτοῦ
2598 2413 2805 2466 ἔννοιαν
2829 2411 3167 2482 ἑξαρκούσης
3186 2415 3286 2484 τὴν
3343 2416 3542 2484 καινὴν
3571 2417 3700 2469 ταύο

2125 2523 2224 2572 την
2255 2506 2409 2574 ὑμεῖς
2444 2504 2714 2572 συλλαϐὴν
2745 2505 3164 2574 ὲπεισηγάγετε,
3226 2504 3350 2557 σὺν
3395 2503 3475 2570 τῷ
3515 2508 3703 2562 [1νεύ-

2119 2613 2264 2669 part
2288 2598 2562 2666 λέγοντες,
2598 2597 2693 2650 καὶ⁸
2715 2598 2836 2663 οὐκ,
2868 2596 2939 2650 ἐν
2960 2594 3039 2661 τῷ
3076 2595 3379 2665 Πνεύματι
3413 2597 3495 2663 τῷ
3531 2599 3701 2666 ἁγιῳ,

2125 2691 2253 2744 οὗτε
2277 2689 2453 2754 ἄλλως
2485 2691 2778 2758 ἀναγκαῖα,
2813 2688 2939 2742 οὗτε
2969 2693 3339 2762 νενομισμένα
3400 2693 3521 2754 ταῖς
3577 2691 3702 2746 Ἔκο

2125 2781 2381 2854 κλησίαις
2416 2782 2786 2851 φθεγγόμενοι
2821 2796 2836 2848 ;

2133 2919 2244 2974 Τοῦ
2269 2920 2478 2974 αὐτοῦ.
2517 2919 2710 2974 Πύθην
2747 2919 2788 2986 ἡ
2830 2937 2850 2971 ι
2879 2917 3002 2972 σὺν
3031 2937 3048 2971 ι
3111 2915 3348 2986 ἤρξατο
3396 2919 3699 2984 συλλαϐὴ,

2198 2990 2296 3044 καὶ
2320 2993 2502 3044 ποίαν
2534 2985 2791 3058 δύναμιν
2817 2989 2942 3058 ἔχει
2966 3008 2981 3022 ·
3005 2989 3074 3044 ἐν
3103 2985 3152 3059 ᾧ
3178 2988 3276 3044 καὶ
3310 2989 3384 3042 τὰ
3412 2991 3546 3059 περὶ
3580 2989 3698 3042 τῶν

2055 3078 2096 3135 c
2197 3060 2479 3129 ἀγράφων
2515 3059 2626 3127 τῆς
2647 3057 3011 3126 Ἐκκλησίας
3029 3057 3322 3131 νομίμων.
3343 3057 3569 3127 Κεφάλ.
3597 3059 3698 3119 xC“.

2215 3153 2304 3214 Ὠς
2359 3152 2460 3222 μὲν
2546 3149 2640 3204 οῦν
2691 3151 2813 3221 οὐχὶ
2866 3151 3337 3224 ἀποκληρωτικῶς
3413 3150 3492 3220 τῷ
3559 3151 3704 3219 ἁγίῳ

2130 3244 2412 3312 Πνεύματι
2463 3243 2497 3312 ὴ
2557 3241 2627 3296 ἐν
2679 3241 2918 3314 συλλαϐὴ
2968 3242 3297 3314 διενήνοχεν,
3369 3240 3509 3294 ἀλλά
3544 3239 3702 3309 κοινὴ

2133 3337 2344 3405 Πατρός
2401 3336 2517 3390 ἐστι
2579 3334 2676 3387 καὶ
2725 3333 2879 3398 Υἱοῦ,
2953 3335 3014 3387 ὲν
3068 3336 3180 3398 τοῖς
3239 3334 3474 3387 κατόπιν
3547 3333 3707 3402 εἴρη-

2129 3443 2240 3484 ται.
2268 3421 2436 3495 Οἶμαι
2461 3424 2517 3478 δὲ
2553 3425 2778 3479 κάκεῖνο
2815 3423 3130 3496 ἀρκούντως
3164 3423 3439 3493 εἰρῆσθαι,
3492 3423 3580 3477 ὅτι
3643 3424 3698 3474 οὐ

2135 3519 2296 3590 μόνον
2352 3517 2453 3570 οὑκ
2505 3518 2829 3588 ἀφαιρεῖται
2872 3534 2926 3570 τι
2981 3515 3082 3587 τῆς
3117 3517 3277 3581 ἀξίας
3320 3516 3416 3568 τοῦ
3451 3517 3698 3587 [Indua-

2132 3625 2242 3673 τος,
2269 3607 2407 3660 ἀλλά
2437 3608 2531 3662 καὶ
2571 3609 2706 3679 πρὸς
2731 3610 2792 3661 τὸ
2830 3609 3088 3677 μέγιστον
3112 3606 3246 3676 ὕψος
3280 3608 3391 3660 τῶν
3421 3606 3503 3675 μὴ
3528 3607 3706 3673 πάντη

2131 3695 2530 3763 ἐνδιαστρόφων
2560 3695 2684 3754 τοὺς
2718 3692 3010 3762 λογισμοὺς
3054 3693 3337 3761 ἐπανάγει.
3373 3693 3710 3762 Δειπόμενον

2133 3787 2189 3839 δέ
2215 3789 2330 3839 ἐστι
2360 3786 2487 3856 περὶ
2519 3786 2616 3855 τῆς
2641 3786 2783 3851 σὺν,
2830 3785 3026 3839 ὁπόθεν
3069 3785 3291 3855 ἡρξατο,
3332 3785 3428 3838 καὶ
3465 3784 3589 3838 τίνα
3623 3784 3711 3838 δύ-

2133 3894 2298 3948 ναμιν
2329 3877 2461 3946 ἔχει,
2493 3878 2588 3930 καὶ
2615 3879 2762 3942 ὅπως
2937 3876 3224 3947 σύμφωνός
3255 3876 3374 3928 ἐστι
3397 3878 3465 3948 τῇ
3497 3877 3709 3948 Γραφῇ,

2133 3965 2513 4037 διηγήσασθαι.

2313 4058 2432 4111 Τῶν
2463 4061 2519 4112 ὲν
2548 4062 2612 4130 τῇ
2648 4057 2944 4130 Ἑκκλησίσ⁴
2965 4058 3396 4128 πεφυλαγμένων
3425 4057 3710 4128 δογμάτων

2133 4150 2226 4202 καὶ
2260 4151 2625 4221 κηρυγμάτων
2667 4150 2734 4204 τά
2775 4150 2874 4221 μὲν
2915 4151 2979 4203 ὲκ
3015 4151 3116 4220 τῆς
3151 4149 3429 4222 ἐγγράφου
3462 4151 3709 4205 διδασκα-

2132 4241 2251 4304 λίας
2283 4241 2496 4312 ἔχομεν,
2528 4241 2596 4295 τὰ
2633 4243 2689 4296 δὲ
2736 4244 2798 4295 ἐκ
2836 4243 2934 4313 τῆς
2971 4243 3081 4297 τῶν
3119 4242 3432 4296 ἀποστόλων
3477 4244 3710 4314 παραδό-

2133 4353 2270 4398 σεως
2311 4335 2620 4388 διαδοθέντα
2668 4337 2802 4406 ἡμῖν
2852 4337 2910 4390 ὲν
2943 4335 3225 4407 μυστηρίῳ
3270 4336 3706 4408 παρεδεξάμεθαο

451 4428 683 4492 utraque
713 4423 820 4476 vim
877 4423 1124 4479 eamdem
1157 4424 1362 4480 habent
1395 4423 1463 4479 ad
1497 4425 1786 4495 pietatem;
1815 4443 1916 4481 nec
1962 4427 2023 4483 iis

2131 4427 2274 4497 ἆπερ
2299 4427 2586 4499 ἀμφότερα
2627 4426 2724 4499 τὴν
2758 4427 2925 4498 αὐτὴν
2969 4428 3121 4498 ἰσχὺν
3163 4427 3275 4497 ἕχει
3318 4427 3455 4498 πρὸς
3488 4428 3584 4500 τὴν
3625 4429 3708 4481 εὑ-

449 4511 740 4581 quiSquam
783 4514 1126 4572 contradicet
1158 4533 1173 4571 :
1208 4516 1394 4570 nullus
1437 4525 1607 4583 certe,
1640 4516 1732 4587 qui
1765 4517 1846 4572 vel
1883 4518 2030 4572 tenui

447 4603 786 4673 experientia
846 4607 1060 4660 noverit
1109 4621 1230 4676 qua:
1278 4604 1388 4661 sint
1442 4603 1701 4661 Ecclesia:
1755 4607 2027 4661 instituta.

449 4693 587 4748 Nam
644 4695 692 4749 si
748 4695 1185 4752 consuetudines
1219 4711 1340 4766 quae
1392 4695 1598 4764 scripto
1645 4695 1873 4766 proditae
1921 4711 2029 4748 non

448 4795 598 4849 sunt,
625 4797 884 4858 tanquam
909 4785 1058 4843 haud
1081 4789 1314 4842 multum
1347 4787 1613 4842 bahentes
1647 4787 1904 4840 momenti
1937 4801 2029 4857 ag-

448 4879 762 4951 grediamur
824 4881 1087 4950 rejicere,
1137 4880 1514 4950 imprudentes
1563 4877 1918 4949 Evangelium
1977 4881 2027 4933 in

448 4972 586 5041 ipsis
619 4972 785 5028 rebus
819 4971 1112 5043 praecipuis
1141 4971 1423 5037 lzedemus,
1476 4971 1588 5025 imo
1619 4971 1802 5040 potius
1836 4970 2031 5040 pradi-

447 5063 719 5118 cationem
772 5063 838 5116 ad
890 5064 1099 5118 nudum
1148 5077 1345 5117 nomen
1402 5062 1813 5118 contrahemus.
1863 5059 2026 5116 Verbi

449 5153 646 5223 gratia,
677 5161 737 5208 ut
763 5154 884 5224 ejus
918 5154 1066 5226 quod
1099 5155 1338 5226 primum
1377 5162 1461 5210 est
1506 5163 1560 5210 et
1589 5154 2025 5225 vulgatissimum

451 5245 627 5316 primo
655 5246 775 5301 loco
798 5261 1223 5304 commemorem
1251 5267 1264 5302 :
1298 5253 1357 5301 ut
1387 5247 1544 5319 signo
1575 5248 1762 5302 crucis
1797 5261 1894 5302 eos
1933 5246 2026 5316 qui

449 5351 598 5404 spem
642 5337 914 5391 collocant
958 5337 1014 5390 in
1043 5336 1266 5392 Christo
1311 5337 1618 5407 signemus,
1651 5336 1776 5408 quis
1822 5337 2027 5408 scripto

450 5430 667 5484 docuit?
703 5428 769 5483 Ut
804 5430 872 5484 ad
918 5429 1183 5484 orientem
1224 5429 1365 5484 versi
1407 5445 1716 5499 precemur,
1765 5447 1886 5502 quae
1927 5444 2026 5485 nos

529 5708 548 5740 ¹
598 5707 756 5765 Joan.
799 5725 872 5776 ιν,
905 5711 1001 5766 24.

2134 4519 2367 4575 σέϐειαν.
2389 4519 2499 4573 Καὶ
2520 4518 2730 4582 τούτοις
2746 4519 2920 4582 οὐδεὶς
2943 4520 3179 4590 ἀντερεῖ,
3207 4518 3404 4572 οὐκοῦν
3567 4521 3708 4582 ὅστις

2131 4629 2192 4679 γε
2239 4611 2380 4665 κατὰ
2425 4611 2618 4682 μικρὸν
2665 4611 2794 4680 γοῦν
2844 4611 3060 4682 Θεσμῶν
3111 4611 3579 4682 ὲκκλησιαστικῶν
3618 4630 3707 4664 πε-

2132 4705 2405 4776 πείραται.
2459 4706 2520 4758 Εἰ
2573 4705 2678 4776 γὰρ
2727 4705 3179 4775 ἐπιχειρήσαιμεν
3222 4704 3291 4757 τά
3343 4703 3568 4775 ἄγραφα
3606 4704 3708 4756 τῶν

2132 4794 2270 4848 ἐθῶν
2297 4795 2371 4857 ὡς
2409 4796 2482 4865 μὴ
2516 4793 2755 4864 μεγάλην
2801 4793 2992 4863 ἔχοντα
3029 4793 3128 4864 τὴν
3163 4793 3394 4864 δύναμιν
3430 4796 3709 4865 παραιτεῖ-

2135 4887 2277 4951 σθαι,
2302 4887 2558 4958 λάϐοιμεν
2582 4886 2647 4940 ἂν
2682 4887 2762 4948 είς
2802 4885 2940 4938 αὐτά
2969 4885 3039 4938 τὰ
3080 4886 3268 4957 καίρια
3299 4885 3624 4956 ζημιοῦντες
3652 4885 3709 4938 τδ

2133 4979 2462 5047 Εὐαγγέλιον
2483 4993 2495 5006 ·
2529 4977 2728 5048 μᾶλλον
2751 4976 2808 5030 δὲ
2844 4979 2924 5040 είς
2949 4975 3119 5048 ὄνομα
3144 4973 3297 5046 ψιλὸν
3328 4977 3709 5048 περιιστῶντες

2131 5070 2191 5124 τὸ
2221 5070 2499 5141 κήρυγμα.
2543 5063 2691 5133 Οίον,
2738 5067 2826 5123 ἵνα
2857 5067 2950 5121 τοῦ
2995 5067 3212 5139 πρώτου
3257 5065 3351 5120 καὶ.
3401 5070 3707 5122 κοινοτάτου

2131 5162 2342 5233 πρῶτον
2374 5159 2612 5234 μνησθῶ.
2787 5158 2863 5230 τῷ
2891 5157 3047 5230 τύπῳ
3089 5157 3183 5213 τοῦ
3217 5159 3448 5228 σταυροῦ
3480 5160 3607 5225 τοὺς
3634 5161 3710 5223 εἰς

2127 5256 2186 5309 τὸ
2211 5256 2378 5327 ὄνομα
2408 5255 2502 5310 τοῦ
2538 5255 2745 5328 Κυρίου
2767 5255 2923 5326 ἡμῶν
2959 5254 3134 5326 Ἰησοῦ
3156 5253 3395 5325 Χριστοῦ
3417 5253 3709 5324 ἡλπικότας

2129 5347 2630 5416 κατασημαίνεσθαι
2675 5345 2758 5409 τίς
2803 5348 2831 5398 ὁ
2861 5345 2949 5399 διά
2989 5345 3318 5417 γράμματος
3363 5342 3612 5410 διδάξαςς
3641 5342 3711 5396 Τὸ

2130 5437 2262 5505 πρὸς
2292 5437 2550 5501 ἀνατολὰς
2584 5435 2881 5507 τετράφθαι
2921 5434 3063 5490 κατά
3088 5435 3188 5507 τὴν
3225 5433 3535 5508 προσευχὴν
3561 5436 3709 5488 ποῖον
