4036 6210
381 331 490 394 793

1304 337 1679 400 PANOPLlA
1723 342 2176 406 DOSMATICA.
2216 371 2284 385 -
2323 347 2472 407 TIT.
2517 349 2660 411 ΧΠ.

3529 354 3634 418 794

377 477 618 543 ἐδίδαξεν
643 478 790 548 ἡμᾶς
820 478 1086 549 γράμμας
1136 478 1177 528 Τ
1183 479 1216 530 ὰ
1243 478 1340 547 τῆς
1375 474 1711 545 ἐπικλήσεως
1746 478 1962 547 ῥήματα

2078 485 2244 538 locuit
2273 483 2593 554 Suiptura‘?
2623 485 2990 541 lnvocationis
3013 486 3178 541 verba
3199 502 3323 541 cum
3347 488 3635 540 coniicitur

377 572 469 623 ἐπὶ
498 573 564 640 τῇ
593 569 863 635 ἀναδείξει
1029 571 1122 621 τοῦ
1162 570 1325 638 ἄρτου
1354 569 1451 638 τῆς
1474 568 1839 639 Εὐχαριστίας
1870 571 1963 622 καὶ

375 665 470 720 τοῦ
505 665 767 735 ποτηρίου
797 664 897 733 τῆς
937 662 1186 730 εὐλογίας
1217 664 1301 726 τίς
1337 663 1444 716 τῶν
1477 663 1646 732 ἁγίων
1672 663 1965 733 ἐγγράφως

378 761 510 830 ἡμῖν
551 746 971 818 καταλέλοιπενς
1007 756 1081 809 Ού
1125 755 1234 826 γὰρ
1273 755 1336 827 δὴ
1370 754 1580 817 τούτοις
1623 753 1963 825 ἀρκούμεθα,

377 844 452 904 ὧν
489 850 518 901 ό
556 845 932 917 Ἀπόστολοςῆ
971 845 1032 898 τὸ
1076 847 1406 914 Εύαγγέλιον
1448 845 1788 916 ἐπεμνήσθη.
1832 844 1967 898 ἀλλά

378 941 471 993 καὶ
500 937 838 1009 προλέγομεν
884 936 976 988 καὶ
1018 936 1342 1006 ὲπιλέγομεν
1377 936 1558 1007 ἕτερα,
1603 937 1678 999 ὼς
1723 937 1965 1007 μεγάλην

377 1030 570 1101 ἔχοντα
597 1027 733 1099 πρὸς
751 1027 814 1080 τὸ
843 1030 1140 1098 μυστήριον
1160 1027 1257 1098 τὴν
1295 1029 1468 1097 ἰσχὺν,
1502 1029 1564 1081 ὲκ
1591 1027 1690 1097 τῆς
1718 1028 1965 1097 ἀγράφου

377 1120 724 1182 διδασκαλίας
749 1118 1174 1189 παραλαϐόντες.
1199 1118 1541 1188 Εὑλογοῦμεν
1565 1118 1622 1170 δὲ
1650 1117 1710 1170 τό
1734 1135 1792 1170 τε
1824 1102 1968 1187 ὕδωρ

379 1210 472 1264 τοῦ
507 1210 906 1280 βαπτίσματος,
957 1210 1052 1262 καὶ
1107 1209 1167 1262 τὸ
1203 1209 1378 1263 ἔλαιον
1427 1209 1525 1279 τῆς
1577 1209 1840 1279 χρίσεως,
1872 1208 1966 1263 καὶ

378 1303 606 1373 προσέτι
631 1303 792 1356 αὑτὸν
819 1301 908 1354 τὸν
943 1300 1356 1372 βαπτιζόμενον.
1397 1301 1531 1354 Ἀπὸ
1560 1301 1729 1354 ποίων
1763 1300 1967 1373 ἐγγρά-

382 1413 535 1465 φωνς
569 1395 684 1448 Ούκ
717 1394 823 1448 ἀπὸ
848 1395 947 1464 τῆς
976 1394 1338 1465 σιωπωμένης
1371 1392 1465 1446 καί
1497 1395 1765 1465 μυστικῆς
1791 1410 1969 1466 παραυ

380 1488 613 1552 δόσεως;
643 1487 708 1538 Τί
734 1487 792 1540 δέ
815 1504 829 1552 ;
858 1485 1028 1558 αὐτὴν
1212 1485 1308 1539 τοῦ
1336 1484 1515 1538 ἐλαίου
1540 1485 1638 1556 τὴν
1677 1485 1858 1556 χρίσιν
1884 1487 1966 1550 τίς

381 1579 537 1646 λόγος
563 1579 944 1650 γεγραμμένος
973 1575 1174 1638 ἐδίδαξε
1202 1595 1216 1608 ·
1253 1576 1326 1631 Τὸ
1355 1578 1412 1631 δὲ
1451 1578 1572 1648 τρὶς
1609 1577 1964 1646 βαπτίζεσθαι

381 1670 470 1722 τὸν
497 1667 780 1739 ἄνθρωπον
812 1668 973 1722 πόθεν
993 1685 1010 1735 ;
1034 1667 1203 1720 Ἀλλά
1228 1668 1283 1721 δὲ
1307 1668 1406 1722 ὅσα
1431 1668 1556 1737 περὶ
1577 1667 1636 1720 τὸ
1663 1666 1963 1738 βάπτισμα,

383 1758 784 1812 ἀποτάσσεσθαι
807 1766 883 1826 τῳ
914 1758 1123 1827 Σατανᾷ
1157 1757 1250 1810 καὶ
1273 1761 1386 1820 τοῖς
1409 1757 1660 1827 ἀγγέλοις
1681 1757 1871 1821 αὐτοῦ,
1900 1757 1968 1812 ἐκ
1994 1797 2035 1852 Β

386 1849 544 1912 ποίας
576 1849 693 1901 ἐστὶ
718 1849 930 1919 γραφῆς
955 1865 969 1910 ;
1003 1848 1116 1901 Οὐκ
1141 1848 1206 1901 ὲκ
1231 1850 1330 1920 τῆς
1348 1850 1445 1920 ἀδη
1456 1849 1738 1919 μοσιεύτου
1765 1850 1966 1920 ταύτης

385 1940 480 1993 καὶ
512 1941 824 2012 ἀπορρήτου
850 1939 1218 2005 διδασκαλίας,
1243 1943 1308 2012 ῆν
1333 1942 1390 1995 ἐν
1419 1941 1966 2012 ἀπολυπραγμονήτῳ

385 2032 478 2084 καὶ
508 2031 925 2102 ἀπεριεργάστῳ
1105 2034 1228 2104 σιγῇ
1277 2034 1327 2086 οἱ
1371 2034 1602 2105 πατέρες
1641 2034 1796 2105 ἡμῶν
1837 2033 1968 2102 ἐφύ-

384 2112 568 2176 λαξαν,
603 2113 782 2176 καλῶς
834 2116 1010 2168 ἐκεῖνο
1053 2116 1444 2187 δεδιδαγμένοι,
1493 2120 1600 2172 τῶν
1649 2121 1965 2192 μυστηρίων

381 2203 441 2256 τὸ
490 2204 688 2274 σεμνὸν
899 2210 1078 2279 σιωπῇ
1131 2207 1528 2277 διασώζεσθαι;
1571 2214 1638 2266 "A
1690 2212 1800 2282 γὰρ
1847 2213 1967 2266 οὐδὲ

381 2295 704 2350 ἐποπτεύειν
735 2295 914 2361 ἔξεστι
951 2301 1064 2362 τοῖς
1093 2301 1383 2372 ἀμυήτοις,
1418 2301 1624 2356 τούτων
1662 2305 1780 2366 πῶς
1807 2303 1874 2358 ἂν
1900 2299 1969 2374 ἦν

383 2386 532 2449 εἰκὸς
562 2385 663 2458 τὴν
690 2387 1036 2443 διδασκαλίαν
1063 2391 1486 2463 ὲκθριαμϐεύειν
1520 2395 1579 2448 ὲν
1608 2395 1968 2466 γράμμασιν;

384 2475 629 2546 ἦτίποτε
671 2477 993 2549 βουλόμενος
1018 2484 1046 2534 ό
1080 2482 1255 2553 μέγας
1298 2485 1562 2555 Μωῦσῆς,
1601 2486 1663 2539 οὐ
1697 2488 1832 2539 πᾶσι
1876 2485 1973 2555 βά-

387 2583 522 2642 σιμα
546 2563 688 2627 εἶναι
718 2569 789 2626 τά
821 2569 916 2626 τοῦ
948 2573 1094 2646 ἱεροῦ
1124 2574 1302 2627 πάντα
1349 2575 1682 2646 πεποίηκεν;
1728 2576 1842 2631 ἀλλ’
1867 2574 1973 2642 ἐξω

386 2663 486 2736 μὲν
512 2664 684 2733 ἁγίων
715 2665 913 2737 ἔστησε
959 2664 1261 2738 περιϐόλων
1288 2667 1414 2732 τοὺς
1464 2666 1745 2739 βεϐήλους,
1779 2667 1879 2732 τὰς
1916 2668 1974 2722 δὲ

383 2753 606 2824 πρώτας
627 2756 795 2820 αὐλὰς
817 2758 930 2820 τοῖς
962 2757 1368 2830 καθαρωτέροις
1394 2760 1563 2827 ἀνεὶς,
1586 2762 1713 2825 τοὺς
1742 2762 1974 2826 Λευῖτας

387 2848 586 2919 μόνους
617 2849 801 2915 ἀξίους
828 2850 1010 2920 ἔκρινε
1045 2851 1139 2904 τοῦ
1171 2851 1315 2905 Θείου
1354 2851 1697 2924 θεραπευτάς
1721 2871 1733 2883 ·
1768 2854 1976 2923 σφάγια

385 2940 474 3004 δὲ,
523 2941 616 2993 καὶ
667 2939 1081 3008 ὁλοκαυτώσεις,
1132 2944 1226 2996 καὶ
1281 2941 1378 3014 τὴν
1423 2944 1616 3014 λοιπὴν
1667 2947 1976 3018 ἱερουργίαν

386 3035 500 3096 τοῖς
532 3030 770 3102 ἱερεῦσιν
805 3032 1225 3104 ἀποκληρώσας,
1257 3034 1352 3087 ἕνα
1381 3035 1488 3089 τῶν
1531 3036 1746 3090 πάντων
1789 3036 1976 3108 ἐκκρι-

388 3141 481 3178 τον

387 3219 479 3273 διὰ
513 3219 734 3283 παντὸς,
761 3219 898 3274 ἀλλά
926 3220 1068 3274 κατὰ
1100 3220 1228 3291 μίαν
1251 3221 1420 3292 μόνην
1445 3222 1537 3275 τοῦ
1564 3223 1813 3278 ἐνιαυτοῦ
1843 3222 1980 3296 ἡμέ-

395 3329 516 3382 ραν,
547 3313 638 3364 καὶ
663 3311 866 3384 ταύτης
889 3311 1039 3383 ὥραν
1071 3313 1276 3384 τακτὴν
1317 3316 1586 3386 είσιτητδν
1631 3315 1780 3388 αύτῷ
1808 3334 1980 3372 κατα-

395 3406 619 3475 στήσας,
642 3405 782 3458 ὥστε
807 3405 893 3460 διὰ
910 3405 971 3458 τὸ
996 3405 1404 3476 ἀπεξενωμένον
1433 3409 1528 3461 καὶ
1543 3408 1716 3478 ,ἄηθες
1742 3408 1983 3479 Θαμόού-

399 3513 558 3565 μενον
590 3495 914 3549 ἐποπτεύειν
949 3499 1018 3549 τά
1035 3496 1202 3565 ’Ἅγια
1233 3497 1340 3551 τῶν
1373 3499 1562 3566 ἀγίωνσ
1595 3495 1654 3553 εὖ
1689 3500 1844 3563 εἰδὼς
1878 3499 1983 3553 ὑπὸ

398 3588 589 3656 σοφίας
615 3585 692 3656 τῷ
728 3587 826 3656 μὲν
861 3587 1232 3658 πεπατημένῳ
1264 3589 1356 3641 καὶ
1381 3588 1605 3642 αὐτόθεν
1635 3588 1825 3658 ληπτῷ
1848 3589 1981 3660 πρός

394 3693 580 3746 χειρον
594 3672 760 3729 οὖσαν
783 3677 883 3747 τὴν
905 3677 1332 3747 καταφρόνησιν,
1351 3677 1430 3747 τῷ
1451 3676 1507 3730 δὲ
1534 3677 1982 3747 ἀνακεχωρηκότι

397 3769 494 3822 καὶ
538 3769 748 3838 σπανίῳ
778 3767 1025 3838 φυσικῶς
1076 3784 1194 3832 πως
1244 3768 1687 3838 παρεζευγμένον
1727 3769 1788 3820 τὸ
1828 3785 1986 3839 περι-

398 3860 752 3914 σπούδαστον.
779 3859 937 3913 Κατὰ
957 3859 1052 3912 τὸν
1074 3858 1238 3913 αὐτὸν
1262 3859 1325 3930 δὴ
1349 3860 1551 3930 τρόπον
1577 3861 1672 3912 καὶ⁹
1693 3861 1744 3913 oi
1767 3859 1837 3912 τὰ
1859 3858 1986 3930 περὶ

396 3954 499 4017 τάς
524 3932 850 4024 Έκκλῆσίας
997 3951 1236 4024 ἐξαρχῆς
1249 3951 1840 4023 διαθεσμοθετήσαντες
1859 3951 1988 4006 ἀπό-

401 4047 581 4100 στολοι
606 4046 703 4098 καὶ
720 4045 962 4116 Πατέρες
991 4046 1047 4098 ἐν
1074 4044 1154 4115 τῷ
1179 4045 1551 4114 κεκρυμμένῳ
1577 4043 1673 4096 καὶ
1693 4042 1986 4114 ἁφθέγκτῳ

398 4139 461 4191 τὸ
495 4137 690 4207 σεμνὸν
713 4137 827 4198 τοῖς
850 4135 1169 4207 μυστηρίοις
1195 4135 1518 4204 ἐφύλασσον.
1551 4134 1686 4186 Οὐδὲ
1714 4134 1822 4206 γὰρ
1851 4134 1988 4197 ὅλως

405 4229 699 4298 μυστήριον
729 4226 790 4279 τὸ
831 4229 908 4289 εἰς
941 4226 1039 4297 τὴν
1068 4226 1288 4298 δημώδη
1326 4227 1419 4281 καὶ
1461 4225 1675 4279 εἰκαίαν
1706 4225 1874 4297 ἀκοὴν
1900 4225 1990 4277 ἐκ-

402 4337 587 4390 φορον.
627 4315 794 4380 Οὗτος
836 4319 865 4370 ό
905 4318 1062 4386 λόγος
1111 4319 1212 4386 τῆς
1263 4319 1370 4372 τῶν
1427 4318 1692 4389 ἀγράφων
1750 4317 1988 4388 παραδό-

405 4427 564 4474 σεως,
590 4411 666 4471 ὡς
697 4410 771 4480 μὴ
802 4409 1273 4482 καταμεληθεῖσαν
1444 4410 1554 4464 τῶν
1577 4411 1864 4481 δογμάτων
1889 4409 1990 4482 τὴν

405 4500 608 4570 γνῶσιν
655 4501 1133 4574 εὐκαταφρόνητον
1181 4504 1295 4566 τοῖς
1341 4501 1558 4564 πολλοῖς
1603 4501 1858 4570 γενέσθαι
1903 4501 1992 4557 διὰ

408 4594 718 4664 συνήθειαν.
758 4594 920 4647 ’Ἄλλο
943 4594 1052 4665 γάρ
1075 4594 1273 4665 δόγμα,
1311 4595 1406 4647 καὶ
1437 4593 1565 4648 ἄλλο
1591 4595 1859 4665 κήρυγμα
1917 4594 1992 4646 Τὸ

411 4685 512 4756 μὲν
543 4687 653 4757 γὰρ
687 4688 955 4740 σιωπᾶται
993 4724 1010 4751 ,
1157 4686 1224 4740 τὰ
1269 4686 1326 4740 δὲ
1365 4687 1696 4759 κηρύγματα
1893 4685 1991 4756 δη-

413 4777 739 4848 μοσιεύεται.
773 4779 991 4849 Σιωπῆς
1021 4778 1077 4831 δὲ
1103 4773 1243 4842 εἶδος
1268 4779 1360 4832 καὶ
1385 4781 1419 4850 ἡ
1445 4779 1705 4847 ἀσάφεια,
1793 4775 1993 4848 κέχρη-

409 4885 502 4922 ται
545 4871 578 4938 ή
637 4869 866 4940 Γραφὴ,
915 4868 1288 4942 δυσθεώρητον
1336 4871 1828 4934 κατασκευάζουσα
1867 4869 1992 4924 ,τῶν

409 4960 694 5032 δογμάτων
727 4963 816 5016 τὸν
848 4962 972 5018 νοῦν
1005 4963 1141 5034 πρὸς
1181 4963 1242 5016 τὸ
1287 4963 1396 5017 τῶν
1429 4963 1866 5034 ἐντυγχανόντων
1902 4963 1995 5016 λυ-

413 5053 622 5117 σιτελές
675 5054 877 5108 Τούτου
908 5055 1067 5126 χάριν
1099 5054 1302 5118 πάντες
1339 5055 1439 5125 μὲν
1472 5055 1689 5128 ὁρῶμεν
1718 5055 1842 5108 κατ’
1867 5054 1996 5108 ἀνα·

413 5147 573 5212 τολὰς
601 5149 694 5200 ἐπὶ
721 5150 829 5200 τῶν
880 5147 1227 5220 προσευχῶν·
1260 5147 1430 5216 cum
1468 5148 1524 5201 δὲ
1573 5149 1751 5220 ίσμεν,
1783 5148 1866 5201 ὅτι
1897 5146 1995 5218 τὴν

418 5251 658 5322 ἀρχαίαν
687 5245 1054 5315 ἐπιζητοῦμεν
1089 5240 1345 5313 πατρίδα,
1397 5239 1490 5292 τὸν
1525 5237 1883 5309 παράδεισον,
1931 5236 1992 5290 δν

418 5345 714 5410 ἐφύτευσεν
766 5341 794 5392 ό
827 5339 958 5401 Θεὸς
1010 5338 1068 5390 ἐν
1090 5335 1253 5405 Ἐδέμ
1305 5333 1424 5386 κατ’
1472 5330 1757 5394 ἀνατολάς.
1800 5327 1989 5398 Ὀρθοὶ

425 5434 525 5503 μὲν
555 5416 872 5499 πληρούμεν
901 5429 996 5492 τὰς
1033 5427 1196 5498 εὐχὰς
1228 5428 1282 5478 ὲν
1313 5426 1379 5493 τῇ
1419 5424 1519 5494 μιᾷ
1546 5421 1642 5474 τοῦ
1675 5415 1984 5475 Σαϐϐάτουο

424 5525 518 5577 τὶν
547 5524 602 5574 δὲ
634 5523 791 5588 λόγον
829 5522 891 5572 ού
919 5521 1120 5580 πάντες
1175 5517 1422 5584 οἴδαμεν.
1469 5516 1542 5568 Οὔ
1573 5514 1680 5584 γὰρ
1727 5512 1888 5581 μόνον
1918 5511 1993 5574 ὡς

425 5611 856 5675 συναναστάντες
870 5608 1107 5681 Χριστῷ,
1132 5608 1221 5661 καὶ
1241 5608 1310 5661 τὰ
1326 5607 1440 5661 ἅνω
1461 5607 1644 5677 ζητεῖν
1665 5605 1997 5676 ὀφείλοντες,

2061 578 2219 648 panis
2391 577 2752 632 Eucharistia:
2798 586 2851 631 et
2909 577 3166 646 poculum
3209 578 3632 642 benedictionis,

2061 670 2183 738 quis
2207 675 2527 723 sanctorum
2562 671 2616 722 in
2649 668 2855 737 scripto
2887 669 3044 724 nobis
3067 671 3315 740 reliquit?
3351 669 3460 725 Nec
3487 672 3630 726 enim

2061 761 2146 814 bis
2191 759 2434 814 contenti
2471 776 2686 825 sumus,
2724 777 2846 829 quae
2897 772 3292 816 commemorat
3333 764 3631 832 Apostolus

2059 863 2151 906 aut
2191 851 2565 922 Evangelium,
2597 869 2784 908 verum
2815 854 2920 907 alia
2953 870 3170 923 quoque
3192 864 3246 909 et
3272 865 3397 910 ante
3427 867 3480 909 et
3511 865 3635 925 post

2057 942 2318 1009 dicimus,
2371 950 2633 1012 tanquam
2683 945 2914 998 multum
2952 945 3206 999 habentia
3258 948 3521 1000 momenti
3565 945 3636 1000 ad

2059 1033 2408 1104 mysterium,
2441 1049 2564 1102 qua
2589 1049 2656 1087 ex
2689 1034 2986 1089 traditione
3029 1050 3139 1088 non
3179 1036 3384 1105 scripta
3418 1036 3636 1106 accepi-

2059 1141 2202 1180 mus.
2239 1125 2625 1182 Benedicimus
2658 1135 2840 1182 autem
2873 1137 2925 1182 et
2960 1143 3155 1198 aquam
3189 1129 3555 1198 baptismatis,
3582 1136 3636 1184 et

2057 1215 2239 1271 oleum
2283 1217 2582 1280 unctionis,
2622 1218 2732 1272 imo
2758 1219 2936 1288 ipsum
2966 1220 3132 1274 etiam
3173 1219 3264 1288 qui
3303 1220 3635 1288 baptismum

2059 1306 2280 1375 accipit.
2316 1306 2393 1360 Ex
2428 1307 2631 1377 quibus
2660 1309 2921 1378 scriptis?
2956 1307 3150 1364 Nonne
3187 1324 3217 1362 a
3248 1310 3412 1364 tacita
3453 1326 3636 1365 secre-

2062 1405 2224 1467 taque
2259 1398 2594 1454 traditione?
2629 1399 2806 1469 ipsam
2843 1415 2969 1455 vero
2999 1401 3101 1454 olei
3134 1400 3475 1463 unctionem,
3509 1402 3636 1470 quis

2061 1503 2243 1545 sermo
2293 1492 2499 1560 scripto
2529 1491 2778 1560 proditus
2827 1490 3055 1545 docuit?
3085 1488 3204 1544 Jam
3259 1500 3340 1545 ter
3388 1490 3634 1560 immergi

2061 1580 2360 1646 hominem,
2394 1582 2538 1637 unde
2571 1582 2863 1636 haustum?
2897 1580 3122 1651 Reliqua
3154 1590 3332 1635 autem
3359 1598 3479 1650 qua:
3503 1583 3639 1634 ﬁunt

2061 1671 2119 1725 iu
2164 1671 2461 1741 baptismo,
2494 1672 2660 1725 veluti
2708 1671 3025 1726 renuntiare
3072 1671 3289 1725 Satanae
3342 1681 3395 1727 et
3429 1671 3639 1742 angelis

2061 1761 2202 1831 ejus,
2234 1778 2301 1816 ex
2326 1777 2434 1831 qua
2459 1762 2734 1830 srripturt
2761 1761 3072 1816 habemus?
3101 1761 3294 1816 Nonne
3326 1779 3389 1815 ex
3416 1763 3640 1816 minime

2063 1852 2344 1923 publicata
2373 1860 2428 1908 et
2455 1867 2656 1907 arcana
2681 1861 2785 1908 hac
2816 1853 3091 1918 doctrina,
3125 1868 3288 1923 quam
3329 1861 3512 1924 patres
3541 1868 3644 1908 no-

2063 1945 2164 2000 stri
2202 1945 2420 1999 silentio
2449 1944 2638 2013 quieto
2674 1944 3007 2016 minimeque
3038 1946 3261 2001 curioso
3315 1945 3644 2001 servarunt?

2064 2035 2277 2105 Quippe
2314 2037 2448 2090 illud
2483 2037 2652 2106 probe
2689 2037 3014 2104 didicerant,
3069 2039 3452 2111 mysteriorum
3487 2054 3638 2093 reve-

2070 2127 2304 2180 rentiam
2335 2127 2556 2182 silentio
2597 2129 2937 2183 conservari.
2966 2127 3101 2182 Nam
3134 2144 3258 2198 quae
3307 2143 3408 2183 nec
3443 2128 3641 2183 intueri

2069 2212 2152 2269 fas
2183 2224 2268 2272 est
2310 2232 2421 2271 non
2476 2217 2726 2284 initiatis,
2761 2219 2854 2288 qui
2905 2220 3264 2275 conveniebat
3311 2219 3507 2275 horum
3550 2218 3647 2274 do-

2069 2309 2309 2364 ctrinam
2341 2309 2564 2379 scriptis
2590 2310 2846 2381 vulgari?
2871 2318 2964 2364 aut
2993 2311 3126 2381 quid
3159 2311 3380 2369 tandem
3413 2311 3519 2366 sibi
3551 2328 3648 2369 vc-

2069 2401 2172 2456 luit
2203 2416 2435 2472 magnus
2470 2403 2561 2458 ille
2599 2402 2834 2474 Moyses,
2867 2404 2960 2474 qui
2993 2418 3104 2458 non
3129 2403 3460 2475 omniaquae
3491 2412 3649 2460 erant

2071 2493 2127 2548 in
2190 2494 2398 2563 templo
2459 2509 2656 2563 passus
2702 2495 2776 2550 sit
2844 2496 3103 2551 omnibus
3170 2511 3293 2551 esse
3356 2496 3539 2565 pervia
3589 2497 3652 2551 ’ἲ

2072 2583 2168 2640 sed
2215 2581 2475 2653 profanos
2523 2595 2681 2639 extra
2731 2599 2925 2639 sacros
2974 2584 3250 2641 cancellos
3303 2586 3534 2645 statuit;
3586 2598 3651 2638 ac

2073 2674 2256 2743 priora
2290 2674 2508 2743 quidem
2540 2675 2681 2728 atria
2714 2673 3030 2744 purioribus
3052 2674 3399 2744 permittens,
3433 2672 3652 2729 Levitas

2072 2767 2223 2822 solos
2251 2765 2444 2836 dignos
2471 2767 2685 2821 censuit
2717 2766 2963 2822 numinis
3005 2765 3311 2822 ministerio
3346 2771 3365 2800 ²
3401 2783 3416 2822 :
3444 2769 3653 2819 macta-

2073 2856 2255 2912 tiones
2303 2864 2486 2911 autem
2543 2856 3158 2924 holocautomatumque
3206 2855 3549 2932 oblationes,
3598 2859 3653 2908 et

2076 2948 2286 3017 reliqua
2317 2963 2440 3018 qua!
2472 2948 2540 3004 ad
2571 2963 2684 3003 rem
2720 2961 2933 3003 sacram
2970 2948 3242 3016 pertinent
3271 2945 3654 3002 sacerdotibus

2077 3039 2381 3112 assignavit
2421 3043 2442 3075 ³
2470 3057 2486 3106 ;
2523 3048 2690 3110 atque
2713 3053 2883 3093 unum
2915 3053 2981 3093 ex
3013 3037 3271 3092 omnibus
3304 3037 3570 3093 selectum
3599 3035 3658 3089 in

612 3143 616 3147 ·
662 3127 743 3189 είς
770 3125 842 3179 τὰ
871 3126 1041 3180 ἄδυτα
1074 3127 1439 3199 παραδέχεται
1458 3143 1472 3156 °
1519 3130 1612 3183 καὶ
1637 3129 1759 3183 ούδέ
1788 3131 1976 3185 τοῦτον

2078 3127 2240 3199 adyta
2283 3126 2510 3184 admisit
2546 3129 2600 3194 δ,
2632 3134 2688 3182 et
2733 3141 2802 3182 ne
2833 3127 2983 3181 hunc
3021 3125 3242 3196 quidem
3275 3141 3512 3196 semper,
3557 3123 3656 3179 sed

2079 3235 2192 3275 uno
2232 3226 2445 3276 tantum
2491 3219 2581 3276 die
2631 3221 2972 3290 quotannis:
3025 3219 3158 3290 quin
3212 3225 3266 3274 et
3341 3217 3508 3288 hujus
3550 3217 3658 3271 diei

2079 3321 2288 3369 certam
2341 3312 2535 3368 horam
2583 3329 2692 3384 qua
2741 3312 2822 3368 fas
2873 3322 3022 3368 esset
3055 3311 3290 3382 ingredi,
3339 3310 3658 3382 praestituit,

2081 3421 2193 3476 quo
2239 3413 2465 3475 propter
2503 3406 2801 3460 novitatem
2852 3410 2906 3459 et
2937 3402 3312 3471 insolentiam,
3360 3417 3488 3458 cum
3535 3409 3658 3458 stu-

2083 3512 2215 3566 pore
2241 3497 2550 3552 intueretur
2586 3496 2787 3552 Sancta
2818 3503 3136 3552 sanctorum
3177 3504 3198 3534 ι
3233 3495 3444 3566 :probe
3479 3494 3663 3549 sciens

2085 3603 2186 3659 pro
2224 3603 2323 3643 sua
2367 3588 2660 3658 sapientia,
2696 3603 2787 3643 res
2831 3599 2935 3642 usu
2970 3587 3129 3644 tritas
3159 3596 3213 3641 et
3243 3602 3310 3641 ex
3357 3599 3418 3641 se
3449 3583 3665 3645 obvias,

2083 3679 2366 3748 expositas
2396 3693 2521 3736 esse
2555 3677 2896 3747 contemptui
2927 3695 2941 3731 :
2974 3678 3141 3731 rebus
3183 3690 3317 3731 vero
3351 3690 3474 3745 quae
3507 3687 3670 3742 sepo-

2085 3755 2202 3823 sita:
2241 3778 2372 3824 sunt
2413 3783 2476 3823 ac
2521 3782 2660 3822 rara:
2716 3767 3122 3837 quodammodo
3172 3765 3499 3822 naturaliter
3541 3778 3673 3819 con-

2079 3861 2329 3930 junctam
2359 3875 2482 3916 esse
2529 3873 2800 3916 summam
2851 3859 3268 3914 admirationem
3303 3855 3666 3912 acstudium.

2088 3954 2168 4007 Ad
2209 3953 2462 4008 eumdem
2493 3951 2744 4022 profecto
2774 3951 3020 4015 modum,
3059 3957 3113 4005 et
3145 3948 3240 4018 qui
3291 3947 3450 4002 initio
3481 3953 3668 4002 certos

2086 4046 2527 4102 Ecclesiaawitus
2567 4044 3032 4116 praescripserunt
3077 4040 3313 4110 apostoli
3346 4047 3418 4095 et
3453 4037 3669 4102 Patres,

2087 4140 2140 4194 in
2197 4139 2419 4194 occulto
2467 4137 2800 4206 silentioque
2852 4132 3132 4202 mysteriis
3173 4146 3330 4186 suam
3380 4143 3672 4185 servavere

2088 4233 2433 4304 dignitatem.
2485 4229 2674 4299 Neque
2726 4229 2872 4284 enim
2919 4226 3146 4282 omnino
3201 4222 3523 4294 mysterium
3567 4228 3672 4287 est,

2087 4324 2237 4395 quod
2303 4319 2371 4379 ad
2433 4323 2728 4394 populares
2783 4336 2847 4374 ac
2903 4320 3160 4390 vulgares
3207 4331 3370 4370 aures
3425 4311 3673 4369 cll‘ertur.

2091 4417 2215 4471 llazc
2261 4422 2346 4471 est
2374 4415 2536 4477 ratio,
2590 4429 2692 4468 cur
2720 4411 2971 4483 quaedam
3024 4411 3162 4464 citra
3205 4408 3469 4476 scriptum
3504 4402 3679 4458 tradi-

2091 4519 2145 4564 ta
2185 4509 2336 4570 sint,
2382 4523 2452 4562 ne
2495 4506 2816 4578 dogmatum
2873 4503 3064 4558 notitia
3112 4501 3359 4571 neglecta
3388 4538 3403 4562 ,
3454 4503 3679 4566 propter

2091 4599 2502 4658 assuetudinem
2548 4600 2712 4669 vulgo
2743 4597 2956 4652 veniret
2996 4595 3050 4649 in
3085 4599 3481 4661 contemptum.
3513 4585 3678 4642 Aliud

2093 4693 2288 4763 utique
2313 4699 2396 4747 est
2440 4689 2660 4760 dogma,
2697 4687 2846 4742 aliud
2877 4686 3215 4758 praedicatio.
3254 4682 3386 4736 Nam
3421 4680 3678 4748 dogmata

2095 4783 2352 4844 silentur,
2401 4779 2826 4850 praedicationes
2869 4792 3000 4831 vero
3050 4774 3421 4845 pnblieantur.
3461 4767 3556 4822 Est
3587 4779 3683 4818 an-

2099 4883 2206 4929 tem
2237 4873 2441 4928 silentii
2490 4870 2704 4941 species
2759 4870 2926 4924 etiam
2977 4865 3293 4921 obscuritas
3345 4878 3454 4933 qua
3504 4859 3680 4914 utitur

2103 4965 2408 5035 Scriptura,
2571 4961 2852 5016 intellectu
2885 4958 3156 5013 dilIicilem
3183 4953 3417 5010 reddens
3449 4952 3679 5019 dogma~

2101 5067 2215 5111 tum
2267 5052 2621 5116 sententiam,
2683 5051 2848 5121 idque
2907 5049 2973 5104 ad
3027 5047 3318 5120 legentium
3367 5043 3678 5099 utilitatem.

2106 5146 2258 5199 llanc
2291 5142 2362 5197 ob
2398 5154 2623 5196 causam
2672 5154 2864 5196 omnes
2918 5145 3233 5210 spectamus
3264 5133 3330 5188 ad
3391 5131 3682 5191 orientem,

2103 5249 2226 5289 cum
2293 5246 2600 5302 precamur,
2637 5228 2798 5300 pauci
2854 5239 3033 5283 tamen
3091 5226 3364 5290 novimus,
3421 5224 3570 5295 quod
3618 5224 3673 5280 id

2102 5327 2368 5382 facientes
2423 5325 2702 5394 antiquam
2742 5319 3067 5391 requirimus
3100 5317 3328 5390 patriam
3355 5359 3369 5382 ,
3417 5315 3673 5371 videlicet

2101 5419 2611 5490 paradisu:n,quem
2646 5417 2906 5485 plantavit
2938 5415 3077 5470 Deus
3117 5415 3170 5468 in
3201 5413 3347 5468 Eden
3383 5413 3449 5468 ad
3491 5411 3673 5467 orien-

2103 5521 2210 5566 tem
2246 5513 2282 5562 °.
2343 5510 2523 5564 Erecti
2581 5510 2762 5564 itidem
2805 5507 3116 5576 perlicimus
3155 5505 3572 5575 deprecatioaes
3618 5505 3670 5557 in

2107 5617 2214 5657 una
2269 5602 2514 5666 Sabbati,
2568 5602 2663 5656 sed
2718 5600 2984 5654 rationem
3019 5613 3130 5652 non
3165 5611 3357 5652 omnes
3401 5597 3676 5652 novimus.

493 5802 699 5858 'Num.
731 5818 802 5866 tv,
841 5799 930 5852 εο.
1005 5801 1025 5832 ⁸
1055 5797 1220 5854 Num.
1263 5809 1417 5860 xvut,
1466 5793 1558 5860 2i,
1589 5791 1678 5846 22.
1760 5795 1778 5825 ³
1818 5793 1950 5848 ibid.

2115 5793 2134 5822 ⁵
2171 5792 2343 5848 Exod.
2403 5806 2532 5858 xxx,
2597 5790 2686 5846 10.
2761 5790 2782 5822 ⁸
2817 5786 2991 5844 Levit.
3015 5786 3212 5860 "1,2.
3291 5788 3311 5820 ⁸
3342 5786 3478 5845 Gen.
3518 5801 3578 5854 ιι,
3612 5784 3669 5842 8.
