4036 6210
401 327 511 393 795

1645 330 2022 393 EUTHYMH
2068 332 2238 393 ZIG.\
2255 332 2427 391 BEN!

3568 339 3670 403 7.6

412 470 533 526 Non
564 471 712 527 enim
754 473 932 528 solum
976 471 1121 542 quod
1178 472 1337 526 veluti
1390 471 1553 526 simul
1602 487 1725 525 cum
1765 472 1983 527 Christo

2084 476 2141 529 ὲν
2170 478 2236 545 τῇ
2270 475 2620 545 ἀναστασίμῳ
2660 478 2840 548 ἡμέρᾳ
2870 476 2966 547 τῆς
3009 474 3301 548 δεδομένης
3331 480 3463 549 ἡμῖν
3512 481 3656 551 χάρι-

414 564 752 629 resuscitati,
782 581 902 635 qua:
945 580 1162 619 sursum
1208 571 1337 617 sunt
1382 578 1627 631 quaerere
1669 563 1982 629 debeamus,

416 655 472 708 in
535 655 623 710 die
682 655 1101 709 resurrectionis
1153 653 1292 707 data:
1347 654 1505 709 nobis
1558 656 1744 723 gratiae
1788 656 1984 710 stando

416 758 705 817 preCantes
739 748 1102 816 nosmetipsos
1144 747 1687 813 commonefacimus,
1719 748 1814 803 sed
1840 750 1984 818 quod

412 839 464 891 is
493 838 611 891 dies
644 838 891 890 videatur
920 838 1101 906 aliquo
1130 839 1291 892 modo
1317 839 1494 909 imago
1529 839 1740 894 venturi
1773 841 1980 894 seaculi.

415 930 599 999 quue
632 946 753 983 cum
806 930 876 984 sit
921 931 1248 999 principium
1294 930 1525 997 dierum,
1572 948 1682 986 non
1715 933 1923 1001 primus
1954 946 1982 984 a

416 1022 618 1092 Moyse,
645 1023 738 1076 sed
771 1040 910 1077 unus
937 1024 1241 1093 appellatus
1265 1033 1368 1078 est.
1402 1022 1573 1075 Facta
1602 1032 1679 1077 est
1711 1025 1872 1086 enim,
1899 1024 1982 1077 in-

412 1114 552 1181 quit,
606 1128 834 1180 vespera,
870 1122 917 1166 et
959 1114 1158 1181 factum
1193 1125 1269 1167 est
1312 1130 1495 1177 mane,
1550 1114 1661 1167 dies
1714 1130 1850 1168 unus
1902 1123 1916 1151 ί
1962 1130 1975 1165 :

412 1215 672 1275 tanquam
718 1206 809 1275 qui
854 1222 994 1274 saepe
1040 1215 1302 1259 recurrat.
1334 1206 1503 1275 Igitur
1540 1222 1682 1260 unus
1724 1204 1980 1259 esLidem

411 1306 467 1350 et
519 1305 783 1358 octavus,
837 1312 1005 1350 unum
1059 1296 1208 1349 illum
1280 1297 1610 1366 singularem
1665 1311 1728 1351 ac
1789 1311 1979 1351 verum

412 1398 688 1449 octavum,
720 1388 879 1456 cujus
909 1396 961 1440 et
988 1387 1275 1440 Psalmista
1307 1388 1360 1441 in
1393 1386 1718 1457 quibusdam
1745 1386 1983 1442 Psalmo-

412 1496 533 1533 rum
572 1480 1021 1548 inscriptionibus
1067 1480 1313 1533 meminit
1345 1486 1390 1543 ²,
1425 1494 1521 1549 per
1553 1495 1610 1534 se
1644 1480 1981 1549 signiﬁcans,

414 1580 615 1625 statum
690 1571 938 1625 videlicet
992 1572 1094 1624 hoc
1154 1581 1367 1638 tempus
1431 1578 1780 1634 secuturum,
1841 1570 1985 1623 diem

414 1679 524 1716 non
551 1662 876 1725 desiturum,
916 1676 1151 1729 vespera:
1199 1662 1468 1723 nescium,
1516 1662 1853 1714 successoris
1892 1677 1986 1715 ex-

414 1764 645 1823 pertem,
677 1770 847 1805 mrum
908 1753 1039 1805 illud
1081 1768 1359 1820 nunquam
1410 1752 1703 1805 ﬁniendum
1742 1768 1841 1806 nec
1884 1769 1985 1806 un-
2016 1793 2056 1844 Β

414 1862 579 1914 quam
622 1860 930 1899 senescens.
974 1842 1296 1897 Necessario
1328 1844 1494 1912 igitur
1535 1844 1586 1896 in
1635 1843 1737 1897 hoc
1776 1844 1862 1898 die
1895 1845 1985 1899 Ec-

412 1939 582 1993 clesia
625 1952 753 1990 suos
796 1938 1045 1990 alumnos
1099 1936 1294 1997 docet,
1351 1950 1541 2002 preces
1603 1950 1731 1989 suas
1789 1936 1983 1990 stando

414 2029 737 2087 absolvere,
783 2034 843 2079 ut
899 2026 1120 2080 assidua
1171 2026 1599 2080 commonitione
1650 2027 1772 2080 vita:
1836 2027 1983 2081 illius

415 2128 695 2181 nunquam
731 2112 1008 2175 desituraz,
1046 2128 1154 2166 non
1187 2113 1525 2181 negligamus
1561 2114 1625 2167 ad
1656 2130 1775 2169 eam
1818 2116 1985 2171 demi-

413 2206 714 2276 grationem
768 2218 963 2274 parare
1000 2204 1280 2257 viaticum.
1334 2204 1477 2270 Quin
1527 2212 1581 2259 et
1630 2213 1803 2260 totum
1849 2208 1983 2262 illud

414 2296 812 2366 quinquaginta
863 2295 1075 2350 dierum
1116 2303 1332 2364 tempus
1358 2297 1657 2351 admonitio
1687 2308 1770 2353 est
1801 2314 1979 2354 resuro

414 2389 711 2453 rectionis,
764 2402 926 2457 quam
992 2386 1049 2441 in
1100 2388 1272 2442 altero
1313 2389 1511 2442 saeculo
1578 2397 1980 2459 exspectamus.

413 2479 549 2534 Nam
582 2497 727 2536 unus
756 2481 846 2534 ille
877 2490 930 2533 et
956 2479 1167 2549 primus
1192 2479 1309 2534 dies
1337 2480 1538 2549 septies
1567 2481 1981 2551 multiplicatus,

415 2580 621 2641 septem
668 2585 838 2626 sacra:
893 2569 1243 2625 Pentecostes
1304 2570 1676 2625 hebdomadas
1726 2572 1979 2628 absolvit.

412 2664 457 2717 A
504 2664 677 2733 primo
713 2662 856 2716 enim
900 2661 1185 2730 incipiens,
1225 2660 1279 2713 in
1328 2660 1576 2715 eumdem
1620 2660 1840 2725 desinit,
1883 2678 1979 2733 per

387 2754 641 2816 similes,
674 2753 764 2821 qui
816 2751 869 2805 in
920 2751 1097 2805 medio
1142 2750 1507 2811 intercedunt.
1554 2752 1672 2806 dies
1719 2753 1982 2823 quinqua-

2084 582 2173 628 τος
2215 565 2302 618 διὰ
2344 566 2441 635 τῆς
2482 565 2621 617 κατά
2657 566 2753 635 τὴν
2794 566 3099 636 προσευχὴν
3140 569 3384 632 στάσεως
3433 571 3657 634 ἑαυτοὺς

2085 656 2604 726 ὑπομιμνήσκομεν·
2643 656 2755 708 ἀλλ’
2789 657 2871 708 ὅτι
2919 656 3067 709 δοκεῖ
3112 675 3229 720 πως
3278 660 3374 711 τοῦ
3430 662 3657 730 προσδο-

2082 747 2328 817 κωμένου
2358 746 2551 810 αἰῶνος
2578 743 2713 799 εἶναι
2738 746 2918 802 εἰκών.
2955 748 3045 800 Διὸ
3073 751 3167 801 καὶ
3192 750 3333 819 ἀρχὴ
3360 747 3495 803 οὖσα
3528 754 3656 821 ήμεο

2088 838 2216 910 ρῶν,
2247 837 2367 907 οὐχὶ
2401 840 2590 909 πρώτη
2628 838 2779 908 παρά
2808 838 3108 901 Μωῦσέως,
3144 839 3280 892 ἀ).λά
3309 841 3407 909 μία
3439 841 3655 910 ὠνόμα-

2087 947 2226 982 σται.
2290 927 2550 996 Ἐγένετο
2592 929 2701 997 γὰρ
2723 968 2736 989 ,
2774 928 2959 996 φησὶν,
2992 928 3238 996 ἑσπέρα,
3274 931 3373 982 καὶ
3419 931 3654 999 ἐγένετο

2084 1020 2233 1088 πρωῒ
2254 1059 2268 1082 ,
2318 1019 2505 1088 ἡμέρα
2529 1020 2637 1088 μία
2660 1036 2674 1050 '
2710 1020 2783 1082 ὼς
2818 1019 2914 1088 τῆς
2958 1021 3126 1089 αὐτῆς
3174 1022 3653 1096 ἀνακυκλουμένης

2084 1109 2362 1171 πολλάκις.
2399 1109 2508 1161 Καὶ
2549 1108 2644 1178 μία
2694 1109 2870 1160 τοίνυν
2912 1110 2945 1179 ἡ
2990 1108 3127 1179 αὑτὴ
3151 1149 3164 1171 ,
3196 1112 3289 1162 καὶ
3326 1112 3490 1181 ὀγδόη
3514 1153 3528 1173 ,
3560 1114 3655 1183 τὴν

2087 1200 2216 1269 μίαν
2257 1201 2423 1263 ὅντως
2469 1200 2684 1271 ἐκείνην
2713 1201 2804 1252 καὶ⁵
2848 1200 3106 1271 ἀληθινὴν
3136 1202 3350 1273 ὀγδόην,
3381 1200 3450 1271 ἧς
3495 1206 3588 1257 καὶ
3627 1208 3656 1258 δ

2084 1293 2383 1363 Ψαλμῳδὸς
2415 1294 2471 1346 ἕν
2509 1311 2647 1345 τισιν
2672 1294 3003 1363 ἐπιγραφαῖς
3024 1293 3130 1347 τῶν
3151 1295 3379 1365 ψαλμῶν
3418 1299 3657 1367 ὲπεμνη-

2089 1384 2211 1451 σθη,
2238 1384 2304 1437 δι’
2347 1384 2545 1453 ἑαυτῆς
2587 1386 2957 1455 ἐμφανίζουσα
2981 1424 2995 1448 ,
3024 1386 3120 1456 τὴν
3166 1388 3303 1456 μετά
3341 1387 3435 1440 τὸν
3470 1390 3655 1458 χρόνον

2083 1478 2270 1529 τοῦτον
2312 1476 2663 1541 κατάστασιν,
2700 1478 2798 1549 τήν
2844 1477 3119 1531 ἄπαυστον
3161 1478 3398 1549 ἡμέραν,
3428 1480 3525 1551 τὴν
3564 1483 3656 1534 ἀν·

2084 1569 2348 1638 έσπερον,
2404 1568 2502 1638 τὴν
2552 1569 2865 1638 ἀδιάδοχον,
2914 1569 3004 1622 τὸν
3045 1569 3276 1639 ἄληκτον
3319 1571 3529 1623 ἐκεῖνον
3564 1573 3657 1624 καὶ

2084 1658 2275 1727 ἀγήρω
2296 1657 2481 1709 αίῶνα.
2524 1659 2860 1725 Ἀναγκαίως
2880 1654 2970 1711 οὖν
2992 1658 3087 1721 τὰς
3106 1661 3163 1710 ὲν
3185 1661 3319 1729 αὐτῇ
3346 1663 3657 1730 προσευχὰς

2085 1746 2323 1808 ἑστῶτας
2362 1746 2710 1817 ἀποπληροῦν
2734 1749 2860 1809 τοὺς
2894 1748 3089 1817 ἑαυτῆς
3117 1750 3423 1818 τροφίμους
3454 1752 3488 1820 ἡ
3538 1751 3656 1803 Ἑκ-

2084 1837 2281 1906 κλησία
2306 1837 2566 1902 παιδεύει,
2602 1838 2687 1889 ἵνα
2719 1839 2783 1906 τῇ
2828 1841 3035 1907 συνεχεῖ
3068 1838 3373 1908 ὑπομνήσει
3404 1841 3503 1909 τῆς
3533 1843 3655 1894 ἀτε-

2082 1928 2338 1998 λευτήτου
2384 1926 2531 1996 ζωῆς
2579 1927 2681 1979 τῶν
2736 1926 2873 1997 πρὸς
2915 1928 3012 1997 τήν
3062 1929 3394 1997 μετάστασιν
3439 1933 3655 2001 ἐκείνην

2084 2020 2307 2088 ἐφοδίων
2356 2020 2429 2089 μὴ
2476 2018 2786 2088 ἀμελῶμεν.
2821 2019 2932 2071 Καὶ
2975 2020 3120 2070 πᾶσα
3151 2018 3207 2069 δὲ
3244 2020 3277 2089 ή
3312 2023 3654 2094 πεντηκοστὴ

2081 2110 2181 2178 τῆς
2225 2110 2281 2161 ὲν
2323 2109 2399 2179 τῷ
2438 2108 2592 2163 αίῶνι
2799 2107 3253 2179 προσδοκωμένης
3306 2111 3655 2175 ἀναστάσεώς

2082 2201 2230 2254 ἐστιν
2284 2201 2598 2271 ὑπόμνημα.
2650 2201 2713 2253 Ἠ
2769 2200 2877 2271 γὰρ
2936 2201 3035 2269 μία
3078 2200 3260 2271 ἐκείνη
3313 2202 3408 2255 καὶ
3463 2203 3654 2276 πρώτη

2082 2293 2297 2364 ἡμέρα,
2340 2292 2567 2355 ἑπτάκις
2607 2290 3137 2346 ἐπταπλασιασθεῖσα
3162 2332 3175 2357 ,
3225 2293 3324 2356 τὰς
3372 2295 3515 2348 ἑπτὰ
3560 2296 3658 2367 τῆς

2086 2388 2235 2458 ἱερᾶς
2270 2386 2638 2458 πεντηκοστῆς
2668 2385 2965 2456 ἑϐδομάδας
2994 2386 3262 2439 ἀποτελεῖ.
3309 2387 3405 2440 Ἐκ
3432 2387 3657 2459 πρώτης

2083 2477 2191 2547 γάρ
2223 2478 2519 2548 ἀρχομένη,
2555 2479 2634 2540 είς
2666 2477 2764 2547 τὴν
2793 2477 2962 2546 αὐτὴν
2994 2477 3319 2548 καταλήγει,
3356 2479 3425 2532 δι’
3455 2480 3658 2551 ὁμοίων

2082 2568 2191 2621 τῶν
2233 2570 2289 2620 ὲν
2334 2568 2413 2637 τῷ
2460 2567 2608 2639 μέσῳ
2642 2566 3017 2637 ἐξελιττομένη
3068 2569 3517 2637 πεντηκοντακις.
3564 2570 3657 2623 Διδ

2085 2663 2178 2715 καί
2206 2662 2376 2715 αἰῶνα
2552 2662 2797 2731 μιμεῖται
2824 2664 2889 2731 τῇ
2918 2661 3217 2731 ὁμοιότητι,
3254 2661 3445 2735 ὥσπερ
3476 2664 3535 2717 ὲν
3562 2680 3654 2717 κυ-

2084 2763 2243 2832 κλικῇ
2288 2762 2498 2832 κινήσει
2546 2760 2652 2813 ἀπὸ
2695 2757 2804 2811 τῶν
2842 2760 3022 2811 αὐτῶν
3067 2758 3345 2829 ἀρχομένη
3393 2759 3652 2831 σημείων,

414 2846 529 2916 gies
570 2844 840 2898 evolutus.
918 2840 1071 2896 Unde
1115 2850 1169 2895 et
1219 2842 1581 2896 mternitatem
1626 2843 1983 2900 similitudine

2083 2856 2178 2910 καί
2207 2858 2285 2919 είς
2314 2856 2381 2908 τὰ
2406 2854 2546 2908 αὐτὰ
2574 2853 2975 2923 καταλήγουσα.
3020 2854 3107 2905 Ἐν
3181 2853 3242 2905 τὸ
3265 2852 3451 2923 ὄρθιον
3476 2855 3658 2925 σχῆμα

416 2938 606 3000 refert,
642 2936 771 2989 dum
802 2935 950 2988 velut
993 2934 1047 2987 in
1083 2943 1228 2987 motu
1263 2934 1542 2998 circulari,
1574 2935 1642 2988 ab
1667 2936 1861 2990 iisdem
1892 2953 1983 2992 or-

2083 2948 2180 3016 τῆς
2215 2945 2522 3017 προσευχῆς
2568 2946 2836 3014 προτιμᾷν
2865 2946 2913 2996 οἱ
2949 2943 3139 3012 θεσμοὶ
3175 2942 3275 3013 τῆς
3334 2942 3658 3013 Ἐκκλησίας

416 3044 512 3083 sus
545 3027 716 3097 signis
766 3027 820 3078 in
855 3023 1043 3078 eadem
1072 3023 1295 3078 desinit.
1332 3024 1452 3090 Quo
1495 3025 1549 3078 in
1593 3025 1703 3090 die,
1734 3029 1983 3098 corporis

2083 3039 2229 3107 ἡμᾶς
2271 3037 2689 3103 ὲξεπαίδευσαν,
2736 3036 2799 3087 ἐκ
2843 3034 2941 3103 τῆς
2981 3032 3245 3103 ἐναργοῦς
3296 3034 3656 3103 ὑπομνήσεως

415 3125 599 3173 erecto
649 3117 835 3171 habitu
881 3116 1091 3187 precari
1144 3116 1327 3185 potius
1376 3131 1477 3170 nos
1533 3114 1791 3172 Ecclesiae
1843 3120 1983 3177 ritus

2083 3132 2243 3183 οἱονεὶ
2284 3129 2675 3199 μετοικίζοντες
2700 3127 2856 3199 ἡμῶν
2892 3126 2981 3179 τὸν
3013 3125 3137 3177 νοῦν
3172 3125 3281 3178 ἀπὸ
3306 3124 3420 3177 τῶν
3456 3124 3656 3195 παρόν-

415 3214 736 3271 docuerunt,
785 3210 1040 3263 nimirum
1092 3223 1187 3279 per
1239 3208 1547 3263 evidentem
1595 3212 1983 3265 commonitio-

2083 3239 2190 3275 των
2219 3223 2311 3275 ἐπὶ
2332 3223 2401 3274 τὰ
2430 3221 2710 3292 μέλλοντα,
2756 3221 2863 3272 Καὶ
2895 3218 3017 3271 καθ’
3052 3217 3290 3288 ἑκάστην
3315 3218 3373 3271 δὲ
3404 3217 3656 3287 γονυκλιο

417 3319 538 3358 nem
563 3304 724 3373 quasi
748 3302 1142 3356 transferentes
1160 3309 1394 3357 mentem
1418 3308 1663 3356 nostram
1689 3316 1719 3355 a
1754 3318 1983 3372 priesen-

2087 3315 2204 3367 σίαν
2247 3313 2338 3366 καὶ
2382 3313 2726 3366 διαναστασιν
2758 3311 2901 3380 ἔργῳ
2952 3310 3262 3379 δείκνυμεν,
3294 3310 3378 3363 ὄτι
3426 3310 3517 3363 διὰ
3571 3308 3657 3361 διὰ

416 3397 562 3450 tibus
594 3395 659 3449 ad
700 3394 902 3449 futura.
922 3392 1149 3464 Insuper
1172 3402 1227 3448 et
1255 3392 1470 3461 quoties
1496 3408 1671 3463 genua
1693 3392 1981 3459 flectimus,

2084 3407 2181 3475 τῆς
2210 3404 2481 3475 ἁμαρτίας
2514 3405 2592 3466 εἰς
2616 3403 2719 3471 γῆν
2745 3400 3149 3473 κατερῤύημεν,
3176 3401 3270 3453 καὶ
3289 3401 3379 3453 διά
3411 3402 3513 3471 τῆς
3542 3400 3660 3469 φιλ-

414 3498 469 3541 et
518 3504 711 3542 rursus
752 3488 1037 3557 erigimur,
1082 3486 1200 3554 ipso
1243 3483 1388 3539 facto
1436 3484 1800 3547 ostendimus,
1838 3486 1982 3555 quod

2084 3497 2398 3565 ανθρωπίας
2430 3496 2525 3548 τοῦ
2562 3496 2847 3558 κτίσαντος
2875 3495 3022 3565 ἡμᾶς
3052 3495 3131 3557 είς
3156 3493 3388 3563 οὐρανὸν
3428 3494 3655 3563 ἀνεκλή-

416 3580 485 3631 oh
513 3587 793 3648 peceatum
844 3578 897 3630 in
928 3583 1132 3631 terram
1170 3574 1377 3645 delapsi
1425 3589 1637 3639 sumus,
1661 3584 1715 3629 et
1748 3592 1843 3646 per
1880 3578 1985 3631 bu-
2086 3588 2279 3657 οημεν,

421 3667 732 3720 manitatem
763 3666 883 3735 ejus
916 3664 1009 3735 qui
1051 3666 1257 3720 ereavit
1296 3680 1397 3719 nos
1433 3664 1489 3718 in
1517 3664 1717 3719 cmlum
1748 3667 1984 3720 revocati

416 3771 631 3813 sumus.

626 3847 846 3902 Deﬁciet
892 3862 977 3902 me
1017 3847 1155 3914 dies,
1198 3846 1246 3902 si
1291 3841 1554 3900 Ecclesiae
1604 3848 1863 3915 mysteria
1909 3849 1988 3902 ci-

424 3950 508 3996 tra
566 3945 833 4012 scriptum
890 3941 1088 3994 tradita
1148 3955 1371 4009 pergam
1426 3954 1735 3993 recensere.
1790 3935 1983 3991 Omitto

2093 3946 2416 4017 Ἐκκλησίας
2448 3948 2720 4017 μυστήρια
2748 3943 3121 4015 διηγούμενον.
3181 3942 3286 3995 Ἐῶ
3314 3943 3487 3996 τάλλα
3506 3960 3519 3973 ·
3568 3944 3655 3996 ao.

410 4040 602 4084 czetera
680 4050 693 4086 :
843 4032 1016 4101 ipsam
1058 4032 1180 4085 ﬁdei
1228 4030 1630 4101 professionem
1670 4032 1723 4083 in
1773 4030 1983 4085 Patrem

2083 4039 2177 4110 τὴν
2206 4039 2261 4091 δὲ
2306 4038 2405 4110 τὴν
2447 4038 2736 4109 ὁμολογίαν
2777 4037 2877 4105 τῆς
2907 4036 3145 4097 πίστεως
3327 4036 3408 4097 είς
3438 4035 3654 4105 Πατέρα

411 4129 468 4176 et
518 4118 714 4174 Filium
766 4129 819 4176 et
853 4120 1118 4190 Spiritum
1167 4130 1440 4182 sanctum,
1493 4136 1523 4174 e
1573 4120 1773 4190 quibus
1820 4122 1983 4176 habe-

2083 4132 2174 4184 καὶ
2218 4130 2342 4183 Υίὸν
2388 4131 2480 4183 καὶ
2521 4129 2674 4196 ἅγιον
2718 4126 2942 4195 Πνεῦμα
2983 4127 3048 4177 ὲκ
3091 4124 3259 4179 ποίων
3309 4127 3653 4195 γραμμάτων

414 4226 537 4265 nilis
589 4211 855 4279 scriptis?
923 4209 1135 4264 Etenim
1192 4210 1238 4264 si
1298 4210 1557 4279 quoniam
1611 4228 1677 4266 ex
1726 4212 1983 4282 baptismi

2083 4222 2315 4291 έχομεν;
2363 4221 2424 4272 El
2470 4220 2569 4288 μὲν
2598 4218 2706 4289 γὰρ
2748 4219 2814 4270 ἐκ
2850 4216 2952 4287 τῆς
2986 4215 3081 4268 τοῦ
3132 4214 3511 4284 βαπτίσματος
3557 4233 3655 4266 παο

412 4300 728 4365 traditione,
755 4301 911 4368 juxta
950 4301 1169 4369 pietatis
1197 4303 1675 4367 consecutionem,
1708 4310 1767 4357 ut
1811 4304 1983 4374 bapti-

2084 4311 2375 4382 ραδὸσεως,
2409 4310 2551 4363 κατὰ
2581 4310 2643 4361 τὸ
2668 4308 2768 4379 τῆς
2802 4306 3082 4370 εὐσεϐείας
3110 4306 3424 4369 ἀκόλουθον,
3457 4308 3532 4368 ὡς
3564 4308 3651 4374 βα-

2298 3849 2592 3918 Ἐπιλείψει
2629 3865 2695 3918 με
2736 3849 2769 3918 ἠ
2820 3847 3021 3917 ἡμέρα,
3052 3846 3122 3898 τὰ
3160 3845 3386 3916 ἄγραφα
3561 3844 3660 3915 τῆς

411 4406 623 4448 zamur.
653 4392 728 4444 ita
771 4401 824 4447 et
868 4394 1090 4447 credere
1134 4392 1417 4457 debemus,
1451 4394 1683 4448 similem
1717 4395 1988 4464 baptismo

411 4482 807 4550 professionem
838 4485 1161 4538 exhibemus
1209 4500 1221 4535 :
1266 4486 1570 4539 concedant
1598 4486 1763 4540 etiam
1804 4485 1983 4551 nobis,

410 4583 469 4625 ut
513 4572 669 4641 juxta
713 4575 958 4628 eamdem
1011 4577 1462 4645 consequentiam
1531 4577 1984 4647 gloriﬁcationem

407 4664 532 4717 ﬁdei
564 4665 907 4719 consimilem
951 4668 1345 4735 persolvamns.
1379 4668 1535 4734 Quod
1568 4671 1612 4723 si
1645 4671 1985 4739 gloriﬁcandi

409 4758 630 4810 modum
664 4758 825 4811 veluti
876 4760 1083 4829 scripto
1113 4776 1219 4814 non
1254 4762 1511 4815 traditum
1544 4763 1823 4831 rejiciunt,
1858 4779 1983 4833 pro-

409 4848 586 4901 ferant
634 4848 797 4903 nobis
859 4859 912 4903 et
964 4850 1328 4918 professionis
1382 4853 1505 4907 ﬁdei
1559 4861 1612 4908 et
1663 4865 1983 4912 caeterorum

404 4953 525 5007 quae
569 4940 1117 4994 commemoravimus
1166 4942 1539 5009 probationem
1585 4958 1616 4999 e
1662 4943 1980 5016 Scripturis.

404 5028 604 5081 Adhaec
645 5044 773 5082 cum
822 5036 930 5081 tam
982 5032 1154 5083 multa
1196 5032 1308 5085 sint
1341 5048 1463 5102 quae
1510 5036 1718 5103 scripto
1767 5038 1983 5105 prodita

406 5137 515 5174 non
563 5128 713 5187 sunt,
742 5130 797 5177 et
843 5129 1053 5176 tantum
1103 5123 1303 5177 habent
1348 5127 1607 5182 momenti
1653 5127 1720 5181 ad
1767 5128 1984 5199 pietatis

407 5214 780 5282 mysterium,
835 5215 1055 5267 unicam
1109 5217 1501 5271 dictiunculam
1561 5236 1683 5290 qum
1730 5236 1761 5275 a
1811 5222 1982 5293 majo-

404 5302 558 5357 ribus
589 5303 653 5357 ad
683 5318 783 5357 nos
814 5302 1053 5367 devenit,
1088 5321 1195 5359 non
1226 5309 1552 5371 concedent,
1586 5326 1750 5379 quam
1781 5329 1882 5367 nos
1910 5330 1978 5369 ex

404 5395 717 5449 inaﬁ'ectata
769 5398 1167 5453 consuetudine
1235 5398 1289 5452 in
1348 5399 1641 5465 Ecclesiis,
1690 5420 1813 5473 qua:
1858 5420 1979 5474 per-

403 5504 576 5542 versa:
602 5498 657 5543 et
688 5498 960 5558 corruptae
1005 5505 1114 5545 non
1145 5502 1295 5555 sunt,
1327 5504 1735 5562 permanentem
1768 5497 1978 5551 inveni-

405 5588 550 5634 mus,
587 5574 732 5629 haud
778 5577 1113 5632 mediocrem
1145 5580 1413 5635 rationem
1445 5580 1758 5646 habentem,
1796 5600 1978 5655 neque

404 5660 680 5717 mediocre
712 5665 1085 5731 adjumentuui
1118 5668 1183 5721 ad
1214 5670 1455 5739 mysterii
1485 5671 1590 5724 vim
1620 5672 1979 5729 atl‘ercmcm?

500 5757 674 5811 'Gcn.
719 5776 753 5825 ι,
788 5762 839 5815 5.
918 5764 935 5792 ²
967 5762 1110 5817 Psal.
1147 5780 1193 5819 νι
1234 5772 1285 5819 et
1326 5782 1416 5821 xu.

2084 4401 2385 4471 πτιζόμεοα
2414 4400 2554 4452 οὕτω
2584 4401 2678 4452 καὶ
2707 4398 2984 4454 πιστεύειν
3012 4398 3339 4468 ὀφείλοντες,
3368 4399 3555 4450 οὐσίαν
3581 4396 3653 4465 τῷ

2084 4493 2417 4563 βαπτίσματι
2600 4490 2696 4561 τὴν
2726 4491 3012 4560 ὁμολογίαν
3058 4490 3485 4559 κατατιθέμεοα,
3525 4505 3650 4557 συγ-

2082 4586 2490 4655 χωρησάτωσαν
2538 4583 2631 4635 καὶ
2684 4585 2814 4652 ἡμῖν
2867 4584 2929 4635 ὲκ
2976 4582 3072 4652 τῆς
3120 4582 3291 4649 αὐτῆς
3338 4581 3652 4643 ἀκολουθίας

2081 4675 2271 4744 ὁμοίαν
2314 4678 2378 4745 τῇ
2431 4674 2611 4727 πίστει
2652 4673 2751 4742 τὴν
2793 4672 2950 4738 δόξαν
2985 4672 3322 4724 ἀποδιδόναι·
3370 4674 3417 4725 εί
3468 4672 3525 4723 δὲ
3566 4671 3653 4722 τὸν

2080 4765 2277 4836 τρόπον
2315 4765 2411 4834 τῆς
2461 4762 2767 4830 δοξολογίας
2818 4762 2893 4824 ὠς
2935 4760 3180 4830 ἄγραφον
3229 4760 3649 4831 παραιτοῦνται,

2080 4858 2315 4910 δότωσαν
2343 4857 2474 4925 ἡμῖν
2508 4854 2609 4924 τῆς
2638 4870 2695 4905 τε
2725 4851 2867 4906 κατά
2898 4852 2998 4923 τὴν
3028 4852 3210 4904 πίστιν
3239 4852 3531 4921 ὁμολογίας
3564 4853 3652 4907 καὶ

2081 4947 2186 4999 τῶν
2237 4945 2458 5009 λοιπῶν,
2496 4940 2569 4998 ῶν
2609 4942 3150 5013 ἀπηριθμησάμεθα,
3202 4944 3517 5014 ἐγγράφους
3558 4944 3653 5003 τὰς

2082 5036 2399 5102 ἀποδείξεις.
2441 5031 2573 5087 Εἶτα
2604 5032 2872 5085 τοσούτων
2899 5032 3069 5084 ὄντων
3101 5032 3386 5103 ἀγράφων,
3427 5034 3523 5085 κεῖ.)⁵
3569 5049 3652 5084 το·

2083 5128 2283 5196 σαύτην
2310 5125 2541 5196 ἑχόντων
2577 5122 2674 5193 τὴν
2707 5124 2860 5191 ἰσχὺν
2896 5123 2975 5186 είς
3006 5121 3069 5175 τὸ
3095 5121 3195 5190 τῆς
3233 5121 3517 5183 εὐσεϐείας
3558 5138 3652 5189 μυ-

2082 5221 2318 5289 στήριον,
2352 5217 2479 5287 μίαν
2506 5216 2647 5279 λέξιν
2676 5218 2807 5285 ἡμῖν
2838 5216 2901 5266 ἐκ
2927 5213 3176 5282 πατέρων
3202 5213 3279 5275 εἰς
3307 5214 3455 5281 ἡμᾶς
3482 5212 3651 5264 ὲλθοῦο

2083 5327 2179 5362 σαν
2225 5309 2285 5360 ού
2334 5306 2800 5377 συγχωρήσουσιν,
2853 5306 2921 5376 ἣν
2969 5307 3130 5374 ⁴ἡμεῖς
3175 5304 3239 5354 ὲκ
3269 5305 3367 5372 τῆς
3400 5304 3652 5369 ἀνεπιτη-

2080 5401 2265 5455 δεύτου
2300 5398 2584 5469 συνηθείας
2617 5399 2736 5458 ταῖς
2770 5394 3147 5465 ἀδιαστρόφοις
3179 5393 3288 5445 τῶν
3327 5392 3655 5461 Ἐκκλησιῶν

2082 5492 2517 5563 ὲναπομείνασαν
2542 5490 2793 5559 εὖρομεν,
2818 5487 2879 5539 ού
2910 5486 3101 5557 μικρὸν
3122 5486 3209 5537 τὸν
3230 5484 3387 5552 λόγον
3408 5486 3651 5554 ἔχουσαν,

2081 5587 2200 5639 οὐδὲ
2255 5586 2509 5656 βραχεῖαν
2569 5580 2882 5634 συντέλειαν
2936 5580 3015 5641 είς
3067 5578 3165 5648 τὴν
3213 5577 3308 5631 τοῦ
3356 5575 3655 5649 μυστηρίου

2082 5679 2311 5749 δύναμιν
2343 5673 2738 5747 εἰσφερομένην
2772 5695 2783 5739 ;
