4036 6210
432 335 542 397 797

1346 335 1356 344 ’
1398 334 1793 410 ΡΑΝΟΡΙᾸᾹ,
1818 335 2282 403 DOGMAI‘ICA.
2318 365 2389 380 ·-
2417 343 2569 410 ΤΙΤ.
2610 345 2750 408 ΧΗ.

3600 363 3704 432 193

509 447 744 517 Εἴρηται
768 446 866 517 μὲν
895 441 1007 512 οὖν,
1030 445 1112 500 ὅτι
1136 445 1330 500 σαυτόν
1358 447 1476 498 ἐστι
1508 448 1646 516 πρδς
1678 447 1922 499 διάνοιαν
1940 449 1996 499 εἰη

2201 453 2413 509 Dictum
2469 465 2556 512 est
2608 459 2828 528 quidem
2858 461 2993 517 nihil
3046 463 3255 522 referre
3319 467 3388 522 ad
3441 483 3688 539 sensum,

439 543 582 604 πεῖν,
617 540 756 607 Δόξα
785 541 960 610 Πατρὶ
979 541 1071 594 καὶ
1100 540 1216 610 Υίῷ
1269 542 1362 592 καὶ
1389 541 1530 610 ἁγίῳ
1565 541 1870 610 Πνεύματιο
1925 542 2022 593 καὶ

438 634 575 697 Δόξα
613 632 784 701 Πατρὶ
807 631 901 683 καὶ
922 631 1035 700 Υίῷ
1065 633 1162 684 σὺν
1179 633 1256 700 τῷ
1271 632 1413 702 ἀγίῳ
1435 633 1736 702 Πνεύματι.
1763 631 1900 686 Οὔτε
1926 631 2022 686 οὖν

437 726 536 792 τὴν
565 725 664 777 καί
700 723 973 793 συλλαϐὴν
1002 724 1061 788 ἐξ
1083 723 1256 792 αὐτῆς
1273 725 1367 778 τοῦ
1387 726 1596 793 Κυρίου
1617 726 1801 795 φωνῆς
1825 726 2021 796 προελ-

443 817 646 868 θοῦσαν
673 815 944 883 ἀθετῆσαι
973 833 1080 868 τινι
1125 815 1505 885 ῆδιαγράφειν
1545 813 1660 869 οἷόν
1689 835 1770 882 τε,
1799 820 1893 872 καὶ
1921 819 2020 888 τὴν

443 905 872 976 ίσοδυναμοῦσαν
945 908 1083 977 αὐτῇ
1141 909 1298 962 οὐδὲν
1331 909 1392 960 τὸ
1441 909 1650 962 κωλύον
1685 913 2019 985 καταδεχθῆ-

434 1013 556 1051 ναιο
612 998 682 1068 ἢν
733 999 883 1060 ὅπως
929 999 1044 1068 ἔχει
1101 999 1234 1066 πρὸς
1273 1000 1492 1068 ἐκείνην
1543 1001 1811 1071 διαφορᾶς
1841 1023 1900 1056 τε
1923 1008 2014 1059 καὶ

438 1089 782 1159 ὁμοιότητος,
828 1090 904 1158 ἐν]
927 1091 1042 1151 τοῖς
1070 1089 1303 1142 κατόπιν
1350 1090 1656 1161 ἐδείξαμεν.
1707 1093 1930 1149 Βεϐαιοῖ
1956 1097 2013 1150 δὲ

434 1185 572 1254 ἡμῖν
620 1183 710 1235 τὸν
737 1182 893 1249 λόγον
920 1183 1014 1234 καὶ
1058 1185 1086 1235 ὁ
1105 1183 1426 1246 ’Λπόστολος
1451 1185 1760 1253 ἀδιαφόρως
1781 1189 2021 1261 ἑκατέρᾳ

435 1279 502 1346 τῇ
526 1278 678 1344 φωνῇ
702 1273 1064 1344 κεχρημένος,
1088 1277 1184 1326 νῦν
1205 1275 1305 1343 μὲν
1323 1274 1516 1341 λέγων,
1537 1275 1644 1330 Ἐν
1667 1277 1746 1343 τῷ
1769 1277 2014 1348 ὀνόματι

437 1369 545 1422 τοῦ
572 1368 790 1435 Κυρίου
831 1366 1029 1432 Ἰησοῦ
1067 1367 1350 1432 Χριστοῦ,
1401 1369 1496 1421 καὶ
1522 1369 1593 1421 ἐν
1613 1369 1695 1435 τῷ
1719 1372 2018 1440 [Ινεύμιιτι

440 1460 548 1514 τοῦ
573 1459 721 1512 Θεοῦ
742 1456 932 1526 ἡμῶν·
965 1457 1124 1511 πάλιν
1157 1459 1235 1519 δὲ,
1273 1459 1708 1527 Συναχθέντων
1730 1461 1900 1530 ὑμῶν
1921 1465 2017 1516 καὶ

435 1551 541 1604 τοῦ
562 1549 710 1618 ἐμοῦ
740 1550 1087 1618 Πνεύματος
1107 1550 1232 1603 σὺν
1256 1549 1607 1620 τῇβυνάμει
1639 1555 1745 1607 τοῦ
1797 1557 2018 1623 Κυρίου

448 1640 675 1707 Ἰησοῦο
719 1642 875 1693 οὐδὲν
935 1642 1218 1710 διαφέρειν
1255 1642 1582 1712 ἡγούμενος,
1621 1647 1698 1713 τῷ
1731 1649 2015 1716 συνδέσμῳ

435 1737 469 1804 ἢ
503 1737 569 1804 τῇ
609 1734 904 1804 προσθέσει
935 1737 1074 1804 πρὸς
1109 1738 1207 1806 τὴν
1246 1736 1354 1788 τῶν
1380 1736 1664 1806 ὀνομάτων
1691 1742 2014 1811 συμπλοκὴν

432 1825 884 1894 ἀποφρήσασθαι.

440 1915 554 1994 Τοῇ
579 1918 948 1994 αὐτ-οῦηὊτι
971 1917 1010 1972 ἆ
1048 1919 1334 1994 ἶπερὶτῶν¹
1386 1922 1921 1994 ἀνθρώπωνίλέγει
1969 1929 2008 1994 ἡ

507 1989 718 2061 Γραφῇ
752 1989 852 2061 ,ὠς
899 1992 1481 2061 σ-υμϐασιλευόντων
1527 1993 1781 2061 Χριστῷ,
1821 1989 2010 2050 ταῦτα

517 2059 646 2132 περὶ
672 2059 777 2112 τοῦ
797 2059 1139 2132 [Ινεύμ-ατος
1156 2064 1226 2132 οὺ
1272 2059 1700 2132 συγχωροῦσιν
1741 2068 1792 2118 oi
1845 2067 2006 2119 ἀντι-

506 2129 807 2196 λέγοντες.
844 2129 1070 2194 Κεφάλ.
1097 2128 1206 2182 xd'.

506 2221 738 2290 Ἴδωμεν
777 2220 833 2273 δὲ
868 2221 962 2272 καὶ
1026 2221 1079 2273 εἴ
1109 2239 1227 2276 τινα
1272 2225 1574 2295 ἀπολογίαν
1626 2228 1735 2290 τοῖς
1783 2229 2000 2298 πατρά-

429 2325 514 2398 σιν
537 2309 694 2378 ἡμῶν
723 2305 820 2380 τῆς
855 2313 1101 2384 χρήσεως
1126 2316 1326 2388 ταύτης
1379 2320 1755 2392 ὲπινοήσομεν.
1791 2326 1852 2378 Οί
1895 2325 2004 2398 γὰρ

426 2395 527 2468 τὴν
559 2398 732 2470 ἀρχὴν
757 2405 1128 2472 παρασχόντες
1160 2406 1236 2474 τῷ
1274 2408 1415 2478 λόγῳ
1446 2411 1643 2479 μᾶλλον
1683 2415 1714 2483 ἡ
1725 2415 1839 2484 μῶν
1868 2395 2000 2468 ὑπόλ-

427 2507 636 2556 κεινται
668 2494 780 2555 τοῖς
814 2494 1138 2565 ἐγκλήμασι.
1180 2497 1389 2562 Παῦλος
1421 2501 1602 2554 τοίνυν
1631 2504 1999 2561 Κολοσσαεῦσι

425 2583 672 2660 γράφων·
696 2586 806 2638 Καὶ
835 2584 1014 2654 ὑμᾶς,
1059 2589 1214 2659 φησι,
1255 2591 1503 2660 νεκροὺς
1531 2592 1710 2661 ὄντας
1736 2597 1860 2663 τοῖς
1891 2615 2000 2652 πα-

413 2673 773 2752 ραπτώμασι
790 2679 888 2730 καὶ
918 2677 990 2746 τῇ
1015 2680 1400 2748 ἀκροϐυστίᾳ,
1423 2683 1898 2755 συνεζωοποίησε
1920 2690 2000 2754 τῷ

423 2765 679 2834 Χριστῷ.
847 2766 993 2841 Ἀρα
1032 2769 1128 2826 οὖν
1155 2772 1270 2843 λαῷ
1303 2774 1400 2844 μὲν
1441 2775 1547 2847 ὅλῳ
1573 2779 1665 2831 καὶ
1707 2780 2001 2854 Ἐκκλησία

422 2859 718 2930 ἐχαρίσατο
744 2861 774 2915 ὁ
798 2861 930 2926 Θεὸς
961 2863 1060 2934 τὴν
1099 2865 1197 2918 σὺν
1231 2866 1450 2938 Χριστῷ
1477 2869 1638 2941 ζωὴν,
1672 2870 1748 2942 τῷ
1777 2872 1832 2926 δὲ
1859 2874 1997 2946 ἀγίῳ

425 2952 701 3023 Πνεύματι
750 2954 872 3024 οὐχὶ
920 2957 1016 3010 σὺν
1071 2957 1370 3032 Χριστῷὶή
1426 2960 1571 3032 ζωής
1623 2963 1684 3015 Ei
1737 2964 1792 3017 δὲ
1840 2966 1996 3022 τοῦτο

419 3041 514 3105 καὶ
697 3041 907 3114 διανοίᾳ
951 3045 1136 3097 Λαόεῖν
1166 3046 1381 3111 ἀσεϐὲς,
1421 3047 1538 3111 πῶς
1568 3050 1666 3120 οὐχ
1704 3050 1870 3115 ὅσιον,
1919 3052 1996 3116 ὡς

2130 548 2245 602 sive
2261 549 2432 613 dicas,
2471 549 2651 604 Gloria
2685 551 2827 606 Patri
2851 564 2905 608 et
2939 554 3074 612 Filio
3101 568 3155 613 et
3191 559 3424 628 Spiritui
3481 574 3695 632 sancto,

2127 641 2242 695 sive
2267 641 2440 708 dicas,
2481 641 2667 698 Gloria
2702 645 2846 700 Patri
2881 657 2934 701 et
2968 648 3108 704 Filio
3153 666 3276 706 cum
3327 662 3520 710 sancto
3573 657 3696 726 Spi-

2127 734 2258 788 ritu.
2313 732 2428 786 Non
2466 736 2632 804 igitur
2654 735 2737 792 fas
2788 740 3158 808 estcuiquam
3207 743 3464 812 syllabam
3505 757 3576 810 et,
3631 762 3698 802 ex

2125 842 2220 880 ore
2270 827 2483 881 Domini
2541 828 2863 897 profectam,
2916 835 3143 902 rejicere
3193 845 3288 890 aut
3341 852 3697 908 expungere:

2126 934 2227 972 nec
2253 919 2550 988 quidquam
2579 929 2724 976 vetat
2749 921 2976 977 alteram
3014 939 3136 994 qua:
3162 925 3304 980 idem
3338 929 3524 996 pollet,
3561 932 3699 986 reci-

2125 1027 2288 1081 pere;
2345 1027 2468 1080 qua:
2517 1015 2795 1082 quomodo
2821 1031 2944 1070 cum
2998 1017 3088 1071 illa
3137 1021 3219 1073 vel
3273 1022 3566 1076 conveniat
3613 1026 3695 1080 vel

2123 1106 2411 1174 discrepet,
2475 1109 2729 1176 superius
2813 1109 3331 1169 demonstravimus.
3391 1113 3692 1171 Confirmat

2123 1205 2304 1249 autem
2371 1198 2695 1250 sententiam
2773 1193 2933 1251 nobis
2984 1205 3039 1252 et
3103 1199 3418 1268 Apostolus,
3471 1200 3697 1256 indiffe-

2125 1295 2307 1338 renter
2333 1297 2566 1351 utraque
2609 1301 2743 1342 voce
2777 1297 2934 1342 utens
2979 1289 3252 1342 interdum
3307 1289 3380 1344 ita
3428 1290 3698 1358 loquens:

2123 1372 2189 1427 In
2215 1377 2422 1430 nomine
2453 1375 2666 1428 Domini
2693 1375 2826 1429 Jcsu
2887 1374 3114 1442 Christi,
3170 1388 3215 1431 et
3281 1380 3334 1431 in
3363 1377 3568 1448 Spiritu
3606 1377 3702 1432 Dei

2121 1470 2287 1522 nostri
2316 1471 2329 1498 ¹
2354 1487 2368 1536 ;
2397 1485 2461 1523 ac
2502 1486 2717 1530 rursus,
2758 1469 3103 1540 Congregatis
3139 1471 3282 1525 vobis
3328 1481 3377 1525 et
3415 1487 3525 1524 meo
3555 1467 3685 1539 Spio

2117 1562 2225 1612 ritu
2270 1577 2390 1613 cum
2436 1561 2627 1614 virtute
2681 1561 2892 1614 Domini
2939 1561 3068 1614 Jesu
3105 1563 3162 1628 ’;
3227 1562 3360 1614 nihil
3420 1562 3688 1614 interesse

2123 1658 2296 1714 ratus,
2330 1652 2442 1703 sive
2462 1649 2870 1716 conjunctione.
2905 1653 3018 1704 sive
3052 1651 3436 1719 praepositione
3490 1651 3555 1703 ad
3597 1666 3694 1705 no-

2127 1742 2336 1794 tninum
2377 1743 2827 1810 conjunctionem
2857 1743 3053 1796 utaris.

2118 1920 2395 1983 Eiusdem.
2435 1921 2590 1988 Quod
2635 1937 2753 1989 quae
2805 1924 2868 1976 de
2917 1923 3216 1976 hominibus
3255 1923 3381 1976 dicit
3416 1921 3694 1990 Scriptura

2190 2008 2442 2062 tanquam
2507 2008 2613 2044 una
2671 2009 2788 2044 cum
2839 1993 3045 2047 Christo
3104 1995 3460 2063 regnantibus,
3519 1995 3690 2063 eardc

2188 2065 2393 2134 Spiritu
2447 2064 2553 2117 dici
2622 2079 2726 2116 non
2799 2067 3084 2117 concedunt
3163 2062 3478 2116 adversarii.
3577 2062 3687 2115 Ca-

2179 2150 2271 2204 put
2306 2135 2397 2190 ‘28.

2185 2225 2478 2281 Videamus
2557 2241 2722 2296 porro
2808 2241 2875 2280 an
2973 2226 3347 2282 defensionem
3441 2226 3678 2296 aliquam

2094 2319 2350 2393 patribus
2402 2318 2610 2374 nostris
2655 2333 2822 2386 super
2870 2317 3188 2388 huiusmodi
3239 2334 3341 2373 usu
3395 2320 3676 2388 possimus

2093 2411 2424 2478 excogitare.
2482 2409 2615 2463 Nam
2666 2410 2759 2478 qui
2805 2409 2963 2464 nobis
3011 2403 3099 2463 ita
3148 2411 3406 2481 loquendi
3455 2410 3676 2466 fuerunt

2096 2509 2371 2564 auctores,
2436 2502 2610 2572 magis
2666 2516 2830 2570 quam
2889 2517 2992 2557 nos
3045 2501 3257 2556 haerent
3310 2503 3365 2556 in
3419 2504 3670 2559 crimine.

2093 2591 2298 2647 Paulus
2353 2593 2521 2663 igitur
2576 2592 3003 2650 Colossensibus
3054 2594 3304 2648 scribens
3365 2616 3376 2649 :
3437 2593 3504 2648 Et
3550 2612 3669 2659 vos,

2093 2683 2292 2752 inquit,
2353 2699 2473 2736 cum
2525 2685 2708 2738 essetis
2773 2684 2974 2737 mortui
3020 2681 3228 2737 delictis
3276 2700 3339 2736 ac
3384 2688 3668 2752 pra'putio,

2093 2773 2377 2842 oiviﬁcavit
2425 2773 2586 2826 simul
2633 2790 2752 2827 cum
2803 2773 3018 2828 Christo
3080 2781 3122 2828 ³.
3172 2772 3311 2827 Num
3358 2775 3524 2845 igitur
3571 2778 3669 2830 toti

2094 2863 2295 2934 populo
2337 2870 2393 2920 et
2435 2863 2694 2920 Ecclesia:
2740 2865 2966 2921 donavit
3021 2865 3164 2921 Deus
3206 2869 3373 2921 vitam
3421 2883 3541 2936 quae
3586 2877 3672 2923 est

2095 2969 2219 3009 cum
2261 2955 2500 3020 Christo,
2549 2965 2740 3012 sancto
2783 2965 2966 3012 autem
3006 2956 3232 3027 Spiritui
3277 2973 3386 3014 non
3429 2966 3514 3013 est
3561 2961 3672 3014 vita

2095 3061 2222 3102 cum
2263 3046 2524 3103 Christo?
2559 3049 2715 3114 Quod
2740 3050 2787 3104 si
2839 3050 2985 3104 istud
3035 3051 3119 3105 vel
3161 3051 3344 3106 animo
3385 3051 3673 3120 concipere

418 3131 532 3202 ἔχει
573 3133 804 3202 φύσεως,
847 3134 991 3189 οὕτω
1035 3137 1128 3190 καὶ
1165 3138 1263 3208 τὴν
1300 3138 1587 3208 ὁμολογίαν
1635 3143 1994 3213 συνημμένως

2098 3139 2318 3209 impium
2365 3149 2490 3206 est,
2542 3155 2726 3196 annon
2800 3143 2950 3213 pium
3015 3140 3202 3207 fuerit,
3250 3150 3309 3194 ut
3360 3143 3521 3197 habet
3576 3157 3672 3196 na-

416 3224 758 3291 ἀποδιδόναι;
810 3223 944 3279 Εἶτα
965 3267 980 3290 ,
1012 3228 1130 3289 πῶς
1162 3229 1222 3281 οὐ
1265 3230 1363 3300 τῆς
1394 3232 1627 3302 ἐσχάτης
1662 3232 1993 3303 ἀναλγησίας

415 3317 542 3378 τοὺς
587 3317 683 3386 μὲν
707 3318 896 3385 ἁγίους
936 3319 1215 3389 ὁμολογεῖν
1257 3321 1352 3374 σὺν
1383 3323 1604 3394 Χριστῷ
1628 3319 1766 3376 εἶναι
1792 3325 1810 3396 (
1833 3326 1990 3398 εἴπερ

413 3406 476 3476 δὴ
509 3407 712 3473 Παῦλος
737 3409 1049 3481 ἐκδημήσας
1075 3412 1183 3464 ἀπὸ
1209 3411 1304 3465 τοῦ
1348 3413 1598 3485 σώματος
1771 3417 1892 3488 ὲνδη
1903 3421 1992 3486 μεῖ

413 3500 550 3568 πρὸς
565 3500 656 3552 τὸν
675 3500 898 3571 Κύριον,
921 3505 1012 3556 καὶ
1030 3505 1302 3569 ἀναλύσας
1320 3507 1415 3559 σὺν
1437 3506 1654 3577 Χριστῷ
1675 3508 1821 3561 ἐστιν
1840 3510 1986 3578 ἤδη),

409 3587 489 3658 τῷ
521 3589 577 3642 δὲ
605 3590 878 3662 Πνεύματι
913 3592 1135 3663 τούτους
1167 3595 1299 3666 μηδὲ
1332 3599 1443 3658 τοῖς
1474 3597 1779 3668 ἀνθρώποις
1807 3597 1987 3665 ἐξίσου

411 3681 550 3761 μετά
591 3679 827 3751 Χριστοῦ
862 3679 1021 3748 εἶναι,
1073 3685 1196 3752 τόγε
1232 3687 1312 3747 εἰς
1349 3687 1546 3751 αὐτοὺς
1582 3685 1736 3760 ἧκον,
1771 3691 1982 3758 μεταδι-

407 3769 589 3836 δόναι;
618 3773 724 3825 Καὶ
756 3773 965 3838 Παῦλος
1009 3775 1142 3830 Θεοῦ
1181 3778 1276 3846 μὲν
1317 3777 1570 3848 συνεργὸν
1602 3779 1789 3832 ἑαυτὸν
1829 3783 1888 3833 ἐν
1917 3783 1983 3852 τῇ

403 3863 685 3934 οἰκονομίᾳ
715 3864 808 3917 τοῦ
854 3866 1184 3934 Εὑαγγελίου
1229 3867 1410 3920 καλεῖο
1453 3868 1514 3921 τὸ
1557 3868 1613 3922 δὲ
1663 3869 1886 3942 Πνεῦμα
1924 3871 1984 3924 τὸ

403 3953 581 4021 ᾅγιον,
608 3955 674 4020 δι’
706 3948 765 4007 οὗ
797 3958 854 4009 ἐν
889 3957 1038 4029 πάσῃ
1061 3959 1232 4010 κτίσει
1260 3961 1324 4032 τῇ
1346 3959 1449 4012 ὑπὸ
1471 3959 1558 4012 τὸν
1588 3961 1816 4034 οὐρανὸν
1851 3980 1983 4037 καρ-

406 4048 722 4114 ποφορεῖται
760 4046 820 4112 τὸ
868 4048 1225 4116 Εὑαγγέλιον,
1276 4048 1372 4101 ἐὰν
1417 4051 1674 4120 συνεργὸν
1717 4053 1978 4124 εἴπωμεν,

402 4135 684 4199 κάνταῦθα
856 4139 1108 4202 ἀσεϐείας
1136 4139 1353 4211 γραφὴν
1388 4140 1511 4194 καθ’
1557 4141 1712 4214 ἡμῶν
1749 4144 1979 4214 ἀπενέγ-

402 4245 619 4293 καιντος
666 4229 776 4283 Καὶ
806 4230 881 4294 ὡς
933 4231 1126 4296 ἔοικεν,
1175 4235 1207 4303 ὴ
1257 4235 1352 4304 μὲν
1382 4233 1493 4305 ζωὴ
1521 4216 1628 4287 τῷν
1674 4235 1976 4305 ἡλπικότων

402 4319 496 4382 ἐπὶ
519 4319 720 4390 Κύριον
739 4322 1044 4392 κέκρυπται
1076 4326 1170 4378 σὺν
1193 4325 1268 4396 τῷ
1296 4327 1513 4396 Χριστῷ
1535 4329 1591 4381 έν
1607 4327 1682 4397 τῷ
1702 4327 1817 4399 Θεῷ
1834 4345 1845 4356 ·
1883 4331 1976 4384 καὶ

399 4409 537 4510 όταν.
573 4411 873 4510 όιΧριστὸς
911 4415 1198 4510 φανερωθῇ
1223 4456 1236 4478 ,
1267 4418 1298 4486 ἠ
1351 4416 1462 4488 ζωὴ
1511 4419 1687 4490 ἡμῶν,
1723 4420 1841 4472 τότε
1882 4422 1974 4475 καὶ
2013 4457 2052 4510 D

399 4498 548 4551 αὐτοὶ
584 4502 677 4553 σὺν
705 4503 853 4571 αὐτῷ
876 4503 1349 4575 φανερωθήσονται
1381 4508 1438 4559 ὲν
1468 4507 1595 4580 δόξῃ
1617 4525 1632 4539 ·
1660 4509 1790 4561 αὐτὸ
1827 4509 1883 4568 δὲ
1912 4510 1974 4563 τὸ

399 4589 620 4660 Πνεῦμα
641 4591 740 4659 τῆς
774 4592 938 4662 ζωῆς,
965 4593 1026 4646 τὸ
1059 4595 1429 4667 ἐλευθερῶσαν
1458 4599 1600 4667 ἡμᾶς
1633 4598 1739 4651 ἀπὸ
1762 4599 1856 4652 τοῦ
1885 4599 1972 4654 νό-

397 4699 499 4749 μου
527 4683 626 4751 τῆς
667 4683 962 4754 ἁμαρτίας,
1003 4685 1253 4756 οὐδαμῶς
1295 4689 1410 4740 ἐστι
1446 4689 1542 4740 σὺν
1576 4687 1814 4758 Χριστῷ,
1847 4687 1971 4742 οὔτε

398 4787 458 4843 ἑν
483 4783 821 4858 λανθανούσῃ
852 4787 947 4838 καὶ
971 4784 1328 4857 κεκρυμμένῃ
1370 4787 1466 4839 σὺν
1506 4784 1655 4856 αὐτῷ
1690 4782 1825 4855 ζωῇ,
1859 4782 1984 4836 οὔτε

399 4880 455 4931 ὲν
484 4879 550 4949 τῇ
581 4875 888 4947 φανερώσει
915 4879 1014 4946 τῆς
1051 4877 1228 4947 δόξης,
1262 4878 1326 4946 ἣν
1355 4878 1517 4946 ἡμεῖς
1547 4875 1640 4927 ἐπὶ
1659 4877 1770 4937 τοῖς
1806 4873 1984 4942 ἀγίοις

399 4966 807 5038 ἐκφανήσεσθαι
862 4965 1280 5037 προσδοκῶμεν;
1320 4963 1660 5036 Κληρονόμοι
1696 4965 1851 5030 Θεοῦ,
1888 4966 1982 5017 καὶ

401 5057 830 5130 συγκληρονὸμοι
866 5057 1100 5128 Χριστοῦ
1147 5059 1340 5127 ἡμεῖς’
1377 5056 1438 5109 τὸ
1482 5057 1539 5110 δὲ
1578 5055 1798 5127 Πνεῦμα
1833 5056 1982 5109 ἀπό-

399 5149 599 5221 κληρον
635 5151 728 5203 καὶ
759 5150 986 5220 ἄμοιρον
1029 5149 1127 5219 τῆς
1154 5148 1438 5212 κοινωνίας
1476 5148 1568 5202 τοῦ
1599 5147 1733 5201 Θεοῦ
1763 5150 1856 5201 καὶ
1886 5148 1978 5201 τοῦ

397 5242 630 5311 Χριστοῦ
663 5241 855 5304 αὐτοῦ;
884 5241 996 5294 Καὶ
1043 5241 1173 5294 αὐτὸ
1227 5239 1328 5310 μὲν
1357 5240 1417 5293 τὸ
1449 5240 1675 5311 Πνεῦμα
1725 5258 1980 5314 συμμαρ-

395 5336 550 5404 τυρεῖ
583 5333 658 5403 τῷ
701 5333 972 5403 πνεύματι
1019 5331 1197 5404 ήμῶν,
1250 5333 1332 5385 ὅτι
1388 5331 1556 5402 ἐσμὲν
1597 5332 1762 5384 τέκνα
1807 5331 1974 5385 Θεοῦο

397 5426 558 5493 ἡμεῖς
587 5423 644 5476 δὲ
672 5422 748 5494 τῷ
779 5421 1060 5495 Πνεύματι
1087 5422 1207 5476 οὐδὲ
1244 5423 1312 5495 ἣν
1343 5421 1494 5494 παρά
1525 5421 1617 5476 τοῦ
1645 5423 1850 5494 Κυρίου
1880 5439 1978 5493 με·

2092 3237 2237 3295 tura,
2290 3231 2364 3285 ita
2413 3232 2578 3285 etiam
2619 3231 3019 3302 professionem
3074 3233 3410 3302 conjunctim
3469 3233 3674 3302 persol-

2090 3322 2253 3377 vere?
2304 3321 2506 3376 Adhzec
2544 3363 2560 3389 ,
2617 3337 2799 3377 annon
2863 3324 3092 3379 extremi
3153 3324 3395 3393 stuporis
3444 3331 3548 3389 est,
3600 3323 3674 3377 fa-

2091 3415 2192 3468 teri
2250 3424 2473 3470 sanctos
2526 3430 2650 3471 esse
2697 3431 2820 3469 cum
2863 3416 3083 3471 Christo
3135 3416 3424 3486 (siquidem
3465 3415 3671 3471 Paulus

2089 3507 2448 3575 peregrinans
2511 3521 2541 3559 a
2595 3500 2827 3574 corpore
2887 3522 3129 3576 prmsens
3171 3517 3258 3562 est
3297 3507 3438 3577 apud
3469 3506 3672 3577 Domi-

2090 3608 2221 3647 num
2260 3599 2321 3658 ις
2356 3602 2411 3648 et
2463 3593 2556 3646 ubi
2591 3575 2902 3663 emigravit,
2925 3596 3038 3662 jam
3087 3611 3210 3650 cum
3242 3575 3486 3650 Christo.
3506 3595 3612 3663 est)
3651 3613 3667 3650 :

2092 3683 2198 3736 hos
2224 3697 2351 3736 vero
2378 3682 2626 3754 Spiritui,
2650 3695 2911 3753 quantum
2942 3684 3160 3755 quidem
3196 3687 3249 3739 in
3282 3686 3415 3755 ipsis
3443 3694 3548 3749 est,
3575 3703 3672 3740 ne-

2091 3787 2197 3842 que
2236 3774 2339 3827 hoc
2373 3773 2647 3838 tribuere,
2684 3785 2744 3828 ut
2779 3789 2934 3843 atque
2977 3775 3169 3830 saltem
3209 3784 3372 3845 atque
3420 3777 3668 3831 homines

2089 3881 2212 3919 cum
2249 3865 2469 3920 Christo
2505 3865 2610 3920 sit?
2631 3866 2772 3932 Quin
2803 3876 2856 3922 et
2898 3849 3099 3922 Paulus
3131 3869 3369 3938 seipsum
3405 3868 3496 3922 Dei
3535 3884 3668 3923 coo-

2091 3963 2394 4028 peratorem
2425 3958 2663 4028 appellat
2713 3958 2769 4013 in
2804 3959 3281 4014 administratione
3325 3959 3606 4030 Evangelii
3650 3980 3664 4014 :

2089 4047 2182 4102 sed
2211 4045 2478 4116 Spiritum
2509 4057 2786 4112 sanctum,
2819 4065 2915 4118 per
2943 4065 3103 4120 quem
3145 4051 3198 4103 in
3235 4051 3380 4104 omni
3416 4058 3665 4106 creatura

2088 4155 2210 4209 quae
2242 4141 2344 4194 sub
2368 4141 2508 4195 caelo
2539 4149 2646 4206 est,
2673 4142 2968 4197 fructilicat
2997 4143 3369 4212 Evangelium,
3400 4145 3445 4199 si
3475 4159 3666 4213 coope-

2086 4241 2322 4286 ratorem
2351 4233 2706 4302 appellemus,
2739 4235 2827 4288 hic
2856 4250 3074 4303 quoque
3095 4235 3387 4304 impietatis
3412 4251 3510 4289 nos
3542 4251 3662 4290 reos

2086 4321 2380 4392 peragent?
2410 4322 2473 4375 Et
2493 4334 2552 4378 ut
2580 4324 2814 4389 videtur,
2850 4327 2954 4379 vita
2984 4329 3321 4396 Sperantium
3351 4328 3403 4380 in
3433 4326 3661 4381 Domino

2088 4412 2409 4468 abscondita
2435 4426 2519 4469 est
2553 4430 2676 4468 cum
2711 4415 2932 4471 Christo
2959 4418 3015 4471 in
3053 4417 3189 4482 Deo,
3231 4434 3466 4488 cumque
3500 4417 3664 4472 Chri—

2087 4514 2207 4558 stus
2237 4503 2553 4573 apparuerit
2575 4505 2686 4558 vita
2714 4515 2923 4570 nostra,
2959 4514 3071 4560 tum
3097 4515 3149 4562 et
3177 4509 3278 4578 ipsi
3312 4524 3436 4563 cum
3467 4524 3532 4563 eo
3565 4523 3664 4578 ap-

2087 4593 2357 4666 parebunt
2391 4595 2444 4649 in
2476 4596 2647 4666 gloria
2679 4602 2700 4632 ⁸
2733 4595 2887 4666 :ipse
2918 4610 3100 4654 autem
3133 4599 3372 4670 Spiritus
3400 4600 3540 4661 vitae,
3571 4600 3661 4667 qui

2087 4686 2337 4740 liheravit
2366 4701 2467 4740 nos
2497 4702 2525 4740 a
2558 4688 2673 4756 lege
2696 4689 2903 4757 peccati
2941 4698 2992 4753 ο,
3032 4707 3372 4760 nequaquam
3415 4701 3498 4746 est
3536 4706 3661 4744 cum

2083 4783 2336 4850 Christo,
2379 4800 2554 4855 neque
2584 4785 2638 4838 in
2678 4785 2786 4838 vita
2829 4785 3032 4839 latente
3069 4791 3123 4838 ct
3172 4783 3492 4838 abscondita
3536 4798 3660 4839 cum

2084 4874 2198 4937 illo,
2235 4890 2409 4945 neque
2446 4877 2499 4928 in
2531 4874 2967 4930 manifestatione
2996 4875 3203 4945 glorim,
3248 4890 3413 4944 quam
3457 4888 3557 4930 nos
3604 4875 3661 4930 in

2083 4968 2288 5022 sanctis
2323 4965 2754 5036 patefaciendam
2791 4981 2915 5021 esse
2948 4965 3361 5035 exspectamus?
3398 4964 3658 5022 Haaredes

2081 5053 2176 5110 Dei
2210 5063 2264 5110 et
2313 5056 2627 5111 cohmredes
2664 5055 2874 5111 Christi
2914 5071 3016 5110 nos
3053 5070 3245 5110 sumus
3289 5063 3307 5094 ⁷
3357 5074 3370 5109 :
3419 5054 3659 5125 Spiritus

2079 5162 2211 5201 vero
2245 5146 2490 5202 exhteres
2535 5155 2652 5214 est,
2703 5155 2757 5202 et
2798 5162 2990 5203 exsors
3036 5146 3439 5202 communionis
3470 5146 3565 5201 Dei
3602 5156 3658 5202 et

2079 5237 2281 5292 Christi
2319 5239 2476 5306 ejus?
2502 5238 2566 5292 Et
2602 5239 2720 5309 ipse
2750 5239 2968 5309 quidem
3003 5238 3243 5308 Spiritus
3277 5240 3653 5294 testimonium

2077 5331 2321 5402 perhibet
2372 5331 2590 5402 spiritui
2623 5343 2831 5399 nostro,
2879 5335 3024 5404 quod
3065 5334 3237 5387 simus
3271 5331 3364 5386 lilii
3412 5331 3504 5386 Dei
3551 5337 3573 5369 ⁸
3628 5345 3649 5391 :

2077 5436 2179 5477 nos
2203 5437 2331 5478 vero
2365 5422 2614 5492 Spiritui.
2643 5439 2711 5480 ne
2742 5425 2864 5494 ejus
2893 5423 3112 5494 quidem
3148 5424 3454 5491 societatis,
3487 5439 3650 5495 quam

464 5700 641 5780 ξῦον.
682 5720 756 5767 vt,
803 5704 885 5780 ll.
963 5704 982 5780 ξ
1020 5703 1282 5780 [φοβῇ
1319 5709 1371 5766 4.
1449 5711 1470 5742 ²
1504 5710 1716 5769 Coloss.
1760 5729 1822 5778 tt,
1857 5713 1944 5770 13.

2099 5714 2351 5778 lCor.v,
2405 5713 2460 5768 8.
2536 5708 3072 5777 ‘Coloss.m,5,4.
3144 5706 3354 5764 'Rom.
3409 5705 3530 5780 vni,
3583 5706 3642 5769 2.

393 5773 416 5814 β
456 5769 614 5835 Rom.
645 5788 760 5842 VIII,
797 5774 884 5828 17.
963 5775 982 5806 ’³
1019 5777 1156 5831 ibid.
1195 5769 1280 5831 l6.
