  <div class='ocr_page' id='page_1' title='image "/cluster/home/n/w/nwhite01/storage/ocr_20150623/130/hvd.32044073502387/405.png"; bbox 0 0 4030 6222; ppageno 0'>
   <div class='ocr_carea' id='block_1_1' title="bbox 420 283 527 346">
    <p class='ocr_par' dir='ltr' id='par_1_1' title="bbox 420 283 527 346">
     <span class='ocr_line' id='line_1_1' title="bbox 420 283 527 346; baseline -0.019 0"><span class='ocrx_word' id='word_1_1' title='bbox 420 283 527 346; x_wconf 75' lang='grc'>79.)</span> 
     </span>
    </p>
   </div>
   <div class='ocr_carea' id='block_1_2' title="bbox 1657 291 2451 351">
    <p class='ocr_par' dir='ltr' id='par_1_2' title="bbox 1657 291 2451 351">
     <span class='ocr_line' id='line_1_2' title="bbox 1657 291 2451 351; baseline -0.003 0"><span class='ocrx_word' id='word_1_2' title='bbox 1657 291 2042 351; x_wconf 75' lang='lat' dir='ltr'><strong>EUTllYMll</strong></span> <span class='ocrx_word' id='word_1_3' title='bbox 2090 291 2451 351; x_wconf 67' lang='lat' dir='ltr'><strong>ZiGAliENl</strong></span> 
     </span>
    </p>
   </div>
   <div class='ocr_carea' id='block_1_3' title="bbox 3574 293 3678 350">
    <p class='ocr_par' dir='ltr' id='par_1_3' title="bbox 3574 293 3678 350">
     <span class='ocr_line' id='line_1_3' title="bbox 3574 293 3678 350; baseline 0 0"><span class='ocrx_word' id='word_1_4' title='bbox 3574 293 3678 350; x_wconf 61' lang='grc' dir='ltr'>ξιιιο</span> 
     </span>
    </p>
   </div>
   <div class='ocr_carea' id='block_1_4' title="bbox 415 421 1990 497">
    <p class='ocr_par' dir='ltr' id='par_1_4' title="bbox 415 421 1990 485">
     <span class='ocr_line' id='line_1_4' title="bbox 415 421 1990 485; baseline -0.006 -1"><span class='ocrx_word' id='word_1_5' title='bbox 415 433 490 485; x_wconf 93' lang='lat' dir='ltr'><strong>illi</strong></span> <span class='ocrx_word' id='word_1_6' title='bbox 516 445 641 484; x_wconf 88' lang='lat' dir='ltr'><strong>cum</strong></span> <span class='ocrx_word' id='word_1_7' title='bbox 674 427 784 484; x_wconf 88' lang='lat' dir='ltr'><strong>Deo</strong></span> <span class='ocrx_word' id='word_1_8' title='bbox 803 443 926 484; x_wconf 87' lang='lat' dir='ltr'><strong>esse</strong></span> <span class='ocrx_word' id='word_1_9' title='bbox 953 442 982 480; x_wconf 90' lang='lat' dir='ltr'><strong>a</strong></span> <span class='ocrx_word' id='word_1_10' title='bbox 1007 427 1238 482; x_wconf 89' lang='lat' dir='ltr'><strong>Domino</strong></span> <span class='ocrx_word' id='word_1_11' title='bbox 1268 423 1582 484; x_wconf 86' lang='lat' dir='ltr'><strong>didicimus,</strong></span> <span class='ocrx_word' id='word_1_12' title='bbox 1617 421 1990 476; x_wconf 86' lang='lat' dir='ltr'><strong>testimonium</strong></span> 
     </span>
    </p>
   </div>
   <div class='ocr_carea' id='block_1_5' title="bbox 2093 421 3682 497">
    <p class='ocr_par' dir='ltr' id='par_1_5' title="bbox 2103 422 3682 497">
     <span class='ocr_line' id='line_1_5' title="bbox 2103 422 3682 497; baseline 0.003 -21"><span class='ocrx_word' id='word_1_13' title='bbox 2103 424 2324 496; x_wconf 78' lang='grc' dir='ltr'>μαοήκα</span> <span class='ocrx_word' id='word_1_14' title='bbox 2334 441 2432 494; x_wconf 86' lang='grc' dir='ltr'><strong>μεν</strong></span> <span class='ocrx_word' id='word_1_15' title='bbox 2463 424 2562 494; x_wconf 83' lang='grc' dir='ltr'>τῆς</span> <span class='ocrx_word' id='word_1_16' title='bbox 2603 424 2735 495; x_wconf 73' lang='grc' dir='ltr'>πρὸς</span> <span class='ocrx_word' id='word_1_17' title='bbox 2762 422 2896 478; x_wconf 79' lang='grc' dir='ltr'>Θεὸν</span> <span class='ocrx_word' id='word_1_18' title='bbox 2927 425 3212 490; x_wconf 74' lang='grc' dir='ltr'><strong>κοινωνίας</strong></span> <span class='ocrx_word' id='word_1_19' title='bbox 3240 423 3343 496; x_wconf 77' lang='grc' dir='ltr'><strong>τὴν</strong></span> <span class='ocrx_word' id='word_1_20' title='bbox 3377 427 3682 497; x_wconf 79' lang='grc' dir='ltr'><strong>μαρτυρίαν</strong></span> 
     </span>
    </p>
   </div>
   <div class='ocr_carea' id='block_1_6' title="bbox 415 516 1995 591">
    <p class='ocr_par' dir='ltr' id='par_1_6' title="bbox 415 516 1995 591">
     <span class='ocr_line' id='line_1_6' title="bbox 415 516 1995 591; baseline -0.006 -16"><span class='ocrx_word' id='word_1_21' title='bbox 415 521 761 591; x_wconf 70' lang='lat' dir='ltr'><strong>praebemus?</strong></span> <span class='ocrx_word' id='word_1_22' title='bbox 793 520 962 573; x_wconf 86' lang='lat' dir='ltr'><strong>Porro</strong></span> <span class='ocrx_word' id='word_1_23' title='bbox 987 518 1130 589; x_wconf 89' lang='lat' dir='ltr'><strong>quod</strong></span> <span class='ocrx_word' id='word_1_24' title='bbox 1156 526 1239 571; x_wconf 89' lang='lat' dir='ltr'><strong>est</strong></span> <span class='ocrx_word' id='word_1_25' title='bbox 1268 516 1520 570; x_wconf 67' lang='lat' dir='ltr'><strong>amentia:</strong></span> <span class='ocrx_word' id='word_1_26' title='bbox 1547 522 1734 584; x_wconf 86' lang='lat' dir='ltr'><strong>caput,</strong></span> <span class='ocrx_word' id='word_1_27' title='bbox 1767 530 1868 567; x_wconf 90' lang='lat' dir='ltr'><strong>nos</strong></span> <span class='ocrx_word' id='word_1_28' title='bbox 1900 529 1995 584; x_wconf 88' lang='lat' dir='ltr'><strong>per</strong></span> 
     </span>
    </p>
   </div>
   <div class='ocr_carea' id='block_1_7' title="bbox 415 607 1992 680">
    <p class='ocr_par' dir='ltr' id='par_1_7' title="bbox 415 607 1992 680">
     <span class='ocr_line' id='line_1_7' title="bbox 415 607 1992 680; baseline -0.004 -14"><span class='ocrx_word' id='word_1_29' title='bbox 415 615 573 668; x_wconf 88' lang='lat' dir='ltr'><strong>Iidem</strong></span> <span class='ocrx_word' id='word_1_30' title='bbox 601 615 656 668; x_wconf 91' lang='lat' dir='ltr'><strong>in</strong></span> <span class='ocrx_word' id='word_1_31' title='bbox 682 613 958 668; x_wconf 75' lang='lat' dir='ltr'><strong>Christum</strong></span> <span class='ocrx_word' id='word_1_32' title='bbox 983 626 1104 680; x_wconf 82' lang='lat' dir='ltr'><strong>quae</strong></span> <span class='ocrx_word' id='word_1_33' title='bbox 1129 619 1210 662; x_wconf 89' lang='lat' dir='ltr'><strong>est</strong></span> <span class='ocrx_word' id='word_1_34' title='bbox 1244 609 1298 661; x_wconf 90' lang='lat' dir='ltr'><strong>in</strong></span> <span class='ocrx_word' id='word_1_35' title='bbox 1334 607 1561 677; x_wconf 76' lang='lat' dir='ltr'><strong>Spiritu,</strong></span> <span class='ocrx_word' id='word_1_36' title='bbox 1585 615 1992 663; x_wconf 79' lang='lat' dir='ltr'><strong>resurrecturus</strong></span> 
     </span>
    </p>
   </div>
   <div class='ocr_carea' id='block_1_8' title="bbox 414 699 1990 765">
    <p class='ocr_par' dir='ltr' id='par_1_8' title="bbox 414 699 1990 765">
     <span class='ocr_line' id='line_1_8' title="bbox 414 699 1990 765; baseline -0.006 -7"><span class='ocrx_word' id='word_1_37' title='bbox 414 722 537 758; x_wconf 82' lang='lat' dir='ltr'><strong>cum</strong></span> <span class='ocrx_word' id='word_1_38' title='bbox 570 705 663 757; x_wconf 93' lang='lat' dir='ltr'><strong>illo</strong></span> <span class='ocrx_word' id='word_1_39' title='bbox 695 713 748 758; x_wconf 93' lang='lat' dir='ltr'><strong>et</strong></span> <span class='ocrx_word' id='word_1_40' title='bbox 771 703 932 756; x_wconf 88' lang='lat' dir='ltr'><strong>simul</strong></span> <span class='ocrx_word' id='word_1_41' title='bbox 969 717 1093 753; x_wconf 90' lang='lat' dir='ltr'><strong>cum</strong></span> <span class='ocrx_word' id='word_1_42' title='bbox 1127 701 1223 753; x_wconf 92' lang='lat' dir='ltr'><strong>illo</strong></span> <span class='ocrx_word' id='word_1_43' title='bbox 1252 713 1506 753; x_wconf 84' lang='lat' dir='ltr'><strong>sessuros</strong></span> <span class='ocrx_word' id='word_1_44' title='bbox 1533 714 1656 752; x_wconf 88' lang='lat' dir='ltr'><strong>esse</strong></span> <span class='ocrx_word' id='word_1_45' title='bbox 1697 699 1752 750; x_wconf 91' lang='lat' dir='ltr'><strong>in</strong></span> <span class='ocrx_word' id='word_1_46' title='bbox 1795 711 1990 765; x_wconf 87' lang='lat' dir='ltr'><strong>snper-</strong></span> 
     </span>
    </p>
   </div>
   <div class='ocr_carea' id='block_1_9' title="bbox 416 791 1993 863">
    <p class='ocr_par' dir='ltr' id='par_1_9' title="bbox 416 791 1993 863">
     <span class='ocr_line' id='line_1_9' title="bbox 416 791 1993 863; baseline -0.003 -15"><span class='ocrx_word' id='word_1_47' title='bbox 416 796 734 850; x_wconf 63' lang='lat' dir='ltr'><strong>cuelestibus</strong></span> <span class='ocrx_word' id='word_1_48' title='bbox 775 808 1079 863; x_wconf 89' lang='lat' dir='ltr'><strong>speramus,</strong></span> <span class='ocrx_word' id='word_1_49' title='bbox 1111 807 1235 846; x_wconf 89' lang='lat' dir='ltr'><strong>cum</strong></span> <span class='ocrx_word' id='word_1_50' title='bbox 1265 791 1742 847; x_wconf 79' lang='lat' dir='ltr'><strong>transformaverit</strong></span> <span class='ocrx_word' id='word_1_51' title='bbox 1791 805 1993 859; x_wconf 89' lang='lat' dir='ltr'><strong>corpus</strong></span> 
     </span>
    </p>
   </div>
   <div class='ocr_carea' id='block_1_10' title="bbox 418 882 1993 952">
    <p class='ocr_par' dir='ltr' id='par_1_10' title="bbox 418 882 1993 952">
     <span class='ocr_line' id='line_1_10' title="bbox 418 882 1993 952; baseline -0.001 -15"><span class='ocrx_word' id='word_1_52' title='bbox 418 887 734 938; x_wconf 83' lang='lat' dir='ltr'><strong>humilitatis</strong></span> <span class='ocrx_word' id='word_1_53' title='bbox 761 893 961 938; x_wconf 74' lang='lat' dir='ltr'><strong>nostra:</strong></span> <span class='ocrx_word' id='word_1_54' title='bbox 985 885 1052 938; x_wconf 93' lang='lat' dir='ltr'><strong>ab</strong></span> <span class='ocrx_word' id='word_1_55' title='bbox 1080 885 1300 938; x_wconf 85' lang='lat' dir='ltr'><strong>animali</strong></span> <span class='ocrx_word' id='word_1_56' title='bbox 1322 884 1388 936; x_wconf 90' lang='lat' dir='ltr'><strong>ad</strong></span> <span class='ocrx_word' id='word_1_57' title='bbox 1420 883 1725 952; x_wconf 89' lang='lat' dir='ltr'><strong>spirituale;</strong></span> <span class='ocrx_word' id='word_1_58' title='bbox 1765 882 1993 952; x_wconf 74' lang='lat' dir='ltr'><strong>Spiritui</strong></span> 
     </span>
    </p>
   </div>
   <div class='ocr_carea' id='block_1_11' title="bbox 415 973 1994 1045">
    <p class='ocr_par' dir='ltr' id='par_1_11' title="bbox 415 973 1994 1045">
     <span class='ocr_line' id='line_1_11' title="bbox 415 973 1994 1045; baseline -0.001 -17"><span class='ocrx_word' id='word_1_59' title='bbox 415 992 542 1031; x_wconf 88' lang='lat' dir='ltr'><strong>vero</strong></span> <span class='ocrx_word' id='word_1_60' title='bbox 570 993 677 1029; x_wconf 88' lang='lat' dir='ltr'><strong>non</strong></span> <span class='ocrx_word' id='word_1_61' title='bbox 710 992 1064 1042; x_wconf 80' lang='lat' dir='ltr'><strong>consessum,</strong></span> <span class='ocrx_word' id='word_1_62' title='bbox 1101 991 1209 1029; x_wconf 89' lang='lat' dir='ltr'><strong>non</strong></span> <span class='ocrx_word' id='word_1_63' title='bbox 1235 975 1617 1045; x_wconf 82' lang='lat' dir='ltr'><strong>gloriam,non</strong></span> <span class='ocrx_word' id='word_1_64' title='bbox 1651 974 1799 1028; x_wconf 86' lang='lat' dir='ltr'><strong>aliud</strong></span> <span class='ocrx_word' id='word_1_65' title='bbox 1833 973 1994 1042; x_wconf 90' lang='lat' dir='ltr'><strong>quid-</strong></span> 
     </span>
    </p>
   </div>
   <div class='ocr_carea' id='block_1_12' title="bbox 418 1065 1994 1138">
    <p class='ocr_par' dir='ltr' id='par_1_12' title="bbox 418 1065 1994 1138">
     <span class='ocr_line' id='line_1_12' title="bbox 418 1065 1994 1138; baseline 0 -18"><span class='ocrx_word' id='word_1_66' title='bbox 418 1085 578 1138; x_wconf 88' lang='lat' dir='ltr'><strong>quam</strong></span> <span class='ocrx_word' id='word_1_67' title='bbox 599 1084 787 1122; x_wconf 89' lang='lat' dir='ltr'><strong>eorum</strong></span> <span class='ocrx_word' id='word_1_68' title='bbox 815 1085 935 1136; x_wconf 78' lang='lat' dir='ltr'><strong>quze</strong></span> <span class='ocrx_word' id='word_1_69' title='bbox 963 1070 1033 1122; x_wconf 89' lang='lat' dir='ltr'><strong>ab</strong></span> <span class='ocrx_word' id='word_1_70' title='bbox 1063 1069 1180 1137; x_wconf 88' lang='lat' dir='ltr'><strong>ipso</strong></span> <span class='ocrx_word' id='word_1_71' title='bbox 1204 1068 1487 1129; x_wconf 84' lang='lat' dir='ltr'><strong>habemus,</strong></span> <span class='ocrx_word' id='word_1_72' title='bbox 1514 1065 1880 1135; x_wconf 86' lang='lat' dir='ltr'><strong>impertimus?</strong></span> <span class='ocrx_word' id='word_1_73' title='bbox 1899 1065 1994 1120; x_wconf 88' lang='lat' dir='ltr'><strong>sed</strong></span> 
     </span>
    </p>
   </div>
   <div class='ocr_carea' id='block_1_13' title="bbox 417 1148 1994 1229">
    <p class='ocr_par' dir='ltr' id='par_1_13' title="bbox 417 1148 1994 1229">
     <span class='ocr_line' id='line_1_13' title="bbox 417 1148 1994 1229; baseline -0.001 -17"><span class='ocrx_word' id='word_1_74' title='bbox 417 1162 620 1229; x_wconf 83' lang='lat' dir='ltr'><strong>quibus</strong></span> <span class='ocrx_word' id='word_1_75' title='bbox 656 1176 756 1214; x_wconf 92' lang='lat' dir='ltr'><strong>nos</strong></span> <span class='ocrx_word' id='word_1_76' title='bbox 935 1161 1083 1229; x_wconf 83' lang='lat' dir='ltr'><strong>ipsos</strong></span> <span class='ocrx_word' id='word_1_77' title='bbox 1111 1148 1230 1212; x_wconf 78' lang='lat' dir='ltr'><strong>esse</strong></span> <span class='ocrx_word' id='word_1_78' title='bbox 1253 1159 1469 1229; x_wconf 87' lang='lat' dir='ltr'><strong>dignos,</strong></span> <span class='ocrx_word' id='word_1_79' title='bbox 1501 1174 1569 1212; x_wconf 80' lang='lat' dir='ltr'><strong>ex</strong></span> <span class='ocrx_word' id='word_1_80' title='bbox 1592 1156 1712 1226; x_wconf 86' lang='lat' dir='ltr'><strong>ejus</strong></span> <span class='ocrx_word' id='word_1_81' title='bbox 1745 1157 1836 1226; x_wconf 87' lang='lat' dir='ltr'><strong>qui</strong></span> <span class='ocrx_word' id='word_1_82' title='bbox 1868 1172 1994 1227; x_wconf 92' lang='lat' dir='ltr'><strong>pro-</strong></span> 
     </span>
    </p>
   </div>
   <div class='ocr_carea' id='block_1_14' title="bbox 418 1247 1996 1312">
    <p class='ocr_par' dir='ltr' id='par_1_14' title="bbox 418 1247 1996 1312">
     <span class='ocr_line' id='line_1_14' title="bbox 418 1247 1996 1312; baseline -0.002 -9"><span class='ocrx_word' id='word_1_83' title='bbox 418 1251 567 1304; x_wconf 82' lang='lat' dir='ltr'><strong>misit</strong></span> <span class='ocrx_word' id='word_1_84' title='bbox 605 1266 712 1304; x_wconf 91' lang='lat' dir='ltr'><strong>non</strong></span> <span class='ocrx_word' id='word_1_85' title='bbox 765 1250 1015 1304; x_wconf 88' lang='lat' dir='ltr'><strong>mendaci</strong></span> <span class='ocrx_word' id='word_1_86' title='bbox 1060 1265 1309 1312; x_wconf 88' lang='lat' dir='ltr'><strong>munere,</strong></span> <span class='ocrx_word' id='word_1_87' title='bbox 1339 1249 1639 1312; x_wconf 86' lang='lat' dir='ltr'><strong>credimus,</strong></span> <span class='ocrx_word' id='word_1_88' title='bbox 1673 1248 1867 1302; x_wconf 86' lang='lat' dir='ltr'><strong>horum</strong></span> <span class='ocrx_word' id='word_1_89' title='bbox 1909 1247 1996 1300; x_wconf 92' lang='lat' dir='ltr'><strong>ni-</strong></span> 
     </span>
    </p>
   </div>
   <div class='ocr_carea' id='block_1_15' title="bbox 418 1339 1994 1410">
    <p class='ocr_par' dir='ltr' id='par_1_15' title="bbox 418 1339 1994 1410">
     <span class='ocr_line' id='line_1_15' title="bbox 418 1339 1994 1410; baseline -0.002 -16"><span class='ocrx_word' id='word_1_90' title='bbox 418 1342 491 1394; x_wconf 94' lang='lat' dir='ltr'><strong>hil</strong></span> <span class='ocrx_word' id='word_1_91' title='bbox 534 1341 761 1410; x_wconf 75' lang='lat' dir='ltr'><strong>Spiritui</strong></span> <span class='ocrx_word' id='word_1_92' title='bbox 795 1351 1004 1404; x_wconf 88' lang='lat' dir='ltr'><strong>sancto,</strong></span> <span class='ocrx_word' id='word_1_93' title='bbox 1029 1341 1185 1410; x_wconf 91' lang='lat' dir='ltr'><strong>quasi</strong></span> <span class='ocrx_word' id='word_1_94' title='bbox 1211 1350 1470 1409; x_wconf 88' lang='lat' dir='ltr'><strong>superent</strong></span> <span class='ocrx_word' id='word_1_95' title='bbox 1501 1341 1648 1394; x_wconf 93' lang='lat' dir='ltr'><strong>illius</strong></span> <span class='ocrx_word' id='word_1_96' title='bbox 1679 1339 1994 1409; x_wconf 85' lang='lat' dir='ltr'><strong>dignitatem</strong></span> 
     </span>
    </p>
   </div>
   <div class='ocr_carea' id='block_1_16' title="bbox 417 1430 1997 1500">
    <p class='ocr_par' dir='ltr' id='par_1_16' title="bbox 417 1430 1997 1500">
     <span class='ocr_line' id='line_1_16' title="bbox 417 1430 1997 1500; baseline -0.001 -17"><span class='ocrx_word' id='word_1_97' title='bbox 417 1433 798 1486; x_wconf 74' lang='lat' dir='ltr'><strong>concedimus?</strong></span> <span class='ocrx_word' id='word_1_98' title='bbox 824 1431 887 1484; x_wconf 85' lang='lat' dir='ltr'><strong>Et</strong></span> <span class='ocrx_word' id='word_1_99' title='bbox 920 1431 1015 1484; x_wconf 83' lang='lat' dir='ltr'><strong>tibi</strong></span> <span class='ocrx_word' id='word_1_100' title='bbox 1043 1430 1260 1500; x_wconf 84' lang='lat' dir='ltr'><strong>quidem</strong></span> <span class='ocrx_word' id='word_1_101' title='bbox 1289 1446 1388 1500; x_wconf 89' lang='lat' dir='ltr'><strong>pro</strong></span> <span class='ocrx_word' id='word_1_102' title='bbox 1411 1430 1602 1485; x_wconf 87' lang='lat' dir='ltr'><strong>merito</strong></span> <span class='ocrx_word' id='word_1_103' title='bbox 1633 1430 1757 1484; x_wconf 86' lang='lat' dir='ltr'><strong>licet</strong></span> <span class='ocrx_word' id='word_1_104' title='bbox 1784 1443 1997 1498; x_wconf 77' lang='lat' dir='ltr'><strong>semper</strong></span> 
     </span>
    </p>
   </div>
   <div class='ocr_carea' id='block_1_17' title="bbox 418 1521 1996 1589">
    <p class='ocr_par' dir='ltr' id='par_1_17' title="bbox 418 1521 1996 1589">
     <span class='ocr_line' id='line_1_17' title="bbox 418 1521 1996 1589; baseline -0.003 -14"><span class='ocrx_word' id='word_1_105' title='bbox 418 1538 540 1575; x_wconf 85' lang='lat' dir='ltr'><strong>esse</strong></span> <span class='ocrx_word' id='word_1_106' title='bbox 567 1538 690 1576; x_wconf 91' lang='lat' dir='ltr'><strong>cum</strong></span> <span class='ocrx_word' id='word_1_107' title='bbox 727 1521 957 1575; x_wconf 87' lang='lat' dir='ltr'><strong>Domino</strong></span> <span class='ocrx_word' id='word_1_108' title='bbox 993 1540 1004 1574; x_wconf 94' lang='lat'>:</span> <span class='ocrx_word' id='word_1_109' title='bbox 1041 1529 1096 1575; x_wconf 93' lang='lat' dir='ltr'><strong>ct</strong></span> <span class='ocrx_word' id='word_1_110' title='bbox 1126 1529 1440 1589; x_wconf 82' lang='lat' dir='ltr'><strong>exspectas,</strong></span> <span class='ocrx_word' id='word_1_111' title='bbox 1480 1527 1537 1572; x_wconf 92' lang='lat' dir='ltr'><strong>ut</strong></span> <span class='ocrx_word' id='word_1_112' title='bbox 1571 1527 1763 1588; x_wconf 87' lang='lat' dir='ltr'><strong>raptus</strong></span> <span class='ocrx_word' id='word_1_113' title='bbox 1809 1521 1863 1572; x_wconf 93' lang='lat' dir='ltr'><strong>in</strong></span> <span class='ocrx_word' id='word_1_114' title='bbox 1895 1534 1996 1571; x_wconf 92' lang='lat' dir='ltr'><strong>nu-</strong></span> 
     </span>
    </p>
   </div>
   <div class='ocr_carea' id='block_1_18' title="bbox 421 1613 1994 1684">
    <p class='ocr_par' dir='ltr' id='par_1_18' title="bbox 421 1613 1994 1684">
     <span class='ocr_line' id='line_1_18' title="bbox 421 1613 1994 1684; baseline -0.001 -14"><span class='ocrx_word' id='word_1_115' title='bbox 421 1618 580 1670; x_wconf 87' lang='lat' dir='ltr'><strong>bibus</strong></span> <span class='ocrx_word' id='word_1_116' title='bbox 607 1617 658 1670; x_wconf 91' lang='lat' dir='ltr'><strong>in</strong></span> <span class='ocrx_word' id='word_1_117' title='bbox 692 1631 984 1669; x_wconf 90' lang='lat' dir='ltr'><strong>occursum</strong></span> <span class='ocrx_word' id='word_1_118' title='bbox 1027 1617 1079 1669; x_wconf 93' lang='lat' dir='ltr'><strong>in</strong></span> <span class='ocrx_word' id='word_1_119' title='bbox 1111 1630 1292 1669; x_wconf 85' lang='lat' dir='ltr'><strong>aerem</strong></span> <span class='ocrx_word' id='word_1_120' title='bbox 1314 1655 1327 1678; x_wconf 92' lang='lat'><strong>,</strong></span> <span class='ocrx_word' id='word_1_121' title='bbox 1363 1631 1580 1684; x_wconf 83' lang='lat' dir='ltr'><strong>semper</strong></span> <span class='ocrx_word' id='word_1_122' title='bbox 1610 1615 1689 1670; x_wconf 90' lang='lat' dir='ltr'><strong>sis</strong></span> <span class='ocrx_word' id='word_1_123' title='bbox 1727 1631 1850 1668; x_wconf 91' lang='lat' dir='ltr'><strong>cum</strong></span> <span class='ocrx_word' id='word_1_124' title='bbox 1889 1613 1994 1668; x_wconf 86' lang='lat' dir='ltr'><strong>Do-</strong></span> 
     </span>
    </p>
   </div>
   <div class='ocr_carea' id='block_1_19' title="bbox 420 1705 1996 1774">
    <p class='ocr_par' dir='ltr' id='par_1_19' title="bbox 420 1705 1996 1774">
     <span class='ocr_line' id='line_1_19' title="bbox 420 1705 1996 1774; baseline 0.001 -16"><span class='ocrx_word' id='word_1_125' title='bbox 420 1709 566 1759; x_wconf 87' lang='lat' dir='ltr'><strong>mino</strong></span> <span class='ocrx_word' id='word_1_126' title='bbox 596 1708 611 1736; x_wconf 89' lang='grc'>¹</span> <span class='ocrx_word' id='word_1_127' title='bbox 674 1723 687 1758; x_wconf 93' lang='lat'><strong>:</strong></span> <span class='ocrx_word' id='word_1_128' title='bbox 731 1705 994 1774; x_wconf 78' lang='lat' dir='ltr'><strong>Spiritum</strong></span> <span class='ocrx_word' id='word_1_129' title='bbox 1045 1714 1227 1760; x_wconf 91' lang='lat' dir='ltr'><strong>autem</strong></span> <span class='ocrx_word' id='word_1_130' title='bbox 1270 1719 1418 1758; x_wconf 89' lang='lat' dir='ltr'><strong>nunc</strong></span> <span class='ocrx_word' id='word_1_131' title='bbox 1447 1720 1570 1760; x_wconf 89' lang='lat' dir='ltr'><strong>esse</strong></span> <span class='ocrx_word' id='word_1_132' title='bbox 1605 1721 1728 1758; x_wconf 90' lang='lat' dir='ltr'><strong>cum</strong></span> <span class='ocrx_word' id='word_1_133' title='bbox 1775 1706 1996 1760; x_wconf 80' lang='lat' dir='ltr'><strong>Christo</strong></span> 
     </span>
    </p>
   </div>
   <div class='ocr_carea' id='block_1_20' title="bbox 420 1795 1998 1868">
    <p class='ocr_par' dir='ltr' id='par_1_20' title="bbox 420 1795 1998 1868">
     <span class='ocr_line' id='line_1_20' title="bbox 420 1795 1998 1868; baseline 0.003 -19"><span class='ocrx_word' id='word_1_134' title='bbox 420 1797 620 1865; x_wconf 83' lang='lat' dir='ltr'><strong>negas?</strong></span> <span class='ocrx_word' id='word_1_135' title='bbox 657 1795 757 1860; x_wconf 90' lang='lat' dir='ltr'><strong>Qui</strong></span> <span class='ocrx_word' id='word_1_136' title='bbox 799 1798 1008 1850; x_wconf 80' lang='lat' dir='ltr'><strong>scilicet</strong></span> <span class='ocrx_word' id='word_1_137' title='bbox 1041 1814 1187 1863; x_wconf 91' lang='lat' dir='ltr'><strong>eum,</strong></span> <span class='ocrx_word' id='word_1_138' title='bbox 1223 1798 1316 1868; x_wconf 88' lang='lat' dir='ltr'><strong>qui</strong></span> <span class='ocrx_word' id='word_1_139' title='bbox 1347 1797 1526 1866; x_wconf 89' lang='lat' dir='ltr'><strong>ipsum</strong></span> <span class='ocrx_word' id='word_1_140' title='bbox 1571 1812 1694 1850; x_wconf 92' lang='lat' dir='ltr'><strong>cum</strong></span> <span class='ocrx_word' id='word_1_141' title='bbox 1729 1796 1888 1852; x_wconf 84' lang='lat' dir='ltr'><strong>Patre</strong></span> <span class='ocrx_word' id='word_1_142' title='bbox 1933 1812 1998 1853; x_wconf 87' lang='lat' dir='ltr'><strong>ac</strong></span> 
     </span>
    </p>
   </div>
   <div class='ocr_carea' id='block_1_21' title="bbox 421 1884 1994 1958">
    <p class='ocr_par' dir='ltr' id='par_1_21' title="bbox 421 1884 1994 1958">
     <span class='ocr_line' id='line_1_21' title="bbox 421 1884 1994 1958; baseline 0.004 -21"><span class='ocrx_word' id='word_1_143' title='bbox 421 1884 559 1938; x_wconf 86' lang='lat' dir='ltr'><strong>Filio</strong></span> <span class='ocrx_word' id='word_1_144' title='bbox 591 1895 838 1940; x_wconf 85' lang='lat' dir='ltr'><strong>numerat</strong></span> <span class='ocrx_word' id='word_1_145' title='bbox 860 1903 922 1941; x_wconf 91' lang='lat' dir='ltr'><strong>ac</strong></span> <span class='ocrx_word' id='word_1_146' title='bbox 952 1889 1117 1950; x_wconf 89' lang='lat' dir='ltr'><strong>locat,</strong></span> <span class='ocrx_word' id='word_1_147' title='bbox 1155 1889 1384 1958; x_wconf 76' lang='lat' dir='ltr'><strong>expellis</strong></span> <span class='ocrx_word' id='word_1_148' title='bbox 1413 1897 1466 1942; x_wconf 90' lang='lat' dir='ltr'><strong>et</strong></span> <span class='ocrx_word' id='word_1_149' title='bbox 1495 1888 1674 1956; x_wconf 87' lang='lat' dir='ltr'><strong>ejicis,</strong></span> <span class='ocrx_word' id='word_1_150' title='bbox 1716 1889 1863 1943; x_wconf 86' lang='lat' dir='ltr'><strong>velut</strong></span> <span class='ocrx_word' id='word_1_151' title='bbox 1901 1890 1994 1958; x_wconf 90' lang='lat' dir='ltr'><strong>qui</strong></span> 
     </span>
    </p>
   </div>
   <div class='ocr_carea' id='block_1_22' title="bbox 420 1977 1536 2046">
    <p class='ocr_par' dir='ltr' id='par_1_22' title="bbox 420 1977 1536 2046">
     <span class='ocr_line' id='line_1_22' title="bbox 420 1977 1536 2046; baseline 0.004 -16"><span class='ocrx_word' id='word_1_152' title='bbox 420 1977 749 2046; x_wconf 82' lang='lat' dir='ltr'><strong>impietatem</strong></span> <span class='ocrx_word' id='word_1_153' title='bbox 782 1995 888 2031; x_wconf 88' lang='lat' dir='ltr'><strong>non</strong></span> <span class='ocrx_word' id='word_1_154' title='bbox 923 1979 1196 2032; x_wconf 80' lang='lat' dir='ltr'><strong>ferendam</strong></span> <span class='ocrx_word' id='word_1_155' title='bbox 1233 1979 1536 2034; x_wconf 89' lang='lat' dir='ltr'><strong>admiserit.</strong></span> 
     </span>
    </p>
   </div>
   <div class='ocr_carea' id='block_1_23' title="bbox 604 2067 1995 2142">
    <p class='ocr_par' dir='ltr' id='par_1_23' title="bbox 604 2067 1995 2142">
     <span class='ocr_line' id='line_1_23' title="bbox 604 2067 1995 2142; baseline 0.003 -22"><span class='ocrx_word' id='word_1_156' title='bbox 604 2067 775 2121; x_wconf 85' lang='lat' dir='ltr'><strong>Pudet</strong></span> <span class='ocrx_word' id='word_1_157' title='bbox 806 2070 1011 2138; x_wconf 80' lang='lat' dir='ltr'><strong>reliqua</strong></span> <span class='ocrx_word' id='word_1_158' title='bbox 1047 2069 1367 2139; x_wconf 87' lang='lat' dir='ltr'><strong>adjungere;</strong></span> <span class='ocrx_word' id='word_1_159' title='bbox 1399 2071 1544 2140; x_wconf 83' lang='lat' dir='ltr'><strong>quod</strong></span> <span class='ocrx_word' id='word_1_160' title='bbox 1577 2078 1633 2123; x_wconf 90' lang='lat' dir='ltr'><strong>tu</strong></span> <span class='ocrx_word' id='word_1_161' title='bbox 1659 2068 1878 2142; x_wconf 85' lang='lat' dir='ltr'><strong>quidem</strong></span> <span class='ocrx_word' id='word_1_162' title='bbox 1909 2086 1995 2126; x_wconf 82' lang='lat' dir='ltr'><strong>ex-</strong></span> 
     </span>
    </p>
   </div>
   <div class='ocr_carea' id='block_1_24' title="bbox 419 2157 1992 2230">
    <p class='ocr_par' dir='ltr' id='par_1_24' title="bbox 419 2157 1992 2230">
     <span class='ocr_line' id='line_1_24' title="bbox 419 2157 1992 2230; baseline 0.001 -20"><span class='ocrx_word' id='word_1_163' title='bbox 419 2167 636 2226; x_wconf 86' lang='lat' dir='ltr'><strong>spectas</strong></span> <span class='ocrx_word' id='word_1_164' title='bbox 666 2157 800 2219; x_wconf 88' lang='lat' dir='ltr'><strong>lore,</strong></span> <span class='ocrx_word' id='word_1_165' title='bbox 833 2168 890 2211; x_wconf 85' lang='lat' dir='ltr'><strong>ut</strong></span> <span class='ocrx_word' id='word_1_166' title='bbox 916 2174 1039 2212; x_wconf 93' lang='lat' dir='ltr'><strong>cum</strong></span> <span class='ocrx_word' id='word_1_167' title='bbox 1070 2158 1291 2212; x_wconf 83' lang='lat' dir='ltr'><strong>Christo</strong></span> <span class='ocrx_word' id='word_1_168' title='bbox 1317 2159 1637 2226; x_wconf 86' lang='lat' dir='ltr'><strong>gloriﬁceris</strong></span> <span class='ocrx_word' id='word_1_169' title='bbox 1677 2177 1690 2212; x_wconf 89' lang='lat'><strong>:</strong></span> <span class='ocrx_word' id='word_1_170' title='bbox 1723 2157 1992 2230; x_wconf 86' lang='lat' dir='ltr'><strong>siquidem</strong></span> 
     </span>
    </p>
   </div>
   <div class='ocr_carea' id='block_1_25' title="bbox 419 2248 1990 2319">
    <p class='ocr_par' dir='ltr' id='par_1_25' title="bbox 419 2248 1990 2319">
     <span class='ocr_line' id='line_1_25' title="bbox 419 2248 1990 2319; baseline 0.004 -17"><span class='ocrx_word' id='word_1_171' title='bbox 419 2249 581 2302; x_wconf 87' lang='lat' dir='ltr'><strong>simul</strong></span> <span class='ocrx_word' id='word_1_172' title='bbox 614 2248 922 2318; x_wconf 79' lang='lat' dir='ltr'><strong>alﬂigimur,</strong></span> <span class='ocrx_word' id='word_1_173' title='bbox 955 2258 1012 2302; x_wconf 93' lang='lat' dir='ltr'><strong>ut</strong></span> <span class='ocrx_word' id='word_1_174' title='bbox 1036 2249 1200 2303; x_wconf 88' lang='lat' dir='ltr'><strong>simul</strong></span> <span class='ocrx_word' id='word_1_175' title='bbox 1232 2264 1452 2319; x_wconf 91' lang='lat' dir='ltr'><strong>quoque</strong></span> <span class='ocrx_word' id='word_1_176' title='bbox 1483 2249 1855 2319; x_wconf 85' lang='lat' dir='ltr'><strong>glorilicemur</strong></span> <span class='ocrx_word' id='word_1_177' title='bbox 1915 2256 1936 2286; x_wconf 83' lang='grc'><strong><em>²</em></strong></span> <span class='ocrx_word' id='word_1_178' title='bbox 1976 2272 1990 2308; x_wconf 88' lang='lat'><strong>:</strong></span> 
     </span>
    </p>
   </div>
   <div class='ocr_carea' id='block_1_26' title="bbox 423 2339 1992 2412">
    <p class='ocr_par' dir='ltr' id='par_1_26' title="bbox 423 2339 1992 2412">
     <span class='ocr_line' id='line_1_26' title="bbox 423 2339 1992 2412; baseline 0.004 -20"><span class='ocrx_word' id='word_1_179' title='bbox 423 2339 684 2410; x_wconf 89' lang='lat' dir='ltr'><strong>Spiritum</strong></span> <span class='ocrx_word' id='word_1_180' title='bbox 708 2351 885 2396; x_wconf 86' lang='lat' dir='ltr'><strong>autem</strong></span> <span class='ocrx_word' id='word_1_181' title='bbox 912 2339 1368 2396; x_wconf 90' lang='lat' dir='ltr'><strong>sanctiﬁcationis</strong></span> <span class='ocrx_word' id='word_1_182' title='bbox 1398 2357 1505 2394; x_wconf 92' lang='lat' dir='ltr'><strong>non</strong></span> <span class='ocrx_word' id='word_1_183' title='bbox 1538 2341 1810 2412; x_wconf 79' lang='lat' dir='ltr'><strong>gloriﬁcas</strong></span> <span class='ocrx_word' id='word_1_184' title='bbox 1830 2343 1992 2398; x_wconf 82' lang='lat' dir='ltr'><strong>simul</strong></span> 
     </span>
    </p>
   </div>
   <div class='ocr_carea' id='block_1_27' title="bbox 413 2435 1995 2507">
    <p class='ocr_par' dir='ltr' id='par_1_27' title="bbox 413 2435 1995 2507">
     <span class='ocr_line' id='line_1_27' title="bbox 413 2435 1995 2507; baseline 0.005 -21"><span class='ocrx_word' id='word_1_185' title='bbox 413 2451 536 2488; x_wconf 84' lang='lat' dir='ltr'><strong>cum</strong></span> <span class='ocrx_word' id='word_1_186' title='bbox 576 2436 817 2500; x_wconf 84' lang='lat' dir='ltr'><strong>Christo,</strong></span> <span class='ocrx_word' id='word_1_187' title='bbox 854 2437 1010 2507; x_wconf 86' lang='lat' dir='ltr'><strong>quasi</strong></span> <span class='ocrx_word' id='word_1_188' title='bbox 1044 2453 1111 2491; x_wconf 90' lang='lat' dir='ltr'><strong>ne</strong></span> <span class='ocrx_word' id='word_1_189' title='bbox 1153 2437 1271 2506; x_wconf 91' lang='lat' dir='ltr'><strong>pari</strong></span> <span class='ocrx_word' id='word_1_190' title='bbox 1307 2435 1526 2507; x_wconf 89' lang='lat' dir='ltr'><strong>quidem</strong></span> <span class='ocrx_word' id='word_1_191' title='bbox 1575 2444 1753 2490; x_wconf 89' lang='lat' dir='ltr'><strong>tecum</strong></span> <span class='ocrx_word' id='word_1_192' title='bbox 1787 2437 1995 2494; x_wconf 87' lang='lat' dir='ltr'><strong>honore</strong></span> 
     </span>
    </p>
   </div>
   <div class='ocr_carea' id='block_1_28' title="bbox 412 2527 1994 2602">
    <p class='ocr_par' dir='ltr' id='par_1_28' title="bbox 412 2527 1994 2602">
     <span class='ocr_line' id='line_1_28' title="bbox 412 2527 1994 2602; baseline 0.005 -24"><span class='ocrx_word' id='word_1_193' title='bbox 412 2527 657 2596; x_wconf 86' lang='lat' dir='ltr'><strong>dignum.</strong></span> <span class='ocrx_word' id='word_1_194' title='bbox 692 2527 754 2580; x_wconf 80' lang='lat' dir='ltr'><strong>Et</strong></span> <span class='ocrx_word' id='word_1_195' title='bbox 788 2541 842 2583; x_wconf 90' lang='lat' dir='ltr'><strong>tu</strong></span> <span class='ocrx_word' id='word_1_196' title='bbox 871 2530 1093 2598; x_wconf 89' lang='lat' dir='ltr'><strong>quidem</strong></span> <span class='ocrx_word' id='word_1_197' title='bbox 1131 2545 1320 2599; x_wconf 85' lang='lat' dir='ltr'><strong>speras</strong></span> <span class='ocrx_word' id='word_1_198' title='bbox 1357 2538 1408 2586; x_wconf 88' lang='lat' dir='ltr'><strong>te</strong></span> <span class='ocrx_word' id='word_1_199' title='bbox 1456 2545 1580 2584; x_wconf 91' lang='lat' dir='ltr'><strong>cum</strong></span> <span class='ocrx_word' id='word_1_200' title='bbox 1628 2545 1694 2585; x_wconf 91' lang='lat' dir='ltr'><strong>eo</strong></span> <span class='ocrx_word' id='word_1_201' title='bbox 1739 2540 1994 2602; x_wconf 83' lang='lat' dir='ltr'><strong>regnatu-</strong></span> 
     </span>
    </p>
   </div>
   <div class='ocr_carea' id='block_1_29' title="bbox 415 2618 1992 2690">
    <p class='ocr_par' dir='ltr' id='par_1_29' title="bbox 415 2618 1992 2690">
     <span class='ocr_line' id='line_1_29' title="bbox 415 2618 1992 2690; baseline 0.004 -19"><span class='ocrx_word' id='word_1_202' title='bbox 415 2634 556 2681; x_wconf 73' lang='lat' dir='ltr'><strong>rum,</strong></span> <span class='ocrx_word' id='word_1_203' title='bbox 598 2618 861 2688; x_wconf 84' lang='lat' dir='ltr'><strong>Spiritum</strong></span> <span class='ocrx_word' id='word_1_204' title='bbox 894 2636 1021 2676; x_wconf 86' lang='lat' dir='ltr'><strong>vero</strong></span> <span class='ocrx_word' id='word_1_205' title='bbox 1048 2622 1238 2690; x_wconf 73' lang='lat' dir='ltr'><strong>gratia:</strong></span> <span class='ocrx_word' id='word_1_206' title='bbox 1264 2623 1436 2678; x_wconf 80' lang='lat' dir='ltr'><strong>alﬁcis</strong></span> <span class='ocrx_word' id='word_1_207' title='bbox 1461 2623 1815 2688; x_wconf 87' lang='lat' dir='ltr'><strong>contumelia,</strong></span> <span class='ocrx_word' id='word_1_208' title='bbox 1849 2625 1992 2679; x_wconf 88' lang='lat' dir='ltr'><strong>servi</strong></span> 
     </span>
    </p>
   </div>
   <div class='ocr_carea' id='block_1_30' title="bbox 415 2708 1990 2785">
    <p class='ocr_par' dir='ltr' id='par_1_30' title="bbox 415 2708 1990 2785">
     <span class='ocr_line' id='line_1_30' title="bbox 415 2708 1990 2785; baseline 0.006 -23"><span class='ocrx_word' id='word_1_209' title='bbox 415 2708 711 2779; x_wconf 85' lang='lat' dir='ltr'><strong>famulique</strong></span> <span class='ocrx_word' id='word_1_210' title='bbox 760 2712 938 2765; x_wconf 91' lang='lat' dir='ltr'><strong>locum</strong></span> <span class='ocrx_word' id='word_1_211' title='bbox 987 2713 1064 2767; x_wconf 86' lang='lat' dir='ltr'><strong>illi</strong></span> <span class='ocrx_word' id='word_1_212' title='bbox 1107 2714 1416 2784; x_wconf 77' lang='lat' dir='ltr'><strong>assignans.</strong></span> <span class='ocrx_word' id='word_1_213' title='bbox 1461 2715 1638 2785; x_wconf 85' lang='lat' dir='ltr'><strong>Atque</strong></span> <span class='ocrx_word' id='word_1_214' title='bbox 1686 2715 1799 2771; x_wconf 71' lang='lat' dir='ltr'><strong>haec</strong></span> <span class='ocrx_word' id='word_1_215' title='bbox 1833 2716 1990 2783; x_wconf 92' lang='lat' dir='ltr'><strong>dico,</strong></span> 
     </span>
    </p>
   </div>
   <div class='ocr_carea' id='block_1_31' title="bbox 415 2801 1995 2862">
    <p class='ocr_par' dir='ltr' id='par_1_31' title="bbox 415 2801 1995 2862">
     <span class='ocr_line' id='line_1_31' title="bbox 415 2801 1995 2862; baseline 0.008 -11"><span class='ocrx_word' id='word_1_216' title='bbox 415 2813 522 2852; x_wconf 90' lang='lat' dir='ltr'><strong>non</strong></span> <span class='ocrx_word' id='word_1_217' title='bbox 559 2808 618 2852; x_wconf 85' lang='grc' dir='ltr'><strong>ιιι</strong></span> <span class='ocrx_word' id='word_1_218' title='bbox 649 2801 915 2856; x_wconf 80' lang='lat' dir='ltr'><strong>duntaxat</strong></span> <span class='ocrx_word' id='word_1_219' title='bbox 945 2804 1233 2858; x_wconf 89' lang='lat' dir='ltr'><strong>ostendam</strong></span> <span class='ocrx_word' id='word_1_220' title='bbox 1267 2806 1601 2861; x_wconf 82' lang='lat' dir='ltr'><strong>tantumdem</strong></span> <span class='ocrx_word' id='word_1_221' title='bbox 1644 2807 1869 2862; x_wconf 90' lang='lat' dir='ltr'><strong>honoris</strong></span> <span class='ocrx_word' id='word_1_222' title='bbox 1899 2809 1995 2862; x_wconf 83' lang='lat' dir='ltr'><strong>dc-</strong></span> 
     </span>
    </p>
   </div>
   <div class='ocr_carea' id='block_1_32' title="bbox 414 2889 1992 2962">
    <p class='ocr_par' dir='ltr' id='par_1_32' title="bbox 414 2889 1992 2962">
     <span class='ocr_line' id='line_1_32' title="bbox 414 2889 1992 2962; baseline 0.008 -20"><span class='ocrx_word' id='word_1_223' title='bbox 414 2889 529 2942; x_wconf 83' lang='lat' dir='ltr'><strong>beri</strong></span> <span class='ocrx_word' id='word_1_224' title='bbox 557 2890 779 2958; x_wconf 82' lang='lat' dir='ltr'><strong>Spiritui</strong></span> <span class='ocrx_word' id='word_1_225' title='bbox 814 2893 1302 2962; x_wconf 84' lang='lat' dir='ltr'><strong>ingloriticatione,</strong></span> <span class='ocrx_word' id='word_1_226' title='bbox 1337 2897 1430 2952; x_wconf 90' lang='lat' dir='ltr'><strong>sed</strong></span> <span class='ocrx_word' id='word_1_227' title='bbox 1453 2907 1510 2952; x_wconf 94' lang='lat' dir='ltr'><strong>ut</strong></span> <span class='ocrx_word' id='word_1_228' title='bbox 1544 2899 1992 2955; x_wconf 80' lang='lat' dir='ltr'><strong>illorumdemen—</strong></span> 
     </span>
    </p>
   </div>
   <div class='ocr_carea' id='block_1_33' title="bbox 413 2979 1988 3058">
    <p class='ocr_par' dir='ltr' id='par_1_33' title="bbox 413 2979 1988 3058">
     <span class='ocr_line' id='line_1_33' title="bbox 413 2979 1988 3058; baseline 0.01 -27"><span class='ocrx_word' id='word_1_229' title='bbox 413 2981 543 3032; x_wconf 88' lang='lat' dir='ltr'><strong>tiam</strong></span> <span class='ocrx_word' id='word_1_230' title='bbox 579 2979 924 3051; x_wconf 81' lang='lat' dir='ltr'><strong>redarguam,</strong></span> <span class='ocrx_word' id='word_1_231' title='bbox 956 2985 1048 3052; x_wconf 89' lang='lat' dir='ltr'><strong>qui</strong></span> <span class='ocrx_word' id='word_1_232' title='bbox 1083 3001 1150 3039; x_wconf 90' lang='lat' dir='ltr'><strong>ne</strong></span> <span class='ocrx_word' id='word_1_233' title='bbox 1177 2987 1279 3040; x_wconf 88' lang='lat' dir='ltr'><strong>hoc</strong></span> <span class='ocrx_word' id='word_1_234' title='bbox 1304 2989 1524 3057; x_wconf 88' lang='lat' dir='ltr'><strong>quidem</strong></span> <span class='ocrx_word' id='word_1_235' title='bbox 1553 2991 1630 3044; x_wconf 89' lang='lat' dir='ltr'><strong>illi</strong></span> <span class='ocrx_word' id='word_1_236' title='bbox 1657 2991 1988 3058; x_wconf 88' lang='lat' dir='ltr'><strong>concedunt,</strong></span> 
     </span>
    </p>
   </div>
   <div class='ocr_carea' id='block_1_34' title="bbox 2098 514 3682 588">
    <p class='ocr_par' dir='ltr' id='par_1_34' title="bbox 2098 514 3682 588">
     <span class='ocr_line' id='line_1_34' title="bbox 2098 514 3682 588; baseline 0.002 -19"><span class='ocrx_word' id='word_1_237' title='bbox 2098 514 2536 586; x_wconf 77' lang='grc' dir='ltr'>κατατιθέμεθας</span> <span class='ocrx_word' id='word_1_238' title='bbox 2580 516 2652 568; x_wconf 80' lang='grc' dir='ltr'>Τὸ</span> <span class='ocrx_word' id='word_1_239' title='bbox 2690 516 2746 568; x_wconf 84' lang='grc' dir='ltr'><strong>δὲ</strong></span> <span class='ocrx_word' id='word_1_240' title='bbox 2791 517 3088 585; x_wconf 80' lang='grc' dir='ltr'>κεφάλαιον</span> <span class='ocrx_word' id='word_1_241' title='bbox 3136 519 3233 588; x_wconf 80' lang='grc' dir='ltr'>τῆς</span> <span class='ocrx_word' id='word_1_242' title='bbox 3274 517 3482 580; x_wconf 85' lang='grc' dir='ltr'>ἀνοίας,</span> <span class='ocrx_word' id='word_1_243' title='bbox 3525 518 3682 588; x_wconf 74' lang='grc' dir='ltr'>ἡμεῖς</span> 
     </span>
    </p>
   </div>
   <div class='ocr_carea' id='block_1_35' title="bbox 2100 607 3682 681">
    <p class='ocr_par' dir='ltr' id='par_1_35' title="bbox 2100 607 3682 681">
     <span class='ocr_line' id='line_1_35' title="bbox 2100 607 3682 681; baseline 0.003 -23"><span class='ocrx_word' id='word_1_244' title='bbox 2100 608 2198 676; x_wconf 83' lang='grc' dir='ltr'><strong>μὲν</strong></span> <span class='ocrx_word' id='word_1_245' title='bbox 2227 607 2315 660; x_wconf 74' lang='grc' dir='ltr'>διὰ</span> <span class='ocrx_word' id='word_1_246' title='bbox 2360 607 2457 677; x_wconf 80' lang='grc' dir='ltr'>τῆς</span> <span class='ocrx_word' id='word_1_247' title='bbox 2506 608 2586 670; x_wconf 82' lang='grc' dir='ltr'>εἰς</span> <span class='ocrx_word' id='word_1_248' title='bbox 2614 608 2846 678; x_wconf 84' lang='grc' dir='ltr'>Χριστὸν</span> <span class='ocrx_word' id='word_1_249' title='bbox 2887 609 3123 672; x_wconf 84' lang='grc' dir='ltr'>πίστεως</span> <span class='ocrx_word' id='word_1_250' title='bbox 3164 611 3262 679; x_wconf 87' lang='grc' dir='ltr'><strong>τῆς</strong></span> <span class='ocrx_word' id='word_1_251' title='bbox 3314 611 3372 661; x_wconf 88' lang='grc' dir='ltr'><strong>ἐν</strong></span> <span class='ocrx_word' id='word_1_252' title='bbox 3410 609 3682 681; x_wconf 86' lang='grc' dir='ltr'>Πνεύματι</span> 
     </span>
    </p>
   </div>
   <div class='ocr_carea' id='block_1_36' title="bbox 2099 699 3685 770">
    <p class='ocr_par' dir='ltr' id='par_1_36' title="bbox 2099 699 3685 770">
     <span class='ocr_line' id='line_1_36' title="bbox 2099 699 3685 770; baseline 0.003 -20"><span class='ocrx_word' id='word_1_253' title='bbox 2099 699 2595 770; x_wconf 79' lang='grc' dir='ltr'>συνεγερθήσεσθαι</span> <span class='ocrx_word' id='word_1_254' title='bbox 2650 700 2797 770; x_wconf 83' lang='grc' dir='ltr'>αὑτῷ</span> <span class='ocrx_word' id='word_1_255' title='bbox 2842 703 2937 754; x_wconf 79' lang='grc' dir='ltr'><strong>καὶ</strong></span> <span class='ocrx_word' id='word_1_256' title='bbox 2985 702 3434 770; x_wconf 76' lang='grc' dir='ltr'>συγκαθεδεῖσϐαι</span> <span class='ocrx_word' id='word_1_257' title='bbox 3624 705 3685 756; x_wconf 84' lang='grc' dir='ltr'><strong>ἐν</strong></span> 
     </span>
    </p>
   </div>
   <div class='ocr_carea' id='block_1_37' title="bbox 2095 792 3686 864">
    <p class='ocr_par' dir='ltr' id='par_1_37' title="bbox 2095 792 3686 864">
     <span class='ocr_line' id='line_1_37' title="bbox 2095 792 3686 864; baseline 0.003 -20"><span class='ocrx_word' id='word_1_258' title='bbox 2095 793 2208 854; x_wconf 85' lang='grc' dir='ltr'>τοῖς</span> <span class='ocrx_word' id='word_1_259' title='bbox 2237 792 2580 863; x_wconf 75' lang='grc' dir='ltr'><strong>ἐπουρανίοις</strong></span> <span class='ocrx_word' id='word_1_260' title='bbox 2609 792 2920 862; x_wconf 80' lang='grc' dir='ltr'><strong>ἐλπίζομεν,</strong></span> <span class='ocrx_word' id='word_1_261' title='bbox 2966 793 3096 846; x_wconf 85' lang='grc' dir='ltr'>ὅταν</span> <span class='ocrx_word' id='word_1_262' title='bbox 3143 793 3597 864; x_wconf 73' lang='grc' dir='ltr'>μετασχηματίσει</span> <span class='ocrx_word' id='word_1_263' title='bbox 3623 795 3686 848; x_wconf 81' lang='grc' dir='ltr'>τὸ</span> 
     </span>
    </p>
   </div>
   <div class='ocr_carea' id='block_1_38' title="bbox 2100 883 3686 958">
    <p class='ocr_par' dir='ltr' id='par_1_38' title="bbox 2100 883 3686 958">
     <span class='ocr_line' id='line_1_38' title="bbox 2100 883 3686 958; baseline 0.002 -22"><span class='ocrx_word' id='word_1_264' title='bbox 2100 883 2262 953; x_wconf 85' lang='grc' dir='ltr'>σῶμα</span> <span class='ocrx_word' id='word_1_265' title='bbox 2287 883 2389 952; x_wconf 81' lang='grc' dir='ltr'><strong>τῆς</strong></span> <span class='ocrx_word' id='word_1_266' title='bbox 2422 883 2806 943; x_wconf 78' lang='grc' dir='ltr'><strong>ταπεινώσεως</strong></span> <span class='ocrx_word' id='word_1_267' title='bbox 2844 883 3001 954; x_wconf 83' lang='grc' dir='ltr'>ήμῶν</span> <span class='ocrx_word' id='word_1_268' title='bbox 3025 885 3133 938; x_wconf 80' lang='grc' dir='ltr'>ἀπὸ</span> <span class='ocrx_word' id='word_1_269' title='bbox 3157 885 3252 937; x_wconf 89' lang='grc' dir='ltr'><strong>τοῦ</strong></span> <span class='ocrx_word' id='word_1_270' title='bbox 3282 885 3516 956; x_wconf 75' lang='grc' dir='ltr'><strong>ψυχικοῦ</strong></span> <span class='ocrx_word' id='word_1_271' title='bbox 3550 888 3686 958; x_wconf 74' lang='grc' dir='ltr'>πρὸς</span> 
     </span>
    </p>
   </div>
   <div class='ocr_carea' id='block_1_39' title="bbox 2093 974 3684 1050">
    <p class='ocr_par' dir='ltr' id='par_1_39' title="bbox 2093 974 3684 1050">
     <span class='ocr_line' id='line_1_39' title="bbox 2093 974 3684 1050; baseline 0.004 -24"><span class='ocrx_word' id='word_1_272' title='bbox 2093 974 2156 1026; x_wconf 78' lang='grc' dir='ltr'>τὸ</span> <span class='ocrx_word' id='word_1_273' title='bbox 2203 975 2606 1044; x_wconf 76' lang='grc' dir='ltr'>πνευματικόνο</span> <span class='ocrx_word' id='word_1_274' title='bbox 2639 974 2719 1044; x_wconf 84' lang='grc' dir='ltr'>τῷ</span> <span class='ocrx_word' id='word_1_275' title='bbox 2755 975 2812 1028; x_wconf 85' lang='grc' dir='ltr'>δὲ</span> <span class='ocrx_word' id='word_1_276' title='bbox 2865 975 3148 1046; x_wconf 87' lang='grc' dir='ltr'>Πνεύματι</span> <span class='ocrx_word' id='word_1_277' title='bbox 3183 977 3243 1030; x_wconf 84' lang='grc' dir='ltr'><strong>οὐ</strong></span> <span class='ocrx_word' id='word_1_278' title='bbox 3275 978 3580 1050; x_wconf 78' lang='grc' dir='ltr'><strong>συνεδρίας,</strong></span> <span class='ocrx_word' id='word_1_279' title='bbox 3621 980 3684 1032; x_wconf 73' lang='grc' dir='ltr'><strong>οὐ</strong></span> 
     </span>
    </p>
   </div>
   <div class='ocr_carea' id='block_1_40' title="bbox 2093 1057 3682 1138">
    <p class='ocr_par' dir='ltr' id='par_1_40' title="bbox 2093 1057 3682 1138">
     <span class='ocr_line' id='line_1_40' title="bbox 2093 1057 3682 1138; baseline 0.003 -21"><span class='ocrx_word' id='word_1_280' title='bbox 2093 1063 2274 1134; x_wconf 76' lang='grc' dir='ltr'>δόξης,</span> <span class='ocrx_word' id='word_1_281' title='bbox 2300 1065 2398 1117; x_wconf 79' lang='grc' dir='ltr'><strong>οὐκ</strong></span> <span class='ocrx_word' id='word_1_282' title='bbox 2428 1065 2585 1117; x_wconf 80' lang='grc' dir='ltr'>ἄλλου</span> <span class='ocrx_word' id='word_1_283' title='bbox 2614 1065 2781 1128; x_wconf 86' lang='grc' dir='ltr'>τινὸς,</span> <span class='ocrx_word' id='word_1_284' title='bbox 2808 1057 2884 1119; x_wconf 81' lang='grc' dir='ltr'><strong>ὧν</strong></span> <span class='ocrx_word' id='word_1_285' title='bbox 2911 1065 3108 1136; x_wconf 73' lang='grc' dir='ltr'>ἔχομεν</span> <span class='ocrx_word' id='word_1_286' title='bbox 3139 1068 3268 1138; x_wconf 88' lang='grc' dir='ltr'>παρ’</span> <span class='ocrx_word' id='word_1_287' title='bbox 3291 1067 3480 1133; x_wconf 79' lang='grc' dir='ltr'>αὑτοῦ,</span> <span class='ocrx_word' id='word_1_288' title='bbox 3514 1087 3682 1138; x_wconf 84' lang='grc' dir='ltr'>μετα-</span> 
     </span>
    </p>
   </div>
   <div class='ocr_carea' id='block_1_41' title="bbox 2093 1149 3682 1230">
    <p class='ocr_par' dir='ltr' id='par_1_41' title="bbox 2093 1149 3682 1230">
     <span class='ocr_line' id='line_1_41' title="bbox 2093 1149 3682 1230; baseline 0.004 -24"><span class='ocrx_word' id='word_1_289' title='bbox 2093 1155 2348 1224; x_wconf 89' lang='grc' dir='ltr'>δίδομεν;</span> <span class='ocrx_word' id='word_1_290' title='bbox 2385 1155 2500 1208; x_wconf 82' lang='grc' dir='ltr'>ἀλλ’</span> <span class='ocrx_word' id='word_1_291' title='bbox 2549 1149 2624 1208; x_wconf 82' lang='grc' dir='ltr'>ὧν</span> <span class='ocrx_word' id='word_1_292' title='bbox 2669 1156 2896 1219; x_wconf 76' lang='grc' dir='ltr'>ἑαυτοὺς</span> <span class='ocrx_word' id='word_1_293' title='bbox 2949 1157 3134 1222; x_wconf 85' lang='grc' dir='ltr'>ἀξίους</span> <span class='ocrx_word' id='word_1_294' title='bbox 3193 1154 3353 1222; x_wconf 77' lang='grc' dir='ltr'>εἶναι,</span> <span class='ocrx_word' id='word_1_295' title='bbox 3392 1159 3533 1211; x_wconf 83' lang='grc' dir='ltr'><strong>κατά</strong></span> <span class='ocrx_word' id='word_1_296' title='bbox 3584 1161 3682 1230; x_wconf 71' lang='grc' dir='ltr'><strong>τὴν</strong></span> 
     </span>
    </p>
   </div>
   <div class='ocr_carea' id='block_1_42' title="bbox 2093 1246 3678 1322">
    <p class='ocr_par' dir='ltr' id='par_1_42' title="bbox 2093 1246 3678 1322">
     <span class='ocr_line' id='line_1_42' title="bbox 2093 1246 3678 1322; baseline 0.003 -22"><span class='ocrx_word' id='word_1_297' title='bbox 2093 1246 2296 1317; x_wconf 76' lang='grc' dir='ltr'>ἀψευδῆ</span> <span class='ocrx_word' id='word_1_298' title='bbox 2318 1247 2411 1299; x_wconf 84' lang='grc' dir='ltr'><strong>τοῦ</strong></span> <span class='ocrx_word' id='word_1_299' title='bbox 2447 1247 2916 1318; x_wconf 75' lang='grc' dir='ltr'>ἐπαγγειλαμένου</span> <span class='ocrx_word' id='word_1_300' title='bbox 2949 1248 3181 1320; x_wconf 79' lang='grc' dir='ltr'>δωρεὰν,</span> <span class='ocrx_word' id='word_1_301' title='bbox 3210 1251 3678 1322; x_wconf 79' lang='grc' dir='ltr'>πεπιστεύκαμεν,</span> 
     </span>
    </p>
   </div>
   <div class='ocr_carea' id='block_1_43' title="bbox 2094 1337 3680 1413">
    <p class='ocr_par' dir='ltr' id='par_1_43' title="bbox 2094 1337 3680 1413">
     <span class='ocr_line' id='line_1_43' title="bbox 2094 1337 3680 1413; baseline -0.005 -23"><span class='ocrx_word' id='word_1_302' title='bbox 2094 1337 2298 1390; x_wconf 86' lang='grc' dir='ltr'>τούτων</span> <span class='ocrx_word' id='word_1_303' title='bbox 2325 1338 2536 1402; x_wconf 74' lang='grc' dir='ltr'>οὐδενὸς</span> <span class='ocrx_word' id='word_1_304' title='bbox 2575 1339 2652 1408; x_wconf 84' lang='grc' dir='ltr'>τῷ</span> <span class='ocrx_word' id='word_1_305' title='bbox 2698 1339 2973 1409; x_wconf 82' lang='grc' dir='ltr'>Πνεύματι</span> <span class='ocrx_word' id='word_1_306' title='bbox 3018 1339 3096 1409; x_wconf 85' lang='grc' dir='ltr'>τῷ</span> <span class='ocrx_word' id='word_1_307' title='bbox 3145 1341 3284 1411; x_wconf 82' lang='grc' dir='ltr'>ἁγίῳ</span> <span class='ocrx_word' id='word_1_308' title='bbox 3311 1341 3387 1402; x_wconf 82' lang='grc' dir='ltr'>ὡς</span> <span class='ocrx_word' id='word_1_309' title='bbox 3417 1342 3680 1413; x_wconf 73' lang='grc' dir='ltr'>ὑπερδαξ-</span> 
     </span>
    </p>
   </div>
   <div class='ocr_carea' id='block_1_44' title="bbox 2095 1429 3680 1503">
    <p class='ocr_par' dir='ltr' id='par_1_44' title="bbox 2095 1429 3680 1503">
     <span class='ocr_line' id='line_1_44' title="bbox 2095 1429 3680 1503; baseline 0.004 -24"><span class='ocrx_word' id='word_1_310' title='bbox 2095 1443 2275 1489; x_wconf 86' lang='grc' dir='ltr'>νοντος</span> <span class='ocrx_word' id='word_1_311' title='bbox 2301 1429 2466 1482; x_wconf 80' lang='grc' dir='ltr'>αὑτοῦ</span> <span class='ocrx_word' id='word_1_312' title='bbox 2489 1429 2586 1501; x_wconf 85' lang='grc' dir='ltr'><strong>τὴν</strong></span> <span class='ocrx_word' id='word_1_313' title='bbox 2616 1429 2774 1493; x_wconf 88' lang='grc' dir='ltr'>ἀξίαν</span> <span class='ocrx_word' id='word_1_314' title='bbox 2803 1431 3240 1502; x_wconf 85' lang='grc' dir='ltr'>παραχωροῦμεν</span> <span class='ocrx_word' id='word_1_315' title='bbox 3266 1448 3279 1496; x_wconf 89' lang='lat'><strong>;</strong></span> <span class='ocrx_word' id='word_1_316' title='bbox 3323 1433 3431 1485; x_wconf 77' lang='grc' dir='ltr'><strong>Καὶ</strong></span> <span class='ocrx_word' id='word_1_317' title='bbox 3467 1433 3551 1485; x_wconf 75' lang='grc' dir='ltr'><strong>σοὶ</strong></span> <span class='ocrx_word' id='word_1_318' title='bbox 3583 1433 3680 1503; x_wconf 80' lang='grc' dir='ltr'><strong>μὲν</strong></span> 
     </span>
    </p>
   </div>
   <div class='ocr_carea' id='block_1_45' title="bbox 2096 1518 3679 1595">
    <p class='ocr_par' dir='ltr' id='par_1_45' title="bbox 2096 1518 3679 1595">
     <span class='ocr_line' id='line_1_45' title="bbox 2096 1518 3679 1595; baseline 0.003 -23"><span class='ocrx_word' id='word_1_319' title='bbox 2096 1519 2236 1573; x_wconf 88' lang='grc' dir='ltr'><strong>κατά</strong></span> <span class='ocrx_word' id='word_1_320' title='bbox 2265 1521 2365 1592; x_wconf 80' lang='grc' dir='ltr'><strong>τὴν</strong></span> <span class='ocrx_word' id='word_1_321' title='bbox 2395 1518 2552 1584; x_wconf 80' lang='grc' dir='ltr'>ἀξίαν</span> <span class='ocrx_word' id='word_1_322' title='bbox 2597 1523 2714 1574; x_wconf 76' lang='grc' dir='ltr'>ἐστὶ</span> <span class='ocrx_word' id='word_1_323' title='bbox 2756 1523 2984 1576; x_wconf 84' lang='grc' dir='ltr'>πάντοτε</span> <span class='ocrx_word' id='word_1_324' title='bbox 3023 1519 3162 1576; x_wconf 81' lang='grc' dir='ltr'>εἶναι</span> <span class='ocrx_word' id='word_1_325' title='bbox 3197 1523 3293 1576; x_wconf 83' lang='grc' dir='ltr'><strong>σὺν</strong></span> <span class='ocrx_word' id='word_1_326' title='bbox 3341 1522 3419 1593; x_wconf 82' lang='grc' dir='ltr'>τῷ</span> <span class='ocrx_word' id='word_1_327' title='bbox 3468 1523 3679 1595; x_wconf 81' lang='grc' dir='ltr'>Κυρίῳ,</span> 
     </span>
    </p>
   </div>
   <div class='ocr_carea' id='block_1_46' title="bbox 2097 1610 3682 1686">
    <p class='ocr_par' dir='ltr' id='par_1_46' title="bbox 2097 1610 3682 1686">
     <span class='ocr_line' id='line_1_46' title="bbox 2097 1610 3682 1686; baseline 0.003 -22"><span class='ocrx_word' id='word_1_328' title='bbox 2097 1611 2190 1664; x_wconf 71' lang='grc' dir='ltr'>καὶ</span> <span class='ocrx_word' id='word_1_329' title='bbox 2225 1610 2550 1681; x_wconf 78' lang='grc' dir='ltr'>προσδοκᾷς,</span> <span class='ocrx_word' id='word_1_330' title='bbox 2584 1613 2855 1682; x_wconf 76' lang='grc' dir='ltr'>ἀρπαγεὶς</span> <span class='ocrx_word' id='word_1_331' title='bbox 2892 1614 2948 1666; x_wconf 87' lang='grc' dir='ltr'><strong>ἐν</strong></span> <span class='ocrx_word' id='word_1_332' title='bbox 2977 1613 3225 1683; x_wconf 79' lang='grc' dir='ltr'>νεφέλαις</span> <span class='ocrx_word' id='word_1_333' title='bbox 3253 1615 3333 1677; x_wconf 90' lang='grc' dir='ltr'><strong>είς</strong></span> <span class='ocrx_word' id='word_1_334' title='bbox 3378 1614 3682 1686; x_wconf 74' lang='grc' dir='ltr'>ἀπάντησιν</span> 
     </span>
    </p>
   </div>
   <div class='ocr_carea' id='block_1_47' title="bbox 2098 1703 3682 1776">
    <p class='ocr_par' dir='ltr' id='par_1_47' title="bbox 2098 1703 3682 1776">
     <span class='ocr_line' id='line_1_47' title="bbox 2098 1703 3682 1776; baseline 0.003 -21"><span class='ocrx_word' id='word_1_335' title='bbox 2098 1703 2178 1765; x_wconf 81' lang='grc' dir='ltr'><strong>είς</strong></span> <span class='ocrx_word' id='word_1_336' title='bbox 2198 1704 2353 1773; x_wconf 84' lang='grc' dir='ltr'>ἀέρα,</span> <span class='ocrx_word' id='word_1_337' title='bbox 2378 1703 2607 1756; x_wconf 75' lang='grc' dir='ltr'>πάντοτε</span> <span class='ocrx_word' id='word_1_338' title='bbox 2633 1703 2947 1756; x_wconf 81' lang='grc' dir='ltr'>συνέσεσθαι</span> <span class='ocrx_word' id='word_1_339' title='bbox 2977 1703 3053 1774; x_wconf 84' lang='grc' dir='ltr'>τῷ</span> <span class='ocrx_word' id='word_1_340' title='bbox 3079 1705 3297 1776; x_wconf 79' lang='grc' dir='ltr'>Κυρίῳ·</span> <span class='ocrx_word' id='word_1_341' title='bbox 3329 1706 3389 1759; x_wconf 84' lang='grc' dir='ltr'><strong>τὸ</strong></span> <span class='ocrx_word' id='word_1_342' title='bbox 3424 1706 3480 1760; x_wconf 79' lang='grc' dir='ltr'>δὲ</span> <span class='ocrx_word' id='word_1_343' title='bbox 3513 1707 3682 1760; x_wconf 83' lang='grc' dir='ltr'>Πνεῦ-</span> 
     </span>
    </p>
   </div>
   <div class='ocr_carea' id='block_1_48' title="bbox 2099 1791 3680 1868">
    <p class='ocr_par' dir='ltr' id='par_1_48' title="bbox 2099 1791 3680 1868">
     <span class='ocr_line' id='line_1_48' title="bbox 2099 1791 3680 1868; baseline 0.009 -25"><span class='ocrx_word' id='word_1_344' title='bbox 2099 1810 2174 1862; x_wconf 88' lang='grc' dir='ltr'><strong>μα</strong></span> <span class='ocrx_word' id='word_1_345' title='bbox 2203 1793 2296 1845; x_wconf 89' lang='grc' dir='ltr'><strong>νῦν</strong></span> <span class='ocrx_word' id='word_1_346' title='bbox 2331 1793 2630 1861; x_wconf 75' lang='grc' dir='ltr'>ἀντιλέγεις</span> <span class='ocrx_word' id='word_1_347' title='bbox 2827 1791 2963 1847; x_wconf 83' lang='grc' dir='ltr'>εἶναι</span> <span class='ocrx_word' id='word_1_348' title='bbox 3016 1796 3109 1848; x_wconf 75' lang='grc' dir='ltr'><strong>σὺν</strong></span> <span class='ocrx_word' id='word_1_349' title='bbox 3141 1795 3220 1866; x_wconf 80' lang='grc' dir='ltr'>τῷ</span> <span class='ocrx_word' id='word_1_350' title='bbox 3253 1797 3510 1868; x_wconf 84' lang='grc' dir='ltr'>Χριστῷ;</span> <span class='ocrx_word' id='word_1_351' title='bbox 3537 1798 3597 1862; x_wconf 82' lang='grc' dir='ltr'>ὃς</span> <span class='ocrx_word' id='word_1_352' title='bbox 3617 1816 3680 1868; x_wconf 80' lang='grc' dir='ltr'><strong>γε</strong></span> 
     </span>
    </p>
   </div>
   <div class='ocr_carea' id='block_1_49' title="bbox 2093 1883 3680 1960">
    <p class='ocr_par' dir='ltr' id='par_1_49' title="bbox 2093 1883 3680 1960">
     <span class='ocr_line' id='line_1_49' title="bbox 2093 1883 3680 1960; baseline 0.003 -23"><span class='ocrx_word' id='word_1_353' title='bbox 2093 1883 2184 1937; x_wconf 80' lang='grc' dir='ltr'><strong>τὸν</strong></span> <span class='ocrx_word' id='word_1_354' title='bbox 2214 1884 2650 1954; x_wconf 80' lang='grc' dir='ltr'>συναριθμοῦντα</span> <span class='ocrx_word' id='word_1_355' title='bbox 2680 1884 2811 1938; x_wconf 73' lang='grc' dir='ltr'>αὐτὸ</span> <span class='ocrx_word' id='word_1_356' title='bbox 2846 1885 2938 1939; x_wconf 78' lang='grc' dir='ltr'>καὶ</span> <span class='ocrx_word' id='word_1_357' title='bbox 2982 1885 3345 1939; x_wconf 82' lang='grc' dir='ltr'>συντάσσοντα</span> <span class='ocrx_word' id='word_1_358' title='bbox 3384 1887 3558 1960; x_wconf 76' lang='grc' dir='ltr'>Πατρὶ</span> <span class='ocrx_word' id='word_1_359' title='bbox 3584 1890 3680 1942; x_wconf 81' lang='grc' dir='ltr'>καὶ</span> 
     </span>
    </p>
   </div>
   <div class='ocr_carea' id='block_1_50' title="bbox 2097 1975 3668 2048">
    <p class='ocr_par' dir='ltr' id='par_1_50' title="bbox 2097 1975 3668 2048">
     <span class='ocr_line' id='line_1_50' title="bbox 2097 1975 3668 2048; baseline 0.004 -20"><span class='ocrx_word' id='word_1_360' title='bbox 2097 1975 2210 2046; x_wconf 83' lang='grc' dir='ltr'><strong>Υἱῷ</strong></span> <span class='ocrx_word' id='word_1_361' title='bbox 2257 1976 2530 2046; x_wconf 75' lang='grc' dir='ltr'>ἐξόριστον</span> <span class='ocrx_word' id='word_1_362' title='bbox 2579 1977 2810 2042; x_wconf 78' lang='grc' dir='ltr'>τίθεσαι,</span> <span class='ocrx_word' id='word_1_363' title='bbox 2855 1977 2930 2040; x_wconf 86' lang='grc' dir='ltr'>ὡς</span> <span class='ocrx_word' id='word_1_364' title='bbox 2977 1977 3224 2048; x_wconf 79' lang='grc' dir='ltr'>ἀφόρητα</span> <span class='ocrx_word' id='word_1_365' title='bbox 3279 1978 3668 2036; x_wconf 74' lang='grc' dir='ltr'>δυσσεϐοῦντα.</span> 
     </span>
    </p>
   </div>
   <div class='ocr_carea' id='block_1_51' title="bbox 2292 2066 3676 2140">
    <p class='ocr_par' dir='ltr' id='par_1_51' title="bbox 2292 2066 3676 2140">
     <span class='ocr_line' id='line_1_51' title="bbox 2292 2066 3676 2140; baseline 0.005 -22"><span class='ocrx_word' id='word_1_366' title='bbox 2292 2066 2622 2137; x_wconf 76' lang='grc' dir='ltr'>Αἰσχύνομαι</span> <span class='ocrx_word' id='word_1_367' title='bbox 2677 2069 2972 2138; x_wconf 79' lang='grc' dir='ltr'>ἐπαγαγεῖν</span> <span class='ocrx_word' id='word_1_368' title='bbox 3007 2070 3073 2122; x_wconf 73' lang='grc' dir='ltr'>τὰ</span> <span class='ocrx_word' id='word_1_369' title='bbox 3123 2069 3439 2140; x_wconf 82' lang='grc' dir='ltr'>λειπόμενα,</span> <span class='ocrx_word' id='word_1_370' title='bbox 3483 2071 3568 2124; x_wconf 84' lang='grc' dir='ltr'>ὅτι</span> <span class='ocrx_word' id='word_1_371' title='bbox 3612 2073 3676 2125; x_wconf 76' lang='grc' dir='ltr'><strong>σὺ</strong></span> 
     </span>
    </p>
   </div>
   <div class='ocr_carea' id='block_1_52' title="bbox 2097 2157 3676 2234">
    <p class='ocr_par' dir='ltr' id='par_1_52' title="bbox 2097 2157 3676 2234">
     <span class='ocr_line' id='line_1_52' title="bbox 2097 2157 3676 2234; baseline 0.004 -24"><span class='ocrx_word' id='word_1_372' title='bbox 2097 2157 2193 2228; x_wconf 77' lang='grc' dir='ltr'>μὲν</span> <span class='ocrx_word' id='word_1_373' title='bbox 2232 2158 2756 2230; x_wconf 77' lang='grc' dir='ltr'>συνδοξασθήσεσοαι</span> <span class='ocrx_word' id='word_1_374' title='bbox 2793 2161 3012 2231; x_wconf 82' lang='grc' dir='ltr'>Χριστῷ</span> <span class='ocrx_word' id='word_1_375' title='bbox 3038 2159 3338 2231; x_wconf 76' lang='grc' dir='ltr'>προσδοκᾷς</span> <span class='ocrx_word' id='word_1_376' title='bbox 3359 2161 3540 2233; x_wconf 75' lang='grc' dir='ltr'>(εἴπερ</span> <span class='ocrx_word' id='word_1_377' title='bbox 3570 2162 3676 2234; x_wconf 84' lang='grc' dir='ltr'><strong>γάρ</strong></span> 
     </span>
    </p>
   </div>
   <div class='ocr_carea' id='block_1_53' title="bbox 2095 2248 3680 2324">
    <p class='ocr_par' dir='ltr' id='par_1_53' title="bbox 2095 2248 3680 2324">
     <span class='ocr_line' id='line_1_53' title="bbox 2095 2248 3680 2324; baseline 0.004 -24"><span class='ocrx_word' id='word_1_378' title='bbox 2095 2248 2490 2319; x_wconf 78' lang='grc' dir='ltr'>συμπάσχομεν</span> <span class='ocrx_word' id='word_1_379' title='bbox 2527 2251 2612 2303; x_wconf 85' lang='grc' dir='ltr'><strong>ἴνα</strong></span> <span class='ocrx_word' id='word_1_380' title='bbox 2642 2251 2734 2303; x_wconf 68' lang='grc' dir='ltr'><strong>καὶ</strong></span> <span class='ocrx_word' id='word_1_381' title='bbox 2763 2250 3247 2321; x_wconf 79' lang='grc' dir='ltr'>συνδοξασθῶμεν)’</span> <span class='ocrx_word' id='word_1_382' title='bbox 3280 2253 3337 2306; x_wconf 66' lang='grc' dir='ltr'>τὸ</span> <span class='ocrx_word' id='word_1_383' title='bbox 3368 2251 3426 2305; x_wconf 82' lang='grc' dir='ltr'><strong>δὲ</strong></span> <span class='ocrx_word' id='word_1_384' title='bbox 3459 2251 3680 2324; x_wconf 80' lang='grc' dir='ltr'>Πνεῦμα</span> 
     </span>
    </p>
   </div>
   <div class='ocr_carea' id='block_1_54' title="bbox 2092 2340 3678 2416">
    <p class='ocr_par' dir='ltr' id='par_1_54' title="bbox 2092 2340 3678 2416">
     <span class='ocr_line' id='line_1_54' title="bbox 2092 2340 3678 2416; baseline 0.017 -28"><span class='ocrx_word' id='word_1_385' title='bbox 2092 2340 2190 2409; x_wconf 78' lang='grc' dir='ltr'>τῆς</span> <span class='ocrx_word' id='word_1_386' title='bbox 2227 2340 2536 2411; x_wconf 80' lang='grc' dir='ltr'>ἁγιωσύνης</span> <span class='ocrx_word' id='word_1_387' title='bbox 2560 2343 2633 2394; x_wconf 84' lang='grc' dir='ltr'><strong>ὀύ</strong></span> <span class='ocrx_word' id='word_1_388' title='bbox 2676 2343 3011 2410; x_wconf 81' lang='grc' dir='ltr'>συνδοξάζεις</span> <span class='ocrx_word' id='word_1_389' title='bbox 3053 2343 3294 2416; x_wconf 76' lang='grc' dir='ltr'>Χριστῷ,</span> <span class='ocrx_word' id='word_1_390' title='bbox 3329 2343 3404 2408; x_wconf 81' lang='grc' dir='ltr'><strong>ὡς</strong></span> <span class='ocrx_word' id='word_1_391' title='bbox 3439 2345 3560 2398; x_wconf 59' lang='grc' dir='ltr'><strong>οὐδὲ</strong></span> <span class='ocrx_word' id='word_1_392' title='bbox 3593 2351 3678 2400; x_wconf 56' lang='grc' dir='ltr'><strong>σοὶ</strong></span> 
     </span>
    </p>
   </div>
   <div class='ocr_carea' id='block_1_55' title="bbox 2092 2431 3674 2506">
    <p class='ocr_par' dir='ltr' id='par_1_55' title="bbox 2092 2431 3674 2506">
     <span class='ocr_line' id='line_1_55' title="bbox 2092 2431 3674 2506; baseline 0.004 -24"><span class='ocrx_word' id='word_1_393' title='bbox 2092 2431 2198 2483; x_wconf 82' lang='grc' dir='ltr'>τῶν</span> <span class='ocrx_word' id='word_1_394' title='bbox 2230 2432 2358 2484; x_wconf 76' lang='grc' dir='ltr'>ἴσων</span> <span class='ocrx_word' id='word_1_395' title='bbox 2387 2433 2674 2503; x_wconf 75' lang='grc' dir='ltr'>τυγχάνειν</span> <span class='ocrx_word' id='word_1_396' title='bbox 2701 2434 2870 2500; x_wconf 80' lang='grc' dir='ltr'>ἀξιον.</span> <span class='ocrx_word' id='word_1_397' title='bbox 3057 2436 3164 2488; x_wconf 76' lang='grc' dir='ltr'>Καὶ</span> <span class='ocrx_word' id='word_1_398' title='bbox 3196 2436 3259 2486; x_wconf 75' lang='grc' dir='ltr'><strong>σὺ</strong></span> <span class='ocrx_word' id='word_1_399' title='bbox 3298 2435 3398 2506; x_wconf 84' lang='grc' dir='ltr'><strong>μὲν</strong></span> <span class='ocrx_word' id='word_1_400' title='bbox 3431 2435 3674 2501; x_wconf 74' lang='grc' dir='ltr'>ἐλπίζεις</span> 
     </span>
    </p>
   </div>
   <div class='ocr_carea' id='block_1_56' title="bbox 2095 2523 3671 2598">
    <p class='ocr_par' dir='ltr' id='par_1_56' title="bbox 2095 2523 3671 2598">
     <span class='ocr_line' id='line_1_56' title="bbox 2095 2523 3671 2598; baseline 0.003 -24"><span class='ocrx_word' id='word_1_401' title='bbox 2095 2523 2514 2592; x_wconf 76' lang='grc' dir='ltr'>συμϐασιλεύειν</span> <span class='ocrx_word' id='word_1_402' title='bbox 2535 2541 2547 2553; x_wconf 75' lang='grc' dir='ltr'><strong>ο</strong></span> <span class='ocrx_word' id='word_1_403' title='bbox 2573 2526 2633 2576; x_wconf 76' lang='grc' dir='ltr'>τὸ</span> <span class='ocrx_word' id='word_1_404' title='bbox 2648 2526 2702 2577; x_wconf 76' lang='grc' dir='ltr'>δὲ</span> <span class='ocrx_word' id='word_1_405' title='bbox 2734 2525 2955 2596; x_wconf 84' lang='grc' dir='ltr'>Πνεῦμα</span> <span class='ocrx_word' id='word_1_406' title='bbox 2980 2525 3080 2596; x_wconf 81' lang='grc' dir='ltr'>τῆς</span> <span class='ocrx_word' id='word_1_407' title='bbox 3101 2525 3320 2596; x_wconf 73' lang='grc' dir='ltr'>χάριτος</span> <span class='ocrx_word' id='word_1_408' title='bbox 3344 2525 3671 2598; x_wconf 76' lang='grc' dir='ltr'>ὲνυὸρίζεις,</span> 
     </span>
    </p>
   </div>
   <div class='ocr_carea' id='block_1_57' title="bbox 2091 2613 3674 2690">
    <p class='ocr_par' dir='ltr' id='par_1_57' title="bbox 2091 2613 3674 2690">
     <span class='ocr_line' id='line_1_57' title="bbox 2091 2613 3674 2690; baseline 0.005 -26"><span class='ocrx_word' id='word_1_409' title='bbox 2091 2613 2187 2684; x_wconf 79' lang='grc' dir='ltr'>τὴν</span> <span class='ocrx_word' id='word_1_410' title='bbox 2212 2614 2396 2667; x_wconf 87' lang='grc' dir='ltr'>δούλου</span> <span class='ocrx_word' id='word_1_411' title='bbox 2421 2616 2568 2686; x_wconf 70' lang='grc' dir='ltr'>αὐτῷ</span> <span class='ocrx_word' id='word_1_412' title='bbox 2597 2617 2684 2668; x_wconf 64' lang='grc' dir='ltr'>καὶ</span> <span class='ocrx_word' id='word_1_413' title='bbox 2719 2617 2992 2688; x_wconf 73' lang='grc' dir='ltr'>ὑπηρέτου</span> <span class='ocrx_word' id='word_1_414' title='bbox 3021 2617 3172 2684; x_wconf 81' lang='grc' dir='ltr'>τάξιν</span> <span class='ocrx_word' id='word_1_415' title='bbox 3193 2617 3538 2690; x_wconf 77' lang='grc' dir='ltr'>ἀποκληρῶν.</span> <span class='ocrx_word' id='word_1_416' title='bbox 3564 2619 3674 2672; x_wconf 76' lang='grc' dir='ltr'>Καὶ</span> 
     </span>
    </p>
   </div>
   <div class='ocr_carea' id='block_1_58' title="bbox 2090 2704 3673 2782">
    <p class='ocr_par' dir='ltr' id='par_1_58' title="bbox 2090 2704 3673 2782">
     <span class='ocr_line' id='line_1_58' title="bbox 2090 2704 3673 2782; baseline 0.004 -25"><span class='ocrx_word' id='word_1_417' title='bbox 2090 2704 2260 2758; x_wconf 85' lang='grc' dir='ltr'>ταῦτα</span> <span class='ocrx_word' id='word_1_418' title='bbox 2317 2706 2480 2774; x_wconf 87' lang='grc' dir='ltr'>λέγω,</span> <span class='ocrx_word' id='word_1_419' title='bbox 2535 2709 2632 2778; x_wconf 76' lang='grc' dir='ltr'><strong>οὐχ</strong></span> <span class='ocrx_word' id='word_1_420' title='bbox 2690 2709 2774 2761; x_wconf 80' lang='grc' dir='ltr'><strong>ἵνα</strong></span> <span class='ocrx_word' id='word_1_421' title='bbox 2828 2709 3078 2762; x_wconf 85' lang='grc' dir='ltr'>τοσοῦτον</span> <span class='ocrx_word' id='word_1_422' title='bbox 3125 2709 3282 2776; x_wconf 84' lang='grc' dir='ltr'>δείξω</span> <span class='ocrx_word' id='word_1_423' title='bbox 3327 2710 3673 2782; x_wconf 80' lang='grc' dir='ltr'>ὀφειλόμενον</span> 
     </span>
    </p>
   </div>
   <div class='ocr_carea' id='block_1_59' title="bbox 2091 2795 3673 2873">
    <p class='ocr_par' dir='ltr' id='par_1_59' title="bbox 2091 2795 3673 2873">
     <span class='ocr_line' id='line_1_59' title="bbox 2091 2795 3673 2873; baseline 0.005 -24"><span class='ocrx_word' id='word_1_424' title='bbox 2091 2795 2230 2849; x_wconf 76' lang='grc' dir='ltr'>εἶναι</span> <span class='ocrx_word' id='word_1_425' title='bbox 2263 2800 2341 2860; x_wconf 87' lang='grc' dir='ltr'><strong>είς</strong></span> <span class='ocrx_word' id='word_1_426' title='bbox 2367 2799 2672 2867; x_wconf 82' lang='grc' dir='ltr'>δοξολογίαν</span> <span class='ocrx_word' id='word_1_427' title='bbox 2701 2799 2778 2870; x_wconf 79' lang='grc' dir='ltr'><strong>τῷ</strong></span> <span class='ocrx_word' id='word_1_428' title='bbox 2800 2801 3075 2872; x_wconf 77' lang='grc' dir='ltr'>Πνεύματι</span> <span class='ocrx_word' id='word_1_429' title='bbox 3101 2819 3113 2832; x_wconf 87' lang='grc'><strong>·</strong></span> <span class='ocrx_word' id='word_1_430' title='bbox 3137 2801 3251 2856; x_wconf 81' lang='grc' dir='ltr'>ἀλλ’</span> <span class='ocrx_word' id='word_1_431' title='bbox 3275 2803 3361 2854; x_wconf 81' lang='grc' dir='ltr'><strong>ἵνα</strong></span> <span class='ocrx_word' id='word_1_432' title='bbox 3378 2801 3476 2873; x_wconf 74' lang='grc' dir='ltr'><strong>τὴν</strong></span> <span class='ocrx_word' id='word_1_433' title='bbox 3498 2803 3673 2871; x_wconf 88' lang='grc' dir='ltr'>ἀγνω-</span> 
     </span>
    </p>
   </div>
   <div class='ocr_carea' id='block_1_60' title="bbox 2093 2890 3673 2964">
    <p class='ocr_par' dir='ltr' id='par_1_60' title="bbox 2093 2890 3673 2964">
     <span class='ocr_line' id='line_1_60' title="bbox 2093 2890 3673 2964; baseline 0.004 -22"><span class='ocrx_word' id='word_1_434' title='bbox 2093 2890 2331 2962; x_wconf 81' lang='grc' dir='ltr'>μοσύνην</span> <span class='ocrx_word' id='word_1_435' title='bbox 2366 2890 2568 2959; x_wconf 80' lang='grc' dir='ltr'>ἐλέγξω</span> <span class='ocrx_word' id='word_1_436' title='bbox 2607 2891 2715 2943; x_wconf 83' lang='grc' dir='ltr'><strong>τῶν</strong></span> <span class='ocrx_word' id='word_1_437' title='bbox 2765 2893 2896 2964; x_wconf 79' lang='grc' dir='ltr'>μηδὲ</span> <span class='ocrx_word' id='word_1_438' title='bbox 2929 2893 3182 2946; x_wconf 86' lang='grc' dir='ltr'>τοσοῦτον</span> <span class='ocrx_word' id='word_1_439' title='bbox 3232 2893 3503 2958; x_wconf 73' lang='grc' dir='ltr'>διδόντων,</span> <span class='ocrx_word' id='word_1_440' title='bbox 3557 2894 3673 2948; x_wconf 84' lang='grc' dir='ltr'>ἀλλ’</span> 
     </span>
    </p>
   </div>
   <div class='ocr_carea' id='block_1_61' title="bbox 2089 2979 3674 3058">
    <p class='ocr_par' dir='ltr' id='par_1_61' title="bbox 2089 2979 3674 3058">
     <span class='ocr_line' id='line_1_61' title="bbox 2089 2979 3674 3058; baseline 0.003 -25"><span class='ocrx_word' id='word_1_441' title='bbox 2089 2979 2163 3043; x_wconf 82' lang='grc' dir='ltr'>ὼς</span> <span class='ocrx_word' id='word_1_442' title='bbox 2215 2982 2466 3035; x_wconf 79' lang='grc' dir='ltr'>ἀσέϐειαν</span> <span class='ocrx_word' id='word_1_443' title='bbox 2518 2983 2828 3051; x_wconf 79' lang='grc' dir='ltr'>φευγόντων</span> <span class='ocrx_word' id='word_1_444' title='bbox 2873 2983 2970 3055; x_wconf 73' lang='grc' dir='ltr'><strong>τὴν</strong></span> <span class='ocrx_word' id='word_1_445' title='bbox 3024 2983 3118 3036; x_wconf 89' lang='grc' dir='ltr'><strong>τοῦ</strong></span> <span class='ocrx_word' id='word_1_446' title='bbox 3170 2984 3487 3055; x_wconf 87' lang='grc' dir='ltr'>Πνεύματος</span> <span class='ocrx_word' id='word_1_447' title='bbox 3535 2984 3674 3058; x_wconf 70' lang='grc' dir='ltr'>πρὸς</span> 
     </span>
    </p>
   </div>
   <div class='ocr_carea' id='block_1_62' title="bbox 416 3070 1990 3148">
    <p class='ocr_par' dir='ltr' id='par_1_62' title="bbox 416 3070 1990 3148">
     <span class='ocr_line' id='line_1_62' title="bbox 416 3070 1990 3148; baseline 0.01 -24"><span class='ocrx_word' id='word_1_448' title='bbox 416 3070 509 3125; x_wconf 87' lang='lat' dir='ltr'><strong>sed</strong></span> <span class='ocrx_word' id='word_1_449' title='bbox 542 3072 684 3126; x_wconf 84' lang='lat' dir='ltr'><strong>velut</strong></span> <span class='ocrx_word' id='word_1_450' title='bbox 712 3073 1044 3142; x_wconf 87' lang='lat' dir='ltr'><strong>impietatem</strong></span> <span class='ocrx_word' id='word_1_451' title='bbox 1086 3075 1344 3142; x_wconf 87' lang='lat' dir='ltr'><strong>horrent,</strong></span> <span class='ocrx_word' id='word_1_452' title='bbox 1395 3077 1632 3148; x_wconf 85' lang='lat' dir='ltr'><strong>Spiritus</strong></span> <span class='ocrx_word' id='word_1_453' title='bbox 1673 3097 1798 3137; x_wconf 89' lang='lat' dir='ltr'><strong>cum</strong></span> <span class='ocrx_word' id='word_1_454' title='bbox 1828 3082 1990 3140; x_wconf 89' lang='lat' dir='ltr'><strong>Patre</strong></span> 
     </span>
    </p>
   </div>
   <div class='ocr_carea' id='block_1_63' title="bbox 2093 3070 3673 3148">
    <p class='ocr_par' dir='ltr' id='par_1_63' title="bbox 2093 3071 3673 3144">
     <span class='ocr_line' id='line_1_63' title="bbox 2093 3071 3673 3144; baseline 0.005 -22"><span class='ocrx_word' id='word_1_455' title='bbox 2093 3071 2219 3123; x_wconf 75' lang='grc' dir='ltr'>Υἰὸν</span> <span class='ocrx_word' id='word_1_456' title='bbox 2251 3073 2342 3124; x_wconf 72' lang='grc' dir='ltr'>καὶ</span> <span class='ocrx_word' id='word_1_457' title='bbox 2381 3073 2601 3144; x_wconf 87' lang='grc' dir='ltr'>Πατέρα</span> <span class='ocrx_word' id='word_1_458' title='bbox 2644 3074 2925 3126; x_wconf 84' lang='grc' dir='ltr'>κοινωνίαν</span> <span class='ocrx_word' id='word_1_459' title='bbox 2972 3074 3072 3143; x_wconf 74' lang='grc' dir='ltr'><strong>τῆς</strong></span> <span class='ocrx_word' id='word_1_460' title='bbox 3115 3074 3291 3144; x_wconf 79' lang='grc' dir='ltr'>δόξης.</span> <span class='ocrx_word' id='word_1_461' title='bbox 3333 3076 3428 3139; x_wconf 88' lang='grc' dir='ltr'><strong>Τίς</strong></span> <span class='ocrx_word' id='word_1_462' title='bbox 3452 3076 3673 3130; x_wconf 87' lang='grc' dir='ltr'>δύναται</span> 
     </span>
    </p>
   </div>
   <div class='ocr_carea' id='block_1_64' title="bbox 415 3161 1992 3242">
    <p class='ocr_par' dir='ltr' id='par_1_64' title="bbox 415 3161 1992 3242">
     <span class='ocr_line' id='line_1_64' title="bbox 415 3161 1992 3242; baseline 0.011 -26"><span class='ocrx_word' id='word_1_463' title='bbox 415 3170 469 3216; x_wconf 88' lang='lat' dir='ltr'><strong>et</strong></span> <span class='ocrx_word' id='word_1_464' title='bbox 502 3161 639 3216; x_wconf 89' lang='lat' dir='ltr'><strong>Filio</strong></span> <span class='ocrx_word' id='word_1_465' title='bbox 662 3164 716 3217; x_wconf 91' lang='lat' dir='ltr'><strong>in</strong></span> <span class='ocrx_word' id='word_1_466' title='bbox 749 3163 924 3234; x_wconf 92' lang='lat' dir='ltr'><strong>gloria</strong></span> <span class='ocrx_word' id='word_1_467' title='bbox 954 3168 1315 3224; x_wconf 87' lang='lat' dir='ltr'><strong>consortium.</strong></span> <span class='ocrx_word' id='word_1_468' title='bbox 1343 3169 1476 3236; x_wconf 84' lang='lat' dir='ltr'><strong>Quis</strong></span> <span class='ocrx_word' id='word_1_469' title='bbox 1513 3181 1692 3242; x_wconf 85' lang='lat' dir='ltr'><strong>potest</strong></span> <span class='ocrx_word' id='word_1_470' title='bbox 1726 3175 1837 3230; x_wconf 56' lang='lat' dir='ltr'><strong>haec</strong></span> <span class='ocrx_word' id='word_1_471' title='bbox 1865 3178 1992 3234; x_wconf 85' lang='lat' dir='ltr'><strong>abs-</strong></span> 
     </span>
    </p>
   </div>
   <div class='ocr_carea' id='block_1_65' title="bbox 415 3254 1988 3332">
    <p class='ocr_par' dir='ltr' id='par_1_65' title="bbox 415 3254 1988 3332">
     <span class='ocr_line' id='line_1_65' title="bbox 415 3254 1988 3332; baseline 0.011 -28"><span class='ocrx_word' id='word_1_472' title='bbox 415 3268 521 3321; x_wconf 89' lang='lat' dir='ltr'><strong>que</strong></span> <span class='ocrx_word' id='word_1_473' title='bbox 551 3254 749 3321; x_wconf 78' lang='lat' dir='ltr'><strong>gemitu</strong></span> <span class='ocrx_word' id='word_1_474' title='bbox 788 3259 1254 3312; x_wconf 84' lang='lat' dir='ltr'><strong>commemorare?</strong></span> <span class='ocrx_word' id='word_1_475' title='bbox 1278 3258 1472 3314; x_wconf 81' lang='lat' dir='ltr'><strong>Annon</strong></span> <span class='ocrx_word' id='word_1_476' title='bbox 1514 3262 1860 3318; x_wconf 82' lang='lat' dir='ltr'><strong>manifcstum</strong></span> <span class='ocrx_word' id='word_1_477' title='bbox 1885 3275 1988 3332; x_wconf 87' lang='lat' dir='ltr'><strong>est,</strong></span> 
     </span>
    </p>
   </div>
   <div class='ocr_carea' id='block_1_66' title="bbox 416 3343 1990 3424">
    <p class='ocr_par' dir='ltr' id='par_1_66' title="bbox 416 3343 1990 3424">
     <span class='ocr_line' id='line_1_66' title="bbox 416 3343 1990 3424; baseline 0.011 -30"><span class='ocrx_word' id='word_1_478' title='bbox 416 3343 491 3395; x_wconf 89' lang='lat' dir='ltr'><strong>ita</strong></span> <span class='ocrx_word' id='word_1_479' title='bbox 527 3353 584 3396; x_wconf 91' lang='lat' dir='ltr'><strong>ut</strong></span> <span class='ocrx_word' id='word_1_480' title='bbox 615 3344 695 3398; x_wconf 86' lang='lat' dir='ltr'><strong>vel</strong></span> <span class='ocrx_word' id='word_1_481' title='bbox 731 3361 868 3414; x_wconf 89' lang='lat' dir='ltr'><strong>puer</strong></span> <span class='ocrx_word' id='word_1_482' title='bbox 897 3347 1187 3417; x_wconf 83' lang='lat' dir='ltr'><strong>intelligat,</strong></span> <span class='ocrx_word' id='word_1_483' title='bbox 1218 3366 1280 3404; x_wconf 89' lang='lat' dir='ltr'><strong>ea</strong></span> <span class='ocrx_word' id='word_1_484' title='bbox 1315 3367 1437 3421; x_wconf 64' lang='lat' dir='ltr'><strong>quae</strong></span> <span class='ocrx_word' id='word_1_485' title='bbox 1461 3369 1609 3406; x_wconf 93' lang='lat' dir='ltr'><strong>nunc</strong></span> <span class='ocrx_word' id='word_1_486' title='bbox 1641 3355 1776 3408; x_wconf 90' lang='lat' dir='ltr'><strong>ﬁunt</strong></span> <span class='ocrx_word' id='word_1_487' title='bbox 1808 3373 1990 3424; x_wconf 52' lang='lat' dir='ltr'><strong>proas-</strong></span> 
     </span>
    </p>
   </div>
   <div class='ocr_carea' id='block_1_67' title="bbox 417 3434 1986 3512">
    <p class='ocr_par' dir='ltr' id='par_1_67' title="bbox 417 3434 1986 3512">
     <span class='ocr_line' id='line_1_67' title="bbox 417 3434 1986 3512; baseline 0.015 -29"><span class='ocrx_word' id='word_1_488' title='bbox 417 3434 524 3485; x_wconf 89' lang='lat' dir='ltr'><strong>mia</strong></span> <span class='ocrx_word' id='word_1_489' title='bbox 549 3450 671 3489; x_wconf 91' lang='lat' dir='ltr'><strong>esse</strong></span> <span class='ocrx_word' id='word_1_490' title='bbox 707 3435 1036 3494; x_wconf 83' lang='lat' dir='ltr'><strong>defectionis</strong></span> <span class='ocrx_word' id='word_1_491' title='bbox 1067 3442 1188 3496; x_wconf 90' lang='lat' dir='ltr'><strong>tidei</strong></span> <span class='ocrx_word' id='word_1_492' title='bbox 1211 3481 1226 3506; x_wconf 97' lang='lat'><strong>,</strong></span> <span class='ocrx_word' id='word_1_493' title='bbox 1260 3456 1425 3512; x_wconf 87' lang='lat' dir='ltr'><strong>quam</strong></span> <span class='ocrx_word' id='word_1_494' title='bbox 1465 3446 1709 3501; x_wconf 91' lang='lat' dir='ltr'><strong>minatus</strong></span> <span class='ocrx_word' id='word_1_495' title='bbox 1754 3455 1836 3504; x_wconf 87' lang='lat' dir='ltr'><strong>es‘t</strong></span> <span class='ocrx_word' id='word_1_496' title='bbox 1882 3451 1986 3504; x_wconf 89' lang='lat' dir='ltr'><strong>Do-</strong></span> 
     </span>
    </p>
   </div>
   <div class='ocr_carea' id='block_1_68' title="bbox 415 3524 1990 3600">
    <p class='ocr_par' dir='ltr' id='par_1_68' title="bbox 415 3524 1990 3600">
     <span class='ocr_line' id='line_1_68' title="bbox 415 3524 1990 3600; baseline 0.013 -25"><span class='ocrx_word' id='word_1_497' title='bbox 415 3524 636 3578; x_wconf 75' lang='lat' dir='ltr'><strong>minus?</strong></span> <span class='ocrx_word' id='word_1_498' title='bbox 685 3528 892 3592; x_wconf 83' lang='lat' dir='ltr'><strong>Quibus</strong></span> <span class='ocrx_word' id='word_1_499' title='bbox 922 3531 1224 3586; x_wconf 88' lang='lat' dir='ltr'><strong>contradici</strong></span> <span class='ocrx_word' id='word_1_500' title='bbox 1267 3531 1352 3588; x_wconf 83' lang='lat' dir='ltr'><strong>fas</strong></span> <span class='ocrx_word' id='word_1_501' title='bbox 1390 3548 1498 3588; x_wconf 89' lang='lat' dir='ltr'><strong>non</strong></span> <span class='ocrx_word' id='word_1_502' title='bbox 1542 3541 1696 3600; x_wconf 88' lang='lat' dir='ltr'><strong>erat,</strong></span> <span class='ocrx_word' id='word_1_503' title='bbox 1747 3551 1811 3592; x_wconf 89' lang='lat' dir='ltr'><strong>ea</strong></span> <span class='ocrx_word' id='word_1_504' title='bbox 1845 3537 1990 3595; x_wconf 82' lang='lat' dir='ltr'><strong>facta</strong></span> 
     </span>
    </p>
   </div>
   <div class='ocr_carea' id='block_1_69' title="bbox 416 3616 1990 3693">
    <p class='ocr_par' dir='ltr' id='par_1_69' title="bbox 416 3616 1990 3693">
     <span class='ocr_line' id='line_1_69' title="bbox 416 3616 1990 3693; baseline 0.009 -25"><span class='ocrx_word' id='word_1_505' title='bbox 416 3623 547 3668; x_wconf 89' lang='lat' dir='ltr'><strong>sunt</strong></span> <span class='ocrx_word' id='word_1_506' title='bbox 587 3616 862 3687; x_wconf 87' lang='lat' dir='ltr'><strong>ambigua.</strong></span> <span class='ocrx_word' id='word_1_507' title='bbox 908 3619 1194 3676; x_wconf 84' lang='lat' dir='ltr'><strong>Credimus</strong></span> <span class='ocrx_word' id='word_1_508' title='bbox 1246 3621 1301 3675; x_wconf 91' lang='lat' dir='ltr'><strong>in</strong></span> <span class='ocrx_word' id='word_1_509' title='bbox 1346 3621 1649 3693; x_wconf 89' lang='lat' dir='ltr'><strong>Spiritum,</strong></span> <span class='ocrx_word' id='word_1_510' title='bbox 1692 3633 1747 3680; x_wconf 88' lang='lat' dir='ltr'><strong>et</strong></span> <span class='ocrx_word' id='word_1_511' title='bbox 1785 3628 1990 3682; x_wconf 90' lang='lat' dir='ltr'><strong>nostris</strong></span> 
     </span>
    </p>
   </div>
   <div class='ocr_carea' id='block_1_70' title="bbox 417 3707 1986 3786">
    <p class='ocr_par' dir='ltr' id='par_1_70' title="bbox 417 3707 1986 3786">
     <span class='ocr_line' id='line_1_70' title="bbox 417 3707 1986 3786; baseline 0.01 -30"><span class='ocrx_word' id='word_1_512' title='bbox 417 3707 657 3771; x_wconf 76' lang='lat' dir='ltr'><strong>ipsorum</strong></span> <span class='ocrx_word' id='word_1_513' title='bbox 705 3708 1142 3776; x_wconf 80' lang='lat' dir='ltr'><strong>professionibus</strong></span> <span class='ocrx_word' id='word_1_514' title='bbox 1182 3727 1574 3783; x_wconf 75' lang='lat' dir='ltr'><strong>repugnamus.</strong></span> <span class='ocrx_word' id='word_1_515' title='bbox 1613 3713 1986 3786; x_wconf 85' lang='lat' dir='ltr'><strong>Baptizamur,</strong></span> 
     </span>
    </p>
   </div>
   <div class='ocr_carea' id='block_1_71' title="bbox 413 3799 1986 3870">
    <p class='ocr_par' dir='ltr' id='par_1_71' title="bbox 413 3799 1986 3870">
     <span class='ocr_line' id='line_1_71' title="bbox 413 3799 1986 3870; baseline 0.01 -23"><span class='ocrx_word' id='word_1_516' title='bbox 413 3803 468 3847; x_wconf 90' lang='lat' dir='ltr'><strong>et</strong></span> <span class='ocrx_word' id='word_1_517' title='bbox 499 3811 718 3851; x_wconf 79' lang='lat' dir='ltr'><strong>rursum</strong></span> <span class='ocrx_word' id='word_1_518' title='bbox 750 3799 1179 3868; x_wconf 84' lang='lat' dir='ltr'><strong>pngnamus.‘Ut</strong></span> <span class='ocrx_word' id='word_1_519' title='bbox 1203 3802 1327 3856; x_wconf 70' lang='lat' dir='ltr'><strong>vita:</strong></span> <span class='ocrx_word' id='word_1_520' title='bbox 1345 3812 1622 3858; x_wconf 89' lang='lat' dir='ltr'><strong>auctorem</strong></span> <span class='ocrx_word' id='word_1_521' title='bbox 1643 3806 1986 3870; x_wconf 84' lang='lat' dir='ltr'><strong>invocamus.</strong></span> 
     </span>
    </p>
   </div>
   <div class='ocr_carea' id='block_1_72' title="bbox 415 3893 1989 3962">
    <p class='ocr_par' dir='ltr' id='par_1_72' title="bbox 415 3893 1989 3962">
     <span class='ocr_line' id='line_1_72' title="bbox 415 3893 1989 3962; baseline 0.011 -24"><span class='ocrx_word' id='word_1_522' title='bbox 415 3895 470 3938; x_wconf 90' lang='lat' dir='ltr'><strong>et</strong></span> <span class='ocrx_word' id='word_1_523' title='bbox 517 3897 574 3941; x_wconf 93' lang='lat' dir='ltr'><strong>ut</strong></span> <span class='ocrx_word' id='word_1_524' title='bbox 605 3904 930 3945; x_wconf 88' lang='lat' dir='ltr'><strong>conservum</strong></span> <span class='ocrx_word' id='word_1_525' title='bbox 973 3893 1328 3962; x_wconf 86' lang='lat' dir='ltr'><strong>despicimus.</strong></span> <span class='ocrx_word' id='word_1_526' title='bbox 1375 3895 1510 3950; x_wconf 91' lang='lat' dir='ltr'><strong>Cum</strong></span> <span class='ocrx_word' id='word_1_527' title='bbox 1562 3895 1725 3953; x_wconf 87' lang='lat' dir='ltr'><strong>Patre</strong></span> <span class='ocrx_word' id='word_1_528' title='bbox 1760 3907 1814 3953; x_wconf 90' lang='lat' dir='ltr'><strong>et</strong></span> <span class='ocrx_word' id='word_1_529' title='bbox 1851 3899 1989 3955; x_wconf 81' lang='lat' dir='ltr'><strong>Filio</strong></span> 
     </span>
    </p>
   </div>
   <div class='ocr_carea' id='block_1_73' title="bbox 418 3975 1983 4059">
    <p class='ocr_par' dir='ltr' id='par_1_73' title="bbox 418 3975 1983 4059">
     <span class='ocr_line' id='line_1_73' title="bbox 418 3975 1983 4059; baseline 0.009 -29"><span class='ocrx_word' id='word_1_530' title='bbox 418 3975 681 4046; x_wconf 89' lang='lat' dir='ltr'><strong>Spiritum</strong></span> <span class='ocrx_word' id='word_1_531' title='bbox 721 3983 1064 4052; x_wconf 89' lang='lat' dir='ltr'><strong>accepimus,</strong></span> <span class='ocrx_word' id='word_1_532' title='bbox 1110 3992 1164 4040; x_wconf 89' lang='lat' dir='ltr'><strong>et</strong></span> <span class='ocrx_word' id='word_1_533' title='bbox 1201 4001 1325 4041; x_wconf 91' lang='lat' dir='ltr'><strong>eum</strong></span> <span class='ocrx_word' id='word_1_534' title='bbox 1367 3994 1427 4040; x_wconf 92' lang='lat' dir='ltr'><strong>ut</strong></span> <span class='ocrx_word' id='word_1_535' title='bbox 1470 3997 1736 4043; x_wconf 70' lang='lat' dir='ltr'><strong>creatura:</strong></span> <span class='ocrx_word' id='word_1_536' title='bbox 1776 4001 1983 4059; x_wconf 81' lang='lat' dir='ltr'><strong>partem</strong></span> 
     </span>
    </p>
   </div>
   <div class='ocr_carea' id='block_1_74' title="bbox 414 4072 1986 4147">
    <p class='ocr_par' dir='ltr' id='par_1_74' title="bbox 414 4072 1986 4147">
     <span class='ocr_line' id='line_1_74' title="bbox 414 4072 1986 4147; baseline 0.01 -26"><span class='ocrx_word' id='word_1_537' title='bbox 414 4072 747 4139; x_wconf 86' lang='lat' dir='ltr'><strong>contemptui</strong></span> <span class='ocrx_word' id='word_1_538' title='bbox 796 4072 1079 4130; x_wconf 76' lang='lat' dir='ltr'><strong>habemus.</strong></span> <span class='ocrx_word' id='word_1_539' title='bbox 1129 4076 1222 4130; x_wconf 93' lang='lat' dir='ltr'><strong>lsti</strong></span> <span class='ocrx_word' id='word_1_540' title='bbox 1253 4084 1433 4131; x_wconf 86' lang='lat' dir='ltr'><strong>autem</strong></span> <span class='ocrx_word' id='word_1_541' title='bbox 1460 4117 1474 4141; x_wconf 91' lang='lat'><strong>,</strong></span> <span class='ocrx_word' id='word_1_542' title='bbox 1515 4078 1644 4147; x_wconf 89' lang='lat' dir='ltr'><strong>quid</strong></span> <span class='ocrx_word' id='word_1_543' title='bbox 1688 4094 1847 4135; x_wconf 87' lang='lat' dir='ltr'><strong>orare</strong></span> <span class='ocrx_word' id='word_1_544' title='bbox 1894 4081 1986 4136; x_wconf 88' lang='lat' dir='ltr'><strong>dc-</strong></span> 
     </span>
    </p>
   </div>
   <div class='ocr_carea' id='block_1_75' title="bbox 406 4153 1985 4231">
    <p class='ocr_par' dir='ltr' id='par_1_75' title="bbox 406 4153 1985 4231">
     <span class='ocr_line' id='line_1_75' title="bbox 406 4153 1985 4231; baseline 0.006 -25"><span class='ocrx_word' id='word_1_545' title='bbox 406 4153 569 4206; x_wconf 81' lang='lat' dir='ltr'><strong>beant</strong></span> <span class='ocrx_word' id='word_1_546' title='bbox 598 4154 906 4208; x_wconf 87' lang='lat' dir='ltr'><strong>nescientes</strong></span> <span class='ocrx_word' id='word_1_547' title='bbox 963 4162 1010 4220; x_wconf 83' lang='grc'><strong>⁸,</strong></span> <span class='ocrx_word' id='word_1_548' title='bbox 1042 4156 1090 4210; x_wconf 89' lang='lat' dir='ltr'><strong>si</strong></span> <span class='ocrx_word' id='word_1_549' title='bbox 1131 4173 1196 4211; x_wconf 93' lang='lat' dir='ltr'><strong>eo</strong></span> <span class='ocrx_word' id='word_1_550' title='bbox 1239 4157 1627 4224; x_wconf 88' lang='lat' dir='ltr'><strong>adducuntur,</strong></span> <span class='ocrx_word' id='word_1_551' title='bbox 1672 4170 1730 4214; x_wconf 92' lang='lat' dir='ltr'><strong>ut</strong></span> <span class='ocrx_word' id='word_1_552' title='bbox 1779 4161 1985 4231; x_wconf 86' lang='lat' dir='ltr'><strong>aliquid</strong></span> 
     </span>
    </p>
   </div>
   <div class='ocr_carea' id='block_1_76' title="bbox 404 4244 1986 4320">
    <p class='ocr_par' dir='ltr' id='par_1_76' title="bbox 404 4244 1986 4320">
     <span class='ocr_line' id='line_1_76' title="bbox 404 4244 1986 4320; baseline 0.005 -21"><span class='ocrx_word' id='word_1_553' title='bbox 404 4245 566 4299; x_wconf 85' lang='lat' dir='ltr'><strong>etiam</strong></span> <span class='ocrx_word' id='word_1_554' title='bbox 598 4244 881 4314; x_wconf 86' lang='lat' dir='ltr'><strong>magniﬁce</strong></span> <span class='ocrx_word' id='word_1_555' title='bbox 912 4245 1208 4316; x_wconf 81' lang='lat' dir='ltr'><strong>loquantur</strong></span> <span class='ocrx_word' id='word_1_556' title='bbox 1227 4250 1294 4303; x_wconf 89' lang='lat' dir='ltr'><strong>de</strong></span> <span class='ocrx_word' id='word_1_557' title='bbox 1311 4249 1543 4320; x_wconf 89' lang='lat' dir='ltr'><strong>Spiritu,</strong></span> <span class='ocrx_word' id='word_1_558' title='bbox 1576 4251 1800 4320; x_wconf 89' lang='lat' dir='ltr'><strong>perinde</strong></span> <span class='ocrx_word' id='word_1_559' title='bbox 1831 4254 1986 4320; x_wconf 77' lang='lat' dir='ltr'><strong>quasi</strong></span> 
     </span>
    </p>
   </div>
   <div class='ocr_carea' id='block_1_77' title="bbox 2090 3162 3674 3237">
    <p class='ocr_par' dir='ltr' id='par_1_77' title="bbox 2090 3162 3674 3237">
     <span class='ocr_line' id='line_1_77' title="bbox 2090 3162 3674 3237; baseline 0.003 -23"><span class='ocrx_word' id='word_1_560' title='bbox 2090 3162 2262 3216; x_wconf 80' lang='grc' dir='ltr'>ταῦτα</span> <span class='ocrx_word' id='word_1_561' title='bbox 2295 3163 2587 3216; x_wconf 73' lang='grc' dir='ltr'>ἀστενακτὶ</span> <span class='ocrx_word' id='word_1_562' title='bbox 2614 3165 2902 3234; x_wconf 72' lang='grc' dir='ltr'>παρελθεῖν</span> <span class='ocrx_word' id='word_1_563' title='bbox 2928 3181 2941 3228; x_wconf 91' lang='grc'>;</span> <span class='ocrx_word' id='word_1_564' title='bbox 2970 3167 3037 3216; x_wconf 85' lang='grc' dir='ltr'><em>Ἢ</em></span> <span class='ocrx_word' id='word_1_565' title='bbox 3081 3165 3188 3236; x_wconf 80' lang='grc' dir='ltr'>γὰρ</span> <span class='ocrx_word' id='word_1_566' title='bbox 3214 3165 3334 3235; x_wconf 78' lang='grc' dir='ltr'>οὐχὶ</span> <span class='ocrx_word' id='word_1_567' title='bbox 3388 3165 3674 3237; x_wconf 77' lang='grc' dir='ltr'>προδήλως</span> 
     </span>
    </p>
   </div>
   <div class='ocr_carea' id='block_1_78' title="bbox 2091 3251 3672 3325">
    <p class='ocr_par' dir='ltr' id='par_1_78' title="bbox 2091 3251 3672 3325">
     <span class='ocr_line' id='line_1_78' title="bbox 2091 3251 3672 3325; baseline 0.003 -21"><span class='ocrx_word' id='word_1_568' title='bbox 2091 3251 2231 3304; x_wconf 81' lang='grc' dir='ltr'>ὥστε</span> <span class='ocrx_word' id='word_1_569' title='bbox 2422 3255 2526 3306; x_wconf 78' lang='grc' dir='ltr'><strong>κᾶν</strong></span> <span class='ocrx_word' id='word_1_570' title='bbox 2567 3253 2717 3306; x_wconf 68' lang='grc' dir='ltr'>παιδὶ</span> <span class='ocrx_word' id='word_1_571' title='bbox 2749 3253 3000 3321; x_wconf 80' lang='grc' dir='ltr'>γενέσθαι</span> <span class='ocrx_word' id='word_1_572' title='bbox 3042 3252 3334 3325; x_wconf 83' lang='grc' dir='ltr'>γνώριμον,</span> <span class='ocrx_word' id='word_1_573' title='bbox 3379 3253 3480 3324; x_wconf 78' lang='grc' dir='ltr'>τὴν</span> <span class='ocrx_word' id='word_1_574' title='bbox 3514 3255 3672 3308; x_wconf 82' lang='grc' dir='ltr'>ἀπει-</span> 
     </span>
    </p>
   </div>
   <div class='ocr_carea' id='block_1_79' title="bbox 2089 3343 3673 3417">
    <p class='ocr_par' dir='ltr' id='par_1_79' title="bbox 2089 3343 3673 3417">
     <span class='ocr_line' id='line_1_79' title="bbox 2089 3343 3673 3417; baseline 0.003 -22"><span class='ocrx_word' id='word_1_575' title='bbox 2089 3343 2343 3414; x_wconf 81' lang='grc' dir='ltr'>ληοείσαν</span> <span class='ocrx_word' id='word_1_576' title='bbox 2361 3344 2457 3414; x_wconf 82' lang='grc' dir='ltr'>τῆς</span> <span class='ocrx_word' id='word_1_577' title='bbox 2477 3345 2709 3407; x_wconf 88' lang='grc' dir='ltr'>πίστεως</span> <span class='ocrx_word' id='word_1_578' title='bbox 2731 3343 2966 3412; x_wconf 69' lang='grc' dir='ltr'>ἔκλειψιν</span> <span class='ocrx_word' id='word_1_579' title='bbox 2986 3343 3426 3414; x_wconf 75' lang='grc' dir='ltr'>προοιμιάζονται</span> <span class='ocrx_word' id='word_1_580' title='bbox 3445 3343 3515 3398; x_wconf 79' lang='grc' dir='ltr'>τὰ</span> <span class='ocrx_word' id='word_1_581' title='bbox 3538 3363 3673 3417; x_wconf 83' lang='grc' dir='ltr'>παρ-</span> 
     </span>
    </p>
   </div>
   <div class='ocr_carea' id='block_1_80' title="bbox 2091 3434 3668 3509">
    <p class='ocr_par' dir='ltr' id='par_1_80' title="bbox 2091 3434 3668 3509">
     <span class='ocr_line' id='line_1_80' title="bbox 2091 3434 3668 3509; baseline 0.001 -22"><span class='ocrx_word' id='word_1_582' title='bbox 2091 3435 2247 3502; x_wconf 84' lang='grc' dir='ltr'>όντα;</span> <span class='ocrx_word' id='word_1_583' title='bbox 2289 3435 2584 3506; x_wconf 76' lang='grc' dir='ltr'>Ἀμφίόολα</span> <span class='ocrx_word' id='word_1_584' title='bbox 2609 3434 2798 3502; x_wconf 85' lang='grc' dir='ltr'>γέγονε</span> <span class='ocrx_word' id='word_1_585' title='bbox 2835 3434 2900 3487; x_wconf 77' lang='grc' dir='ltr'>τὰ</span> <span class='ocrx_word' id='word_1_586' title='bbox 2931 3434 3318 3506; x_wconf 75' lang='grc' dir='ltr'>ἀναντίρῤητα.</span> <span class='ocrx_word' id='word_1_587' title='bbox 3342 3436 3668 3509; x_wconf 78' lang='grc' dir='ltr'>Πιστεύομεν</span> 
     </span>
    </p>
   </div>
   <div class='ocr_carea' id='block_1_81' title="bbox 2092 3526 3666 3598">
    <p class='ocr_par' dir='ltr' id='par_1_81' title="bbox 2092 3526 3666 3598">
     <span class='ocr_line' id='line_1_81' title="bbox 2092 3526 3666 3598; baseline 0.003 -20"><span class='ocrx_word' id='word_1_588' title='bbox 2092 3528 2172 3591; x_wconf 89' lang='grc' dir='ltr'><strong>είς</strong></span> <span class='ocrx_word' id='word_1_589' title='bbox 2203 3528 2262 3580; x_wconf 81' lang='grc' dir='ltr'><strong>τὸ</strong></span> <span class='ocrx_word' id='word_1_590' title='bbox 2285 3526 2509 3598; x_wconf 80' lang='grc' dir='ltr'>Πνεῦμα</span> <span class='ocrx_word' id='word_1_591' title='bbox 2529 3543 2542 3556; x_wconf 83' lang='lat'><strong><em>°</em></strong></span> <span class='ocrx_word' id='word_1_592' title='bbox 2571 3527 2664 3579; x_wconf 71' lang='grc' dir='ltr'><strong>καὶ</strong></span> <span class='ocrx_word' id='word_1_593' title='bbox 2684 3530 2799 3590; x_wconf 84' lang='grc' dir='ltr'>ταῖς</span> <span class='ocrx_word' id='word_1_594' title='bbox 2817 3527 3110 3596; x_wconf 79' lang='grc' dir='ltr'>ἡμετέραις</span> <span class='ocrx_word' id='word_1_595' title='bbox 3139 3527 3315 3581; x_wconf 83' lang='grc' dir='ltr'>αὐτῶν</span> <span class='ocrx_word' id='word_1_596' title='bbox 3360 3529 3666 3598; x_wconf 80' lang='grc' dir='ltr'>ὁμολογίαις</span> 
     </span>
    </p>
   </div>
   <div class='ocr_carea' id='block_1_82' title="bbox 2093 3617 3668 3691">
    <p class='ocr_par' dir='ltr' id='par_1_82' title="bbox 2093 3617 3668 3691">
     <span class='ocr_line' id='line_1_82' title="bbox 2093 3617 3668 3691; baseline 0.001 -20"><span class='ocrx_word' id='word_1_597' title='bbox 2093 3617 2528 3690; x_wconf 74' lang='grc' dir='ltr'>ζυγομαχοῦμεν.</span> <span class='ocrx_word' id='word_1_598' title='bbox 2572 3617 2986 3686; x_wconf 78' lang='grc' dir='ltr'>Βαπτιζόμεθα·</span> <span class='ocrx_word' id='word_1_599' title='bbox 3043 3617 3136 3670; x_wconf 69' lang='grc' dir='ltr'>καὶ</span> <span class='ocrx_word' id='word_1_600' title='bbox 3168 3617 3328 3672; x_wconf 82' lang='grc' dir='ltr'>πάλιν</span> <span class='ocrx_word' id='word_1_601' title='bbox 3363 3619 3668 3691; x_wconf 81' lang='grc' dir='ltr'>μαχόμεθα.</span> 
     </span>
    </p>
   </div>
   <div class='ocr_carea' id='block_1_83' title="bbox 2105 3707 3672 3782">
    <p class='ocr_par' dir='ltr' id='par_1_83' title="bbox 2105 3707 3672 3782">
     <span class='ocr_line' id='line_1_83' title="bbox 2105 3707 3672 3782; baseline 0 -19"><span class='ocrx_word' id='word_1_602' title='bbox 2105 3711 2190 3773; x_wconf 83' lang='grc' dir='ltr'>Ὠς</span> <span class='ocrx_word' id='word_1_603' title='bbox 2235 3709 2477 3781; x_wconf 73' lang='grc' dir='ltr'>ἀρχηγὸν</span> <span class='ocrx_word' id='word_1_604' title='bbox 2510 3710 2609 3780; x_wconf 74' lang='grc' dir='ltr'>τῆς</span> <span class='ocrx_word' id='word_1_605' title='bbox 2650 3709 2794 3778; x_wconf 70' lang='grc' dir='ltr'>ζωῆς</span> <span class='ocrx_word' id='word_1_606' title='bbox 2821 3707 3252 3779; x_wconf 85' lang='grc' dir='ltr'>ἐπικαλούμεθα·</span> <span class='ocrx_word' id='word_1_607' title='bbox 3292 3708 3385 3762; x_wconf 72' lang='grc' dir='ltr'><strong>καὶ</strong></span> <span class='ocrx_word' id='word_1_608' title='bbox 3417 3708 3494 3772; x_wconf 83' lang='grc' dir='ltr'>ὡς</span> <span class='ocrx_word' id='word_1_609' title='bbox 3547 3712 3672 3782; x_wconf 83' lang='grc' dir='ltr'>ὀμο-</span> 
     </span>
    </p>
   </div>
   <div class='ocr_carea' id='block_1_84' title="bbox 2090 3798 3670 3873">
    <p class='ocr_par' dir='ltr' id='par_1_84' title="bbox 2090 3798 3670 3873">
     <span class='ocr_line' id='line_1_84' title="bbox 2090 3798 3670 3873; baseline 0 -19"><span class='ocrx_word' id='word_1_610' title='bbox 2090 3801 2275 3855; x_wconf 85' lang='grc' dir='ltr'>δούλου</span> <span class='ocrx_word' id='word_1_611' title='bbox 2311 3799 2776 3870; x_wconf 73' lang='grc' dir='ltr'>καταφρονοῦμεν.</span> <span class='ocrx_word' id='word_1_612' title='bbox 2811 3799 2966 3852; x_wconf 82' lang='grc' dir='ltr'>Μετά</span> <span class='ocrx_word' id='word_1_613' title='bbox 3007 3799 3220 3869; x_wconf 67' lang='grc' dir='ltr'>Πατρός</span> <span class='ocrx_word' id='word_1_614' title='bbox 3251 3800 3343 3853; x_wconf 74' lang='grc' dir='ltr'>καὶ</span> <span class='ocrx_word' id='word_1_615' title='bbox 3372 3798 3501 3852; x_wconf 85' lang='grc' dir='ltr'>Υῐοῦ</span> <span class='ocrx_word' id='word_1_616' title='bbox 3533 3817 3670 3873; x_wconf 85' lang='grc' dir='ltr'>παρ-</span> 
     </span>
    </p>
   </div>
   <div class='ocr_carea' id='block_1_85' title="bbox 2091 3888 3673 3960">
    <p class='ocr_par' dir='ltr' id='par_1_85' title="bbox 2091 3888 3673 3960">
     <span class='ocr_line' id='line_1_85' title="bbox 2091 3888 3673 3960; baseline 0 -18"><span class='ocrx_word' id='word_1_617' title='bbox 2091 3889 2371 3958; x_wconf 77' lang='grc' dir='ltr'>ελὰὃομεν·</span> <span class='ocrx_word' id='word_1_618' title='bbox 2414 3889 2505 3941; x_wconf 73' lang='grc' dir='ltr'><strong>καὶ</strong></span> <span class='ocrx_word' id='word_1_619' title='bbox 2533 3889 2608 3954; x_wconf 79' lang='grc' dir='ltr'><strong>ὡς</strong></span> <span class='ocrx_word' id='word_1_620' title='bbox 2641 3889 2804 3960; x_wconf 84' lang='grc' dir='ltr'>μέρος</span> <span class='ocrx_word' id='word_1_621' title='bbox 2835 3889 2932 3958; x_wconf 76' lang='grc' dir='ltr'>τῆς</span> <span class='ocrx_word' id='word_1_622' title='bbox 2960 3889 3189 3951; x_wconf 87' lang='grc' dir='ltr'>κτίσεως</span> <span class='ocrx_word' id='word_1_623' title='bbox 3227 3888 3585 3960; x_wconf 79' lang='grc' dir='ltr'>ἀτιμάζομεν.</span> <span class='ocrx_word' id='word_1_624' title='bbox 3612 3891 3673 3944; x_wconf 83' lang='lat' dir='ltr'><strong>Ol</strong></span> 
     </span>
    </p>
   </div>
   <div class='ocr_carea' id='block_1_86' title="bbox 2091 3978 3668 4050">
    <p class='ocr_par' dir='ltr' id='par_1_86' title="bbox 2091 3978 3668 4050">
     <span class='ocr_line' id='line_1_86' title="bbox 2091 3978 3668 4050; baseline 0 -18"><span class='ocrx_word' id='word_1_625' title='bbox 2091 3980 2167 4043; x_wconf 74' lang='grc' dir='ltr'>δὲ,</span> <span class='ocrx_word' id='word_1_626' title='bbox 2193 3979 2244 4031; x_wconf 89' lang='grc' dir='ltr'><strong>τί</strong></span> <span class='ocrx_word' id='word_1_627' title='bbox 2273 3979 2658 4050; x_wconf 83' lang='grc' dir='ltr'>προσεύξονται</span> <span class='ocrx_word' id='word_1_628' title='bbox 2688 3979 2760 4050; x_wconf 85' lang='grc' dir='ltr'><strong>μὴ</strong></span> <span class='ocrx_word' id='word_1_629' title='bbox 2785 3979 3001 4043; x_wconf 80' lang='grc' dir='ltr'>εἰδότες,</span> <span class='ocrx_word' id='word_1_630' title='bbox 3022 3979 3116 4032; x_wconf 85' lang='grc' dir='ltr'><strong>ἐάν</strong></span> <span class='ocrx_word' id='word_1_631' title='bbox 3142 3998 3193 4033; x_wconf 89' lang='grc' dir='ltr'><strong>τι</strong></span> <span class='ocrx_word' id='word_1_632' title='bbox 3219 3979 3311 4033; x_wconf 67' lang='grc' dir='ltr'><strong>καὶ</strong></span> <span class='ocrx_word' id='word_1_633' title='bbox 3342 3978 3668 4050; x_wconf 78' lang='grc' dir='ltr'>φθέγξασθαι</span> 
     </span>
    </p>
   </div>
   <div class='ocr_carea' id='block_1_87' title="bbox 2094 4068 3672 4140">
    <p class='ocr_par' dir='ltr' id='par_1_87' title="bbox 2094 4068 3672 4140">
     <span class='ocr_line' id='line_1_87' title="bbox 2094 4068 3672 4140; baseline 0.001 -19"><span class='ocrx_word' id='word_1_634' title='bbox 2094 4070 2286 4139; x_wconf 82' lang='grc' dir='ltr'>σεμνὸν</span> <span class='ocrx_word' id='word_1_635' title='bbox 2336 4069 2459 4138; x_wconf 72' lang='grc' dir='ltr'>περὶ</span> <span class='ocrx_word' id='word_1_636' title='bbox 2512 4069 2604 4122; x_wconf 87' lang='grc' dir='ltr'><strong>τοῦ</strong></span> <span class='ocrx_word' id='word_1_637' title='bbox 2661 4068 2975 4139; x_wconf 86' lang='grc' dir='ltr'>Πνεύματος</span> <span class='ocrx_word' id='word_1_638' title='bbox 3185 4068 3551 4140; x_wconf 77' lang='grc' dir='ltr'>προαχθῶσιν,</span> <span class='ocrx_word' id='word_1_639' title='bbox 3598 4070 3672 4134; x_wconf 87' lang='grc' dir='ltr'>ὡς</span> 
     </span>
    </p>
   </div>
   <div class='ocr_carea' id='block_1_88' title="bbox 2086 4163 3681 4237">
    <p class='ocr_par' dir='ltr' id='par_1_88' title="bbox 2086 4163 3681 4237">
     <span class='ocr_line' id='line_1_88' title="bbox 2086 4163 3681 4237; baseline 0.001 -20"><span class='ocrx_word' id='word_1_640' title='bbox 2086 4163 2462 4234; x_wconf 68' lang='grc' dir='ltr'>ἐφικνούμενοι</span> <span class='ocrx_word' id='word_1_641' title='bbox 2489 4166 2586 4234; x_wconf 77' lang='grc' dir='ltr'>τῆς</span> <span class='ocrx_word' id='word_1_642' title='bbox 2608 4163 2781 4230; x_wconf 81' lang='grc' dir='ltr'>ἀξίας,</span> <span class='ocrx_word' id='word_1_643' title='bbox 2816 4165 3102 4228; x_wconf 74' lang='grc' dir='ltr'>κολάζουσι</span> <span class='ocrx_word' id='word_1_644' title='bbox 3131 4164 3223 4216; x_wconf 89' lang='grc' dir='ltr'><strong>τοῦ</strong></span> <span class='ocrx_word' id='word_1_645' title='bbox 3251 4164 3408 4231; x_wconf 84' lang='grc' dir='ltr'>λόγου</span> <span class='ocrx_word' id='word_1_646' title='bbox 3431 4163 3492 4215; x_wconf 81' lang='grc' dir='ltr'><strong>τὸ</strong></span> <span class='ocrx_word' id='word_1_647' title='bbox 3515 4164 3681 4237; x_wconf 60' lang='grc' dir='ltr'>ὓπερ.</span> 
     </span>
    </p>
   </div>
   <div class='ocr_carea' id='block_1_89' title="bbox 2092 4253 3677 4326">
    <p class='ocr_par' dir='ltr' id='par_1_89' title="bbox 2092 4253 3677 4326">
     <span class='ocr_line' id='line_1_89' title="bbox 2092 4253 3677 4326; baseline 0.002 -21"><span class='ocrx_word' id='word_1_648' title='bbox 2092 4257 2286 4306; x_wconf 84' lang='grc' dir='ltr'>πῖπτον</span> <span class='ocrx_word' id='word_1_649' title='bbox 2331 4254 2428 4325; x_wconf 80' lang='grc' dir='ltr'><strong>τὴν</strong></span> <span class='ocrx_word' id='word_1_650' title='bbox 2477 4256 2836 4325; x_wconf 85' lang='grc' dir='ltr'>συμμετρίαν.</span> <span class='ocrx_word' id='word_1_651' title='bbox 2890 4255 2997 4319; x_wconf 78' lang='grc' dir='ltr'>Οὓς</span> <span class='ocrx_word' id='word_1_652' title='bbox 3051 4256 3216 4326; x_wconf 84' lang='grc' dir='ltr'>ἐχρῆν</span> <span class='ocrx_word' id='word_1_653' title='bbox 3247 4253 3538 4326; x_wconf 76' lang='grc' dir='ltr'>ὀδύρεσθαι</span> <span class='ocrx_word' id='word_1_654' title='bbox 3577 4256 3677 4326; x_wconf 78' lang='grc' dir='ltr'>τὴν</span> 
     </span>
    </p>
   </div>
   <div class='ocr_carea' id='block_1_90' title="bbox 408 4333 1990 4428">
    <p class='ocr_par' dir='ltr' id='par_1_90' title="bbox 408 4333 1985 4413">
     <span class='ocr_line' id='line_1_90' title="bbox 408 4333 1985 4413; baseline 0.004 -26"><span class='ocrx_word' id='word_1_655' title='bbox 408 4333 730 4404; x_wconf 81' lang='lat' dir='ltr'><strong>dignitatem</strong></span> <span class='ocrx_word' id='word_1_656' title='bbox 759 4337 934 4405; x_wconf 88' lang='lat' dir='ltr'><strong>ipsius</strong></span> <span class='ocrx_word' id='word_1_657' title='bbox 966 4352 1368 4409; x_wconf 79' lang='lat' dir='ltr'><strong>assequantur;</strong></span> <span class='ocrx_word' id='word_1_658' title='bbox 1399 4341 1543 4413; x_wconf 90' lang='lat' dir='ltr'><strong>quod</strong></span> <span class='ocrx_word' id='word_1_659' title='bbox 1589 4343 1643 4396; x_wconf 91' lang='lat' dir='ltr'><strong>in</strong></span> <span class='ocrx_word' id='word_1_660' title='bbox 1681 4343 1844 4398; x_wconf 90' lang='lat' dir='ltr'><strong>dictis</strong></span> <span class='ocrx_word' id='word_1_661' title='bbox 1869 4360 1985 4396; x_wconf 87' lang='lat' dir='ltr'><strong>mo-</strong></span> 
     </span>
    </p>
   </div>
   <div class='ocr_carea' id='block_1_91' title="bbox 2093 4333 3675 4428">
    <p class='ocr_par' dir='ltr' id='par_1_91' title="bbox 2094 4342 3675 4428">
     <span class='ocr_line' id='line_1_91' title="bbox 2094 4342 3675 4428; baseline 0.001 -29"><span class='ocrx_word' id='word_1_662' title='bbox 2094 4348 2374 4399; x_wconf 74' lang='grc' dir='ltr'>ἀσυένειαν</span> <span class='ocrx_word' id='word_1_663' title='bbox 2396 4365 2408 4377; x_wconf 88' lang='grc'><strong>·</strong></span> <span class='ocrx_word' id='word_1_664' title='bbox 2453 4349 2533 4400; x_wconf 85' lang='grc' dir='ltr'>ὅτι</span> <span class='ocrx_word' id='word_1_665' title='bbox 2563 4342 2637 4400; x_wconf 81' lang='grc' dir='ltr'>ὧν</span> <span class='ocrx_word' id='word_1_666' title='bbox 2671 4347 2816 4418; x_wconf 76' lang='grc' dir='ltr'>ἔργῳ</span> <span class='ocrx_word' id='word_1_667' title='bbox 2863 4350 3162 4420; x_wconf 77' lang='grc' dir='ltr'>πάσχομεν,</span> <span class='ocrx_word' id='word_1_668' title='bbox 3192 4347 3369 4428; x_wconf 56' lang='grc' dir='ltr'>λόγοις</span> <span class='ocrx_word' id='word_1_669' title='bbox 3402 4347 3675 4418; x_wconf 77' lang='grc' dir='ltr'>ἀντιπλη-</span> 
     </span>
    </p>
   </div>
   <div class='ocr_carea' id='block_1_92' title="bbox 405 4425 1985 4499">
    <p class='ocr_par' dir='ltr' id='par_1_92' title="bbox 405 4425 1985 4499">
     <span class='ocr_line' id='line_1_92' title="bbox 405 4425 1985 4499; baseline 0.005 -19"><span class='ocrx_word' id='word_1_670' title='bbox 405 4425 536 4480; x_wconf 89' lang='lat' dir='ltr'><strong>dum</strong></span> <span class='ocrx_word' id='word_1_671' title='bbox 571 4428 786 4483; x_wconf 74' lang='lat' dir='ltr'><strong>excedit</strong></span> <span class='ocrx_word' id='word_1_672' title='bbox 811 4468 826 4494; x_wconf 85' lang='lat'><strong><em>.</em></strong></span> <span class='ocrx_word' id='word_1_673' title='bbox 875 4430 1200 4499; x_wconf 89' lang='lat' dir='ltr'><strong>reprimunt.</strong></span> <span class='ocrx_word' id='word_1_674' title='bbox 1236 4433 1386 4499; x_wconf 84' lang='lat' dir='ltr'><strong>Quos</strong></span> <span class='ocrx_word' id='word_1_675' title='bbox 1422 4449 1576 4489; x_wconf 90' lang='lat' dir='ltr'><strong>suam</strong></span> <span class='ocrx_word' id='word_1_676' title='bbox 1615 4435 1985 4490; x_wconf 85' lang='lat' dir='ltr'><strong>inﬁrmitatem</strong></span> 
     </span>
    </p>
   </div>
   <div class='ocr_carea' id='block_1_93' title="bbox 404 4515 1986 4592">
    <p class='ocr_par' dir='ltr' id='par_1_93' title="bbox 404 4515 1986 4592">
     <span class='ocr_line' id='line_1_93' title="bbox 404 4515 1986 4592; baseline 0.008 -22"><span class='ocrx_word' id='word_1_677' title='bbox 404 4515 686 4586; x_wconf 89' lang='lat' dir='ltr'><strong>deplorare</strong></span> <span class='ocrx_word' id='word_1_678' title='bbox 731 4519 1018 4589; x_wconf 85' lang='lat' dir='ltr'><strong>oportebat</strong></span> <span class='ocrx_word' id='word_1_679' title='bbox 1069 4539 1082 4574; x_wconf 87' lang='lat'><strong>:</strong></span> <span class='ocrx_word' id='word_1_680' title='bbox 1121 4523 1379 4592; x_wconf 86' lang='lat' dir='ltr'><strong>quoniam</strong></span> <span class='ocrx_word' id='word_1_681' title='bbox 1412 4523 1594 4580; x_wconf 91' lang='lat' dir='ltr'><strong>idonei</strong></span> <span class='ocrx_word' id='word_1_682' title='bbox 1627 4542 1733 4580; x_wconf 89' lang='lat' dir='ltr'><strong>non</strong></span> <span class='ocrx_word' id='word_1_683' title='bbox 1772 4542 1986 4591; x_wconf 86' lang='lat' dir='ltr'><strong>sumus,</strong></span> 
     </span>
    </p>
   </div>
   <div class='ocr_carea' id='block_1_94' title="bbox 404 4608 1989 4684">
    <p class='ocr_par' dir='ltr' id='par_1_94' title="bbox 404 4608 1989 4684">
     <span class='ocr_line' id='line_1_94' title="bbox 404 4608 1989 4684; baseline 0.006 -22"><span class='ocrx_word' id='word_1_684' title='bbox 404 4608 500 4677; x_wconf 92' lang='lat' dir='ltr'><strong>qui</strong></span> <span class='ocrx_word' id='word_1_685' title='bbox 539 4624 640 4679; x_wconf 91' lang='lat' dir='ltr'><strong>pro</strong></span> <span class='ocrx_word' id='word_1_686' title='bbox 675 4608 977 4674; x_wconf 84' lang='lat' dir='ltr'><strong>beneﬁciis,</strong></span> <span class='ocrx_word' id='word_1_687' title='bbox 1012 4612 1214 4680; x_wconf 90' lang='lat' dir='ltr'><strong>quibus</strong></span> <span class='ocrx_word' id='word_1_688' title='bbox 1251 4614 1431 4684; x_wconf 86' lang='lat' dir='ltr'><strong>reipsa</strong></span> <span class='ocrx_word' id='word_1_689' title='bbox 1462 4616 1757 4682; x_wconf 87' lang='lat' dir='ltr'><strong>aﬁicimur,</strong></span> <span class='ocrx_word' id='word_1_690' title='bbox 1805 4619 1989 4673; x_wconf 82' lang='lat' dir='ltr'><strong>verbis</strong></span> 
     </span>
    </p>
   </div>
   <div class='ocr_carea' id='block_1_95' title="bbox 403 4702 1988 4772">
    <p class='ocr_par' dir='ltr' id='par_1_95' title="bbox 403 4702 1988 4772">
     <span class='ocr_line' id='line_1_95' title="bbox 403 4702 1988 4772; baseline 0.006 -20"><span class='ocrx_word' id='word_1_691' title='bbox 403 4702 608 4772; x_wconf 77' lang='lat' dir='ltr'><strong>gratias</strong></span> <span class='ocrx_word' id='word_1_692' title='bbox 638 4716 886 4771; x_wconf 87' lang='lat' dir='ltr'><strong>agamus.</strong></span> <span class='ocrx_word' id='word_1_693' title='bbox 937 4702 1172 4772; x_wconf 88' lang='lat' dir='ltr'><strong>Superat</strong></span> <span class='ocrx_word' id='word_1_694' title='bbox 1218 4706 1363 4759; x_wconf 88' lang='lat' dir='ltr'><strong>enim</strong></span> <span class='ocrx_word' id='word_1_695' title='bbox 1407 4722 1623 4762; x_wconf 87' lang='lat' dir='ltr'><strong>omnetn</strong></span> <span class='ocrx_word' id='word_1_696' title='bbox 1655 4708 1988 4764; x_wconf 88' lang='lat' dir='ltr'><strong>intellectum</strong></span> 
     </span>
    </p>
   </div>
   <div class='ocr_carea' id='block_1_96' title="bbox 405 4793 1992 4869">
    <p class='ocr_par' dir='ltr' id='par_1_96' title="bbox 405 4793 1992 4869">
     <span class='ocr_line' id='line_1_96' title="bbox 405 4793 1992 4869; baseline 0.005 -24"><span class='ocrx_word' id='word_1_697' title='bbox 405 4806 470 4845; x_wconf 85' lang='lat' dir='ltr'><strong>ac</strong></span> <span class='ocrx_word' id='word_1_698' title='bbox 507 4793 782 4848; x_wconf 88' lang='lat' dir='ltr'><strong>sermonis</strong></span> <span class='ocrx_word' id='word_1_699' title='bbox 817 4802 1070 4850; x_wconf 84' lang='lat' dir='ltr'><strong>naturam</strong></span> <span class='ocrx_word' id='word_1_700' title='bbox 1109 4797 1419 4869; x_wconf 88' lang='lat' dir='ltr'><strong>redarguit,</strong></span> <span class='ocrx_word' id='word_1_701' title='bbox 1456 4813 1581 4853; x_wconf 91' lang='lat' dir='ltr'><strong>cum</strong></span> <span class='ocrx_word' id='word_1_702' title='bbox 1622 4814 1686 4853; x_wconf 93' lang='lat' dir='ltr'><strong>ea</strong></span> <span class='ocrx_word' id='word_1_703' title='bbox 1726 4816 1795 4854; x_wconf 90' lang='lat' dir='ltr'><strong>ne</strong></span> <span class='ocrx_word' id='word_1_704' title='bbox 1833 4801 1992 4854; x_wconf 90' lang='lat' dir='ltr'><strong>mini-</strong></span> 
     </span>
    </p>
   </div>
   <div class='ocr_carea' id='block_1_97' title="bbox 405 4886 1990 4962">
    <p class='ocr_par' dir='ltr' id='par_1_97' title="bbox 405 4886 1990 4962">
     <span class='ocr_line' id='line_1_97' title="bbox 405 4886 1990 4962; baseline 0.005 -24"><span class='ocrx_word' id='word_1_705' title='bbox 405 4899 548 4938; x_wconf 89' lang='lat' dir='ltr'><strong>mam</strong></span> <span class='ocrx_word' id='word_1_706' title='bbox 581 4886 800 4954; x_wconf 91' lang='lat' dir='ltr'><strong>quidem</strong></span> <span class='ocrx_word' id='word_1_707' title='bbox 824 4886 1106 4956; x_wconf 84' lang='lat' dir='ltr'><strong>dignitatis</strong></span> <span class='ocrx_word' id='word_1_708' title='bbox 1135 4889 1280 4945; x_wconf 89' lang='lat' dir='ltr'><strong>illius</strong></span> <span class='ocrx_word' id='word_1_709' title='bbox 1315 4898 1521 4961; x_wconf 88' lang='lat' dir='ltr'><strong>partem</strong></span> <span class='ocrx_word' id='word_1_710' title='bbox 1543 4891 1813 4962; x_wconf 69' lang='lat' dir='ltr'><strong>aquuet,</strong></span> <span class='ocrx_word' id='word_1_711' title='bbox 1835 4891 1990 4962; x_wconf 81' lang='lat' dir='ltr'><strong>juxta</strong></span> 
     </span>
    </p>
   </div>
   <div class='ocr_carea' id='block_1_98' title="bbox 404 4972 1992 5049">
    <p class='ocr_par' dir='ltr' id='par_1_98' title="bbox 404 4972 1992 5049">
     <span class='ocr_line' id='line_1_98' title="bbox 404 4972 1992 5049; baseline 0.006 -23"><span class='ocrx_word' id='word_1_712' title='bbox 404 4973 569 5027; x_wconf 86' lang='lat' dir='ltr'><strong>verba</strong></span> <span class='ocrx_word' id='word_1_713' title='bbox 627 4972 749 5027; x_wconf 90' lang='lat' dir='ltr'><strong>libri</strong></span> <span class='ocrx_word' id='word_1_714' title='bbox 801 4975 892 5044; x_wconf 90' lang='lat' dir='ltr'><strong>qui</strong></span> <span class='ocrx_word' id='word_1_715' title='bbox 958 4975 1280 5033; x_wconf 88' lang='lat' dir='ltr'><strong>inscribitur</strong></span> <span class='ocrx_word' id='word_1_716' title='bbox 1327 4978 1606 5049; x_wconf 78' lang='lat' dir='ltr'><strong>Sapientia</strong></span> <span class='ocrx_word' id='word_1_717' title='bbox 1671 5000 1685 5036; x_wconf 88' lang='lat'><strong>:</strong></span> <span class='ocrx_word' id='word_1_718' title='bbox 1738 4980 1992 5036; x_wconf 80' lang='lat' dir='ltr'><strong>Exaltate</strong></span> 
     </span>
    </p>
   </div>
   <div class='ocr_carea' id='block_1_99' title="bbox 407 5063 1986 5140">
    <p class='ocr_par' dir='ltr' id='par_1_99' title="bbox 407 5063 1986 5140">
     <span class='ocr_line' id='line_1_99' title="bbox 407 5063 1986 5140; baseline 0.006 -24"><span class='ocrx_word' id='word_1_719' title='bbox 407 5064 547 5116; x_wconf 76' lang='lat' dir='ltr'><strong>enim</strong></span> <span class='ocrx_word' id='word_1_720' title='bbox 575 5103 590 5128; x_wconf 93' lang='lat'><strong>,</strong></span> <span class='ocrx_word' id='word_1_721' title='bbox 624 5063 801 5133; x_wconf 85' lang='lat' dir='ltr'><strong>inquit</strong></span> <span class='ocrx_word' id='word_1_722' title='bbox 832 5103 845 5128; x_wconf 91' lang='lat'><strong>,</strong></span> <span class='ocrx_word' id='word_1_723' title='bbox 879 5074 1336 5138; x_wconf 85' lang='lat' dir='ltr'><strong>quantumcunque</strong></span> <span class='ocrx_word' id='word_1_724' title='bbox 1378 5066 1657 5139; x_wconf 77' lang='lat' dir='ltr'><strong>potueritis</strong></span> <span class='ocrx_word' id='word_1_725' title='bbox 1705 5088 1722 5126; x_wconf 92' lang='lat'><em>:</em></span> <span class='ocrx_word' id='word_1_726' title='bbox 1773 5083 1986 5140; x_wconf 80' lang='lat' dir='ltr'><strong>superat</strong></span> 
     </span>
    </p>
   </div>
   <div class='ocr_carea' id='block_1_100' title="bbox 401 5153 1985 5230">
    <p class='ocr_par' dir='ltr' id='par_1_100' title="bbox 401 5153 1985 5230">
     <span class='ocr_line' id='line_1_100' title="bbox 401 5153 1985 5230; baseline 0.008 -25"><span class='ocrx_word' id='word_1_727' title='bbox 401 5153 540 5206; x_wconf 81' lang='lat' dir='ltr'><strong>enim</strong></span> <span class='ocrx_word' id='word_1_728' title='bbox 567 5164 616 5206; x_wconf 83' lang='lat' dir='ltr'><strong>et</strong></span> <span class='ocrx_word' id='word_1_729' title='bbox 646 5153 839 5217; x_wconf 83' lang='lat' dir='ltr'><strong>adhuc;</strong></span> <span class='ocrx_word' id='word_1_730' title='bbox 861 5167 908 5210; x_wconf 87' lang='lat' dir='ltr'><strong>et</strong></span> <span class='ocrx_word' id='word_1_731' title='bbox 936 5157 1231 5214; x_wconf 73' lang='lat' dir='ltr'><strong>exultantes</strong></span> <span class='ocrx_word' id='word_1_732' title='bbox 1255 5176 1372 5213; x_wconf 86' lang='lat' dir='ltr'><strong>eum</strong></span> <span class='ocrx_word' id='word_1_733' title='bbox 1401 5162 1769 5230; x_wconf 83' lang='lat' dir='ltr'><strong>multiplicate.</strong></span> <span class='ocrx_word' id='word_1_734' title='bbox 1803 5161 1985 5217; x_wconf 81' lang='lat' dir='ltr'><strong>Nolite</strong></span> 
     </span>
    </p>
   </div>
   <div class='ocr_carea' id='block_1_101' title="bbox 403 5245 1981 5320">
    <p class='ocr_par' dir='ltr' id='par_1_101' title="bbox 403 5245 1981 5320">
     <span class='ocr_line' id='line_1_101' title="bbox 403 5245 1981 5320; baseline 0.008 -24"><span class='ocrx_word' id='word_1_735' title='bbox 403 5245 646 5299; x_wconf 73' lang='lat' dir='ltr'><strong>laborare</strong></span> <span class='ocrx_word' id='word_1_736' title='bbox 677 5263 694 5299; x_wconf 89' lang='lat'><strong><em>:</em></strong></span> <span class='ocrx_word' id='word_1_737' title='bbox 729 5264 832 5300; x_wconf 87' lang='lat' dir='ltr'><strong>non</strong></span> <span class='ocrx_word' id='word_1_738' title='bbox 865 5251 1005 5302; x_wconf 85' lang='lat' dir='ltr'><strong>enim</strong></span> <span class='ocrx_word' id='word_1_739' title='bbox 1032 5253 1384 5320; x_wconf 81' lang='lat' dir='ltr'><strong>assequemini</strong></span> <span class='ocrx_word' id='word_1_740' title='bbox 1444 5259 1483 5307; x_wconf 72' lang='grc'><strong>⁸.</strong></span> <span class='ocrx_word' id='word_1_741' title='bbox 1515 5252 1775 5309; x_wconf 78' lang='lat' dir='ltr'><strong>Profecto</strong></span> <span class='ocrx_word' id='word_1_742' title='bbox 1819 5256 1981 5308; x_wconf 88' lang='lat' dir='ltr'><strong>terri—</strong></span> 
     </span>
    </p>
   </div>
   <div class='ocr_carea' id='block_1_102' title="bbox 2094 4439 3673 4512">
    <p class='ocr_par' dir='ltr' id='par_1_102' title="bbox 2094 4439 3673 4512">
     <span class='ocr_line' id='line_1_102' title="bbox 2094 4439 3673 4512; baseline 0.001 -20"><span class='ocrx_word' id='word_1_743' title='bbox 2094 4439 2220 4510; x_wconf 90' lang='grc' dir='ltr'>ροῦν</span> <span class='ocrx_word' id='word_1_744' title='bbox 2242 4441 2338 4510; x_wconf 80' lang='grc' dir='ltr'>τὴν</span> <span class='ocrx_word' id='word_1_745' title='bbox 2361 4442 2519 4512; x_wconf 73' lang='grc' dir='ltr'>χάριν</span> <span class='ocrx_word' id='word_1_746' title='bbox 2543 4442 2641 4494; x_wconf 74' lang='grc' dir='ltr'><strong>οὐκ</strong></span> <span class='ocrx_word' id='word_1_747' title='bbox 2669 4441 3026 4512; x_wconf 83' lang='grc' dir='ltr'>ὲξαρκοῦμεν.</span> <span class='ocrx_word' id='word_1_748' title='bbox 3061 4441 3346 4512; x_wconf 81' lang='grc' dir='ltr'>’Υπερέχει</span> <span class='ocrx_word' id='word_1_749' title='bbox 3370 4441 3479 4511; x_wconf 82' lang='grc' dir='ltr'><strong>γὰρ</strong></span> <span class='ocrx_word' id='word_1_750' title='bbox 3497 4439 3673 4494; x_wconf 80' lang='grc' dir='ltr'>πάντα</span> 
     </span>
    </p>
   </div>
   <div class='ocr_carea' id='block_1_103' title="bbox 2092 4530 3672 4603">
    <p class='ocr_par' dir='ltr' id='par_1_103' title="bbox 2092 4530 3672 4603">
     <span class='ocr_line' id='line_1_103' title="bbox 2092 4530 3672 4603; baseline 0 -19"><span class='ocrx_word' id='word_1_751' title='bbox 2092 4530 2237 4594; x_wconf 92' lang='grc' dir='ltr'>νοῦν,</span> <span class='ocrx_word' id='word_1_752' title='bbox 2270 4533 2362 4583; x_wconf 74' lang='grc' dir='ltr'>καὶ</span> <span class='ocrx_word' id='word_1_753' title='bbox 2397 4532 2554 4600; x_wconf 85' lang='grc' dir='ltr'>λόγου</span> <span class='ocrx_word' id='word_1_754' title='bbox 2603 4532 2762 4601; x_wconf 72' lang='grc' dir='ltr'>φύσιν</span> <span class='ocrx_word' id='word_1_755' title='bbox 2789 4533 3025 4603; x_wconf 80' lang='grc' dir='ltr'>ἐλέγχει,</span> <span class='ocrx_word' id='word_1_756' title='bbox 3055 4532 3173 4585; x_wconf 77' lang='grc' dir='ltr'>οὐδὲ</span> <span class='ocrx_word' id='word_1_757' title='bbox 3208 4530 3486 4603; x_wconf 83' lang='grc' dir='ltr'>πολλοστῷ</span> <span class='ocrx_word' id='word_1_758' title='bbox 3519 4531 3672 4602; x_wconf 88' lang='grc' dir='ltr'>μέρει</span> 
     </span>
    </p>
   </div>
   <div class='ocr_carea' id='block_1_104' title="bbox 2091 4621 3673 4694">
    <p class='ocr_par' dir='ltr' id='par_1_104' title="bbox 2091 4621 3673 4694">
     <span class='ocr_line' id='line_1_104' title="bbox 2091 4621 3673 4694; baseline 0.006 -22"><span class='ocrx_word' id='word_1_759' title='bbox 2091 4621 2191 4690; x_wconf 77' lang='grc' dir='ltr'>τῆς</span> <span class='ocrx_word' id='word_1_760' title='bbox 2226 4621 2381 4684; x_wconf 86' lang='grc' dir='ltr'>ἀξίας</span> <span class='ocrx_word' id='word_1_761' title='bbox 2425 4623 2831 4694; x_wconf 80' lang='grc' dir='ltr'>παρισουμένην</span> <span class='ocrx_word' id='word_1_762' title='bbox 3060 4623 3199 4676; x_wconf 88' lang='grc' dir='ltr'><strong>κατά</strong></span> <span class='ocrx_word' id='word_1_763' title='bbox 3234 4623 3326 4677; x_wconf 71' lang='grc' dir='ltr'><strong>τὸν</strong></span> <span class='ocrx_word' id='word_1_764' title='bbox 3369 4621 3528 4691; x_wconf 85' lang='grc' dir='ltr'>λόγον</span> <span class='ocrx_word' id='word_1_765' title='bbox 3577 4621 3673 4690; x_wconf 79' lang='grc' dir='ltr'>τῆς</span> 
     </span>
    </p>
   </div>
   <div class='ocr_carea' id='block_1_105' title="bbox 2093 4713 3674 4786">
    <p class='ocr_par' dir='ltr' id='par_1_105' title="bbox 2093 4713 3674 4786">
     <span class='ocr_line' id='line_1_105' title="bbox 2093 4713 3674 4786; baseline 0 -22"><span class='ocrx_word' id='word_1_766' title='bbox 2093 4714 2535 4786; x_wconf 74' lang='grc' dir='ltr'>ἐπιγραφομένης</span> <span class='ocrx_word' id='word_1_767' title='bbox 2562 4715 2779 4785; x_wconf 75' lang='grc' dir='ltr'>Σοφίαςο</span> <span class='ocrx_word' id='word_1_768' title='bbox 2825 4713 3124 4782; x_wconf 64' lang='grc' dir='ltr'>Ὑψώσατε</span> <span class='ocrx_word' id='word_1_769' title='bbox 3165 4715 3294 4785; x_wconf 72' lang='grc' dir='ltr'>γὰρ,</span> <span class='ocrx_word' id='word_1_770' title='bbox 3342 4713 3497 4786; x_wconf 74' lang='grc' dir='ltr'>φησὶ,</span> <span class='ocrx_word' id='word_1_771' title='bbox 3539 4715 3674 4766; x_wconf 62' lang='grc' dir='ltr'>κα)-</span> 
     </span>
    </p>
   </div>
   <div class='ocr_carea' id='block_1_106' title="bbox 2091 4803 3668 4875">
    <p class='ocr_par' dir='ltr' id='par_1_106' title="bbox 2091 4803 3668 4875">
     <span class='ocr_line' id='line_1_106' title="bbox 2091 4803 3668 4875; baseline -0.001 -17"><span class='ocrx_word' id='word_1_772' title='bbox 2091 4808 2242 4859; x_wconf 75' lang='grc' dir='ltr'>όσον</span> <span class='ocrx_word' id='word_1_773' title='bbox 2283 4804 2359 4859; x_wconf 76' lang='grc' dir='ltr'><strong>ἂν</strong></span> <span class='ocrx_word' id='word_1_774' title='bbox 2409 4805 2707 4874; x_wconf 77' lang='grc' dir='ltr'>δύνησθε’</span> <span class='ocrx_word' id='word_1_775' title='bbox 2779 4805 3056 4874; x_wconf 74' lang='grc' dir='ltr'>ὑπερέχει</span> <span class='ocrx_word' id='word_1_776' title='bbox 3100 4807 3209 4875; x_wconf 77' lang='grc' dir='ltr'>γὰρ</span> <span class='ocrx_word' id='word_1_777' title='bbox 3247 4805 3344 4860; x_wconf 77' lang='grc' dir='ltr'><strong>καὶ</strong></span> <span class='ocrx_word' id='word_1_778' title='bbox 3389 4805 3518 4858; x_wconf 73' lang='grc' dir='ltr'>ἔτι·</span> <span class='ocrx_word' id='word_1_779' title='bbox 3573 4803 3668 4856; x_wconf 73' lang='grc' dir='ltr'><strong>καί</strong></span> 
     </span>
    </p>
   </div>
   <div class='ocr_carea' id='block_1_107' title="bbox 2092 4895 3672 4966">
    <p class='ocr_par' dir='ltr' id='par_1_107' title="bbox 2092 4895 3672 4966">
     <span class='ocr_line' id='line_1_107' title="bbox 2092 4895 3672 4966; baseline -0.001 -16"><span class='ocrx_word' id='word_1_780' title='bbox 2092 4898 2395 4966; x_wconf 64' lang='grc' dir='ltr'>ι’νψοῦντες</span> <span class='ocrx_word' id='word_1_781' title='bbox 2423 4897 2611 4951; x_wconf 80' lang='grc' dir='ltr'>αὐτὸν</span> <span class='ocrx_word' id='word_1_782' title='bbox 2637 4899 3004 4965; x_wconf 70' lang='grc' dir='ltr'>πληθύν-ατε.</span> <span class='ocrx_word' id='word_1_783' title='bbox 3026 4896 3122 4964; x_wconf 76' lang='grc' dir='ltr'><strong>Μὴ</strong></span> <span class='ocrx_word' id='word_1_784' title='bbox 3149 4895 3418 4952; x_wconf 82' lang='grc' dir='ltr'>κοπιᾶτε·</span> <span class='ocrx_word' id='word_1_785' title='bbox 3461 4897 3533 4950; x_wconf 84' lang='grc' dir='ltr'>οὐ</span> <span class='ocrx_word' id='word_1_786' title='bbox 3567 4896 3672 4966; x_wconf 73' lang='grc' dir='ltr'>γὰρ</span> 
     </span>
    </p>
   </div>
   <div class='ocr_carea' id='block_1_108' title="bbox 2086 4985 3671 5061">
    <p class='ocr_par' dir='ltr' id='par_1_108' title="bbox 2086 4985 3671 5061">
     <span class='ocr_line' id='line_1_108' title="bbox 2086 4985 3671 5061; baseline -0.004 -17"><span class='ocrx_word' id='word_1_787' title='bbox 2086 4988 2171 5056; x_wconf 78' lang='grc' dir='ltr'>μὴ</span> <span class='ocrx_word' id='word_1_788' title='bbox 2220 4989 2527 5058; x_wconf 63' lang='grc' dir='ltr'>ἐφίκησθε.</span> <span class='ocrx_word' id='word_1_789' title='bbox 2580 4985 2654 5043; x_wconf 81' lang='grc' dir='ltr'>Ἷί</span> <span class='ocrx_word' id='word_1_790' title='bbox 2689 5008 2789 5042; x_wconf 88' lang='grc' dir='ltr'><strong>που</strong></span> <span class='ocrx_word' id='word_1_791' title='bbox 2846 4989 3076 5061; x_wconf 72' lang='grc' dir='ltr'>φοϐεραὶ</span> <span class='ocrx_word' id='word_1_792' title='bbox 3113 4991 3240 5059; x_wconf 83' lang='grc' dir='ltr'>ὑμῖν</span> <span class='ocrx_word' id='word_1_793' title='bbox 3270 4990 3325 5042; x_wconf 83' lang='lat' dir='ltr'><strong>al</strong></span> <span class='ocrx_word' id='word_1_794' title='bbox 3379 4987 3519 5058; x_wconf 83' lang='grc' dir='ltr'>ὑπὲρ</span> <span class='ocrx_word' id='word_1_795' title='bbox 3565 4987 3671 5039; x_wconf 77' lang='grc' dir='ltr'>τῶν</span> 
     </span>
    </p>
   </div>
   <div class='ocr_carea' id='block_1_109' title="bbox 2091 5077 3673 5151">
    <p class='ocr_par' dir='ltr' id='par_1_109' title="bbox 2091 5077 3673 5151">
     <span class='ocr_line' id='line_1_109' title="bbox 2091 5077 3673 5151; baseline 0 -21"><span class='ocrx_word' id='word_1_796' title='bbox 2091 5095 2345 5131; x_wconf 69' lang='grc' dir='ltr'>τοιούτων</span> <span class='ocrx_word' id='word_1_797' title='bbox 2393 5078 2565 5148; x_wconf 87' lang='grc' dir='ltr'>λόγων</span> <span class='ocrx_word' id='word_1_798' title='bbox 2615 5079 2839 5134; x_wconf 79' lang='grc' dir='ltr'>εὐθῦναι</span> <span class='ocrx_word' id='word_1_799' title='bbox 2897 5083 3007 5143; x_wconf 87' lang='grc' dir='ltr'>τοῖς</span> <span class='ocrx_word' id='word_1_800' title='bbox 3062 5079 3213 5151; x_wconf 85' lang='grc' dir='ltr'><strong>παρά</strong></span> <span class='ocrx_word' id='word_1_801' title='bbox 3267 5077 3362 5133; x_wconf 85' lang='grc' dir='ltr'><strong>τοῦ</strong></span> <span class='ocrx_word' id='word_1_802' title='bbox 3409 5077 3673 5148; x_wconf 70' lang='grc' dir='ltr'>ἀψευδοῦς</span> 
     </span>
    </p>
   </div>
   <div class='ocr_carea' id='block_1_110' title="bbox 2091 5168 3674 5244">
    <p class='ocr_par' dir='ltr' id='par_1_110' title="bbox 2091 5168 3674 5244">
     <span class='ocr_line' id='line_1_110' title="bbox 2091 5168 3674 5244; baseline 0.001 -23"><span class='ocrx_word' id='word_1_803' title='bbox 2091 5171 2353 5239; x_wconf 85' lang='grc' dir='ltr'>ἁκηκοόσι</span> <span class='ocrx_word' id='word_1_804' title='bbox 2376 5171 2508 5224; x_wconf 87' lang='grc' dir='ltr'>Θεοῦ</span> <span class='ocrx_word' id='word_1_805' title='bbox 2533 5171 2920 5244; x_wconf 83' lang='grc' dir='ltr'>ἀσυγχώρητον</span> <span class='ocrx_word' id='word_1_806' title='bbox 2952 5168 3090 5226; x_wconf 77' lang='grc' dir='ltr'>εἶναι</span> <span class='ocrx_word' id='word_1_807' title='bbox 3127 5171 3226 5242; x_wconf 80' lang='grc' dir='ltr'><strong>τὴν</strong></span> <span class='ocrx_word' id='word_1_808' title='bbox 3252 5171 3333 5237; x_wconf 85' lang='grc' dir='ltr'><strong>είς</strong></span> <span class='ocrx_word' id='word_1_809' title='bbox 3360 5171 3422 5224; x_wconf 72' lang='grc' dir='ltr'><strong>τὸ</strong></span> <span class='ocrx_word' id='word_1_810' title='bbox 3445 5170 3674 5242; x_wconf 70' lang='grc' dir='ltr'>Πνεῦμα.</span> 
     </span>
    </p>
   </div>
   <div class='ocr_carea' id='block_1_111' title="bbox 2090 5261 2728 5335">
    <p class='ocr_par' dir='ltr' id='par_1_111' title="bbox 2090 5261 2728 5335">
     <span class='ocr_line' id='line_1_111' title="bbox 2090 5261 2728 5335; baseline 0.009 -23"><span class='ocrx_word' id='word_1_811' title='bbox 2090 5261 2147 5312; x_wconf 74' lang='grc' dir='ltr'>τὸ</span> <span class='ocrx_word' id='word_1_812' title='bbox 2171 5263 2322 5329; x_wconf 76' lang='grc' dir='ltr'>ἅγιον</span> <span class='ocrx_word' id='word_1_813' title='bbox 2359 5262 2728 5335; x_wconf 75' lang='grc' dir='ltr'>βλασφημίαν.</span> 
     </span>
    </p>
   </div>
   <div class='ocr_carea' id='block_1_112' title="bbox 403 5339 3670 5429">
    <p class='ocr_par' dir='ltr' id='par_1_112' title="bbox 403 5339 3670 5429">
     <span class='ocr_line' id='line_1_112' title="bbox 403 5339 3670 5429; baseline 0.006 -34"><span class='ocrx_word' id='word_1_814' title='bbox 403 5339 541 5395; x_wconf 87' lang='lat' dir='ltr'><strong>biles</strong></span> <span class='ocrx_word' id='word_1_815' title='bbox 565 5341 719 5396; x_wconf 89' lang='lat' dir='ltr'><strong>vobis</strong></span> <span class='ocrx_word' id='word_1_816' title='bbox 753 5342 1066 5399; x_wconf 88' lang='lat' dir='ltr'><strong>istiusmodi</strong></span> <span class='ocrx_word' id='word_1_817' title='bbox 1128 5360 1442 5401; x_wconf 86' lang='lat' dir='ltr'><strong>sermonum</strong></span> <span class='ocrx_word' id='word_1_818' title='bbox 1502 5348 1790 5404; x_wconf 69' lang='lat' dir='ltr'><strong>reddendae</strong></span> <span class='ocrx_word' id='word_1_819' title='bbox 1823 5354 2060 5406; x_wconf 87' lang='lat' dir='ltr'><strong>rationes</strong></span> <span class='ocrx_word' id='word_1_820' title='bbox 2097 5357 2188 5425; x_wconf 90' lang='lat' dir='ltr'><strong>qui</strong></span> <span class='ocrx_word' id='word_1_821' title='bbox 2229 5373 2258 5410; x_wconf 90' lang='lat' dir='ltr'><strong>a</strong></span> <span class='ocrx_word' id='word_1_822' title='bbox 2311 5356 2419 5412; x_wconf 91' lang='lat' dir='ltr'><strong>Deo</strong></span> <span class='ocrx_word' id='word_1_823' title='bbox 2459 5361 2676 5414; x_wconf 87' lang='lat' dir='ltr'><strong>mentiri</strong></span> <span class='ocrx_word' id='word_1_824' title='bbox 2723 5360 2909 5416; x_wconf 91' lang='lat' dir='ltr'><strong>nescio</strong></span> <span class='ocrx_word' id='word_1_825' title='bbox 2942 5359 3200 5429; x_wconf 79' lang='lat' dir='ltr'><strong>audistis,</strong></span> <span class='ocrx_word' id='word_1_826' title='bbox 3239 5357 3670 5414; x_wconf 60' lang='lat' dir='ltr'><strong>irremissibilt‘m</strong></span> 
     </span>
    </p>
   </div>
   <div class='ocr_carea' id='block_1_113' title="bbox 402 5434 1709 5503">
    <p class='ocr_par' dir='ltr' id='par_1_113' title="bbox 402 5434 1709 5503">
     <span class='ocr_line' id='line_1_113' title="bbox 402 5434 1709 5503; baseline 0.009 -19"><span class='ocrx_word' id='word_1_827' title='bbox 402 5444 524 5486; x_wconf 88' lang='lat' dir='ltr'><strong>esse</strong></span> <span class='ocrx_word' id='word_1_828' title='bbox 549 5434 940 5503; x_wconf 85' lang='lat' dir='ltr'><strong>blasphemiam</strong></span> <span class='ocrx_word' id='word_1_829' title='bbox 966 5437 1019 5490; x_wconf 90' lang='lat' dir='ltr'><strong>in</strong></span> <span class='ocrx_word' id='word_1_830' title='bbox 1055 5437 1320 5492; x_wconf 89' lang='lat' dir='ltr'><strong>Soiritum</strong></span> <span class='ocrx_word' id='word_1_831' title='bbox 1353 5450 1603 5495; x_wconf 87' lang='lat' dir='ltr'><strong>sanctum</strong></span> <span class='ocrx_word' id='word_1_832' title='bbox 1667 5448 1709 5496; x_wconf 89' lang='lat'><strong>&#39;.</strong></span> 
     </span>
    </p>
   </div>
   <div class='ocr_carea' id='block_1_114' title="bbox 499 5523 1978 5605">
    <p class='ocr_par' dir='ltr' id='par_1_114' title="bbox 499 5523 1978 5605">
     <span class='ocr_line' id='line_1_114' title="bbox 499 5523 1978 5605; baseline 0.009 -27"><span class='ocrx_word' id='word_1_833' title='bbox 499 5523 640 5580; x_wconf 84' lang='lat' dir='ltr'><strong>Sane</strong></span> <span class='ocrx_word' id='word_1_834' title='bbox 683 5543 870 5586; x_wconf 83' lang='lat' dir='ltr'><strong>contra</strong></span> <span class='ocrx_word' id='word_1_835' title='bbox 925 5532 978 5586; x_wconf 89' lang='lat' dir='ltr'><strong>id</strong></span> <span class='ocrx_word' id='word_1_836' title='bbox 1043 5533 1189 5603; x_wconf 89' lang='lat' dir='ltr'><strong>quod</strong></span> <span class='ocrx_word' id='word_1_837' title='bbox 1248 5534 1479 5599; x_wconf 84' lang='lat' dir='ltr'><strong>dicunt,</strong></span> <span class='ocrx_word' id='word_1_838' title='bbox 1532 5535 1978 5605; x_wconf 84' lang='lat' dir='ltr'><strong>gloriﬁcationcm</strong></span> 
     </span>
    </p>
   </div>
   <div class='ocr_carea' id='block_1_115' title="bbox 491 5728 1575 5800">
    <p class='ocr_par' dir='ltr' id='par_1_115' title="bbox 491 5728 1575 5800">
     <span class='ocr_line' id='line_1_115' title="bbox 491 5728 1575 5800; baseline 0.004 -16"><span class='ocrx_word' id='word_1_839' title='bbox 491 5728 508 5759; x_wconf 75' lang='grc'>⁸</span> <span class='ocrx_word' id='word_1_840' title='bbox 542 5729 562 5784; x_wconf 85' lang='grc' dir='ltr'><strong>ι</strong></span> <span class='ocrx_word' id='word_1_841' title='bbox 592 5729 784 5786; x_wconf 82' lang='lat' dir='ltr'><strong>Thess.</strong></span> <span class='ocrx_word' id='word_1_842' title='bbox 817 5748 889 5800; x_wconf 83' lang='grc' dir='ltr'><strong>ιν,</strong></span> <span class='ocrx_word' id='word_1_843' title='bbox 932 5733 1014 5788; x_wconf 84' lang='lat' dir='ltr'><strong>l6.</strong></span> <span class='ocrx_word' id='word_1_844' title='bbox 1094 5736 1112 5766; x_wconf 80' lang='grc'><strong>⁸</strong></span> <span class='ocrx_word' id='word_1_845' title='bbox 1151 5735 1307 5790; x_wconf 80' lang='grc' dir='ltr'>ιιοω.</span> <span class='ocrx_word' id='word_1_846' title='bbox 1343 5751 1457 5800; x_wconf 83' lang='lat' dir='ltr'><strong>vni,</strong></span> <span class='ocrx_word' id='word_1_847' title='bbox 1497 5736 1575 5788; x_wconf 81' lang='lat'><strong>17.</strong></span> 
     </span>
    </p>
   </div>
   <div class='ocr_carea' id='block_1_116' title="bbox 1660 5735 2159 5798">
    <p class='ocr_par' dir='ltr' id='par_1_116' title="bbox 1660 5735 2159 5798">
     <span class='ocr_line' id='line_1_116' title="bbox 1660 5735 2159 5798; baseline 0 -8"><span class='ocrx_word' id='word_1_848' title='bbox 1660 5737 1678 5766; x_wconf 78' lang='grc'><strong><em>³</em></strong></span> <span class='ocrx_word' id='word_1_849' title='bbox 1705 5735 1860 5790; x_wconf 71' lang='lat' dir='ltr'><strong>Rom.</strong></span> <span class='ocrx_word' id='word_1_850' title='bbox 1913 5748 2025 5798; x_wconf 80' lang='lat' dir='ltr'><strong>Vill,</strong></span> <span class='ocrx_word' id='word_1_851' title='bbox 2067 5738 2159 5791; x_wconf 72' lang='lat'><strong>‘26.</strong></span> 
     </span>
    </p>
   </div>
   <div class='ocr_carea' id='block_1_117' title="bbox 2168 5530 3671 5608">
    <p class='ocr_par' dir='ltr' id='par_1_117' title="bbox 2168 5530 3671 5608">
     <span class='ocr_line' id='line_1_117' title="bbox 2168 5530 3671 5608; baseline -0.003 -18"><span class='ocrx_word' id='word_1_852' title='bbox 2168 5535 2311 5605; x_wconf 84' lang='grc' dir='ltr'>Πρός</span> <span class='ocrx_word' id='word_1_853' title='bbox 2359 5552 2419 5604; x_wconf 90' lang='grc' dir='ltr'><strong>γε</strong></span> <span class='ocrx_word' id='word_1_854' title='bbox 2469 5535 2576 5607; x_wconf 82' lang='grc' dir='ltr'>μὴν</span> <span class='ocrx_word' id='word_1_855' title='bbox 2616 5539 2674 5589; x_wconf 85' lang='grc' dir='ltr'><strong>τὸ</strong></span> <span class='ocrx_word' id='word_1_856' title='bbox 2697 5538 3017 5607; x_wconf 70' lang='grc' dir='ltr'>ἀμάρτυρον</span> <span class='ocrx_word' id='word_1_857' title='bbox 3077 5538 3168 5591; x_wconf 79' lang='grc' dir='ltr'><strong>καὶ</strong></span> <span class='ocrx_word' id='word_1_858' title='bbox 3241 5539 3496 5608; x_wconf 68' lang='grc' dir='ltr'>ἄγραφον</span> <span class='ocrx_word' id='word_1_859' title='bbox 3536 5530 3671 5588; x_wconf 77' lang='grc' dir='ltr'>εἶναι</span> 
     </span>
    </p>
   </div>
   <div class='ocr_carea' id='block_1_118' title="bbox 2239 5733 3411 5806">
    <p class='ocr_par' dir='ltr' id='par_1_118' title="bbox 2239 5733 3411 5806">
     <span class='ocr_line' id='line_1_118' title="bbox 2239 5733 3411 5806; baseline 0.006 -18"><span class='ocrx_word' id='word_1_860' title='bbox 2239 5737 2256 5765; x_wconf 65' lang='grc'>⁵</span> <span class='ocrx_word' id='word_1_861' title='bbox 2299 5733 2464 5792; x_wconf 84' lang='lat' dir='ltr'><strong>Eccli.</strong></span> <span class='ocrx_word' id='word_1_862' title='bbox 2513 5752 2644 5802; x_wconf 76' lang='lat' dir='ltr'><strong>xui,</strong></span> <span class='ocrx_word' id='word_1_863' title='bbox 2685 5737 2774 5802; x_wconf 80' lang='grc'><strong>55,</strong></span> <span class='ocrx_word' id='word_1_864' title='bbox 2808 5738 2895 5793; x_wconf 74' lang='lat' dir='ltr'><strong>5i.</strong></span> <span class='ocrx_word' id='word_1_865' title='bbox 2975 5741 2993 5770; x_wconf 80' lang='grc'>⁸</span> <span class='ocrx_word' id='word_1_866' title='bbox 3027 5737 3159 5793; x_wconf 78' lang='lat' dir='ltr'><strong>an.</strong></span> <span class='ocrx_word' id='word_1_867' title='bbox 3198 5753 3294 5806; x_wconf 77' lang='lat' dir='ltr'><strong>xu,</strong></span> <span class='ocrx_word' id='word_1_868' title='bbox 3325 5739 3411 5795; x_wconf 82' lang='grc' dir='ltr'>ιο.</span> 
     </span>
    </p>
   </div>
  </div>
