4036 6210
436 273 540 338 861

1400 280 1775 343 PANOPLIA
1814 278 2272 343 DOGMATICA.
2306 305 2375 315 -
2412 280 2563 342 ΤΙΤ.
2602 278 2742 339 ΧΗ.

2696 144 2727 155 ι

3585 285 3692 351 802

428 424 530 497 τὴν
556 421 683 479 σὺν
732 422 813 490 τῷ
851 424 1147 494 Πνεύματι
1192 420 1495 490 δοξολογίαν
1543 424 1719 475 ἐκεῖνο
1753 421 2010 493 λέγομεν·

2111 444 2229 481 eum
2279 425 2483 497 Spiritu
2525 443 2711 483 carere
2760 427 3113 497 testimonio,
3144 444 3247 485 nec
3290 431 3343 487 in
3392 430 3695 507 Scripturis

431 519 538 580 ὃτι,
566 516 618 570 εἰ
653 513 755 587 μὲν
785 513 951 585 μηδὲν
974 514 1158 586 ἕτερον
1184 513 1449 584 ἄγραφον,
1484 510 1618 582 μηδὲ
1650 512 1806 565 τοῦτο
1840 529 2017 583 παρα-

432 608 712 680 δεχοήτω·
765 606 815 659 εἰ
842 604 900 659 δὲ
930 604 999 658 τά
1032 604 1258 657 πλεῖστα
1297 602 1407 655 τῶν
1450 602 1726 674 μυστικῶν
1759 603 2019 671 ἀγράφως

433 704 566 772 ⁴ιξμίν
599 696 1034 770 ὲμπολιτεύεται,
1087 694 1225 767 μετὰ
1269 693 1479 748 πολλῶν
1522 694 1631 746 τῶν
1686 694 1887 764 ἐτέρων
1926 693 2018 745 καὶ

432 791 594 844 τοῦτο
626 785 1063 861 παραδεξόμεθα.
1247 783 1625 839 Ἀποστολικὸν
1658 784 1713 837 δὲ
1737 780 1888 854 θ’μαι
1925 780 2019 835 καὶ

432 885 494 937 τὸ
517 885 638 946 ταῖς
687 880 958 954 ἀγράφοις
992 877 1323 951 παραδόσεσι
1364 877 1720 948 παραμένειν.
1764 871 2019 928 Ἐπαινῶ

433 975 567 1044 γὰρ,
605 973 793 1044 φησὶν,
821 968 998 1041 ὑμᾶς,
1034 971 1120 1023 ὅτι
1153 967 1351 1023 πάντα
1384 987 1503 1037 μου
1547 966 1875 1037 μέμνησθε,
1922 964 2019 1019 καὶ

433 1064 633 1130 καθὼς
665 1061 980 1130 παρέδωκα
998 1059 1161 1130 ὑμῖν,
1187 1062 1294 1125 τὰς
1322 1057 1684 1129 παραδόσεις
1704 1059 1982 1125 κατέχετε
2000 1070 2017 1088 ’

434 1156 533 1212 καὶ
563 1155 645 1221 τὸ,
696 1152 974 1222 Κρατεῖτε
1007 1151 1113 1218 τὰς
1144 1149 1507 1220 παραδόσεις
1553 1148 1627 1216 ἀς
1659 1148 2021 1218 παρελάϐετε

433 1249 557 1303 εἴτε
586 1246 687 1301 διὰ
724 1246 936 1313 λόγου,
967 1244 1089 1297 alte
1132 1241 1208 1296 δι’
1246 1240 1578 1310 ἐπιστολῆς
1600 1260 1616 1275 ο
1651 1234 1728 1296 ὧν
1924 1239 2018 1308 μῐα

435 1342 553 1395 ἐστὶ
580 1340 676 1395 καὶ
702 1340 737 1410 ἠ
776 1337 1025 1409 παροῦσα
1063 1334 1224 1406 αὕτη,
1252 1335 1320 1406 ἢν
1360 1337 1409 1389 οἱ
1447 1335 1506 1400 ἐξ
1552 1335 1729 1407 ἀρχῆς
1766 1335 2023 1404 διαταξά-

436 1447 589 1502 μενοι
621 1427 1006 1501 παραδιδόντες
1059 1428 1169 1490 τοῖς
1219 1424 1439 1495 ἑφεξῆς,
1488 1425 1895 1496 συμπροῖοὼης
1932 1423 2022 1479 ἀεὶ

432 1523 510 1594 τῷ
537 1522 714 1594 χρόνῳ
753 1521 854 1591 τῆς
898 1521 1169 1591 χρήσεως,
1210 1518 1297 1573 διὰ
1333 1519 1551 1589 μακρᾶς
1600 1517 1702 1588 τῆς
1735 1518 2014 1590 συνηθείας

430 1617 551 1677 ταῖς
580 1612 926 1684 Ἐκκλησίαις
955 1608 1451 1681 ὲγκατερῤἰζωσαν.
1472 1605 1597 1680 Ἆρ’
1625 1604 1717 1662 οὖν
1749 1610 1818 1671 εἰ,
1853 1606 1928 1671 ὡς
1959 1608 2020 1662 ὲν

2110 531 2351 585 exstare,
2385 520 2518 574 illud
2541 520 2777 575 dicimus
2805 539 2819 574 :
2853 520 2898 574 si
3055 522 3192 576 nihil
3231 523 3379 579 aliud
3409 534 3495 582 est
3540 542 3696 584 rece-

2113 618 2266 682 ptum
2291 612 2498 684 absque
2523 611 2846 683 Scripturis,
2874 628 2943 667 nc
2969 612 3071 667 hoc
3096 614 3319 684 quidem
3351 616 3649 687 recipiatur
3675 635 3690 686 ;

2113 709 2200 765 sin
2241 709 2474 779 plurima
2502 720 2701 760 arcana
2730 704 2868 760 citra
2896 706 3161 776 scriptum
3190 716 3411 778 recepta
3439 717 3569 765 sunt
3597 725 3696 764 no-

2111 799 2220 864 bis,
2249 815 2375 856 cum
2402 796 2526 852 aliis
2555 797 2807 867 pluribus
2830 803 2885 850 ct
2912 796 3017 851 hoc
3046 798 3397 869 recipiemus.
3436 800 3694 855 Arbitror

2112 898 2294 947 autem
2326 889 2684 959 apostolicum
2714 903 2855 950 esse.
2887 889 3051 943 ctiam
3082 904 3191 944 non
3238 891 3468 961 scriptis
3521 893 3694 948 tradi-

2111 981 2351 1035 tionibus
2385 980 2671 1034 inhaerere.
2710 974 2899 1031 Laudo
2936 980 3098 1043 enim,
3129 979 3347 1049 inquit,
3390 997 3512 1045 vos,
3554 983 3693 1053 quod

2110 1075 2289 1129 Omnia
2314 1089 2428 1125 mea
2461 1070 2795 1133 meministis,
2830 1080 2877 1123 et
2907 1070 3349 1139 quemadmodum
3382 1073 3585 1127 tradidi
3605 1092 3694 1129 νο-

2111 1163 2219 1223 bis.
2255 1160 2564 1215 traditiones
2605 1159 2792 1213 tenetis
2822 1160 2837 1191 ¹
2872 1200 2885 1213 .
2919 1161 2985 1215 Et
3028 1159 3186 1223 illud,
3222 1160 3410 1217 Tenete
3436 1164 3691 1218 traditio-

2109 1269 2199 1308 nes
2220 1269 2351 1323 quas
2381 1252 2655 1322 accepistis
2685 1253 2790 1306 sive
2819 1268 2911 1321 per
2932 1268 3226 1306 sermonem
3249 1253 3355 1308 sive
3379 1271 3469 1323 per
3498 1255 3692 1325 episto-

2111 1343 2218 1396 lam
2251 1350 2271 1379 ¹
2302 1357 2571 1413 :quarum
2597 1357 2703 1395 una
2726 1350 2811 1397 est
2839 1350 2894 1397 et
2920 1342 3032 1395 haec
3053 1342 3121 1397 de
3141 1358 3249 1413 qua
3276 1360 3422 1399 nunc
3452 1347 3688 1417 agimus,

2109 1451 2271 1506 quam
2301 1436 2392 1505 qui
2419 1436 2488 1489 ab
2522 1434 2679 1488 initio
2713 1435 3194 1505 prtescripscrunt,
3230 1435 3689 1510 tradideruntque

2107 1527 2363 1600 posteris,
2409 1542 2510 1581 usu
2559 1541 2772 1594 semper
2822 1527 2987 1579 simul
3018 1542 3142 1579 cum
3178 1537 3421 1598 tempore
3465 1544 3689 1601 progre-

2107 1620 2325 1683 diente,
2385 1618 2558 1689 ipsam
2624 1618 2779 1688 longa
2840 1619 3243 1673 consuetudine
3302 1621 3358 1673 in
3421 1619 3687 1678 Ecclesiis

429 1705 766 1777 δικαστηρίῳ
802 1705 900 1774 τῆς
932 1702 1020 1755 διὰ
1049 1701 1157 1755 τῶν
1189 1701 1482 1773 ἐγγράφων
1514 1698 1859 1767 άποδείξεωςτ
1884 1700 2010 1752 ἁπο-

2108 1705 2496 1761 irradicarunt.
2528 1705 2670 1776 Ergo
2704 1706 2749 1761 si
2793 1708 2941 1761 velut
2971 1707 3027 1761 in
3070 1709 3331 1763 tribunali
3354 1750 3370 1775 ,
3407 1713 3689 1781 probatis-

434 1798 672 1867 ροῠντες,
693 1795 983 1868 μαρτύρων
1000 1795 1128 1865 ὑμῖν
1141 1794 1343 1865 πλῆθος
1495 1794 1973 1865 παραστησαίμεϐα
1993 1832 2013 1859 ,

429 1891 533 1943 οὐκ
566 1888 634 1943 ἂν
673 1888 777 1957 τῆς
826 1885 1083 1956 ἀφιείσης
1133 1887 1261 1955 παρ’
1299 1883 1454 1957 ὑμῶν
1504 1884 1687 1956 ψήφου
1721 1882 2014 1953 τύχοιμεν;

443 1980 586 2049 Ἐγὼ
613 1981 712 2052 μὲν
731 1980 907 2044 οὕτως
938 1976 1120 2051 οἴμαι·
1162 1977 1295 2033 Ἐπί
1326 1977 1622 2046 στόματος
1646 1974 1755 2046 γὰρ
1776 1974 1884 2029 δύο
1916 1970 2015 2026 καί

429 2071 610 2142 τριῶν
638 2073 956 2143 μαρτύρων
978 2070 1343 2137 σταθήσεται
1372 2067 1496 2124 πᾶν
1521 2067 1703 2138 ῥῆμα.
1738 2067 1801 2120 Εἰ
1834 2065 1891 2120 δὲ
1921 2064 2016 2119 καὶ

430 2163 523 2218 τὸν
556 2162 723 2217 πολὺν
741 2164 935 2235 χρόνον
963 2161 1099 2234 πρὸς
1129 2159 1285 2233 ήμῶν
1310 2159 1441 2214 ὄντα
1474 2159 1718 2230 ἐναργῶς
1756 2158 1883 2228 ὑμῖν
1914 2157 2015 2209 ἐπα

430 2252 766 2323 εδείκνυμεν,
802 2252 903 2305 οὑκ
931 2251 998 2306 ἂν
1024 2250 1281 2322 ἐδόξαμεν
1319 2250 1447 2319 ὑμῖν
1482 2247 1665 2301 εἰκότα
1695 2246 1894 2316 λέγειν,
1936 2250 2012 2319 μὴ

428 2342 570 2399 εἶναι
600 2344 719 2427 καθς
742 2342 900 2415 ήμῶν
926 2342 1026 2414 τὴν
1051 2341 1206 2413 δίκην
1230 2338 1598 2411 εἰσαγώγιμον
1614 2338 1846 2411 ταύτην;
1874 2340 2013 2391 Δυσ-

430 2436 689 2507 ωπητικὰ
726 2434 837 2507 γάρ
872 2451 990 2498 πως
1032 2433 1102 2487 τά
1142 2431 1348 2487 παλαιά
1374 2431 1483 2485 τῶν
1514 2431 1819 2502 δογμάτων,
1848 2430 2011 2485 οἰονεὶ

429 2525 593 2597 πολιᾷ
623 2543 729 2580 τινι
756 2528 824 2597 τῇ
861 2524 1182 2597 ἀρχαιότητι
1224 2523 1286 2577 τὺ
1318 2521 1592 2592 αἰδέσιμον
1627 2519 1836 2591 ἔχοντα.
1882 2522 2011 2574 Ἀπ-

428 2611 907 2690 αριθμήσομαιοῦν
919 2618 1047 2687 ὑμῖν
1067 2616 1193 2679 τοὺς
1223 2610 1528 2687 προστάτας
1554 2610 1646 2665 τοῦ
1674 2612 2005 2683 λόγου(συμ-

428 2711 866 2781 πραμετρείται
894 2709 951 2766 δὲ
985 2710 1202 2770 πάντως
1222 2705 1364 2760 κατὰ
1385 2705 1445 2758 τὸ
1476 2703 1825 2775 σιωπώμενον
1862 2706 1954 2757 καὶ
1979 2706 2007 2757 ι

431 2832 545 2910 τος)
573 2838 784 2910 αὑτοῦ.
823 2837 1248 2910 ’ΛίπαρΙθμησις
1273 2839 1394 2893 τῶν
1416 2841 1486 2891 ἐν
1541 2838 1618 2909 τῇ
1650 2843 1995 2910 Ἐκκλησία

498 2903 826 2985 δωφανξῖδνο
857 2903 991 2985 ῥσὸι
1008 2903 1393 2985 *ἐχρήσαντο
1418 2911 1490 2965 ἐν
1526 2903 1663 2985 τοῖς
1691 2903 2003 2985 συγγράμ-

492 2992 685 3047 μασιν
709 2978 943 3033 ἑαυτῶν
961 2978 1034 3050 τῇ
1059 2978 1231 3052 φωνῇ
1260 2983 1464 3038 ισύν.»
1501 2978 1731 3053 Κεφάλ.
1757 2978 1868 3041 uti.

497 3092 982 3165 Ἀπαριθμήσομαι
1034 3091 1131 3150 οὖν
1188 3097 1316 3162 ὑμῖν
1368 3100 1497 3162 τοὺς
1533 3099 1847 3169 προστάτας
1896 3099 1994 3152 τοῦ

2107 1797 2272 1854 nibus
2304 1813 2335 1853 θ
2366 1797 2572 1868 scripto
2617 1796 2864 1850 destituti
2885 1837 2899 1860 ,
2936 1800 3143 1853 multos
3175 1801 3330 1855 vobis
3364 1812 3531 1857 testes
3560 1819 3686 1874 pro-

2108 1889 2399 1951 ducamus,
2435 1902 2616 1942 nonne
2667 1887 2994 1942 sententiam
3033 1889 3409 1946 absolventem
3456 1908 3487 1946 a
3528 1895 3686 1949 vobis

2107 1977 2546 2051 consequemur?
2572 1975 2681 2047 Ego
2709 1976 2926 2047 quidem
2952 1977 3223 2035 arbitror:
3246 1979 3411 2036 Inore
3428 1982 3684 2053 siquidem

2104 2071 2332 2126 duorum
2378 2085 2441 2122 ac
2506 2069 2667 2121 trium
2718 2068 2929 2121 testium
2962 2068 3125 2123 stabit
3170 2086 3325 2125 omne
3374 2072 3585 2126 verbum
3642 2072 3683 2128 ⁸.

2103 2158 2263 2225 Quod
2317 2157 2362 2211 si
2409 2157 2571 2211 etiam
2608 2156 2869 2225 temporis
2917 2156 3335 2213 diuturnitatem
3381 2177 3478 2232 pro
3523 2162 3684 2219 nobis

2108 2249 2401 2303 facientem
2470 2245 2627 2301 vobis
2688 2242 2972 2302 evidenter
3032 2249 3426 2314 ostendamus,
3497 2268 3681 2309 annon

2107 2337 2411 2391 videbimur
2442 2334 2597 2389 vobis
2627 2334 2931 2406 probabilia
2964 2335 3166 2404 dicere,
3206 2354 3311 2393 non
3345 2355 3507 2410 posse
3531 2342 3681 2397 litem

2107 2429 2268 2485 istam
2313 2428 2441 2499 jure
2481 2426 2641 2481 nobis
2694 2426 2941 2481 intendi?
2984 2425 3307 2483 Veneranda
3356 2431 3500 2485 enim
3550 2441 3681 2487 sunt

2104 2518 2509 2593 quodammodo
2526 2526 2739 2574 vetusta
2757 2518 3027 2588 dogmata.
3046 2533 3167 2588 qua:
3182 2519 3252 2573 ob
3273 2520 3675 2592 antiquitatem,

2103 2629 2203 2669 ceu
2236 2611 2491 2667 canitiem
2527 2609 2850 2680 quamdam,
2896 2609 3099 2665 habent
3132 2609 3394 2680 quiddam
3420 2629 3677 2670 reveren-

2105 2707 2254 2760 dum.
2287 2702 2632 2758 Ettumcrabo
2650 2703 2833 2771 itaque
2852 2701 3007 2758 vobis
3032 2703 3200 2773 hujus
3221 2703 3479 2761 dictionis
3501 2714 3679 2776 patro-

2117 2839 2390 2927 Eju‘sdem.
2450 2840 3090 2927 Enumeratioﬁvirorttm
3147 2844 3203 2926 in
3258 2841 3498 2927 Ecclesia
3552 2846 3685 2902 illu-

2179 2914 2390 2974 strium,
2449 2914 2619 2979 quiin
2652 2915 2864 2983 scriptis
2927 2916 3041 2970 suis
3094 2914 3176 2968 usi
3231 2925 3354 2969 sunt
3394 2914 3492 2966 hac
3546 2933 3687 2983 voce,

2185 2998 2204 3031 ι
2243 2998 2384 3034 cum.
2418 2999 2438 3032 ›
2468 2981 2637 3052 Caput
2665 2983 2755 3038 29.

2181 3094 2530 3153 Enumerabo
2562 3097 2747 3167 itaque
2777 3099 2935 3155 vobis
2992 3099 3154 3170 hujus
3192 3101 3449 3158 dictionis
3498 3110 3686 3172 patro-

424 3185 586 3253 λόγου
617 3192 1202 3260 (συμπαραμετρείται
1227 3191 1286 3244 δὲ
1319 3192 1539 3254 πάντως
1570 3193 1717 3246 κατὰ
1768 3192 1832 3244 τὸ
1859 3209 1990 3244 σιω-

2109 3202 2210 3242 nos
2229 3189 2585 3259 vindicesque
2613 3190 2800 3253 (simul
2820 3190 2966 3245 enim
2997 3193 3303 3250 aesdmatur
3332 3195 3388 3248 in
3419 3210 3507 3258 co.
3537 3195 3683 3265 quod

423 3274 680 3344 ⁸ιιεώμενον
695 3280 792 3332 καὶ
805 3278 834 3331 δ
848 3278 1086 3349 χρόνος)’
1101 3279 1163 3333 οὐ
1179 3280 1289 3349 γὰρ
1306 3278 1366 3344 ιξ
1383 3280 1541 3351 ήμῶν
1568 3281 1832 3351 ὥρμηται
1854 3283 2006 3352 πρῶ-

2112 3286 2343 3347 tacetur,
2374 3282 2537 3336 etiam
2577 3282 2814 3353 tempus)
2841 3301 2857 3346 ;
2889 3299 3068 3353 neque
3093 3284 3238 3339 enim
3264 3301 3330 3340 es
3365 3286 3523 3342 nobis
3576 3289 3688 3357 pri-

422 3385 536 3422 τον.
564 3369 969 3442 Πόθεν;χθιζοι
984 3389 1129 3436 τινες
1147 3373 1318 3438 ὅντως
1368 3377 1549 3445 ἡμεῖς,
1589 3375 1736 3432 κατὰ
1768 3378 1862 3431 τὸν
1902 3377 1997 3431 τοῦ

437 3459 560 3512 Ἰὼϐ
582 3461 763 3529 λόγον,
797 3463 931 3532 πρός
955 3479 1020 3531 γε
1059 3464 1316 3519 τοσοῦτον
1344 3468 1562 3537 χρόνον,
1597 3469 1693 3523 τὸν
1728 3469 1831 3540 τῆς
1880 3486 2006 3524 συν-

421 3553 615 3620 ηοείας
649 3554 857 3623 ταύτης
884 3556 1205 3628 ἡλικιώτην.
1230 3558 1375 3627 Ἐγὼ
1432 3562 1532 3631 μὲν
1552 3562 1646 3616 οὖν
1691 3564 1876 3629 αὐτὸς,
1945 3567 1998 3619 εἰ

423 3646 530 3715 χρή
568 3663 635 3715 με
657 3647 860 3714 τούμὸν
886 3647 1017 3702 εδιον
1040 3650 1234 3716 εἰπεῖν,
1265 3651 1462 3722 ὥσπερ
1485 3653 1609 3706 τινὰ
1641 3654 1846 3726 κλῆρον
1895 3673 2004 3708 πα-

420 3736 600 3806 τρῷον
624 3737 723 3806 τὴν
753 3739 939 3807 φωνὴν
969 3739 1174 3809 ταύτην
1221 3741 1588 3811 διαφυλάττω,
1655 3744 1997 3814 παραλαϐὼν

424 3831 576 3899 παρὰ
590 3830 784 3901 ἀνδρδς
803 3831 1018 3902 μακρὸν
1032 3834 1090 3885 ἐν
1111 3834 1178 3903 τῇ
1210 3832 1526 3904 λειτουργίᾳ
1570 3834 1670 3889 τοῦ
1701 3835 1839 3891 Θεοῦ
1880 3837 2003 3891 δια-

423 3921 690 3992 ζήσαντος
722 3924 933 3995 γρόνον,
950 3922 1019 3979 δι’
1049 3917 1111 3978 οὗ
1138 3926 1233 3979 καὶ
1246 3924 1609 3999 ιϐαπτίσοην.
1641 3929 1738 3982 καὶ
1766 3931 1831 4002 τῇ
1861 3930 2004 3999 ὑπη-

425 4015 586 4087 ρεσίᾳ
637 4015 738 4086 τῆς
781 4015 1118 4088 Ἐκκλησίας
1180 4019 1517 4092 προσήχοην.
1566 4020 1882 4093 Ἀναζητῶν
1945 4022 2004 4076 δὲ

422 4107 805 4177 κατ’ὲμαυτδν
826 4109 880 4161 εἰ
898 4126 986 4172 τις
1017 4111 1126 4181 ἄρα
1146 4111 1258 4164 τῶν
1305 4112 1556 4166 παλαιῶν
1586 4113 1681 4167 καὶ
1714 4114 2005 4184 μακαρίων

423 4198 640 4270 ἀνδρῶν
676 4200 951 4271 ἐχρήσατο
984 4201 1215 4265 ταύταις
1247 4205 1367 4266 ταῖς
1411 4202 1505 4257 νῦν
1553 4204 2005 4277 ἀντιλεγομέναις

423 4293 654 4360 φωναῖς.
686 4292 918 4355 πολλοὺς
946 4289 1105 4363 εὖρον
1130 4295 1226 4347 καὶ
1258 4297 1325 4366 τῇ
1368 4296 1693 4368 ἀρχαιότητι
1756 4299 1817 4352 τὸ
1857 4300 2008 4364 ἀξιό-

424 4400 618 4438 πιστον
645 4383 895 4455 ἔχοντας,
920 4386 1017 4438 καὶ
1038 4387 1104 4456 τῇ
1128 4385 1223 4457 τῆς
1252 4386 1497 4455 γνώσεως
1511 4376 1769 4462 ἀκριϐείᾳ
1782 4392 1843 4443 οὐ
1866 4393 2006 4446 κατὰ

426 4476 558 4539 τοὺς
596 4475 692 4529 νῦν
728 4474 916 4537 ὄντας·
971 4471 1049 4530 ὧν
1106 4475 1157 4529 οἰ
1190 4477 1288 4547 μὲν
1309 4478 1379 4548 τῇ
1423 4478 1703 4547 προθέσει,
1762 4481 1810 4533 οἰ
1838 4481 1894 4534 δὲ
1924 4481 2027 4551 τῷη

2107 3386 2257 3425 mum
2290 3372 2503 3427 initium
2527 3374 2784 3443 sumpsit.
2810 3374 2913 3441 Qui
2947 3376 3120 3444 potuit
3140 3377 3164 3430 ἲ
3184 3375 3450 3431 Nimirum
3480 3392 3580 3432 nos
3596 3391 3684 3432 re-

2107 3478 2235 3517 vera
2254 3464 2494 3520 hesterni
2517 3480 2734 3530 sumus,
2760 3466 3221 3535 quemadmodum
3238 3468 3367 3523 dicit
3386 3469 3487 3524 Job
3508 3468 3552 3535 ⁸,
3575 3468 3691 3523 sal-

2109 3559 2218 3609 tem
2249 3553 2294 3607 si
2321 3565 2427 3608 tam
2460 3555 2605 3625 longi
2638 3558 2925 3625 temporis,
2961 3559 3105 3626 quod
3145 3559 3270 3615 huic
3299 3559 3687 3617 consuetudini

2106 3645 2316 3712 aequale
2348 3656 2455 3710 est,
2488 3648 2758 3702 habeatur
2785 3650 2946 3704 ratio.
2980 3649 3244 3718 Equidem
3271 3653 3414 3720 ipse.
3445 3655 3489 3709 si
3520 3653 3686 3707 modo

2106 3750 2206 3805 par
2251 3736 2324 3789 sit
2380 3750 2469 3789 me
2508 3737 2653 3806 quod
2682 3738 2814 3791 mihi
2839 3740 3119 3809 proprium
3137 3749 3225 3795 est
3254 3741 3459 3805 dicere,
3487 3756 3682 3797 vocent

2108 3831 2250 3885 hanc
2266 3838 2522 3899 tanquam
2541 3836 2824 3899 paternam
2845 3832 3136 3901 quamdam
3158 3834 3529 3889 hereditatem
3557 3849 3690 3890 con-

2109 3934 2290 3985 servo,
2313 3929 2595 3991 acceptam
2618 3937 2648 3978 a
2679 3923 2796 3977 viro
2836 3923 3068 3978 multum
3091 3926 3355 3995 temporis
3380 3926 3433 3980 in
3465 3926 3689 3980 servitio

2111 4012 2202 4070 Dei
2228 4021 2466 4078 versato,
2496 4028 2595 4083 per
2625 4027 2786 4083 quem
2819 4022 2873 4068 et
2896 4014 3207 4084 baptizatus
3228 4029 3373 4080 sum,
3404 4024 3459 4070 et
3495 4014 3690 4070 Eccle-

2107 4105 2203 4161 sia
2270 4104 2576 4159 ministerio
2618 4105 2891 4158 admotus.
2923 4102 3194 4159 Caeterum
3243 4119 3367 4159 eum
3416 4103 3559 4173 apud
3597 4117 3687 4158 me

2092 4205 2326 4279 reputo,
2357 4211 2427 4251 an
2454 4196 2583 4266 quis
2611 4205 2856 4252 veterum
2889 4211 2953 4252 ac
2987 4198 3271 4252 beatorum
3299 4196 3543 4251 virorum
3571 4196 3686 4260 his,

2107 4289 2308 4360 quibus
2348 4305 2495 4346 nunc
2521 4291 2853 4345 reclamatur
2893 4291 3137 4355 vocibus,
3169 4304 3307 4345 usus
3337 4291 3446 4357 sit;
3479 4289 3683 4345 multos

2107 4383 2339 4453 reperio,
2373 4392 2428 4438 et
2447 4382 2518 4437 ob
2543 4383 2923 4453 antiquitatem
2949 4382 3053 4438 ﬁde
3080 4383 3297 4454 dignos,
3320 4393 3375 4436 et
3403 4392 3687 4447 accurata,

2112 4490 2221 4531 non
2281 4474 2585 4531 secundum
2652 4476 2756 4531 hos
2788 4475 3069 4542 homines,
3138 4476 3372 4531 scientia
3402 4482 3682 4539 ornatos;

428 4566 716 4639 συνδέσμῳ
738 4566 879 4621 κατὰ
914 4567 1016 4638 τὴν
1044 4567 1350 4636 δοξολογίαν
1374 4569 1468 4623 τὸν
1493 4569 1653 4638 λόγον
1677 4572 2004 4639 ίνιῖισαντες,

2111 4582 2344 4637 quorum
2376 4567 2468 4624 alii
2500 4568 2905 4638 pmpositione,
2936 4567 3027 4622 alii
3078 4569 3470 4639 conjunctione
3495 4568 3548 4620 in
3568 4566 3691 4637 glo-

435 4659 590 4713 οὑδὲν
636 4660 899 4731 διάφορον
957 4660 1114 4733 δρᾷν,
1169 4660 1245 4725 ὥς
1278 4678 1343 4729 γε
1385 4662 1523 4732 πρὸς
1569 4665 1671 4735 τὴν
1698 4664 1865 4737 ὀρθὴν
1898 4665 2003 4737 τῆς

425 4752 708 4815 εὐσεϐείας
732 4752 967 4818 ἔννοιαν,
1000 4752 1397 4826 Νομίσθησαν.

504 4930 796 5001 Εἰρηναῖος
826 4932 1054 4997 ἐκεῖνος,
1098 4933 1193 4986 καὶ
1237 4932 1469 5005 Κλήμης
1518 4934 1547 4987 δ
1595 4934 1871 5002 Ῥωμαῖος
1906 4938 2003 4990 καὶ

426 5022 703 5087 Διονύσιος
748 5024 776 5076 ὁ
821 5019 1120 5093 Ῥωμαῖος,
1161 5041 1255 5078 και
1308 5027 1335 5077 ὀ
1393 5023 1782 5098 Ἀλεξανδρεὺς
1810 5029 2005 5081 Διονύ-

430 5127 567 5178 σιος,
602 5112 631 5167 δ
665 5113 763 5166 καὶ
795 5113 1100 5182 παράδοξον
1129 5113 1385 5183 ἀκοῦσαι,
1418 5119 1480 5170 ὲν
1510 5120 1576 5187 τῇ
1607 5118 1836 5191 δευτέρᾳ
1868 5121 2005 5190 πρὸς

427 5205 521 5259 τὸν
550 5205 845 5277 ὁμώνυμον
873 5205 1069 5259 ἑαυτοῦ
1097 5208 1357 5279 ἐπιστολῇ
1397 5209 1540 5277 Περὶ
1592 5211 1855 5283 ἐλέγχου
1907 5214 2006 5267 καὶ

425 5301 765 5370 ἀπολογίας
812 5297 964 5355 ὀὕτω
1000 5298 1094 5353 τὸν
1146 5301 1308 5369 λόγον
1355 5302 1653 5358 ἀνέπαυσε.
1716 5305 1918 5375 Γράφω
1948 5307 2003 5359 δὲ

425 5392 556 5462 ὑμῖν
585 5391 725 5447 αὐτὰ
754 5390 848 5445 τοῦ
876 5391 1071 5463 ἀνδρὸς
1102 5395 1170 5446 τὰ
1226 5394 1471 5465 ῥήματα.
1527 5397 1785 5463 Τούτοις,
1836 5404 1996 5468 φησὶ,

426 5482 617 5539 πᾶσιν
661 5483 1011 5549 ἀκολούθως
1047 5484 1145 5537 καί
1176 5482 1368 5553 ἡμεῖς,
1419 5486 1614 5555 mibi;
1678 5489 1839 5557 παρὰ
1884 5487 2005 5542 τῶν

2115 4661 2424 4718 rilicatione
2461 4675 2771 4719 sermonem
2820 4663 3167 4731 copulantes,
3220 4660 3355 4715 nihil
3408 4659 3685 4714 diversum

2118 4768 2250 4808 sane
2270 4755 2416 4825 quod
2443 4755 2508 4809 ad
2539 4765 2747 4811 rectam
2771 4756 2967 4810 attinet
2997 4753 3218 4825 pietatis
3246 4749 3685 4820 intelligentiam,

2123 4846 2419 4901 existimati
2484 4856 2614 4900 sunt
2643 4845 2843 4901 facere.

2187 4936 2427 4992 Irenarus
2484 4937 2596 5000 ille,
2656 4946 2710 4991 et
2758 4937 3012 4991 Clemens
3072 4934 3393 4997 Romanus,
3452 4941 3509 4985 et
3563 4929 3692 4985 Dio-

2114 5028 2308 5099 nysius
2337 5027 2638 5093 Romanus,
2672 5035 2726 5083 et
2776 5024 3180 5081 Alexandrinus
3236 5022 3569 5094 Dionysius,
3630 5020 3687 5075 id

2108 5118 2254 5189 quod
2309 5121 2472 5174 etiam
2523 5118 2710 5172 auditu
2740 5116 2940 5171 mirum
2966 5123 3071 5177 est,
3100 5114 3152 5167 in
3191 5111 3430 5168 secunda
3479 5111 3545 5166 ad
3580 5109 3686 5165 sibi

2106 5209 2487 5282 cognominem
2565 5208 2794 5281 epistola
2866 5206 2942 5262 De
2980 5205 3318 5261 accusatione
3376 5220 3441 5258 ac
3498 5202 3681 5273 defen-

2112 5302 2279 5367 sione,
2333 5300 2482 5355 hunc
2532 5300 2587 5355 in
2637 5303 2858 5355 modum
2924 5295 3102 5351 ﬁnivit
3128 5306 3458 5350 sermonem.
3509 5292 3686 5346 Trau-

2111 5392 2347 5448 scriham
2373 5401 2555 5448 autem
2605 5392 2760 5448 vobis
2792 5390 2910 5461 ipsa
2941 5384 3182 5443 hominis
3223 5383 3411 5439 verba.
3444 5381 3686 5437 His-om-

2120 5487 2294 5550 nibus,
2334 5485 2529 5555 inquit,
2562 5490 2904 5557 congruenter
2945 5491 2995 5537 et
3046 5497 3164 5548 nos,
3216 5482 3392 5551 forma
3427 5479 3590 5534 etiam
3627 5489 3697 5531 ac

499 5736 517 5769 ⁸
547 5736 569 5792 ι
598 5737 719 5794 Cor.
748 5750 823 5807 st,
856 5738 910 5796 2,
986 5738 1007 5770 ²
1038 5733 1082 5789 ιι
1116 5737 1308 5797 Thess.
1339 5754 1400 5807 ιι,
1422 5739 1508 5793 14.
1584 5738 1605 5770 ³
1635 5740 1793 5796 Deut.
1826 5754 1936 5803 χιχ,
1991 5738 2010 5791 1

2150 5740 2169 5770 ⁵
2194 5735 2294 5793 Job
2325 5749 2440 5801 vui,
2470 5737 2527 5797 9.
