4030 6222
348 185 352 188 ’
368 176 474 237 803

1604 160 1981 237 EUTHYMII
2019 159 2376 236 ZIGABENI

3513 165 3624 240 804

378 305 560 372 regula
590 319 622 355 tt
651 300 989 371 presbyteris,
1019 301 1109 369 qui
1139 310 1257 352 ante
1291 313 1382 352 nos
1415 300 1675 364 vixerunt,
1706 305 1918 366 accepta
1937 334 1951 362 ,

2061 305 2147 374 ιρι)
2179 302 2347 371 ἡμῶν
2372 297 2785 367 πρεσϐυτέρων
2813 297 3005 350 τύπον
3037 294 3133 349 καὶ
3160 297 3391 350 κανόνα
3422 314 3620 367 ,τίγρει-

374 392 722 445 concordibus
758 391 971 446 vocibus
1002 407 1121 445 cum
1162 391 1270 444 illis
1312 389 1515 459 gratias
1558 399 1767 459 agentes
1790 429 1802 450 ,
1836 395 1955 464 tan-_

375 482 493 535 dem
525 496 663 535 nunc
692 481 836 534 vobis
860 483 1089 534 scribere
1121 480 1429 534 desinimus.
1468 479 1575 533 Deo
1603 489 1778 533 autem
1805 479 1956 532 Patri

375 582 426 624 et
455 570 597 623 Filio
623 569 847 624 Domino
871 582 1052 624 nostro
1081 568 1212 624 Jesu
1243 567 1454 624 Christo
1483 587 1598 623 cum
1619 579 1800 624 sancto
1830 568 1953 638 Spi-

375 663 485 716 ritu
513 663 684 732 gloria
713 671 760 714 et
792 663 1067 731 imperium
1098 663 1152 716 in
1184 663 1382 716 swcttla
1408 663 1749 727 swculorum,
1780 675 1952 717 amen.

376 753 488 808 Nec
514 754 806 824 quisquam
968 755 1151 810 dicere
1180 755 1357 823 possit
1383 755 1496 807 haec
1513 761 1762 809 correcta
1787 754 1959 808 fuisse

379 861 443 900 ac
479 846 788 900 immutata.
817 845 1002 916 Neque
1025 848 1170 901 enim
1206 849 1275 901 ita
1309 861 1614 902 sermonem
1640 845 1960 900 conﬁrmas-

380 945 484 999 set,
517 935 708 990 dicens
741 936 992 991 videlicet
1025 937 1302 1006 accepisse
1337 946 1397 992 se
1426 935 1658 991 formam
1689 952 1753 991 ac
1798 951 1960 1006 regu-

382 1029 510 1092 lam,
549 1029 592 1082 si
620 1029 672 1081 in
706 1027 910 1096 Spiritu
959 1029 1189 1084 dixisset
1224 1047 1236 1082 :
1273 1029 1437 1098 hujus
1465 1029 1608 1083 enim
1640 1029 1793 1082 vocis
1824 1043 1958 1082 usus

381 1119 574 1173 creber
614 1129 716 1175 est.
767 1122 835 1172 At
863 1121 1000 1174 illud
1049 1128 1186 1182 erat,
1220 1121 1366 1190 quod
1397 1120 1590 1189 egebat
1617 1118 1955 1173 defensione.

381 1209 485 1274 Qui
521 1211 739 1278 quidem
788 1220 842 1264 et
890 1213 943 1264 in
993 1212 1169 1266 medio
1221 1211 1443 1280 scripti,
1477 1211 1554 1264 sic
1590 1211 1828 1279 loquitur
1865 1207 1961 1264 ad-

380 1318 576 1357 versus
620 1301 963 1358 Sabellianos
997 1322 1008 1357 :
1039 1303 1100 1358 Si
1133 1321 1192 1358 eo
1224 1305 1362 1373 quod
1403 1313 1504 1357 tres
1543 1311 1664 1355 sunt
1713 1303 1959 1371 hgposta-

382 1412 498 1457 ses,
545 1395 740 1448 divisas
784 1411 896 1448 esse
940 1393 1153 1459 dicunt,
1206 1403 1310 1448 tres
1357 1404 1476 1448 sunt
1505 1395 1715 1448 etiamsi
1741 1395 1957 1448 nolint:

384 1499 474 1542 aut
514 1488 746 1541 divinam
783 1487 1098 1541 Trinitatem
1128 1503 1344 1556 prorsus
1380 1505 1406 1542 e
1439 1488 1608 1541 medio
1637 1487 1851 1542 tollant.
1881 1487 1959 1543 Ac

2035 396 2321 463 ληρότες,
2349 389 2667 460 ὁμοφώνως
2695 386 2900 452 αὐτοῖς
2926 387 3582 456 προσευχαριστοῦντες
3600 407 3615 420 ·

2040 487 2137 542 καὶ
2188 483 2264 552 δὴ
2316 482 2413 536 καὶ
2445 481 2562 534 νῦν
2592 479 2733 548 ὑμῖν
2761 476 3231 544 ἐπιστέλλοντες
3283 480 3622 532 καταπαύο-

2039 592 2171 647 μεν.
2379 572 2462 637 Τῷ
2507 571 2574 623 δὲ
2622 569 2743 635 Θεῷ
2787 569 2968 636 Πατρὶ
3009 568 3107 622 καὶ
3156 567 3266 633 Υίῷ
3309 566 3390 634 τῷ
3434 570 3626 637 Κυρίῳ

2042 667 2209 737 ἡμῶν
2250 665 2454 732 Ἰησοῦ
2485 661 2712 730 Χριστῷ
2737 662 2856 715 σὺν
2880 661 2961 726 τῷ
2981 661 3126 728 ἁγίῳ
3148 660 3449 729 Πνεύματι
3477 660 3626 725 δόξα

2044 758 2138 813 καί
2170 756 2386 824 κράτος
2439 759 2524 820 είς
2563 753 2701 818 τοὺς
2736 751 2954 818 αἰῶνας
2998 752 3118 806 τῶν
3141 751 3396 819 αἰώνων,
3444 753 3623 821 ἀμήν,

2045 847 2155 902 Καὶ
2183 847 2351 900 ταῦτα
2381 847 2480 898 οὐκ
2516 845 2579 898 ἅν
2605 863 2687 907 τις
2728 846 2870 896 εἴποι
2908 843 3376 914 μεταγεγράφοαι.
3421 845 3495 896 Οὐ
3516 844 3626 912 γὰρ

2046 938 2111 992 ἂν
2153 936 2294 992 οὕτω
2337 935 2652 998 διετείνατο,
2685 934 2852 988 τύπον
2887 937 2980 988 καὶ
3007 937 3205 989 κανόνα
3233 935 3624 1006 παρειληφέναι

2049 1029 2240 1098 λέγων,
2296 1027 2452 1100 εἴπερ
2501 1029 2571 1082 ἐν
2615 1027 2694 1093 τῷ
2725 1027 3022 1095 Πνεύματι
3220 1025 3460 1097 εἰρηκὼς
3521 1022 3622 1097 ἦν·

2047 1123 2251 1192 ταύτης
2276 1121 2382 1191 γὰρ
2415 1121 2511 1189 τῆς
2543 1120 2725 1188 φωνῆς
2747 1121 2780 1189 ἡ
2807 1117 3002 1189 χρῆσις
3039 1117 3229 1186 πολλή.
3271 1116 3411 1168 ⁸Α).λ’
3455 1119 3629 1169 ἐκεῖνο

2046 1209 2114 1285 ἦν
2139 1212 2199 1266 τὸ
2222 1214 2318 1284 τῆς
2351 1212 2642 1279 ἀπολογίας
2672 1208 2943 1280 δεόμενον.
2973 1208 3073 1272 ’ος
3087 1225 3149 1277 γε
3170 1207 3264 1260 xal.
3294 1207 3434 1260 κατὰ
3468 1208 3628 1277 μέσον

2051 1289 2160 1358 nou
2185 1296 2282 1374 τῆς
2311 1303 2548 1373 γραφῆς,
2585 1300 2758 1363 οὕτως
2790 1300 2980 1370 εἴρηκε
3007 1299 3140 1369 πρὸς
3169 1297 3296 1360 τοὺς
3331 1297 3627 1350 Σαϐελλια-

2049 1395 2173 1458 νοός
2191 1414 2202 1427 ·
2229 1398 2318 1462 El,
2344 1395 2422 1462 τῷ
2443 1395 2598 1464 τρεῖς
2622 1391 2772 1449 εἶναι
2813 1393 2920 1460 τὰς
2961 1393 3348 1458 ὑποστάσεις,
3391 1409 3630 1461 μεμερι-

2052 1487 2282 1556 σμένας
2301 1483 2452 1540 εἶναι
2474 1486 2743 1555 λέγουσι,
2758 1486 2915 1553 τρεῖς
2935 1488 3074 1548 εἱσι,
3101 1483 3217 1539 κᾶν
3236 1484 3322 1554 μὴ
3341 1485 3628 1538 θέλωσινο

381 1587 624 1640 rursum,
657 1579 998 1633 Divinissima
1030 1579 1165 1633 enim
1194 1580 1255 1632 ob
1290 1579 1345 1632 id
1375 1582 1538 1632 etiam
1561 1589 1678 1645 post
1702 1579 1960 1632 unitatem

2061 1577 2091 1646 ἢ
2124 1578 2236 1646 τὴν
2263 1579 2430 1633 θείαν
2481 1577 2693 1646 Τριάδα
2737 1576 3047 1643 παντελῶς
3075 1576 3460 1630 ἀνελέτωσαν
3479 1595 3491 1606 ·
3537 1578 3633 1630 καὶ

387 1658 626 1722 Trinitas
659 1678 758 1723 est.
794 1669 898 1723 Sed
930 1679 983 1723 et
1008 1670 1260 1724 Clemens
1297 1671 1632 1740 simplicius,
1677 1670 1838 1733 Vivit,
1875 1670 1955 1724 in-

2061 1671 2217 1723 πάλιν
2237 1686 2250 1699 ⁸
2288 1667 2565 1738 Θειοτάτη
2596 1669 2705 1738 γὰρ
2733 1668 2830 1723 διὰ
2866 1669 3040 1722 τοῦτο
3075 1670 3228 1738 μετὰ
3257 1667 3372 1736 τὴν
3398 1668 3635 1737 μονάδα

385 1759 538 1828 quit,
595 1759 728 1812 Deus
774 1770 822 1812 et
875 1759 1136 1812 Dominus
1177 1757 1333 1813 Iesus
1363 1757 1607 1813 Christus
1649 1768 1699 1812 et
1729 1758 1958 1826 Spiritus

385 1859 623 1902 sanctus.
653 1851 893 1903 lretneus
928 1857 1132 1912 autem,
1173 1849 1262 1918 qui
1299 1850 1510 1903 vicinus
1545 1848 1645 1902 fuit
1686 1850 1961 1918 apostolo-

386 1955 505 1993 rum
532 1939 892 2008 temporibus,
918 1939 1194 2008 quomodo
1230 1939 1390 1992 faciat
1422 1939 1752 1992 mentionem
1784 1935 1960 2007 Spiri-

387 2033 505 2094 tus,
540 2029 827 2100 disputans
878 2031 1142 2085 adversus
1197 2031 1468 2094 hereses,
1508 2029 1818 2084 audiamus.
1855 2026 1958 2081 Eos

386 2137 524 2185 vero,
559 2121 765 2190 inquit,
793 2123 883 2192 qui
910 2123 1126 2191 e/frenes
1155 2132 1311 2184 sunt,
1343 2131 1391 2174 et
1430 2121 1674 2190 feruntur
1720 2119 1788 2173 ad
1834 2135 1959 2172 suas

385 2214 872 2282 concupiscentias,
939 2213 1143 2266 nullum
1203 2213 1449 2266 habentes
1505 2213 1668 2266 divini
1726 2211 1959 2280 Spiritus

385 2303 738 2363 desiderium.
780 2305 966 2357 merito
1015 2305 1296 2371 Apostolus
1326 2301 1570 2356 carnales
1614 2313 1762 2355 vocat
1820 2304 1858 2357 ³.
1898 2302 1962 2360 Et

389 2398 518 2454 alibi
561 2396 693 2450 dicit
736 2393 877 2447 idem
910 2432 922 2445 .
956 2390 1036 2445 Ne
1067 2401 1306 2458 expertes
1341 2393 1473 2461 facti
1502 2391 1666 2445 divini
1708 2392 1960 2461 Spiritus,

389 2487 706 2556 frustrentur
751 2497 907 2552 regno
953 2481 1225 2544 caelorum,
1286 2481 1542 2534 inclamat
1595 2482 1874 2548 Apostolus
1921 2484 1960 2545 ³,

2056 1762 2153 1814 καί
2182 1763 2218 1828 ὴ
2252 1759 2439 1828 Τριάς.
2459 1759 2618 1817 Ἀλλὰ
2639 1760 2730 1812 καὶ
2753 1761 2780 1812 ὁ
2809 1759 3041 1830 Κλήμης
3207 1757 3630 1828 ἀρχαϊκώτερον,

2056 1850 2163 1919 Ζ-ᾗ,
2191 1853 2371 1921 φησιν,
2401 1854 2432 1904 ό
2463 1850 2630 1916 Θεὸς,
2665 1849 2763 1903 καὶ
2791 1852 2824 1902 ό
2848 1851 3058 1916 Κύριος
3099 1848 3330 1916 Ἰησοῦς
3354 1849 3630 1915 Χριστὸς,

2057 1944 2154 1996 καὶ
2189 1943 2254 1996 τὸ
2281 1942 2522 2011 Πνεῦμα
2546 1941 2610 1994 τὸ
2645 1940 2833 2010 ἅγιον.
2862 1941 3148 2010 Εἰρηναῖος
3179 1941 3235 1992 δὲ
3262 1975 3275 1994 .
3409 1940 3438 1990 ὁ
3470 1939 3638 2004 ἐγγὺς

2056 2035 2165 2088 τῶν
2190 2033 2499 2089 ἀποστόλων
2544 2031 2850 2101 γενόμενος,
2893 2031 3009 2093 πῶς
3050 2029 3290 2100 ἐμνήσθη
3333 2027 3428 2080 τοῦ
3463 2027 3638 2080 Πνεῦ-

2064 2141 2228 2196 ματος
2289 2126 2346 2176 ὲν
2391 2122 2468 2193 τῷ
2498 2123 2633 2192 πρὸς
2669 2121 2768 2184 τὰς
2809 2123 3045 2191 αἱρέσεις
3092 2120 3253 2190 λόγῳ,
3291 2121 3657 2190 ἀκούσωμεν.“

2063 2216 2212 2282 Τοὺς
2248 2215 2316 2268 δὲ
2365 2213 2950 2284 ἀχαλιναγωγήτονς,
2993 2214 3145 2283 φησὶ,
3180 2212 3277 2265 καί
3313 2227 3642 2280 καταφερο-

2057 2308 2280 2376 μένους
2299 2309 2383 2372 είς
2409 2306 2513 2372 τὰς
2529 2305 2758 2359 ἑαυτῶν
2779 2307 3112 2374 ἐπιθυμίας,
3149 2303 3450 2372 μηδεμίαν
3464 2303 3646 2372 ἔχον-

2065 2411 2172 2459 τας
2201 2395 2521 2463 ἐπιθυμίαν
2548 2395 2709 2448 θείου
2739 2395 3102 2464 Πνεύματος,
3127 2392 3360 2458 δικαίως
3389 2396 3424 2449 ό
3471 2395 3647 2449 Ἀπό-

2067 2489 2290 2551 στολος
2323 2485 2655 2554 σαρκικοὺς
2703 2485 2894 2542 καλεῖ.
2944 2486 3054 2539 Καὶ
3102 2487 3160 2538 ἐν
3197 2484 3375 2548 ἄλλοις
3419 2487 3447 2539 ὁ
3481 2483 3647 2546 αὐτός
3751 2505 3758 2510 ·

3909 283 3947 914 ἱ

386 2577 525 2648 quod
551 2592 675 2630 caro
707 2591 809 2629 non
836 2575 1002 2643 possit
1032 2573 1394 2626 ha’reditatem
1430 2587 1611 2640 capere
1645 2575 1789 2642 regni
1813 2575 1964 2628 etcla-

2066 2593 2259 2647 φησιν·
2299 2577 2434 2631 Ἵνα
2473 2576 2582 2645 μὴ,
2615 2577 2846 2646 ἄμοιροι
2883 2577 3047 2633 θείου
3101 2579 3445 2647 Πνεύματος
3475 2577 3648 2646 τερ-ό.

389 2680 527 2723 rum.
573 2666 728 2732 Quod
774 2667 816 2719 si
851 2665 937 2718 cui
971 2672 1026 2718 et
1074 2663 1346 2718 Eusebius
1386 2660 1716 2718 Palaestinus
1749 2673 1964 2734 propter

2061 2687 2252 2740 μενοι,
2277 2668 2666 2738 ἀποτύχωμεν
2701 2668 2815 2737 τῆς
2833 2669 3158 2736 βασιλείας
3191 2667 3310 2722 τῶν
3345 2667 3643 2736 οὐρανῶν,

392 2759 747 2826 multiplicem
791 2754 1181 2825 experientiam
1228 2753 1454 2808 idoneus
1483 2755 1720 2818 videtur,
1753 2754 1839 2807 cui
1874 2755 1964 2808 ha-

2063 2760 2395 2826 ἐπεϐόησεν
2417 2761 2449 2812 ό
2491 2759 2876 2826 Ἀπόστολος,
2895 2759 2980 2828 μὴ
3002 2759 3295 2815 δύνασθαι
3313 2757 3430 2825 τὴν
3445 2757 3649 2828 σάρκα

391 2852 616 2905 beamur
662 2847 831 2914 ﬁdes;
865 2855 919 2900 et
953 2862 1017 2902 ex
1055 2847 1147 2900 illo
1177 2861 1342 2902 voces
1369 2845 1589 2900 easdem
1627 2846 1964 2900 ostendimus

2061 2849 2390 2912 ,βασιλείαν
2427 2849 2700 2917 οὐρανῶν
2729 2848 3202 2919 κληρονομῆσαι.
3241 2850 3304 2901 Et
3349 2849 3406 2902 δέ
3439 2867 3516 2920 τῳ
3553 2850 3648 2902 καὶ

393 2943 446 2996 in
477 2939 915 2995 dubitationibus
944 2937 1012 2992 de
1042 2938 1349 3004 priscorum
1383 2923 1670 3006 multiplici
1692 2935 1964 3003 mnjugio.

2065 2941 2093 2992 ὁ
2120 2941 2472 3003 Παλαιστινὺς
2519 2940 2776 3003 Εὐσέϐιος
2799 2939 3109 3003 ἀξιόπιστος
3139 2939 3226 2992 διὰ
3267 2938 3647 3010 πολυπειρίαν,

393 3033 660 3102 Loquitur
705 3031 853 3085 enim
901 3029 1050 3084 hunc
1075 3030 1130 3082 in
1177 3029 1433 3091 modum,
1469 3044 1527 3082 se
1571 3029 1636 3081 ad
1678 3029 1964 3082 dicendum

2067 3031 2318 3083 κάκείνου
2339 3030 2436 3093 τὰς
2460 3031 2628 3093 αὑτὰς
2656 3031 2840 3099 φωνὰς
2873 3028 3247 3098 ἐπιδείκνυμεν
3300 3031 3359 3080 ὲν
3402 3031 3515 3088 τοῖς
3549 3029 3649 3080 ἑτ-

304 3165 309 3169 .
393 3125 638 3179 excitans
672 3139 688 3176 :
723 3121 974 3176 Sanctum
1006 3123 1378 3190 prophetarum
1415 3118 1578 3171 Deum
1623 3121 1754 3171 lucis
1785 3129 1966 3171 aucto-

393 3229 502 3268 rem
533 3228 623 3280 per
656 3212 989 3266 Salvatorem
1039 3219 1282 3264 nostrum
1321 3208 1506 3264 Jesutn
1539 3209 1808 3264 Christum
1853 3227 1970 3263 cum

391 3311 574 3357 sancto
609 3301 810 3370 Spiritu
847 3302 1169 3356 invocantes.

623 3571 707 3608 am
746 3570 871 3610 vero
906 3563 961 3609 et
993 3554 1288 3625 Origencm
1323 3556 1375 3610 in
1413 3556 1598 3610 multis
1623 3555 1970 3614 Psalmorum

395 3647 827 3717 expositionibus
857 3647 1343 3717 deprehendimus,
1378 3663 1502 3700 cum
1533 3657 1728 3703 sancto
1761 3648 1968 3720 Spiritu

395 3740 624 3808 gloriam
671 3737 1002 3793 deferentem
1041 3737 1186 3801 Deo,
1225 3739 1398 3792 virum
1438 3739 1529 3808 qui
1583 3754 1692 3793 non
1743 3742 1968 3796 omnino

395 3844 560 3884 sanas
612 3828 774 3882 habet
835 3829 889 3882 in
949 3829 1206 3884 omnibus
1258 3828 1326 3883 de
1380 3827 1587 3898 Spiritu
1645 3831 1966 3900 opiniones;

395 3918 752 3972 nihilominus
798 3926 852 3972 et
887 3917 976 3972 hic
1027 3918 1212 3971 multis
1265 3917 1321 3970 in
1356 3918 1491 3970 locis
1533 3921 1803 3974 reveritus
1837 3935 1971 3974 con-

395 4008 707 4064 suetudinis
761 4008 950 4073 robur,
1007 4008 1126 4078 pias
1159 4023 1321 4062 voces
1352 4009 1536 4062 emisit
1589 4008 1658 4063 de
1715 4008 1967 4080 Spiritu:

394 4102 488 4171 qui
517 4101 736 4170 quidem
775 4101 829 4154 in
855 4107 1040 4164 sexto,
1077 4101 1130 4154 ni
1154 4101 1335 4164 fallor,
1371 4101 1510 4154 libro
1552 4098 1971 4156 Enarrationum

395 4194 450 4248 in
482 4191 828 4262 Evangelium
849 4191 1098 4254 Joannis,
1123 4193 1289 4246 etiam
1331 4192 1668 4246 adorandum
1705 4192 1968 4262 Spiritum

2068 3123 2245 3193 απορή
2256 3139 2384 3192 μασι
2416 3122 2544 3192 περὶ
2571 3123 2670 3191 τῆς
2700 3121 2807 3174 τῶν
2836 3120 3076 3190 ἀρχαίων
3106 3118 3648 3188 πολυταμίας.Λέγιι

2067 3212 2176 3283 γὰρ
2205 3212 2346 3265 οὕτω
2375 3214 2675 3283 παρορμῶν
2705 3213 2896 3266 ἑαυτὸν
2920 3213 3010 3264 ἐπὶ
3041 3213 3129 3264 τὸν
3169 3211 3354 3279 λόγον·
3389 3208 3501 3263 Τὸν
3530 3207 3650 3262 τῶν

2069 3299 2390 3368 προφητῶν
2423 3300 2592 3369 ἅγιον
2633 3301 2781 3353 Θεὸν
2807 3300 3164 3368 φωταγωγόν
3184 3299 3282 3353 διὰ
3314 3298 3422 3352 τοῦ
3454 3297 3646 3366 Σωτῆ-

2061 3407 2172 3458 ρος
2222 3388 2392 3458 ἡμῶν
2437 3389 2638 3456 Ἰησοῦ
2678 3389 2936 3456 Χριστοῦ
2983 3390 3104 3442 σὺν
3150 3389 3295 3458 ἁγίῳ
3346 3389 3643 3457 Πνεύματι

2071 3479 2458 3545 καλέσαντες.

2265 3570 2404 3639 Ἤδη
2429 3569 2485 3623 δὲ
2507 3570 2602 3623 καὶ
2638 3570 2919 3641 Ὡριγένην
2941 3572 2998 3622 ὲν
3029 3569 3248 3633 πολλαῖς
3278 3569 3387 3622 τῶν
3417 3571 3497 3632 εις
3516 3569 3645 3630 τοὺς

2073 3659 2332 3730 Ψαλμοὺς
2357 3660 2640 3726 διαλέξεων
2673 3660 2905 3730 εὕρομεν
3077 3661 3172 3712 σὺν
3208 3662 3285 3731 τῷ
3311 3661 3454 3728 ἁγίῳ
3475 3660 3647 3712 lived-

2073 3767 2201 3818 ματι
2227 3750 2322 3818 τὴν
2347 3747 2504 3812 δόξαν
2529 3749 2867 3813 ἀποδιδόντα,
2893 3748 3060 3817 ἄνδρα
3081 3749 3200 3801 οὐδὲ
3223 3750 3362 3802 πάνυ
3389 3767 3440 3800 τι
3475 3750 3648 3816 ὑγιεῖς

2073 3840 2313 3912 περὶτοῦ
2345 3840 2662 3910 Πνεύματος
2694 3841 2792 3903 τὰς
2823 3840 3118 3910 ὑπολήψεις
3151 3843 3208 3894 ὲν
3245 3842 3407 3894 πᾶσιν
3431 3840 3645 3909 ἔχοντα·

2069 3934 2208 4003 πλὴν
2248 3933 2383 3986 ἀλλὰ
2425 3932 2694 4002 πολλαχοῦ
2738 3933 2833 3987 καὶ
2865 3932 3051 3995 αὐτὸς,
3098 3933 3198 4001 τῆς
3251 3931 3540 4000 συνηθείας
3589 3930 3653 3985 τὺ

2072 4024 2288 4097 ἰσχυρὸν
2334 4023 2773 4093 δυσωπούμενος,
2817 4022 2916 4087 τὰς
2959 4025 3202 4086 εὐσεόεῖς
3246 4023 3428 4092 φωνὰς
3467 4023 3649 4092 ἀφῆκε.

2070 4117 2197 4188 περὶ
2226 4114 2320 4168 τοῦ
2362 4113 2696 4184 Πνεύματος.
2739 4116 2837 4177 Ὃς
2872 4131 2957 4182 γε,
2990 4113 3133 4168 κατὰ
3159 4113 3220 4166 τὸ
3262 4113 3439 4177 ἕκτον,
3470 4109 3650 4183 οἶμαι,

2067 4209 2176 4260 τῶν
2207 4210 2294 4273 εὶς
2335 4207 2402 4261 τὸ
2442 4206 2593 4260 κατὰ
2639 4205 2917 4272 Ἰωάννην
2942 4205 3311 4275 Εὐαγγέλιον
3350 4206 3403 4255 Ἐ
3410 4204 3654 4273 £11m“-

396 4285 679 4340 evidenter
706 4284 1045 4353 pronuntiat,
1074 4283 1147 4336 ita
1176 4284 1426 4338 scribens
1453 4283 1520 4336 ad
1545 4285 1806 4339 verbum:
1829 4286 1964 4350 Quo-

2069 4297 2212 4360 κῶν,
2263 4297 2358 4349 καὶ
2411 4296 2783 4366 προσκυνητὸν
2831 4293 2964 4349 αὐτὸ
3015 4295 3262 4366 φανερῶς
3309 4294 3651 4365 ἀπεφήνατο,

397 4377 543 4430 niam
573 4391 724 4444 aqua:
766 4375 1044 4428 laracrum
1071 4374 1341 4443 signiﬁcat
1369 4376 1742 4445 purgationem
1781 4379 1973 4429 animt:

396 4467 462 4522 ab
492 4466 731 4521 omnibus
768 4467 990 4520 malitia:
1019 4464 1264 4520 sordibus
1299 4465 1535 4532 ablutas,
1585 4466 1752 4521 nihilo
1799 4477 1974 4522 tamen

397 4558 569 4610 minus
606 4563 657 4610 et
684 4571 776 4624 per
811 4555 1042 4620 seipsum
1082 4555 1130 4608 ei
1159 4555 1250 4624 qui
1280 4554 1509 4622 seipsum
1549 4554 1743 4623 prabet
1784 4554 1975 4608 divini-

396 4647 499 4702 tati
525 4645 815 4700 adoranda:
848 4642 1153 4707 Trinitatis,
1169 4657 1262 4710 per
1288 4643 1536 4696 virtutem
1557 4643 1972 4709 invocationunt,

395 4739 656 4794 donorum
700 4736 1020 4806 principium
1063 4752 1125 4788 ac
1173 4736 1371 4805 fontem
1422 4735 1596 4790 habet.
1645 4735 1724 4789 Ac
1780 4751 1974 4791 rursus

398 4834 454 4887 in
510 4829 952 4892 commentariis,
994 4829 1196 4898 quibus
1251 4827 1478 4908 exponit
1534 4827 1840 4898 Epistolam
1905 4828 1973 4881 ad

396 4923 707 4988 Romanos,
768 4923 992 4983 Sacrae,
1045 4921 1260 4990 inquit,
1320 4920 1538 4974 virtutes
1586 4935 1802 4986 capaces
1850 4927 1972 4973 sunt

402 5013 666 5085 Unigeniti
701 5021 749 5066 et
794 5012 968 5066 sancti
1014 5010 1253 5078 Spiritus
1296 5009 1533 5064 deitatis.
1565 5009 1644 5063 Ad
1681 5011 1824 5064 hunc
1856 5025 1974 5064 tuo-

396 5104 526 5158 dum
549 5143 564 5167 ,
607 5103 823 5173 Opinor,
864 5101 1176 5156 traditionis
1213 5101 1294 5156 vis
1333 5116 1476 5170 satpe
1503 5101 1764 5170 compulit
1795 5099 1972 5154 homi-

397 5208 494 5249 nes
538 5195 702 5248 etiam
737 5194 854 5250 suis
895 5194 1140 5264 ipsorum
1174 5193 1527 5262 dogmatibus
1570 5195 1970 5249 contradicere.

397 5283 468 5338 At
518 5301 619 5339 nec
672 5285 992 5339 Africanum
1053 5284 1382 5339 historicum
1445 5285 1574 5339 talis
1635 5285 1974 5355 gloriticandi

401 5372 576 5429 forma
607 5376 886 5446 praeteriit.
931 5374 1210 5436 Siquidem
1255 5379 1472 5454 constat
1511 5375 1564 5428 in
1605 5375 1796 5437 quinto
1835 5376 1975 5432 libro

469 5606 487 5637 ⁸
517 5605 539 5660 ι
575 5605 701 5664 Cor.
737 5622 820 5671 ιιι,
853 5605 904 5661 5.
981 5608 1002 5638 ³
1043 5604 1212 5661 lCor.
1250 5624 1337 5678 xv,
1383 5607 1471 5666 50.

2069 4386 2267 4440 οὑτωσὶ
2291 4385 2516 4456 γράφων
2538 4385 2682 4439 κατὰ
2703 4384 2867 4452 λέξιν·
2899 4384 3022 4437 Ὅτι
3047 4384 3113 4437 τὸ
3140 4383 3245 4438 τοῦ
3270 4384 3489 4451 ὕδατος
3510 4387 3656 4440 Jove

2069 4478 2214 4547 τρὸν
2240 4479 2553 4547 σύμϐολον
2578 4477 2861 4548 τυγχάνει
2884 4479 3212 4546 καθαρσίου
3241 4477 3468 4547 ψυχῆς,
3496 4478 3654 4532 πάνυ

2069 4585 2143 4622 τα
2179 4569 2377 4636 ῥύπον
2423 4567 2529 4620 τὸν
2561 4568 2680 4623 ἀπὸ
2723 4568 2937 4633 κακίας
3109 4564 3610 4632 ἀποπλυνομέηνης
3638 4587 3652 4601 ο

2071 4656 2254 4711 οὐδὲν
2285 4657 2353 4710 δὲ
2392 4654 2577 4727 ἧττον
2622 4659 2720 4712 καὶ
2754 4661 2880 4712 καθ’
2922 4659 3102 4712 ἑαυτὸ
3143 4657 3222 4724 τῷ
3256 4659 3656 4730 ἐμπαρέχοντι

2072 4747 2289 4802 ἑαυτὸν
2320 4746 2392 4816 τῇ
2422 4748 2654 4813 θεότητι
2686 4746 2796 4812 τῆς
2829 4745 3262 4815 προσκυνητῆς
3295 4748 3535 4815 Τριόδος
3555 4747 3656 4804 διὰ

2073 4837 2184 4906 τῆς
2212 4837 2519 4906 δυνάμεως
2559 4836 2679 4890 τῶν
2716 4835 3098 4901 ἐπικλήσεων
3135 4836 3518 4905 χαρισμάτων
3554 4839 3656 4907 ἀρ-

2075 4927 2197 4999 χὴν
2234 4929 2358 4997 ἔχει
2395 4927 2493 4981 καί
2545 4927 2768 4996 πηγήν.
2818 4926 2928 4979 Καὶ
2979 4926 3142 4979 πάλιν
3191 4929 3250 4979 ὲν
3278 4930 3388 4990 τοῖς
3428 4929 3508 4990 εἰς
3552 4929 3660 5000 τὴν

2077 5021 2212 5089 πρὸς
2261 5019 2561 5090 Ῥωμαίους
2608 5017 2924 5088 Ἐπιστολὴν
2973 5016 3336 5088 ἐξηγητικοῖς,
3370 5021 3439 5072 Al
3479 5021 3654 5088 ίεραί,

2080 5112 2235 5180 φησὶ,
2282 5109 2565 5178 δυνάμεις
2617 5108 2936 5178 χωρητικαὶ
2987 5108 3092 5161 τοῦ
3133 5108 3516 5178 Μονογενοῦς
3555 5109 3656 5164 και

2075 5201 2183 5271 τῆς
2209 5201 2317 5255 τοῦ
2347 5201 2520 5270 ἁγίου
2549 5201 2894 5269 Πνεύματος
2922 5200 3218 5268 θεότητος.
3243 5199 3450 5265 Οὓτως,
3476 5196 3654 5272 οἶμαι,

2075 5293 2137 5346 τὸ
2163 5294 2263 5364 τῆς
2293 5292 2641 5364 παραδόσεως
2678 5292 2895 5361 ἰσχυρὸν
2923 5291 3083 5360 ἐνῆγε
3113 5289 3373 5356 πολλάκις
3401 5293 3528 5356 τοὺς
3560 5284 3654 5346 ἄνα

2074 5385 2207 5454 δρας
2245 5384 2338 5438 καὶ
2387 5385 2499 5448 τοῖς
2533 5383 2753 5447 οἰκείοις
2793 5383 2973 5436 αὐτῶν
3141 5382 3404 5457 δόγμασιν
3447 5384 3656 5440 dumis—-
