4030 6222
313 242 421 312 805

1277 238 1654 300 l‘ANOi‘LIA
1692 236 2151 298 DOGMATICA.
2177 264 2239 273 —
2278 241 2428 300 'l‘lT.
2473 239 2608 301 XII.

3462 245 3569 305 806

307 391 451 442 γειν.
513 371 648 424 Ἀλλ’
694 370 812 424 οὐδὲ
870 368 1192 443 Ἀφρικανὸν
1240 369 1330 419 τὸν
1380 370 1790 442 ἱστοριογράφον
1833 373 1894 425 τὸ

2000 365 2064 419 de
2091 362 2407 432 temporibus
2453 363 2752 432 Epitomes,
2797 372 2851 419 et
2906 365 3082 435 ipsum
3133 366 3198 420 ad
3248 367 3390 422 hunc
3427 370 3571 439 loqui

305 464 553 520 τοιοῦτον
584 457 721 527 εἶδος
747 462 844 532 τῆς
873 461 1176 531 δοξολογίας
1201 459 1492 533 παρέλαθε.
1515 462 1765 515 Φαίνεται
1786 461 1896 534 γὰρ

306 557 369 608 ἐν
412 554 492 626 τῷ
542 554 778 624 πέμπτῳ
817 554 914 623 τῆς
951 551 1068 605 τῶν
1113 553 1346 622 χρόνων
1399 551 1712 622 Ἐπιτομῆς
1753 553 1896 612 o'ﬁmo

308 646 409 700 καὶ
457 645 618 710 αὐτὸς
663 644 869 712 λέγων’
932 644 1130 713 Ἡμεῖς
1178 644 1286 714 γὰρ
1333 647 1385 698 οἱ
1437 646 1728 700 κάκείνων
1778 645 1893 700 τῶν

305 734 592 804 ῥημάτων
744 734 807 786 τὸ
843 732 1065 803 μέτρον
1099 733 1503 802 ἐπιστάμενοι,
1539 735 1637 788 καί
1666 735 1774 803 τῆς
1801 738 1895 790 πί-

306 843 506 894 στεως
529 828 640 882 οὐκ
662 825 1022 894 ἀγνοοῦντες
1054 824 1166 892 τὴν
1193 825 1388 894 χάριν,
1423 826 1896 897 εὐχαριστοῦμεν

308 918 396 984 τῷ
442 915 882 986 παρασχομένῳ
923 915 1046 981 τοῖς
1085 916 1256 981 ιὸίοις
1285 917 1428 985 ἡμῖν
1466 918 1643 984 Πατρὶ
1789 917 1896 973 τὸν

308 1007 436 1062 τῶν
468 1009 626 1062 ὅλων
650 1006 893 1074 Σωτῆρα
919 1008 1016 1060 καὶ
1047 1009 1269 1074 Κύριον
1296 1006 1462 1076 ἡμῶν
1509 1008 1747 1076 Ἰησοῦν
1764 1012 1896 1078 Χρι-

309 1101 486 1154 στόν·
513 1091 561 1164 ᾧ
589 1098 628 1165 ἡ
658 1097 828 1160 δόξα,
853 1096 1256 1164 μεγαλωσύνη
1278 1095 1400 1149 σὺν
1422 1095 1567 1164 ἁγίῳ
1600 1097 1895 1164 Πνεύματι

309 1193 402 1254 εἰς
442 1187 584 1252 τοὺς
620 1184 860 1251 αἰῶνας.
897 1183 976 1236 Τὰ
1016 1184 1112 1254 μὲν
1154 1178 1246 1236 οὖν
1287 1182 1418 1236 ἄλλα
1450 1182 1608 1252 τυχὸν
1643 1184 1736 1234 καὶ
1770 1183 1896 1237 ἀπι-

315 1279 585 1349 πηθῆναι
618 1277 864 1341 δύναται,
904 1275 937 1346 ἢ
968 1275 1063 1328 καὶ
1095 1273 1514 1345 μεταγραφέντα
1545 1273 1895 1344 δυσφώρατον

312 1371 461 1441 ἔχειν
497 1370 598 1441 τὴν
629 1369 989 1438 κακουργίαν,
1021 1368 1078 1419 ὲν
1113 1367 1211 1437 μιᾷ
1245 1364 1480 1436 συλλαϐῇ
1511 1366 1610 1436 τῆς
1634 1365 1894 1436 διαφορᾶς

313 1461 689 1533 ὑπαρχούσης·
707 1460 743 1515 ἀ
761 1459 817 1514 δὲ
841 1458 930 1512 διὰ
949 1458 1288 1530 μακροτέρας
1314 1459 1412 1527 τῆς
1439 1455 1635 1522 λέξεως
1659 1456 1893 1528 παρεθέ-

317 1553 480 1624 μεθα,
499 1553 594 1605 καὶ
618 1553 715 1623 τὴν
733 1549 1021 1620 ἐπιϐουλὴν
1041 1548 1340 1618 διαφεύγει,
1357 1547 1449 1601 καὶ
1472 1549 1569 1618 τὴν
1591 1549 1894 1618 μαρτυρίαν

310 1645 410 1697 ἀπ’
422 1644 603 1698 αὐτῶν
618 1643 724 1698 τῶν
750 1641 1191 1716 συγγραμμάτων
1207 1639 1582 1692 εὐαπόδεικτον
1601 1639 1732 1709 ἔχει.
1756 1642 1819 1693 Ὀ
1838 1640 1894 1694 δὲ

310 1741 491 1803 άλλως
514 1741 612 1811 μὲν
634 1741 763 1805 ἴσως
785 1741 1156 1813 μικροπρεπὲς
1181 1736 1248 1812 ἦν
1265 1743 1344 1804 είς
1364 1741 1528 1812 μέσον
1549 1741 1794 1810 ἄγεσθαι,
1818 1739 1896 1812 τῷ

310 1829 370 1883 δὲ
391 1830 745 1900 καινοτομίαν
766 1831 1148 1901 ἐγκαλουμένῳ
1170 1831 1466 1899 ἀναγκαῖον
1489 1831 1570 1894 εἰς
1595 1829 1898 1902 μαρτυρίαν

309 1922 401 1976 διὰ
417 1923 512 1976 τοῦ
528 1921 718 1994 χρόνου
735 1921 832 1993 τὴν
847 1923 1201 1994 ἀρχαιότητα,
1218 1923 1376 1976 τοῦτο
1391 1921 1456 1994 δὴ
1472 1923 1566 1977 καὶ
1583 1921 1896 1993 προσθήσω.

316 2014 509 2080 Ἔδοξε
538 2018 650 2079 τοῖς
677 2016 944 2086 πατράσιν
981 2016 1138 2087 ήμῶν
1178 2016 1252 2088 μὴ
1287 2019 1464 2089 σιωπῇ
1489 2017 1586 2088 τὴν
1624 2016 1784 2088 χάριν
1805 2015 1898 2069 τοῦ

311 2105 606 2178 ἑσπερινοῦ
627 2105 802 2175 φωτὸς
909 2106 1179 2176 δέχεσθαι,
1205 2106 1321 2160 ἀλλ’
1342 2107 1504 2172 εὐθὺς
1525 2108 1786 2176 φανέντος
1813 2109 1901 2160 εὐ-

315 2201 618 2270 χαριστεῖν.
633 2198 744 2252 Καὶ
756 2198 902 2261 ὅστις
923 2197 1021 2269 μὲν
1036 2199 1065 2252 ό
1077 2198 1259 2270 πατὴρ
1275 2198 1384 2252 τῶν
1398 2201 1658 2270 ῥημάτων
1676 2200 1900 2253 ἐκείνων

314 2289 416 2360 τῆς
443 2287 748 2359 ἐπιλυχνίου
769 2288 1140 2361 εὐχαριστίας,
1167 2291 1338 2343 εἰπεῖν
1361 2291 1460 2342 οὐκ
1483 2289 1697 2361 ἔχομεν·
1725 2294 1754 2343 ὁ
1779 2290 1903 2361 μέν-

315 2398 401 2434 τοι
423 2379 550 2444 λαὸς
571 2379 803 2451 ἀρχαίαν
821 2381 1016 2452 ἀφίησι
1030 2381 1128 2452 τὴν
1146 2380 1351 2452 φωνὴν,
1369 2381 1460 2434 καὶ
1484 2382 1657 2434 οὐδενὶ
1682 2381 1899 2435 πώποτε

315 2473 538 2528 ἀσεϐεῖν
570 2473 932 2544 ἐνομίσθησαν
961 2473 1011 2526 οἱ
1030 2473 1296 2542 λέγοντες·
1322 2473 1618 2541 Αίνοῦμεν
1642 2473 1894 2541 Πατέρα,

317 2564 419 2618 καί
450 2564 606 2626 Υίύν,
633 2563 732 2617 καὶ
752 2563 922 2632 ἅγιον
940 2564 1185 2634 Πνεῦμα
1213 2563 1382 2617 Θεοῦ.
1412 2564 1471 2617 Et
1497 2565 1552 2618 δέ
1577 2583 1660 2627 τις
1693 2567 1897 2619 καὶτὸν

319 2657 490 2727 ὕμνον
551 2654 935 2727 Ἀθηνογένους
985 2655 1148 2725 ἔγνω,
1195 2657 1254 2710 ὃν
1292 2653 1481 2726 ὥσπερ
1531 2673 1582 2709 τι
1635 2657 1899 2729 ἀλεξητή-

319 2763 439 2816 ριον
581 2747 694 2808 τοῖς
743 2744 994 2798 συνοῦσιν
1044 2744 1195 2816 αὐτῷ
1249 2745 1658 2807 καταλέλοιπεν,
1712 2747 1900 2816 ὁρμῶν

317 2837 422 2908 ήδη
462 2836 599 2907 πρὸς
627 2835 726 2906 τὴν
763 2835 851 2889 διὰ
882 2836 1052 2908 πυρὸς
1082 2837 1383 2900 τελείωσιν,
1411 2835 1520 2890 οἶδε
1550 2838 1645 2891 καὶ
1670 2838 1770 2909 τὴν
1791 2838 1900 2890 τῶν

321 2925 617 2996 μαρτύρων
647 2924 871 2996 γνώμην
903 2926 1049 2989 ὅπως
1083 2924 1227 2997 εἶχον
1257 2927 1386 2998 περὶ
1426 2926 1520 2980 τοῦ
1555 2927 1897 2998 Πνεύματος.

320 3017 429 3071 Καὶ
449 3017 622 3070 ταῦτα
662 3015 761 3088 μὲν
786 3016 868 3078 εἰς
893 3017 1169 3071 τοσοῦτον.

522 3109 820 3181 Γρηγόριον
871 3109 927 3162 δὲ
977 3108 1069 3161 τὸν
1122 3108 1332 3177 Μέγαν,
1388 3114 1481 3163 καὶ
1531 3109 1631 3172 τὰς
1685 3111 1893 3164 ἐκείνου
1932 3098 1974 3152 (ἶ

321 3199 504 3271 φωνὰς
540 3200 642 3254 ποῦ
683 3200 962 3272 θήσομεν;
1004 3195 1091 3270 ἆρ’
1131 3200 1251 3270 οὐχὶ
1287 3200 1424 3271 μετὰ
1450 3201 1556 3254 τῶν
1584 3201 1898 3255 ἀποστόλων

321 3291 414 3343 καὶ
448 3289 780 3361 προφητῶν;
824 3288 994 3359 ἄνδρα
1029 3287 1108 3358 τῷ
1154 3287 1302 3359 αὐτῷ
1350 3289 1626 3360 Πνεύματι
1670 3290 1900 3354 ἐκείνοις

324 3383 774 3453 περιπατήσαντα
807 3414 824 3441 ,
956 3382 1050 3434 καὶ
1090 3384 1202 3444 τοῖς
1245 3380 1353 3434 τῶν
1398 3382 1568 3450 ἁγίων
1605 3382 1774 3454 ἴχνεσι
1813 3383 1902 3436 διὰ

323 3471 522 3533 παντὸς
558 3469 651 3525 τοῦ
699 3469 813 3540 βίου
859 3471 1240 3540 στοιχήσαντα,
1281 3472 1376 3524 καὶ
1411 3472 1510 3542 τῆς
1543 3473 1902 3543 εὐαΠελικῆς

327 3562 600 3625 πολιτείας
632 3563 694 3614 τὸ
731 3562 956 3632 ἀκριϐὲς
1007 3561 1095 3615 διὰ
1151 3562 1330 3632 πάσης
1386 3564 1551 3616 αὐτοῦ
1606 3565 1706 3633 τῆς
1756 3565 1903 3633 ζωῆς

323 3651 766 3723 κατορθώσαντα.
821 3652 961 3721 Ἐγὼ
997 3651 1096 3722 μὲν
1129 3650 1286 3704 τοῦτό
1327 3670 1488 3722 φημιο
1534 3651 1611 3707 Ἦ
1651 3655 1904 3724 ἀδικήσο-

325 3761 422 3816 μεν
455 3745 558 3814 τὴν
584 3744 863 3818 ἀλήθειαν,
894 3745 970 3817 μὴ
998 3749 1110 3812 τοῖς
1139 3746 1504 3818 ᾠκειωμένοις
1535 3746 1652 3816 Θεῴ
1675 3745 1772 3816 τὴν
1801 3745 1903 3813 ψυ-

323 3838 420 3908 χὴν
464 3837 681 3909 ἐκείνην
737 3838 1212 3910 συναριθμοῦντες,
1265 3835 1376 3892 οἷόν
1428 3854 1550 3892 τινα
1601 3837 1903 3908 λαμπτῆρα

323 3930 595 4000 περιφανῆ
639 3929 810 4000 μέγαν
841 3931 898 3984 ὲν
937 3933 1001 4002 τῇ
1055 3931 1351 4002 Ἐκκλησία
1385 3928 1480 3984 τοῦ
1510 3929 1644 3983 Θεοῦ
1674 3929 1905 3999 διαλάμ-

321 4021 518 4090 ψαντα·
552 4021 610 4085 ὃς
647 4021 877 4093 φοϐερὸν
927 4023 1024 4092 μὲν
1064 4019 1209 4094 εἶχεν
1238 4024 1302 4076 ὲκ
1327 4023 1426 4094 τῆς
1459 4022 1554 4076 τοῦ
1589 4022 1905 4092 Πνεύματος

326 4113 614 4186 συνεργίας
652 4114 793 4167 κατὰ
839 4114 1112 4185 δαιμόνων
1163 4115 1225 4168 τὸ
1265 4117 1487 4189 κράτοςο
1534 4114 1800 4186 τοσαύτην
1845 4115 1902 4168 δὲ

324 4202 482 4256 ἔλαϐε
519 4202 612 4256 τοῦ
652 4202 809 4270 λόγου
841 4205 938 4274 τὴν
983 4205 1143 4275 χάριν
1189 4207 1268 4269 είς
1299 4206 1544 4276 ὑπακοὴν
1579 4205 1814 4267 πίστεως
1847 4207 1904 4257 ὲν

323 4296 432 4357 τοῖς
463 4292 696 4356 ἔθνεσιν,
723 4293 886 4358 ὥστε,
914 4296 1278 4350 ἑπτακαίδεκα
1317 4297 1508 4367 μόνους
1547 4299 1903 4368 Χριστιανοὺς

325 4383 680 4456 παραλαϐὼν,
721 4385 840 4439 ὅλον
883 4386 974 4439 τὸν
1019 4386 1148 4440 λαὸν
1192 4389 1281 4440 τόν
1328 4405 1384 4440 τε
1425 4389 1644 4442 ἀστικὸν
1690 4389 1901 4441 καὶτὸν

323 4475 614 4546 χωριτικὸν
644 4476 732 4530 διὰ
762 4477 863 4548 τῆς
896 4477 1242 4547 ἐπιγνώσεως
1289 4483 1603 4551 προσήγαγε
1642 4480 1720 4552 τῷ
1760 4480 1898 4552 Θεῷ.

334 4565 573 4630 Ἐκεῖνος
605 4568 696 4619 καὶ
726 4566 987 4639 ποταμῶν
1112 4569 1300 4641 ῥεῖθρα
1331 4572 1680 4641 μετέστησεν,
1713 4573 1902 4625 ἐπιτά-

324 4655 416 4719 ξας
461 4657 645 4720 αὐτοῖς
683 4659 740 4710 ὲν
781 4658 856 4729 τῷ
886 4659 1112 4730 ὀνόματι
1145 4660 1223 4731 τῷ
1255 4661 1476 4732 μεγάλῳ
1519 4663 1612 4717 τοῦ
1643 4665 1900 4736 Χριστοῦ·

323 4747 415 4799 καὶ
469 4747 668 4817 λίμνην
719 4746 980 4817 ἐξήρανεν
1038 4747 1294 4803 ὑπόθεσιν
1349 4750 1583 4821 πολέμου
1632 4752 1902 4822 φέρουσαν

323 4835 574 4904 ἀδελφοῖς
605 4835 974 4902 πλεονέκταις.
1001 4840 1065 4892 Ai
1102 4839 1158 4893 δὲ
1194 4839 1302 4892 τῶν
1335 4841 1635 4911 μελλόντων
1665 4860 1902 4914 προαγο-

325 4924 541 4994 ρεύσεις
579 4924 846 4990 τοιαῦται,
875 4925 952 4988 ὡς
983 4925 1150 4998 μηδὲν
1180 4928 1290 4982 τῶν
1317 4929 1494 4983 ἀλλων
1521 4931 1738 4984 ἀποδεῖν
1768 4949 1902 5004 προ-

323 5016 530 5085 φητῶν.
571 5015 684 5068 Kal
706 5016 842 5081 ὅλως
884 5019 1092 5090 μακρὸν
1132 5019 1197 5074 ἂν
1230 5019 1314 5091 εἴη
1345 5021 1438 5074 τοῦ
1477 5022 1669 5092 ἀνδρὸς
1697 5023 1902 5095 διηγεί-

326 5111 448 5165 σθαι
475 5111 547 5164 τά
580 5110 854 5180 θαύματα,
891 5112 950 5174 ὃς
971 5114 1036 5183 τῇ
1069 5113 1340 5184 ὑπερϐολῇ
1362 5113 1471 5167 τῶν
1493 5116 1551 5167 ὲν
1571 5113 1718 5185 αὐτῷ
1743 5133 1901 5188 χαρι-

325 5204 568 5273 σμάτων,
603 5202 712 5256 τῶν
749 5203 1154 5274 ἐνεργουμένων
1199 5203 1304 5258 ὑπὸ
1344 5204 1441 5258 τοῦ
1482 5203 1798 5276 Πνεύματος
1843 5209 1901 5260 ἐν

324 5294 470 5364 πάσῃ
518 5293 747 5363 δυνάμει
792 5295 884 5346 καὶ
931 5293 1178 5363 σημείοις
1227 5294 1322 5347 καὶ
1379 5292 1592 5364 τέρασι,
1643 5294 1901 5368 δεύτερος

323 5383 563 5453 Μωῦσῆς
591 5383 720 5454 παρ’
753 5383 932 5436 αὐτῶν
959 5383 1069 5437 τῶν
1113 5384 1322 5455 ἐχθρῶν
1381 5385 1482 5454 τῆς
1513 5384 1768 5456 ἀληθείας
1799 5387 1900 5440 ἀν-

325 5475 616 5544 ηγορεύετο
641 5475 740 5544 (7).
791 5476 976 5538 Οὕτως
1003 5476 1152 5547 αὐτῷ
1177 5478 1234 5529 ὲν
1273 5477 1436 5530 παντὶ
1461 5477 1602 5547 λόγῳ
1634 5479 1728 5533 καὶ
1755 5477 1902 5550 ἔργῳ

325 5567 434 5622 τῶν
453 5567 896 5638 ἔπιτελουμινων
929 5566 1019 5620 διὰ
1037 5567 1134 5637 τῆς
1168 5567 1391 5636 χάριτος
1421 5561 1533 5619 οἷόν
1569 5583 1621 5618 τι
1654 5565 1772 5632 φῶς
1802 5569 1902 5617 ἑπ-

324 5659 560 5732 έλαμπι,
598 5661 826 5732 μήνυμα
851 5661 945 5730 τῆς
978 5660 1234 5730 οὐρανίου
1251 5661 1563 5729 δυνάμεως,
1583 5658 1684 5728 τῆς
1714 5662 1775 5713 ἐκ
1801 5658 1894 5712 τοῦ

1999 456 2219 510 modum
2260 476 2272 509 :
2319 453 2434 510 Nos
2480 458 2616 510 enim
2663 457 2755 525 qui
2803 465 2852 510 et
2901 457 3116 511 illorum
3301 459 3572 513 verborum

2000 547 2216 601 modum
2267 547 2587 614 didicimus,
2640 564 2730 601 nec
2773 549 3080 618 ignoramus
3132 547 3257 618 ﬁdei
3305 551 3570 619 gratiam,

1996 636 2202 707 gratias
2219 636 2426 706 agimus
2445 636 2619 699 Patri,
2651 637 2741 707 qui
2759 638 2908 692 nobis
2927 640 3038 692 suis
3062 640 3321 693 creaturis
3349 639 3575 707 prtebuit
3655 705 3658 708 ,

1997 729 2360 790 universorum
2387 729 2717 784 Salvatorem
2743 747 2804 783 ac
2827 731 3112 785 Dominum
3131 743 3369 786 nostrum
3389 733 3577 787 Jesunt

1998 816 2292 881 Christum,
2317 819 2610 888 cuigloria,
2648 821 2900 889 majestas
2919 839 3038 875 cum
3065 834 3251 877 sancto
3281 824 3486 893 Spiritu
3519 826 3576 878 in

1997 908 2215 962 secula.
2249 909 2319 961 At
2353 909 2421 962 de
2443 911 2655 965 caeteris
2693 911 2948 966 fortassis
2981 912 3218 966 dubitari
3239 915 3444 982 possit,
3483 924 3578 968 aut

1998 1001 2146 1054 credi
2181 1001 2393 1070 possint
2435 1001 2721 1054 immutata
2755 1018 2872 1057 eam
2921 1004 3194 1058 rationem
3240 1005 3476 1068 habere,
3519 1013 3578 1058 ut

1999 1093 2150 1148 fraus
2170 1108 2311 1163 aegre
2342 1093 2674 1162 deprehendi
2705 1095 2900 1163 possit,
2933 1110 3060 1148 cum
3084 1096 3136 1148 in
3174 1095 3335 1148 unica
3366 1095 3578 1166 syllaba

1997 1186 2236 1256 positum
2274 1186 2346 1240 sit
2377 1186 2694 1243 discrimen.
2723 1185 2927 1241 Verum
2957 1202 3077 1256 quae
3117 1189 3367 1256 pluribus
3391 1188 3574 1242 verbis

1997 1279 2140 1333 dicta
2173 1279 2465 1333 citavimus
2489 1320 2502 1343 ,
2543 1297 2607 1335 ea
2649 1296 2750 1336 nec
2789 1281 3021 1335 insidias
3052 1280 3348 1334 admittunt
3371 1318 3384 1343 ,
3421 1288 3476 1334 et
3507 1281 3581 1334 ab

1998 1369 2133 1440 ipsis
2188 1371 2346 1427 libris
2398 1382 2644 1441 paratum
2694 1373 2898 1428 habent
2951 1372 3346 1428 testimonium.
3398 1369 3572 1425 Porro

1997 1465 2142 1534 quod
2183 1465 2385 1534 alioqui
2421 1465 2674 1520 fortassis
2720 1465 2987 1520 humilius
3024 1464 3185 1526 foret,
3219 1479 3382 1533 quam
3417 1472 3475 1516 ut
3515 1463 3572 1517 in

1997 1557 2234 1611 medium
2267 1557 2591 1622 adducatur,
2627 1556 2722 1612 sed
2767 1558 2814 1612 ei
2870 1565 3050 1610 tamen
3093 1557 3186 1626 qui
3229 1556 3296 1610 de
3329 1555 3571 1608 novitate

1995 1656 2308 1714 accusatur,
2340 1651 2571 1718 perutile
2597 1658 2816 1719 propter
2845 1651 3111 1718 temporis
3155 1648 3568 1716 antiquitatem,

1937 1719 2104 1793 Bhoe
2149 1754 2372 1809 quoque
2419 1755 2567 1792 nunc
2621 1740 2932 1808 adjicimus.
2972 1738 3160 1794 Visum
3201 1749 3284 1792 est
3324 1740 3574 1806 patribus

1998 1832 2236 1897 nostris,
2274 1831 2573 1902 vespertini
2611 1830 2838 1884 luminis
2875 1831 3110 1900 gratiam
3142 1829 3574 1898 haudquaquam
3656 1819 3672 1838 ⁸

1998 1923 2216 1977 silentio
2264 1924 2544 1993 accipere,
2591 1924 2684 1977 sed
2733 1937 2857 1976 mox
2890 1931 2946 1975 ut
2976 1921 3227 1992 apparuit
3261 1937 3421 1991 agere
3451 1936 3574 1991 gra-

2000 2015 2125 2070 tias.
2164 2014 2298 2081 Quis
2339 2023 2520 2071 autem
2569 2014 2735 2070 fuerit
2763 2024 2956 2070 auctor
2984 2016 3199 2068 illorum
3245 2015 3574 2081 verborum,

1998 2121 2120 2174 quae
2166 2106 2428 2160 dicuntur
2473 2107 2527 2159 in
2571 2106 2872 2176 gratiarum
2919 2105 3135 2160 actione
3181 2104 3250 2158 ad
3295 2105 3570 2168 lucernas,

2003 2197 2189 2251 dicere
2245 2213 2354 2251 non
2416 2212 2731 2266 possumus.
2780 2196 3022 2266 Populus
3066 2205 3249 2251 tamen
3289 2198 3574 2266 antiquam

2000 2287 2209 2356 profert
2247 2303 2473 2352 vocem,
2513 2303 2692 2357 neque
2735 2291 2989 2357 cuiquam
3033 2304 3270 2357 unquam
3307 2291 3407 2345 visi
3447 2298 3576 2346 sunt

2001 2379 2335 2447 impietatem
2397 2379 2761 2442 committere,
2817 2380 2912 2450 qui
2978 2380 3204 2446 dicunt,
3265 2380 3574 2434 Laudamus

2005 2467 2220 2522 Patrem
2256 2479 2304 2523 et
2353 2468 2554 2522 Filium
2603 2481 2654 2524 et
2688 2469 2945 2538 Spiritum
2994 2484 3235 2526 sanctum
3267 2473 3384 2530 Dei.
3418 2474 3574 2538 Quod

1999 2558 2046 2611 si
2089 2558 2214 2627 quis
2246 2561 2410 2613 etiam
2465 2561 2614 2613 novit
2658 2560 3028 2632 Athenogenis
3075 2565 3370 2633 hymnum,
3411 2581 3573 2634 quem

1998 2655 2259 2720 tanquam
2286 2652 2508 2720 aliquod
2531 2653 2830 2708 amuletum
2868 2656 3154 2725 discipulis
3185 2657 3300 2711 suis
3327 2657 3575 2726 reliquit,

1998 2742 2269 2799 festinans
2307 2744 2421 2814 jam
2467 2745 2534 2798 ad
2571 2747 3098 2801 consummationem
3146 2763 3240 2817 per
3273 2749 3488 2817 ignem;
3531 2748 3579 2802 is

1998 2835 2155 2887 novit
2186 2843 2240 2889 et
2278 2845 2580 2906 martyrum
2630 2840 2957 2892 sententiam
2991 2838 3058 2894 de
3104 2838 3330 2908 Spiritu.
3369 2839 3432 2893 Et
3462 2839 3579 2894 hate

1997 2923 2218 2992 quidem
2254 2925 2550 2981 hactenus.

2190 3101 2460 3157 Cauerum
2496 3103 2820 3175 Gregorium
2851 3107 3127 3178 Magnum,
3159 3118 3214 3164 et
3245 3111 3392 3168 illius
3415 3127 3577 3170 voces

2001 3207 2114 3261 quo
2163 3193 2284 3248 loco
2311 3196 2546 3264 ponam?
2574 3212 2755 3252 annon
2791 3215 2913 3253 cum
2953 3202 3216 3271 apostolis
3251 3212 3305 3256 et
3341 3205 3577 3274 prophe-

2000 3283 2111 3338 tis?
2140 3286 2315 3339 virum
2347 3287 2440 3356 qui
2470 3288 2660 3343 eodem
2695 3289 2899 3359 Spiritu
2917 3308 3027 3361 quo
3056 3292 3132 3346 illi
3157 3305 3428 3359 versatus,
3453 3295 3576 3364 qui-

2001 3391 2110 3445 que
2141 3384 2460 3432 sanctorum
2484 3379 2732 3450 vestigiis
2765 3397 2860 3450 per
2886 3398 3102 3438 omnem
3137 3387 3302 3438 vitam
3335 3385 3574 3450 inhaesit,

2001 3467 2209 3538 quique
2252 3471 2581 3539 evangelica:
2615 3473 3048 3530 conversationis
3082 3481 3358 3544 vigorem,
3403 3491 3579 3545 quan-

2003 3560 2096 3612 diu
2127 3559 2279 3621 vixit,
2310 3563 2589 3628 praestitit.
2625 3562 2883 3632 Equidem
2931 3565 3034 3618 hoc
3066 3567 3299 3619 dixerim
3329 3585 3341 3620 :
3376 3567 3578 3636 lnjuria

2002 3648 2348 3705 aﬂ'ecerimus
2379 3653 2688 3715 veritatem,
2719 3653 2766 3706 si
2800 3669 2910 3706 non
2939 3657 3178 3707 animam
3210 3655 3357 3709 illam
3400 3673 3580 3710 annu-

2003 3755 2278 3795 meremus
2308 3742 2376 3796 iis
2405 3743 2500 3810 qui
2532 3742 2845 3812 Deojuncti
2877 3754 3026 3809 sunt,
3057 3747 3148 3814 qui
3173 3747 3319 3799 velut
3349 3749 3582 3818 insignis

2005 3843 2308 3900 magnaque
2335 3832 2559 3888 lucerna
2602 3834 2658 3887 in
2691 3836 2936 3890 Ecclesia
2964 3836 3059 3890 Dei
3090 3838 3451 3906 resplenduit,
3487 3841 3580 3910 qui

2003 3937 2034 3976 e
2067 3921 2305 3991 Spiritus
2338 3940 2441 3994 ope
2485 3927 2825 3981 tremendam
2858 3927 3046 3982 habuit
3079 3928 3345 3985 adversus
3373 3931 3579 3986 daemo-

2004 4027 2104 4069 nes
2153 4022 2478 4083 potestatem
2516 4035 2530 4084 ;
2564 4025 2772 4072 tantam
2826 4033 2960 4073 vero
3023 4023 3295 4075 sermonis
3348 4024 3583 4092 gratiam

2006 4115 2294 4176 acceperat
2341 4107 2410 4161 ad
2464 4108 2834 4164 obedientiam
2879 4110 3004 4166 ﬁdei
3063 4111 3207 4166 inter
3257 4123 3479 4184 gentes,
3524 4125 3584 4170 ut

2004 4200 2246 4269 acceptis
2296 4214 2408 4254 non
2458 4203 2582 4272 plus
2631 4203 3024 4272 septemdecim
3076 4203 3406 4262 Christianis
3456 4211 3582 4264 uui~

2006 4306 2226 4345 versum
2273 4294 2536 4364 populum
2569 4301 2624 4348 et
2671 4295 2946 4349 urbanum
2995 4304 3050 4352 et
3098 4299 3442 4356 rusticanum
3491 4319 3586 4374 per

2008 4383 2339 4452 agnitionem
2367 4384 2686 4468 adjunxerit
2717 4385 2851 4442 Deo.
2882 4385 2976 4443 ille
2999 4399 3053 4444 et
3086 4389 3374 4447 ﬂuminum
3412 4409 3585 4465 aquas

2007 4474 2060 4528 in
2093 4474 2368 4530 diversum
2405 4478 2587 4542 vertit,
2620 4481 2946 4551 praecipiens
2976 4481 3086 4538 illis
3135 4485 3189 4538 in
3243 4501 3441 4558 magno
3479 4504 3582 4543 no-

2006 4567 2152 4622 mine
2183 4567 2418 4634 Christi,
2453 4580 2505 4625 et
2551 4572 2806 4642 paludem
2839 4575 3160 4641 exsiccavit,
3195 4577 3320 4632 belli
3357 4594 3580 4635 causam

2007 4659 2333 4725 praebentem
2363 4659 2632 4718 fratribus
2664 4665 2867 4719 avaris.
2900 4665 3167 4722 Caeterum
3197 4669 3583 4735 praedictiones

2005 4743 2074 4799 de
2099 4745 2299 4801 futuris
2334 4748 2605 4816 ejusmodi
2637 4761 2797 4817 sunt,
2827 4762 2887 4807 ut
2917 4755 3090 4809 nihilo
3120 4757 3190 4810 sit
3223 4757 3448 4813 inferior
3477 4776 3582 4816 caa-

2007 4836 2140 4890 teris
2174 4838 2470 4907 prophetis.
2521 4838 2628 4896 Sed
2677 4843 2903 4898 omnino
2932 4845 3248 4915 perlongum
3280 4846 3442 4902 fuerit
3477 4850 3578 4905 viri
3685 4907 3688 4912 _

2009 4942 2335 4997 percensere
2366 4932 2630 4986 miracula
2659 4952 2672 4988 :
2713 4935 2808 5003 qui
2843 4943 3068 5004 propter
3100 4936 3367 4991 donorum
3399 4942 3577 4994 excel-

2006 5018 2226 5073 lentiam
2268 5037 2392 5090 qua:
2433 5022 2489 5076 in
2531 5023 2650 5092 ipso
2692 5026 3023 5094 operabatur
3067 5024 3306 5096 Spiritus
3346 5029 3400 5084 in
3429 5032 3578 5086 omni

2002 5109 2206 5163 virtute
2258 5118 2312 5164 et
2363 5110 2536 5181 signis
2577 5127 2641 5166 ac
2689 5113 2988 5184 prodigiis,
3039 5116 3107 5168 ab
3151 5116 3286 5185 ipsis
3330 5119 3580 5176 veritatis

2006 5200 2254 5256 hostibus
2292 5201 2430 5256 alter
2475 5201 2652 5259 Moses
2819 5207 3219 5276 appellabatur.
3271 5208 3327 5264 In
3362 5218 3575 5269 tantum

2005 5292 2062 5346 in
2099 5291 2194 5346 illo
2223 5292 2280 5345 in
2308 5294 2568 5350 omnibus
2600 5303 2716 5349 tum
2757 5296 2922 5352 dictis
2951 5306 3066 5352 tum
3109 5299 3298 5366 factis,
3329 5317 3450 5372 quae
3486 5321 3584 5376 per

2001 5385 2233 5455 gratiam
2267 5386 2688 5455 peragebantur,
2714 5389 2878 5444 veluti
2911 5390 3090 5445 lumen
3120 5392 3390 5464 quoddam
3416 5397 3579 5453 reful-

2003 5475 2185 5541 gebat,
2234 5474 2473 5530 ctnlestis
2516 5476 2735 5532 virtutis
2771 5477 3055 5546 indicium,
3098 5495 3220 5552 quae
3258 5495 3326 5538 ex
3364 5487 3580 5543 occulto

2006 5567 2385 5624 assectabatur
2437 5568 2802 5639 illum.llujus
2825 5572 3005 5626 adhuc
3041 5572 3340 5628 etiamnum
3380 5585 3578 5643 magna

2007 5673 2088 5716 est
2117 5662 2259 5732 apud
2282 5663 2402 5732 ejus
2437 5661 2676 5732 regionis
2700 5663 2950 5719 homines
2979 5664 3302 5731 admiratio,
3331 5676 3581 5736 novaque
