4036 6210
267 299 382 363 809

1249 303 1619 365 PANOPLIA
1662 307 2117 373 DOGMA'l‘ICA.
2146 339 2216 350 --
2239 317 2382 380 ΤΙΤ.
2427 317 2564 381 XII.

3411 324 3515 386 διο
3570 307 3573 310 ’

273 415 539 487 ἀληθείας
571 419 636 469 ἐκ
665 433 711 468 τν
731 415 761 469 ῦ
795 416 1009 487 Πατρδς
1040 417 1438 490 ἐκπορεύεσθαι
1472 418 1841 488 διδαχθέντες⁴

1956 435 2067 480 tum
2089 428 2403 488 didicimus.
2427 433 2596 489 Porro
2621 448 2745 489 eum
2763 434 3022 503 Spiritum
3043 435 3289 490 veritatis
3305 452 3336 490 a
3353 436 3514 493 Patre

272 509 340 561 ὶκ
365 505 460 560 τοῦ
488 505 622 560 Θεοῦ
654 501 794 559 εἶναι
823 507 1197 577 ὁμολογοῦμεν
1224 508 1517 573 ἀκτίστως.
1551 511 1851 580 Ἀναθεμα-

267 599 444 666 ⁸είζειν
487 598 547 653 δὲ
594 600 699 669 χρὴ
751 600 845 651 καὶ
889 586 1017 662 τοὺς
1062 599 1442 671 λειτουργικδν
1486 600 1747 671 λέγοντας
1790 604 1852 655 to

267 689 499 759 Πνεῦμα
524 688 586 742 τό
618 690 775 755 ἆγιον
794 728 807 750 ,
837 689 912 752 ὠς
944 688 1033 742 διὰ
1063 690 1164 759 τῆς
1193 690 1380 760 φωνῆς
1409 691 1616 761 ταύτης
1643 695 1721 755 εἰς
1750 694 1849 763 τὴν

266 783 364 835 τοῦ
391 782 693 850 κτίσματος
719 781 1137 849 καταγαγόντας
1158 782 1332 848 τάξιν.
1362 782 1444 834 Τά
1469 784 1579 854 γὰρ
1605 783 1851 855 λειτουρο

265 872 405 942 γικὰ
439 870 726 940 πνεύματα
762 872 1035 942 κτίσματι
1075 876 1206 945 ήμῖν
1238 877 1272 944 ἠ
1305 877 1499 949 Γραφὴ
1535 879 1851 949 παρέδωκεν

269 963 541 1029 εἰποῦσα,
575 964 657 1016 ὅτι
691 964 890 1026 πάντες
925 965 1033 1019 εἰσὶ
1066 966 1417 1039 λειτουργικὰ
1452 970 1737 1039 πνεύματα
1771 973 1852 1035 εἰς

268 1056 553 1110 διακονίαν
583 1055 1048 1126 ἀποστελλόμενα.
1077 1058 1175 1112 Διὰ
1204 1059 1260 1113 δὲ
1288 1061 1414 1122 τοὺς
1445 1064 1623 1117 πάντα
1653 1063 1853 1134 φύρον-

270 1165 395 1212 τας,
438 1147 530 1200 καὶ
573 1147 651 1217 μὴ
694 1147 1069 1216 φυλάσσοντας
1104 1150 1205 1223 τὴν
1240 1152 1300 1203 έν
1334 1153 1446 1217 τοῖς
1492 1154 1849 1222 Εύαγγελίοις

269 1239 620 1293 διδασκαλίαν
648 1240 945 1307 ἀναγκαῖόν
973 1243 1093 1295 ἐστι
1125 1244 1218 1295 καὶ
1247 1244 1407 1298 τοῦτο
1439 1245 1854 1315 προδιαστείλα-

269 1328 422 1392 σθαι,
456 1329 540 1382 ὅτι
580 1329 807 1397 φεύγειν
842 1330 926 1384 δεῖ
965 1333 1062 1386 καὶ
1096 1333 1221 1396 τοὺς
1258 1334 1361 1404 τὴν
1397 1335 1743 1402 ἀκολουθίαν,
1782 1335 1850 1407 ἢν

270 1420 589 1493 παρέδωκεν
617 1423 751 1491 ἡμῖν
779 1423 807 1475 ὁ
837 1423 1042 1491 Κύριος
1062 1462 1078 1486 ,
1110 1424 1502 1495 ὲναμείϐοντας
1524 1466 1540 1491 ,
1573 1426 1648 1490 ὡς
1683 1444 1851 1495 φανε-

268 1510 384 1597 ρῶς
414 1510 758 1580 μαχομένους
784 1514 847 1582 τῇ
882 1512 1158 1585 εὐσεϐείᾳ,
1190 1516 1286 1567 καὶ
1316 1515 1444 1569 Υίδν
1477 1517 1577 1586 μὲν
1608 1516 1849 1589 προτάσ-

273 1615 469 1661 σοντας
510 1599 605 1652 τοῦ
652 1601 888 1669 Πατρδς,
933 1600 1064 1653 Υἱοῦ
1114 1601 1170 1653 δὲ
1216 1602 1277 1655 τὸ
1324 1600 1552 1674 Πνεῦμα
1589 1601 1652 1655 τὸ
1697 1601 1851 1669 ἅγιον

1954 521 2248 585 procedere
2275 521 2652 586 didicerimus,
2692 539 2760 579 ex
2785 524 2897 579 Deo
2920 525 3139 593 quidem
3200 541 3345 591 esse,
3401 542 3505 581 non

1952 610 2433 665 tamencreationis
2453 611 2661 665 ratione
2672 613 3016 667 conﬁtentur.
3041 614 3322 668 Exsecrari
3343 614 3510 668 etiam

1951 707 2163 765 oportet
2181 713 2278 754 eos
2315 701 2408 768 qui
2442 699 2705 770 Spiritum
2738 714 2991 758 sanctum
3022 704 3216 759 dicunt
3248 720 3370 760 esse
3402 705 3531 760 mir

1954 789 2348 854 nistratorium,
2384 801 2441 846 ut
2469 807 2591 846 eum
2617 794 2720 848 hoc
2741 795 2907 851 verbo
2939 796 2995 850 in
3038 811 3216 851 rerum
3247 812 3507 865 procrea-

1952 880 2127 934 tarum
2178 881 2428 961 ordinem
2464 884 2732 955 redigant.
2764 887 3181 942 Ministratorios
3222 888 3367 942 enim
3400 889 3514 956 spi-

1953 973 2091 1027 ritus
2138 984 2354 1028 creatos
2417 990 2541 1030 esse
2591 975 2877 1047 Scriptura
2915 993 3017 1033 nos
3074 980 3334 1046 docuit‘,
3391 994 3514 1035 om-

1951 1079 2067 1126 nes.
2106 1064 2380 1134 inquiens,
2404 1081 2528 1123 esse
2557 1068 2986 1125 ministratorios
3017 1071 3242 1139 spiritus
3268 1072 3321 1125 in
3344 1072 3510 1127 mini-

1949 1156 2176 1209 sterium
2208 1157 2423 1213 missos.
2451 1159 2528 1213 Ac
2549 1169 2769 1228 propter
2789 1174 2887 1215 eos
2920 1160 3012 1230 qui
3046 1164 3230 1217 omnia
3253 1163 3508 1228 miscent,

1893 1288 1905 1294 .
1949 1261 2052 1300 nec
2108 1247 2383 1317 Evangelii
2416 1250 2729 1305 doctrinam
2768 1251 3085 1316 observant,
3138 1253 3512 1307 necessarium

1949 1347 2034 1393 est
2082 1339 2295 1395 evillud
2321 1341 2616 1411 explicare.
2678 1342 2990 1413 Fugiendos
3041 1343 3302 1397 nimirum
3341 1345 3507 1399 etiam

1950 1429 2069 1484 illos
2107 1429 2199 1500 qui
2222 1430 2420 1486 seriem
2452 1446 2614 1502 quam
2639 1432 2903 1488 Dominus
2930 1432 3174 1500 tradidit,
3198 1434 3513 1499 immutant,

1949 1538 2074 1578 cum
2142 1524 2432 1594 perspicue
2488 1524 2781 1581 veritatem
2835 1534 3170 1595 oppugnent,
3204 1536 3258 1580 et
3315 1526 3510 1581 Filium

1948 1614 2168 1684 quidem
2205 1624 2333 1671 ante
2358 1614 2578 1671 Patrem
2608 1618 2967 1682 constituant,
2992 1618 3136 1673 Filio
3165 1634 3298 1672 vero
3339 1617 3513 1687 Spiri-

270 1690 652 1761 προτιθέντας.
692 1690 977 1760 Ἀκίνητον
1023 1691 1167 1762 γὰρ,
1220 1692 1315 1746 καὶ
1368 1692 1848 1763 ἀπαρεγχείρητον

1952 1716 2065 1759 tum
2083 1715 2440 1778 anteponant.
2503 1706 2751 1762 Firmum
2784 1707 2932 1763 enim
2950 1717 3003 1764 et
3033 1708 3358 1762 inviolatum
3416 1709 3517 1761 ob-

273 1754 577 1851 φυλάσσειν
609 1781 705 1852 τὴν
737 1754 1066 1836 ἀκολουθίαν
1083 1754 1113 1847 ,1
1132 1754 1199 1854 ἦν
1235 1783 1291 1849 ἐξ
1327 1754 1502 1853 αὐτῆς
1665 1754 1845 1852 ᾦωνῆς
1880 1754 1924 1812 Β

272 1874 369 1928 τοῦ
418 1873 627 1943 Κυρίου
678 1873 1080 1943 παρελάϐομεν,
1129 1874 1398 1938 είπόντος.
1450 1872 1846 1941 Πορευθέντες

266 1965 693 2036 μαθητεύσατε
711 1964 908 2018 πάντα
926 1965 1000 2019 τὰ
1021 1965 1189 2034 ἔθνη,
1206 1964 1601 2031 βαπτίζοντες
1623 1964 1848 2030 αὐτοὺς

269 2060 358 2124 εις
388 2056 456 2110 τὸ
485 2056 810 2125 ὄνομακτοῦ
839 2057 1073 2125 Πατρός
1091 2097 1106 2123 ,
1138 2056 1236 2111 καί
1261 2056 1367 2110 τοῦ
1405 2054 1577 2121 Υίοῦ,
1608 2056 1708 2111 καὶ
1739 2055 1845 2110 τοῦ

272 2151 452 2221 ἁγίου
485 2151 851 2220 Πνεύματος.

277 2311 390 2368 Τοῦ
415 2311 602 2367 αὐτοῦ
628 2310 696 2366 ἐκ
725 2310 829 2365 τοῦ
857 2315 904 2376 γ’
927 2309 1100 2451 πένὲθξο
1104 2308 1403 2433 1,ΙΨ-ὀμιον
1427 2305 1847 2374 ἁντιῤῥητικοῦ

551 2426 575 2451 ι

551 2426 580 2464 κ

342 2538 448 2591 Δύο
625 2534 933 2603 λεγομένων
963 2534 1321 2603 πραγμάτων,
1362 2531 1616 2601 θεότητός
1650 2549 1711 2585 τε
1752 2532 1848 2586 καὶ

266 2629 524 2693 κτίσεως,
542 2626 638 2682 καὶ
665 2626 980 2688 δεσποτείας
1008 2626 1102 2677 καὶ
1123 2623 1385 2685 δουλείας,
1403 2624 1501 2676 καὶ
1523 2620 1848 2692 ἀγιαστικῆς

268 2718 575 2787 δυνάμεως,
624 2716 717 2769 καὶ
756 2714 853 2782 τῆς
879 2712 1261 2782 άγιαζομένης,
1305 2711 1404 2781 τῆς
1449 2730 1510 2765 τε
1548 2710 1848 2778 ὲκᾳύσεως

269 2809 505 2881 ιχούσης
553 2808 651 2879 τὴν
689 2809 893 2877 ἀρετὴν
951 2806 1044 2859 καὶ
1086 2806 1185 2874 τῆς
1233 2808 1298 2858 ἑκ
1334 2807 1702 2875 προαιρέσεως
1753 2822 1850 2859 κα-

266 2899 588 2970 τορθούσης,
625 2899 685 2950 ἐν
715 2897 845 2969 ποίᾳ
883 2896 1061 2966 μερίδι
1114 2896 1175 2948 τὸ
1203 2896 1427 2966 Πνεῦμα
1462 2896 1727 2965 τάξομεν;
1759 2899 1849 2949 Ἐν

263 2993 380 3053 τοῖς
421 2989 837 3058 ἁγιαζομένοιςς
866 2987 984 3041 ἀλλ’
1023 2987 1155 3041 αύτό
1203 2988 1352 3040 ἐστιν
1388 2988 1677 3056 ἁγιασμός.
1706 2991 1847 3043 Ἀλλ’

1950 1810 2172 1852 servare
2200 1797 2469 1852 debemus
2495 1797 2767 1862 ordinem,
2797 1813 3068 1868 quemex
3119 1799 3241 1869 ipso
3293 1799 3504 1855 Domini

1949 1903 2046 1943 ore
2094 1889 2439 1959 percepimus
2483 1888 2717 1946 dicentis
2777 1906 2793 1944 :
2837 1890 3035 1945 Euntes
3079 1890 3347 1960 baptizata
3404 1906 3514 1944 ont-

1950 1992 2040 2031 uca
2093 1986 2271 2046 gentes
2329 1977 2387 2030 in
2418 1977 2625 2033 nomine
2664 1978 2848 2033 Patris
2902 1988 2951 2032 et
3007 1977 3137 2032 Filii
3161 1990 3213 2033 et
3271 1977 3507 2046 Spiritus

1948 2066 2118 2121 sancti
2151 2067 2190 2122 ’.

2024 2307 2271 2379 Ejusdem
2302 2326 2365 2365 ex
2399 2313 2555 2365 tertia
2580 2311 2827 2368 adversus
2857 2312 3174 2367 Eunomium
3209 2313 3467 2367 oratione.

2020 2534 2156 2590 Cum
2188 2549 2275 2592 res
2304 2534 2422 2591 dum
2438 2534 2716 2600 dicantur,
2737 2534 2913 2591 deitas
2952 2545 3008 2591 et
3035 2545 3306 2599 creatura,
3344 2536 3517 2589 domi—

1952 2628 2101 2683 nium
2113 2638 2170 2685 et
2181 2629 2437 2695 servitus,
2462 2631 2698 2700 potentia
2714 2628 3081 2695 sanctiﬁcaus,
3101 2636 3154 2682 et
3171 2643 3291 2697 qua
3306 2630 3515 2683 sancti-

1955 2725 2163 2789 licatur,
2187 2723 2425 2793 potentia
2440 2723 2727 2792 possidens
2743 2732 2934 2792 suapte
2954 2731 3144 2777 natura
3167 2722 3443 2781 virtutem,
3456 2732 3515 2774 et

1953 2830 2074 2884 quae
2103 2828 2223 2869 eam
2252 2829 2319 2869 ex
2349 2815 2579 2871 arbitrio
2611 2824 2925 2885 comparat;
2954 2830 3061 2884 qua
3086 2815 3139 2869 in
3165 2823 3314 2885 parte
3338 2813 3513 2882 Spirio

1953 2883 2066 2957 tum
2080 2903 2419 2959 locabimus?
2448 2903 2593 2960 Inter
2611 2919 2708 2960 eos
2731 2883 2825 2975 qui
2858 2883 3266 2960 sanctiﬁcantur
3281 2883 3309 2955 ἶ)
3319 2912 3373 2956 at
3395 2905 3512 2971 ipse

1950 3004 2036 3050 est
2081 2996 2463 3051 sanctiﬁcatio.
2515 2996 2599 3050 An
2651 2996 2791 3050 inter
2837 3011 2932 3051 eos
2971 2998 3063 3066 qui
3116 2994 3385 3063 prmdat‘is
3441 3009 3506 3048 ac

267 3081 330 3134 ἐν
368 3081 479 3142 τοῖς
503 3078 563 3144 ἐξ
592 3077 1096 3147 ἀνδραγαθημάτων
1141 3077 1242 3146 τὴν
1295 3076 1496 3148 ἀρετὴν
1528 3078 1846 3147 κτομένοιςς

1951 3086 2183 3157 egregiis
2216 3087 2555 3142 facinoribus
2583 3087 2836 3142 virtutem
2878 3086 3054 3154 adepti
3115 3085 3282 3138 sunt?
3321 3093 3377 3139 at
3412 3085 3509 3138 bo-

273 3174 417 3230 ἀλλά
460 3170 617 3240 φύσει
670 3169 818 3223 ἐστὶν
874 3167 1098 3236 ἀγαθόν.
1146 3167 1291 3222 Ἀλλ’
1338 3170 1398 3222 ἐν
1446 3172 1557 3232 τοῖς
1605 3170 1846 3240 λειτουρ-

270 3268 490 3337 γικοίςς
563 3263 681 3318 ἀλλ’
736 3262 898 3333 ἕτερά
961 3262 1069 3314 eiut
1141 3260 1491 3329 λειτουργικὰ
1559 3261 1847 3331 πνεύματα

272 3357 413 3425 πρὸς
456 3353 730 3408 διακονίαν
786 3352 1243 3422 ἀποστελλόμενα.
1296 3352 1372 3407 Ού
1408 3352 1588 3406 τοίνυν
1624 3351 1848 3422 ὀμόδουυ

270 3448 366 3499 λον
423 3447 554 3515 ἡμῖν
613 3444 794 3514 λέγειν
858 3444 992 3498 αὐτὸ
1061 3444 1325 3516 θεμιτὸν,
1396 3442 1457 3497 τδ
1523 3443 1848 3515 ἡγεμονικὸν

271 3541 340 3610 τῇ
389 3541 548 3606 φύσει
576 3574 594 3602 ,
653 3536 779 3591 οὔτε
833 3540 899 3606 τῇ
958 3535 1132 3591 κτίσει
1186 3535 1584 3605 συναριθμιῖν,
1656 3535 1718 3588 τὸ
1779 3538 1845 3605 τῇ

270 3628 395 3699 θείᾳ
446 3629 539 3680 καὶ
585 3625 832 3697 μακαρίᾳ
886 3625 1081 3697 Τριάδι
1135 3624 1659 3694 συναριθμούμενον.
1731 3626 1849 3694 ’Λρ-

275 3712 370 3783 χαὶ
402 3710 501 3779 μὲν
528 3708 657 3782 γάρ,
685 3709 779 3762 καὶ
818 3708 1078 3776 δξουσίαι.
1112 3708 1210 3762 καὶ
1242 3708 1390 3760 πᾶσα
1424 3709 1457 3777 ἡ
1492 3707 1715 3778 τοιαύτη
1749 3706 1867 3761 κτί-

279 3818 385 3863 σις,
416 3800 482 3853 ὲκ
513 3800 786 3872 προσοχῆς
817 3800 911 3852 καὶ
940 3799 1255 3869 ἐπιμελείας
1280 3798 1371 3851 τὸν
1402 3796 1676 3867 ἀγιασμὸν
1714 3796 1866 3866 ἔχου-

280 3909 392 3967 σαι,
420 3892 521 3944 οὐκ
544 3891 611 3944 ἂν
643 3889 867 3954 εἰκότως
892 3889 1051 3959 φύσει
1081 3888 1234 3957 ἆγιαι
1257 3883 1394 3941 εἷναι
1421 3886 1681 3955 λέγοιντο.
1737 3886 1866 3939 Ἐπ-

278 3981 603 4053 ορεγόμεναι
641 3980 750 4051 γάρ
781 3980 877 4033 τοῦ
908 3978 1097 4042 καλοῦ,
1138 3978 1279 4034 κατὰ
1316 3978 1414 4050 τὴν
1450 3976 1739 4045 ἀναλογίαν
1765 3976 1866 4048 τῆς

278 4075 421 4145 πρὸς
450 4075 542 4127 τὸν
567 4073 697 4127 Θεὸν
733 4074 973 4143 ἀγάπης,
1009 4072 1104 4127 καὶ
1138 4070 1233 4126 τοῦ
1260 4070 1459 4142 μέτρου
1489 4069 1586 4140 τῆς
1621 4066 1864 4137 ἁγιωσύ-

276 4180 378 4232 νης
413 4160 910 4232 μεταλαμϐάνουσι.
941 4160 1055 4214 Καὶ
1083 4160 1273 4231 ὥσπερ
1296 4160 1325 4213 ὁ
1359 4158 1598 4230 σίδηρος,
1630 4158 1689 4211 ὲν
1713 4156 1865 4228 μέσῳ

275 4253 357 4324 τῷ
392 4253 528 4323 πυρὶ
564 4253 835 4323 κείμενος.
868 4251 929 4305 τὸ
977 4252 1076 4322 μὲν
1108 4250 1322 4324 σίδηρος
1353 4247 1492 4304 εἶναι
1528 4252 1629 4304 οὐκ
1660 4248 1862 4303 ἀποϐέ-

279 4345 474 4416 ϐληκε,
502 4347 569 4415 τῇ
607 4343 663 4397 δὲ
695 4343 1032 4414 σφοδροτάτῃ
1058 4342 1194 4411 πρὸς
1219 4342 1280 4395 τὸ
1307 4341 1418 4413 πῦρ
1442 4342 1629 4413 ὁμιλίᾳ
1656 4344 1863 4415 ἐκπυρ-

1941 3187 2040 3226 nua
2085 3181 2276 3227 natura
2322 3180 2428 3227 est.
2466 3169 2549 3225 An
2606 3171 2751 3225 inter
2775 3183 2872 3224 eos
2919 3169 3011 3238 qui
3072 3166 3428 3224 ministran
3460 3176 3514 3219 at

1939 3261 2030 3315 alii
2068 3271 2198 3318 sunt
2224 3261 2451 3331 spiritus
2481 3260 2885 3325 ministratorii,
2920 3260 3011 3328 qui
3052 3259 3120 3313 ad
3154 3257 3513 3314 ministerium

1941 3353 2229 3406 mittuntur
2271 3352 2315 3405 ³.
2355 3349 2472 3403 Non
2521 3364 2652 3419 ergo
2691 3349 3045 3419 principalem
3095 3358 3287 3403 natura
3337 3347 3513 3415 Spiri-

1943 3449 2079 3504 tum,
2110 3440 2190 3493 fas
2229 3449 2315 3493 est
2357 3439 2517 3494 nobis
2565 3453 2888 3495 conservum
2945 3439 3152 3502 dicere,
3201 3454 3375 3507 neque
3410 3453 3516 3491 una

1942 3546 2064 3587 cum
2125 3530 2389 3586 creaturis
2443 3544 2731 3586 numerare
2783 3545 2932 3595 eum,
2969 3530 3063 3598 qui
3122 3531 3174 3583 in
3247 3530 3429 3583 divina
3465 3540 3518 3579 et

1942 3622 2099 3677 beata
2115 3620 2380 3676 Trinitate
2408 3621 2614 3690 pariter
2816 3629 3150 3675 muneratur.
3178 3619 3521 3686 Principatus

1943 3712 2088 3767 enim
2113 3721 2168 3765 et
2204 3719 2525 3780 potestates.
2562 3722 2626 3763 ac
2661 3709 2885 3777 reliqua:
2918 3707 3180 3777 ejusmodi
3228 3714 3516 3765 crcatunu,

1943 3817 2063 3870 qua:
2112 3818 2180 3856 ex
2238 3802 2541 3855 attentione
2575 3815 2641 3854 ae
2691 3800 2874 3854 studio
2904 3798 3389 3854 sanctiﬁcationem
3420 3800 3518 3852 ha-

1948 3896 2095 3956 bent,
2120 3892 2221 3946 dici
2258 3903 2448 3946 natura
2478 3901 2681 3945 sancta:
2704 3890 2825 3958 jure
2857 3905 2960 3944 non
2991 3900 3240 3958 possunt.
3276 3891 3346 3942 Ita
3376 3891 3517 3942 enim

1946 3983 2146 4037 bonum
2179 3990 2461 4051 appetunt,
2504 3991 2563 4035 ut
2614 3996 2712 4050 pro
2756 3982 2966 4036 ratione
3010 3982 3213 4035 amoris
3259 3983 3312 4035 in
3349 3981 3517 4033 Deum

1946 4075 2053 4136 sui,
2083 4073 2391 4128 sanctitatis
2439 4086 2749 4127 mensuram
2788 4072 3079 4141 accipiant.
3115 4073 3179 4126 Et
3211 4074 3367 4126 sicuti
3417 4074 3523 4124 [ιτς

1950 4178 2067 4217 runt
2119 4164 2171 4217 in
2232 4164 2408 4218 medio
2448 4163 2570 4232 igne
2612 4166 2869 4232 positum,
2914 4164 3117 4217 ferrum
3155 4164 3373 4232 quidem
3405 4180 3523 4218 esse

1948 4269 2056 4309 non
2111 4253 2333 4317 desinit,
2386 4254 2481 4311 sed
2546 4255 2615 4309 ob
2672 4255 3205 4309 vehementissimam
3238 4270 3363 4309 cum
3399 4255 3521 4313 igne

1947 4345 2387 4415 eonjttnctioncm
2442 4346 2673 4417 ignitum
2718 4347 2943 4408 tacitum,
3000 4360 3328 4410 omnemque
3383 4345 3524 4414 ignis

279 4433 569 4497 ακτωθεὶς,
602 4434 693 4487 καὶ
723 4435 903 4486 πᾶσαν
940 4434 1019 4495 είς
1051 4431 1240 4487 ἑαυτὸν
1265 4432 1363 4504 τὴν
1420 4431 1514 4485 τοῦ
1558 4432 1728 4506 πυρὸς
1760 4433 1856 4502 φύ‹

1954 4446 2200 4489 naturam
2254 4434 2308 4489 in
2363 4450 2423 4490 se
2460 4435 2634 4503 ipsum
2673 4435 2961 4504 recipiens,
2998 4444 3110 4489 tum
3170 4434 3377 4498 colore,
3415 4445 3525 4487 tum

280 4541 368 4578 σιν
400 4523 816 4592 ὑποδεξάμενος,
854 4523 947 4577 καὶ
983 4520 1235 4592 χρώματι
1262 4521 1357 4575 καὶ
1387 4522 1606 4594 ὲνεργίᾳ
1633 4522 1770 4593 πρὸς
1800 4523 1863 4577 τὸ

279 4612 395 4684 πῦρ
424 4612 796 4684 μεταϐέϐηκεν
816 4628 828 4639 ’
860 4611 1000 4666 οὕτω
1027 4612 1120 4667 καὶ
1146 4613 1202 4664 αἱ
1226 4611 1378 4681 ἅγιαι
1398 4612 1657 4685 δυνάμεις
1678 4615 1742 4666 ὲκ
1764 4614 1864 4684 τῆς

277 4705 422 4776 πρὸς
453 4704 513 4758 τὸ
542 4705 700 4773 φύσει
740 4705 893 4771 ἅγιον
930 4703 1215 4766 κοινωνίας
1258 4702 1322 4756 δι’
1351 4703 1480 4774 ὅλης
1519 4704 1619 4774 τῆς
1654 4704 1862 4759 ἑαυτῶν

276 4797 637 4860 ὑποστάσεως
678 4795 1029 4866 κεχωρηκότα
1058 4796 1160 4867 1ήδη
1209 4794 1304 4848 καὶ
1340 4795 1862 4866 συμπεφυσιωμένον

274 4889 373 4945 τὸν
432 4888 701 4962 ἀγιασμὸν
754 4887 955 4957 ἔχουσι.
1011 4886 1255 4956 Διαφορὰ
1304 4885 1363 4938 δὲ
1411 4887 1600 4950 αὑταῖς
1628 4886 1762 4958 πρὸς
1801 4887 1863 4940 τὸ

276 4979 510 5050 Πνεῦμα
555 4980 616 5032 τὸ
649 4979 803 5047 ἅγιον
835 4978 995 5048 αὕτη,
1026 4979 1109 5031 ὅτι
1144 4977 1222 5047 τῷ
1253 4977 1352 5049 μὲν
1378 4976 1540 5046 φύσις
1566 4979 1599 5048 ἡ
1627 4977 1863 5046 ἁγιωσύ-

275 5088 369 5144 νη,
409 5071 528 5133 ταῖς
579 5069 636 5123 δὲ
680 5072 744 5122 ὲκ
785 5068 1073 5139 μετουσίας
1116 5067 1351 5138 ὑπάρχει
1391 5066 1453 5119 τὸ
1499 5065 1858 5135 ἀγιάζεσθαι.

274 5159 377 5226 Οἷς
400 5162 459 5216 δὲ
488 5154 881 5215 ὲπίσκευαστδν
916 5160 1009 5213 καὶ
1050 5157 1312 5228 ἑτέρωθεν
1342 5156 1715 5228 ὲπιδεδομένον
1755 5159 1863 5213 ὑπο

274 5254 438 5325 άρχει
493 5251 555 5305 τὸ
617 5250 839 5319 ἀγαθὸν,
897 5249 998 5320 τῆς
1057 5248 1412 5319 μεταπτωτῆς
1468 5249 1576 5301 εἰσι
1625 5247 1860 5317 φύσεως.

270 5345 353 5399 Ού
387 5342 497 5414 γὰρ
519 5340 583 5395 ἂν
611 5341 869 5407 ἐξέπεσεν
911 5343 939 5394 ὁ
981 5340 1289 5411 Ἐωσφόρος
1327 5342 1355 5393 ὁ
1390 5339 1536 5411 πρωῒ
1729 5341 1857 5395 ἁνα-

270 5435 501 5503 τὲλλων,
530 5433 653 5488 οῦτε
685 5433 973 5505 συνετρίϐη
1004 5433 1094 5485 ἐπὶ
1125 5433 1222 5503 τῆς
1258 5433 1381 5503 γῆς,
1418 5434 1468 5486 εί
1501 5432 1657 5501 φύσει
1685 5433 1865 5504 ὑπῆρ-

270 5543 341 5599 χε
395 5526 490 5581 τοῦ
538 5526 779 5601 χείρονος
828 5524 1197 5588 ἁνεπίδεκτος.
1244 5525 1367 5589 Πῶς
1407 5521 1499 5579 οὖν
1539 5524 1758 5589 εὐσεϐὲς
1794 5526 1860 5595 τῇ

332 5690 348 5721 ¹
387 5685 547 5741 Ιίιιιιτ.
594 5703 654 5744 ιι.
686 5687 773 5741 14.
852 5689 874 5720 ³
911 5684 1101 5740 Matth.
1142 5701 1340 5750 xthtt,
1378 5684 1465 5740 19.

584 5807 852 5865 ιἈτ-ιιοι..
899 5806 1019 5864 Gn.
1064 5803 1323 5864 CXXX.

1951 4525 2187 4580 eﬂicacia
2219 4525 2269 4579 in
2312 4524 2487 4593 ignem
2520 4526 2752 4580 transit:
2777 4526 2856 4581 sic
2880 4534 2937 4580 et
2973 4535 3177 4580 sancta:
3223 4532 3528 4595 potestates

1953 4631 2020 4671 ex
2051 4615 2541 4671 communicatione
2569 4631 2731 4686 quam
2758 4618 2957 4672 habent
2988 4631 3111 4671 cum
3142 4631 3207 4671 eo
3241 4617 3333 4683 qui
3372 4626 3527 4669 natu-

1957 4724 2015 4764 ra
2052 4717 2275 4764 sanctus
2298 4718 2406 4774 est,
2433 4708 2699 4778 ejusmodi
2730 4707 3151 4762 sanctimoniam
3184 4706 3377 4759 habent
3412 4720 3529 4772 qua:

1949 4800 2060 4870 jam
2112 4801 2412 4870 pervaserit
2471 4815 2567 4870 per
2619 4808 2785 4854 totam
2835 4814 3022 4853 earum
3062 4797 3440 4860 substantiam,
3475 4796 3528 4848 in

1956 4907 2133 4958 eaque
2168 4891 2457 4947 coaluerit.
2489 4890 2622 4959 Ipsa:
2656 4896 2835 4943 autem
2875 4888 2928 4941 in
2950 4901 3015 4941 eo
3046 4902 3076 4939 a
3109 4893 3297 4940 sancto
3327 4884 3528 4953 Spiritu

1958 4980 2237 5047 ουτοι-ηιμ,
2296 4982 2440 5050 quod
2501 4980 2660 5050 hujus
2717 4989 2910 5035 natura
2962 4977 3226 5034 sanctitas
3262 4986 3349 5031 est
3379 4994 3394 5029 :
3427 4976 3529 5029 illis

1962 5087 2089 5130 vero
2119 5090 2187 5130 ex
2222 5073 2635 5143 participatione
2695 5072 2839 5126 inest
2895 5068 3282 5126 sanctimonia.
3322 5068 3530 5134 Quibus

1961 5173 2140 5219 autem
2176 5165 2318 5217 inest
2339 5163 2539 5216 bonum
2574 5160 2993 5215 instauratitium
3023 5168 3079 5213 et
3110 5157 3327 5210 aliunde
3361 5154 3528 5208 colla-

1963 5265 2097 5315 tum,
2129 5268 2190 5308 ea
2225 5262 2349 5307 sunt
2375 5252 2650 5307 mutabilis
2685 5263 2909 5306 ttatnrze.
2958 5249 3074 5306 Non
3119 5249 3261 5304 enim
3301 5248 3531 5303 excidis-

1962 5355 2042 5397 set
2068 5344 2302 5407 Lucifer,
2331 5344 2421 5413 qui
2456 5356 2615 5397 mane
2668 5344 2842 5397 oritur
2881 5348 2927 5407 ⁵,
2963 5357 3063 5397 nec
3110 5348 3252 5395 esset
3300 5339 3351 5392 in
3392 5348 3530 5392 terra

1965 5436 2252 5499 contritus,
2294 5435 2340 5489 si
2384 5434 2670 5487 deterioris
2725 5428 3402 5503 contlitionisyecipieudae
3428 5445 3529 5482 non

1969 5526 2159 5580 fuisset
2190 5542 2358 5596 capax
2399 5533 2612 5581 natura.
2660 5523 2941 5591 Quomodo
2978 5522 3144 5591 igitur
3177 5521 3321 5591 pium
3347 5531 3431 5576 cst
3458 5522 3538 5589 in-

1545 5686 1562 5714 ³
1593 5683 1758 5739 lleltr.
1793 5698 1827 5746 ι,
1856 5681 1946 5735 id.
2027 5684 2047 5713 ⁸
2076 5681 2177 5736 lsa.
2211 5698 2323 5745 τις,
2375 5681 2455 5734 l2.

3105 5798 3184 5857 26
