4036 6210
527 310 628 377 811

1745 306 2133 368 ΕΠἸἪΥΜΙΙ
2169 308 2531 372 ZIGABENI

3677 315 3796 380 812

531 457 614 502 ter
657 454 952 501 creaturas.
986 445 1246 516 Spiritum
1304 444 1593 507 collocare,
1652 445 1742 513 qui
1808 447 2098 505 intervallo

2206 467 2376 520 κτίσει
2399 464 2529 516 αὐτὸ
2554 461 2886 522 συντάττειν,
2932 456 3171 527 τοσούτῳ
3207 456 3388 527 μέτρῳ
3431 455 3795 526 διωρισμένον

535 547 685 592 tanto
717 553 746 590 a
772 536 1046 592 creaturis
1081 546 1365 606 separatus
1397 536 1518 591 est?
1555 538 1814 592 Ureatura
1845 543 1990 595 enim
2026 545 2098 596 ita

2206 555 2300 624 τῆς
2328 553 2556 614 κτίσεως
2579 567 2594 615 ;
2640 549 2704 601 ’Π
2728 548 2826 619 μὲν
2852 546 2960 616 γὰρ
2992 547 3166 610 κτίσις
3192 546 3435 614 πέφυκεν
3462 539 3622 596 ἆθλον
3651 561 3793 616 προ-

530 639 844 698 comparata
875 637 976 692 est,
1019 638 1076 681 ut
1108 629 1152 682 si
1194 641 1541 696 progressum
1602 627 1835 696 aliquem
1892 632 2101 700 fecerit,

537 720 903 790 placueritque
957 719 1085 783 Deo,
1137 733 1236 789 pro
1302 721 1554 774 mercede
1618 721 2102 778 sanctificationem

2208 733 2342 804 σμὸν
2368 733 2586 802 ἔχουσα,
2613 728 2770 799 φύσει
2802 727 2857 780 δὲ

538 809 790 878 accipiat,
827 809 1261 879 quandoquidem
1314 809 1482 865 libero
1525 811 1693 866 utitur
1724 812 1971 874 arbitrio,
2008 830 2103 883 po-

540 908 748 966 testque
779 897 832 950 in
865 907 1149 968 utramque
1189 907 1400 968 partem
1449 900 1720 965 inclinari,
1760 902 1826 954 ad
1869 902 1994 955 boni
2045 917 2108 956 ac

537 989 664 1044 mali
708 987 1063 1058 electionem;
1101 991 1336 1062 Spiritus
1371 1003 1551 1048 autem
1605 1005 1824 1048 sanctus
1870 993 1989 1049 fons
2027 1006 2109 1050 est

534 1081 998 1136 sanctificationis.
1055 1083 1122 1137 Et
1149 1084 1598 1152 quemadmodum
1649 1093 1838 1137 natura
1887 1096 2109 1140 sanctus

534 1181 620 1227 est
649 1171 834 1240 Pater,
857 1183 1050 1228 natura
1086 1174 1270 1229 itidem
1294 1183 1515 1229 sanctus
1542 1185 1624 1229 est
1649 1173 1816 1228 Filius
1844 1177 1952 1230 :ita
1979 1194 2110 1245 qun-

537 1277 644 1332 que
690 1263 926 1334 Spiritus
961 1265 1052 1320 ille
1096 1265 1339 1320 veritatis
1378 1274 1569 1319 natura
1622 1276 1841 1320 sanctus
1868 1278 1988 1331 est;
2037 1269 2108 1322 ob

541 1355 703 1426 idque
734 1361 968 1411 donatus
992 1364 1076 1412 est
1109 1357 1272 1411 etiam
1298 1355 1472 1412 sancti
1522 1355 1902 1426 appellatione,
1939 1373 2110 1428 eaque

539 1448 793 1515 peculiari
829 1461 892 1502 ac
927 1449 1159 1517 propria.

707 1535 912 1604 Itaque,
947 1536 990 1590 si
1039 1535 1301 1590 sanctitas
1332 1535 1381 1590 el
1418 1546 1607 1591 natura
1639 1544 1745 1599 est,
1772 1534 1930 1589 sicuti
1962 1535 2105 1590 Patri

540 1637 594 1680 et
622 1624 784 1692 Filio,
813 1631 1085 1696 quomodo
1113 1629 1288 1680 tertiae
1328 1637 1392 1680 ac
1421 1627 1610 1680 aliena:
1641 1635 1848 1680 natura:
1879 1626 2002 1680 est?
2028 1626 2109 1682 Ob

2205 643 2380 713 κοπῆς
2432 641 2524 694 καὶ
2576 640 2673 709 τῆς
2717 638 2852 710 πρὸς
2901 636 3032 690 Θεὸν
3067 637 3478 708 εὐαρεστήσεως
3513 635 3604 687 τὸν
3627 636 3791 704 ἀγια⁶

3027 727 3288 798 χρωμένη
3319 725 3668 796 αὐτεξουσίῳ,
3694 727 3797 780 καὶ

2210 823 2572 894 μεταῤῥέπειν
2638 820 2722 888 ἐφ’
2781 819 3016 888 ἑκάτερα
3071 817 3377 887 δυναμένη,
3435 817 3573 886 πρὸς
3641 818 3798 871 ὲκλο-

2207 916 2310 985 γὴν
2364 913 2458 966 τοῦ
2508 911 2713 980 ἀγαθοῦ
2771 911 2866 963 καὶ
2925 909 3019 962 τοῦ
3054 909 3325 979 χείρονος·
3362 909 3421 960 τὸ
3461 909 3517 961 δὲ
3567 909 3800 980 Πνεῦμα

2208 1009 2270 1060 τὸ
2307 1006 2458 1074 ἆγιον
2494 1002 2642 1074 πηγὴ
2678 1001 2972 1072 ἀγιασμοῦ.
3015 999 3123 1052 Kal
3150 1000 3338 1071 ὥσπερ
3372 1000 3532 1069 φύσει
3569 1001 3726 1068 ἅγιος
3769 1005 3800 1054 6

2211 1097 2416 1169 Πατὴρ,
2473 1097 2568 1151 xal.
2615 1093 2772 1164 φύσει
2815 1094 2969 1162 ἅγιος
3014 1094 3041 1145 ὁ
3071 1092 3218 1156 Υἱὸς,
3266 1093 3406 1145 οὓτω
3436 1091 3597 1162 φύσει
3638 1093 3800 1161 ἅγιον

2211 1193 2305 1245 καὶ
2368 1190 2426 1242 τὸ
2472 1185 2697 1257 Πνεῦμα
2745 1185 2806 1237 τὸ
2867 1184 2966 1255 τῆς
3010 1181 3307 1255 ἀληθείας·
3361 1184 3441 1236 διὸ
3500 1183 3594 1236 καὶ
3646 1183 3802 1248 ἐξαι-

2216 1281 2372 1352 ρέτου
2428 1280 2523 1333 καὶ
2565 1277 2872 1346 ίδιαςούοης
2925 1277 3024 1346 τῆς
3079 1274 3172 1329 τοῦ
3211 1275 3366 1344 ἁγίου
3424 1277 3805 1348 προσηγορίας

2216 1371 2464 1440 ἠξίωται.

2370 1547 2431 1599 El
2462 1541 2554 1599 οὖν
2592 1544 2750 1614 φύσις
2798 1543 2946 1615 αὖτῷ
2997 1546 3024 1597 6
3073 1544 3344 1614 ἀγιασμός
3387 1546 3554 1608 ἐστιν,
3609 1545 3804 1618 ὥσπερ

2215 1635 2390 1706 Πατρὶ
2427 1634 2521 1688 καὶ
2545 1632 2683 1705 Υίῷ,
2719 1633 2838 1698 πῶς
2871 1633 3060 1706 τρίτης
3237 1635 3356 1688 ἐστὶ
3383 1638 3478 1689 καὶ
3510 1637 3806 1707 ἀλλοτρίας

547 1713 600 1767 id
628 1714 798 1779 enim,
827 1715 1041 1783 opinor,
1069 1723 1124 1768 et
1151 1714 1293 1783 apud
1319 1713 1509 1768 Isaiam
1541 1715 1707 1767 etiam
1739 1715 2000 1783 scriptum
2029 1722 2111 1770 est

2206 1712 2420 1782 φύσεως
2443 1727 2458 1776 ;
2485 1712 2583 1765 Διά
2611 1712 2771 1765 τοῦτο
2809 1714 2940 1784 γὰρ,
2967 1709 3143 1784 οἶμαι,
3171 1714 3266 1768 καὶ
3301 1717 3450 1786 παρὰ
3481 1717 3560 1786 τῷ
3599 1717 3807 1790 ἰισαῖα

536 1801 823 1872 Seraphin:
868 1813 954 1859 ter
987 1813 1206 1859 sanctus
1245 1804 1550 1859 exclamare
1575 1805 1594 1836 ί
1625 1841 1640 1867 ,
1674 1805 1814 1873 quod
1855 1806 2116 1862 naturalis

538 1894 798 1949 sanctitas
846 1895 1022 1950 tribus
1077 1896 1130 1950 in
1175 1895 1555 1967 hypostasibus
1603 1898 1948 1967 perspicitur.
2003 1898 2115 1953 Nec

539 1997 664 2039 vero
689 1984 790 2040 hoc
818 1987 1133 2043 sanctitatis
1167 2002 1361 2043 nomen
1401 1989 1450 2042 ci
1482 1988 1654 2043 solum
1702 2003 1990 2045 commune
2029 1999 2115 2044 est

527 2090 660 2131 cum
713 2076 874 2134 Patre
908 2089 962 2132 et
989 2078 1152 2144 Filio,
1187 2081 1280 2135 sed
1317 2081 1426 2150 ipsa
1458 2090 1538 2134 est
1568 2082 1730 2134 etiam
1773 2081 1995 2149 spiritus
2019 2096 2114 2150 ap-

537 2165 774 2233 pellatio.
831 2167 971 2222 Deus
1013 2169 1158 2223 enim
1207 2178 1282 2222 est
1327 2170 1578 2235 spiritus;
1614 2177 1664 2223 et
1703 2185 1788 2222 eos
1817 2171 1908 2239 qui
1941 2171 2112 2237 ipsum

536 2258 783 2322 adorant,
812 2262 866 2312 in
893 2261 1084 2328 spiritu
1113 2270 1162 2313 et
1212 2261 1431 2314 veritate
1475 2261 1699 2313 adorare
1733 2270 1933 2328 oportet
1980 2263 2018 2304 ³-
2046 2260 2114 2315 Ει

540 2348 798 2416 propheta
823 2350 899 2404 ait
925 2363 940 2402 :
969 2349 1203 2418 Spiritus
1231 2361 1350 2403 ante
1390 2349 1580 2418 faciem
1612 2360 1845 2404 nostram
1870 2350 2113 2405 Christus

539 2436 818 2503 Dominus,
846 2439 937 2492 ubi
973 2440 1206 2494 diximus
1236 2453 1256 2492 :
1281 2438 1349 2493 In
1393 2440 1577 2493 umbra
1617 2439 1823 2494 alarum
1856 2441 2018 2511 ipsius
2037 2443 2114 2496 oi-

537 2541 713 2578 vemas
761 2525 804 2580 ³.
831 2526 973 2594 Quin
1005 2538 1060 2583 et
1091 2528 1386 2598 Apostolus
1435 2530 1848 2600 appellationem
1891 2531 2114 2600 spiritus

536 2616 590 2668 in
619 2614 905 2672 Dominum
943 2621 1226 2687 transfert,
1256 2635 1381 2676 cum
1421 2621 1552 2676 dicit
1581 2639 1596 2676 :
1628 2621 1892 2676 Dominus
1934 2633 2112 2676 autem

535 2707 754 2774 spiritus
780 2716 858 2763 est
903 2711 946 2764 ⁵.
980 2713 1055 2766 lix
1087 2711 1172 2766 his
1199 2722 1380 2768 autem
1421 2712 1641 2767 cuilibet
1670 2723 2003 2783 compertum
2030 2721 2114 2767 est

538 2812 602 2852 ac
633 2807 996 2868 perspectum,
1027 2817 1131 2857 non
1163 2812 1376 2858 natura
1417 2802 1826 2870 alienationem,
1857 2805 1953 2859 sed
1979 2819 2111 2858 con-

531 2884 866 2954 junctionem
894 2905 1018 2946 cum
1045 2891 1208 2948 Patre
1234 2901 1288 2949 et
1330 2893 1470 2949 Filio
1504 2908 1602 2963 per
1639 2895 1917 2950 nominum
1964 2909 2114 2950 com-

542 2979 958 3037 municationem
1019 2987 1459 3042 commonstrari.
1510 2987 1576 3042 Et
1620 2985 1764 3043 Deus
1811 2987 1988 3042 dictus
2029 2995 2116 3044 est

538 3075 732 3141 bonus,
764 3085 820 3133 et
849 3087 934 3134 est
963 3095 978 3133 :
1015 3081 1188 3138 bonus
1212 3090 1390 3139 autem
1415 3094 1572 3141 estet
1596 3084 1834 3154 Spiritus
1864 3092 2106 3149 sanctus,

538 3168 836 3229 bonitatem
864 3173 1074 3230 habens
1100 3190 1208 3231 non
1243 3178 1621 3244 adventitiam,
1654 3179 1748 3235 sed
1782 3187 1974 3232 natura
2009 3177 2112 3233 sibi

538 3261 802 3321 innatam.
830 3265 1044 3338 Alioqui
1072 3267 1238 3324 fuerit
1279 3270 1521 3326 omnium
1566 3270 2038 3334 absurdissimum,
2065 3269 2110 3324 si

537 3354 660 3422 quia
683 3356 828 3412 dicat
850 3373 974 3414 eum
1185 3361 1278 3432 qui
1301 3353 1502 3417 natura
1523 3373 1744 3418 sanctus
1761 3372 1866 3427 est,
1903 3362 2114 3417 bonita-

537 3451 643 3500 tem
705 3457 893 3503 natura
943 3463 1050 3506 non
1106 3453 1331 3519 habere,
1395 3454 1489 3508 sed
1525 3454 1812 3522 quamdam
1857 3455 2110 3522 deinceps

535 3542 1031 3607 supervenientem,
1061 3543 1220 3613 eique
1249 3543 1551 3599 forinsecus
1577 3547 1941 3601 accedentem.
1971 3544 2108 3610 Quin

535 3629 702 3683 etiam
746 3644 869 3686 cum
925 3632 1186 3689 Dominus
1223 3634 1361 3690 dixit
1393 3653 1407 3690 :
1436 3634 1550 3706 Ego
1581 3635 1771 3706 rogabo
1801 3634 2032 3700 Putrem,
2059 3645 2111 3690 et

533 3719 697 3774 alium
735 3719 1075 3779 Puracletum
1108 3727 1253 3780 dabit
1300 3727 1440 3782 vobis
1481 3729 1529 3796 ',
1559 3736 1615 3784 et
1656 3729 1770 3798 ipse
1799 3727 2110 3785 Paracletus

537 3822 722 3867 noster
749 3828 868 3869 esse
905 3818 1235 3873 ostenditur.
1276 3819 1455 3886 Quare
1484 3820 1739 3890 paracleti
1775 3836 1988 3892 quoque
2014 3836 2110 3892 ap-

537 3901 752 3969 pellatio
806 3917 911 3957 non
965 3920 1154 3975 parum
1200 3910 1265 3963 atl
1330 3912 1808 3965 demonstrandam
1873 3912 2109 3980 Spiritus

533 3996 702 4050 sancti
735 3995 1068 4065 majestatem
1106 3999 1332 4054 confert.

712 4176 774 4228 Et
829 4177 1047 4229 nomina
1093 4177 1309 4242 quidem
1359 4194 1478 4248 qua:
1518 4180 1853 4250 maiestatem
1902 4191 2109 4237 natura

2200 1807 2269 1858 ’ιά
2297 1801 2549 1874 Σεραφὶμ
2572 1802 2754 1872 τρίτον
2784 1803 3058 1857 meum
3081 1803 3142 1856 τὸ
3165 1803 3326 1873 ἅγιος
3349 1806 3796 1876 ἀναγέγραπται,

2201 1892 2284 1947 ὅτι
2314 1895 2372 1946 ὲν
2396 1892 2541 1964 τρισὶ⁸
2573 1895 2694 1956 ταῖς
2713 1891 3076 1946 ὕποστάσεσιν
3105 1895 3132 1946 6
3155 1893 3298 1947 κατά
3331 1893 3492 1964 φύσιν
3525 1897 3799 1967 ἁγιασμὸς

2203 1980 2506 2054 Θεωρεϊται.
2553 1981 2628 2036 Οὐ
2661 1979 2820 2033 τοῦτο
2852 1981 2907 2034 δὲ
2935 1982 3094 2051 μόνον
3128 1982 3278 2053 αὐτῷ
3307 1984 3486 2036 κοινὸν
3516 1985 3654 2055 πρὸς
3682 1986 3797 2039 Πα-

2199 2073 2334 2144 τέρα
2361 2072 2453 2126 καὶ
2478 2072 2605 2124 Υίδν
2631 2072 2694 2125 τὸ
2722 2071 2824 2142 τῆς
2849 2073 3158 2143 ἁγιωσύνης
3188 2074 3379 2146 ὄνομα,
3406 2075 3543 2129 ἀλλά
3571 2077 3668 2130 καὶ
3697 2079 3798 2130 αὖ·

2202 2165 2269 2235 τὴ
2321 2167 2352 2236 ἡ
2400 2165 2492 2218 τοῦ
2547 2164 2854 2234 πνεύματος
2913 2166 3271 2236 προσηγορΞα.
3317 2168 3564 2238 Πνεῦμα
3602 2170 3713 2241 γὰρ
3760 2174 3796 2224 ὁ

2206 2254 2373 2322 Θεὸς,
2406 2255 2502 2308 καὶ
2527 2255 2669 2320 τοὺς
2689 2257 3187 2323 προσκυνοῦντας
3218 2257 3405 2311 αὐτὸν
3427 2260 3496 2312 ἐν
3524 2262 3796 2330 πνεύμα-

2203 2366 2259 2402 τι
2308 2347 2407 2402 καὶ
2452 2348 2704 2415 ἀληθείᾳ
2734 2346 2830 2400 δεῖ
2865 2348 3250 2416 προσκυνεῖν.
3288 2351 3396 2403 Καὶ
3435 2352 3463 2404 ὁ
3507 2355 3797 2423 προφήτης

2205 2437 2369 2507 φησί’
2407 2435 2649 2502 Πνεῦμα
2677 2437 2789 2503 πρὸ
2825 2435 3150 2504 προσώπου
3333 2439 3501 2508 ἡμῶν
3536 2441 3797 2508 Χριστὸς

2203 2528 2420 2594 Κύριος
2439 2569 2452 2586 .
2481 2522 2554 2582 οὗ
2584 2528 2864 2595 εἴπαμεν·
2913 2529 3016 2580 Ἐν
3039 2527 3115 2594 τῇ
3143 2527 3292 2594 σκιᾷ
3334 2529 3453 2583 τῶν
3483 2532 3800 2601 πτερύγων

2203 2618 2388 2672 αὑτοῦ
2423 2617 2735 2687 ζησόμεθα.
2771 2619 2881 2672 Καὶ
2913 2619 2943 2671 6
2981 2610 3302 2684 Ἀπόστολος
3344 2621 3444 2692 τὴν
3491 2622 3585 2674 τοῦ
3626 2624 3794 2676 πνεύ-

2209 2726 2378 2780 ματος
2404 2709 2776 2781 προσηγορίαν
2805 2709 2900 2762 ἐπὶ
2929 2709 3020 2763 τὸν
3046 2711 3250 2782 Κύριον
3277 2711 3536 2783 ἀναφέρει
3574 2711 3755 2781 λέγων
3777 2730 3794 2745 ο

2218 2803 2280 2854 '0
2301 2799 2370 2853 δὲ
2390 2800 2608 2868 Κύριος
2636 2801 2704 2854 τὸ
2737 2800 2974 2870 πνεῦμὰ
3000 2801 3190 2856 ἐστιν.
3237 2803 3332 2856 Ἐκ
3351 2803 3408 2856 δὲ
3428 2803 3634 2857 τούτων
3659 2821 3800 2858 παν-

2204 2892 2259 2944 τὶ
2287 2890 2466 2962 δῆλον,
2498 2891 2580 2944 ὅτι
2605 2891 2724 2962 οὐχὶ
2752 2890 3107 2963 ἀλλοτρίωσιν
3274 2893 3375 2964 τῆς
3403 2893 3640 2963 φύσεως,
3674 2894 3797 2948 ἀλλ’

2205 2982 2478 3036 οίκείωσιν
2503 2981 2640 3054 πρὸς
2667 2983 2757 3036 τὸν
2788 2983 3009 3054 Πατέρα
3049 2984 3142 3037 καὶ
3176 2984 3305 3038 Υίὸν
3331 2986 3365 3055 ἡ
3401 2985 3656 3038 κοινωνία
3684 2985 3798 3036 τῶν

2205 3073 2482 3145 ὀνομάτων
2532 3074 2852 3146 παρίστησι.
2905 3076 3016 3129 Καὶ
3063 3075 3268 3143 ἀγαθὸς
3310 3077 3340 3128 6
3371 3075 3498 3141 Θεὸς
3547 3077 3792 3147 εἴρηται,

2205 3166 2300 3219 καὶ
2327 3165 2474 3218 ἐστιν
2497 3182 2512 3196 ο
2545 3166 2749 3234 ἀγαθὸν
2787 3166 2844 3218 δὲ
2884 3165 2979 3219 καὶ
3016 3166 3076 3220 τὸ
3117 3167 3343 3238 Πνεῦμα
3381 3167 3443 3220 τὸ
3479 3167 3656 3236 ἅγιον,
3691 3169 3795 3222 οὐκ

2205 3258 2606 3329 ὲπισκευαστὴν
2635 3257 2757 3328 ἕχον
2784 3257 2884 3329 τὴν
2918 3257 3252 3329 ἀγαθότητα,
3306 3258 3422 3312 ἀλλ’
3461 3261 3526 3312 ὲκ
3574 3260 3795 3328 φύσεως

2204 3347 2353 3419 αὑτῷ
2385 3349 2853 3420 συνυπάρχουσαν.
2886 3349 2958 3402 Ἦ
2990 3349 3208 3404 πάντων
3240 3349 3307 3404 ἂν
3330 3350 3415 3421 εἴη
3445 3349 3794 3419 ἀλογώτατον

2203 3439 2265 3492 τὸ
2290 3438 2450 3509 φύσει
2483 3440 2636 3509 ἆγιον
2662 3440 2735 3511 μὴ
2765 3441 2923 3510 φύσει
2951 3441 3127 3510 λέγειν
3155 3442 3254 3513 τὴν
3284 3440 3604 3513 ἀγαθότητα
3631 3443 3782 3512 ἔχειν,

2203 3529 2318 3585 ἀλλ’
2334 3532 2589 3602 ὲπιγεννη
2599 3533 2830 3603 ματικὴν
2999 3534 3092 3586 καὶ
3118 3532 3315 3599 ἔξωθεν
3341 3533 3778 3606 προσγεγενημέ-

2203 3638 2302 3694 νην
2325 3621 2491 3692 αὐτῷ.
2538 3623 2625 3676 Ἐν
2647 3615 2692 3690 ᾧ
2721 3623 2780 3676 δὲ
2803 3619 2956 3676 εἶπεν
2981 3624 3011 3676 6
3029 3624 3232 3693 Κύριος
3263 3625 3366 3690 ὅτι,
3413 3625 3557 3694 Ἐγὼ
3579 3623 3788 3693 ἐρωτή-

2203 3729 2294 3768 σω
2340 3713 2446 3768 τὸν
2488 3713 2740 3783 Πατέρα,
2799 3717 2895 3770 καὶ
2929 3716 3123 3770 ἄλλον
3168 3717 3566 3785 Παρακλητον
3612 3717 3792 3770 δώσει

2203 3805 2366 3874 ὑμῖν,
2386 3804 2481 3858 καὶ
2506 3805 2670 3867 αὐτὸς
2701 3801 2839 3859 εἶναι
2869 3805 3224 3878 Παράκλητος
3252 3807 3409 3877 ἡμῶν
3435 3807 3792 3863 ἐνδείκνυται.

2207 3897 2370 3949 Ὥστε
2413 3897 2509 3950 καὶ
2538 3896 2686 3967 ὴτοῦ
2722 3898 3072 3969 παρακλήτου
3113 3900 3452 3971 προσηγορία
3492 3901 3556 3952 οὐ
3596 3902 3793 3972 μικρὸν

2209 3988 2346 4058 πρὸς
2379 3985 2654 4052 ἀπόδειξιν
2846 3989 2944 4059 τῆς
2970 3987 3127 4058 δόξης
3156 3987 3252 4040 τοῦ
3282 3989 3438 4055 ἁγίου
3472 3988 3795 4060 Πνεύματος

2208 4077 2474 4131 συντελεῖ.

2365 4169 2474 4223 Καὶ
2507 4169 2574 4222 τὰ
2602 4170 2698 4240 μὲν
2725 4169 2968 4241 ὀνόματα
2994 4168 3217 4222 τοιαῦτα
3239 4170 3331 4222 τοῦ
3366 4170 3658 4241 μεγαλείου
3694 4171 3796 4240 τῆς

536 4265 798 4333 indicant,
831 4277 958 4321 sunt
992 4270 1257 4335 ejusmodi
1292 4273 1678 4339 :opcrationes
1712 4287 1842 4328 vero
1870 4273 2107 4343 Spiritus

2206 4263 2422 4332 φύσεως
2446 4263 2750 4317 ἐνδεικτικά
2769 4280 2782 4292 ⁸
2815 4263 2869 4316 αἱ
2900 4263 2955 4316 δὲ
2995 4263 3266 4334 ἐνέργειαι
3295 4262 3389 4316 τοῦ
3425 4263 3582 4331 ἁγίου
3622 4263 3795 4318 ΙΙνεὺ-

540 4359 709 4412 sancti
757 4358 985 4426 quales?
1033 4359 1201 4415 Verbo
1232 4360 1465 4430 Domini,
1513 4363 1706 4432 inquit,
1746 4363 1863 4418 caeli
1907 4363 2108 4433 ﬁrmati
2208 4371 2376 4424 ματος

2504 4349 2648 4418 aiat;
2680 4353 2765 4418 Τῷ
2791 4356 2953 4424 λόγῳ
2982 4354 3088 4409 τοῦ
3117 4355 3357 4422 Κυρίου,
3388 4355 3575 4425 φησιν,
3604 4359 3660 4408 οι
3693 4358 3792 4409 οὐ·

534 4459 674 4510 suut,
700 4460 746 4502 et
773 4447 974 4517 Spiritu
1021 4453 1126 4504 oris
1173 4452 1287 4523 ejus
1320 4455 1487 4507 omnis
1541 4454 1701 4508 virtus
1735 4471 1916 4508 eorum
1955 4455 1999 4508 ⁸.
2038 4452 2108 4510 Ut

2206 4448 2372 4519 par-oi
2411 4445 2880 4515 ἐστερεώθησαν,
2935 4445 3034 4498 καί
3074 4444 3153 4511 τῷ
3177 4447 3476 4514 Πνεύματι
3515 4446 3621 4499 τοῦ
3650 4447 3792 4498 σεό·

538 4538 696 4603 igitnr
737 4537 878 4593 Dens
929 4539 1161 4592 Verbum
1218 4550 1432 4594 creator
1465 4552 1546 4594 est
1593 4543 1874 4607 ctelornm,
1929 4542 2002 4594 ita
2054 4547 2108 4595 et

2206 4555 2390 4610 ματος
2415 4538 2599 4592 αὑτοῦ
2629 4537 2796 4592 πᾶσα
2833 4539 2870 4604 ἡ
2898 4535 3148 4606 δύναμις
3172 4535 3389 4590 αὐτῶν.
3433 4537 3521 4599 Ὠς
3549 4537 3722 4589 τοίνυν
3761 4539 3790 4589 6

531 4629 766 4697 Spiritus
790 4641 1011 4684 sanctus
1041 4630 1292 4684 stabilem
1335 4645 1396 4685 ac
1427 4632 1634 4684 lirlnant
1669 4632 1921 4686 virtutem
1954 4641 2107 4698 pote—-

531 4720 759 4775 statibus
793 4719 1111 4774 cmlastibus
1153 4720 1414 4789 impertit.
1448 4719 1516 4773 Et
1541 4735 1729 4773 rursus
1758 4719 1860 4774 Job
1888 4737 1902 4774 :
1937 4718 2108 4785 Spiri-

532 4823 614 4864 tus
657 4811 890 4874 Domini,
937 4813 1029 4881 qui
1067 4811 1187 4880 fecit
1226 4828 1309 4869 me
1341 4814 1362 4848 "
1399 4829 1412 4865 :
1443 4827 1551 4866 non
1596 4813 1664 4867 de
1705 4815 1996 4878 creatione,
2047 4821 2107 4870 ut

532 4905 788 4970 arbitror,
825 4906 924 4957 sed
960 4907 1027 4958 de
1063 4904 1312 4958 humanm
1357 4905 1576 4958 virtutis
1619 4905 1950 4974 perfemioue
1991 4907 2102 4960 dis-

532 5011 738 5052 serens.
773 4997 911 5062 Quin
949 4999 1110 5050 etiam
1150 4999 1372 5064 loquens
1415 4999 1578 5052 Isaias
1611 5013 1678 5050 cx
1714 4998 1926 5052 Domini
1979 5013 2107 5067 per-

532 5104 683 5150 sona,
726 5089 976 5142 videlicet
1006 5091 1300 5142 secundum
1329 5091 1444 5157 ejus
1472 5091 1859 5144 humanitatem
1883 5105 1894 5139 :
1923 5090 2106 5143 Domi-

533 5196 651 5244 nus,
688 5179 884 5248 inquit,
920 5180 1063 5232 misit
1094 5197 1193 5241 me,
1227 5189 1276 5232 et
1307 5178 1536 5247 Spiritus
1567 5181 1680 5248 ejus
1727 5178 1770 5235 ⁸.
1802 5179 1868 5234 Et
1891 5196 2104 5232 rursum

533 5270 771 5340 Spiritus
833 5270 1090 5323 virtutem
1155 5271 1405 5323 universa
1465 5270 1766 5338 pervasisse
1828 5270 2107 5324 declarans

534 5362 816 5430 psalmus:
845 5359 964 5426 Quo
1011 5362 1115 5423 ibo,
1155 5361 1347 5425 inquit,
1383 5380 1412 5413 (ι
1461 5360 1658 5429 Spiritu
1717 5372 1829 5427 tuo,
1870 5372 1915 5414 et
1947 5378 2049 5426 quo
2076 5378 2105 5414 α

537 5452 670 5522 {acie
711 5461 802 5504 tua
843 5450 1042 5519 fugiant
1084 5449 1144 5502 οἳ
1174 5448 1548 5504 Beueticentiae
1576 5462 1756 5506 autem
1802 5465 1921 5521 qua:
1951 5453 2017 5506 ab
2043 5466 2106 5504 eo

606 5631 625 5662 ί
662 5630 766 5685 lsa.
803 5647 879 5696 νι,
911 5629 967 5684 ’5.
1045 5627 1247 5685 'Joan.
1277 5646 1348 5695 tv,
1380 5629 1469 5683 24.
1551 5630 1570 5661 ⁸
1594 5628 1799 5683 Thren.
1839 5645 1911 5692 tv,
1947 5630 2036 5684 20.

541 5699 559 5729 ⁷
587 5696 687 5754 Job
715 5715 906 5763 xuii],
932 5699 985 5754 4.
1065 5697 1206 5753 Ἰειι.
1243 5716 1430 5767 ιιι-ιιι,
1466 5701 1554 5754 i6.
1633 5703 1651 5732 ³
1687 5698 1831 5755 Psal.
1865 5714 2135 5769 cxxxvm,

2205 4632 2336 4694 Θεὸς
2369 4631 2542 4699 Λόγος
2572 4629 2901 4700 δημιουργός
2933 4631 3048 4682 ἐστι
3084 4628 3191 4681 τῶν
3223 4628 3490 4700 οὐρανῶν,
3525 4628 3670 4680 οὕτω
3697 4630 3794 4680 καὶ

2204 4723 2265 4778 τὺ
2302 4723 2524 4795 Πνεῦμα
2560 4723 2619 4776 τὸ
2651 4723 2804 4791 ἅγιον
2831 4722 2892 4775 τὸ
2925 4721 3140 4793 στερεὸν
3172 4723 3265 4774 καὶ
3310 4721 3507 4789 πάγιον
3536 4722 3634 4792 τῆς
3661 4722 3794 4790 ἀρε-

2205 4816 2305 4886 τῆς
2441 4807 2736 4886 παρέχεται
2765 4817 2885 4877 ταῖς
2916 4815 3194 4885 οὐρανίαις
3225 4814 3506 4884 δυνάμεσι.
3547 4815 3656 4866 Καὶ
3689 4816 3797 4867 πά-

2205 4909 2288 4961 λιν
2315 4910 2344 4962 6
2378 4907 2496 4960 Ἰώὸ
2521 4925 2533 4938 ·
2570 4906 2812 4975 Πνεῦμα
2860 4908 3082 4972 Κυρίου
3121 4906 3186 4959 τὸ
3228 4906 3498 4974 ποιῆσάν
3533 4923 3646 4975 με’
3695 4907 3798 4958 οὐκ

2206 5003 2300 5054 ἐπὶ
2343 5000 2442 5070 τῆς
2475 4999 2854 5071 δημιουργίας,
2901 4999 2974 5061 ὡς
3005 4993 3180 5068 οἶμαι,
3220 4998 3334 5051 ἀλλ’
3379 4998 3470 5052 ἐπὶ
3522 4999 3623 5068 τῆς
3656 5000 3796 5051 κατᾶ

2205 5094 2305 5163 τὴν
2355 5092 2697 5164 ἀνθρωπείαν
2753 5090 2952 5160 ἀρετὴν
3017 5088 3348 5152 τελειώσεως
3398 5090 3594 5159 λέγων.
3636 5091 3694 5142 Ὁ
3739 5090 3799 5142 δὲ

2218 5187 2444 5248 Ἡσαΐας
2471 5187 2534 5237 ἐκ
2566 5181 2857 5254 προσώπου
2887 5181 3094 5250 Κυρίου
3124 5179 3528 5250 διαλεγόμενος,
3568 5181 3710 5233 κατὰ
3736 5182 3798 5232 τὸ

2208 5277 2546 5350 ἀνθρώπινον
2577 5273 2741 5328 αὐτοῦ
2769 5273 3032 5344 δηλονότι,
3078 5274 3294 5340 Κύριος
3324 5272 3675 5326 ἀπέσταλκέ
3699 5289 3794 5340 με,

2209 5371 2361 5442 φησὶ,
2424 5370 2520 5422 καί
2554 5368 2620 5420 τὸ
2650 5366 2890 5435 Πνεῦμα
2923 5365 3133 5420 αὑτοῦ.
3171 5366 3283 5416 Kal.
3317 5365 3480 5418 πάλιν
3510 5367 3537 5416 ὁ
3564 5362 3797 5432 ψαλμὸς.

2209 5462 2274 5516 δι’
2319 5463 2455 5515 ὅλων
2493 5459 2867 5530 κεχωρηκέναι
2913 5459 3140 5527 δύναμιν
3190 5457 3283 5509 τοῦ
3313 5457 3628 5528 Πνεύματος
3663 5473 3802 5524 παρ-

2117 5631 2202 5716 δμ
2235 5633 2360 5686 (lor.
2414 5648 2493 5696 ιιι,
2545 5632 2627 5686 l7.
2706 5631 2907 5689 'Joau.
2949 5649 3057 5696 xiv,
3089 5635 3178 5693 16.
3256 5635 3277 5667 ⁵
3311 5637 3462 5694 Psal.
3515 5654 3694 5706 xuii,
3753 5636 3806 5688 ϐ.

2174 5719 2216 5757 Ι.
