4030 6222
221 296 347 362 817

1154 294 1531 360 PANOPLIA
1574 296 2035 359 DOGMATICA.
2066 324 2133 335 —
2158 296 2304 360 TIT.
2344 296 2478 362 XII.
2536 378 2543 385 _

3373 301 3482 366 813

227 425 674 497 ἐφαπ).ούμενον,
712 426 808 479 καὶ
853 427 1028 498 περᾷν
1072 426 1173 497 μὲν
1215 425 1309 481 τὸν
1355 427 1559 498 μεταξὺ
1592 428 1696 499 γῆς
1728 429 1818 483 καὶ

1916 428 2087 482 locum
2126 428 2268 483 inter
2311 437 2511 489 terram
2561 436 2618 485 et
2659 428 2853 486 uelum
2896 430 3324 489 intercedentem
3377 451 3471 504 pe-

227 516 470 589 οῦρανοῦ
502 517 688 583 τόπον,
720 515 872 586 αὐτῷ
899 533 961 570 τε
996 516 1354 588 προσϐάλλειν
1381 518 1460 590 τῷ
1488 518 1704 591 οὐρανῷ
1734 537 1823 573 το-

231 608 418 679 σούτῳ
439 609 595 680 τάχει
610 608 956 680 κινούμενον,
986 608 1127 662 ὥστε
1149 611 1207 663 εν
1233 609 1333 680 τσῳ
1356 610 1533 682 χρόνῳ
1557 611 1620 665 τό
1641 629 1699 665 τε
1729 629 1825 665 πε-

232 700 552 772 ρικείμενον
580 700 743 771 σῶμα
764 739 781 764 ,
815 700 1064 762 καὶτοὺς
1102 702 1161 753 ὲν
1201 701 1414 772 οὐρανῷ
1451 702 1689 775 ἀστέρας
1725 719 1824 755 κα·-

229 790 703 861 ταμανθάνεσθαι.
735 792 848 845 Καὶ
871 790 925 844 τί
952 790 1035 844 δεῖ
1058 790 1227 845 τᾶλλα
1258 791 1437 860 λέγειν
1479 809 1495 857 ;
1664 793 1822 847 Ἀλλά

230 882 383 936 αὖτά
408 880 479 936 τὰ
503 881 599 936 τοῦ
644 881 736 936 νοῦ
779 883 1076 954 κινήματα,
1123 882 1353 954 πότερον
1389 882 1655 954 κτίζεινῆ
1697 900 1822 953 γεν-

231 976 337 1044 νᾷν
365 974 608 1042 πέφυκεν
651 975 686 1044 ἡ
715 972 892 1044 ψυχὴ,
922 973 1006 1038 τίς
1037 973 1105 1027 ἂν
1137 974 1380 1044 ἀκριϐῶς
1413 975 1589 1039 εἴπόι;
1623 974 1687 1027 Τί
1727 970 1821 1028 οὖν

234 1063 556 1134 θαυμαστὸν
600 1064 696 1118 καὶ
745 1064 873 1136 περὶ
905 1064 999 1118 τοῦ
1041 1064 1200 1134 ἁγίου
1236 1065 1554 1136 Πνεύματος
1598 1066 1822 1120 ἀνεπαι-

237 1155 488 1226 σχύντως
519 1157 668 1227 ἡμᾶς
714 1155 814 1226 τὴν
863 1156 1085 1225 ἄγνοιαν
1132 1154 1452 1227 ὀμολογεῖν;
1501 1156 1600 1228 τὴν
1640 1157 1822 1227 μέντοι

235 1248 653 1318 ἀναντιρρήτως
694 1246 845 1318 αὐτῷ
883 1248 1481 1319 προσμαρτυρουμένην
1518 1247 1822 1317 δοξολογίαν

237 1339 590 1406 ἀποδιδόναις
630 1340 751 1394 ’Ότι
796 1340 897 1411 μὲν
943 1339 1053 1411 γὰρ
1097 1340 1239 1411 ὑπὲρ
1287 1340 1385 1411 τὴν
1427 1341 1604 1394 κτίσιν
1652 1341 1821 1403 ἐστὶν,

239 1428 446 1493 ἱκανῶς
478 1431 611 1500 ἡμῖν
642 1430 938 1501 παρίστησι
970 1431 1041 1485 τά
1067 1431 1156 1485 διά
1185 1431 1295 1485 τῶν
1327 1432 1559 1504 Γραφῶν
1591 1432 1820 1504 παραδι-

243 1520 449 1591 δόμενα
499 1551 518 1578 ι
665 1522 852 1592 ἐπειδή
904 1539 970 1591 γε
1016 1523 1277 1579 ἀδύνατον
1321 1523 1423 1594 τῆς
1470 1523 1640 1594 αὐτῆς
1683 1519 1823 1577 εἶναι

245 1611 467 1682 φύσεως
498 1612 559 1666 τό
590 1630 650 1665 τε
682 1612 909 1682 ἁγιάζον
952 1615 1048 1668 καὶ
1085 1614 1156 1669 τὰ
1183 1612 1545 1684 ἀγιαζόμενα,
1584 1613 1646 1666 τὸ
1676 1613 1824 1668 διδά·

245 1718 378 1755 σκον
418 1702 513 1755 καὶ
557 1701 626 1757 τὰ
672 1702 1057 1774 διδασκόμενα,
1097 1703 1161 1757 τὸ
1191 1702 1574 1758 ἀποκαλύπτον
1619 1704 1714 1758 καὶ
1754 1702 1824 1757 τὰ

242 1791 344 1860 τῆς
369 1790 770 1862 ἀποκαλύψεως
795 1791 1184 1863 προσδεόμενα.
1227 1791 1541 1863 ’Δγέννητον
1567 1791 1625 1845 δὲ
1649 1790 1822 1855 οὐδεὶς

240 1880 417 1945 οὕτως
445 1880 549 1946 ἔξω
582 1882 859 1947 παντελῶς
891 1885 1008 1937 ἐστι
1046 1883 1142 1937 τοῦ
1176 1885 1412 1954 φρονεῖν,
1445 1882 1585 1937 ὥστε
1615 1883 1819 1955 τολμῆ-

245 1989 335 2026 σαι
364 1973 553 2045 ἕτερον
582 1974 721 2045 πλὴν
748 1974 842 2028 τοῦ
876 1973 1010 2028 Θεοῦ
1043 1973 1152 2028 τῶν
1180 1975 1316 2029 ὅλων
1351 1975 1823 2046 προσαγορεῦσαι,

242 2063 379 2117 ἀλλά
412 2064 521 2136 μὴν
555 2065 677 2118 οὐδὲ
710 2065 859 2131 Υίὺν,
890 2064 968 2138 τῷ
993 2065 1090 2118 ἕνα
1117 2061 1258 2119 εἶναι
1289 2065 1382 2119 τὸν
1420 2066 1726 2135 Μονογενῆ.
1755 2065 1821 2118 Τί

241 2148 335 2207 οὖν
362 2154 497 2207 αὐτὸ
518 2155 622 2225 χρὴ
647 2153 832 2208 καλεῖν
876 2174 891 2222 ;
1026 2154 1253 2225 Πνεῦμα
1267 2157 1445 2224 ἀγιον,
1472 2155 1567 2210 καὶ
1596 2155 1822 2226 Πνεῦμα

241 2242 405 2306 Θεοῦ,
448 2243 542 2297 καί¹
572 2243 793 2313 Πνεῦμα
844 2243 1122 2314 ἀληθείας,
1163 2243 1622 2315 ἀποστελλόμενον
1668 2242 1821 2315 παρά

239 2333 399 2398 Θεοῦ,
425 2333 513 2387 διὰ
544 2332 671 2386 Υἱοῦ
701 2332 1127 2405 χορηγούμενον,
1158 2334 1219 2387 ού
1263 2333 1468 2397 δοῦλον,
1497 2332 1611 2387 ἀλλ’
1640 2333 1819 2401 ἅγιον,

237 2422 465 2492 ἀγαθὸν.
521 2424 845 2494 ἡγεμονικόν
869 2441 885 2456 ο
944 2423 1170 2494 Πνεῦμα
1223 2422 1540 2488 ζωοποιοῦν,
1593 2422 1818 2493 Πνεῦμα

240 2514 534 2577 υἱοθεσίας,
567 2514 927 2585 ἐπιστάμενον
953 2515 1131 2569 πάντα
1162 2515 1232 2569 τά
1258 2514 1353 2568 τοῦ
1384 2514 1541 2570 Θεοῦ.
1568 2512 1724 2568 Οὕτω
1751 2513 1817 2586 δὴ

239 2611 334 2663 καὶ
371 2610 430 2662 έν
616 2612 682 2679 τῇ
725 2606 914 2679 Τριάδι
956 2610 986 2661 ὁ
1013 2608 1113 2677 τῆς
1157 2607 1383 2680 μονάδος
1420 2608 1818 2679 διασωθήσεται

231 2700 416 2768 λόγος,
446 2700 543 2752 ἕνα
574 2699 673 2770 μὲν
706 2699 927 2770 Πατέρα
954 2699 1379 2770 ὁμολογούντων,
1409 2699 1504 2754 καὶ
1530 2699 1627 2753 ενα
1659 2698 1816 2766 Υἱὺν,

234 2790 336 2843 καὶ
365 2788 425 2842 ἓν
456 2787 678 2859 Πνεῦμα
710 2789 887 2856 ἅγιον.

403 2881 700 2950 Κομίζουσι
727 2881 785 2934 δὲ
807 2879 1134 2945 ἀποδείξεις,
1169 2878 1309 2950 πρὸς
1336 2877 1401 2933 τὺ
1429 2879 1639 2949 κτίσμα
1664 2877 1819 2950 εἶρῆ·”

237 2972 370 3024 σθαι
398 2972 459 3024 τὸ
487 2972 710 3042 Πνεῦμα
733 2970 794 3024 τὸ
817 2971 994 3040 ἀγιον,
1023 2970 1151 3041 μίαν
1195 2970 1292 3040 μὲν
1324 2971 1390 3023 ἐκ
1413 2969 1508 3023 τοῦ
1535 2969 1815 3041 προφήτου

238 3060 517 3128 λέγοντοςο
548 3060 603 3112 Ὀ
628 3059 888 3127 στερεῶν
900 3059 1190 3127 βροντὴν,
1213 3057 1315 3113 καί
1331 3055 1540 3118 κτίζὶυν
1559 3056 1814 3127 πνεῦμα*

1910 537 2118 591 neti-et,
2153 527 2262 580 imo
2306 527 2374 580 ad
2407 527 2581 595 ipsum
2613 526 2810 581 caelum
2860 531 3141 598 perveniat
3164 570 3178 591 .
3215 540 3475 603 tantaque

1908 626 2190 671 moveatur
2217 616 2526 682 celeritate,
2563 625 2623 671 ut
2654 617 2853 687 aequali
2908 632 3154 687 tempore
3187 630 3242 675 et
3274 616 3494 689 corpus»

1910 706 2371 775 circumpositum,
2394 714 2450 760 et
2476 706 2644 761 stella:
2676 722 2798 776 qua:
2834 708 2887 760 in
2919 707 3060 762 cmlo
3096 718 3244 775 sunt,
3275 726 3472 780 cogno-
3574 744 3575 747 η
3610 694 3615 698 ’

1909 807 2153 853 scantur.
2187 798 2253 852 Et
2283 798 2411 867 quid
2454 798 2651 852 attinet
2681 798 2888 867 reliqua
2921 799 3135 853 dicere?
3172 799 3285 853 lino
3332 803 3490 869 ipsos

1912 889 2109 944 mentis
2135 898 2309 943 motus
2339 903 2526 943 creare
2552 904 2619 942 an
2645 902 2903 959 generare
2928 888 3101 944 soleat
3138 891 3478 961 anima,quis

1910 986 2060 1034 certo
2093 979 2283 1033 dicat?
2311 978 2449 1045 Quid
2485 980 2653 1047 igitur
2692 981 2813 1034 miri
2864 980 3048 1044 fuerit,
3082 981 3127 1034 si
3164 996 3379 1050 quoque
3412 983 3477 1037 de

1911 1069 2112 1138 Spiritu
2139 1080 2330 1125 sancto
2364 1071 2501 1125 citra
2534 1071 2790 1124 ruborem
2820 1072 3184 1139 ignorantiam
3214 1074 3478 1127 contitea-

1910 1176 2055 1224 mur,
2088 1170 2143 1216 et
2174 1170 2353 1216 tamen
2384 1160 2837 1232 gloriﬁcationem
2862 1201 2876 1226 ,
2907 1177 3028 1231 qua:
3077 1161 3126 1215 ei
3169 1164 3497 1225 testimonio-

1911 1250 2111 1305 invieto
2161 1251 2438 1317 tribuitur,
2489 1252 2907 1320 pet-solvamus?
2959 1253 3169 1308 Etenim
3222 1269 3340 1323 quae
3385 1272 3485 1323 per,

1912 1346 2224 1418 Seripturas
2300 1350 2612 1411 traduntur,
2677 1362 2741 1402 ea
2802 1347 2979 1416 ipsum
3049 1360 3211 1415 supra
3264 1340 3493 1400 cream?

1911 1454 2027 1495 ram
2057 1454 2179 1495 esse
2212 1441 2346 1496 satis
2395 1441 2548 1495 nobis
2590 1441 3004 1501 demonstrant,
3035 1437 3499 1507 quandoquidem,

1913 1529 2030 1585 ﬁeri
2071 1545 2178 1586 non
2207 1539 2403 1601 potest,
2454 1538 2513 1584 ut
2554 1529 2607 1583 id
2638 1531 2783 1599 quod
2812 1528 3140 1591 sanetilicat,
3167 1534 3222 1581 et
3266 1542 3328 1583 ea
3360 1544 3487 1595 quae

1915 1624 2344 1685 sanctilicantttr,
2375 1622 2425 1675 id
2456 1623 2601 1691 quod
2630 1623 2823 1685 docet,
2855 1630 2911 1674 et
2942 1634 3005 1674 ea
3044 1635 3165 1688 quae
3198 1621 3478 1683 docentur,

1918 1714 1972 1769 id
2000 1714 2141 1783 quod
2188 1713 2410 1777 revelat,
2455 1721 2511 1766 et
2538 1727 2617 1765 ea.
2652 1728 2773 1781 qua:
2830 1710 3158 1765 revelatione
3217 1711 3478 1779 indigent,

1917 1803 2157 1873 ejusdem
2207 1804 2316 1858 siut
2369 1813 2611 1857 natum..
2663 1802 2831 1856 Nemo
2888 1811 3068 1855 autem
3121 1801 3202 1856 sic
3256 1817 3482 1872 prorsus

1914 1897 2138 1950 demens
2187 1905 2297 1959 est,
2343 1905 2403 1948 ut
2444 1895 2608 1949 alium
2654 1904 2852 1964 praeter
2894 1894 3062 1950 Deum
3103 1895 3479 1947 universorum

1914 1988 2110 2042 audeat
2166 1986 2462 2057 ingenitum
2518 1986 2826 2056 appellare,
2899 1994 2953 2038 at
3019 1999 3195 2054 neque
3248 1985 3496 2048 Filium,

1914 2078 2058 2148 quod
2104 2094 2242 2133 unus
2283 2078 2355 2132 sit
2407 2076 2745 2147 Unigenitus.
2805 2076 3086 2143 Quomodo
3134 2076 3298 2143 igitur
3356 2092 3499 2129 enim.

1914 2168 2094 2221 vocari
2142 2169 2394 2239 oportet?
2435 2168 2699 2238 Spiritum
2735 2178 2983 2221 sanctum
3012 2206 3027 2231 ,
3065 2166 3327 2235 Spiritum
3363 2166 3477 2226 Dei.

1917 2255 2180 2324 Spiritqu
2230 2258 2496 2320 veritatis,
2552 2258 2643 2326 qui
2688 2256 2923 2309 tnittitur
2970 2272 2999 2309 a
3054 2255 3187 2321 Deo,
3224 2256 3480 2325 suppedi-

1918 2353 2058 2402 tatur
2084 2362 2180 2416 per
2211 2346 2406 2402 Filium
2443 2365 2457 2401 :
2492 2361 2597 2400 non
2637 2361 2890 2411 servum,
2929 2346 3025 2399 sed
3065 2355 3311 2399 sanctum
3340 2389 3353 2409 ,
3386 2344 3484 2397 bu-

1916 2452 2065 2503 num,
2096 2436 2474 2506 principalem,
2501 2435 2762 2506 Spiritum
2794 2434 3181 2501 viviﬁcantem,
3213 2434 3487 2504 Spiritum.

1915 2527 2243 2595 adoptionis,
2274 2529 2515 2582 omnium
2545 2542 2667 2598 qum
2696 2527 2786 2581 Dei
2810 2536 2937 2582 sunt
2958 2541 3207 2595 gnarum.
3238 2526 3332 2581 Sic
3362 2542 3479 2595 pro-

1916 2618 2057 2675 fecto
2086 2618 2138 2672 in
2174 2617 2442 2674 Trinitate
2483 2617 2898 2673 conservabitur
2934 2617 3159 2671 unitatis
3200 2618 3339 2669 ratio
3364 2656 3379 2678 ,
3430 2618 3474 2669 si

1916 2724 2081 2763 unum
2110 2708 2347 2773 Patrem,
2387 2723 2551 2762 unum
2590 2706 2808 2771 Filium,
2840 2722 3006 2762 unttm
3038 2706 3299 2777 Spiritum
3345 2723 3472 2761 san-

1916 2809 2062 2856 ctum
2087 2798 2466 2855 conﬁteantur.

2076 2889 2330 2944 Jamvero
2358 2887 2589 2944 afferunt
2615 2897 2935 2956 argumenta
2962 2926 2977 2949 .
3009 2887 3210 2956 quibus
3249 2886 3478 2939 demono

1916 2990 2093 3039 streut
2126 2981 2386 3051 Spiritum
2412 2990 2658 3034 sanctum
2684 2981 2886 3035 dictum
2918 2979 3085 3033 fuisse
3118 2986 3427 3032 creaturam
3462 2993 3483 3029 :

1916 3092 2080 3130 unum
2113 3074 2330 3145 quidem
2362 3089 2426 3128 ex
2456 3073 2715 3144 propheta
2744 3073 2988 3127 dicente:
3011 3071 3115 3135 Qui
3137 3071 3312 3137 ﬁrmat
3345 3069 3481 3122 tonio
3578 3043 3583 3061 ’

238 3147 438 3219 ἑτέραν
465 3147 522 3200 δὲ
548 3147 648 3219 τὴν
673 3151 739 3202 ὲκ
764 3147 858 3202 τοῦ
886 3147 1215 3217 Εὑαγγελίου
1249 3147 1354 3211 ὅτι,
1386 3145 1589 3201 Πάντα
1608 3145 1684 3198 δι’
1711 3146 1818 3199 αὐ-

1917 3144 2913 3231 truum.etcreatspirituni‘:alterum
2990 3168 3121 3209 vero
3189 3170 3256 3208 ex
3316 3160 3486 3213 Evan-

237 3239 349 3295 τοῦ
374 3232 633 3301 ἐγένετο.
672 3232 861 3301 Ἡμεῖς
886 3232 946 3285 δὲ
964 3232 1057 3285 τὸν
1076 3233 1414 3304 προφητικὸν
1435 3234 1593 3301 λόγον
1614 3232 1717 3285 οὐκ
1741 3233 1823 3295 είς

233 3327 307 3380 τὸ
357 3324 582 3397 Πνεῦμα
619 3324 681 3378 τὺ
718 3325 892 3393 ἅγιον,
942 3325 1062 3379 ἀλλ’
1112 3327 1192 3389 εἰς
1241 3326 1342 3397 τὴν
1392 3323 1575 3394 κοινὴν
1618 3323 1821 3395 ταύτην

238 3417 442 3488 πνοὴν.
481 3416 544 3469 τὸ
579 3414 675 3470 τοῦ
713 3416 873 3487 ἀέρος
926 3414 1164 3486 πνεῦμα,
1216 3414 1560 3484 πεπείσμεθα
1608 3414 1815 3485 φέρειν.

235 3505 410 3574 Δῆλον
450 3504 508 3558 δὲ
539 3503 768 3558 ἐκεῖθεν.
800 3504 876 3557 Οὐ
910 3502 1019 3574 γὰρ
1049 3501 1222 3567 εἶπεν,
1264 3504 1321 3557 Ὀ
1344 3503 1539 3564 κτίσας
1580 3500 1816 3571 πνεῦμα,

235 3593 357 3647 ἀλλ’
404 3593 456 3644 Ὀ
491 3590 696 3652 κτίζων
726 3590 981 3660 πνεῦμα.
1026 3592 1111 3653 Ὠς
1143 3590 1251 3662 γὰρ
1296 3594 1329 3662 ὴ
1380 3590 1576 3661 βροντὴ
1623 3590 1724 3643 οὐκ
1761 3591 1818 3642 ὲν

234 3683 539 3736 ὑποστάσει
577 3682 683 3736 τινί
715 3684 830 3735 ἐστι
864 3685 1148 3753 σωματικῇ
1180 3682 1331 3746 ἅπαξ
1360 3681 1666 3744 κτισθεῖσα,
1700 3678 1817 3733 ἀλλ’

233 3774 331 3827 ἀεὶ
353 3771 489 3844 πρὸς
520 3773 583 3826 τὸ
605 3771 698 3825 τοῦ
732 3771 867 3825 Θεοῦ
905 3771 1148 3844 βούλημα
1179 3772 1273 3825 ἐπὶ
1297 3772 1447 3843 φόϐῳ
1470 3771 1579 3826 τῶν
1606 3769 1817 3841 ἀνθρὼ-

233 3880 358 3918 πων
400 3864 770 3935 ἐνεργουμένη
809 3863 1054 3932 γίνεσθαι
1085 3864 1180 3917 καὶ
1208 3862 1522 3918 διαλύεσθαι
1552 3861 1815 3931 πέφυκεν,

232 3952 381 4006 οῦτω
427 3954 520 4007 καὶ
550 3953 612 4006 τὸ
657 3952 875 4023 πνεῦμα
924 3970 939 3985 ο
1119 3952 1214 4006 νῦν
1260 3953 1361 4023 μὲν
1407 3952 1618 4022 γίνεται
1661 3952 1817 4022 δίκην

232 4044 485 4114 ποταμοῦ
519 4044 731 4119 ῥέοντος
758 4042 853 4097 τοῦ
883 4043 1043 4114 ἀέρος
1065 4062 1077 4073 ·
1111 4042 1275 4097 πάλιν
1307 4043 1364 4097 δὲ
1394 4042 1628 4097 παύεται
1658 4043 1819 4113 ἀτρε-

235 4135 469 4206 μοῦντος
496 4132 587 4188 τοῦ
622 4135 885 4206 πρότερον
922 4135 1266 4205 κινουμένου,
1302 4134 1444 4188 κατά
1481 4135 1543 4185 τὸ
1571 4132 1816 4204 βούλημα

229 4225 334 4280 τοῦ
375 4225 447 4279 τὰ
474 4227 652 4280 πάντα
688 4226 782 4279 ἐπὶ
816 4227 1061 4296 σωτηρίᾳ
1108 4227 1204 4279 καὶ
1243 4225 1501 4278 συστάσει
1532 4224 1641 4279 τῶν
1679 4225 1816 4279 ὅλων

229 4313 645 4386 οἱκονομοῦντος
667 4329 678 4342 ·
722 4314 864 4366 ὥστε
895 4313 983 4367 διὰ
1013 4314 1193 4384 πάσης
1228 4314 1326 4385 τῆς
1366 4313 1617 4379 κτίσεως,
1662 4313 1727 4367 ἐκ
1758 4329 1817 4367 τε

234 4407 477 4477 βροντῶν
502 4406 597 4460 καὶ⁸
622 4405 840 4477 ἀνέμων
864 4406 958 4459 καὶ
985 4405 1083 4476 τῆς
1110 4405 1303 4475 λοιπῆς
1337 4404 1698 4476 δημιουργίας
1724 4403 1815 4457 τὸν

1928 3236 2068 3303 gelio
2106 3251 2120 3287 :
2166 3236 2358 3289 Omnia
2389 3252 2481 3301 per
2527 3237 2694 3304 ipsum
2734 3237 2875 3303 [acta
2910 3245 3032 3289 sunt
3077 3242 3120 3289 ⁸.
3163 3235 3232 3288 At
3266 3237 3486 3305 prophe-

1928 3321 2093 3373 ticum
2133 3321 2336 3376 dictum
2383 3339 2490 3376 non
2531 3323 2598 3377 ad
2644 3332 2895 3378 sanetum
2942 3322 3240 3392 Spiritum,
3279 3326 3374 3380 sed
3414 3327 3485 3382 ad

1920 3422 2265 3465 communem
2301 3417 2444 3469 hunc
2489 3413 2672 3468 ﬂatum
2693 3454 2710 3479 ,
2744 3418 2890 3472 aeris
2920 3418 3174 3473 videlicet
3199 3416 3445 3486 spiritum
3468 3457 3488 3486 ,

1919 3501 2192 3555 credimus
2239 3502 2529 3570 pertinere.
2585 3505 2739 3570 Quod
2789 3506 2916 3560 inde
2963 3517 3131 3574 patet.
3176 3505 3294 3562 Non
3340 3509 3503 3563 enim.

1918 3590 2075 3653 dixit,
2107 3590 2209 3655 Qui
2237 3592 2441 3646 creavit
2469 3595 2741 3662 Spiritum,
2765 3594 2882 3658 sed,
2918 3595 3023 3660 Qui
3043 3605 3186 3650 creat
3217 3597 3486 3664 spiritum.

1918 3679 2382 3745 Quemadmodum
2406 3684 2552 3737 enim
2583 3686 2882 3739 tonitruum
2908 3686 2999 3739 ubi
3028 3687 3199 3741 semel
3234 3696 3320 3741 est
3340 3703 3490 3743 crea-

1921 3779 2056 3835 tum,
2089 3769 2143 3824 in
2177 3770 2476 3827 substantia
2518 3773 2753 3843 quadam
2786 3776 3055 3843 corporali
3098 3791 3204 3831 non
3236 3788 3355 3843 est;
3388 3781 3497 3833 sed.

1917 3875 2134 3931 semper
2176 3860 2456 3917 voluntate
2502 3863 2595 3919 Dei
2640 3866 2708 3919 ad
2744 3867 3027 3922 terrendos
3073 3867 3325 3923 homines
3359 3884 3497 3939 pro.

1915 3952 2157 4020 ductum,
2188 3952 2303 4009 ﬁeri
2334 3968 2399 4008 ac
2425 3954 2641 4009 dissolvi
2681 3954 2819 4011 solet
2848 3973 2863 4011 :
2896 3957 2967 4011 ita
3003 3967 3065 4012 et
3093 3955 3318 4026 spiritus
3342 3975 3489 4014 nunc

1916 4044 2135 4112 quidem
2166 4046 2243 4112 tit,
2275 4044 2479 4100 ﬂuente
2501 4045 2672 4100 instar
2692 4045 2928 4103 ﬂuminis
2950 4062 3109 4103 aere:
3145 4063 3335 4104 rursus
3360 4065 3491 4104 vero

1915 4145 2093 4190 cessat
2135 4144 2285 4200 tum,
2318 4151 2443 4191 cum
2481 4136 2623 4207 quod
2663 4136 2815 4204 prius
2850 4139 3166 4194 movebatur
3213 4140 3494 4209 quiescit,

1916 4225 2216 4280 secundum
2273 4225 2603 4282 voluntatem
2651 4227 2809 4297 ejus,
2861 4228 2953 4297 qni
2988 4230 3056 4283 ad
3106 4228 3484 4284 universorum

1917 4316 2352 4372 incolumitatem
2372 4321 2950 4393 conservationemque
2972 4320 3241 4392 gubernat
3274 4325 3485 4388 omnia,

1917 4417 1976 4460 ut
2025 4422 2121 4476 per
2160 4422 2375 4463 omnem
2417 4420 2722 4467 creaturam
2754 4422 2809 4469 et
2840 4412 3096 4469 tonitruis
3134 4422 3192 4467 et
3233 4416 3413 4471 ventis
3436 4424 3501 4469 et

230 4496 566 4569 δημιουργὸν
603 4497 1058 4565 ἀναγγέλλεσθαι.
1104 4496 1302 4569 Διόπερ
1335 4496 1472 4567 μετὰ
1509 4496 1570 4549 τὸ
1609 4497 1811 4549 εἰπεῖν’

1919 4495 2140 4564 reliquis
2169 4497 2428 4566 Operibus
2455 4500 2704 4555 conditor
2734 4500 3112 4557 annuntietur.
3143 4500 3490 4573 Quapropter

244 4589 314 4642 ὐ
358 4587 619 4659 στερεῶν
670 4587 976 4657 βροντὴν,
1027 4588 1126 4641 καὶ
1160 4586 1367 4648 κτίζων
1409 4588 1663 4658 πνεῦμα,
1710 4605 1814 4659 φη-

233 4679 343 4733 σιν’
394 4680 504 4733 Καὶ
548 4679 944 4748 ἀπαγγέλλων
993 4679 1118 4747 τοῖς
1164 4679 1496 4748 ἀνθρώποις
1541 4680 1647 4734 τὸν
1687 4682 1812 4748 Χρι-

230 4770 391 4823 στι’ν
433 4768 640 4823 αὐτοῦ.
683 4769 771 4831 Ὦς
810 4769 919 4837 γάρ
947 4772 997 4822 οἱ
1041 4769 1259 4841 οὐρανοὶ
1305 4770 1613 4841 διηγοῦνται
1656 4769 1814 4833 δόξαν

232 4858 372 4912 Θεοῦ
413 4862 526 4922 τοῖς
566 4858 882 4930 δυναμένοις
929 4861 986 4926 ἐξ
1026 4859 1206 4913 αὐτῶν
1229 4861 1327 4931 τὴν
1350 4860 1443 4914 τοῦ
1482 4861 1813 4933 δημιουργοῦ

233 4948 433 5019 τέχνην
480 4947 918 5016 ἀναλογίζεσθαι,
953 4946 1097 5002 οὕτω
1139 4949 1233 5001 καὶ
1273 4948 1500 5020 βροντῆς
1526 4945 1670 5021 ἦχοι,
1721 4951 1814 5003 καὶ

234 5039 565 5108 πνευμάτων
620 5039 884 5109 κινήσεις,
934 5037 1025 5091 τὸν
1075 5038 1403 5110 δημιουργὸν
1454 5040 1633 5093 αὐτῶν
1682 5041 1812 5093 ἀνα-

236 5130 590 5202 κηρύττουσι.
616 5130 768 5200 Τάχα
807 5130 852 5183 δ’
900 5129 965 5183 ἂν
1010 5129 1169 5183 τοῦτο
1213 5131 1308 5184 καὶ
1349 5132 1652 5203 προφητεία
1698 5132 1812 5201 εἴη,

237 5224 377 5294 πρὸς
442 5222 541 5293 τὴν
616 5221 1030 5293 ὲνανθρώπησιν
1099 5221 1193 5274 τοῦ
1254 5223 1460 5293 Κυρίου
1532 5221 1774 5293 φέρουσα
1800 5240 1812 5252 ο

238 5314 326 5366 ὅτε
386 5316 419 5385 ἡ
486 5315 584 5384 μὲν
634 5313 807 5384 φωνὴ,
861 5316 893 5384 ή
958 5314 1221 5385 γενομένη
1449 5312 1509 5377 ἐξ
1563 5313 1815 5384 ούρανοῦ,

1917 4588 2201 4649 postquam
2239 4581 2413 4635 dixit:
2446 4580 2549 4647 Qui
2572 4582 2749 4650 ﬁrmat
2784 4585 3075 4639 tonitruum
3108 4597 3155 4640 et
3202 4599 3345 4641 creat
3375 4590 3488 4653 spi-

1922 4672 2080 4724 ritum
2114 4680 2169 4736 ³,
2196 4672 2269 4724 ait
2308 4686 2322 4725 :
2355 4672 2422 4726 Et
2457 4675 2545 4744 qui
2578 4677 2859 4730 annuntiat
2885 4678 3181 4732 hominibus
3223 4679 3489 4733 Christum

1921 4779 2075 4816 suum
2098 4763 2120 4794 ⁵
2148 4802 2163 4817 .
2186 4762 2337 4818 Sicut
2359 4765 2503 4819 enim
2524 4766 2641 4821 cmli
2669 4778 2923 4821 euarrant
2946 4768 3173 4837 gloriam
3207 4769 3298 4823 Dei
3358 4769 3426 4822 iis
3463 4770 3483 4799 ⁶

1922 4850 2009 4919 qui
2040 4865 2104 4905 ex
2132 4852 2263 4921 ipsis
2288 4862 2511 4923 possunt
2544 4856 2838 4911 conditoris
2860 4866 3031 4912 artem
3060 4859 3330 4913 aestimare
3358 4877 3371 4912 :
3407 4859 3493 4912 sic

1921 4940 2082 4993 etiam
2112 4942 2329 4996 tonitrui
2355 4942 2539 5011 fragor
2561 4959 2624 4999 ac
2649 4946 2935 5014 spirituum
2958 4957 3133 5001 motus
3155 4949 3339 5002 tondst
3360 4964 3503 5000 irem-

1922 5045 2079 5083 snum
2099 5033 2415 5101 praedicant.
2436 5033 2689 5089 Fortasse
2703 5046 2878 5092 autem
2900 5039 2999 5090 hoc
3013 5038 3183 5106 ipsum
3207 5038 3508 5105 prolihetia~

1922 5131 2027 5184 est,
2051 5138 2168 5191 qua:
2198 5124 2263 5177 ad
2276 5123 2486 5178 Domini
2511 5126 2931 5182 incarnationem
2957 5136 3163 5197 spectat
3185 5127 3487 5197 ;siquidcni

1924 5226 2025 5268 vox
2071 5230 2190 5282 qua:
2221 5214 2288 5267 de
2327 5214 2465 5270 cmio
2507 5215 2647 5271 facta
2690 5226 2804 5281 est,
2838 5220 3133 5272 tonitruum
3167 5233 3287 5272 esse
3330 5217 3477 5269 vide-

1930 5307 2088 5359 batur
2120 5306 2460 5360 audientibus
2498 5314 2517 5342 ⁶
2550 5325 2751 5379 :quam
2809 5310 2946 5364 Deus
2984 5320 3038 5364 et
3086 5308 3246 5362 Pater
3278 5310 3506 5373 emisi“,

241 5406 437 5476 βροντὴ
477 5405 652 5458 ἐδόκει
687 5408 801 5466 τοῖς
841 5403 1138 5458 ἀκούσασιν
1180 5399 1341 5466 εἶναι,
1378 5403 1568 5473 ἥντινα
1608 5403 1817 5472 ἀφῆκεν

1927 5408 1981 5449 nt
2015 5413 2112 5466 per
2140 5414 2257 5452 eam
2291 5397 2564 5452 Christum
2610 5400 2916 5454 hominibus
2962 5400 3328 5454 annuntiaret.
3363 5400 3484 5467 Spi-

238 5497 270 5548 ὁ
320 5496 454 5561 Θεὸς
514 5499 608 5550 καὶ
667 5498 893 5566 Πατὴρ,
950 5496 1087 5549 ὥστε
1149 5497 1217 5549 δι’
1267 5496 1439 5563 αὐτῆς
1494 5495 1817 5563 ἀναγγεῖλαι

1927 5500 2060 5541 ritus
2106 5499 2284 5542 autem
2339 5492 2428 5556 qni
2478 5490 2692 5544 excitati
2735 5502 2878 5554 sunt,
2912 5500 2965 5545 et
2997 5505 3167 5547 mare
3195 5492 3497 5546 conturbar

351 5728 558 5781 'Atttus
584 5746 657 5790 tv,
684 5730 765 5781 13.
848 5729 865 5759 ³
901 5724 1061 5781 Joau.
1095 5743 1132 5785 l.
1166 5727 1220 5782 5.
1299 5726 1319 5758 ³
1351 5690 1517 5780 Amos
1542 5741 1613 5790 IV,
1646 5723 1727 5779 15.
1807 5722 1818 5754 ⁴

1916 5720 1987 5776 i-l.
2066 5722 2085 5753 ⁵
2120 5721 2238 5776 Pati
2267 5736 2422 5785 xvm,
2456 5717 2511 5778 2.
2591 5718 2611 5751 ⁸
2639 5713 2909 5781 Ιυδῖιλιι,
2947 5714 3039 5770 “3.9.
