4030 6222
298 268 411 335 821

302 500 423 561 τοῖς
452 498 705 568 χείλεσιν.
738 498 944 552 Ἀλλων
969 500 1027 552 δὲ
1054 501 1265 570 ηκουσα
1290 502 1630 572 μετρούντων
1656 504 1885 575 θεότητα

304 588 634 657 σοφωτέρων
676 624 691 649 ,

299 678 466 745 γοῦσι
496 679 565 731 τά
602 678 887 749 νοούμενα.
918 680 1167 734 τοσοῦτον
1209 681 1265 734 δὲ
1302 681 1546 752 αλλήλων
1575 683 1883 755 διέστησαν,

301 768 383 832 ὡς
413 771 476 821 τὸ
507 769 624 840 μὲν,
662 773 757 824 καὶ
798 770 953 842 οὐσίᾳ
996 773 1089 825 καὶ
1128 772 1357 843 δυνάμει
1397 776 1569 827 ποιεῖν
1597 776 1881 845 ἀόριστον

302 862 366 914 τὸ
392 862 471 925 δὲ,
496 862 723 931 δυνάμει
766 863 882 932 μὲν,
912 864 1010 917 ούκ
1050 864 1206 936 οὐσίᾳ
1238 864 1295 917 δέ
1316 880 1330 896 ο
1361 866 1421 918 τὸ
1458 866 1516 918 δὲ
1555 867 1884 937 ἀμφοτέροις

299 956 711 1026 περιγραπτόν·
755 956 910 1009 ἄλλον
958 956 1156 1027 τρόπον
1212 958 1559 1027 μιμούμενοι,
1606 960 1732 1022 τοὺς
1782 960 1878 1030 δη-

262 1102 269 1117 ,
302 1064 431 1117 μιου
441 1047 586 1117 ργδν,
614 1048 709 1100 καὶ
734 1048 1013 1118 συνεργὸν,
1041 1050 1134 1102 καὶ
1160 1048 1468 1119 λειτουργὸν
1490 1051 1875 1120 ὀνομάζοντας,

300 1140 399 1193 καὶ
425 1138 521 1207 τὴν
562 1140 621 1193 ὲν
648 1144 763 1203 τοῖς
798 1139 1023 1209 ὀνόμασι
1053 1140 1205 1204 τάξιν
1244 1143 1339 1194 καὶ
1381 1142 1560 1213 χάριν,
1598 1143 1708 1197 τῶν
1737 1161 1877 1214 πρα-

298 1231 530 1299 γμάτων
699 1218 1018 1284 ἀκολουθίαν
1048 1228 1185 1283 εἶναι
1224 1231 1567 1300 νομίζοντας.

1216 276 1591 341 PANOPLIA
1629 284 2087 349 DOGMATICA.
2128 315 2196 329 ·-·
2236 294 2386 354 ΤΙΤ.
2428 295 2576 360 ΧΠ.

303 407 551 473 διανοίας
589 410 730 462 εἰσιν
758 409 1022 475 εύσεόεἰς,
1049 410 1100 465 οί
1129 411 1186 465 δὲ
1218 411 1493 481 τολμῶσιν
1520 413 1764 468 εὐσεϐεῖν
1791 417 1865 468 xa‘

1986 436 2041 478 et
2090 426 2427 496 exploratum
2474 430 2800 498 habuerunt,
2856 450 2957 502 ea,
2998 446 3057 493 ut

831 590 880 641 οἳ
915 589 1039 660 τρία
1070 590 1169 659 μὲν
1194 586 1332 643 εἶναι
1360 591 1483 645 καθ’
1520 594 1666 663 ἡμᾶς
1696 595 1887 664 ὁμολο-

3451 313 3557 377 82:9

3106 439 3262 494 aiunt
3284 479 3300 504 ,
3348 443 3560 498 ratione

1988 516 2182 585 ducti,
2260 520 2399 587 quod
2468 520 2744 590 Scriptura
2822 538 3069 582 neutrum
3137 529 3329 583 horum
3398 532 3565 599 plane-

1986 616 2279 679 aperteque
2340 612 2781 669 demonstrasset.
2845 618 2922 671 Ac
2971 620 3199 687 proinde
3226 636 3327 676 nec
3380 622 3577 690 ipsum.

1986 708 2333 761 venerantur,
2396 714 2492 755 nec
2558 715 2936 771 contemnunt,
2983 708 3078 762 sed
3115 710 3292 764 medio
3319 713 3574 779 quodam.

1988 784 2162 847 modo,
2217 785 2299 839 vel
2329 786 2511 855 potius
2540 791 2732 846 misere
2759 794 3073 862 perditeque
3119 811 3250 865 erga
3277 814 3399 853 eum
3439 801 3555 854 allii

1985 875 2219 929 cinntur.
2243 876 2318 930 Ex
2348 877 2434 933 his
2460 894 2620 948 porro
2646 882 2738 949 qui
2778 883 2945 937 Deum
2980 884 3153 953 ipsum
3195 888 3550 952 credunt,alii

1985 965 2164 1019 animo
2186 975 2341 1022 tenus
2367 969 2436 1036 pii
2486 980 2646 1038 atque
2695 974 2979 1030 orthodoxi
3040 986 3199 1045 sunt;
3255 978 3343 1033 alii
3395 980 3554 1037 labiis

1984 1071 2198 1125 quoque
2226 1058 2356 1127 ipsis
2386 1061 2636 1128 pietatem
2664 1065 2903 1131 protiteri
2954 1083 3058 1120 non
3091 1079 3364 1124 verentur.
3401 1070 3559 1126 Alios

1982 1149 2143 1200 etiam
2178 1151 2437 1218 quosdam
2473 1153 2834 1220 sapientiores
2866 1159 3066 1221 audivi,
3090 1160 3182 1227 qui
3212 1160 3549 1214 divinitatem

1984 1237 2297 1303 metittntnr,
2327 1253 2391 1292 ac
2424 1240 2523 1292 tria
2552 1241 2791 1308 quidem,
2831 1244 3049 1310 perinde
3078 1259 3141 1298 ac
3172 1260 3290 1308 nos,
3325 1246 3544 1313 intelligi

281 1329 636 1388 conﬁtentur,
662 1325 758 1379 sed
786 1339 850 1379 ea
882 1325 955 1379 ita
990 1325 1131 1380 inter
1147 1340 1207 1380 se
1240 1325 1573 1393 disjungnnt,
1609 1336 1671 1383 ut
1699 1343 1861 1381 unum
1901 1344 2088 1383 eorum
2121 1337 2174 1383 et
2232 1328 2465 1385 essentia
2517 1336 2572 1383 et
2640 1340 2923 1398 potestate,
2968 1332 3235 1391 inﬁnitum
3288 1345 3561 1403 statuant,

280 1422 517 1477 alterum
552 1426 848 1487 potestate,
908 1433 1014 1473 non
1044 1420 1170 1473 item
1220 1419 1479 1479 essentia,
1532 1407 1862 1484 postremum
1906 1431 2134 1490 utroque
2160 1421 2654 1490 circumscriptum.
2686 1422 2779 1475 Sic
2820 1422 2925 1476 alio
2954 1425 3185 1492 quodam
3248 1429 3405 1480 modo
3460 1445 3557 1484 eos

280 1513 1011 1582 imitantttr,qttiopiiicem,
1068 1522 1122 1565 et
1155 1514 1553 1579 cooperarinm,
1642 1525 1696 1567 et
1763 1515 2067 1568 ministrum
2101 1516 2403 1578 nominant,
2461 1525 2623 1583 atque
2681 1517 2929 1570 ordinum
2974 1527 3028 1571 et
3099 1520 3351 1585 gratiam,
3427 1539 3549 1588 qua:

280 1606 597 1662 nominibus
624 1607 785 1668 inest,
843 1620 1022 1659 rerum
1057 1619 1275 1673 quoque
1319 1607 1513 1658 seriem
1561 1620 1680 1659 esse
1718 1606 2071 1662 arbitrantur.

494 1694 653 1764 Ἡμῖν
692 1694 747 1746 δὲ
788 1695 923 1765 πρὸς
961 1695 1060 1765 μὲν
1094 1696 1221 1758 τοὺς
1264 1696 1384 1749 οὐδὲ
1413 1695 1551 1750 εἶναι
1592 1698 1937 1769 ύπειληφό-Β

795 1784 973 1852 λόγος,
1009 1786 1042 1856 ἢ
1086 1788 1214 1849 τοὺς
1256 1787 1558 1859 ληροῦντας
1593 1792 1652 1843 ὲν
1684 1791 1880 1862 Ἐλλη-

280 1802 410 1849 τας,
438 1784 615 1849 οὐδεὶς

2147 1697 2255 1753 Nos
2280 1713 2430 1761 vero,
2462 1714 2561 1753 nec
2587 1714 2709 1754 eum
2741 1700 2807 1753 iis
2863 1700 2953 1769 qui
3006 1718 3072 1754 ne
3126 1701 3388 1768 Spiritum
3414 1706 3539 1771 qni-

1960 1790 2081 1845 dem
2105 1803 2225 1844 esse
2266 1798 2513 1853 censent,
2568 1804 2666 1843 nec
2721 1805 2842 1843 cum
2907 1792 3261 1861 nugatoribus
3307 1796 3541 1849 ethnicis

280 1893 390 1928 σιν.
441 1875 593 1944 Μηδὲ
639 1878 750 1947 γάρ
789 1876 1133 1949 ἁμαρτωλῶν
1177 1877 1341 1949 ἐλαίῳ
1393 1880 1753 1951 πιανθείημεν
1796 1883 1865 1946 είς

1963 1878 2125 1934 verba
2160 1877 2246 1930 illa
2280 1877 2758 1931 commutabimus.
2815 1877 2965 1932 Absit
3020 1881 3161 1933 enim
3208 1890 3266 1934 ut
3294 1893 3543 1951 peccato-

276 1970 372 2019 τδν
408 1966 589 2037 λόγον.
649 1967 794 2038 Πρὸς
845 1968 901 2021 δὲ
941 1969 1068 2031 τοὺς
1124 1969 1317 2032 ἄλλους
1368 1969 1511 2023 οὕτω
1570 1971 1879 2042 διαλεξόμε-

278 2058 350 2112 θα
389 2076 404 2091 ο
560 2058 622 2111 τὸ
664 2057 891 2130 Πνεῦμα
918 2059 979 2111 τὸ
1009 2060 1184 2127 ἅγιον,
1220 2061 1252 2129 ἢ
1288 2061 1393 2114 τῶν
1427 2062 1530 2116 καθ
1714 2064 1873 2115 ἑαυτὸ

277 2150 692 2219 ὑφεστηκότων,
752 2150 971 2212 πάντως
1018 2150 1336 2213 ὑποθετέον,
1379 2151 1413 2222 ἢ
1460 2152 1566 2203 τῶν
1604 2154 1662 2204 ὲν
1705 2154 1877 2223 ἑτέρῳ

284 2241 680 2312 θεωρουμένων
706 2258 720 2271 ·
754 2236 830 2295 ὧν
869 2242 931 2295 τὸ
984 2242 1103 2312 μὲν,
1147 2244 1335 2296 ούσίαν
1372 2244 1629 2298 καλοῦσιν
1661 2246 1711 2297 οἱ
1746 2247 1876 2312 περὶ

278 2331 460 2384 ταῦτα
529 2332 735 2395 δεινοὶ,
786 2331 848 2384 τὸ
904 2330 999 2397 δὲ,
1066 2332 1433 2404 συμϐεϐηκός.
1491 2334 1555 2387 El
1626 2333 1725 2404 μὲν
1782 2330 1876 2389 οὖν

276 2422 671 2493 συμϐέϐηκεν,
723 2422 973 2493 ἐνέργεια
1019 2422 1177 2476 τοῦτο
1210 2422 1276 2476 ἂν
1334 2424 1419 2494 εῑη
1453 2424 1610 2480 Θεοῦ.
1652 2426 1717 2478 Τί
1764 2438 1873 2499 γαρ

270 2515 490 2585 ἕτερον,
548 2514 582 2584 ἢ
617 2514 790 2579 τίνος;
830 2515 987 2567 τοῦτο
1028 2514 1138 2586 γάρ
1187 2533 1306 2579 πως
1339 2517 1558 2587 μᾶλλον,
1594 2518 1689 2570 καὶ
1740 2526 1873 2587 φεύ-

269 2624 361 2675 γει
430 2604 701 2659 σύνθεσιν.
781 2606 891 2660 Kal
950 2609 998 2660 εί
1076 2608 1363 2679 ἐνέργεια,
1446 2610 1872 2682 ἔνεργηθήσεται

266 2698 523 2769 δηλονότι
576 2732 593 2758 ,
766 2698 867 2752 οὐκ
920 2699 1227 2771 ἐνεργήσει,
1278 2702 1370 2755 καὶ
1421 2702 1556 2773 ὁμοῦ
1597 2703 1677 2773 τῷ
1727 2704 1873 2776 ἐνερ-

267 2786 537 2856 γηθῆναι,
570 2785 859 2841 παύσεται.
903 2787 1154 2842 Τοιοῦτον
1193 2790 1302 2862 γάρ
1354 2792 1387 2862 ἡ
1435 2792 1705 2865 ἐνέργεια.
1745 2792 1872 2858 Πῶς

1962 1986 2079 2025 rum
2112 1969 2234 2023 oleo
2261 1984 2568 2023 sermonem
2596 1978 2838 2023 nostrum
2876 1970 3275 2040 itnpinguemus
3343 1971 3382 2026 '.
3406 1973 3544 2029 Cum

1957 2061 2172 2117 caeteris
2205 2070 2385 2115 autem
2414 2060 2481 2114 ad
2523 2060 2667 2115 hunc
2691 2061 2908 2113 modum
2959 2062 3391 2131 disputabimus;
3421 2064 3545 2133 Spi—

1958 2154 2096 2208 ritus
2124 2161 2363 2217 sanctns,
2422 2151 2505 2206 vel
2537 2168 2604 2206 ex
2652 2166 2839 2205 eorum
2899 2169 3143 2219 numero,
3198 2170 3316 2222 quae
3352 2172 3450 2223 per
3481 2174 3539 2209 se

1958 2246 2282 2307 subsistunt,
2336 2242 2556 2297 omnino
2619 2243 2943 2297 statuendus
2992 2253 3097 2306 est,
3152 2243 3237 2296 vel
3296 2243 3437 2297 inter
3469 2262 3532 2297 en

1955 2335 2322 2398 collocandus,
2375 2349 2495 2404 qum
2546 2334 2597 2387 in
2655 2333 2760 2387 alio
2802 2335 3259 2401 considerantur;
3297 2350 3528 2403 quorum

1955 2430 2184 2483 alterum
2218 2426 2602 2489 substantiam,
2641 2425 2872 2478 alterum
2902 2425 3157 2481 accidens
3212 2427 3534 2493 vocant,qui

1957 2518 2147 2572 harum
2183 2531 2362 2571 rerum
2404 2514 2686 2569 scientiam
2722 2513 2944 2568 callent.
3003 2514 3081 2567 Ac
3116 2515 3161 2569 si
3191 2515 3405 2584 quidem
3441 2530 3532 2569 ac-

1955 2609 2160 2671 cidens,
2186 2607 2267 2661 vis
2295 2608 2479 2675 utique
2512 2617 2565 2661 et
2630 2606 2867 2660 facultas
2915 2608 3163 2672 quaedam
3231 2606 3321 2660 Dei
3350 2605 3536 2660 fuerit.

1956 2701 2092 2766 Quid
2125 2700 2269 2754 enim
2305 2699 2471 2763 aliud,
2530 2708 2623 2752 aut
2670 2697 2867 2767 cujus?
2922 2695 3035 2751 Hoc
3085 2696 3331 2767 proiecto
3363 2697 3535 2765 magis

1955 2799 2399 2855 consentaneum,
2457 2787 2974 2858 compositionisque
3017 2802 3233 2855 expers.
3285 2787 3341 2841 Si
3375 2787 3454 2841 vis
3480 2797 3534 2840 et

1954 2882 2207 2945 facultas,
2243 2893 2433 2952 agetur
2462 2882 2601 2937 haud
2630 2882 2815 2947 dubie,
2856 2897 2963 2937 non
3016 2892 3140 2949 aget
3178 2897 3194 2934 :
3240 2875 3531 2946 simulque,

1955 2983 2013 3028 ut
2045 2985 2200 3029 actus
2226 2974 2411 3038 fuerit,
2446 2975 2674 3030 desinet.
2722 2973 3005 3044 Ejusmodi
3064 2973 3264 3041 quippe
3312 2979 3397 3026 est
3448 2984 3535 3022 ac-

265 3062 438 3125 ἐστιν,
470 3062 532 3113 ού
565 3063 827 3131 κινήσεως
854 3080 867 3125 ;
901 3063 964 3116 El
990 3062 1046 3115 δὲ
1074 3064 1232 3116 οὐσία
1260 3082 1363 3129 τις,
1388 3066 1448 3117 ού
1479 3064 1587 3119 τῶν
1611 3068 1739 3137 περὶ
1769 3066 1865 3138 τὴν

1963 3073 2041 3121 tus
2087 3074 2302 3119 natura.
2362 3064 2460 3130 Qui
2519 3065 2577 3119 iit
2620 3078 2786 3133 ergo,
2862 3074 2922 3118 ιιι
2966 3073 3091 3133 agat
3148 3064 3303 3131 ipse,
3371 3071 3532 3130 atque

260 3153 475 3213 οὐσίαν,
539 3155 658 3225 ἦτοι
716 3154 922 3226 κτίσμα
976 3154 1422 3225 ύποληφθήσεται
1467 3198 1481 3221 ,
1636 3156 1860 3229 ῆΘεός·

1963 3158 2070 3211 bacc
2095 3166 2147 3210 et
2178 3157 2266 3210 illa
2299 3156 2461 3219 dicat,
2491 3165 2545 3210 et
2595 3161 2845 3224 segreget
2884 3154 2904 3184 '
2937 3192 2953 3219 ,
2994 3162 3050 3209 et
3085 3152 3439 3206 contristetur
3477 3151 3531 3211 ³,

266 3243 432 3312 μέσον
468 3244 577 3315 γάρ
608 3262 660 3296 τι
692 3243 920 3309 τούτων,
952 3244 1070 3315 ἤτοι
1122 3246 1417 3317 μηδετέρου
1457 3247 1704 3319 μετέχον,
1735 3250 1768 3319 ἢ
1805 3250 1865 3315 ἐξ

1963 3258 2011 3303 et
2033 3248 2095 3301 ad
2123 3248 2256 3301 iram
2288 3246 2566 3311 incitetur,
2636 3255 2693 3300 et
2750 3259 3089 3315 quaecunque
3138 3243 3214 3297 rei
3248 3252 3392 3297 motu
3421 3243 3536 3312 agi-

263 3336 474 3403 ἀμφοῖν
507 3334 787 3399 σύνθετον,
819 3334 926 3387 οὐδ’
958 3334 1025 3388 ἂν
1048 3336 1097 3388 0i
1126 3324 1261 3400 τοὺς
1283 3338 1657 3409 τραγελάφους
1690 3340 1862 3394 πλάτ-

1963 3348 2083 3392 latae
2116 3338 2400 3406 perspicue
2444 3346 2591 3401 sunt,
2648 3349 2751 3390 non
2792 3344 2973 3389 autem
3025 3334 3278 3388 motionis
3333 3332 3537 3403 ipsius?

262 3442 455 3487 στοντες
486 3426 816 3497 ἑννοήσαιεν.
861 3426 1000 3478 Ἀλλ’
1023 3428 1071 3478 εί
1097 3427 1195 3497 μὲν
1221 3429 1443 3500 κτίσμα,
1472 3432 1589 3495 πῶς
1619 3434 1699 3496 είς
1730 3433 1863 3486 αὐτὸ

1963 3429 2048 3481 Sin
2080 3439 2258 3482 autem
2287 3428 2587 3482 substantia
2609 3435 2712 3491 est,
2736 3438 2842 3479 non
2863 3424 3141 3488 accidens,
3171 3423 3255 3476 vel
3283 3432 3535 3477 creatura

257 3516 619 3586 πιστεύομεν,
650 3518 682 3589 ἢ
716 3521 774 3571 ὲν
816 3516 965 3588 αὐτῷ
995 3518 1383 3591 τελειούμεθα;
1425 3524 1485 3575 ού
1521 3522 1631 3594 γάρ
1662 3526 1861 3578 ταυτόν

1963 3522 2279 3585 censebitur,
2338 3520 2419 3575 vel
2469 3520 2628 3573 Deus.
2688 3517 2923 3572 Medium
2979 3518 3124 3571 enim
3158 3516 3363 3585 aliquid
3387 3518 3532 3568 inter

255 3613 377 3664 ἐστι
417 3610 697 3663 πιστεύειν
736 3610 816 3674 εἷς
851 3628 925 3675 τι,
968 3612 1061 3664 καὶ
1096 3612 1224 3683 περὶ
1266 3612 1431 3666 αὑτοῦ
1462 3614 1755 3669 πιστεύειν.
1788 3616 1860 3668 Τὸ
1953 3612 2086 3673 Ιιενε,
2107 3620 2199 3664 aut
2222 3612 2363 3679 quod
2395 3610 2643 3664 neutrius
2674 3610 2948 3676 particeps
2976 3608 3070 3669 εἱιν
3097 3616 3194 3660 θυι
3215 3622 3279 3660 εἰ
3301 3616 3535 3674 utroque

261 3700 364 3767 μὲν
410 3700 523 3771 γάρ
573 3701 687 3752 ἐστι
726 3697 1000 3771 θεότητος,
1048 3700 1109 3752 τὸ
1156 3701 1212 3754 δὲ
1267 3702 1467 3764 παντὸς
1507 3702 1855 3773 πράγματος.

1963 3704 2305 3770 ιεοιιψοδίιιιιιι
2544 3708 2706 3766 atque
2746 3696 3070 3757 conﬂatum,
3129 3697 3254 3750 acii
3289 3697 3527 3765 quidem,

262 3794 328 3844 Ei
357 3792 415 3845 δὲ
451 3792 605 3856 Θεὸς,
641 3791 756 3844 ἀλλ’
786 3793 847 3844 ού
883 3792 1109 3864 κτίσμα,
1153 3793 1276 3846 οὐδὲ
1311 3794 1545 3863 ποίημα,
1574 3795 1695 3847 οὐδὲ
1729 3789 1857 3847 σύν-

1963 3792 2039 3861 lui
2076 3790 2412 3860 tragelapltos
2438 3790 2843 3852 continuerunt,
2872 3787 3176 3856 intelligere
3211 3798 3434 3854 queant.
3470 3788 3531 3841 Si

257 3884 470 3945 δουλον,
495 3883 604 3935 οὐδ’
634 3882 771 3944 ὅλως
800 3884 854 3935 τι
889 3883 999 3936 τῶν
1033 3887 1306 3938 ταπεινῶν
1339 3886 1642 3955 ὀνομάτων.

1963 3890 2221 3940 rreatura.
2251 3881 2518 3947 quomodo
2553 3879 2605 3932 in
2640 3892 2762 3932 eum
2794 3879 3091 3942 credimus,
3115 3886 3210 3931 aut
3235 3878 3288 3930 in
3318 3892 3384 3932 eo
3409 3894 3529 3945 per-

256 3975 511 4030 ﬁcimur?
538 3972 720 4042 Neque
749 3973 892 4028 enim
952 3971 1093 4026 idem
1145 3980 1248 4035 est,
1282 3972 1503 4024 credere
1553 3970 1607 4023 in
1639 3969 1862 4039 aliquid,
1896 3982 1950 4027 et
2017 3975 2238 4030 credere
2277 3975 2344 4044 de
2398 3973 2598 4043 aliquo.
2627 3975 2764 4029 Illud
2790 3976 2934 4032 enim
2969 3976 3236 4034 divinitati
3258 3982 3542 4042 convenit.

260 4074 362 4124 hoc
386 4069 609 4123 cuilibet
639 4069 738 4123 rei.
770 4067 825 4123 Si
849 4076 1031 4121 autem
1074 4066 1237 4129 Deus,
1284 4075 1432 4119 certe
1507 4078 1607 4119 nec
1665 4075 1915 4122 creatura
1955 4079 2061 4132 est,
2090 4087 2189 4124 nec
2224 4070 2456 4132 factura,
2493 4086 2589 4124 nec
2618 4086 2934 4135 conservus,
2965 4076 3331 4142 necdenique
3365 4077 3530 4129 ullum

254 4166 401 4221 aliud
436 4163 637 4218 humile
669 4170 828 4230 atque
857 4160 1121 4228 ahjectum
1148 4172 1362 4212 nomen.

442 4257 705 4311 Ἐνταῦθα
733 4256 824 4320 σὸς
852 4258 881 4309 ό
911 4255 1089 4323 λόγος,
1121 4255 1178 4308 αἱ
1213 4253 1494 4323 σφενδόναι
1523 4253 1841 4324 πεμπέσθωσ

2179 4252 2296 4307 Jatn
2364 4251 2541 4317 lingua
2602 4260 2688 4303 tua
2727 4250 2793 4303 ad
2841 4249 3221 4320 disputandum
3258 4254 3551 4319 prosiliatr

255 4367 376 4415 σαν,
398 4350 450 4401 οἱ
482 4347 830 4417 συλλογισμοὶ
852 4344 1258 4398 πλεκέσθωσαν.
1292 4345 1361 4396 Ἢ
1389 4345 1684 4414 ἀγέννητον
1713 4346 1849 4399 πάν-

1963 4344 2139 4398 funda:
2167 4345 2461 4409 jactentur,
2494 4352 2811 4409 argumenta
2847 4354 3156 4396 nectuntur.
3182 4341 3292 4397 Ant
3322 4344 3533 4413 ingeni-

253 4441 449 4514 τως,ἥ
502 4415 781 4510 γεννητόν.
846 4439 956 4491 Kal
1006 4439 1053 4490 εί
1117 4438 1216 4508 μὲν
1271 4436 1588 4507 ἀγέννητον,
1644 4438 1738 4491 δύο
1778 4439 1846 4493 τά

1963 4445 2046 4491 tus
2079 4434 2427 4497 omninoest,
2487 4432 2687 4500 inquis,
2734 4442 2828 4486 aut
2873 4432 3105 4503 genitus.
3140 4433 3197 4488 Si
3236 4434 3535 4504 ingenitus,

250 4535 487 4603 ἄναρχοι.
528 4532 589 4583 El
623 4530 678 4582 δὲ
716 4529 993 4599 γεννητὸν,
1020 4527 1323 4596 ύποδιαίρει
1494 4527 1683 4582 πάλινο
1718 4529 1750 4597 ἦ
1782 4531 1847 4583 ὲκ

1963 4542 2085 4595 ergo
2115 4530 2224 4581 duo
2244 4535 2404 4579 erunt
2437 4524 2691 4593 principii
2742 4532 3017 4594 expertes.
3086 4524 3143 4579 Si
3176 4534 3355 4580 autem
3377 4528 3533 4597 geni-

250 4624 345 4676 τοῦ
378 4622 592 4693 Πατρὸς
630 4618 811 4681 τοῦτο,
847 4620 880 4687 ἢ
917 4622 979 4672 ὲκ
1002 4620 1095 4671 τοῦ
1130 4618 1283 4672 Υίοῦ.
1311 4618 1421 4673 Kal
1454 4621 1501 4673 εί
1539 4619 1638 4689 μὲν
1664 4622 1727 4672 ἐκ
1752 4619 1844 4673 τοῦ

1963 4622 2062 4678 tus,
2106 4629 2295 4668 rursus
2344 4612 2674 4667 snbdividis:
2732 4622 2825 4667 aut
2876 4630 2942 4668 ex
2976 4612 3134 4669 Patre
3182 4616 3396 4685 genitus
3422 4626 3529 4679 est,

254 4715 491 4787 Ματρὸς,
532 4715 653 4767 Υἱοὶ
684 4714 777 4766 δύο
812 4714 906 4765 καὶ
934 4710 1171 4781 ἀδελφοί.
1204 4711 1275 4763 Σὺ
1305 4711 1361 4763 δέ
1398 4728 1488 4781 μοι
1520 4711 1719 4763 πλάττε
1755 4712 1846 4765 καὶ

1963 4718 2050 4762 aut
2080 4722 2146 4759 ex
2183 4706 2339 4760 Filio.
2370 4706 2427 4759 Si
2455 4722 2518 4759 ex
2546 4705 2731 4771 Patre,
2765 4707 2873 4761 duo
2929 4706 3090 4776 igitur
3127 4717 3255 4762 sunt
3297 4706 3419 4761 Filii
3468 4722 3532 4760 ac

250 4805 530 4875 διδύμους,
559 4805 606 4856 εί
640 4803 838 4875 βούλει,
874 4802 908 4872 ἢ
956 4802 1046 4855 τὸν
1098 4800 1196 4871 μὲν
1243 4800 1631 4870 πρεσόύτερον,
1668 4800 1761 4853 τὸν
1790 4801 1846 4854 δὲ

1963 4806 2171 4854 tratres.
2204 4797 2477 4852 Gemellos
2503 4797 2666 4852 etiam
2709 4800 2870 4867 tinge,
2904 4797 2947 4852 si
2980 4797 3151 4862 lubet,
3180 4806 3276 4849 aut
3299 4798 3541 4851 alterum

252 4897 545 4967 νεώτερον·
579 4895 765 4965 ἐπειδὴ
804 4893 927 4946 λίαν
964 4889 1016 4945 εἴ
1053 4891 1451 4963 φιλοσώματος.
1480 4894 1543 4946 Et
1565 4894 1622 4946 δὲ
1651 4894 1714 4945 ὲκ
1746 4892 1844 4945 τοῦ

264 2873 363 2930 οὖν
410 2880 645 2948 ἐνεργεῖ,
686 2880 779 2931 καὶ
822 2879 948 2933 τάδε
986 2879 1156 2949 λέγει,
1192 2882 1287 2935 καὶ
1321 2883 1591 2955 ἀφορίζει,
1640 2884 1734 2938 καὶ
1772 2884 1870 2937 λυ-

266 2971 475 3035 πεῖται,
515 2970 610 3021 καὶ
645 2970 1029 3040 παροξύνεται,
1065 2974 1161 3025 καὶ
1190 2973 1290 3026 ὅσα
1323 2974 1645 3044 κινουμένου
1681 2977 1868 3046 σαφῶς

1956 4900 2085 4943 natu
2117 4889 2401 4958 majorem,
2430 4888 2657 4942 alterum
2685 4889 2982 4953 minorem;
3008 4902 3131 4941 cum
3159 4886 3551 4957 itacorporeis-

253 4985 408 5049 Υἱοῦ,
445 4985 675 5054 πέφηνε,
710 4984 864 5054 φησι,
902 4983 995 5035 καὶ
1030 4983 1221 5045 υἱωνὸς
1252 4985 1385 5055 ἡμῖν
1417 4982 1576 5046 Θεός·
1609 4977 1669 5035 οὗ
1700 4984 1752 5036 τί
1780 4985 1846 5037 ἂν

252 5081 468 5149 γένοιτο
498 5078 928 5148 παραδοξότερον
958 5094 971 5138 ;
1011 5075 1185 5129 ταῦτα
1232 5077 1331 5146 μὲν
1374 5071 1467 5129 οὖν
1494 5078 1542 5129 οί
1571 5078 1723 5146 σοφοὶ
1751 5078 1843 5131 τοῦ

252 5171 643 5239 κακοποιῆσαι,
669 5168 738 5221 τὰ
759 5168 816 5221 δὲ
847 5167 1025 5235 ἀγαθά
1055 5167 1288 5237 γράφειν
1312 5168 1373 5220 ού
1404 5166 1666 5231 θέλοντες.
1703 5168 1844 5237 Ἐγὼ

250 5265 309 5317 δὲ
338 5265 389 5315 εἰ
422 5261 521 5333 μὲν
560 5261 747 5332 ἐώρων
788 5260 1094 5328 ἀναγκαίαν
1124 5260 1223 5329 τὴν
1255 5259 1536 5330 διαίρεσιν,
1573 5259 1843 5331 ἐδεξάμην

251 5354 319 5405 ἂν
352 5357 421 5405 τά
450 5351 773 5423 πράγματα,
805 5351 866 5403 ού
906 5351 1163 5421 φοϐηθεὶς
1196 5350 1264 5402 τὰ
1294 5350 1559 5421 ὀνόματα.
1604 5352 1679 5403 Ού
1711 5352 1840 5422 γάρ,

253 5443 445 5513 ἐπειδὴ
472 5444 614 5495 κατά
632 5434 752 5494 τινα
783 5441 965 5510 σχέσιν
986 5440 1325 5512 ὑψηλοτέραν
1341 5440 1469 5505 Υἱὸς
1493 5444 1521 5495 ό
1678 5442 1800 5505 Υἱὸς
1822 5482 1837 5505 ,

254 5535 315 5587 ού
338 5533 675 5599 δυνηθέντων
696 5533 852 5603 ἡμῶν
873 5533 1067 5596 άλλως,
1093 5533 1316 5603 ἢοῦτως
1337 5534 1675 5601 ἐνδείξασθαι
1696 5536 1753 5587 τὸ
1777 5539 1839 5590 ἐκ

1955 4982 2117 5034 rebus
2141 4980 2433 5033 immersus
2471 4995 2551 5033 es.
2586 4980 2643 5033 Si
2678 4991 2856 5032 autem
2886 4994 2951 5032 ex
2999 4977 3158 5042 Filio,
3188 4976 3302 5046 jam
3349 4978 3547 5042 nobis,

1955 5070 2189 5137 inquies,
2221 5083 2389 5136 nepos
2454 5067 2592 5121 Deus
2656 5068 2881 5122 exstitit.
2915 5066 3049 5134 Quo
3080 5066 3209 5138 quid
3244 5067 3530 5121 absurdius

1949 5161 2077 5230 ﬁngi
2109 5158 2314 5229 possit?
2376 5159 2503 5214 llaec
2550 5159 2798 5214 homines
2830 5160 2897 5213 ad
2956 5158 3404 5213 malefaciendum
3438 5173 3523 5214 sa-

1951 5251 2163 5317 pientes
2211 5251 2233 5281 δ
2269 5259 2325 5303 ει
2348 5249 2635 5319 ingeniosi,
2672 5250 2817 5305 bona
2872 5260 3050 5316 autem
3105 5250 3343 5305 scribere
3372 5265 3526 5306 recu-

1948 5351 2153 5394 santes.
2197 5339 2311 5408 Ego
2341 5355 2493 5405 vero,
2548 5340 2591 5394 si
2627 5340 2948 5395 divisionem
2990 5342 3127 5395 hanc
3162 5342 3523 5396 necessariam

1948 5431 2209 5492 viderem,
2272 5446 2358 5486 res
2414 5433 2561 5501 ipsas
2618 5432 2863 5502 profecto
2919 5431 3539 5501 excepissemutomina.

1950 5524 2084 5576 nihil
2122 5524 2344 5577 veritus.
2377 5524 2490 5579 Non
2532 5526 2698 5588 enim,
2746 5524 2873 5593 quia
2912 5523 3214 5579 secundum
3250 5525 3529 5583 excelsi0~

342 5688 365 5719 ’
394 5686 531 5742 Psal.
565 5701 689 5751 CXL,
714 5688 766 5740 5.
850 5688 870 5717 ⁸
900 5689 1018 5742 Act.
1051 5702 1167 5751 χιιι,
1193 5700 1239 5741 ιι.
1322 5687 1340 5719 ³
1370 5685 1574 5756 Ephcs.
1616 5704 1688 5752 tv,
1730 5687 1820 5741 50.

1963 5683 2147 5743 Iercm.
2180 5702 2252 5753 tv,
2286 5686 2375 5739 Ἡ.
