4030 6222
476 265 576 328 328

1697 246 2084 307 EU'l‘llYMll
2128 241 2485 302 ZIGABENI

3606 240 3736 309 894

476 392 587 431 rem
615 373 924 442 quamdam
966 367 1285 423 relationem
1310 356 1481 413 Filius
1502 366 1583 410 est
1615 352 1786 408 Filius
1843 358 1859 422 (
1885 355 2029 420 quod

2145 348 2228 402 τοῦ
2263 348 2399 402 Θεοῦ
2430 350 2521 401 καὶ
2587 348 2895 418 ὀμοοὺσιον,
2955 350 3217 422 ἧδηνκαὶ,
3257 352 3441 415 πάσας
3498 352 3737 420 οἰητέον

476 463 726 517 videlicet
756 460 1129 526 aliterhquam
1151 455 1251 506 hoc
1286 447 1467 510 modo,
1504 445 1751 501 indicare
1786 456 2028 511 nequea-

384 540 385 547 “
419 584 428 596 ι
480 568 603 607 mus
649 552 700 606 id
749 549 893 619 quod
934 562 999 600 ex
1036 545 1146 597 Deo
1183 550 1289 603 est,
1334 538 1681 604 essentiaque
1734 535 1875 589 idem
1909 548 2034 589 cum

477 626 641 715 ipSo),
663 643 868 698 idcirco
889 648 1103 691 terrena
1129 646 1345 701 quoque
1360 631 1544 685 omnia
1572 626 2031 695 eognatiouisque

477 746 675 789 no‘strze
706 732 922 784 nomina
954 725 1022 781 ad
1060 726 1227 777 Deum
1277 721 1588 776 necessario
1644 716 2025 772 transferenda

478 838 597 878 esse
620 819 916 890 putandum
939 826 1041 869 est.
1083 813 1325 882 Alioqui,
1362 811 1490 880 quid
1524 809 1778 880 impedit,
1814 813 2034 876 quomi-

476 929 584 967 nus
610 910 798 965 eadem
836 909 1043 962 ratione
1071 904 1398 967 masculum,
1426 903 1594 955 Deum
1626 909 1874 954 nostrum
1923 897 2039 953 exi-

478 1004 683 1065 stimes,
716 1001 973 1072 quoniam
1007 999 1150 1052 Deus
1168 1005 1223 1051 et
1263 997 1419 1049 Pater
1457 993 1810 1047 nominatur?
1842 993 1920 1046 Ac
1963 991 2041 1045 fe-

480 1094 717 1147 mineum
764 1091 1041 1160 quiddam,
1085 1090 1368 1151 Deitatem,
1402 1096 1665 1155 quantum
1704 1085 1924 1152 quidem
1974 1101 2040 1138 ex

478 1188 627 1237 vocis
662 1198 859 1252 genere
878 1181 1135 1235 aestimari
1158 1190 1327 1248 potest
1353 1179 1461 1231 ?Et
1488 1177 1724 1245 denique
1749 1176 2038 1245 Spiritum,

480 1286 758 1338 neutrum,
791 1273 1044 1340 quoniam
1084 1271 1217 1323 nihil
1240 1269 1452 1336 gignit?
1485 1267 1640 1333 Quod
1671 1268 1714 1320 si
1752 1268 1907 1333 juxta
1947 1284 2041 1321 ve-

482 1377 626 1420 teres
648 1367 857 1419 fabulas
889 1374 941 1418 et
965 1379 1136 1434 nugas
1170 1362 1273 1415 hoc
1300 1375 1519 1430 quoque
1542 1360 1704 1413 modo
1734 1358 1955 1421 luseris,
1986 1368 2045 1412 ut

2141 441 2438 508 ἀναγκαῖον
2468 434 2610 492 εῖναι
2628 440 2725 501 τὰς
2760 440 2911 493 κάτω
2931 441 3175 510 κλήσεις,
3228 442 3324 494 καὶ
3356 443 3476 512 ,τῆς
3512 444 3738 513 ἡμετὲ-

2145 549 2243 600 ρας
2277 530 2617 599 συγγενείας,
2648 531 2978 599 μεταφέρειν
3025 532 3119 585 ἐπὶ
3151 533 3212 584 τὸ
3242 534 3406 589 θεῖον.
3476 535 3548 588 Ἥ
3571 536 3738 603 τάχα

2143 625 2210 677 ἂν
2245 623 2309 675 σύ
2341 640 2404 691 γε
2437 622 2529 676 καὶ
2552 623 2759 692 ᾶρρενα
2782 622 2875 674 τὸν
2907 622 3041 675 Θεὸν
3064 626 3197 692 ἡμῖν
3218 624 3538 691 ὑπολάϐοις,
3571 626 3740 679 κατὰ

2144 718 2237 769 τὸν
2266 716 2423 780 λόγον
2455 715 2665 777 τοῦτον,
2701 715 2782 766 ὅτι
2812 714 2941 772 Θεὸς
2970 716 3323 782 ὀνομάζεται,
3357 717 3451 768 καὶ
3484 717 3694 786 Πατήρ
3721 734 3739 783 ;

2141 807 2234 859 καὶ
2267 805 2399 874 θῆλύ
2460 823 2511 858 τι
2570 806 2669 875 τὴν
2720 804 2968 873 θεότητα,
3005 806 3130 858 ὅσον
3165 807 3254 858 ἐπὶ
3301 808 3421 865 ταῖς
3450 807 3693 874 κλήσεσι
3718 849 3739 874 ,

2150 900 2245 951 καὶ
2274 898 2334 951 τὸ
2372 897 2600 964 Πνεῦμα
2662 898 2971 968 οὐδέτερον,
3027 898 3110 951 ὅτι
3148 899 3222 967 μὴ
3270 900 3641 967 γεννητικόν;
3684 902 3742 953 ει

2150 992 2207 1043 δέ
2250 1009 2331 1045 σοι
2369 994 2465 1046 καὶ
2503 990 2664 1043 τοῦτο
2704 990 2982 1059 παιχθείη,
3033 994 3099 1059 τῇ
3140 990 3339 1044 ἑαυτοῦ
3374 992 3599 1060 θελήσει
3633 992 3744 1043 τὸν

2147 1083 2278 1135 Θεὸν
2312 1084 2728 1151 συγγενόμενον,
2765 1082 2905 1134 κατὰ
2943 1082 3068 1144 τοὺς
3092 1081 3364 1142 παλαιοὺς
3393 1081 3592 1152 λήρους
3627 1083 3739 1133 καὶ

2158 1173 2383 1242 μύθους,
2423 1174 2789 1242 γεννήσασθαι
2842 1176 2932 1225 τὸν
2972 1172 3120 1237 Υἱὸν,
3172 1174 3403 1244 εἰσήχθη
3459 1193 3548 1235 τις
3588 1176 3737 1243 ἡμῖν

2151 1265 2243 1318 καὶ
2282 1266 2604 1335 Μαρκίωνος
2626 1306 2641 1329 ,
2678 1266 2774 1319 καὶ
2807 1265 3126 1317 Βαλεντίνου
3160 1264 3291 1327 Θεὸς
3320 1265 3729 1336 αρῤενόθηλυς,

2148 1356 2243 1407 τοῦ
2282 1349 2408 1418 τοῦς
2461 1358 2677 1417 καινοὺς
2714 1353 2918 1415 αἰῶνας
2957 1352 3436 1417 ἀνατυπώσαντος.

483 1460 651 1521 dicas,
682 1462 847 1514 Deum
881 1475 1001 1513 cum
1032 1458 1310 1511 voluntate
1341 1469 1437 1510 sua
1456 1467 1807 1521 congressum
1836 1453 2035 1506 Filium
2071 1452 2340 1523 genuisse,
2389 1449 2680 1505 Marcionis
2706 1450 2929 1519 quidem
2956 1465 3022 1503 ac
3054 1447 3353 1514 Valentini,
3406 1450 3501 1520 qui
3550 1464 3742 1507 novos

481 1565 662 1605 aaenas
692 1558 1032 1603 connnentus
1059 1556 1165 1607 est,
1215 1544 1721 1610 ltermapltroditum
1755 1543 2040 1610 quemdam
2078 1542 2242 1597 Deum
2279 1541 2578 1596 induxeris.

557 1643 826 1708 Quoniam
911 1655 1075 1708 porro
1145 1638 1465 1691 divisionem
1548 1645 1694 1691 tuam
1784 1637 2038 1705 primam,
2082 1645 2121 1698 Β

483 1738 588 1795 qua
632 1725 774 1778 inter
811 1722 1103 1789 ingenitum
1135 1732 1186 1772 et
1230 1720 1468 1786 genitum
1504 1718 1633 1769 uiltil
1675 1716 1911 1769 medium
1937 1730 2057 1767 esse

488 1814 797 1873 arbitraris,
828 1812 1241 1878 haudquaquam
1276 1808 1632 1869 admittimus,
1682 1812 1929 1876 protinus
1960 1808 2052 1863 tibi

486 1920 607 1959 cum
639 1902 892 1972 praeclara
945 1912 1034 1954 tua
1092 1900 1359 1953 divisione
1392 1898 1586 1954 fratres
1641 1899 1712 1953 illi
1744 1910 1799 1954 et
1834 1910 2057 1970 nepotes

486 1995 759 2062 pet‘litttttt,
793 2003 847 2045 ut
887 1992 1002 2059 qui,
1064 1991 1269 2058 primo.
1299 1989 1389 2042 illo
1418 1989 1795 2058 disputationis
1827 2000 1929 2044 tua:
1967 2006 2056 2044 ca-

485 2087 616 2154 pite,
640 2084 792 2152 quasi
828 2082 1137 2148 multiplicis
1172 2080 1453 2148 cujusdam
1490 2095 1663 2135 nexus
1698 2081 1850 2134 initio
1884 2082 2058 2146 primo

484 2170 845 2233 solutu,siniul
873 2185 1085 2239 quoque
1112 2168 1269 2223 soluti
1292 2183 1352 2221 ac
1369 2167 1558 2238 dilapsi
1750 2169 1878 2233 sint,
1898 2180 2058 2239 atque

490 2284 518 2313 ιι
560 2263 862 2315 divinitatis
886 2262 1131 2315 doctrina
1188 2274 1308 2314 sese
1356 2260 1728 2314 subduxerint.
1766 2260 1864 2315 Ubi
1890 2261 2055 2324 enim,

492 2368 697 2420 qumso,
725 2367 891 2420 pones
918 2351 989 2414 id,
1022 2352 1166 2420 quod
1198 2351 1459 2420 procedit,
1490 2353 1634 2419 quod
1677 2354 1893 2421 quidem
1918 2354 2059 2407 inter

487 2447 621 2495 duas
660 2443 941 2496 divisionis
991 2454 1094 2496 tua:
1143 2452 1329 2512 partes
1391 2440 1737 2511 iuterjectum
1785 2456 1907 2496 esse
1930 2456 2060 2497 cou-

486 2545 615 2597 stat,
647 2544 810 2602 atque
859 2550 887 2585 a
933 2533 1205 2603 tlteologo,
1237 2533 1405 2588 multo
1459 2543 1512 2587 te
1557 2534 1941 2601 praestantiori,
1977 2535 2057 2588 ni-

488 2622 681 2675 mirum
713 2638 741 2673 a
773 2621 1053 2676 Salvatore
1075 2631 1287 2686 nostro,
1320 2622 1713 2677 introducitur?
1741 2622 1854 2678 Nisi
1898 2623 2057 2689 forte,

488 2726 709 2782 propter
739 2714 955 2767 tertium
1012 2724 1160 2768 tuum
1220 2714 1649 2779 Testamentum,
1702 2731 1885 2770 vocem
1914 2715 2059 2771 illam

488 2822 550 2856 rx
610 2802 910 2872 Evatigeliis
969 2806 1297 2871 sustuleris,
1343 2808 1577 2875 Spiritus
1636 2812 1989 2879 sanctus,qui
2027 2826 2062 2864 ι

488 2892 653 2943 Patre
688 2894 920 2957 procedit
983 2899 999 2927 ⁸
1032 2894 1187 2963 ;qui,
1238 2905 1506 2963 quatenus
1557 2896 1622 2947 ab
1669 2895 1759 2948 illo
1794 2896 2059 2963 procedit,

489 2998 734 3038 creatura
767 2999 869 3037 non
894 2995 978 3039 est
1009 3003 1021 3038 :
1055 2994 1324 3053 quatenus
1363 3000 1554 3039 rursus
1583 2985 1796 3053 genitus
1830 2996 2054 3048 nonest,

2145 3011 2227 3047 που
2252 2994 2351 3057 τὰς
2375 2994 2483 3047 τῶν
2516 2992 2892 3062 συλλογισμῶν
2922 2994 3093 3061 ἄρκυς
3115 2988 3396 3059 διαφυγὼν
3432 3031 3450 3057 ,

489 3075 655 3128 Filius
681 3092 785 3127 non
813 3084 923 3129 est:
951 3085 1219 3143 quatenus
1252 3085 1431 3128 autem
1491 3076 1634 3129 inter
1668 3076 1965 3145 ingenitum
2008 3090 2059 3131 et

491 3169 726 3232 genitum
748 3167 957 3220 medius
976 3176 1075 3229 est,
1098 3166 1236 3221 Deus
1260 3177 1363 3220 est.
1383 3168 1559 3234 Atque
1586 3168 1658 3220 ita
1688 3168 1870 3222 vitatis
1897 3169 2057 3238 syllo-

492 3260 789 3328 gismorum
867 3266 1075 3311 tuorum
1112 3257 1339 3324 laqueis,
1394 3259 1534 3312 Deus
1579 3258 1864 3311 manifeste
1894 3276 2059 3329 appa-

494 3351 622 3411 ruit,
652 3349 1007 3401 divisionibus
1039 3349 1141 3403 tuis
1168 3348 1374 3401 ﬁrmior
1399 3359 1453 3402 et
1483 3347 1763 3403 valentior.
1785 3350 1913 3415 Qua:
1934 3366 2061 3418 ergo

492 3452 572 3493 est
602 3442 711 3493 lure
743 3440 1049 3507 processio?
1080 3439 1309 3507 inquies.
1352 3439 1443 3494 Dic
1470 3448 1523 3492 tu
1554 3455 1672 3509 qua:
1716 3440 1888 3493 Patris
1916 3442 2056 3509 inge.

494 3535 671 3586 nitura
704 3534 793 3596 sit,
838 3542 893 3584 et
946 3544 1045 3599 ego
1076 3529 1196 3584 Filii
1258 3532 1684 3600 generationem,
1747 3544 1800 3585 et
1828 3531 2063 3602 Spiritus

492 3625 895 3695 processioueut
930 3621 1203 3690 explicare
1229 3622 1535 3691 aggrediar,
1560 3638 1665 3691 quo
1694 3622 1784 3677 [iet
1818 3634 1873 3677 ut
1904 3627 2063 3679 auxlio

496 3717 803 3779 deliremus,
836 3712 886 3765 iu
911 3710 1004 3765 Dei
1039 3713 1294 3780 mysteria
1324 3711 1509 3769 oculos
1527 3713 1840 3782 ,injicieutes
1864 3732 1878 3769 :
1905 3714 2064 3782 idque

494 3810 583 3876 qui
621 3803 878 3859 tandem?
938 3802 1139 3870 Nempe
1197 3803 1286 3871 qui
1332 3819 1397 3857 ne
1426 3819 1485 3859 ea
1541 3807 1919 3874 quidemquae
1942 3816 2065 3859 ante

497 3900 659 3967 pedes
686 3908 833 3961 sunt,
866 3896 1032 3963 seire,
1087 3910 1185 3950 uec
1240 3910 1460 3951 arenam
1497 3897 1684 3962 maris,
1742 3909 1834 3953 aut
1871 3900 2065 3969 pluvias

2219 1636 2374 1688 Ἐπεὶ
2436 1636 2493 1688 δέ
2530 1652 2625 1689 σου
2679 1635 2779 1705 τὴν
2847 1635 3071 1705 πρώτην
3145 1634 3411 1703 διαίρεσιν
3466 1636 3529 1688 οὐ
3569 1636 3743 1707 δεχό-

2139 1717 2297 1786 μεθα,
2338 1716 2438 1786 τὴν
2470 1716 2637 1786 μηδὲν
2669 1716 2964 1785 ἀγεννήτων
2994 1716 3089 1767 καὶ
3112 1714 3375 1785 γεννητοῦ
3405 1714 3570 1784 μέσον
3592 1716 3740 1770 ὑπο-

2134 1804 2537 1875 λαμϐάνουσαν,
2561 1805 2761 1858 αὐτίκα
2790 1805 3095 1874 οἰχήσονταί
3120 1822 3203 1856 σοι
3234 1803 3371 1874 μετὰ
3395 1805 3494 1876 τῆς
3516 1805 3737 1876 σεμνῆς

2133 1899 2448 1969 διαιρέσεως
2498 1901 2547 1951 oi
2580 1898 2797 1969 ἀδελφοὶ
2838 1898 2933 1952 καὶ
2973 1900 3022 1951 οἱ
3073 1899 3295 1963 υἱωνοὶ,
3344 1898 3533 1969 ὥσπερ
3572 1900 3733 1961 τινὸς

2134 1988 2335 2060 δεσμοῦ
2396 1989 2733 2043 πολυπλόκου
2790 1990 2889 2060 τῆς
2954 1988 3175 2060 πρώτης
3222 1990 3397 2060 ἀρχῆς
3454 1990 3732 2043 διαλυθεί-

2137 2098 2236 2152 σης
2281 2123 2296 2148 ,
2439 2081 2900 2148 συνδιαλυθέντες,
2944 2082 3037 2134 καὶ
3065 2083 3161 2151 τῆς
3193 2080 3473 2149 θεολογίας
3502 2083 3727 2152 ὑποχω-

2138 2175 2416 2245 ρήσαντες.
2454 2172 2563 2225 Ποῦ
2596 2173 2705 2245 γὰρ
2737 2174 2921 2244 θήσεις
2961 2173 3025 2227 τὸ
3061 2173 3411 2242 ὲκπορευτὸν,
3444 2174 3567 2226 εἰπέ
3599 2191 3723 2243 μοι,

2137 2265 2300 2335 μέσον
2340 2266 2611 2334 ἁναφανὲν
2649 2268 2748 2335 τῆς
2782 2266 2881 2335 σῆς
3065 2264 3403 2335 διαιρέσεως,
3446 2264 3540 2317 καὶ
3572 2265 3736 2334 παρὰ

2134 2353 2450 2423 κρείσσονος
2480 2354 2514 2424 ἢ
2545 2356 2687 2407 κατὰ
2721 2353 2779 2406 σὲ
2809 2352 3082 2421 θεολόγον,
3117 2351 3212 2405 τοῦ
3248 2352 3502 2422 Σωτῆρος
3531 2352 3728 2423 ἡμῶν,

2134 2443 2487 2513 εἰσαγόμενον
2533 2461 2547 2509 ;
2686 2443 2749 2497 El
2780 2444 2855 2514 μὴ
2884 2443 2982 2511 τὴν
3018 2441 3199 2513 φωνὴν
3228 2443 3442 2512 ἐκείνην
3468 2443 3575 2495 τῶν
3611 2444 3734 2496 σῶν

2133 2533 2334 2599 ἐξεῖλες
2367 2536 2737 2605 Εὑαγγελίων,
2772 2534 2860 2588 διὰ
2899 2536 2998 2605 τὴν
3045 2536 3238 2605 τρίτην
3288 2552 3382 2587 σου
3420 2535 3729 2604 Διαθήκην,

2132 2627 2197 2681 τὸ
2231 2627 2474 2695 Πνεῦμα
2492 2627 2559 2680 τὸ
2581 2627 2769 2696 ἄτιον,
2795 2625 2825 2680 ὃ
2852 2627 3011 2694 παρὰ
3030 2624 3133 2679 τοῦ
3158 2626 3389 2692 Πατρός
3404 2624 3733 2692 ἐκπορεύε-

2130 2733 2254 2771 ται·
2290 2716 2320 2770 ὃ
2358 2717 2479 2771 καθ’
2521 2719 2644 2771 ὅσον
2688 2720 2787 2788 μὲν
2824 2714 3034 2771 ἐκεῖθεν
3074 2716 3430 2787 ἐκπορεύεται
3453 2758 3466 2779 ,
3508 2716 3569 2768 οὺ
3601 2716 3727 2767 κτί-

2132 2825 2277 2879 σμα·
2318 2808 2438 2861 καθ’
2481 2809 2604 2862 ὅσον
2629 2809 2686 2862 δὲ
2709 2810 2768 2862 οὐ
2804 2809 3080 2878 γεννητὸν,
3120 2809 3219 2877 οὺχ
3260 2807 3387 2868 Υἱός
3408 2826 3419 2837 ·
3450 2806 3572 2859 καθ’
3594 2808 3729 2858 ὅσον

2128 2900 2184 2953 δὲ
2201 2900 2495 2971 ἀγεννήτου
2522 2901 2616 2954 καὶ
2637 2899 2895 2970 γεννητοῦ
2916 2900 3099 2970 μέσον,
3122 2898 3252 2961 Θεός
3272 2940 3285 2951 .
3307 2898 3414 2951 Καὶ
3575 2892 3729 2947 οὕτω

3583 2986 3727 3050 Θεὸς

2131 3086 2474 3156 ἀναπέφηνε,
2519 3084 2626 3137 τῶν
2673 3085 2780 3138 σῶν
2826 3084 3142 3154 διαιρέσεων
3356 3079 3722 3152 ἰσχυρότερος.

2130 3179 2227 3241 Τίς
2256 3173 2348 3230 οῦν
2377 3180 2410 3247 ἡ
2447 3175 2810 3248 ἐκπόρευσις;
2847 3175 2985 3228 Εἰπὲ
3022 3176 3085 3227 σὺ
3127 3171 3225 3243 τὴν
3255 3171 3589 3241 ἁγεννησίαν
3624 3168 3727 3223 τοῦ

2133 3269 2366 3339 Ιίατρὸς,
2397 3266 2552 3335 κάγὼ
2576 3267 2675 3337 τὴν
2717 3266 2969 3334 γέννησιν
3006 3263 3101 3316 τοῦ
3142 3262 3270 3315 Υἱοῦ
3311 3260 3719 3331 φυσιολογήσω,

2132 3360 2226 3412 καὶ
2251 3360 2349 3429 τὴν
2375 3358 2695 3429 ὲκπόρευσιν
2725 3356 2819 3407 τοῦ
2849 3354 3186 3423 Πνεύματος,
3216 3352 3310 3405 καὶ
3340 3348 3717 3421 παραπληκτίο

2134 3467 2299 3519 σομεν
2466 3449 2637 3519 ἄμφω
2665 3449 2743 3509 είς
2762 3445 2898 3498 Θεοῦ
2934 3447 3206 3515 μυστήρια
3231 3442 3702 3511 παρακύπτοντεςο

2132 3541 2223 3591 καὶ
2256 3539 2429 3593 ταῦτα
2465 3537 2637 3599 τίνες;
2669 3536 2731 3588 Οἱ
2766 3534 2899 3605 μηδὲ
2940 3533 3006 3584 τὰ
3042 3534 3098 3584 ὲν
3129 3533 3284 3585 ποσὶν
3327 3530 3532 3584 εἰδέναι
3562 3528 3708 3583 δυνά-

2135 3646 2306 3700 μενοι,
2344 3629 2478 3699 μηδὲ
2508 3628 2733 3698 ψάμμον
2773 3624 3083 3686 θαλασσῶν,
3112 3624 3207 3677 καὶ
3238 3623 3504 3690 σταγόνας
3535 3619 3709 3681 ὑετοῦ,

2131 3722 2225 3773 καὶ
2257 3719 2470 3792 ἡμέρας
2508 3719 2703 3782 αἰῶνος
2750 3715 3181 3787 ἐξαριθμεῖσθαι,
3218 3714 3291 3784 μὴ
3341 3714 3423 3767 ὅτι
3465 3730 3532 3781 γε
3580 3709 3716 3765 Θεοῦ

2132 3810 2353 3880 βάθεσιν
2397 3811 2751 3882 ἐμϐατεύειν.
2798 3810 2893 3864 καὶ
2938 3811 3095 3879 λόγον
3131 3809 3351 3879 ὑπέχειν
3399 3808 3503 3877 τῆς
3544 3808 3717 3871 οὕτως

2130 3904 2371 3973 ἀρρήτου
2412 3904 2504 3956 καὶ
2528 3904 2667 3975 ὑπὲρ
2702 3904 2859 3971 λόγον
2886 3902 3120 3971 φύσεως.

488 4005 688 4063 guttas,
711 4007 763 4049 et
786 3996 904 4048 dits
934 3994 1118 4049 saeculi
1149 4008 1471 4047 enumerare
1507 4008 1817 4062 possumus.
1866 3993 2064 4049 nedum
2115 3995 2170 4050 in
2213 3992 2309 4050 Dei
2350 3992 2614 4063 profunda
2639 4004 2943 4066 penetrare,
2991 4004 3306 4062 naturaeque
3334 3996 3469 4049 adeo
3491 4010 3729 4059 arcane,

490 4097 650 4157 atque
672 4106 882 4142 omuem
919 4090 1143 4142 rationis
1183 4087 1493 4141 facultatmn
1528 4103 1699 4156 usque
1735 4089 1871 4142 adeo
1894 4089 2200 4157 superantis
2231 4091 2465 4144 rationes
2487 4091 2732 4146 reddere.

985 4222 1064 4275 Ex
1084 4224 1261 4277 eadem
1294 4229 1553 4280 oratione.

2604 4224 2706 4279 Ἐκ
2738 4223 2844 4278 τοῦ
2876 4225 3061 4278 αὐτοῦ
3093 4228 3298 4294 λόγου.

559 4356 700 4423 Quid
740 4375 868 4428 ergo
903 4372 1005 4425 est,
1037 4360 1312 4428 inquiunt,
1349 4365 1491 4430 quod
1524 4364 1752 4432 Spiritui
1788 4365 1959 4431 deest,
1987 4364 2054 4421 ad

2234 4349 2299 4400 Τί
2354 4345 2446 4402 οὖν
2507 4352 2647 4412 ἐστι,
2712 4352 2896 4419 φησὶν,
2950 4353 2977 4406 ὃ
3036 4354 3218 4407 λείπει
3285 4354 3361 4424 τῷ
3418 4356 3731 4427 Πνεύμειτι,

494 4450 596 4506 hoc
621 4461 679 4505 ut
708 4453 778 4505 sit
807 4451 1015 4507 Filius?
1042 4454 1155 4509 Nisi
1187 4473 1333 4510 enim
1376 4458 1578 4526 aliquid
1611 4459 1850 4521 deesset.
1875 4458 2051 4515 Filius

490 4554 656 4600 esset.
677 4543 872 4599 Decsse
888 4545 1296 4602 nihildicimus.
1316 4546 1429 4600 Non
1453 4550 1597 4602 enim
1625 4549 1735 4605 Deo
1760 4550 2053 4621 quidquam

490 4638 661 4691 deest.
698 4636 895 4691 Verum
937 4638 1420 4703 manifestatimiis,
1472 4650 1530 4694 ut
1564 4643 1635 4696 ita
1663 4644 1861 4709 dicant,
1936 4661 2053 4698 mu-

493 4739 706 4799 tumque
722 4746 909 4785 eorum
929 4732 1210 4785 relationis
1226 4732 1557 4797 differentia,
1591 4734 1808 4789 diversa
1840 4751 2056 4805 quoque

490 4824 620 4890 ipsis
655 4816 875 4878 nomina
904 4826 1234 4893 procreavit.
1266 4826 1461 4895 Neque
1492 4828 1640 4880 enim
1672 4826 1812 4881 Filio
1845 4828 2052 4895 aliquid

489 4918 658 4971 deest.
718 4916 783 4984 ad
816 4918 914 4968 hoc
947 4924 1005 4967 ut
1033 4917 1102 4969 sit
1134 4918 1289 4970 l’nter
1316 4918 1440 4978 (nec
1466 4918 1643 4987 enim]
1666 4918 1913 4973 defectus
1977 4927 2063 4973 est

497 5004 726 5071 tiliatio),
763 5020 861 5058 nec
889 5017 1177 5074 propterea
1206 5017 1384 5062 tamen
1422 5008 1577 5062 Pater
1605 5021 1705 5065 est.
1741 5009 2061 5078 Alioquiea-

493 5095 611 5145 tiettt
644 5095 852 5147 razione
874 5095 1017 5149 l’atri
1038 5097 1242 5166 aliquid
1264 5100 1459 5159 deerit.
1483 5102 1547 5152 ad
1576 5102 1677 5153 hoc
1698 5102 1843 5155 utsit
1863 5101 2053 5155 Filius.

493 5185 601 5239 Nec
630 5188 773 5240 enim
801 5189 958 5241 Pater
973 5187 1142 5250 Filius
1173 5201 1275 5243 est.
1303 5190 1406 5244 Sed
1436 5193 1547 5245 haec
1570 5193 1844 5247 defectum
1871 5195 2056 5259 procul

490 5275 657 5330 dubio
691 5280 1055 5349 undequaque
1091 5296 1197 5334 non
1233 5293 1489 5350 arguunt,
1524 5298 1621 5337 nec
1655 5286 1906 5339 essentia:
1931 5286 2054 5339 sub-

495 5368 804 5423 tnissionetn
836 5390 848 5425 :
891 5371 1022 5441 quin
1060 5372 1241 5441 potius
1260 5387 1325 5426 ex
1363 5372 1451 5427 itis
1482 5376 1699 5428 verbis:
1738 5374 1887 5439 Quod
1918 5378 2060 5445 geni-

500 5468 582 5510 tus
613 5478 719 5514 non
750 5466 838 5529 sit,
863 5476 915 5518 et
945 5466 1083 5535 quod
1124 5466 1353 5536 genitus,
1384 5476 1437 5519 et
1466 5466 1606 5534 quod
1654 5467 1920 5535 procedat,
1960 5469 2061 5522 hoc

571 5642 585 5668 ³
618 5640 773 5692 ὶικιιι.
812 5658 897 5703 xv,
922 5645 1016 5698 ΞΟ.

2162 4439 2295 4510 πρὸς
2345 4441 2404 4492 τὸ
2460 4436 2601 4494 εἶναι
2657 4441 2827 4509 Υἱόνς
2890 4444 2949 4495 Εἰ
3001 4446 3111 4515 γὰρ
3142 4448 3216 4515 μὴ
3269 4446 3456 4500 λείπόν
3524 4465 3580 4502 τι
3638 4445 3731 4519 ἦν,

2166 4530 2293 4593 Υἱὸς
2328 4530 2394 4583 ἂν
2439 4527 2528 4601 ἦν.
2580 4534 2653 4587 Οὐ
2687 4534 2897 4588 λείπειν
2957 4538 3159 4607 φαμέν·
3218 4538 3341 4593 οὐδὲ
3393 4540 3501 4610 γὰρ
3564 4542 3737 4593 ἐλλει-

2164 4625 2269 4695 πὴς
2336 4626 2489 4688 Θεόςσ
2533 4624 2594 4678 τὸ
2654 4626 2711 4678 δὲ
2773 4628 2874 4697 τῆς
2950 4632 3289 4699 ὲκφάνσεως,
3351 4633 3626 4697 ἴνόῦτως
3656 4637 3738 4688 εί-

2166 4735 2274 4783 πω,
2303 4719 2334 4789 ἢ
2371 4719 2471 4789 τῆς
2501 4719 2638 4788 πρὸς
2671 4720 2878 4791 ἄλληλα
2908 4723 3145 4793 σχέσεως
3166 4726 3443 4794 διάφορον,
3469 4727 3728 4795 διάφορον

2166 4812 2344 4865 αὐτῶν
2389 4814 2478 4864 καὶ
2513 4813 2609 4881 τὴν
2645 4814 2837 4880 κλῆσιν
2863 4816 3186 4879 πεποίηκεν.
3228 4816 3365 4868 Οὐδὲ
3396 4819 3594 4886 γὰρτῷ
3624 4819 3737 4890 Υἰῷ

2162 4902 2411 4957 λείπειτι
2473 4905 2608 4975 πρὸς
2654 4907 2711 4957 τὸ
2765 4905 2905 4959 εἶναι
2943 4908 3161 4974 Πατέρα
3222 4908 3363 4977 (οὐδὲ
3426 4912 3533 4978 γὰρ
3562 4910 3738 4962 ἔλλει-

2158 4997 2248 5063 ψις
2282 5000 2313 5067 ἡ
2355 4996 2587 5067 υίότης),
2619 4999 2733 5049 ἀλλ’
2763 4998 2823 5049 οὐ
2864 5000 3015 5068 παρὰ
3045 5001 3201 5051 τοῦτο
3242 5002 3453 5070 Πατήρ.
3492 5004 3559 5053 Ἢ
3594 5002 3740 5053 οὕτω

2161 5107 2221 5157 γε
2267 5092 2359 5142 καὶ
2416 5092 2494 5160 τῷ
2537 5092 2717 5159 Πατρὶ
2764 5092 2938 5143 λείπει
2976 5110 3029 5143 τι
3088 5093 3225 5161 πρὸς
3289 5093 3350 5143 τὸ
3404 5088 3543 5145 εἶναι
3586 5093 3737 5143 Υίόνο

2158 5185 2216 5234 οὐ
2244 5183 2354 5251 γὰρ
2399 5184 2524 5244 Υἱὸς
2575 5185 2601 5234 ὁ
2642 5184 2858 5252 Πατήρ.
2895 5183 3036 5237 Ἀλλ’
3060 5186 3158 5237 οὐκ
3211 5184 3503 5253 ἐλλείψεως
3561 5185 3737 5237 ταῦτά

2166 5280 2354 5340 ποθεν,
2388 5278 2506 5329 οὐδὲ
2531 5277 2629 5346 τῆς
2654 5280 2799 5330 κατὰ
2838 5277 2935 5346 τὴν
2967 5278 3159 5331 οὐσίαν
3193 5280 3464 5345 ὑφέσεως·
3520 5281 3653 5331 αὐτὸ
3676 5281 3731 5331 δὲ

2163 5370 2241 5434 τὸ,
2269 5371 2362 5436 Mi;
2402 5369 2785 5438 γεγενῆσθαι,
2834 5371 2927 5423 καὶ
2985 5371 3046 5421 τὸ
3092 5369 3473 5439 γεγενῆσθαι,
3532 5373 3626 5423 καὶ
3680 5373 3736 5423 τὸ

2163 5466 2616 5533 ἐκπορεύεσθαι,
2672 5468 2759 5519 τὸν
2796 5468 2893 5536 μὲν
2946 5468 3182 5535 Πατέρα,
3246 5467 3333 5522 τὸν
3363 5468 3418 5520 δὲ
3474 5468 3621 5532 Υίὸν,
3675 5467 3732 5517 τὸ
