4036 6210
312 260 419 324 825

1269 265 1640 327 PANOPLIA
1682 268 2135 331 DOGMA'I‘ICA.
2171 295 2237 306 ·-·
2277 271 2423 334 ΤΙΤ.
2464 272 2604 335 XII.

313 399 370 452 δὲ
431 434 445 454 .
587 393 734 447 τοῦθ’
776 394 912 463 ὅπερ
943 394 1198 462 λεγεται,
1237 389 1461 460 Πνεῦμα
1513 390 1668 460 ἅγιον
1716 405 1883 461 προσ-

1977 401 2206 458 είΐυειιιηι
2239 415 2344 470 est,
2377 415 2433 460 ut
2460 407 2598 462 alius
2629 405 2808 474 Pater,
2849 408 2986 462 alius
3029 407 3217 474 Filius,
3247 411 3385 467 alius
3427 410 3553 478 Spi-

310 485 630 555 ηγὸρευσεν,
653 482 740 534 ἵνα
765 481 824 533 τὸ
843 479 1147 550 άσύγχυτον
1171 477 1410 548 σώζηται
1433 476 1542 531 τῶν
1569 479 1733 549 τριῶν
1764 479 1887 532 ὐπο-

315 573 556 628 στὰσέων
586 573 644 625 ὲν
671 574 737 642 τῇ
776 573 877 642 μιᾷ
905 571 1066 642 φύσει
1093 588 1152 624 τε
1185 571 1278 624 καὶ
1304 569 1432 639 ἀξίᾳ
1472 569 1573 639 τῆς
1613 568 1885 639 θεότητος.

316 665 452 719 Οῦτε
483 664 592 734 γὰρ
618 665 646 714 6
677 663 802 724 Υἱὸς
833 662 1023 733 Πατὴρ
1048 657 1152 732 (εἷς
1183 661 1293 730 γὰρ
1329 659 1564 730 Πατὴρ),
1606 659 1719 712 ἀλλ’
1749 661 1887 728 ὅπερ

313 759 341 808 6
366 757 556 825 Πατήρ
575 772 588 784 ·
621 753 744 806 οὔτε
771 753 833 805 τὸ
859 753 1084 822 Πνεῦμα
1112 753 1236 815 Υἱὸς
1273 792 1290 817 ,
1417 753 1499 804 ὅτι
1531 751 1597 804 ὲκ
1622 749 1715 803 τοῦ
1750 747 1886 802 Θεοῦ

317 841 419 909 ίείς
464 847 572 916 γὰρ
618 849 647 897 6
686 845 1049 914 Μονογενὴς),
1095 843 1209 897 ἀλλ’
1255 845 1392 914 ὅπερ
1437 844 1466 895 6
1512 842 1666 905 Υίός·
1713 840 1771 893 ἓν
1819 840 1887 893 τὰ

315 939 443 1008 τρία
471 941 537 1007 τῇ
573 936 808 1006 θεότητι,
841 936 1018 988 καὶτὸ
1062 936 1118 987 ἓν
1158 936 1283 1007 τρία
1308 937 1428 996 ταῖς
1469 933 1752 1002 ἰδιότησινο
1800 931 1886 983 ἵνα

319 1029 458 1097 μήτε
483 1027 542 1079 τὸ
572 1025 630 1077 ἓν
664 1025 952 1078 Σαϐέλλιον
977 1021 1033 1099 ᾗ.
1074 1026 1211 1094 μήτε
1245 1024 1312 1076 τὰ
1346 1023 1473 1096 τρία
1508 1023 1609 1092 τῆς
1645 1020 1886 1090 πονηρᾶς

316 1118 413 1171 νῦν
581 1116 912 1188 διαιρέσεως.

488 1387 552 1439 Τί
585 1382 706 1449 οῦν;
755 1384 886 1446 Θεὸς
931 1383 990 1436 τὸ
1037 1383 1292 1456 Πνεῦμα;
1341 1381 1490 1436 Πάνυ
1538 1398 1623 1450 γε.
1664 1380 1730 1433 Τί
1771 1375 1889 1446 οῦν,

317 1479 633 1551 ὁμοούσιον;
666 1475 836 1546 Εἴπερ
873 1475 1023 1538 Θεός.
1068 1476 1166 1538 Δὸς
1206 1471 1298 1528 οὖν
1333 1491 1441 1545 μοι,
1473 1474 1657 1543 φησὶν,
1696 1475 1761 1525 ὲκ
1794 1470 1888 1524 τοῦ

319 1571 510 1631 αὑτοῦ,
543 1569 601 1621 τὸ
649 1568 747 1638 μὲν
788 1566 933 1629 Υίὸν,
976 1566 1038 1618 τὸ
1069 1566 1125 1618 δὲ
1153 1567 1250 1635 οὐχ
1284 1565 1432 1630 Υίὸν,
1467 1561 1584 1617 εἶτα
1608 1562 1886 1634 ὁμοούσια,

319 1662 415 1716 καὶ
460 1662 684 1730 δέχομαι
843 1657 1032 1720 ’Θεὸν,
1076 1658 1168 1710 καὶ
1207 1658 1359 1710 Θεόν.
1406 1658 1504 1719 Δός
1552 1674 1643 1726 μοι
1688 1656 1780 1708 καὶ
1825 1657 1888 1709 σὺ

314 1750 651 1811 άλλονΘεὸν,
683 1748 778 1801 καὶ
813 1747 974 1813 φύσιν
1008 1746 1164 1814 Θεοῦ,
1198 1747 1294 1798 καὶ
1337 1745 1492 1798 δώσω

313 1845 486 1915 αὐτὴν
528 1841 733 1914 Τριάδα
788 1837 926 1910 μετὰ
977 1837 1084 1892 τῶν
1134 1839 1313 1892 αὐτῶν
1367 1838 1647 1909 ὀνομάτων
1698 1855 1757 1890 τε
1800 1839 1892 1890 καὶ

315 1935 684 2008 πραγμάτων.
715 1933 778 1984 Εἰ
815 1930 873 1983 δὲ
912 1925 992 1991 εἷς
1025 1930 1053 1981 6
1082 1928 1214 1991 Θεός
1243 1946 1303 1980 τε
1331 1929 1426 1982 καὶ
1603 1928 1701 1998 μία
1734 1927 1893 1994 φύσις

316 2030 354 2096 ἡ
393 2025 676 2085 ἀνωτάτω,
705 2019 869 2073 πόθεν
901 2019 1233 2088 παραστήσω
1265 2034 1346 2070 σοι
1370 2017 1468 2084 τὴν
1501 2017 1792 2086 ὀμοίωσιν;
1823 2017 1894 2068 Ἦ

318 2115 505 2184 ζητεῖς
597 2119 600 2122 ’
700 2109 860 2161 πάλιν
906 2109 970 2160 ὲκ
1005 2105 1114 2159 τῶν
1156 2107 1306 2160 κάτω
1353 2105 1446 2158 καὶ
1488 2106 1595 2157 τῶν
1627 2107 1755 2173 περὶ
1799 2103 1891 2167 σέ;

317 2207 456 2259 Δίαν
507 2204 604 2274 μὲν
653 2200 898 2270 αἰσχρὸν,
947 2199 1043 2252 καὶ
1096 2198 1196 2250 οὐκ
1251 2197 1475 2267 αἰσχρὸν
1531 2195 1712 2266 μόνον,
1762 2195 1898 2249 ἀλλὰ

319 2298 419 2350 καὶ
458 2297 684 2365 μάταιον
727 2289 1011 2357 ἐπιεικῶς,
1053 2291 1118 2342 ὲκ
1170 2287 1278 2341 τῶν
1319 2288 1470 2341 κάτω
1502 2286 1608 2339 τῶν
1641 2285 1752 2338 ἄνω
1798 2288 1896 2356 τὴν

319 2387 572 2441 εἰκασίαν
613 2382 930 2454 λαμϐάνειν,
959 2379 1184 2434 καὶτῶν
1234 2379 1502 2448 ἀκινήτων
1541 2379 1606 2430 ὲκ
1635 2377 1736 2446 τῆς
1772 2378 1897 2446 ῥευ-

324 2479 461 2544 στῆς
514 2473 750 2542 φύσεως,
804 2469 937 2535 καὶ,
984 2469 1012 2521 ὃ
1047 2483 1212 2538 φησιν
1253 2467 1500 2530 Ἡσαΐας,
1552 2464 1898 2536 ὲκζητεϊσθαι

321 2564 394 2618 τὰ
437 2562 618 2626 ζῶντα
811 2561 870 2613 ὲν
899 2561 1012 2622 τοῖς
1059 2560 1292 2629 νεκροῖς.
1321 2559 1507 2627 Ὅμως
1535 2557 1591 2610 δὲ
1641 2556 1900 2628 πειράσο-

329 2671 452 2724 μαι,
484 2651 582 2722 σὴν
613 2651 794 2721 χάριν,
827 2647 1120 2702 κάντεῦθεν
1144 2647 1323 2700 δοῦναί
1355 2665 1478 2700 τινα
1508 2648 1586 2718 τῷ
1753 2647 1896 2714 λόγῳ

327 2743 598 2813 βοήθειαν.
657 2742 737 2794 Τὰ
799 2739 897 2810 μὲν
943 2735 1035 2792 οὖν
1081 2738 1217 2793 ἄλλα
1272 2739 1540 2809 παρήσειν
1597 2755 1687 2809 μοι
1733 2737 1896 2811 ᾷοκῶ,

329 2833 502 2887 πολλὰ
535 2833 599 2885 ἂν
647 2815 784 2901 ἔχων
822 2831 887 2883 ὲκ
933 2831 1030 2900 τῆς
1060 2830 1190 2900 περὶ
1243 2828 1395 2894 ζώων
1433 2829 1669 2900 ἱστορίας
1697 2831 1898 2893 εἰπεῖν,

326 2924 401 2978 τὰ
435 2925 531 2994 μὲν
574 2925 703 2992 ἡμῖν
733 2920 1006 2994 γνώριμα,
1047 2921 1116 2973 τὰ
1155 2921 1212 2974 δὲ
1242 2923 1352 2982 τοῖς
1381 2919 1608 2987 ὀλίγοιςο
1641 2921 1740 2973 ὅσα
1775 2919 1900 2990 περὶ

328 3016 430 3078 τὰς
483 3014 588 3066 τῶν
640 3011 794 3075 ζώων
847 2993 1089 3079 γενέσεις
1121 3013 1154 3081 ἡ
1210 3010 1371 3078 φύσις
1427 3010 1896 3080 ὲφιλοτεχνήσατο.

1967 495 2106 549 ritus
2126 507 2348 549 sanetus
2382 495 2698 564 appelletur,
2729 506 2890 566 atque
2942 498 3014 550 ita
3051 499 3334 554 inconfusa
3382 505 3544 556 trium

1962 599 2314 654 personarum
2346 585 2622 640 distinctio
2657 588 2710 640 in
2764 602 2868 641 uua
2914 589 3209 643 divinitatis
3257 603 3445 644 natura
3495 607 3548 646 et

1961 675 2220 742 dignitate
2248 685 2618 730 conservetur.
2649 676 2830 746 Neque
2857 679 2999 732 enim
3034 679 3201 732 Filius
3246 690 3331 733 est
3389 681 3550 734 Pater

1963 766 2130 831 (unus
2153 766 2294 818 enim
2322 774 2402 817 est
2436 765 2648 834 Pater),
2696 771 2788 820 sed
2821 778 2903 820 est
2944 768 2992 820 id
3035 769 3174 836 quod
3219 768 3382 822 Pater
3411 789 3422 823 :
3452 787 3549 825 nec

1963 855 2197 922 Spirittts
2235 862 2317 909 est
2361 854 2550 918 Filius,
2607 857 2728 922 quia
2774 873 2838 910 ex
2875 857 2983 910 Deo
3029 868 3110 911 est
3173 857 3348 928 (unus
3405 861 3547 912 enim

1963 945 2359 1016 Unigcnitus),
2412 949 2505 1001 sed
2562 958 2642 1000 est
2683 949 2731 999 id
2789 950 2928 1015 quod
2977 947 3144 1003 Filius
3194 967 3207 1002 :
3261 951 3360 1002 tria
3433 949 3549 1002 haec

1963 1055 2146 1101 ttnttm,
2177 1040 2219 1092 si
2245 1039 2578 1091 divinitatem
2799 1049 3037 1107 spectes,
3067 1051 3120 1093 et
3150 1058 3309 1093 unum
3348 1042 3470 1106 tria,
3501 1041 3546 1096 si

1963 1133 2352 1199 proprietatum
2382 1132 2638 1188 rationem
2682 1130 2912 1196 habeas;
2947 1142 3002 1183 ut
3033 1147 3129 1183 nec
3163 1148 3326 1184 utinm
3363 1131 3550 1186 Sabel-

1960 1222 2034 1276 lio
2062 1223 2253 1285 faveat,
2310 1237 2407 1275 nec
2456 1223 2558 1274 tria
2636 1222 2904 1288 pestifera:
2951 1223 3239 1284 divisioni,
3275 1239 3393 1290 qua}
3451 1225 3550 1276 bac

1963 1325 2280 1384 tempestate
2303 1316 2465 1384 viget.

2129 1407 2266 1474 Quid
2291 1408 2459 1476 ergo?
2481 1405 2716 1472 Spiritus
2744 1416 2964 1458 sanctus
2985 1414 3065 1457 est
3097 1405 3274 1457 Deus?
3296 1403 3545 1457 Maxime.

1962 1497 2440 1556 Consubstantialis
2497 1496 2698 1564 igitur?
2762 1493 3026 1554 Prorsus.
3069 1494 3335 1560 siquidem
3384 1492 3545 1546 Deus.

1965 1595 2037 1646 Da
2068 1592 2230 1660 igitur
2263 1590 2416 1653 mihi,
2453 1587 2651 1656 inquis,
2681 1603 2746 1640 ex
2774 1585 2959 1640 eodem
2991 1585 3132 1636 aliud
3164 1599 3283 1636 esse
3328 1581 3546 1644 Filium,

1966 1681 2152 1744 aliud,
2183 1680 2326 1747 quod
2364 1677 2533 1731 Filius
2574 1692 2678 1728 non
2706 1675 2796 1737 sit,
2825 1682 2880 1727 et
2919 1681 3096 1726 tamen
3147 1671 3389 1739 ejusdem
3425 1687 3546 1724 cum

1677 1763 1759 1798 σοι
1792 1745 1890 1813 τὴν
1911 1762 2053 1830 Billo
2082 1745 2416 1838 substantim,
2457 1785 2518 1823 ae
2549 1768 2737 1830 Deum,
2773 1776 2825 1820 et
2855 1767 3020 1820 Deum
3053 1766 3354 1818 admittam.
3389 1765 3460 1817 Da
3489 1774 3542 1816 ιιι

1965 1877 2177 1932 quoque
2203 1861 2332 1914 mihi
2363 1861 2526 1913 Deum
2557 1857 2742 1916 alium,
2795 1855 2994 1923 Deique
3039 1864 3310 1914 naturam,
3347 1862 3401 1907 et
3449 1855 3541 1907 tibi

1963 1955 2206 2008 eamdem
2240 1949 2562 2005 Trinitatem
2589 1961 2709 1999 cum
2745 1944 2934 1997 iisdeui
2967 1942 3277 1996 nominibus
3300 1957 3362 1995 ac
3385 1943 3547 1996 rebus

1965 2048 2126 2100 dabo.
2153 2045 2284 2099 Cum
2324 2055 2451 2094 vero
2483 2039 2621 2092 Deus
2643 2052 2804 2099 unus,
2829 2044 2988 2104 atque
3023 2050 3126 2087 una
3161 2047 3415 2101 suprema
3447 2047 3544 2086 na-

1966 2148 2085 2192 tura
2113 2137 2202 2196 sit,
2232 2133 2371 2186 unde
2421 2129 2634 2182 tandem
2667 2125 3073 2180 similitudinem
3103 2123 3194 2176 tibi
3243 2137 3536 2191 reprrcsen-

1971 2225 2242 2282 tabo?An
2298 2236 2484 2276 rursus
2534 2217 2774 2287 postulas
2822 2231 2887 2269 ex
2931 2213 3163 2268 terrenis
3198 2221 3252 2266 et
3303 2210 3549 2266 humanis

1965 2333 2083 2374 eam
2109 2313 2266 2370 duci?
2289 2311 2455 2366 Valde
2477 2307 2716 2378 profecto
2745 2316 2900 2374 turpe
2931 2313 3032 2366 est,
3065 2319 3162 2358 nec
3189 2313 3342 2372 turpe
3369 2303 3547 2366 modo,

1967 2410 2062 2465 sed
2095 2407 2258 2462 etiam
2279 2403 2434 2456 valde
2457 2399 2682 2456 stultum
2723 2407 2777 2451 et
2807 2398 2986 2457 inane,
3017 2409 3083 2447 ex
3138 2393 3434 2446 humilibus
3466 2407 3551 2445 rc-

1969 2502 2090 2563 bus,
2119 2507 2435 2566 superarum
2467 2487 2872 2554 cwlestinmque
2915 2483 3264 2538 simulacrum
3313 2495 3548 2545 sumere,

1969 2603 2258 2655 rerumque
2289 2593 2556 2638 certarum
2586 2589 2747 2646 atque
2769 2571 3132 2628 constantium
3168 2585 3233 2623 ex
3263 2568 3403 2621 ﬂuxa
3437 2569 3551 2620 fra-

1971 2681 2174 2752 gilique
2205 2685 2420 2736 natura,
2444 2671 2692 2738 quodque
2741 2665 2904 2720 Isaias
2941 2665 3017 2716 ait
3053 2660 3286 2714 viventia
3325 2661 3376 2712 in
3409 2674 3554 2712 mor-

1970 2748 2074 2828 ittis
2087 2748 2365 2836 requirere
2409 2760 2522 2814 '.Et
2539 2771 2714 2813 tamen
2735 2755 2972 2817 adnitar,
2993 2751 3208 2820 quando
3228 2751 3302 2802 ita
3325 2748 3554 2812 vis,bine

1968 2873 2181 2932 quoque
2229 2851 2536 2908 nonnullam
2595 2844 2822 2901 orationi
2881 2851 3078 2896 nostra:
3131 2852 3286 2905 opem
3339 2835 3552 2932 ali'erre.

1968 2924 2143 3020 Atque
2167 2947 2269 3001 alia
2303 2944 2518 3013 quidem
2570 2933 3022 3008 praetermittenda
3050 2931 3206 2990 duco,
3235 2927 3334 2978 etsi
3388 2924 3553 2978 multa

1970 3046 2036 3098 de
2065 3037 2378 3096 animalium
2417 3030 2642 3087 historia
2696 3036 3125 3080 commemorare
3157 3033 3374 3087 queant,
3433 3032 3555 3084 par-

326 3104 625 3160 Γεννᾶσθαι
658 3103 764 3172 γὰρ
798 3101 1033 3169 λέγεται,
1070 3102 1168 3154 οὐκ
1207 3103 1272 3153 ὲκ
1304 3101 1413 3154 τῶν
1456 3101 1633 3154 αὐτῶν
1663 3101 1729 3154 τά
1763 3101 1895 3154 αὑτὰ

1977 3138 2069 3190 tim
2107 3132 2262 3185 nobis
2312 3134 2459 3185 nota,
2491 3119 2682 3190 partim
2734 3115 2919 3184 paucis
2967 3113 3204 3179 cognita,
3239 3124 3356 3176 qua:
3411 3107 3552 3161 circa

329 3198 511 3269 μόνον,
553 3195 672 3248 οὐδὲ
702 3194 761 3258 ἐξ
804 3194 1004 3262 ἑτέρων
1034 3195 1198 3263 ἕτερα
1235 3227 1251 3254 ,

327 3306 438 3360 ρων
467 3287 534 3340 τὰ
568 3285 726 3349 αὐτὰ,
753 3286 846 3338 καὶ
871 3285 936 3338 ὲκ
966 3283 1072 3337 τῶν
1095 3283 1272 3336 αὐτῶν
1301 3283 1481 3353 ἕτερα.
1506 3283 1567 3335 Εί
1592 3283 1647 3335 δέ

329 3379 522 3442 πιστὸς
551 3380 578 3430 6
622 3378 800 3446 λόγος,
835 3378 928 3429 καὶ
966 3375 1120 3439 ἄλλος
1157 3376 1272 3428 ἐστὶ
1319 3375 1519 3446 τρόπος
1573 3376 1901 3446 γεννήσεως,

329 3471 464 3523 αὑτό
502 3487 555 3522 τι
605 3470 694 3538 ὑφ’
733 3467 926 3522 ἑαυτοῦ
976 3465 1362 3537 δαπανώμενον
1411 3469 1505 3521 καὶ
1562 3467 1900 3537 τικτόμενον.

333 3563 491 3614 Ἔστι
523 3559 579 3612 δὲ
632 3559 667 3612 ἃ
700 3558 793 3612 καὶ
844 3555 1120 3621 ἐξίσταται
1182 3574 1298 3620 πως
1353 3555 1581 3620 ἑαυτῶν,
1631 3556 1691 3620 ἐξ
1725 3555 1902 3609 ἄλλων

330 3651 490 3718 ζώων
517 3652 596 3713 εἰς
625 3649 758 3703 ἄλλα
807 3647 1177 3719 μεθιστάμενά
1205 3663 1262 3698 τε
1306 3646 1401 3698 καὶ⁵
1443 3645 1899 3716 μεταποιούμενα,

330 3740 612 3810 φιλοτιμίᾳ
656 3739 886 3809 φύσεως.
921 3738 1058 3807 ’Ἤδη
1102 3737 1159 3790 δὲ
1199 3738 1292 3789 καὶ
1338 3733 1430 3787 τοῦ
1476 3733 1660 3797 αὐτοῦ,
1703 3734 1763 3786 τὸ
1803 3733 1902 3803 μὲν

325 3831 389 3883 οὐ
431 3830 695 3900 γέννημα,
724 3829 785 3881 τὸ
823 3827 880 3880 δὲ
917 3825 1184 3896 γέννημα,
1228 3825 1368 3893 πλὴν
1417 3824 1708 3893 ὁμοοῦσιω
1741 3823 1768 3876 ὃ
1809 3824 1903 3875 καὶ

325 3921 406 3992 τῷ
447 3922 675 3992 παρόντι
708 3936 826 3982 πως
869 3917 1068 3989 μᾶλλον
1109 3915 1444 3986 προσέοικεν.
1481 3915 1577 3967 Ἔν
1617 3915 1673 3967 δέ
1707 3931 1757 3966 τι
1793 3913 1900 3965 τῶν

325 4011 611 4082 ἡμετέρων
656 4009 845 4074 εἰπὼν,
885 4009 914 4062 ὃ
942 4009 1036 4063 καὶ
1084 4009 1218 4062 πᾶσι
1263 4004 1556 4077 γνώριμον,
1600 4007 1683 4071 ἐφ’
1717 4006 1900 4073 ἕτερον

327 4104 540 4174 μεταὸή
548 4121 606 4156 σο
613 4119 710 4174 μαι
739 4101 913 4169 λόγον.
1029 4170 1042 4174 Α
1375 4102 1394 4114 ”

1825 3296 1902 3345 τῳ

1401 3191 1535 3245 ἀλλὰ
1566 3192 1659 3245 καὶ
1704 3192 1762 3258 ἐξ
1791 3192 1904 3244 ἑτέ-

1972 3221 2328 3281 animantium
2353 3224 2504 3269 ortus
2548 3226 2612 3264 ac
2657 3206 3036 3276 generationes
3076 3211 3265 3255 natura
3304 3203 3438 3252 miro
3474 3213 3557 3250 ar-

1978 3316 2142 3373 tilieio
2189 3310 2372 3366 edidit.
2411 3302 2565 3370 Gigui
2597 3299 2795 3354 etenim
2832 3295 3110 3356 dietmtur,
3157 3305 3260 3343 non
3294 3289 3451 3341 modo
3485 3300 3552 3340 ex

1974 3407 2160 3464 iisdem
2192 3402 2402 3460 eadem,
2444 3405 2604 3461 atque
2626 3406 2690 3444 ex
2718 3386 2944 3441 diversis
3000 3384 3246 3446 diversa;
3271 3379 3364 3433 sed
3390 3379 3551 3430 etiam

1971 3499 2156 3554 eadem
2186 3508 2252 3548 ex
2285 3486 2536 3546 diversis,
2586 3498 2650 3534 ae
2689 3480 2898 3532 diversa
2949 3490 3015 3528 ex
3075 3473 3284 3526 iisdem.
3324 3466 3475 3534 Quod
3505 3464 3551 3519 si

1973 3589 2134 3644 etiam
2168 3582 2417 3648 cuiquam
2452 3575 2609 3627 [idem
2647 3568 2777 3622 facit
2813 3564 2900 3619 hic
2946 3576 3145 3621 sermo,
3178 3559 3315 3612 alius
3347 3566 3428 3610 est
3461 3569 3549 3624 ge-

1981 3671 2273 3732 nerationis
2303 3665 2515 3728 modus,
2546 3671 2603 3714 ut
2651 3658 2789 3712 idem
2821 3651 3020 3708 animal
3054 3667 3083 3704 a
3115 3650 3292 3714 seipso
3347 3661 3552 3698 eonsu~

1981 3770 2156 3815 matur
2186 3765 2239 3811 et
2264 3760 2594 3822 procreetur.
2623 3745 2759 3799 Sunt
2779 3744 2943 3797 etiam
2969 3755 3112 3806 quam
3140 3737 3283 3788 velut
3317 3733 3549 3802 quadam

1978 3862 2180 3904 natura:
2214 3839 2634 3912 magniticentia,
2683 3852 2713 3889 a
2777 3835 2968 3903 seipsis
3015 3833 3412 3902 quodammodo
3462 3831 3554 3885 do-

1979 3943 2236 4001 s-iscant,
2266 3944 2423 4002 atque
2448 3947 2514 3986 ex
2547 3929 2667 3982 aliis
2695 3925 3018 3980 animalibus
3044 3925 3096 3978 in
3137 3922 3236 3975 alia
3272 3931 3548 3977 transeant

1979 4047 2140 4102 atque
2170 4033 2539 4084 itmnutentur.
2566 4017 2866 4087 Quinetiam
2901 4017 3041 4072 idem
3075 4016 3296 4078 animal,
3351 4018 3547 4084 partint

1980 4141 2082 4177 non
2118 4121 2378 4190 genitum,
2422 4115 2615 4185 partim
2655 4111 2913 4180 genitum,
2971 4117 3026 4162 et
3060 4119 3240 4162 tamen
3299 4107 3542 4176 ejusdem

328 4201 650 4256 substantia:
690 4201 934 4270 reperire
966 4210 1050 4255 est
1085 4215 1100 4254 :
1133 4202 1276 4271 quod
1321 4201 1542 4271 quidem
1594 4199 1660 4255 ad
1705 4201 1988 4270 praesentis
2022 4203 2344 4272 quaestionis
2376 4203 2785 4261 similitudinem
2827 4209 3055 4278 propius
3115 4207 3348 4265 accedit.
3384 4207 3559 4262 Unum

328 4294 588 4360 quiddam
645 4307 713 4347 ex
775 4292 977 4346 nostris
1037 4293 1126 4346 ubi
1184 4309 1724 4357 commemoravero,
1783 4293 1927 4363 quod
1980 4294 2142 4349 etiam
2205 4297 2411 4351 nemini
2461 4297 2708 4366 ignotum
2740 4312 2858 4366 est,
2919 4303 3027 4358 alio
3073 4313 3262 4375 postea
3311 4303 3564 4356 transin

326 4385 526 4440 oratio.

416 4477 474 4529 ὐ
511 4475 686 4545 ’Δδάμ
741 4475 795 4528 τί
836 4491 965 4530 ποτε
1020 4469 1132 4546 ἧνς
1194 4475 1426 4544 Ιιλάσμα
1480 4477 1636 4532 Θεοῦ.
1696 4478 1762 4531 Τί
1802 4477 1891 4532 δαὶ

2064 4471 2206 4539 Quid
2263 4472 2478 4527 tandem
2545 4472 2786 4528 Adamus
2842 4475 3006 4529 erat?
3069 4476 3158 4530 Dei
3222 4476 3564 4547 figmentum.

325 4568 361 4634 ἡ
400 4561 510 4620 Eua
541 4583 556 4631 ;
587 4567 797 4637 Τμῆμα
820 4565 916 4620 τοῦ
954 4566 1295 4637 πλάσματος.
1321 4569 1384 4623 Τί
1411 4568 1499 4622 δαὶ
1530 4570 1560 4622 6
1591 4569 1730 4640 Σὴθς
1754 4570 1894 4640 Ἀμ-

327 4659 572 4728 ςοτέρων
625 4659 896 4729 γέννημα.
950 4655 1082 4729 Ἀρ⁹
1125 4656 1220 4713 οῦν
1253 4661 1449 4714 ταυτόν
1503 4676 1590 4713 σοι
1645 4661 1894 4730 φαίνεται

326 4749 578 4819 πλάσμα,
613 4751 707 4803 καὶ
731 4751 947 4820 τμῆμα,
975 4752 1070 4804 καὶ
1095 4753 1371 4822 γέννημα;
1399 4751 1522 4815 Πῶς
1539 4751 1600 4806 οῦ
1622 4753 1890 4822 ;⁹ομοού‹

335 4842 525 4899 ςια,δὲ
555 4841 751 4906 ταῦτα,
789 4842 822 4911 ἢ
854 4842 939 4910 τίς
993 4843 1116 4904 Πῶς
1175 4843 1221 4896 δ’
1250 4841 1348 4910 ob;
1391 4843 1757 4914 Ὢμολόγηται
1787 4845 1895 4906 ,οὖν

330 4936 428 4986 καὶ
455 4935 522 4986 τὰ
549 4934 822 5003 διαφόρως
877 4934 1187 4987 ὑποστάντα
1246 4935 1348 5004 τῆς
1408 4936 1578 5005 αὐτῆς
1613 4931 1756 4990 εἶναι
1803 4938 1898 4989 οὑ-

334 5025 456 5086 σίας
493 5024 831 5094 ἐνδέχεσθαι.
866 5025 1024 5092 Λέγω
1057 5025 1114 5077 δὲ
1138 5025 1334 5090 ταῦτα,
1366 5027 1464 5079 οὐκ
1500 5028 1596 5079 ἐπὶ
1649 5030 1748 5098 τὴν
1783 5028 1898 5080 θεό-

339 5132 476 5183 τητα
505 5115 688 5184 φέρων
726 5116 824 5185 τὴν
852 5116 1072 5181 πλάσιν,
1096 5114 1130 5187 ἢ
1158 5117 1257 5187 τὴν
1290 5117 1486 5187 τομὴν,
1521 5119 1555 5188 ἦ
1584 5135 1636 5170 τι
1665 5119 1774 5170 τῶν
1799 5121 1901 5171 ὅσα

338 5205 592 5272 σώματος
613 5205 710 5274 (μή
747 5208 939 5274 μοίτις
964 5208 1278 5276 ἐπιφυέσθω
1320 5207 1482 5260 πάλιν
1514 5209 1624 5261 τῶν
1662 5209 1903 5278 λογομά·

337 5299 493 5366 χων),
522 5298 716 5351 ἐπειδὴ
753 5298 959 5352 τούτων
987 5301 1230 5370 θεωρῶν,
1287 5300 1365 5364 ὡς
1410 5302 1504 5355 ἐπὶ
1547 5302 1776 5371 σκηνῆς,
1835 5303 1902 5354 τὰ

342 5387 631 5458 νοούμενα.
657 5390 792 5444 Οὐδὲ
814 5393 924 5462 γὰρ
949 5387 1060 5445 οἷόν
1086 5410 1145 5444 τε
1168 5393 1276 5445 τῶν
1327 5393 1702 5463 εἰκαζομένων
1744 5394 1902 5449 οὐδὲν

337 5481 476 5548 πρὸς
511 5483 690 5536 πᾶσαν
717 5483 1044 5548 ἐξικνεῖσθαι
1071 5485 1322 5553 καθαρῶς
1341 5487 1439 5556 τὴν
1472 5487 1752 5557 ἀλήθειαν.
1782 5488 1892 5541 Καὶ

411 5660 427 5690 ¹
463 5659 563 5713 lsa.
610 5674 724 5722 vni,
756 5661 837 5713 lt).

1993 4566 2134 4632 Quid
2153 4565 2298 4619 Eva?
2323 4565 2589 4636 Figmenti
2621 4577 2984 4636 segmentum.
3003 4568 3142 4634 Quid
3168 4569 3327 4624 Setia?
3354 4571 3569 4624 Utrius-

1996 4674 2102 4729 que
2131 4659 2371 4714 soboles.
2419 4659 2643 4713 ldemne
2673 4674 2838 4727 porro
2857 4660 2951 4714 tibi
3003 4675 3123 4714 esse
3156 4661 3432 4727 videntur,
3469 4664 3565 4730 lig-

1999 4761 2266 4816 mentum,
2287 4761 2653 4820 segmentum,
2673 4760 2729 4806 et
2745 4752 2999 4818 soboles?
3016 4753 3214 4817 Quidni
3231 4753 3254 4805 ?
3273 4756 3404 4823 Age.
3423 4755 3570 4822 ejus-

2000 4845 2197 4898 demne
2257 4842 2370 4896 haec
2445 4841 2698 4896 essentia}
2753 4841 2894 4894 inter
2955 4852 3194 4906 sesunt,
3247 4858 3314 4896 an
3390 4843 3574 4896 diver-

2003 4933 2113 4987 sm?
2142 4933 2429 5004 Ejusdem.
2459 4931 2512 4986 In
2531 4931 2784 4987 confesso
2815 4932 2979 5002 igitur
3007 4943 3116 4995 est,
3151 4944 3229 4992 nt,
3265 4949 3387 5001 quae
3425 4951 3505 4987 vat
3523 4937 3574 4988 ie

2006 5027 2304 5090 exsistunt,
2329 5026 2575 5079 eamdem
2599 5034 2779 5077 tamen
2807 5025 3101 5078 essentiam
3161 5023 3419 5079 habt-ant.
3467 5025 3575 5080 Nec

2009 5138 2142 5176 vero
2167 5121 2284 5176 haec
2331 5133 2398 5174 eo
2431 5133 2460 5171 a
2499 5133 2585 5173 me
2641 5119 2924 5184 dicuntur,
2971 5119 3118 5188 quod
3149 5119 3446 5184 ﬁctionem,
3482 5127 3576 5171 aut

2011 5215 2336 5278 sectionem,
2360 5221 2455 5265 aut
2483 5210 2693 5278 aliquid
2739 5211 2882 5264 aliud
2915 5226 2980 5266 ex
3010 5209 3121 5273 his,
3145 5226 3266 5279 qua:
3321 5211 3572 5278 corporis

2015 5317 2205 5360 natura
2254 5304 2381 5369 fert,
2436 5305 2493 5358 in
2545 5303 2885 5359 divinitatem
2934 5301 3214 5358 conferam
3251 5303 3398 5368 (nec
3428 5303 3575 5356 enim

2015 5399 2142 5451 mihi
2159 5413 2350 5451 rursus
2375 5411 2587 5468 pugnax
2604 5395 2877 5465 quispiam
2901 5402 3182 5464 argutator
3203 5393 3462 5448 insidiose
3480 5395 3577 5445 im-

2017 5491 2261 5553 mineat),
2281 5490 2374 5545 sed
2399 5499 2456 5542 ut
2487 5490 2538 5542 in
2571 5490 2656 5543 his
2675 5487 2842 5543 rebus
2865 5502 2950 5554 ea,
2981 5487 3135 5542 velut
3163 5486 3220 5541 in
3243 5501 3430 5552 scena,
3449 5498 3578 5556 spo-

3446 285 3552 349 826
3633 331 3638 334 -
