4030 6222
434 220 537 279 827

1683 202 2062 266 EU'rt-tvntt
2101 160 2457 262 ZtGABENt

3575 206 3678 267 8%

436 344 598 398 ctem,
633 344 753 398 quae
791 342 899 383 non
935 325 1036 381 nisi
1069 325 1342 380 intellectu
1384 320 1786 391 percipiuntur.
1812 320 2026 389 Neque,

2125 318 2148 370 εί
2172 316 2363 380 ταῦτα,
2401 313 2597 384 φασίν;
2633 314 2708 370 Οὐ
2739 314 2847 384 γὰρ
2893 312 2988 368 τοῦ
3018 314 3159 380 ἑνὸς,
3187 314 3250 368 τὸ
3281 314 3385 383 μιν
3411 317 3674 386 γέννημα.

435 423 585 477 enim
623 420 736 475 lieri
796 425 995 485 potest,
1029 425 1088 470 ut
1111 415 1291 486 imago
1316 413 1423 468 ulla
1458 423 1514 468 et
1539 412 1865 476 similitudo,
1927 412 2004 465 rei

437 514 722 568 veritatem
744 500 903 579 plane
926 507 1275 577 perlecteque
1293 514 1638 573 assequatur.
1667 502 1769 557 Sed
1790 503 2002 567 dicunt,

347 656 356 670 ,
440 618 702 668 quorsum
730 599 880 654 haec?
932 598 1040 652 Nec
1073 598 1219 651 enim
1257 597 1419 650 unius
1443 595 1820 664 ejusdemque,
1865 594 2004 648 alter

361 701 364 704 λ
450 691 636 756 Filius,
670 691 809 744 alter
837 687 988 741 aliud
1037 686 1360 756 quidquam.
1403 684 1542 750 Quid
1578 682 1784 750 igitur?
1814 683 1924 736 Eva
1945 691 2002 735 et

440 781 594 845 Setlt,
660 794 841 832 nonne
873 793 939 832 ex
965 778 1155 832 eodem
1182 778 1390 830 Adamo
1418 776 1580 831 sunt?
1612 775 1684 828 Ex
1717 790 1824 842 quo
1854 773 2002 828 enim

438 871 587 923 alio?
617 868 811 922 Utrum
835 880 1016 922 autem
1031 868 1190 921 ambo
1217 883 1282 922 ex
1303 882 1367 920 eo
1385 866 1551 937 geniti
1574 876 1702 920 sunt
1717 869 1741 919 ἴ
1757 865 2002 918 Minime.

435 962 577 1025 Quid
609 963 990 1030 ergo?Altera
1028 967 1371 1030 segmentum
1438 969 1546 1023 est,
1609 959 1747 1012 alter
1817 957 2004 1011 ﬁlius:

439 1056 591 1120 atqui
643 1055 803 1107 ambo
839 1055 983 1107 inter
1020 1068 1078 1107 se
1109 1053 1251 1107 idem
1309 1059 1482 1106 sunt:
1521 1051 1769 1112 homines
1816 1051 2004 1104 enim:

438 1157 602 1194 nemo
627 1151 712 1196 est
743 1145 831 1210 qui
874 1144 1164 1197 inlicietur.
1202 1143 1499 1197 Desinesne
1540 1142 1703 1208 igitur
1728 1141 2009 1196 'adversus

2109 410 2170 460 rb
2193 409 2249 462 δὲ
2272 409 2401 462 ἀλλο
2424 425 2500 462 τι.
2530 407 2595 463 Τί
2627 406 2760 474 οὒν;
2793 406 2860 460 Ἦ
2889 406 3004 468 Ehe.
3054 406 3151 460 καὶ
3181 408 3208 460 ὁ
3242 407 3376 475 Σὴθ,
3435 408 3556 477 οὐχὶ
3579 409 3670 462 τοῦ

2108 505 2272 559 αὐτοῦ
2297 505 2391 558 τοῦ
2415 504 2589 572 Ἀδὰμ
2615 521 2631 571 ;
2683 505 2842 566 Τίνος
2887 506 2996 573 γὰρ
3019 502 3182 562 ἀλλου
3205 518 3221 568 ;
3255 498 3333 556 Ἦ
3379 503 3476 562 καὶ
3506 504 3682 572 ἀμφό-

2107 615 2258 668 τεροι
2288 597 2634 666 γεννήματα;
2671 596 2955 664 Οὐδαμῶς.
2985 595 3150 650 Ἀλλά
3179 595 3232 647 τί
3253 611 3270 662 ;
3289 596 3364 650 Tb
3405 595 3512 665 μὲν
3543 598 3683 664 τμῆ-

2113 707 2209 758 μα,
2243 689 2306 740 τὸ
2335 688 2391 740 δὲ
2422 689 2687 756 γέννημα·
2727 689 2821 746 καὶ
2856 689 2961 756 μὴν
2993 688 3294 755 ἀμφότεροι
3341 687 3542 740 ταυτὸν
3575 689 3678 740 ἄλ-

2110 780 2312 849 λήλοιςο
2349 779 2626 848 ἄνθρωποι
2654 779 2786 848 γάρ’
2835 779 3011 842 οὐδεὶς
3045 779 3288 848 ἀντερεῖ.
3330 778 3528 852 [latim
3579 775 3675 832 οὖν

2113 870 2539 938 ἀπομαχόμενος
2595 869 2734 938 πρὸς
2779 869 2842 922 τὸ
2901 870 3150 939 Πνεῦμα,
3224 868 3300 932 ὡς
3352 870 3385 938 ἢ
3427 871 3680 940 γέννημα

2114 960 2352 1024 πάντως,
2377 960 2410 1030 ἢ
2441 961 2515 1030 μὴ
2543 959 2852 1025 ὁμοούσιον,
2884 961 3020 1032 μηδὲ
3043 960 3197 1026 Θεὸν,
3229 960 3327 1016 καὶ
3369 964 3434 1016 ὲκ
3455 962 3564 1019 τῶν
3589 963 3684 1020 ἀν-

2114 1052 2400 1122 θρωπίνων
2433 1052 2495 1105 τὸ
2524 1051 2750 1106 δυνατὸν
2777 1051 2961 1105 λαϐὼν
3007 1051 3110 1122 τῆς
3138 1052 3418 1122 ἡμετέρας
3475 1051 3684 1122 ὑπολή-

2114 1143 2260 1214 ψεως
2285 1157 2303 1212 ;

440 1233 704 1300 Spiritum
739 1237 1022 1300 dimicare,
1081 1236 1234 1304 quasi
1261 1236 1514 1290 videlicet
1568 1247 1663 1292 aut
1701 1238 1919 1304 genitus
1960 1236 2184 1294 omnino
2223 1240 2317 1305 sit,
2358 1246 2455 1294 aut
2505 1239 2990 1297 consubstantialis
3044 1255 3154 1295 non
3207 1241 3303 1304 sit,
3358 1253 3462 1294 nec
3521 1237 3682 1306 Deus,

447 1331 747 1397 praesertim
793 1343 916 1382 cum
943 1343 1010 1382 ex
1064 1329 1300 1384 humana
1351 1344 1572 1399 quoque
1641 1330 2001 1387 similitudine
2034 1335 2360 1390 sententiam
2391 1343 2638 1390 nostram
2682 1334 3106 1404 haudquaquam
3135 1333 3530 1404 impossibilem
3562 1349 3685 1389 esse

443 1423 813 1482 intellexeris?

941 1579 1022 1634 Ea:
1051 1581 1234 1635 eadem
1262 1583 1519 1637 aratione.

515 1720 620 1774 Sed
667 1719 808 1786 quis,
868 1718 1126 1785 inquies,
1192 1717 1453 1785 Spiritum
1515 1718 1798 1772 adoravit?
1851 1720 2008 1789 Quis,

442 1813 527 1867 vel
563 1823 824 1874 veterum,
859 1811 941 1865 vel
975 1812 1310 1865 recentium?
1341 1813 1468 1878 Quis
1497 1831 1616 1867 eum
1663 1816 1875 1870 oravit?
1901 1818 2015 1884 Quo

449 1903 741 1969 Scriptura:
768 1901 883 1954 loco
918 1917 1036 1955 eum
1067 1901 1398 1956 adorandum
1439 1914 1529 1954 aut
1575 1907 1836 1960 orandum
1897 1923 2017 1964 esse

450 1994 719 2059 proditum
755 1993 878 2044 est?
932 1992 1082 2046 Unde
1132 1993 1232 2045 hoc
1275 1995 1533 2047 hausisti?
1565 1995 1671 2049 Nos
1721 1998 1880 2066 hujus
1940 1999 2015 2053 rei

451 2082 741 2149 pleniorem
795 2096 1011 2133 causam
1060 2093 1238 2148 postea
1297 2084 1607 2146 reddemus,
1639 2101 1759 2137 cum
1815 2088 1880 2140 de
1912 2103 2016 2143 non

450 2175 668 2240 scriptis
700 2175 1039 2239 dogtttalthns
1079 2175 1426 2227 diSseremtts.
1461 2173 1611 2228 Nunc
1645 2191 1773 2230 vero
1815 2177 1916 2232 hoc
1938 2181 2021 2233 di-

451 2279 575 2316 cere
606 2264 850 2316 sulliriet.
876 2262 1108 2331 Spiritus
1135 2273 1239 2327 cst,
1275 2265 1325 2317 iu
1358 2279 1465 2332 quo
1512 2267 1817 2335 adoramus,
1845 2277 1898 2322 et
1927 2284 2024 2336 per

451 2368 610 2419 quem
641 2367 880 2405 oramus.
919 2353 1150 2419 Spiritus
1173 2353 1329 2414 enim,
1356 2354 1551 2422 inquit,
1570 2363 1644 2408 est
1674 2354 1850 2410 Deus:
1871 2369 2024 2426 atque

451 2458 557 2501 eos,
601 2443 689 2510 qui
716 2443 882 2510 ipsum
915 2442 1167 2506 adorant,
1195 2445 1248 2495 in
1284 2442 1484 2512 Spiritu
1516 2453 1564 2497 et
1600 2447 1815 2500 veritate
1865 2463 2023 2515 opor-

453 2542 520 2584 tet
549 2532 772 2583 adorare
822 2534 863 2587 ¹.
897 2532 973 2584 Ac
1001 2546 1190 2585 rursus
1209 2573 1223 2597 ,
1258 2532 1396 2597 Quid
1423 2535 1561 2586 enim
1583 2549 1808 2598 oremus,
1842 2551 2024 2604 quent-

453 2625 735 2674 admodum
787 2633 1009 2690 oportet,
1068 2625 1346 2676 nescimus.
1393 2623 1497 2678 Sed
1556 2624 1786 2692 Spiritus
1814 2627 1918 2693 ipse
1943 2628 2026 2682 itt-

455 2709 795 2772 terpellatpro
816 2710 957 2760 nobis
975 2711 1248 2776 gemitibus
1268 2711 1708 2765 iueuarrabilibus
1761 2713 1806 2770 '.
1828 2712 1892 2767 Et
1917 2713 2024 2766 alio

458 2800 610 2851 loco:
649 2799 824 2851 Ot'abo
870 2798 1090 2867 Spiritu,
1140 2805 1298 2856 orabo
1337 2813 1381 2855 et
1413 2813 1580 2856 mente
1633 2803 1654 2836 ³
1685 2843 1699 2868 ,
1745 2803 1796 2858 id
1830 2814 1934 2868 est,
1971 2804 2024 2857 in

2534 1582 2633 1638 Ἐκ
2662 1581 2768 1637 τοῦ
2787 1581 2976 1644 αὑτοῦ
2999 1581 3213 1652 λόγου.

2223 1723 2384 1776 Ἀλλά
2425 1722 2507 1781 τίς
2545 1721 2931 1792 προσεκύνησε
2985 1723 3067 1790 τῷ
3119 1719 3429 1792 Πνιύματι,
3478 1713 3688 1792 φησίν,

2108 1796 2190 1860 τίς
2231 1797 2264 1866 ἥ
2305 1797 2414 1851 τῶν
2443 1796 2713 1862 παλαιῶν,
2751 1799 2784 1868 ἦ
2833 1797 2942 1850 τῶν
2987 1798 3162 1866 νέωνς
3207 1797 3292 1862 τίς
3334 1798 3393 1850 δὲ
3446 1802 3691 1870 προσηύ-

2113 1887 2271 1952 ξατο;
2312 1886 2415 1939 ποῦ
2449 1887 2537 1940 δαὶ
2735 1887 2795 1939 τὸ
2844 1888 3038 1957 χρῆναι
3077 1891 3403 1959 προσκυνεῖν
3440 1891 3474 1961 ἢ
3528 1910 3692 1964 προσ-

2115 1976 2371 2046 εύχεσθαι
2435 1977 2743 2047 γέγραπται
2789 1993 2802 2041 ;
2870 1979 2966 2029 καὶ
3058 1977 3224 2031 πόθεν
3280 1979 3440 2033 τοῦτο
3516 1981 3692 2036 λαϐὼν

2114 2066 2300 2136 ἔχειςς
2365 2067 2476 2137 Τὴν
2543 2067 2642 2137 μὲν
2707 2066 3043 2139 τελεωτέραν
3103 2070 3283 2123 αἰτίαν
3343 2071 3691 2143 ἀποδώσομεν

2116 2158 2362 2230 ὕστερον,
2398 2159 2562 2229 ⁴ἡνίκα
2592 2159 2658 2212 ἂν
2692 2159 2820 2229 περὶ
2855 2159 2950 2212 τοῦ
2995 2161 3246 2230 ἀγράφου
3275 2161 3654 2234 διαλεγώμεθα
3675 2183 3690 2195 ·

2117 2249 2211 2304 νῦν
2234 2250 2291 2302 δὲ
2328 2250 2578 2304 τοσοῦτον
2611 2251 2786 2303 εἰπεῖν
2826 2250 3140 2322 ἐξαρκέσει·
3173 2251 3246 2304 Tb
3288 2251 3514 2323 Πνεῦμά
3550 2256 3697 2308 ἐστιν

2117 2343 2176 2395 ὲν
2194 2335 2238 2410 ᾧ
2264 2341 2693 2413 προσκυνοῦμεν,
2719 2341 2813 2394 καὶ
2830 2341 2896 2394 δι’
2917 2335 2978 2394 οὗ
3001 2344 3431 2414 προσευχόμεθα.
3454 2347 3697 2415 Πνεῦμα

2117 2434 2251 2504 γὰρ,
2281 2435 2464 2504 φησὶν,
2496 2437 2528 2488 ό
2564 2435 2728 2502 Θεὸς,
2763 2434 2862 2488 καὶ
2893 2433 3036 2500 τοὺς
3067 2435 3567 2502 προσκυνοῦντας
3602 2439 3699 2490 αὐ-

2119 2527 2247 2591 τὸν,
2285 2526 2355 2579 ἐν
2398 2527 2698 2594 Πνεύματι
2729 2526 2828 2580 καί
2869 2526 3118 2593 ἀληθείᾳ
3157 2521 3253 2579 δεῖ
3288 2529 3698 2594 προσκυνεῖν

2121 2617 2214 2670 καὶ
2251 2617 2446 2670 πάλιν·
2501 2617 2572 2669 Τὸ
2613 2615 2725 2684 γὰρ
2757 2615 2816 2669 τί
2855 2614 3325 2684 προσευξόμεθα.
3364 2617 3493 2672 καθ’
3522 2617 3557 2670 ὃ
3589 2617 3698 2681 δεῖ,

2121 2707 2233 2759 οὐκ
2268 2704 2535 2774 οἴδαμεν,
2581 2704 2720 2758 ἀλλ’
2762 2705 2907 2759 αὐτὸ
2941 2705 3007 2758 τὸ
3052 2705 3297 2775 Πνεῦμα
3333 2709 3698 2777 ὑπερεντυγ-

2123 2796 2291 2866 χάνει
2500 2795 2654 2866 ὑπὲρ
2709 2796 2879 2865 ἡμῶν
2925 2798 3280 2867 στεναγμοῖς
3326 2799 3696 2866 ἀλαλήτοις-ο

457 2897 633 2940 tuente
664 2895 718 2938 et
752 2887 976 2954 Spiritu.
1011 2889 1148 2958 Ergo
1188 2891 1390 2958 Spiritu
1436 2893 1682 2956 adorare,
1720 2893 1802 2944 vel
1845 2906 2024 2956 orare,

2125 2885 2240 2948 καὶ,
2275 2884 2688 2953 Προσεύξομαι
2724 2884 2802 2950 τῷ
2836 2887 3151 2957 Πνεύματι,
3193 2889 3601 2960 προσεύξομαι
3633 2890 3701 2944 δὲ

457 2978 584 3030 inihi
621 2977 748 3030 nihil
774 2978 915 3030 aliud
945 2991 1066 3031 esse
1098 2980 1306 3033 videtur
1331 3022 1346 3044 ,
1375 2997 1534 3050 quant
1593 2983 1765 3050 ipsum
1819 2983 2026 3052 sibiipsi

455 3070 754 3121 orationem
787 3069 866 3121 vel
901 3070 1268 3124 adorationem
1298 3071 1510 3127 oﬂ'erre.
1549 3073 1785 3143 Eamque
1810 3085 2029 3130 senten-

460 3158 583 3209 tiam
627 3158 746 3224 quis
789 3170 872 3211 est
925 3161 1012 3226 qui
1053 3175 1156 3212 non
1195 3163 1639 3229 comprobaturus
1693 3166 1784 3230 sit,
1815 3167 1879 3220 de
1909 3183 2026 3219 nta-

458 3251 575 3316 gnis
621 3264 683 3302 ac
720 3249 918 3303 divinis
962 3251 1090 3304 viris
1160 3251 1368 3320 loquor,
1397 3255 1596 3320 quique
1623 3256 1787 3323 probe
1811 3267 2026 3321 norunt,

464 3340 620 3391 unius
649 3339 1019 3392 adorationem
1055 3341 1213 3393 triunt
1245 3341 1612 3412 adorationem
1643 3357 1782 3405 esse,
1814 3355 2032 3412 propter

461 3431 719 3498 aequalem
752 3433 914 3485 trium
949 3446 1297 3500 personarum
1325 3433 1638 3500 dignitatem
1673 3449 1738 3489 ac
1781 3434 2031 3488 divinita-

464 3531 568 3573 tem
599 3522 622 3572 ?
653 3520 755 3574 Sed
790 3536 854 3574 ne.
884 3521 1010 3574 illud
1040 3522 1256 3590 quidem
1286 3525 1654 3589 extitttescam,
1684 3526 1826 3595 quod
1849 3527 2028 3580 omnia

461 3611 762 3678 perFilium
795 3612 935 3665 facta
969 3627 1087 3667 esse
1118 3615 1369 3668 dicuntur
1402 3621 1458 3679 δ,
1487 3625 1738 3685 tanquam
1767 3618 1820 3671 in
1848 3633 2024 3672 rerum

462 3704 866 3756 universitatem
893 3703 1127 3772 Spiritus
1153 3721 1366 3774 quoque
1414 3717 1629 3763 sanctus
1657 3712 2028 3780 aggregandus

464 3797 554 3848 sit.
585 3795 773 3849 Omnia
814 3797 981 3859 enim,
1011 3811 1341 3868 quaecunque
1367 3797 1504 3851 facta
1531 3809 1673 3862 sunt,
1713 3801 1842 3854 dicit
1905 3802 2042 3866 dicit

467 3885 793 3956 evangelista
845 3885 892 3952 ',
927 3899 1030 3938 non
1070 3886 1250 3940 omnia
1278 3887 1612 3956 simpliciter.
1644 3888 1776 3942 Nam
1821 3903 1887 3941 ne
1921 3889 2032 3955 ipse

471 3977 684 4042 quidem
711 3977 902 4042 Pater,
937 3992 1036 4031 nec
1083 3977 1259 4031 omnia
1311 3993 1392 4040 ea,
1423 3993 1541 4046 qua:
1570 3976 1707 4031 facta
1738 3994 1841 4032 non
1886 3983 2027 4030 sunt.

458 4069 631 4124 Proba
653 4085 780 4139 ergo
810 4071 1070 4138 Spiritum
1099 4072 1300 4126 factum
1329 4087 1392 4125 ac
1436 4082 1773 4139 procreatum
1806 4082 1945 4135 esse,
1970 4085 2034 4123 ae

459 4175 570 4216 tum
593 4161 729 4216 Filio
751 4175 871 4215 eum
896 4163 982 4225 da,
1005 4172 1058 4216 et
1082 4163 1134 4215 in
1158 4171 1527 4217 creaturarum
1557 4177 1781 4216 numero
1807 4161 2026 4215 colloca.

2138 4159 2560 4230 συναρίθμησον.
2589 4159 2734 4221 Ἕως
2773 4158 2819 4210 δ’
2861 4159 2926 4212 ἂν
2959 4158 3032 4231 μὴ
3065 4158 3225 4212 τοῦτο

458 4251 706 4316 Quandiu
765 4261 941 4304 autem
988 4251 1038 4305 id
1067 4253 1299 4321 probare
1329 4261 1491 4321 atque
1523 4255 1812 4305 ostendere
1841 4250 2034 4319 nequio

464 4344 626 4407 veris,
655 4341 785 4397 nihil
819 4341 912 4397 tibi
969 4343 1034 4397 ad
1090 4343 1420 4412 impietatem
1473 4342 1765 4412 adjumcnti
1802 4341 2035 4408 comple-

458 4434 548 4490 xio
582 4433 670 4487 illa
719 4432 944 4486 allatura
995 4443 1098 4486 est.
1138 4432 1192 4486 Si
1221 4437 1363 4485 enim
1397 4432 1570 4486 factus
1599 4442 1715 4498 est,
1754 4448 1849 4500 per
1875 4431 2034 4485 Chri-

457 4537 600 4579 stum
630 4523 818 4591 utiquc
854 4539 866 4576 :
901 4537 968 4576 ne
999 4521 1113 4590 ipse
1143 4520 1359 4588 quidem
1393 4521 1602 4574 inﬁcias
1631 4523 1798 4574 ivero.
1854 4519 1907 4572 Si
1939 4535 2036 4571 au-

459 4626 564 4668 tem
595 4614 770 4668 lactus
796 4628 902 4666 non
937 4621 1043 4675 est,
1072 4611 1361 4680 quomodo,
1400 4621 1489 4664 aut
1542 4627 1721 4664 rerum
1753 4610 2035 4663 universa-

459 4723 576 4761 rum
610 4720 838 4760 numero
869 4703 1199 4771 includetur,
1261 4712 1354 4756 aut
1409 4716 1504 4772 per
1547 4702 1823 4755 Christum
1866 4699 2038 4753 factus

458 4797 598 4850 erit?
637 4795 868 4849 Proinde
897 4795 1106 4856 desine,
1129 4801 1180 4846 at
1218 4791 1458 4856 Patrem,
1513 4792 1565 4843 in
1601 4790 1716 4844 Filii
1760 4801 2036 4843 contume-

460 4889 586 4940 liam
636 4887 770 4940 tna!e
828 4885 1098 4938 honorare
1157 4885 1175 4952 (
1225 4882 1399 4936 tnalns
1433 4883 1575 4934 enim
1606 4882 1777 4934 honor
1797 4892 1898 4944 est,
1933 4881 2038 4934 Pa-

462 4989 596 5034 trem
633 4978 768 5032 Filio
803 4978 1040 5045 privare,
1100 4986 1374 5044 utcunque
1433 4989 1555 5028 eum
1609 4975 2037 5042 priuatantiorent

457 5080 764 5124 creaturam
791 5082 910 5120 esse
935 5063 1328 5130 concesseris),
1357 5073 1411 5117 et
1460 5062 1655 5116 Filium
1708 5063 1758 5114 in
1807 5063 2040 5129 Spiritus

457 5162 631 5216 sancti
666 5161 1037 5229 ignominiam.
1078 5155 1194 5210 Non
1245 5156 1390 5209 enim
1440 5155 1683 5208 conservi
1727 5153 1906 5222 opifex
1933 5164 2036 5219 est,

457 5253 549 5305 sed
577 5267 701 5306 cum
738 5267 824 5316 eo,
855 5251 944 5320 qui
975 5249 1090 5318 pari
1119 5247 1386 5314 dignitate
1429 5256 1532 5304 est.
1559 5245 1911 5316 gloriﬁcatur.
1947 5245 2039 5300 Ni-

456 5344 530 5398 hil
555 5344 807 5398 Trinitati
839 5360 902 5398 ex
937 5343 1108 5412 teipse
1140 5341 1332 5401 tribue,
1366 5353 1479 5393 nea
1507 5338 1771 5395 Trinitate
1798 5339 2037 5392 excidas.

457 5435 616 5491 Nullo
659 5437 819 5491 modo
848 5450 1012 5490 unam
1043 5433 1192 5488 illam
1229 5440 1478 5487 naturam
1509 5445 1572 5484 ac
1603 5443 1851 5499 peraeque
1879 5445 2043 5484 vene-

548 5647 564 5678 ¹
593 5644 750 5700 Joan.
791 5662 862 5709 tv,
897 5643 986 5701 21.
1067 5649 1086 5678 ’
1114 5645 1250 5701 Rom
1279 5662 1400 5712 vttt,
1441 5643 1532 5700 26.
1611 5642 1632 5674 ⁸
1657 5639 1675 5695 1
1705 5639 1829 5695 Cor.
1867 5657 1974 5706 xiv,
2013 5641 2093 5695 l5.

2127 2973 2226 3026 καί
2264 2973 2342 3039 τῷ
2370 2976 2496 3028 νοτ·
2535 2973 2679 3027 τοῦτ’
2731 2973 2896 3042 ἔστιν,
2944 2977 3002 3029 ἐν
3028 2976 3110 3030 νοῒ
3153 2979 3249 3030 καὶ
3286 2979 3590 3051 Πνεύματι.
3629 2984 3699 3036 Τδ

2125 3061 2217 3119 οὖν
2250 3067 2572 3138 προσκυνεῖν
2600 3065 2678 3137 τῷ
2704 3066 3006 3137 Πνεύματι,
3033 3069 3065 3139 ἢ
3098 3069 3516 3141 προσεύχεσθαι,
3548 3074 3702 3126 οὐδὲν

2126 3156 2253 3209 ἄλλο
2297 3152 2435 3209 εἷναί
2475 3174 2564 3228 μοι
2622 3156 2891 3226 φαίνεται,
2936 3157 2970 3228 ἢ
3015 3159 3149 3213 αὐτὸ
3189 3161 3364 3232 ἑαυτῷ
3392 3163 3492 3233 τὴν
3535 3164 3700 3234 εὐχὴν

2126 3249 2421 3318 προσάγειν
2479 3249 2574 3302 καὶ
2628 3250 2727 3318 τὴν
2778 3249 3168 3321 προσκύνησιν.
3217 3253 3283 3305 '0
3337 3252 3421 3315 τίς
3488 3253 3591 3306 οὒκ
3639 3256 3698 3307 ἂν

2127 3341 2430 3393 ἐπαινέσειε
2458 3340 2566 3393 τῶν
2604 3340 2821 3406 ἐνθέων,
2866 3343 2958 3394 καὶ
2984 3341 3091 3394 τῶν
3125 3338 3183 3395 εὖ
3217 3343 3454 3410 είδότων,
3487 3345 3572 3398 ὃτι
3611 3347 3694 3397 καὶ

2127 3432 2160 3501 ἡ
2199 3431 2294 3484 τοῦ
2329 3431 2448 3494 ἐνὸς
2486 3430 2889 3502 προσκύνησις,
2935 3432 3044 3486 τῶν
3086 3433 3254 3504 τριῶν
3301 3435 3417 3486 ἐστι
3460 3433 3687 3506 προσκύ-

2131 3538 2304 3591 νησις,
2339 3522 2428 3574 διὰ
2461 3523 2522 3576 τὸ
2554 3525 2610 3575 ὲν
2637 3527 2749 3585 τοῖς
2777 3523 2956 3594 τρισὶν
2978 3522 3238 3594 ὁμότιμον
3264 3524 3362 3593 τῆς
3391 3523 3576 3589 ἀξίας,
3610 3523 3696 3577 καὶ

2129 3612 2226 3682 τῆς
2253 3611 2532 3682 θεότητος;
2566 3616 2674 3666 Καὶ
2705 3613 2809 3684 μὴν
2829 3613 2948 3666 οὐδὲ
2972 3615 3146 3667 ἐκεῖνο
3284 3611 3663 3683 φοϐηθήσομαι
3683 3654 3697 3678 ,

2129 3699 2191 3752 τὸ
2228 3703 2406 3756 πάντα
2445 3703 2535 3755 διὰ
2565 3703 2657 3760 τοῦ
2692 3702 2823 3755 Υίοῦ
2858 3701 3139 3768 γεγονέναι
3170 3699 3447 3767 λέγεσθαι,
3477 3699 3554 3761 ὡς
3587 3700 3702 3761 ἑνὸς

2131 3791 2240 3844 τῶν
2276 3793 2490 3846 πάντων
2523 3793 2674 3856 ὁντος
2713 3793 2807 3845 καὶ
2837 3791 2930 3844 τοῦ
2961 3790 3117 3858 ἀγίου
3149 3789 3488 3860 Πνεύματος.
3517 3789 3701 3842 Πάντα

2132 3882 2240 3954 γὰρ
2268 3884 2367 3937 ὅσα
2400 3886 2642 3954 γέγονεν,
2669 3885 2906 3956 εἴρηται,
2935 3884 3034 3953 οὐχ
3073 3882 3257 3946 ἁπλῶς
3289 3883 3540 3936 ἅπαντα·
3585 3881 3706 3935 οὐδὲ

2133 3974 2240 4046 γὰρ
2275 3977 2304 4028 ὁ
2335 3975 2543 4046 Πατὴρ,
2580 3975 2688 4029 οὐδ’
2720 3976 2818 4028 ὅσα
2855 3974 2928 4044 μὴ
2959 3974 3199 4042 γέγονεν.
3241 3973 3421 4036 Δεῖξον
3593 3971 3706 4027 οὖν.

2134 4069 2216 4121 ὅτι
2251 4069 2463 4138 γέγονε,
2497 4067 2591 4119 καὶ
2622 4066 2745 4120 τότε
2776 4068 2853 4138 τῷ
2882 4067 2997 4138 Υίῷ
3039 4066 3147 4132 δὸς,
3186 4066 3280 4120 καὶ
3315 4067 3427 4126 τοῖς
3453 4067 3715 4134 κτίσμασι

3407 4155 3674 4218 δεικνύεις
3699 4193 3714 4219 ,

2133 4246 2284 4299 οὐδὲν
2309 4246 2387 4316 τῷ
2417 4245 2799 4317 περιληπτικῷ
2835 4245 3002 4317 βοηθῇ
3034 4245 3173 4316 πρὸς
3217 4242 3490 4298 ἀσέϐειαν.
3521 4241 3584 4294 El
3619 4241 3718 4311 μὲν

2135 4339 2242 4410 γὰρ
2285 4338 2500 4406 γέγονε,
2531 4337 2618 4390 διὰ
2665 4336 2903 4408 Χριστοῦ
2937 4337 3154 4398 πάντως
3180 4352 3194 4365 ·
3231 4333 3354 4387 οὐδὲ
3401 4332 3569 4392 αὐτὸς
3618 4334 3716 4402 ἀρ-

2135 4433 2410 4500 νήσωμαι.
2589 4414 2651 4483 Εἰ
2684 4430 2740 4482 δὲ
2768 4429 2832 4481 οὐ
2864 4429 3078 4497 γέγονε,
3114 4427 3235 4490 πῶς
3273 4427 3308 4497 ἢ
3352 4424 3462 4478 τῶν
3499 4424 3719 4478 πάντων

2137 4522 2214 4584 ἓν,
2249 4522 2281 4591 ἢ
2321 4521 2408 4574 διὰ
2435 4520 2705 4592 Χριστοῦε
2745 4520 2959 4574 Παῦσαι
2988 4516 3080 4573 οὖν
3107 4519 3200 4572 καὶ
3238 4517 3328 4570 τὸν
3367 4516 3592 4587 Πατέρα
3624 4533 3720 4569 καμ-

2136 4611 2249 4673 κῶς
2295 4612 2470 4681 τιμῶν
2525 4611 2665 4666 κατά
2712 4611 2805 4664 τοῦ
2867 4609 3209 4678 Μονογενοῦς
3254 4607 3423 4678 (κακὴ
3471 4608 3533 4660 δὲ
3582 4607 3718 4677 τιμὴ

2137 4704 2341 4773 κτίσμα
2368 4703 2579 4756 διδόντα
2619 4703 2680 4756 τὸ
2723 4701 3046 4772 τιμιώτερον
3077 4701 3401 4770 ἀποστερεῖν
3424 4697 3602 4766 Υῑὸν),
3629 4697 3721 4750 καὶ

2138 4795 2227 4848 τὸν
2260 4796 2390 4848 Υίὸν
2443 4796 2584 4849 κατὰ
2636 4795 2731 4848 τοῦ
2767 4794 3105 4865 Πνεύματος.
3146 4793 3222 4847 Οὐ
3270 4792 3380 4862 γὰρ
3428 4789 3720 4861 ὁμοδούλου

2138 4886 2487 4958 δημιουργὸς.
2540 4887 2655 4940 ἀλλ’
2701 4887 2951 4956 ὁμοτίμῳ
3011 4882 3485 4952 συνῶξαζὸμενος.
3535 4879 3722 4950 Μηδὲν

2143 4978 2281 5049 μετά
2313 4979 2541 5032 σεαυτοῦ
2585 4980 2683 5050 θῇς
2730 4979 2829 5049 τῆς
2855 4977 3105 5049 Τριάδος,
3136 4976 3210 5047 μὴ
3245 4976 3346 5043 τῆς
3373 4973 3607 5042 Τριάδος
3632 4975 3722 5026 ὲκ·-

2143 5072 2335 5143 πέσῃς.
2368 5073 2573 5141 Μηδενὶ
2618 5071 2924 5144 περικὸψῃς
2964 5071 3062 5142 τὴν
3092 5069 3218 5141 μίαν
3387 5065 3593 5136 ὁμοίως
3638 5081 3721 5117 σε·

2142 5160 2390 5230 ὅὰσμιον.
2431 5161 2517 5224 Ὠς
2547 5162 2628 5214 ὃτι
2660 5160 2727 5214 ἂν
2763 5161 2872 5214 τῶν
2898 5160 3066 5231 τριῶν
3095 5157 3349 5230 καθέλῃς,
3384 5155 3445 5207 ’σὺ
3479 5155 3592 5207 πᾶν
3625 5154 3718 5221 ἔσῃ

2141 5252 2491 5326 καθῃρηκὼς,
2517 5253 2717 5324 μᾶλλον
2735 5253 2791 5306 δὲ
2819 5252 2914 5305 τοῦ
2951 5250 3151 5314 παντὸς
3183 5245 3578 5309 ὲκπεπτωκώς.
3600 5244 3719 5296 Βέλ-

2141 5360 2255 5396 τιον
2289 5343 2490 5414 μικράν
2525 5344 2623 5414 τῆς
2662 5342 2908 5406 ὲνώσεως
2943 5340 3246 5412 φαντασίαν
3290 5337 3498 5403 λαϐεῖν,
3524 5336 3558 5409 ἢ
3586 5349 3717 5387 παν·-

2137 5434 2264 5506 τελῆ
2300 5436 2571 5506 τολμῆσαι
2607 5435 2947 5490 δυσσέϐειαν.

2172 5642 2188 5670 ³
2231 5638 2384 5695 han.
2460 5655 2496 5702 ι,
2526 5643 2574 5695 ὖ.
2650 5642 2664 5668 ⁸
2705 5637 2834 5690 ἱὶιίιι.
