  <div class='ocr_page' id='page_1' title='image "/cluster/home/n/w/nwhite01/storage/ocr_20150623/130/hvd.32044073502387/420.png"; bbox 0 0 4036 6210; ppageno 0'>
   <div class='ocr_carea' id='block_1_1' title="bbox 307 327 420 390">
    <p class='ocr_par' dir='ltr' id='par_1_1' title="bbox 307 327 420 390">
     <span class='ocr_line' id='line_1_1' title="bbox 307 327 420 390; baseline 0.053 -6"><span class='ocrx_word' id='word_1_1' title='bbox 307 327 420 390; x_wconf 74' lang='lat'><strong>829</strong></span> 
     </span>
    </p>
   </div>
   <div class='ocr_carea' id='block_1_2' title="bbox 1268 329 2606 398">
    <p class='ocr_par' dir='ltr' id='par_1_2' title="bbox 1268 329 2606 398">
     <span class='ocr_line' id='line_1_2' title="bbox 1268 329 2606 398; baseline 0.005 -8"><span class='ocrx_word' id='word_1_2' title='bbox 1268 329 1644 391; x_wconf 82' lang='lat' dir='ltr'><strong>PANOPLIA</strong></span> <span class='ocrx_word' id='word_1_3' title='bbox 1684 330 2143 395; x_wconf 78' lang='lat' dir='ltr'><strong>DOGMATICA.</strong></span> <span class='ocrx_word' id='word_1_4' title='bbox 2177 358 2249 372; x_wconf 91' lang='grc'><strong>-</strong></span> <span class='ocrx_word' id='word_1_5' title='bbox 2276 334 2426 398; x_wconf 87' lang='grc' dir='ltr'><strong>ΤΙΤ.</strong></span> <span class='ocrx_word' id='word_1_6' title='bbox 2467 335 2606 397; x_wconf 86' lang='lat' dir='ltr'><strong>XI].</strong></span> 
     </span>
    </p>
   </div>
   <div class='ocr_carea' id='block_1_3' title="bbox 3444 335 3551 400">
    <p class='ocr_par' dir='ltr' id='par_1_3' title="bbox 3444 335 3551 400">
     <span class='ocr_line' id='line_1_3' title="bbox 3444 335 3551 400; baseline 0 -1"><span class='ocrx_word' id='word_1_7' title='bbox 3444 335 3551 400; x_wconf 86' lang='lat'><strong>830</strong></span> 
     </span>
    </p>
   </div>
   <div class='ocr_carea' id='block_1_4' title="bbox 312 436 3546 509">
    <p class='ocr_par' dir='ltr' id='par_1_4' title="bbox 312 436 3546 509">
     <span class='ocr_line' id='line_1_4' title="bbox 312 436 3546 509; baseline 0.003 -17"><span class='ocrx_word' id='word_1_8' title='bbox 312 436 535 492; x_wconf 75' lang='lat' dir='ltr'><strong>randum</strong></span> <span class='ocrx_word' id='word_1_9' title='bbox 569 442 784 492; x_wconf 86' lang='lat' dir='ltr'><strong>trunca.</strong></span> <span class='ocrx_word' id='word_1_10' title='bbox 816 436 1031 507; x_wconf 78' lang='lat' dir='ltr'><strong>Alioqui</strong></span> <span class='ocrx_word' id='word_1_11' title='bbox 1059 440 1104 493; x_wconf 89' lang='lat' dir='ltr'><strong>si</strong></span> <span class='ocrx_word' id='word_1_12' title='bbox 1138 438 1266 509; x_wconf 83' lang='lat' dir='ltr'><strong>quid</strong></span> <span class='ocrx_word' id='word_1_13' title='bbox 1296 455 1360 493; x_wconf 75' lang='lat' dir='ltr'><strong>ex</strong></span> <span class='ocrx_word' id='word_1_14' title='bbox 1407 440 1582 494; x_wconf 88' lang='lat' dir='ltr'><strong>tribus</strong></span> <span class='ocrx_word' id='word_1_15' title='bbox 1606 439 1892 503; x_wconf 80' lang='lat' dir='ltr'><strong>everteris,</strong></span> <span class='ocrx_word' id='word_1_16' title='bbox 1942 447 2114 494; x_wconf 91' lang='lat' dir='ltr'><strong>totum</strong></span> <span class='ocrx_word' id='word_1_17' title='bbox 2140 445 2428 508; x_wconf 63' lang='lat' dir='ltr'><strong>everteris,</strong></span> <span class='ocrx_word' id='word_1_18' title='bbox 2479 447 2590 500; x_wconf 90' lang='lat' dir='ltr'><strong>imo</strong></span> <span class='ocrx_word' id='word_1_19' title='bbox 2613 461 2642 500; x_wconf 91' lang='lat' dir='ltr'><strong>a</strong></span> <span class='ocrx_word' id='word_1_20' title='bbox 2686 452 2803 499; x_wconf 87' lang='lat' dir='ltr'><strong>toto</strong></span> <span class='ocrx_word' id='word_1_21' title='bbox 2838 443 3130 502; x_wconf 73' lang='lat' dir='ltr'><strong>excideris.</strong></span> <span class='ocrx_word' id='word_1_22' title='bbox 3173 445 3396 502; x_wconf 83' lang='lat' dir='ltr'><strong>Pra-stat</strong></span> <span class='ocrx_word' id='word_1_23' title='bbox 3425 451 3546 502; x_wconf 79' lang='lat' dir='ltr'><strong>exi-</strong></span> 
     </span>
    </p>
   </div>
   <div class='ocr_carea' id='block_1_5' title="bbox 309 529 3586 608">
    <p class='ocr_par' dir='ltr' id='par_1_5' title="bbox 309 529 3586 608">
     <span class='ocr_line' id='line_1_5' title="bbox 309 529 3586 608; baseline 0.005 -28"><span class='ocrx_word' id='word_1_24' title='bbox 309 544 480 597; x_wconf 80' lang='lat' dir='ltr'><strong>guum</strong></span> <span class='ocrx_word' id='word_1_25' title='bbox 531 529 806 600; x_wconf 78' lang='lat' dir='ltr'><strong>quoddam</strong></span> <span class='ocrx_word' id='word_1_26' title='bbox 839 531 1058 586; x_wconf 89' lang='lat' dir='ltr'><strong>uniouis</strong></span> <span class='ocrx_word' id='word_1_27' title='bbox 1079 530 1226 587; x_wconf 85' lang='lat' dir='ltr'><strong>illius</strong></span> <span class='ocrx_word' id='word_1_28' title='bbox 1259 531 1607 588; x_wconf 83' lang='lat' dir='ltr'><strong>simulacrum</strong></span> <span class='ocrx_word' id='word_1_29' title='bbox 1655 547 1872 602; x_wconf 83' lang='lat' dir='ltr'><strong>capere,</strong></span> <span class='ocrx_word' id='word_1_30' title='bbox 1903 548 2063 601; x_wconf 84' lang='lat' dir='ltr'><strong>quam</strong></span> <span class='ocrx_word' id='word_1_31' title='bbox 2089 536 2368 606; x_wconf 82' lang='lat' dir='ltr'><strong>proﬂigata</strong></span> <span class='ocrx_word' id='word_1_32' title='bbox 2393 539 2626 607; x_wconf 88' lang='lat' dir='ltr'><strong>quadam</strong></span> <span class='ocrx_word' id='word_1_33' title='bbox 2658 541 2882 594; x_wconf 78' lang='lat' dir='ltr'><strong>audacia</strong></span> <span class='ocrx_word' id='word_1_34' title='bbox 2921 541 2976 596; x_wconf 92' lang='lat' dir='ltr'><strong>in</strong></span> <span class='ocrx_word' id='word_1_35' title='bbox 3028 551 3244 597; x_wconf 86' lang='lat' dir='ltr'><strong>omnem</strong></span> <span class='ocrx_word' id='word_1_36' title='bbox 3292 543 3455 608; x_wconf 35' lang='lat' dir='ltr'><strong>impie</strong></span> <span class='ocrx_word' id='word_1_37' title='bbox 3483 558 3541 594; x_wconf 86' lang='lat' dir='ltr'><strong>a-</strong></span> <span class='ocrx_word' id='word_1_38' title='bbox 3582 554 3586 556; x_wconf 83' lang='lat'>&#39;</span> 
     </span>
    </p>
   </div>
   <div class='ocr_carea' id='block_1_6' title="bbox 311 631 830 691">
    <p class='ocr_par' dir='ltr' id='par_1_6' title="bbox 311 631 830 691">
     <span class='ocr_line' id='line_1_6' title="bbox 311 631 830 691; baseline 0 -17"><span class='ocrx_word' id='word_1_39' title='bbox 311 631 419 674; x_wconf 72' lang='lat' dir='ltr'><strong>teut</strong></span> <span class='ocrx_word' id='word_1_40' title='bbox 447 636 830 691; x_wconf 86' lang='lat' dir='ltr'><strong>prorumpere.</strong></span> 
     </span>
    </p>
   </div>
   <div class='ocr_carea' id='block_1_7' title="bbox 386 708 1892 788">
    <p class='ocr_par' dir='ltr' id='par_1_7' title="bbox 386 708 1878 779">
     <span class='ocr_line' id='line_1_7' title="bbox 386 708 1878 779; baseline 0.001 -17"><span class='ocrx_word' id='word_1_41' title='bbox 386 711 552 762; x_wconf 83' lang='grc' dir='ltr'>Ἥκει</span> <span class='ocrx_word' id='word_1_42' title='bbox 603 709 662 763; x_wconf 79' lang='grc' dir='ltr'>δὲ</span> <span class='ocrx_word' id='word_1_43' title='bbox 713 711 847 779; x_wconf 83' lang='grc' dir='ltr'>ἡμῖν</span> <span class='ocrx_word' id='word_1_44' title='bbox 879 709 908 761; x_wconf 80' lang='grc' dir='ltr'><strong>ό</strong></span> <span class='ocrx_word' id='word_1_45' title='bbox 941 708 1097 777; x_wconf 78' lang='grc' dir='ltr'>λόγος</span> <span class='ocrx_word' id='word_1_46' title='bbox 1131 711 1218 761; x_wconf 66' lang='grc' dir='ltr'><strong>ἐπ’</strong></span> <span class='ocrx_word' id='word_1_47' title='bbox 1260 709 1394 763; x_wconf 83' lang='grc' dir='ltr'>αὐτὸ</span> <span class='ocrx_word' id='word_1_48' title='bbox 1432 708 1494 763; x_wconf 84' lang='grc' dir='ltr'>τὸ</span> <span class='ocrx_word' id='word_1_49' title='bbox 1549 710 1878 779; x_wconf 71' lang='grc' dir='ltr'>κεφάλαιον*</span> 
     </span>
    </p>
   </div>
   <div class='ocr_carea' id='block_1_8' title="bbox 1983 708 3550 788">
    <p class='ocr_par' dir='ltr' id='par_1_8' title="bbox 2055 712 3550 788">
     <span class='ocr_line' id='line_1_8' title="bbox 2055 712 3550 788; baseline 0.004 -22"><span class='ocrx_word' id='word_1_50' title='bbox 2055 712 2216 770; x_wconf 79' lang='lat' dir='ltr'><strong>Venit</strong></span> <span class='ocrx_word' id='word_1_51' title='bbox 2265 728 2378 782; x_wconf 69' lang='lat' dir='ltr'><strong>1am</strong></span> <span class='ocrx_word' id='word_1_52' title='bbox 2432 716 2497 769; x_wconf 88' lang='lat' dir='ltr'><strong>ad</strong></span> <span class='ocrx_word' id='word_1_53' title='bbox 2559 715 2888 786; x_wconf 70' lang='lat' dir='ltr'><strong>prazcipuum</strong></span> <span class='ocrx_word' id='word_1_54' title='bbox 2951 717 3336 785; x_wconf 90' lang='lat' dir='ltr'><strong>disputationis</strong></span> <span class='ocrx_word' id='word_1_55' title='bbox 3387 731 3550 788; x_wconf 88' lang='lat' dir='ltr'><strong>caput</strong></span> 
     </span>
    </p>
   </div>
   <div class='ocr_carea' id='block_1_9' title="bbox 310 795 1892 872">
    <p class='ocr_par' dir='ltr' id='par_1_9' title="bbox 310 795 1892 871">
     <span class='ocr_line' id='line_1_9' title="bbox 310 795 1892 871; baseline 0.003 -24"><span class='ocrx_word' id='word_1_56' title='bbox 310 795 404 847; x_wconf 70' lang='grc' dir='ltr'><strong>καὶ</strong></span> <span class='ocrx_word' id='word_1_57' title='bbox 445 795 618 848; x_wconf 86' lang='grc' dir='ltr'>στένω</span> <span class='ocrx_word' id='word_1_58' title='bbox 651 795 767 865; x_wconf 79' lang='grc' dir='ltr'>μὲν,</span> <span class='ocrx_word' id='word_1_59' title='bbox 801 799 884 850; x_wconf 88' lang='grc' dir='ltr'>ὅτι</span> <span class='ocrx_word' id='word_1_60' title='bbox 920 799 1085 852; x_wconf 81' lang='grc' dir='ltr'>πάλαι</span> <span class='ocrx_word' id='word_1_61' title='bbox 1121 800 1382 869; x_wconf 78' lang='grc' dir='ltr'>τεθνηκὸς</span> <span class='ocrx_word' id='word_1_62' title='bbox 1421 801 1662 871; x_wconf 83' lang='grc' dir='ltr'>ζήτημα,</span> <span class='ocrx_word' id='word_1_63' title='bbox 1706 800 1799 853; x_wconf 72' lang='grc' dir='ltr'><strong>καὶ</strong></span> <span class='ocrx_word' id='word_1_64' title='bbox 1827 800 1892 871; x_wconf 74' lang='grc' dir='ltr'>τῇ</span> 
     </span>
    </p>
   </div>
   <div class='ocr_carea' id='block_1_10' title="bbox 1983 795 3550 872">
    <p class='ocr_par' dir='ltr' id='par_1_10' title="bbox 1983 801 3550 872">
     <span class='ocr_line' id='line_1_10' title="bbox 1983 801 3550 872; baseline -0.001 -16"><span class='ocrx_word' id='word_1_65' title='bbox 1983 802 2170 867; x_wconf 74' lang='lat' dir='ltr'><strong>iratio;</strong></span> <span class='ocrx_word' id='word_1_66' title='bbox 2201 818 2266 855; x_wconf 87' lang='lat' dir='ltr'><strong>ac</strong></span> <span class='ocrx_word' id='word_1_67' title='bbox 2305 802 2659 870; x_wconf 68' lang='lat' dir='ltr'><strong>quaestionem</strong></span> <span class='ocrx_word' id='word_1_68' title='bbox 2691 803 2928 868; x_wconf 84' lang='lat' dir='ltr'><strong>quidem,</strong></span> <span class='ocrx_word' id='word_1_69' title='bbox 2964 815 3082 870; x_wconf 65' lang='lat' dir='ltr'><strong>quae</strong></span> <span class='ocrx_word' id='word_1_70' title='bbox 3103 801 3430 871; x_wconf 73' lang='lat' dir='ltr'><strong>jampridem</strong></span> <span class='ocrx_word' id='word_1_71' title='bbox 3456 821 3550 872; x_wconf 86' lang='lat' dir='ltr'><strong>0p-</strong></span> 
     </span>
    </p>
   </div>
   <div class='ocr_carea' id='block_1_11' title="bbox 309 886 1896 962">
    <p class='ocr_par' dir='ltr' id='par_1_11' title="bbox 309 886 1896 962">
     <span class='ocr_line' id='line_1_11' title="bbox 309 886 1896 962; baseline 0.006 -25"><span class='ocrx_word' id='word_1_72' title='bbox 309 886 491 938; x_wconf 83' lang='grc' dir='ltr'>πίστει</span> <span class='ocrx_word' id='word_1_73' title='bbox 542 889 976 959; x_wconf 81' lang='grc' dir='ltr'>παραχωρῆσαν,</span> <span class='ocrx_word' id='word_1_74' title='bbox 1009 890 1103 944; x_wconf 81' lang='grc' dir='ltr'>νῦν</span> <span class='ocrx_word' id='word_1_75' title='bbox 1136 891 1541 956; x_wconf 78' lang='grc' dir='ltr'>ἀνακαινίζεται</span> <span class='ocrx_word' id='word_1_76' title='bbox 1561 910 1574 922; x_wconf 74' lang='grc' dir='ltr'><strong>ο</strong></span> <span class='ocrx_word' id='word_1_77' title='bbox 1607 892 1798 962; x_wconf 85' lang='grc' dir='ltr'>στῆναι</span> <span class='ocrx_word' id='word_1_78' title='bbox 1839 892 1896 946; x_wconf 66' lang='grc' dir='ltr'>δὲ</span> 
     </span>
    </p>
   </div>
   <div class='ocr_carea' id='block_1_12' title="bbox 306 979 1896 1059">
    <p class='ocr_par' dir='ltr' id='par_1_12' title="bbox 306 979 1896 1059">
     <span class='ocr_line' id='line_1_12' title="bbox 306 979 1896 1059; baseline 0.006 -30"><span class='ocrx_word' id='word_1_79' title='bbox 306 979 460 1047; x_wconf 85' lang='grc' dir='ltr'>ὅμως</span> <span class='ocrx_word' id='word_1_80' title='bbox 523 979 823 1044; x_wconf 73' lang='grc' dir='ltr'>ἀναγκαῖον</span> <span class='ocrx_word' id='word_1_81' title='bbox 879 981 1016 1052; x_wconf 78' lang='grc' dir='ltr'>πρὸς</span> <span class='ocrx_word' id='word_1_82' title='bbox 1075 983 1202 1046; x_wconf 75' lang='grc' dir='ltr'>τοὺς</span> <span class='ocrx_word' id='word_1_83' title='bbox 1256 983 1618 1056; x_wconf 85' lang='grc' dir='ltr'>λογολέσχας,</span> <span class='ocrx_word' id='word_1_84' title='bbox 1671 985 1767 1038; x_wconf 74' lang='grc' dir='ltr'><strong>καὶ</strong></span> <span class='ocrx_word' id='word_1_85' title='bbox 1820 986 1896 1059; x_wconf 77' lang='grc' dir='ltr'>μὴ</span> 
     </span>
    </p>
   </div>
   <div class='ocr_carea' id='block_1_13' title="bbox 306 1071 1897 1149">
    <p class='ocr_par' dir='ltr' id='par_1_13' title="bbox 306 1071 1897 1149">
     <span class='ocr_line' id='line_1_13' title="bbox 306 1071 1897 1149; baseline 0.004 -27"><span class='ocrx_word' id='word_1_86' title='bbox 306 1073 526 1140; x_wconf 82' lang='grc' dir='ltr'><strong>ἐρήμην</strong></span> <span class='ocrx_word' id='word_1_87' title='bbox 573 1071 797 1135; x_wconf 87' lang='grc' dir='ltr'>ἀλῶναι,</span> <span class='ocrx_word' id='word_1_88' title='bbox 840 1072 1013 1141; x_wconf 83' lang='grc' dir='ltr'>Λόγον</span> <span class='ocrx_word' id='word_1_89' title='bbox 1051 1074 1296 1144; x_wconf 82' lang='grc' dir='ltr'>ἔχοντας,</span> <span class='ocrx_word' id='word_1_90' title='bbox 1331 1077 1426 1130; x_wconf 75' lang='grc' dir='ltr'>καὶ</span> <span class='ocrx_word' id='word_1_91' title='bbox 1461 1076 1897 1149; x_wconf 79' lang='grc' dir='ltr'>συνηγοροῦντας</span> 
     </span>
    </p>
   </div>
   <div class='ocr_carea' id='block_1_14' title="bbox 302 1162 1893 1235">
    <p class='ocr_par' dir='ltr' id='par_1_14' title="bbox 302 1162 1893 1235">
     <span class='ocr_line' id='line_1_14' title="bbox 302 1162 1893 1235; baseline 0.005 -21"><span class='ocrx_word' id='word_1_92' title='bbox 302 1162 608 1233; x_wconf 87' lang='grc' dir='ltr'>Πνεύματι.</span> <span class='ocrx_word' id='word_1_93' title='bbox 669 1163 734 1215; x_wconf 81' lang='grc' dir='ltr'><strong>Εἰ</strong></span> <span class='ocrx_word' id='word_1_94' title='bbox 767 1163 920 1228; x_wconf 82' lang='grc' dir='ltr'><strong>Θεὸς,</strong></span> <span class='ocrx_word' id='word_1_95' title='bbox 955 1166 1135 1235; x_wconf 62' lang='grc' dir='ltr'>φασι,</span> <span class='ocrx_word' id='word_1_96' title='bbox 1303 1168 1397 1221; x_wconf 70' lang='grc' dir='ltr'><strong>καὶ</strong></span> <span class='ocrx_word' id='word_1_97' title='bbox 1431 1170 1583 1232; x_wconf 83' lang='grc' dir='ltr'>Θεὸς,</span> <span class='ocrx_word' id='word_1_98' title='bbox 1619 1171 1712 1223; x_wconf 78' lang='grc' dir='ltr'><strong>καὶ</strong></span> <span class='ocrx_word' id='word_1_99' title='bbox 1737 1170 1893 1234; x_wconf 83' lang='grc' dir='ltr'>Θεὸς,</span> 
     </span>
    </p>
   </div>
   <div class='ocr_carea' id='block_1_15' title="bbox 301 1252 1896 1332">
    <p class='ocr_par' dir='ltr' id='par_1_15' title="bbox 301 1252 1896 1332">
     <span class='ocr_line' id='line_1_15' title="bbox 301 1252 1896 1332; baseline 0.006 -28"><span class='ocrx_word' id='word_1_100' title='bbox 301 1252 422 1316; x_wconf 82' lang='grc' dir='ltr'><strong>πῶς</strong></span> <span class='ocrx_word' id='word_1_101' title='bbox 455 1253 576 1324; x_wconf 77' lang='grc' dir='ltr'>οὐχὶ</span> <span class='ocrx_word' id='word_1_102' title='bbox 614 1256 764 1324; x_wconf 81' lang='grc' dir='ltr'>τρεῖς</span> <span class='ocrx_word' id='word_1_103' title='bbox 803 1253 952 1323; x_wconf 89' lang='grc' dir='ltr'>θεοί;</span> <span class='ocrx_word' id='word_1_104' title='bbox 987 1256 1019 1326; x_wconf 80' lang='grc' dir='ltr'>ἢ</span> <span class='ocrx_word' id='word_1_105' title='bbox 1059 1256 1176 1317; x_wconf 83' lang='grc' dir='ltr'><strong>πῶς</strong></span> <span class='ocrx_word' id='word_1_106' title='bbox 1206 1258 1266 1309; x_wconf 87' lang='grc' dir='ltr'><strong>οὐ</strong></span> <span class='ocrx_word' id='word_1_107' title='bbox 1308 1258 1617 1332; x_wconf 73' lang='grc' dir='ltr'>πολυαρχία</span> <span class='ocrx_word' id='word_1_108' title='bbox 1643 1260 1704 1312; x_wconf 84' lang='grc' dir='ltr'><strong>τὸ</strong></span> <span class='ocrx_word' id='word_1_109' title='bbox 1741 1261 1896 1327; x_wconf 83' lang='grc' dir='ltr'>δοξα-</span> 
     </span>
    </p>
   </div>
   <div class='ocr_carea' id='block_1_16' title="bbox 303 1344 1897 1422">
    <p class='ocr_par' dir='ltr' id='par_1_16' title="bbox 303 1344 1897 1422">
     <span class='ocr_line' id='line_1_16' title="bbox 303 1344 1897 1422; baseline 0.007 -27"><span class='ocrx_word' id='word_1_110' title='bbox 303 1344 563 1413; x_wconf 77' lang='grc' dir='ltr'>ζόμενονς</span> <span class='ocrx_word' id='word_1_111' title='bbox 601 1344 787 1398; x_wconf 78' lang='grc' dir='ltr'>Ταῦτα</span> <span class='ocrx_word' id='word_1_112' title='bbox 820 1346 1002 1412; x_wconf 85' lang='grc' dir='ltr'>τίνες;</span> <span class='ocrx_word' id='word_1_113' title='bbox 1032 1349 1092 1400; x_wconf 89' lang='grc' dir='ltr'>Οί</span> <span class='ocrx_word' id='word_1_114' title='bbox 1122 1348 1441 1420; x_wconf 86' lang='grc' dir='ltr'>τελεώτεροι</span> <span class='ocrx_word' id='word_1_115' title='bbox 1624 1353 1724 1422; x_wconf 82' lang='grc' dir='ltr'>τὴν</span> <span class='ocrx_word' id='word_1_116' title='bbox 1761 1353 1897 1406; x_wconf 73' lang='grc' dir='ltr'>’ἀσέ-</span> 
     </span>
    </p>
   </div>
   <div class='ocr_carea' id='block_1_17' title="bbox 305 1433 1898 1513">
    <p class='ocr_par' dir='ltr' id='par_1_17' title="bbox 305 1433 1898 1513">
     <span class='ocr_line' id='line_1_17' title="bbox 305 1433 1898 1513; baseline 0.008 -28"><span class='ocrx_word' id='word_1_117' title='bbox 305 1433 482 1496; x_wconf 77' lang='grc' dir='ltr'>δειαν,</span> <span class='ocrx_word' id='word_1_118' title='bbox 530 1433 562 1504; x_wconf 82' lang='grc' dir='ltr'>ἦ</span> <span class='ocrx_word' id='word_1_119' title='bbox 603 1437 696 1488; x_wconf 80' lang='grc' dir='ltr'>καὶ</span> <span class='ocrx_word' id='word_1_120' title='bbox 725 1436 774 1488; x_wconf 88' lang='grc' dir='ltr'>οἱ</span> <span class='ocrx_word' id='word_1_121' title='bbox 809 1437 908 1506; x_wconf 80' lang='grc' dir='ltr'>τῆς</span> <span class='ocrx_word' id='word_1_122' title='bbox 948 1437 1207 1510; x_wconf 82' lang='grc' dir='ltr'><strong>δευτέρας</strong></span> <span class='ocrx_word' id='word_1_123' title='bbox 1397 1442 1635 1512; x_wconf 81' lang='grc' dir='ltr'><strong>μερίδος,</strong></span> <span class='ocrx_word' id='word_1_124' title='bbox 1670 1442 1812 1513; x_wconf 81' lang='grc' dir='ltr'>λέγω</span> <span class='ocrx_word' id='word_1_125' title='bbox 1841 1444 1898 1497; x_wconf 77' lang='grc' dir='ltr'>δὲ</span> 
     </span>
    </p>
   </div>
   <div class='ocr_carea' id='block_1_18' title="bbox 305 1527 1896 1607">
    <p class='ocr_par' dir='ltr' id='par_1_18' title="bbox 305 1527 1896 1607">
     <span class='ocr_line' id='line_1_18' title="bbox 305 1527 1896 1607; baseline 0.008 -30"><span class='ocrx_word' id='word_1_126' title='bbox 305 1528 437 1590; x_wconf 75' lang='grc' dir='ltr'>τοὺς</span> <span class='ocrx_word' id='word_1_127' title='bbox 484 1527 612 1598; x_wconf 73' lang='grc' dir='ltr'>περὶ</span> <span class='ocrx_word' id='word_1_128' title='bbox 658 1527 748 1581; x_wconf 73' lang='grc' dir='ltr'><strong>τὸν</strong></span> <span class='ocrx_word' id='word_1_129' title='bbox 798 1528 925 1581; x_wconf 84' lang='grc' dir='ltr'>Υίόν</span> <span class='ocrx_word' id='word_1_130' title='bbox 973 1546 1090 1594; x_wconf 89' lang='grc' dir='ltr'><strong>πως</strong></span> <span class='ocrx_word' id='word_1_131' title='bbox 1132 1531 1508 1602; x_wconf 81' lang='grc' dir='ltr'>εὐγνώμονας.</span> <span class='ocrx_word' id='word_1_132' title='bbox 1546 1535 1605 1587; x_wconf 91' lang='lat'><strong>&#39;0</strong></span> <span class='ocrx_word' id='word_1_133' title='bbox 1657 1535 1755 1605; x_wconf 88' lang='grc' dir='ltr'><strong>μὲν</strong></span> <span class='ocrx_word' id='word_1_134' title='bbox 1787 1537 1896 1607; x_wconf 78' lang='grc' dir='ltr'><strong>γὰρ</strong></span> 
     </span>
    </p>
   </div>
   <div class='ocr_carea' id='block_1_19' title="bbox 305 1615 1874 1694">
    <p class='ocr_par' dir='ltr' id='par_1_19' title="bbox 305 1615 1874 1694">
     <span class='ocr_line' id='line_1_19' title="bbox 305 1615 1874 1694; baseline 0.006 -26"><span class='ocrx_word' id='word_1_135' title='bbox 305 1615 488 1678; x_wconf 85' lang='grc' dir='ltr'>κοινός</span> <span class='ocrx_word' id='word_1_136' title='bbox 522 1633 610 1686; x_wconf 90' lang='grc' dir='ltr'><strong>μοι</strong></span> <span class='ocrx_word' id='word_1_137' title='bbox 662 1617 799 1686; x_wconf 80' lang='grc' dir='ltr'>πρὸς</span> <span class='ocrx_word' id='word_1_138' title='bbox 850 1617 1196 1690; x_wconf 79' lang='grc' dir='ltr'><strong>ἀμφοτέρους</strong></span> <span class='ocrx_word' id='word_1_139' title='bbox 1244 1621 1421 1689; x_wconf 82' lang='grc' dir='ltr'>λόγος,</span> <span class='ocrx_word' id='word_1_140' title='bbox 1451 1625 1479 1674; x_wconf 87' lang='grc' dir='ltr'><strong>ό</strong></span> <span class='ocrx_word' id='word_1_141' title='bbox 1523 1623 1578 1675; x_wconf 82' lang='grc' dir='ltr'>δὲ</span> <span class='ocrx_word' id='word_1_142' title='bbox 1614 1625 1749 1694; x_wconf 77' lang='grc' dir='ltr'>πρὸς</span> <span class='ocrx_word' id='word_1_143' title='bbox 1781 1625 1874 1677; x_wconf 82' lang='grc' dir='ltr'><strong>τού</strong></span> 
     </span>
    </p>
   </div>
   <div class='ocr_carea' id='block_1_20' title="bbox 301 1701 1894 1781">
    <p class='ocr_par' dir='ltr' id='par_1_20' title="bbox 301 1701 1894 1781">
     <span class='ocr_line' id='line_1_20' title="bbox 301 1701 1894 1781; baseline 0.006 -22"><span class='ocrx_word' id='word_1_144' title='bbox 301 1724 432 1771; x_wconf 88' lang='grc' dir='ltr'>τους</span> <span class='ocrx_word' id='word_1_145' title='bbox 486 1707 632 1772; x_wconf 80' lang='grc' dir='ltr'>ἴδιος.</span> <span class='ocrx_word' id='word_1_146' title='bbox 673 1709 732 1761; x_wconf 87' lang='lat'><strong>&#39;0</strong></span> <span class='ocrx_word' id='word_1_147' title='bbox 766 1708 866 1777; x_wconf 82' lang='grc' dir='ltr'>μὲν</span> <span class='ocrx_word' id='word_1_148' title='bbox 905 1701 994 1762; x_wconf 74' lang='grc' dir='ltr'><strong>οὖν</strong></span> <span class='ocrx_word' id='word_1_149' title='bbox 1044 1710 1182 1781; x_wconf 84' lang='grc' dir='ltr'>πρὸς</span> <span class='ocrx_word' id='word_1_150' title='bbox 1230 1712 1473 1780; x_wconf 77' lang='grc' dir='ltr'><strong>τούτους,</strong></span> <span class='ocrx_word' id='word_1_151' title='bbox 1524 1713 1785 1780; x_wconf 77' lang='grc' dir='ltr'>τοιοῦτος.</span> <span class='ocrx_word' id='word_1_152' title='bbox 1830 1716 1894 1768; x_wconf 84' lang='grc' dir='ltr'><strong>Τί</strong></span> 
     </span>
    </p>
   </div>
   <div class='ocr_carea' id='block_1_21' title="bbox 307 1797 1896 1871">
    <p class='ocr_par' dir='ltr' id='par_1_21' title="bbox 307 1797 1896 1871">
     <span class='ocr_line' id='line_1_21' title="bbox 307 1797 1896 1871; baseline 0.008 -24"><span class='ocrx_word' id='word_1_153' title='bbox 307 1813 449 1863; x_wconf 80' lang='grc' dir='ltr'>φατε</span> <span class='ocrx_word' id='word_1_154' title='bbox 492 1799 603 1859; x_wconf 85' lang='grc' dir='ltr'>τοῖς</span> <span class='ocrx_word' id='word_1_155' title='bbox 644 1797 942 1869; x_wconf 78' lang='grc' dir='ltr'>τριθεῒταις</span> <span class='ocrx_word' id='word_1_156' title='bbox 1128 1802 1282 1871; x_wconf 76' lang='grc' dir='ltr'>ἡμῖν,</span> <span class='ocrx_word' id='word_1_157' title='bbox 1323 1804 1375 1855; x_wconf 79' lang='grc' dir='ltr'>οἰ</span> <span class='ocrx_word' id='word_1_158' title='bbox 1419 1802 1511 1857; x_wconf 76' lang='grc' dir='ltr'>τὸν</span> <span class='ocrx_word' id='word_1_159' title='bbox 1541 1804 1668 1858; x_wconf 84' lang='grc' dir='ltr'>Υίὸν</span> <span class='ocrx_word' id='word_1_160' title='bbox 1716 1806 1896 1859; x_wconf 70' lang='grc' dir='ltr'>σέϐον-</span> 
     </span>
    </p>
   </div>
   <div class='ocr_carea' id='block_1_22' title="bbox 302 1888 1896 1967">
    <p class='ocr_par' dir='ltr' id='par_1_22' title="bbox 302 1888 1896 1967">
     <span class='ocr_line' id='line_1_22' title="bbox 302 1888 1896 1967; baseline 0.008 -27"><span class='ocrx_word' id='word_1_161' title='bbox 302 1903 431 1948; x_wconf 83' lang='grc' dir='ltr'>τες,</span> <span class='ocrx_word' id='word_1_162' title='bbox 477 1889 524 1939; x_wconf 81' lang='grc' dir='ltr'>εἰ</span> <span class='ocrx_word' id='word_1_163' title='bbox 571 1888 662 1940; x_wconf 76' lang='grc' dir='ltr'><strong>καὶ</strong></span> <span class='ocrx_word' id='word_1_164' title='bbox 705 1888 800 1941; x_wconf 80' lang='grc' dir='ltr'>τοῦ</span> <span class='ocrx_word' id='word_1_165' title='bbox 833 1890 1148 1962; x_wconf 87' lang='grc' dir='ltr'>Πνεύματος</span> <span class='ocrx_word' id='word_1_166' title='bbox 1191 1895 1566 1965; x_wconf 83' lang='grc' dir='ltr'>ἀφεστήκατε;</span> <span class='ocrx_word' id='word_1_167' title='bbox 1608 1897 1798 1967; x_wconf 80' lang='grc' dir='ltr'>Ὑμεῖς</span> <span class='ocrx_word' id='word_1_168' title='bbox 1835 1897 1896 1954; x_wconf 77' lang='grc' dir='ltr'>δὲ</span> 
     </span>
    </p>
   </div>
   <div class='ocr_carea' id='block_1_23' title="bbox 302 1979 1894 2055">
    <p class='ocr_par' dir='ltr' id='par_1_23' title="bbox 302 1979 1894 2055">
     <span class='ocr_line' id='line_1_23' title="bbox 302 1979 1894 2055; baseline 0.008 -25"><span class='ocrx_word' id='word_1_169' title='bbox 302 1979 370 2031; x_wconf 75' lang='grc' dir='ltr'><strong>οὐ</strong></span> <span class='ocrx_word' id='word_1_170' title='bbox 403 1979 632 2034; x_wconf 84' lang='grc' dir='ltr'>διθεῖται</span> <span class='ocrx_word' id='word_1_171' title='bbox 667 1999 684 2048; x_wconf 88' lang='lat'><strong>;</strong></span> <span class='ocrx_word' id='word_1_172' title='bbox 852 1983 916 2037; x_wconf 83' lang='grc' dir='ltr'>Εί</span> <span class='ocrx_word' id='word_1_173' title='bbox 949 1983 1050 2054; x_wconf 88' lang='grc' dir='ltr'><strong>μὲν</strong></span> <span class='ocrx_word' id='word_1_174' title='bbox 1075 1985 1186 2054; x_wconf 78' lang='grc' dir='ltr'>γὰρ</span> <span class='ocrx_word' id='word_1_175' title='bbox 1225 1985 1476 2055; x_wconf 82' lang='grc' dir='ltr'>ἀρνεῖσθε</span> <span class='ocrx_word' id='word_1_176' title='bbox 1507 1987 1602 2040; x_wconf 76' lang='grc' dir='ltr'><strong>καὶ</strong></span> <span class='ocrx_word' id='word_1_177' title='bbox 1644 1987 1736 2040; x_wconf 79' lang='grc' dir='ltr'>τοῦ</span> <span class='ocrx_word' id='word_1_178' title='bbox 1779 1989 1894 2044; x_wconf 87' lang='grc' dir='ltr'><strong>Μο-</strong></span> 
     </span>
    </p>
   </div>
   <div class='ocr_carea' id='block_1_24' title="bbox 1967 890 3553 962">
    <p class='ocr_par' dir='ltr' id='par_1_24' title="bbox 1967 890 3553 962">
     <span class='ocr_line' id='line_1_24' title="bbox 1967 890 3553 962; baseline 0 -16"><span class='ocrx_word' id='word_1_179' title='bbox 1967 908 2154 962; x_wconf 86' lang='lat' dir='ltr'><strong>pressa</strong></span> <span class='ocrx_word' id='word_1_180' title='bbox 2190 903 2272 948; x_wconf 87' lang='lat' dir='ltr'><strong>est</strong></span> <span class='ocrx_word' id='word_1_181' title='bbox 2305 900 2360 948; x_wconf 86' lang='lat' dir='ltr'><strong>et</strong></span> <span class='ocrx_word' id='word_1_182' title='bbox 2389 893 2682 958; x_wconf 78' lang='lat' dir='ltr'><strong>exstincta,</strong></span> <span class='ocrx_word' id='word_1_183' title='bbox 2713 902 2876 960; x_wconf 90' lang='lat' dir='ltr'><strong>atque</strong></span> <span class='ocrx_word' id='word_1_184' title='bbox 2905 890 3026 946; x_wconf 72' lang='lat' dir='ltr'><strong>fidei</strong></span> <span class='ocrx_word' id='word_1_185' title='bbox 3057 893 3243 955; x_wconf 90' lang='lat' dir='ltr'><strong>cessit,</strong></span> <span class='ocrx_word' id='word_1_186' title='bbox 3275 894 3377 949; x_wconf 87' lang='lat' dir='ltr'><strong>hoc</strong></span> <span class='ocrx_word' id='word_1_187' title='bbox 3419 905 3553 946; x_wconf 84' lang='lat' dir='ltr'><strong>tein—</strong></span> 
     </span>
    </p>
   </div>
   <div class='ocr_carea' id='block_1_25' title="bbox 1967 982 3543 1053">
    <p class='ocr_par' dir='ltr' id='par_1_25' title="bbox 1967 982 3543 1053">
     <span class='ocr_line' id='line_1_25' title="bbox 1967 982 3543 1053; baseline -0.002 -15"><span class='ocrx_word' id='word_1_188' title='bbox 1967 999 2099 1053; x_wconf 90' lang='lat' dir='ltr'><strong>pore</strong></span> <span class='ocrx_word' id='word_1_189' title='bbox 2139 983 2388 1038; x_wconf 86' lang='lat' dir='ltr'><strong>renovari</strong></span> <span class='ocrx_word' id='word_1_190' title='bbox 2424 983 2581 1037; x_wconf 90' lang='lat' dir='ltr'><strong>doleo</strong></span> <span class='ocrx_word' id='word_1_191' title='bbox 2611 992 2665 1037; x_wconf 90' lang='lat' dir='ltr'><strong>et</strong></span> <span class='ocrx_word' id='word_1_192' title='bbox 2703 982 3000 1050; x_wconf 77' lang='lat' dir='ltr'><strong>ingemisco</strong></span> <span class='ocrx_word' id='word_1_193' title='bbox 3029 999 3044 1035; x_wconf 90' lang='lat'><strong>:</strong></span> <span class='ocrx_word' id='word_1_194' title='bbox 3079 983 3342 1038; x_wconf 85' lang='lat' dir='ltr'><strong>adversus</strong></span> <span class='ocrx_word' id='word_1_195' title='bbox 3390 985 3543 1037; x_wconf 86' lang='lat' dir='ltr'><strong>rabu-</strong></span> 
     </span>
    </p>
   </div>
   <div class='ocr_carea' id='block_1_26' title="bbox 1969 1074 3549 1143">
    <p class='ocr_par' dir='ltr' id='par_1_26' title="bbox 1969 1074 3549 1143">
     <span class='ocr_line' id='line_1_26' title="bbox 1969 1074 3549 1143; baseline -0.003 -12"><span class='ocrx_word' id='word_1_196' title='bbox 1969 1077 2052 1131; x_wconf 90' lang='lat' dir='ltr'><strong>las</strong></span> <span class='ocrx_word' id='word_1_197' title='bbox 2083 1086 2264 1130; x_wconf 89' lang='lat' dir='ltr'><strong>tamen</strong></span> <span class='ocrx_word' id='word_1_198' title='bbox 2298 1085 2444 1130; x_wconf 88' lang='lat' dir='ltr'><strong>stare</strong></span> <span class='ocrx_word' id='word_1_199' title='bbox 2469 1089 2690 1130; x_wconf 88' lang='lat' dir='ltr'><strong>necesse</strong></span> <span class='ocrx_word' id='word_1_200' title='bbox 2720 1084 2824 1138; x_wconf 88' lang='lat' dir='ltr'><strong>est,</strong></span> <span class='ocrx_word' id='word_1_201' title='bbox 2860 1089 2924 1127; x_wconf 89' lang='lat' dir='ltr'><strong>ac</strong></span> <span class='ocrx_word' id='word_1_202' title='bbox 2944 1074 3248 1143; x_wconf 75' lang='lat' dir='ltr'><strong>providere,</strong></span> <span class='ocrx_word' id='word_1_203' title='bbox 3294 1090 3360 1128; x_wconf 92' lang='lat' dir='ltr'><strong>ne</strong></span> <span class='ocrx_word' id='word_1_204' title='bbox 3407 1076 3549 1128; x_wconf 85' lang='lat' dir='ltr'><strong>velut</strong></span> 
     </span>
    </p>
   </div>
   <div class='ocr_carea' id='block_1_27' title="bbox 1968 1164 3550 1234">
    <p class='ocr_par' dir='ltr' id='par_1_27' title="bbox 1968 1164 3550 1234">
     <span class='ocr_line' id='line_1_27' title="bbox 1968 1164 3550 1234; baseline -0.003 -14"><span class='ocrx_word' id='word_1_205' title='bbox 1968 1169 2180 1220; x_wconf 90' lang='lat' dir='ltr'><strong>deserta</strong></span> <span class='ocrx_word' id='word_1_206' title='bbox 2216 1181 2378 1222; x_wconf 83' lang='lat' dir='ltr'><strong>causa</strong></span> <span class='ocrx_word' id='word_1_207' title='bbox 2401 1167 2706 1228; x_wconf 82' lang='lat' dir='ltr'><strong>vincamur,</strong></span> <span class='ocrx_word' id='word_1_208' title='bbox 2737 1164 2826 1233; x_wconf 92' lang='lat' dir='ltr'><strong>qui</strong></span> <span class='ocrx_word' id='word_1_209' title='bbox 2861 1164 3094 1218; x_wconf 79' lang='lat' dir='ltr'><strong>Verbum</strong></span> <span class='ocrx_word' id='word_1_210' title='bbox 3121 1164 3398 1229; x_wconf 78' lang='lat' dir='ltr'><strong>habemus,</strong></span> <span class='ocrx_word' id='word_1_211' title='bbox 3427 1164 3550 1234; x_wconf 90' lang='lat' dir='ltr'><strong>Spi-</strong></span> 
     </span>
    </p>
   </div>
   <div class='ocr_carea' id='block_1_28' title="bbox 1973 1253 3545 1328">
    <p class='ocr_par' dir='ltr' id='par_1_28' title="bbox 1973 1253 3545 1328">
     <span class='ocr_line' id='line_1_28' title="bbox 1973 1253 3545 1328; baseline -0.002 -16"><span class='ocrx_word' id='word_1_212' title='bbox 1973 1259 2215 1328; x_wconf 86' lang='lat' dir='ltr'><strong>ritusqne</strong></span> <span class='ocrx_word' id='word_1_213' title='bbox 2245 1257 2606 1326; x_wconf 71' lang='lat' dir='ltr'><strong>patrocinium</strong></span> <span class='ocrx_word' id='word_1_214' title='bbox 2635 1255 2978 1324; x_wconf 86' lang='lat' dir='ltr'><strong>suscipimus.</strong></span> <span class='ocrx_word' id='word_1_215' title='bbox 2998 1253 3052 1308; x_wconf 90' lang='lat' dir='ltr'><strong>Si</strong></span> <span class='ocrx_word' id='word_1_216' title='bbox 3089 1254 3250 1321; x_wconf 89' lang='lat' dir='ltr'><strong>Dens,</strong></span> <span class='ocrx_word' id='word_1_217' title='bbox 3275 1256 3545 1324; x_wconf 85' lang='lat' dir='ltr'><strong>inquiunt,</strong></span> 
     </span>
    </p>
   </div>
   <div class='ocr_carea' id='block_1_29' title="bbox 1969 1351 3553 1420">
    <p class='ocr_par' dir='ltr' id='par_1_29' title="bbox 1969 1351 3553 1420">
     <span class='ocr_line' id='line_1_29' title="bbox 1969 1351 3553 1420; baseline 0.001 -16"><span class='ocrx_word' id='word_1_218' title='bbox 1969 1360 2023 1404; x_wconf 89' lang='lat' dir='ltr'><strong>et</strong></span> <span class='ocrx_word' id='word_1_219' title='bbox 2051 1351 2210 1417; x_wconf 86' lang='lat' dir='ltr'><strong>Dens,</strong></span> <span class='ocrx_word' id='word_1_220' title='bbox 2241 1360 2293 1405; x_wconf 90' lang='lat' dir='ltr'><strong>et</strong></span> <span class='ocrx_word' id='word_1_221' title='bbox 2319 1351 2478 1413; x_wconf 84' lang='lat' dir='ltr'><strong>Deus,</strong></span> <span class='ocrx_word' id='word_1_222' title='bbox 2512 1352 2638 1420; x_wconf 87' lang='lat' dir='ltr'><strong>quid</strong></span> <span class='ocrx_word' id='word_1_223' title='bbox 2661 1366 2837 1404; x_wconf 71' lang='lat' dir='ltr'><strong>causa:</strong></span> <span class='ocrx_word' id='word_1_224' title='bbox 2869 1365 2990 1405; x_wconf 85' lang='lat' dir='ltr'><strong>esse</strong></span> <span class='ocrx_word' id='word_1_225' title='bbox 3033 1360 3228 1420; x_wconf 79' lang='lat' dir='ltr'><strong>patest,</strong></span> <span class='ocrx_word' id='word_1_226' title='bbox 3266 1353 3392 1420; x_wconf 90' lang='lat' dir='ltr'><strong>quin</strong></span> <span class='ocrx_word' id='word_1_227' title='bbox 3444 1363 3553 1407; x_wconf 89' lang='lat' dir='ltr'><strong>tres</strong></span> 
     </span>
    </p>
   </div>
   <div class='ocr_carea' id='block_1_30' title="bbox 1972 1442 3551 1512">
    <p class='ocr_par' dir='ltr' id='par_1_30' title="bbox 1972 1442 3551 1512">
     <span class='ocr_line' id='line_1_30' title="bbox 1972 1442 3551 1512; baseline -0.001 -15"><span class='ocrx_word' id='word_1_228' title='bbox 1972 1445 2081 1497; x_wconf 90' lang='lat' dir='ltr'><strong>sint</strong></span> <span class='ocrx_word' id='word_1_229' title='bbox 2117 1445 2214 1507; x_wconf 90' lang='lat' dir='ltr'><strong>dii,</strong></span> <span class='ocrx_word' id='word_1_230' title='bbox 2239 1452 2328 1496; x_wconf 83' lang='lat' dir='ltr'><strong>aut</strong></span> <span class='ocrx_word' id='word_1_231' title='bbox 2357 1445 2484 1512; x_wconf 90' lang='lat' dir='ltr'><strong>quin</strong></span> <span class='ocrx_word' id='word_1_232' title='bbox 2522 1442 2754 1512; x_wconf 90' lang='lat' dir='ltr'><strong>plurium</strong></span> <span class='ocrx_word' id='word_1_233' title='bbox 2804 1443 3023 1496; x_wconf 86' lang='lat' dir='ltr'><strong>deorum</strong></span> <span class='ocrx_word' id='word_1_234' title='bbox 3077 1442 3432 1510; x_wconf 77' lang='lat' dir='ltr'><strong>principatum</strong></span> <span class='ocrx_word' id='word_1_235' title='bbox 3461 1458 3551 1497; x_wconf 87' lang='lat' dir='ltr'><strong>co-</strong></span> 
     </span>
    </p>
   </div>
   <div class='ocr_carea' id='block_1_31' title="bbox 1972 1532 3549 1602">
    <p class='ocr_par' dir='ltr' id='par_1_31' title="bbox 1972 1532 3549 1602">
     <span class='ocr_line' id='line_1_31' title="bbox 1972 1532 3549 1602; baseline -0.001 -14"><span class='ocrx_word' id='word_1_236' title='bbox 1972 1535 2183 1588; x_wconf 83' lang='lat' dir='ltr'><strong>lamus?</strong></span> <span class='ocrx_word' id='word_1_237' title='bbox 2211 1535 2442 1601; x_wconf 86' lang='lat' dir='ltr'><strong>Quinam</strong></span> <span class='ocrx_word' id='word_1_238' title='bbox 2476 1534 2625 1588; x_wconf 70' lang='lat' dir='ltr'><strong>haec?</strong></span> <span class='ocrx_word' id='word_1_239' title='bbox 2653 1532 2714 1587; x_wconf 86' lang='lat' dir='ltr'><strong>lli</strong></span> <span class='ocrx_word' id='word_1_240' title='bbox 2753 1548 2966 1601; x_wconf 87' lang='lat' dir='ltr'><strong>nempe,</strong></span> <span class='ocrx_word' id='word_1_241' title='bbox 3002 1534 3092 1602; x_wconf 89' lang='lat' dir='ltr'><strong>qui</strong></span> <span class='ocrx_word' id='word_1_242' title='bbox 3125 1533 3474 1602; x_wconf 81' lang='lat' dir='ltr'><strong>perfectiores</strong></span> <span class='ocrx_word' id='word_1_243' title='bbox 3496 1534 3549 1588; x_wconf 91' lang='lat' dir='ltr'><strong>in</strong></span> 
     </span>
    </p>
   </div>
   <div class='ocr_carea' id='block_1_32' title="bbox 1971 1626 3556 1696">
    <p class='ocr_par' dir='ltr' id='par_1_32' title="bbox 1971 1626 3556 1696">
     <span class='ocr_line' id='line_1_32' title="bbox 1971 1626 3556 1696; baseline 0.001 -17"><span class='ocrx_word' id='word_1_244' title='bbox 1971 1627 2250 1695; x_wconf 80' lang='lat' dir='ltr'><strong>impietate</strong></span> <span class='ocrx_word' id='word_1_245' title='bbox 2277 1638 2424 1687; x_wconf 89' lang='lat' dir='ltr'><strong>sunt,</strong></span> <span class='ocrx_word' id='word_1_246' title='bbox 2480 1634 2574 1681; x_wconf 87' lang='lat' dir='ltr'><strong>aut</strong></span> <span class='ocrx_word' id='word_1_247' title='bbox 2620 1627 2782 1680; x_wconf 86' lang='lat' dir='ltr'><strong>etiam</strong></span> <span class='ocrx_word' id='word_1_248' title='bbox 2835 1626 2926 1695; x_wconf 91' lang='lat' dir='ltr'><strong>qui</strong></span> <span class='ocrx_word' id='word_1_249' title='bbox 2958 1628 3226 1682; x_wconf 89' lang='lat' dir='ltr'><strong>secundas</strong></span> <span class='ocrx_word' id='word_1_250' title='bbox 3258 1636 3441 1696; x_wconf 88' lang='lat' dir='ltr'><strong>partes</strong></span> <span class='ocrx_word' id='word_1_251' title='bbox 3477 1637 3556 1681; x_wconf 89' lang='lat' dir='ltr'><strong>te-</strong></span> 
     </span>
    </p>
   </div>
   <div class='ocr_carea' id='block_1_33' title="bbox 1973 1715 3556 1784">
    <p class='ocr_par' dir='ltr' id='par_1_33' title="bbox 1973 1715 3556 1784">
     <span class='ocr_line' id='line_1_33' title="bbox 1973 1715 3556 1784; baseline 0.002 -16"><span class='ocrx_word' id='word_1_252' title='bbox 1973 1727 2122 1781; x_wconf 76' lang='lat' dir='ltr'><strong>nent,</strong></span> <span class='ocrx_word' id='word_1_253' title='bbox 2156 1718 2256 1770; x_wconf 86' lang='lat' dir='ltr'><strong>hoc</strong></span> <span class='ocrx_word' id='word_1_254' title='bbox 2285 1725 2388 1780; x_wconf 84' lang='lat' dir='ltr'><strong>est,</strong></span> <span class='ocrx_word' id='word_1_255' title='bbox 2414 1716 2506 1784; x_wconf 91' lang='lat' dir='ltr'><strong>qui</strong></span> <span class='ocrx_word' id='word_1_256' title='bbox 2549 1716 2615 1769; x_wconf 91' lang='lat' dir='ltr'><strong>de</strong></span> <span class='ocrx_word' id='word_1_257' title='bbox 2643 1715 2780 1769; x_wconf 80' lang='lat' dir='ltr'><strong>Filio</strong></span> <span class='ocrx_word' id='word_1_258' title='bbox 2831 1716 3034 1770; x_wconf 86' lang='lat' dir='ltr'><strong>rectius</strong></span> <span class='ocrx_word' id='word_1_259' title='bbox 3064 1716 3320 1770; x_wconf 90' lang='lat' dir='ltr'><strong>sentiunt.</strong></span> <span class='ocrx_word' id='word_1_260' title='bbox 3364 1715 3556 1771; x_wconf 88' lang='lat' dir='ltr'><strong>Sermo</strong></span> 
     </span>
    </p>
   </div>
   <div class='ocr_carea' id='block_1_34' title="bbox 1973 1804 3553 1872">
    <p class='ocr_par' dir='ltr' id='par_1_34' title="bbox 1973 1804 3553 1872">
     <span class='ocr_line' id='line_1_34' title="bbox 1973 1804 3553 1872; baseline 0.002 -16"><span class='ocrx_word' id='word_1_261' title='bbox 1973 1808 2113 1858; x_wconf 84' lang='lat' dir='ltr'><strong>enim</strong></span> <span class='ocrx_word' id='word_1_262' title='bbox 2139 1804 2290 1869; x_wconf 86' lang='lat' dir='ltr'><strong>mihi,</strong></span> <span class='ocrx_word' id='word_1_263' title='bbox 2323 1806 2518 1872; x_wconf 86' lang='lat' dir='ltr'><strong>partim</strong></span> <span class='ocrx_word' id='word_1_264' title='bbox 2549 1806 2812 1858; x_wconf 84' lang='lat' dir='ltr'><strong>adversus</strong></span> <span class='ocrx_word' id='word_1_265' title='bbox 2867 1804 3058 1858; x_wconf 85' lang='lat' dir='ltr'><strong>ambos</strong></span> <span class='ocrx_word' id='word_1_266' title='bbox 3108 1806 3411 1862; x_wconf 84' lang='lat' dir='ltr'><strong>communis</strong></span> <span class='ocrx_word' id='word_1_267' title='bbox 3449 1817 3553 1868; x_wconf 79' lang='lat' dir='ltr'><strong>est,</strong></span> 
     </span>
    </p>
   </div>
   <div class='ocr_carea' id='block_1_35' title="bbox 1975 1894 3554 1964">
    <p class='ocr_par' dir='ltr' id='par_1_35' title="bbox 1975 1894 3554 1964">
     <span class='ocr_line' id='line_1_35' title="bbox 1975 1894 3554 1964; baseline 0.002 -21"><span class='ocrx_word' id='word_1_268' title='bbox 1975 1897 2167 1960; x_wconf 78' lang='lat' dir='ltr'><strong>partim</strong></span> <span class='ocrx_word' id='word_1_269' title='bbox 2192 1894 2454 1950; x_wconf 83' lang='lat' dir='ltr'><strong>adversus</strong></span> <span class='ocrx_word' id='word_1_270' title='bbox 2485 1896 2584 1950; x_wconf 88' lang='lat' dir='ltr'><strong>hos</strong></span> <span class='ocrx_word' id='word_1_271' title='bbox 2614 1896 2864 1964; x_wconf 85' lang='lat' dir='ltr'><strong>proprius</strong></span> <span class='ocrx_word' id='word_1_272' title='bbox 2896 1903 2950 1948; x_wconf 91' lang='lat' dir='ltr'><strong>et</strong></span> <span class='ocrx_word' id='word_1_273' title='bbox 2989 1894 3300 1963; x_wconf 76' lang='lat' dir='ltr'><strong>peculiaris.</strong></span> <span class='ocrx_word' id='word_1_274' title='bbox 3325 1895 3403 1949; x_wconf 84' lang='lat' dir='ltr'><strong>Ac</strong></span> <span class='ocrx_word' id='word_1_275' title='bbox 3432 1912 3554 1949; x_wconf 89' lang='lat' dir='ltr'><strong>cum</strong></span> 
     </span>
    </p>
   </div>
   <div class='ocr_carea' id='block_1_36' title="bbox 1974 1983 3557 2053">
    <p class='ocr_par' dir='ltr' id='par_1_36' title="bbox 1974 1983 3557 2053">
     <span class='ocr_line' id='line_1_36' title="bbox 1974 1983 3557 2053; baseline 0.001 -15"><span class='ocrx_word' id='word_1_276' title='bbox 1974 1983 2061 2039; x_wconf 84' lang='lat' dir='ltr'><strong>his</strong></span> <span class='ocrx_word' id='word_1_277' title='bbox 2084 1985 2301 2053; x_wconf 86' lang='lat' dir='ltr'><strong>quidem</strong></span> <span class='ocrx_word' id='word_1_278' title='bbox 2349 1985 2415 2038; x_wconf 82' lang='lat' dir='ltr'><strong>ad</strong></span> <span class='ocrx_word' id='word_1_279' title='bbox 2469 1987 2610 2038; x_wconf 86' lang='lat' dir='ltr'><strong>hunc</strong></span> <span class='ocrx_word' id='word_1_280' title='bbox 2667 1986 2887 2040; x_wconf 90' lang='lat' dir='ltr'><strong>modum</strong></span> <span class='ocrx_word' id='word_1_281' title='bbox 2918 1999 3160 2053; x_wconf 79' lang='lat' dir='ltr'><strong>agemus.</strong></span> <span class='ocrx_word' id='word_1_282' title='bbox 3195 1984 3331 2050; x_wconf 86' lang='lat' dir='ltr'><strong>Quid</strong></span> <span class='ocrx_word' id='word_1_283' title='bbox 3375 1985 3557 2039; x_wconf 86' lang='lat' dir='ltr'><strong>tridei-</strong></span> 
     </span>
    </p>
   </div>
   <div class='ocr_carea' id='block_1_37' title="bbox 303 2054 1892 2150">
    <p class='ocr_par' dir='ltr' id='par_1_37' title="bbox 303 2054 1892 2150">
     <span class='ocr_line' id='line_1_37' title="bbox 303 2054 1892 2150; baseline 0.007 -29"><span class='ocrx_word' id='word_1_284' title='bbox 303 2069 560 2138; x_wconf 85' lang='grc' dir='ltr'>νογενοῦς</span> <span class='ocrx_word' id='word_1_285' title='bbox 589 2071 689 2143; x_wconf 75' lang='grc' dir='ltr'>τὴν</span> <span class='ocrx_word' id='word_1_286' title='bbox 715 2074 1105 2147; x_wconf 78' lang='grc' dir='ltr'><strong>προσκύνησιν,</strong></span> <span class='ocrx_word' id='word_1_287' title='bbox 1134 2054 1322 2147; x_wconf 76' lang='grc' dir='ltr'>σαφῶς</span> <span class='ocrx_word' id='word_1_288' title='bbox 1349 2078 1577 2150; x_wconf 76' lang='grc' dir='ltr'><strong>τέταχθε</strong></span> <span class='ocrx_word' id='word_1_289' title='bbox 1619 2079 1760 2150; x_wconf 83' lang='grc' dir='ltr'><strong>μετά</strong></span> <span class='ocrx_word' id='word_1_290' title='bbox 1784 2080 1892 2138; x_wconf 81' lang='grc' dir='ltr'>τῶν</span> 
     </span>
    </p>
   </div>
   <div class='ocr_carea' id='block_1_38' title="bbox 1983 2054 3556 2150">
    <p class='ocr_par' dir='ltr' id='par_1_38' title="bbox 1983 2075 3556 2146">
     <span class='ocr_line' id='line_1_38' title="bbox 1983 2075 3556 2146; baseline 0.002 -20"><span class='ocrx_word' id='word_1_291' title='bbox 1983 2075 2045 2128; x_wconf 87' lang='lat' dir='ltr'><strong>tis</strong></span> <span class='ocrx_word' id='word_1_292' title='bbox 2077 2076 2234 2131; x_wconf 87' lang='lat' dir='ltr'><strong>nobis</strong></span> <span class='ocrx_word' id='word_1_293' title='bbox 2261 2077 2461 2141; x_wconf 81' lang='lat' dir='ltr'><strong>dicitis,</strong></span> <span class='ocrx_word' id='word_1_294' title='bbox 2493 2078 2584 2146; x_wconf 89' lang='lat' dir='ltr'><strong>qui</strong></span> <span class='ocrx_word' id='word_1_295' title='bbox 2617 2076 2811 2131; x_wconf 86' lang='lat' dir='ltr'><strong>Filium</strong></span> <span class='ocrx_word' id='word_1_296' title='bbox 2868 2076 3064 2137; x_wconf 87' lang='lat' dir='ltr'><strong>colitis,</strong></span> <span class='ocrx_word' id='word_1_297' title='bbox 3127 2078 3227 2130; x_wconf 83' lang='lat' dir='ltr'><strong>etsi</strong></span> <span class='ocrx_word' id='word_1_298' title='bbox 3278 2092 3306 2128; x_wconf 68' lang='grc' dir='ltr'>τι</span> <span class='ocrx_word' id='word_1_299' title='bbox 3359 2078 3556 2143; x_wconf 85' lang='lat' dir='ltr'><strong>Spiritu</strong></span> 
     </span>
    </p>
   </div>
   <div class='ocr_carea' id='block_1_39' title="bbox 303 2161 1888 2241">
    <p class='ocr_par' dir='ltr' id='par_1_39' title="bbox 303 2161 1888 2241">
     <span class='ocr_line' id='line_1_39' title="bbox 303 2161 1888 2241; baseline 0.015 -29"><span class='ocrx_word' id='word_1_300' title='bbox 303 2161 600 2213; x_wconf 72' lang='grc' dir='ltr'>ἐναντίωνο</span> <span class='ocrx_word' id='word_1_301' title='bbox 657 2163 751 2217; x_wconf 75' lang='grc' dir='ltr'><strong>καὶ</strong></span> <span class='ocrx_word' id='word_1_302' title='bbox 800 2164 853 2216; x_wconf 84' lang='grc' dir='ltr'><strong>τί</strong></span> <span class='ocrx_word' id='word_1_303' title='bbox 904 2165 1469 2240; x_wconf 82' lang='grc' dir='ltr'>φιλανθρωπευόμεθα</span> <span class='ocrx_word' id='word_1_304' title='bbox 1523 2171 1661 2241; x_wconf 75' lang='grc' dir='ltr'>πρὸς</span> <span class='ocrx_word' id='word_1_305' title='bbox 1719 2172 1888 2241; x_wconf 74' lang='grc' dir='ltr'>ὑμᾶς,</span> 
     </span>
    </p>
   </div>
   <div class='ocr_carea' id='block_1_40' title="bbox 301 2251 1896 2326">
    <p class='ocr_par' dir='ltr' id='par_1_40' title="bbox 301 2251 1896 2326">
     <span class='ocr_line' id='line_1_40' title="bbox 301 2251 1896 2326; baseline 0.009 -27"><span class='ocrx_word' id='word_1_306' title='bbox 301 2251 380 2314; x_wconf 84' lang='grc' dir='ltr'><strong>ὡς</strong></span> <span class='ocrx_word' id='word_1_307' title='bbox 420 2252 480 2304; x_wconf 81' lang='grc' dir='ltr'><strong>ού</strong></span> <span class='ocrx_word' id='word_1_308' title='bbox 528 2252 701 2325; x_wconf 81' lang='grc' dir='ltr'>πάντη</span> <span class='ocrx_word' id='word_1_309' title='bbox 747 2251 1212 2326; x_wconf 79' lang='grc' dir='ltr'>νενεκρωμένουςς</span> <span class='ocrx_word' id='word_1_310' title='bbox 1259 2260 1322 2312; x_wconf 84' lang='lat' dir='ltr'><strong>El.</strong></span> <span class='ocrx_word' id='word_1_311' title='bbox 1367 2260 1426 2315; x_wconf 84' lang='grc' dir='ltr'>δὲ</span> <span class='ocrx_word' id='word_1_312' title='bbox 1481 2259 1747 2326; x_wconf 78' lang='grc' dir='ltr'>σέϐεσθε,</span> <span class='ocrx_word' id='word_1_313' title='bbox 1801 2263 1896 2318; x_wconf 71' lang='grc' dir='ltr'><strong>καὶ</strong></span> 
     </span>
    </p>
   </div>
   <div class='ocr_carea' id='block_1_41' title="bbox 305 2341 1882 2421">
    <p class='ocr_par' dir='ltr' id='par_1_41' title="bbox 305 2341 1882 2421">
     <span class='ocr_line' id='line_1_41' title="bbox 305 2341 1882 2421; baseline 0.008 -29"><span class='ocrx_word' id='word_1_314' title='bbox 305 2341 474 2410; x_wconf 80' lang='grc' dir='ltr'>μέχρι</span> <span class='ocrx_word' id='word_1_315' title='bbox 519 2341 707 2396; x_wconf 77' lang='grc' dir='ltr'>τούτου</span> <span class='ocrx_word' id='word_1_316' title='bbox 734 2344 1008 2400; x_wconf 79' lang='grc' dir='ltr'>διάκεισθε</span> <span class='ocrx_word' id='word_1_317' title='bbox 1054 2347 1339 2419; x_wconf 80' lang='grc' dir='ltr'>σωτηρίως</span> <span class='ocrx_word' id='word_1_318' title='bbox 1378 2391 1397 2417; x_wconf 89' lang='grc'><strong>,</strong></span> <span class='ocrx_word' id='word_1_319' title='bbox 1551 2351 1696 2420; x_wconf 80' lang='grc' dir='ltr'>ὑμᾶς</span> <span class='ocrx_word' id='word_1_320' title='bbox 1741 2352 1882 2421; x_wconf 70' lang='lat' dir='ltr'><strong>spio-</strong></span> 
     </span>
    </p>
   </div>
   <div class='ocr_carea' id='block_1_42' title="bbox 300 2434 1893 2512">
    <p class='ocr_par' dir='ltr' id='par_1_42' title="bbox 300 2434 1893 2512">
     <span class='ocr_line' id='line_1_42' title="bbox 300 2434 1893 2512; baseline 0.005 -25"><span class='ocrx_word' id='word_1_321' title='bbox 300 2434 577 2504; x_wconf 81' lang='grc' dir='ltr'>τήσομεν·</span> <span class='ocrx_word' id='word_1_322' title='bbox 611 2435 706 2503; x_wconf 91' lang='grc' dir='ltr'><strong>Τίς</strong></span> <span class='ocrx_word' id='word_1_323' title='bbox 748 2437 776 2488; x_wconf 86' lang='grc' dir='ltr'><strong>ό</strong></span> <span class='ocrx_word' id='word_1_324' title='bbox 823 2436 980 2506; x_wconf 80' lang='grc' dir='ltr'>λόγος</span> <span class='ocrx_word' id='word_1_325' title='bbox 1029 2439 1130 2509; x_wconf 75' lang='grc' dir='ltr'>τῆς</span> <span class='ocrx_word' id='word_1_326' title='bbox 1179 2440 1385 2505; x_wconf 82' lang='grc' dir='ltr'>διθεῖας</span> <span class='ocrx_word' id='word_1_327' title='bbox 1426 2443 1574 2512; x_wconf 80' lang='grc' dir='ltr'>ὑμῖν,</span> <span class='ocrx_word' id='word_1_328' title='bbox 1621 2443 1687 2500; x_wconf 74' lang='grc' dir='ltr'>ἂν</span> <span class='ocrx_word' id='word_1_329' title='bbox 1738 2442 1893 2498; x_wconf 80' lang='grc' dir='ltr'>τοῦτο</span> 
     </span>
    </p>
   </div>
   <div class='ocr_carea' id='block_1_43' title="bbox 301 2524 1894 2606">
    <p class='ocr_par' dir='ltr' id='par_1_43' title="bbox 301 2524 1894 2606">
     <span class='ocr_line' id='line_1_43' title="bbox 301 2524 1894 2606; baseline 0.009 -32"><span class='ocrx_word' id='word_1_330' title='bbox 301 2524 643 2596; x_wconf 75' lang='grc' dir='ltr'>ὲγκαλῆσθες</span> <span class='ocrx_word' id='word_1_331' title='bbox 695 2528 760 2580; x_wconf 86' lang='lat' dir='ltr'><strong>El</strong></span> <span class='ocrx_word' id='word_1_332' title='bbox 807 2526 925 2582; x_wconf 79' lang='grc' dir='ltr'>ἔστι</span> <span class='ocrx_word' id='word_1_333' title='bbox 976 2529 1132 2599; x_wconf 86' lang='grc' dir='ltr'>λόγος</span> <span class='ocrx_word' id='word_1_334' title='bbox 1192 2532 1480 2597; x_wconf 83' lang='grc' dir='ltr'>συνέσεως,</span> <span class='ocrx_word' id='word_1_335' title='bbox 1531 2534 1894 2606; x_wconf 73' lang='grc' dir='ltr'>άποκρίθητε,</span> 
     </span>
    </p>
   </div>
   <div class='ocr_carea' id='block_1_44' title="bbox 300 2616 1892 2695">
    <p class='ocr_par' dir='ltr' id='par_1_44' title="bbox 300 2616 1892 2695">
     <span class='ocr_line' id='line_1_44' title="bbox 300 2616 1892 2695; baseline 0.006 -27"><span class='ocrx_word' id='word_1_336' title='bbox 300 2616 424 2669; x_wconf 84' lang='grc' dir='ltr'>δότε</span> <span class='ocrx_word' id='word_1_337' title='bbox 470 2618 565 2670; x_wconf 72' lang='grc' dir='ltr'>καὶ</span> <span class='ocrx_word' id='word_1_338' title='bbox 605 2620 736 2689; x_wconf 81' lang='grc' dir='ltr'>ἡμῖν</span> <span class='ocrx_word' id='word_1_339' title='bbox 785 2619 904 2673; x_wconf 83' lang='grc' dir='ltr'>ὁδὸν</span> <span class='ocrx_word' id='word_1_340' title='bbox 947 2621 1316 2692; x_wconf 85' lang='grc' dir='ltr'>ἀποκρίσεως.</span> <span class='ocrx_word' id='word_1_341' title='bbox 1354 2619 1449 2686; x_wconf 75' lang='grc' dir='ltr'><strong>Οἷς</strong></span> <span class='ocrx_word' id='word_1_342' title='bbox 1476 2623 1586 2694; x_wconf 77' lang='grc' dir='ltr'><strong>γὰρ</strong></span> <span class='ocrx_word' id='word_1_343' title='bbox 1627 2625 1692 2676; x_wconf 84' lang='grc' dir='ltr'>ἂν</span> <span class='ocrx_word' id='word_1_344' title='bbox 1736 2625 1892 2695; x_wconf 78' lang='grc' dir='ltr'>ὑμεῖς</span> 
     </span>
    </p>
   </div>
   <div class='ocr_carea' id='block_1_45' title="bbox 299 2706 1890 2786">
    <p class='ocr_par' dir='ltr' id='par_1_45' title="bbox 299 2706 1890 2786">
     <span class='ocr_line' id='line_1_45' title="bbox 299 2706 1890 2786; baseline 0.006 -27"><span class='ocrx_word' id='word_1_345' title='bbox 299 2706 402 2778; x_wconf 84' lang='grc' dir='ltr'>τὴν</span> <span class='ocrx_word' id='word_1_346' title='bbox 453 2707 657 2762; x_wconf 80' lang='grc' dir='ltr'>διθεῖαν</span> <span class='ocrx_word' id='word_1_347' title='bbox 701 2710 1119 2783; x_wconf 82' lang='grc' dir='ltr'>ἀποκρούσησθε</span> <span class='ocrx_word' id='word_1_348' title='bbox 1172 2713 1350 2782; x_wconf 80' lang='grc' dir='ltr'>λόγοις</span> <span class='ocrx_word' id='word_1_349' title='bbox 1370 2752 1385 2776; x_wconf 97' lang='grc'><strong>,</strong></span> <span class='ocrx_word' id='word_1_350' title='bbox 1433 2709 1578 2769; x_wconf 78' lang='grc' dir='ltr'>οὗτοι</span> <span class='ocrx_word' id='word_1_351' title='bbox 1620 2716 1720 2770; x_wconf 62' lang='grc' dir='ltr'><strong>καὶ</strong></span> <span class='ocrx_word' id='word_1_352' title='bbox 1758 2718 1890 2786; x_wconf 84' lang='grc' dir='ltr'>ἡμῖν</span> 
     </span>
    </p>
   </div>
   <div class='ocr_carea' id='block_1_46' title="bbox 301 2799 1886 2876">
    <p class='ocr_par' dir='ltr' id='par_1_46' title="bbox 301 2799 1886 2876">
     <span class='ocr_line' id='line_1_46' title="bbox 301 2799 1886 2876; baseline 0.008 -23"><span class='ocrx_word' id='word_1_353' title='bbox 301 2800 448 2853; x_wconf 69' lang='grc' dir='ltr'>κατὰ</span> <span class='ocrx_word' id='word_1_354' title='bbox 489 2799 587 2870; x_wconf 80' lang='grc' dir='ltr'>τῆς</span> <span class='ocrx_word' id='word_1_355' title='bbox 618 2801 860 2873; x_wconf 77' lang='grc' dir='ltr'>τριθεῒας</span> <span class='ocrx_word' id='word_1_356' title='bbox 906 2804 1270 2874; x_wconf 60' lang='grc' dir='ltr'>ἀρκέσουσιν</span> <span class='ocrx_word' id='word_1_357' title='bbox 1309 2807 1404 2864; x_wconf 74' lang='grc' dir='ltr'><strong>καὶ</strong></span> <span class='ocrx_word' id='word_1_358' title='bbox 1445 2805 1589 2862; x_wconf 69' lang='grc' dir='ltr'>οὕτω</span> <span class='ocrx_word' id='word_1_359' title='bbox 1626 2807 1886 2876; x_wconf 68' lang='grc' dir='ltr'>νικῶμεν,</span> 
     </span>
    </p>
   </div>
   <div class='ocr_carea' id='block_1_47' title="bbox 1975 2165 3560 2236">
    <p class='ocr_par' dir='ltr' id='par_1_47' title="bbox 1975 2165 3560 2236">
     <span class='ocr_line' id='line_1_47' title="bbox 1975 2165 3560 2236; baseline 0.001 -19"><span class='ocrx_word' id='word_1_360' title='bbox 1975 2165 2322 2222; x_wconf 82' lang='lat' dir='ltr'><strong>descivistis?</strong></span> <span class='ocrx_word' id='word_1_361' title='bbox 2357 2165 2460 2222; x_wconf 86' lang='lat' dir='ltr'><strong>Vos</strong></span> <span class='ocrx_word' id='word_1_362' title='bbox 2485 2178 2662 2226; x_wconf 90' lang='lat' dir='ltr'><strong>autem</strong></span> <span class='ocrx_word' id='word_1_363' title='bbox 2696 2183 2800 2222; x_wconf 81' lang='lat' dir='ltr'><strong>non</strong></span> <span class='ocrx_word' id='word_1_364' title='bbox 2833 2167 3088 2221; x_wconf 74' lang='grc' dir='ltr'>ι)ἰάθὶιωῖ</span> <span class='ocrx_word' id='word_1_365' title='bbox 3113 2166 3244 2220; x_wconf 77' lang='lat' dir='ltr'><strong>Nam</strong></span> <span class='ocrx_word' id='word_1_366' title='bbox 3277 2166 3320 2219; x_wconf 89' lang='lat' dir='ltr'><strong>si</strong></span> <span class='ocrx_word' id='word_1_367' title='bbox 3371 2165 3560 2236; x_wconf 72' lang='lat' dir='ltr'><strong>Unige-</strong></span> 
     </span>
    </p>
   </div>
   <div class='ocr_carea' id='block_1_48' title="bbox 1977 2256 3557 2326">
    <p class='ocr_par' dir='ltr' id='par_1_48' title="bbox 1977 2256 3557 2326">
     <span class='ocr_line' id='line_1_48' title="bbox 1977 2256 3557 2326; baseline -0.001 -16"><span class='ocrx_word' id='word_1_368' title='bbox 1977 2256 2073 2310; x_wconf 88' lang='lat' dir='ltr'><strong>niti</strong></span> <span class='ocrx_word' id='word_1_369' title='bbox 2109 2271 2324 2326; x_wconf 82' lang='lat' dir='ltr'><strong>quoque</strong></span> <span class='ocrx_word' id='word_1_370' title='bbox 2347 2257 2550 2311; x_wconf 85' lang='lat' dir='ltr'><strong>cultum</strong></span> <span class='ocrx_word' id='word_1_371' title='bbox 2583 2267 2636 2312; x_wconf 87' lang='lat' dir='ltr'><strong>et</strong></span> <span class='ocrx_word' id='word_1_372' title='bbox 2665 2258 3036 2315; x_wconf 83' lang='lat' dir='ltr'><strong>adorationem</strong></span> <span class='ocrx_word' id='word_1_373' title='bbox 3082 2257 3365 2326; x_wconf 85' lang='lat' dir='ltr'><strong>abjuratis,</strong></span> <span class='ocrx_word' id='word_1_374' title='bbox 3419 2256 3557 2310; x_wconf 83' lang='lat' dir='ltr'><strong>haud</strong></span> 
     </span>
    </p>
   </div>
   <div class='ocr_carea' id='block_1_49' title="bbox 1978 2345 3548 2415">
    <p class='ocr_par' dir='ltr' id='par_1_49' title="bbox 1978 2345 3548 2415">
     <span class='ocr_line' id='line_1_49' title="bbox 1978 2345 3548 2415; baseline 0 -19"><span class='ocrx_word' id='word_1_375' title='bbox 1978 2345 2139 2400; x_wconf 87' lang='lat' dir='ltr'><strong>dubie</strong></span> <span class='ocrx_word' id='word_1_376' title='bbox 2168 2345 2238 2399; x_wconf 76' lang='lat' dir='ltr'><strong>ab</strong></span> <span class='ocrx_word' id='word_1_377' title='bbox 2257 2346 2691 2400; x_wconf 84' lang='lat' dir='ltr'><strong>adversariorum</strong></span> <span class='ocrx_word' id='word_1_378' title='bbox 2725 2345 2972 2415; x_wconf 84' lang='lat' dir='ltr'><strong>partibus</strong></span> <span class='ocrx_word' id='word_1_379' title='bbox 2999 2345 3155 2399; x_wconf 85' lang='lat' dir='ltr'><strong>statis</strong></span> <span class='ocrx_word' id='word_1_380' title='bbox 3182 2362 3196 2399; x_wconf 90' lang='lat'><strong>:</strong></span> <span class='ocrx_word' id='word_1_381' title='bbox 3232 2359 3298 2399; x_wconf 90' lang='lat' dir='ltr'><strong>ac</strong></span> <span class='ocrx_word' id='word_1_382' title='bbox 3322 2345 3548 2412; x_wconf 86' lang='lat' dir='ltr'><strong>proinde</strong></span> 
     </span>
    </p>
   </div>
   <div class='ocr_carea' id='block_1_50' title="bbox 1977 2435 3558 2506">
    <p class='ocr_par' dir='ltr' id='par_1_50' title="bbox 1977 2435 3558 2506">
     <span class='ocr_line' id='line_1_50' title="bbox 1977 2435 3558 2506; baseline 0.001 -19"><span class='ocrx_word' id='word_1_383' title='bbox 1977 2437 2107 2503; x_wconf 83' lang='lat' dir='ltr'><strong>quid</strong></span> <span class='ocrx_word' id='word_1_384' title='bbox 2141 2445 2244 2500; x_wconf 85' lang='lat' dir='ltr'><strong>est,</strong></span> <span class='ocrx_word' id='word_1_385' title='bbox 2283 2437 2633 2506; x_wconf 82' lang='lat' dir='ltr'><strong>quamobrem</strong></span> <span class='ocrx_word' id='word_1_386' title='bbox 2664 2436 2833 2492; x_wconf 88' lang='lat' dir='ltr'><strong>lenius</strong></span> <span class='ocrx_word' id='word_1_387' title='bbox 2858 2435 3258 2505; x_wconf 78' lang='lat' dir='ltr'><strong>humaniusqne</strong></span> <span class='ocrx_word' id='word_1_388' title='bbox 3282 2436 3558 2490; x_wconf 78' lang='lat' dir='ltr'><strong>vobiscum</strong></span> 
     </span>
    </p>
   </div>
   <div class='ocr_carea' id='block_1_51' title="bbox 1978 2527 3560 2597">
    <p class='ocr_par' dir='ltr' id='par_1_51' title="bbox 1978 2527 3560 2597">
     <span class='ocr_line' id='line_1_51' title="bbox 1978 2527 3560 2597; baseline 0.001 -20"><span class='ocrx_word' id='word_1_389' title='bbox 1978 2542 2223 2593; x_wconf 71' lang='lat' dir='ltr'><strong>agamus,</strong></span> <span class='ocrx_word' id='word_1_390' title='bbox 2255 2537 2514 2597; x_wconf 82' lang='lat' dir='ltr'><strong>tanquam</strong></span> <span class='ocrx_word' id='word_1_391' title='bbox 2569 2542 2680 2588; x_wconf 85' lang='lat' dir='ltr'><strong>non</strong></span> <span class='ocrx_word' id='word_1_392' title='bbox 2728 2528 2952 2582; x_wconf 84' lang='lat' dir='ltr'><strong>omnino</strong></span> <span class='ocrx_word' id='word_1_393' title='bbox 2997 2527 3228 2582; x_wconf 84' lang='lat' dir='ltr'><strong>mortuis</strong></span> <span class='ocrx_word' id='word_1_394' title='bbox 3265 2535 3320 2580; x_wconf 90' lang='lat' dir='ltr'><strong>et</strong></span> <span class='ocrx_word' id='word_1_395' title='bbox 3356 2527 3560 2582; x_wconf 81' lang='lat' dir='ltr'><strong>exstin-</strong></span> 
     </span>
    </p>
   </div>
   <div class='ocr_carea' id='block_1_52' title="bbox 1979 2618 3557 2690">
    <p class='ocr_par' dir='ltr' id='par_1_52' title="bbox 1979 2618 3557 2690">
     <span class='ocr_line' id='line_1_52' title="bbox 1979 2618 3557 2690; baseline -0.002 -17"><span class='ocrx_word' id='word_1_396' title='bbox 1979 2619 2122 2673; x_wconf 88' lang='lat' dir='ltr'><strong>ctis?</strong></span> <span class='ocrx_word' id='word_1_397' title='bbox 2153 2619 2209 2674; x_wconf 86' lang='lat' dir='ltr'><strong>Si</strong></span> <span class='ocrx_word' id='word_1_398' title='bbox 2239 2630 2420 2674; x_wconf 88' lang='lat' dir='ltr'><strong>autem</strong></span> <span class='ocrx_word' id='word_1_399' title='bbox 2447 2619 2644 2684; x_wconf 78' lang='lat' dir='ltr'><strong>colitis,</strong></span> <span class='ocrx_word' id='word_1_400' title='bbox 2677 2630 2842 2690; x_wconf 86' lang='lat' dir='ltr'><strong>atque</strong></span> <span class='ocrx_word' id='word_1_401' title='bbox 3071 2620 3336 2674; x_wconf 75' lang='lat' dir='ltr'><strong>hactenus</strong></span> <span class='ocrx_word' id='word_1_402' title='bbox 3366 2618 3557 2672; x_wconf 85' lang='lat' dir='ltr'><strong>saltem</strong></span> 
     </span>
    </p>
   </div>
   <div class='ocr_carea' id='block_1_53' title="bbox 1979 2711 3564 2784">
    <p class='ocr_par' dir='ltr' id='par_1_53' title="bbox 1979 2711 3564 2784">
     <span class='ocr_line' id='line_1_53' title="bbox 1979 2711 3564 2784; baseline -0.003 -18"><span class='ocrx_word' id='word_1_403' title='bbox 1979 2713 2275 2767; x_wconf 86' lang='lat' dir='ltr'><strong>salubriter</strong></span> <span class='ocrx_word' id='word_1_404' title='bbox 2297 2711 2471 2769; x_wconf 75' lang='lat' dir='ltr'><strong>affecti</strong></span> <span class='ocrx_word' id='word_1_405' title='bbox 2499 2714 2650 2777; x_wconf 86' lang='lat' dir='ltr'><strong>estis,</strong></span> <span class='ocrx_word' id='word_1_406' title='bbox 2687 2726 2753 2766; x_wconf 79' lang='lat' dir='ltr'><strong>ex</strong></span> <span class='ocrx_word' id='word_1_407' title='bbox 2781 2711 2932 2767; x_wconf 88' lang='lat' dir='ltr'><strong>vobis</strong></span> <span class='ocrx_word' id='word_1_408' title='bbox 2955 2724 3260 2784; x_wconf 67' lang='lat' dir='ltr'><strong>quaaremus</strong></span> <span class='ocrx_word' id='word_1_409' title='bbox 3287 2749 3304 2775; x_wconf 94' lang='lat'><strong>,</strong></span> <span class='ocrx_word' id='word_1_410' title='bbox 3345 2725 3448 2780; x_wconf 83' lang='lat' dir='ltr'><strong>qua</strong></span> <span class='ocrx_word' id='word_1_411' title='bbox 3483 2725 3564 2762; x_wconf 89' lang='lat' dir='ltr'><strong>ra-</strong></span> 
     </span>
    </p>
   </div>
   <div class='ocr_carea' id='block_1_54' title="bbox 1982 2800 3557 2869">
    <p class='ocr_par' dir='ltr' id='par_1_54' title="bbox 1982 2800 3557 2869">
     <span class='ocr_line' id='line_1_54' title="bbox 1982 2800 3557 2869; baseline -0.001 -14"><span class='ocrx_word' id='word_1_412' title='bbox 1982 2805 2128 2857; x_wconf 87' lang='lat' dir='ltr'><strong>tione</strong></span> <span class='ocrx_word' id='word_1_413' title='bbox 2153 2817 2182 2856; x_wconf 92' lang='lat' dir='ltr'><strong>a</strong></span> <span class='ocrx_word' id='word_1_414' title='bbox 2221 2803 2496 2858; x_wconf 86' lang='lat' dir='ltr'><strong>bideitatis</strong></span> <span class='ocrx_word' id='word_1_415' title='bbox 2523 2804 2750 2858; x_wconf 90' lang='lat' dir='ltr'><strong>crimine</strong></span> <span class='ocrx_word' id='word_1_416' title='bbox 2773 2814 2984 2863; x_wconf 83' lang='lat' dir='ltr'><strong>vosmet</strong></span> <span class='ocrx_word' id='word_1_417' title='bbox 3015 2802 3293 2857; x_wconf 88' lang='lat' dir='ltr'><strong>vindicare</strong></span> <span class='ocrx_word' id='word_1_418' title='bbox 3323 2800 3557 2869; x_wconf 85' lang='lat' dir='ltr'><strong>queatis,</strong></span> 
     </span>
    </p>
   </div>
   <div class='ocr_carea' id='block_1_55' title="bbox 304 2891 1892 2967">
    <p class='ocr_par' dir='ltr' id='par_1_55' title="bbox 304 2893 1889 2967">
     <span class='ocr_line' id='line_1_55' title="bbox 304 2893 1889 2967; baseline 0.004 -23"><span class='ocrx_word' id='word_1_419' title='bbox 304 2893 439 2962; x_wconf 86' lang='grc' dir='ltr'>ὑμῖν</span> <span class='ocrx_word' id='word_1_420' title='bbox 479 2895 592 2956; x_wconf 87' lang='grc' dir='ltr'>τοῖς</span> <span class='ocrx_word' id='word_1_421' title='bbox 639 2894 986 2965; x_wconf 83' lang='grc' dir='ltr'>κατηγόροις,</span> <span class='ocrx_word' id='word_1_422' title='bbox 1023 2896 1346 2966; x_wconf 85' lang='grc' dir='ltr'>συνηγόροις</span> <span class='ocrx_word' id='word_1_423' title='bbox 1391 2895 1694 2967; x_wconf 66' lang='grc' dir='ltr'>χρώμενον</span> <span class='ocrx_word' id='word_1_424' title='bbox 1731 2893 1792 2950; x_wconf 75' lang='grc' dir='ltr'>οὗ</span> <span class='ocrx_word' id='word_1_425' title='bbox 1837 2899 1889 2950; x_wconf 85' lang='grc' dir='ltr'><strong>τί</strong></span> 
     </span>
    </p>
   </div>
   <div class='ocr_carea' id='block_1_56' title="bbox 1983 2891 3562 2967">
    <p class='ocr_par' dir='ltr' id='par_1_56' title="bbox 1983 2891 3562 2961">
     <span class='ocr_line' id='line_1_56' title="bbox 1983 2891 3562 2961; baseline -0.003 -17"><span class='ocrx_word' id='word_1_426' title='bbox 1983 2893 2024 2944; x_wconf 86' lang='lat' dir='ltr'><strong>si</strong></span> <span class='ocrx_word' id='word_1_427' title='bbox 2060 2891 2181 2959; x_wconf 86' lang='lat' dir='ltr'><strong>quis</strong></span> <span class='ocrx_word' id='word_1_428' title='bbox 2207 2907 2326 2946; x_wconf 89' lang='lat' dir='ltr'><strong>eam</strong></span> <span class='ocrx_word' id='word_1_429' title='bbox 2367 2893 2518 2947; x_wconf 84' lang='lat' dir='ltr'><strong>vobis</strong></span> <span class='ocrx_word' id='word_1_430' title='bbox 2543 2892 2800 2961; x_wconf 72' lang='lat' dir='ltr'><strong>obiiciat?</strong></span> <span class='ocrx_word' id='word_1_431' title='bbox 2837 2891 2892 2944; x_wconf 92' lang='lat' dir='ltr'><strong>Si</strong></span> <span class='ocrx_word' id='word_1_432' title='bbox 2930 2901 3014 2946; x_wconf 86' lang='lat' dir='ltr'><strong>est</strong></span> <span class='ocrx_word' id='word_1_433' title='bbox 3043 2891 3194 2944; x_wconf 83' lang='lat' dir='ltr'><strong>vobis</strong></span> <span class='ocrx_word' id='word_1_434' title='bbox 3231 2903 3410 2944; x_wconf 80' lang='lat' dir='ltr'><strong>sermo</strong></span> <span class='ocrx_word' id='word_1_435' title='bbox 3435 2901 3562 2956; x_wconf 84' lang='lat' dir='ltr'><strong>prn-</strong></span> 
     </span>
    </p>
   </div>
   <div class='ocr_carea' id='block_1_57' title="bbox 305 2980 1892 3054">
    <p class='ocr_par' dir='ltr' id='par_1_57' title="bbox 305 2983 1438 3053">
     <span class='ocr_line' id='line_1_57' title="bbox 305 2983 1438 3053; baseline 0.004 -19"><span class='ocrx_word' id='word_1_436' title='bbox 305 2983 681 3053; x_wconf 83' lang='grc' dir='ltr'>γενναιότερον</span> <span class='ocrx_word' id='word_1_437' title='bbox 699 3000 716 3050; x_wconf 86' lang='grc'><strong>;</strong></span> <span class='ocrx_word' id='word_1_438' title='bbox 1431 3047 1438 3052; x_wconf 20' lang='grc' dir='ltr'><strong><em>κ</em></strong></span> 
     </span>
    </p>
   </div>
   <div class='ocr_carea' id='block_1_58' title="bbox 1983 2980 3564 3054">
    <p class='ocr_par' dir='ltr' id='par_1_58' title="bbox 1983 2980 3564 3054">
     <span class='ocr_line' id='line_1_58' title="bbox 1983 2980 3564 3054; baseline -0.004 -16"><span class='ocrx_word' id='word_1_439' title='bbox 1983 2984 2203 3048; x_wconf 63' lang='lat' dir='ltr'><strong>duritiae,</strong></span> <span class='ocrx_word' id='word_1_440' title='bbox 2233 2985 2571 3054; x_wconf 86' lang='lat' dir='ltr'><strong>respondete,</strong></span> <span class='ocrx_word' id='word_1_441' title='bbox 2602 2985 2864 3054; x_wconf 81' lang='lat' dir='ltr'><strong>nobisque</strong></span> <span class='ocrx_word' id='word_1_442' title='bbox 2885 2986 3048 3041; x_wconf 90' lang='lat' dir='ltr'><strong>etiam</strong></span> <span class='ocrx_word' id='word_1_443' title='bbox 3075 2980 3430 3050; x_wconf 85' lang='lat' dir='ltr'><strong>respondendi</strong></span> <span class='ocrx_word' id='word_1_444' title='bbox 3466 2997 3564 3032; x_wconf 83' lang='lat' dir='ltr'><strong>an—</strong></span> 
     </span>
    </p>
   </div>
   <div class='ocr_carea' id='block_1_59' title="bbox 314 3069 3566 3159">
    <p class='ocr_par' dir='ltr' id='par_1_59' title="bbox 314 3069 3566 3159">
     <span class='ocr_line' id='line_1_59' title="bbox 314 3069 3566 3159; baseline -0.003 -18"><span class='ocrx_word' id='word_1_445' title='bbox 314 3098 432 3141; x_wconf 80' lang='lat' dir='ltr'><strong>sam</strong></span> <span class='ocrx_word' id='word_1_446' title='bbox 473 3081 725 3159; x_wconf 68' lang='lat' dir='ltr'><strong>praebete.</strong></span> <span class='ocrx_word' id='word_1_447' title='bbox 761 3079 865 3134; x_wconf 76' lang='lat' dir='ltr'><strong>Illac</strong></span> <span class='ocrx_word' id='word_1_448' title='bbox 893 3077 1036 3132; x_wconf 84' lang='lat' dir='ltr'><strong>enim</strong></span> <span class='ocrx_word' id='word_1_449' title='bbox 1070 3075 1335 3136; x_wconf 78' lang='lat' dir='ltr'><strong>rationes,</strong></span> <span class='ocrx_word' id='word_1_450' title='bbox 1368 3071 1571 3142; x_wconf 84' lang='lat' dir='ltr'><strong>quibus</strong></span> <span class='ocrx_word' id='word_1_451' title='bbox 1618 3069 1894 3130; x_wconf 82' lang='lat' dir='ltr'><strong>bideitatis</strong></span> <span class='ocrx_word' id='word_1_452' title='bbox 1928 3073 2140 3128; x_wconf 84' lang='lat' dir='ltr'><strong>crimen</strong></span> <span class='ocrx_word' id='word_1_453' title='bbox 2193 3075 2613 3143; x_wconf 82' lang='lat' dir='ltr'><strong>prepulsabitis,</strong></span> <span class='ocrx_word' id='word_1_454' title='bbox 2663 3077 2864 3135; x_wconf 69' lang='lat' dir='ltr'><strong>eaedem</strong></span> <span class='ocrx_word' id='word_1_455' title='bbox 2917 3089 3138 3146; x_wconf 86' lang='lat' dir='ltr'><strong>quoque</strong></span> <span class='ocrx_word' id='word_1_456' title='bbox 3165 3076 3323 3132; x_wconf 78' lang='lat' dir='ltr'><strong>nobis</strong></span> <span class='ocrx_word' id='word_1_457' title='bbox 3359 3081 3426 3131; x_wconf 85' lang='lat' dir='ltr'><strong>ad</strong></span> <span class='ocrx_word' id='word_1_458' title='bbox 3463 3080 3566 3134; x_wconf 82' lang='lat' dir='ltr'><strong>tri-</strong></span> 
     </span>
    </p>
   </div>
   <div class='ocr_carea' id='block_1_60' title="bbox 315 3163 3562 3240">
    <p class='ocr_par' dir='ltr' id='par_1_60' title="bbox 315 3163 3562 3240">
     <span class='ocr_line' id='line_1_60' title="bbox 315 3163 3562 3240; baseline -0.001 -10"><span class='ocrx_word' id='word_1_459' title='bbox 315 3175 538 3230; x_wconf 81' lang='lat' dir='ltr'><strong>deitatis</strong></span> <span class='ocrx_word' id='word_1_460' title='bbox 577 3172 784 3227; x_wconf 85' lang='lat' dir='ltr'><strong>crimen</strong></span> <span class='ocrx_word' id='word_1_461' title='bbox 832 3167 1238 3238; x_wconf 83' lang='lat' dir='ltr'><strong>propellendum</strong></span> <span class='ocrx_word' id='word_1_462' title='bbox 1276 3164 1560 3221; x_wconf 71' lang='lat' dir='ltr'><strong>sufﬁcient.</strong></span> <span class='ocrx_word' id='word_1_463' title='bbox 1621 3163 1798 3231; x_wconf 79' lang='lat' dir='ltr'><strong>Atque</strong></span> <span class='ocrx_word' id='word_1_464' title='bbox 1833 3165 1906 3218; x_wconf 87' lang='lat' dir='ltr'><strong>ita</strong></span> <span class='ocrx_word' id='word_1_465' title='bbox 1943 3179 2159 3221; x_wconf 86' lang='lat' dir='ltr'><strong>causam</strong></span> <span class='ocrx_word' id='word_1_466' title='bbox 2208 3165 2617 3233; x_wconf 85' lang='lat' dir='ltr'><strong>obtinebimns,</strong></span> <span class='ocrx_word' id='word_1_467' title='bbox 2673 3183 2770 3224; x_wconf 74' lang='lat' dir='ltr'><strong>vos</strong></span> <span class='ocrx_word' id='word_1_468' title='bbox 2798 3207 2814 3232; x_wconf 93' lang='lat'><strong>,</strong></span> <span class='ocrx_word' id='word_1_469' title='bbox 2859 3171 2949 3238; x_wconf 90' lang='lat' dir='ltr'><strong>qui</strong></span> <span class='ocrx_word' id='word_1_470' title='bbox 3002 3179 3348 3228; x_wconf 77' lang='lat' dir='ltr'><strong>accusatores</strong></span> <span class='ocrx_word' id='word_1_471' title='bbox 3402 3175 3562 3240; x_wconf 61' lang='lat' dir='ltr'><strong>estis,</strong></span> 
     </span>
    </p>
   </div>
   <div class='ocr_carea' id='block_1_61' title="bbox 318 3252 1862 3337">
    <p class='ocr_par' dir='ltr' id='par_1_61' title="bbox 318 3252 1862 3337">
     <span class='ocr_line' id='line_1_61' title="bbox 318 3252 1862 3337; baseline -0.006 -21"><span class='ocrx_word' id='word_1_472' title='bbox 318 3275 579 3337; x_wconf 71' lang='lat' dir='ltr'><strong>patronos</strong></span> <span class='ocrx_word' id='word_1_473' title='bbox 605 3258 867 3314; x_wconf 85' lang='lat' dir='ltr'><strong>habituri.</strong></span> <span class='ocrx_word' id='word_1_474' title='bbox 896 3255 1175 3324; x_wconf 69' lang='lat' dir='ltr'><strong>Qudquid</strong></span> <span class='ocrx_word' id='word_1_475' title='bbox 1196 3255 1394 3309; x_wconf 84' lang='lat' dir='ltr'><strong>fortius</strong></span> <span class='ocrx_word' id='word_1_476' title='bbox 1419 3263 1472 3309; x_wconf 91' lang='lat' dir='ltr'><strong>et</strong></span> <span class='ocrx_word' id='word_1_477' title='bbox 1508 3252 1862 3323; x_wconf 83' lang='lat' dir='ltr'><strong>generosius?</strong></span> 
     </span>
    </p>
   </div>
   <div class='ocr_carea' id='block_1_62' title="bbox 403 3345 1892 3424">
    <p class='ocr_par' dir='ltr' id='par_1_62' title="bbox 403 3345 1892 3419">
     <span class='ocr_line' id='line_1_62' title="bbox 403 3345 1892 3419; baseline -0.007 -11"><span class='ocrx_word' id='word_1_478' title='bbox 403 3356 462 3408; x_wconf 85' lang='grc' dir='ltr'>Ὀ</span> <span class='ocrx_word' id='word_1_479' title='bbox 489 3356 545 3407; x_wconf 79' lang='grc' dir='ltr'>δὲ</span> <span class='ocrx_word' id='word_1_480' title='bbox 605 3355 782 3414; x_wconf 80' lang='grc' dir='ltr'>κοινὸς</span> <span class='ocrx_word' id='word_1_481' title='bbox 825 3352 957 3419; x_wconf 81' lang='grc' dir='ltr'>ἡμῖν</span> <span class='ocrx_word' id='word_1_482' title='bbox 1017 3351 1151 3418; x_wconf 85' lang='grc' dir='ltr'>πρὸς</span> <span class='ocrx_word' id='word_1_483' title='bbox 1207 3349 1548 3416; x_wconf 79' lang='grc' dir='ltr'>ἀμφοτέρους</span> <span class='ocrx_word' id='word_1_484' title='bbox 1604 3348 1684 3409; x_wconf 88' lang='grc' dir='ltr'><strong>τίς</strong></span> <span class='ocrx_word' id='word_1_485' title='bbox 1741 3345 1892 3415; x_wconf 78' lang='grc' dir='ltr'>ἁγών</span> 
     </span>
    </p>
   </div>
   <div class='ocr_carea' id='block_1_63' title="bbox 1983 3345 3568 3424">
    <p class='ocr_par' dir='ltr' id='par_1_63' title="bbox 2067 3349 3568 3424">
     <span class='ocr_line' id='line_1_63' title="bbox 2067 3349 3568 3424; baseline 0.005 -24"><span class='ocrx_word' id='word_1_486' title='bbox 2067 3349 2137 3400; x_wconf 80' lang='lat' dir='ltr'><strong>At</strong></span> <span class='ocrx_word' id='word_1_487' title='bbox 2203 3363 2333 3402; x_wconf 86' lang='lat' dir='ltr'><strong>vero</strong></span> <span class='ocrx_word' id='word_1_488' title='bbox 2397 3349 2668 3416; x_wconf 81' lang='lat' dir='ltr'><strong>quodnam</strong></span> <span class='ocrx_word' id='word_1_489' title='bbox 2739 3351 2899 3407; x_wconf 90' lang='lat' dir='ltr'><strong>nobis</strong></span> <span class='ocrx_word' id='word_1_490' title='bbox 2954 3361 3039 3408; x_wconf 87' lang='lat' dir='ltr'><strong>est</strong></span> <span class='ocrx_word' id='word_1_491' title='bbox 3092 3367 3216 3407; x_wconf 92' lang='lat' dir='ltr'><strong>cum</strong></span> <span class='ocrx_word' id='word_1_492' title='bbox 3317 3355 3568 3424; x_wconf 90' lang='lat' dir='ltr'><strong>utrisque</strong></span> 
     </span>
    </p>
   </div>
   <div class='ocr_carea' id='block_1_64' title="bbox 316 3435 1892 3515">
    <p class='ocr_par' dir='ltr' id='par_1_64' title="bbox 316 3435 1891 3515">
     <span class='ocr_line' id='line_1_64' title="bbox 316 3435 1891 3515; baseline -0.006 -14"><span class='ocrx_word' id='word_1_493' title='bbox 316 3467 378 3502; x_wconf 86' lang='grc' dir='ltr'><strong>τε</strong></span> <span class='ocrx_word' id='word_1_494' title='bbox 424 3450 520 3498; x_wconf 80' lang='grc' dir='ltr'>καὶ</span> <span class='ocrx_word' id='word_1_495' title='bbox 569 3447 759 3515; x_wconf 82' lang='grc' dir='ltr'>λόγος;</span> <span class='ocrx_word' id='word_1_496' title='bbox 827 3443 992 3511; x_wconf 83' lang='grc' dir='ltr'>Ἡμῖν</span> <span class='ocrx_word' id='word_1_497' title='bbox 1043 3435 1124 3502; x_wconf 82' lang='grc' dir='ltr'>εἷς</span> <span class='ocrx_word' id='word_1_498' title='bbox 1171 3440 1325 3505; x_wconf 81' lang='grc' dir='ltr'>Θεὸς,</span> <span class='ocrx_word' id='word_1_499' title='bbox 1378 3442 1459 3493; x_wconf 85' lang='grc' dir='ltr'>ὅτι</span> <span class='ocrx_word' id='word_1_500' title='bbox 1525 3438 1624 3507; x_wconf 86' lang='grc' dir='ltr'><strong>μία</strong></span> <span class='ocrx_word' id='word_1_501' title='bbox 1677 3439 1891 3507; x_wconf 83' lang='grc' dir='ltr'>θεότηςο</span> 
     </span>
    </p>
   </div>
   <div class='ocr_carea' id='block_1_65' title="bbox 1983 3435 3565 3515">
    <p class='ocr_par' dir='ltr' id='par_1_65' title="bbox 1997 3441 3565 3508">
     <span class='ocr_line' id='line_1_65' title="bbox 1997 3441 3565 3508; baseline 0.001 -12"><span class='ocrx_word' id='word_1_502' title='bbox 1997 3449 2295 3499; x_wconf 85' lang='lat' dir='ltr'><strong>certamen.</strong></span> <span class='ocrx_word' id='word_1_503' title='bbox 2320 3450 2376 3493; x_wconf 91' lang='lat' dir='ltr'><strong>et</strong></span> <span class='ocrx_word' id='word_1_504' title='bbox 2401 3455 2647 3508; x_wconf 63' lang='lat' dir='ltr'><strong>quaenam</strong></span> <span class='ocrx_word' id='word_1_505' title='bbox 2674 3444 2895 3497; x_wconf 78' lang='lat' dir='ltr'><strong>oratio?</strong></span> <span class='ocrx_word' id='word_1_506' title='bbox 2919 3442 3088 3499; x_wconf 86' lang='lat' dir='ltr'><strong>Nobis</strong></span> <span class='ocrx_word' id='word_1_507' title='bbox 3116 3441 3257 3502; x_wconf 88' lang='lat' dir='ltr'><strong>Deus</strong></span> <span class='ocrx_word' id='word_1_508' title='bbox 3293 3460 3437 3501; x_wconf 87' lang='lat' dir='ltr'><strong>unus</strong></span> <span class='ocrx_word' id='word_1_509' title='bbox 3461 3453 3565 3500; x_wconf 88' lang='lat' dir='ltr'><strong>est.</strong></span> 
     </span>
    </p>
   </div>
   <div class='ocr_carea' id='block_1_66' title="bbox 320 3530 1892 3606">
    <p class='ocr_par' dir='ltr' id='par_1_66' title="bbox 320 3530 1892 3606">
     <span class='ocr_line' id='line_1_66' title="bbox 320 3530 1892 3606; baseline 0.004 -23"><span class='ocrx_word' id='word_1_510' title='bbox 320 3534 414 3584; x_wconf 78' lang='grc' dir='ltr'><strong>καὶ</strong></span> <span class='ocrx_word' id='word_1_511' title='bbox 447 3530 581 3603; x_wconf 75' lang='grc' dir='ltr'>πρὸς</span> <span class='ocrx_word' id='word_1_512' title='bbox 614 3535 671 3588; x_wconf 79' lang='grc' dir='ltr'>ἓν</span> <span class='ocrx_word' id='word_1_513' title='bbox 717 3535 786 3587; x_wconf 77' lang='grc' dir='ltr'>τὰ</span> <span class='ocrx_word' id='word_1_514' title='bbox 837 3534 898 3598; x_wconf 72' lang='grc' dir='ltr'><strong>ἐξ</strong></span> <span class='ocrx_word' id='word_1_515' title='bbox 945 3534 1112 3587; x_wconf 80' lang='grc' dir='ltr'>αὑτοῦ</span> <span class='ocrx_word' id='word_1_516' title='bbox 1148 3537 1248 3606; x_wconf 83' lang='grc' dir='ltr'><strong>τὴν</strong></span> <span class='ocrx_word' id='word_1_517' title='bbox 1296 3538 1568 3606; x_wconf 75' lang='grc' dir='ltr'>ἀναφορὰν</span> <span class='ocrx_word' id='word_1_518' title='bbox 1620 3537 1752 3606; x_wconf 79' lang='grc' dir='ltr'>ἔχει,</span> <span class='ocrx_word' id='word_1_519' title='bbox 1793 3541 1892 3590; x_wconf 78' lang='grc' dir='ltr'><strong>κᾶν</strong></span> 
     </span>
    </p>
   </div>
   <div class='ocr_carea' id='block_1_67' title="bbox 1983 3530 3572 3606">
    <p class='ocr_par' dir='ltr' id='par_1_67' title="bbox 2002 3535 3572 3606">
     <span class='ocr_line' id='line_1_67' title="bbox 2002 3535 3572 3606; baseline 0.003 -20"><span class='ocrx_word' id='word_1_520' title='bbox 2002 3537 2258 3604; x_wconf 86' lang='lat' dir='ltr'><strong>quoniam</strong></span> <span class='ocrx_word' id='word_1_521' title='bbox 2297 3550 2401 3587; x_wconf 91' lang='lat' dir='ltr'><strong>una</strong></span> <span class='ocrx_word' id='word_1_522' title='bbox 2436 3535 2642 3600; x_wconf 84' lang='lat' dir='ltr'><strong>deitas;</strong></span> <span class='ocrx_word' id='word_1_523' title='bbox 2683 3546 2843 3602; x_wconf 81' lang='lat' dir='ltr'><strong>atque</strong></span> <span class='ocrx_word' id='word_1_524' title='bbox 2867 3537 2932 3589; x_wconf 90' lang='lat' dir='ltr'><strong>ad</strong></span> <span class='ocrx_word' id='word_1_525' title='bbox 2962 3552 3147 3594; x_wconf 84' lang='lat' dir='ltr'><strong>unum,</strong></span> <span class='ocrx_word' id='word_1_526' title='bbox 3173 3552 3233 3590; x_wconf 90' lang='lat' dir='ltr'><strong>ea</strong></span> <span class='ocrx_word' id='word_1_527' title='bbox 3266 3551 3386 3606; x_wconf 63' lang='lat' dir='ltr'><strong>quae</strong></span> <span class='ocrx_word' id='word_1_528' title='bbox 3411 3549 3476 3588; x_wconf 80' lang='lat' dir='ltr'><strong>ex</strong></span> <span class='ocrx_word' id='word_1_529' title='bbox 3507 3551 3572 3590; x_wconf 90' lang='lat' dir='ltr'><strong>eo</strong></span> 
     </span>
    </p>
   </div>
   <div class='ocr_carea' id='block_1_68' title="bbox 316 3623 1892 3698">
    <p class='ocr_par' dir='ltr' id='par_1_68' title="bbox 316 3625 1892 3698">
     <span class='ocr_line' id='line_1_68' title="bbox 316 3625 1892 3698; baseline 0.001 -21"><span class='ocrx_word' id='word_1_530' title='bbox 316 3625 443 3697; x_wconf 84' lang='grc' dir='ltr'>τρία</span> <span class='ocrx_word' id='word_1_531' title='bbox 477 3625 822 3696; x_wconf 86' lang='grc' dir='ltr'>πιστεύηται.</span> <span class='ocrx_word' id='word_1_532' title='bbox 854 3627 929 3680; x_wconf 80' lang='grc' dir='ltr'><strong>Οὐ</strong></span> <span class='ocrx_word' id='word_1_533' title='bbox 963 3627 1090 3698; x_wconf 75' lang='grc' dir='ltr'>γὰρ,</span> <span class='ocrx_word' id='word_1_534' title='bbox 1127 3627 1189 3679; x_wconf 73' lang='grc' dir='ltr'>τὸ</span> <span class='ocrx_word' id='word_1_535' title='bbox 1228 3627 1326 3697; x_wconf 79' lang='grc' dir='ltr'><strong>μὲν</strong></span> <span class='ocrx_word' id='word_1_536' title='bbox 1360 3628 1558 3697; x_wconf 71' lang='grc' dir='ltr'>μᾶλλον</span> <span class='ocrx_word' id='word_1_537' title='bbox 1587 3664 1606 3689; x_wconf 87' lang='grc'><strong>,</strong></span> <span class='ocrx_word' id='word_1_538' title='bbox 1744 3627 1804 3679; x_wconf 81' lang='grc' dir='ltr'><strong>τὸ</strong></span> <span class='ocrx_word' id='word_1_539' title='bbox 1836 3628 1892 3678; x_wconf 81' lang='grc' dir='ltr'><strong>δὲ</strong></span> 
     </span>
    </p>
   </div>
   <div class='ocr_carea' id='block_1_69' title="bbox 1983 3623 3569 3698">
    <p class='ocr_par' dir='ltr' id='par_1_69' title="bbox 1996 3623 3569 3692">
     <span class='ocr_line' id='line_1_69' title="bbox 1996 3623 3569 3692; baseline 0.001 -16"><span class='ocrx_word' id='word_1_540' title='bbox 1996 3635 2141 3688; x_wconf 86' lang='lat' dir='ltr'><strong>sunt,</strong></span> <span class='ocrx_word' id='word_1_541' title='bbox 2188 3624 2514 3686; x_wconf 88' lang='lat' dir='ltr'><strong>referuntur,</strong></span> <span class='ocrx_word' id='word_1_542' title='bbox 2551 3623 2760 3676; x_wconf 90' lang='lat' dir='ltr'><strong>etiamsi</strong></span> <span class='ocrx_word' id='word_1_543' title='bbox 2793 3633 2902 3677; x_wconf 89' lang='lat' dir='ltr'><strong>tres</strong></span> <span class='ocrx_word' id='word_1_544' title='bbox 2959 3639 3222 3692; x_wconf 87' lang='lat' dir='ltr'><strong>personas</strong></span> <span class='ocrx_word' id='word_1_545' title='bbox 3262 3625 3569 3680; x_wconf 84' lang='lat' dir='ltr'><strong>credamus.</strong></span> 
     </span>
    </p>
   </div>
   <div class='ocr_carea' id='block_1_70' title="bbox 317 3712 1888 3789">
    <p class='ocr_par' dir='ltr' id='par_1_70' title="bbox 317 3712 1888 3789">
     <span class='ocr_line' id='line_1_70' title="bbox 317 3712 1888 3789; baseline -0.001 -21"><span class='ocrx_word' id='word_1_546' title='bbox 317 3712 480 3784; x_wconf 82' lang='grc' dir='ltr'>ἦττον</span> <span class='ocrx_word' id='word_1_547' title='bbox 513 3717 673 3780; x_wconf 83' lang='grc' dir='ltr'><strong>Θεός·</strong></span> <span class='ocrx_word' id='word_1_548' title='bbox 715 3718 835 3770; x_wconf 78' lang='grc' dir='ltr'>οὐδὲ</span> <span class='ocrx_word' id='word_1_549' title='bbox 877 3718 937 3770; x_wconf 79' lang='grc' dir='ltr'><strong>τὸ</strong></span> <span class='ocrx_word' id='word_1_550' title='bbox 972 3719 1068 3787; x_wconf 82' lang='grc' dir='ltr'>μὲν</span> <span class='ocrx_word' id='word_1_551' title='bbox 1111 3719 1398 3789; x_wconf 87' lang='grc' dir='ltr'>πρότερον,</span> <span class='ocrx_word' id='word_1_552' title='bbox 1438 3719 1500 3770; x_wconf 81' lang='grc' dir='ltr'><strong>τὸ</strong></span> <span class='ocrx_word' id='word_1_553' title='bbox 1544 3718 1600 3769; x_wconf 86' lang='grc' dir='ltr'><strong>δὲ</strong></span> <span class='ocrx_word' id='word_1_554' title='bbox 1630 3716 1888 3788; x_wconf 79' lang='grc' dir='ltr'>ὕστερον·</span> 
     </span>
    </p>
   </div>
   <div class='ocr_carea' id='block_1_71' title="bbox 318 3806 1894 3879">
    <p class='ocr_par' dir='ltr' id='par_1_71' title="bbox 318 3806 1894 3879">
     <span class='ocr_line' id='line_1_71' title="bbox 318 3806 1894 3879; baseline -0.001 -19"><span class='ocrx_word' id='word_1_555' title='bbox 318 3808 437 3860; x_wconf 77' lang='grc' dir='ltr'>οὐδὲ</span> <span class='ocrx_word' id='word_1_556' title='bbox 465 3806 711 3879; x_wconf 79' lang='grc' dir='ltr'>βουλήσει</span> <span class='ocrx_word' id='word_1_557' title='bbox 740 3809 1016 3879; x_wconf 81' lang='grc' dir='ltr'>τέμνεται,</span> <span class='ocrx_word' id='word_1_558' title='bbox 1040 3809 1160 3861; x_wconf 72' lang='grc' dir='ltr'>οὐδὲ</span> <span class='ocrx_word' id='word_1_559' title='bbox 1189 3808 1414 3879; x_wconf 85' lang='grc' dir='ltr'>δυνάμει</span> <span class='ocrx_word' id='word_1_560' title='bbox 1444 3808 1744 3879; x_wconf 75' lang='grc' dir='ltr'>μερίζεται,</span> <span class='ocrx_word' id='word_1_561' title='bbox 1770 3807 1894 3859; x_wconf 82' lang='grc' dir='ltr'>οὐδέ</span> 
     </span>
    </p>
   </div>
   <div class='ocr_carea' id='block_1_72' title="bbox 316 3895 1894 3970">
    <p class='ocr_par' dir='ltr' id='par_1_72' title="bbox 316 3895 1894 3970">
     <span class='ocr_line' id='line_1_72' title="bbox 316 3895 1894 3970; baseline 0 -20"><span class='ocrx_word' id='word_1_562' title='bbox 316 3915 372 3950; x_wconf 91' lang='grc' dir='ltr'><strong>τι</strong></span> <span class='ocrx_word' id='word_1_563' title='bbox 403 3898 512 3952; x_wconf 84' lang='grc' dir='ltr'>τῶν</span> <span class='ocrx_word' id='word_1_564' title='bbox 545 3899 644 3951; x_wconf 81' lang='grc' dir='ltr'><strong>ὅσα</strong></span> <span class='ocrx_word' id='word_1_565' title='bbox 682 3902 792 3962; x_wconf 86' lang='grc' dir='ltr'>τοῖς</span> <span class='ocrx_word' id='word_1_566' title='bbox 839 3903 1116 3970; x_wconf 85' lang='grc' dir='ltr'>μεριστοῖς</span> <span class='ocrx_word' id='word_1_567' title='bbox 1307 3900 1564 3969; x_wconf 81' lang='grc' dir='ltr'>ὑπάρχει,</span> <span class='ocrx_word' id='word_1_568' title='bbox 1616 3895 1894 3950; x_wconf 82' lang='grc' dir='ltr'>κάνταῦθα</span> 
     </span>
    </p>
   </div>
   <div class='ocr_carea' id='block_1_73' title="bbox 317 3986 1891 4062">
    <p class='ocr_par' dir='ltr' id='par_1_73' title="bbox 317 3986 1891 4062">
     <span class='ocr_line' id='line_1_73' title="bbox 317 3986 1891 4062; baseline -0.002 -21"><span class='ocrx_word' id='word_1_569' title='bbox 317 3989 502 4042; x_wconf 77' lang='grc' dir='ltr'>λαϐεῖν</span> <span class='ocrx_word' id='word_1_570' title='bbox 535 3989 679 4042; x_wconf 77' lang='grc' dir='ltr'>ἔστιν</span> <span class='ocrx_word' id='word_1_571' title='bbox 704 4007 716 4019; x_wconf 95' lang='grc'><strong>·</strong></span> <span class='ocrx_word' id='word_1_572' title='bbox 749 3990 884 4042; x_wconf 75' lang='grc' dir='ltr'>ἀλλὰ</span> <span class='ocrx_word' id='word_1_573' title='bbox 904 3991 1198 4062; x_wconf 78' lang='grc' dir='ltr'>ἀμέριστος</span> <span class='ocrx_word' id='word_1_574' title='bbox 1363 3990 1422 4041; x_wconf 80' lang='grc' dir='ltr'>ὲν</span> <span class='ocrx_word' id='word_1_575' title='bbox 1449 3986 1891 4060; x_wconf 86' lang='grc' dir='ltr'>μεμερισμένοις,</span> 
     </span>
    </p>
   </div>
   <div class='ocr_carea' id='block_1_74' title="bbox 319 4074 1895 4153">
    <p class='ocr_par' dir='ltr' id='par_1_74' title="bbox 319 4074 1895 4153">
     <span class='ocr_line' id='line_1_74' title="bbox 319 4074 1895 4153; baseline -0.001 -20"><span class='ocrx_word' id='word_1_576' title='bbox 319 4081 369 4133; x_wconf 76' lang='grc' dir='ltr'><strong>εἰ</strong></span> <span class='ocrx_word' id='word_1_577' title='bbox 395 4081 474 4134; x_wconf 84' lang='grc' dir='ltr'><strong>δεῖ</strong></span> <span class='ocrx_word' id='word_1_578' title='bbox 509 4081 786 4151; x_wconf 85' lang='grc' dir='ltr'>συντόμως</span> <span class='ocrx_word' id='word_1_579' title='bbox 825 4083 1017 4146; x_wconf 78' lang='grc' dir='ltr'>εἰπεῖν,</span> <span class='ocrx_word' id='word_1_580' title='bbox 1050 4084 1084 4152; x_wconf 80' lang='grc' dir='ltr'><strong>ἡ</strong></span> <span class='ocrx_word' id='word_1_581' title='bbox 1113 4082 1302 4153; x_wconf 83' lang='grc' dir='ltr'>θεότης</span> <span class='ocrx_word' id='word_1_582' title='bbox 1323 4099 1336 4112; x_wconf 77' lang='grc' dir='ltr'><strong>ο</strong></span> <span class='ocrx_word' id='word_1_583' title='bbox 1375 4081 1467 4133; x_wconf 72' lang='grc' dir='ltr'>καὶ</span> <span class='ocrx_word' id='word_1_584' title='bbox 1500 4074 1611 4132; x_wconf 72' lang='grc' dir='ltr'>οἷον</span> <span class='ocrx_word' id='word_1_585' title='bbox 1641 4081 1698 4132; x_wconf 83' lang='grc' dir='ltr'>ὲν</span> <span class='ocrx_word' id='word_1_586' title='bbox 1725 4077 1895 4148; x_wconf 83' lang='grc' dir='ltr'>ἡλίοις</span> 
     </span>
    </p>
   </div>
   <div class='ocr_carea' id='block_1_75' title="bbox 318 4168 1892 4244">
    <p class='ocr_par' dir='ltr' id='par_1_75' title="bbox 318 4168 1892 4244">
     <span class='ocr_line' id='line_1_75' title="bbox 318 4168 1892 4244; baseline -0.003 -20"><span class='ocrx_word' id='word_1_587' title='bbox 318 4173 494 4242; x_wconf 72' lang='grc' dir='ltr'>τρισὶν</span> <span class='ocrx_word' id='word_1_588' title='bbox 527 4173 804 4243; x_wconf 74' lang='grc' dir='ltr'>ἐχομένοις</span> <span class='ocrx_word' id='word_1_589' title='bbox 831 4172 1093 4242; x_wconf 85' lang='grc' dir='ltr'>ἀλλήλων,</span> <span class='ocrx_word' id='word_1_590' title='bbox 1133 4175 1231 4244; x_wconf 86' lang='grc' dir='ltr'><strong>μία</strong></span> <span class='ocrx_word' id='word_1_591' title='bbox 1253 4171 1346 4226; x_wconf 75' lang='grc' dir='ltr'>τοῦ</span> <span class='ocrx_word' id='word_1_592' title='bbox 1374 4170 1550 4242; x_wconf 90' lang='grc' dir='ltr'>φωτὸς</span> <span class='ocrx_word' id='word_1_593' title='bbox 1571 4168 1892 4240; x_wconf 82' lang='grc' dir='ltr'>σύγκρασις.</span> 
     </span>
    </p>
   </div>
   <div class='ocr_carea' id='block_1_76' title="bbox 322 4258 1893 4336">
    <p class='ocr_par' dir='ltr' id='par_1_76' title="bbox 322 4258 1893 4336">
     <span class='ocr_line' id='line_1_76' title="bbox 322 4258 1893 4336; baseline -0.004 -20"><span class='ocrx_word' id='word_1_594' title='bbox 322 4262 489 4316; x_wconf 85' lang='grc' dir='ltr'>Ὅταν</span> <span class='ocrx_word' id='word_1_595' title='bbox 522 4263 618 4335; x_wconf 83' lang='grc' dir='ltr'>μὲν</span> <span class='ocrx_word' id='word_1_596' title='bbox 649 4261 740 4316; x_wconf 78' lang='grc' dir='ltr'><strong>οὖν</strong></span> <span class='ocrx_word' id='word_1_597' title='bbox 771 4265 906 4336; x_wconf 73' lang='grc' dir='ltr'>πρὸς</span> <span class='ocrx_word' id='word_1_598' title='bbox 939 4265 1035 4334; x_wconf 85' lang='grc' dir='ltr'><strong>τὴν</strong></span> <span class='ocrx_word' id='word_1_599' title='bbox 1065 4263 1291 4334; x_wconf 86' lang='grc' dir='ltr'>θεότητα</span> <span class='ocrx_word' id='word_1_600' title='bbox 1326 4261 1630 4334; x_wconf 75' lang='grc' dir='ltr'>βλέψωμεν,</span> <span class='ocrx_word' id='word_1_601' title='bbox 1665 4261 1758 4312; x_wconf 69' lang='grc' dir='ltr'><strong>καὶ</strong></span> <span class='ocrx_word' id='word_1_602' title='bbox 1795 4258 1893 4329; x_wconf 79' lang='grc' dir='ltr'><strong>τὴν</strong></span> 
     </span>
    </p>
   </div>
   <div class='ocr_carea' id='block_1_77' title="bbox 320 4351 1894 4426">
    <p class='ocr_par' dir='ltr' id='par_1_77' title="bbox 320 4351 1894 4426">
     <span class='ocr_line' id='line_1_77' title="bbox 320 4351 1894 4426; baseline -0.016 0"><span class='ocrx_word' id='word_1_603' title='bbox 320 4352 543 4424; x_wconf 77' lang='grc' dir='ltr'>πρώτην</span> <span class='ocrx_word' id='word_1_604' title='bbox 577 4354 776 4418; x_wconf 68' lang='grc' dir='ltr'>αίτίανν</span> <span class='ocrx_word' id='word_1_605' title='bbox 809 4355 902 4408; x_wconf 66' lang='grc' dir='ltr'><strong>καὶ</strong></span> <span class='ocrx_word' id='word_1_606' title='bbox 927 4355 1023 4424; x_wconf 78' lang='grc' dir='ltr'><strong>τὴν</strong></span> <span class='ocrx_word' id='word_1_607' title='bbox 1062 4355 1378 4426; x_wconf 82' lang='grc' dir='ltr'>μοναρχίαν,</span> <span class='ocrx_word' id='word_1_608' title='bbox 1413 4353 1470 4406; x_wconf 83' lang='grc' dir='ltr'>ἓν</span> <span class='ocrx_word' id='word_1_609' title='bbox 1514 4353 1645 4422; x_wconf 79' lang='grc' dir='ltr'>ἡμῖν</span> <span class='ocrx_word' id='word_1_610' title='bbox 1672 4351 1733 4402; x_wconf 85' lang='grc' dir='ltr'><strong>τὸ</strong></span> <span class='ocrx_word' id='word_1_611' title='bbox 1761 4367 1894 4417; x_wconf 85' lang='grc' dir='ltr'>φαν-</span> 
     </span>
    </p>
   </div>
   <div class='ocr_carea' id='block_1_78' title="bbox 319 4439 1894 4516">
    <p class='ocr_par' dir='ltr' id='par_1_78' title="bbox 319 4439 1894 4516">
     <span class='ocr_line' id='line_1_78' title="bbox 319 4439 1894 4516; baseline -0.005 -16"><span class='ocrx_word' id='word_1_612' title='bbox 319 4445 612 4516; x_wconf 79' lang='grc' dir='ltr'>ταζόμενον</span> <span class='ocrx_word' id='word_1_613' title='bbox 634 4461 648 4475; x_wconf 81' lang='grc'><em>’</em></span> <span class='ocrx_word' id='word_1_614' title='bbox 677 4447 804 4499; x_wconf 81' lang='grc' dir='ltr'>ὅταν</span> <span class='ocrx_word' id='word_1_615' title='bbox 834 4446 890 4498; x_wconf 82' lang='grc' dir='ltr'><strong>δὲ</strong></span> <span class='ocrx_word' id='word_1_616' title='bbox 920 4445 1054 4516; x_wconf 75' lang='grc' dir='ltr'>πρὸς</span> <span class='ocrx_word' id='word_1_617' title='bbox 1085 4445 1153 4498; x_wconf 86' lang='grc' dir='ltr'><strong>τά</strong></span> <span class='ocrx_word' id='word_1_618' title='bbox 1195 4447 1251 4497; x_wconf 84' lang='grc' dir='ltr'>ὲν</span> <span class='ocrx_word' id='word_1_619' title='bbox 1286 4441 1365 4506; x_wconf 77' lang='grc' dir='ltr'>οἷς</span> <span class='ocrx_word' id='word_1_620' title='bbox 1399 4445 1432 4514; x_wconf 82' lang='grc' dir='ltr'><strong>ἡ</strong></span> <span class='ocrx_word' id='word_1_621' title='bbox 1464 4444 1674 4514; x_wconf 82' lang='grc' dir='ltr'>θεότης,</span> <span class='ocrx_word' id='word_1_622' title='bbox 1700 4442 1795 4494; x_wconf 76' lang='grc' dir='ltr'><strong>καὶ</strong></span> <span class='ocrx_word' id='word_1_623' title='bbox 1826 4439 1894 4492; x_wconf 91' lang='grc' dir='ltr'><strong>τά</strong></span> 
     </span>
    </p>
   </div>
   <div class='ocr_carea' id='block_1_79' title="bbox 319 4535 1894 4608">
    <p class='ocr_par' dir='ltr' id='par_1_79' title="bbox 319 4535 1894 4608">
     <span class='ocr_line' id='line_1_79' title="bbox 319 4535 1894 4608; baseline -0.001 -20"><span class='ocrx_word' id='word_1_624' title='bbox 319 4545 384 4590; x_wconf 78' lang='grc' dir='ltr'><strong>εκ</strong></span> <span class='ocrx_word' id='word_1_625' title='bbox 412 4537 508 4608; x_wconf 81' lang='grc' dir='ltr'>τῆς</span> <span class='ocrx_word' id='word_1_626' title='bbox 539 4536 761 4608; x_wconf 81' lang='grc' dir='ltr'>πρώτης</span> <span class='ocrx_word' id='word_1_627' title='bbox 788 4537 965 4600; x_wconf 71' lang='grc' dir='ltr'>αἰτίας</span> <span class='ocrx_word' id='word_1_628' title='bbox 991 4537 1231 4606; x_wconf 86' lang='grc' dir='ltr'>ἀχρόνως</span> <span class='ocrx_word' id='word_1_629' title='bbox 1260 4537 1465 4591; x_wconf 78' lang='grc' dir='ltr'>ἐκεῖθεν</span> <span class='ocrx_word' id='word_1_630' title='bbox 1493 4536 1622 4592; x_wconf 80' lang='grc' dir='ltr'>ὄντα</span> <span class='ocrx_word' id='word_1_631' title='bbox 1650 4535 1743 4588; x_wconf 83' lang='grc' dir='ltr'>καὶ</span> <span class='ocrx_word' id='word_1_632' title='bbox 1767 4535 1894 4606; x_wconf 86' lang='grc' dir='ltr'>ὁμο-</span> 
     </span>
    </p>
   </div>
   <div class='ocr_carea' id='block_1_80' title="bbox 318 4629 1258 4702">
    <p class='ocr_par' dir='ltr' id='par_1_80' title="bbox 318 4629 1258 4702">
     <span class='ocr_line' id='line_1_80' title="bbox 318 4629 1258 4702; baseline 0 -20"><span class='ocrx_word' id='word_1_633' title='bbox 318 4629 506 4696; x_wconf 82' lang='grc' dir='ltr'>δόξως,</span> <span class='ocrx_word' id='word_1_634' title='bbox 537 4629 661 4702; x_wconf 84' lang='grc' dir='ltr'>τρία</span> <span class='ocrx_word' id='word_1_635' title='bbox 689 4629 758 4682; x_wconf 74' lang='grc' dir='ltr'>τὰ</span> <span class='ocrx_word' id='word_1_636' title='bbox 794 4630 1258 4700; x_wconf 62' lang='grc' dir='ltr'>προσκυνούμενα.</span> 
     </span>
    </p>
   </div>
   <div class='ocr_carea' id='block_1_81' title="bbox 523 4900 1890 4972">
    <p class='ocr_par' dir='ltr' id='par_1_81' title="bbox 523 4900 1890 4972">
     <span class='ocr_line' id='line_1_81' title="bbox 523 4900 1890 4972; baseline 0.001 -18"><span class='ocrx_word' id='word_1_637' title='bbox 523 4901 586 4954; x_wconf 87' lang='grc' dir='ltr'>Τί</span> <span class='ocrx_word' id='word_1_638' title='bbox 616 4900 732 4967; x_wconf 82' lang='grc' dir='ltr'>δαί;</span> <span class='ocrx_word' id='word_1_639' title='bbox 769 4902 890 4970; x_wconf 73' lang='grc' dir='ltr'>οὐχὶ</span> <span class='ocrx_word' id='word_1_640' title='bbox 918 4903 1009 4954; x_wconf 73' lang='grc' dir='ltr'><strong>καὶ</strong></span> <span class='ocrx_word' id='word_1_641' title='bbox 1040 4902 1168 4971; x_wconf 86' lang='grc' dir='ltr'>παρ’</span> <span class='ocrx_word' id='word_1_642' title='bbox 1206 4900 1455 4972; x_wconf 85' lang='grc' dir='ltr'>Ἕλλησι,</span> <span class='ocrx_word' id='word_1_643' title='bbox 1485 4903 1640 4970; x_wconf 82' lang='grc' dir='ltr'>φαῖεν</span> <span class='ocrx_word' id='word_1_644' title='bbox 1670 4901 1756 4963; x_wconf 82' lang='grc' dir='ltr'><strong>ἂν,</strong></span> <span class='ocrx_word' id='word_1_645' title='bbox 1795 4903 1890 4972; x_wconf 85' lang='grc' dir='ltr'><strong>μία</strong></span> 
     </span>
    </p>
   </div>
   <div class='ocr_carea' id='block_1_82' title="bbox 317 4985 1894 5064">
    <p class='ocr_par' dir='ltr' id='par_1_82' title="bbox 317 4985 1894 5064">
     <span class='ocr_line' id='line_1_82' title="bbox 317 4985 1894 5064; baseline 0 -19"><span class='ocrx_word' id='word_1_646' title='bbox 317 4993 530 5063; x_wconf 87' lang='grc' dir='ltr'>θεότης,</span> <span class='ocrx_word' id='word_1_647' title='bbox 551 4993 626 5057; x_wconf 83' lang='grc' dir='ltr'>ὼς</span> <span class='ocrx_word' id='word_1_648' title='bbox 654 4985 704 5046; x_wconf 69' lang='grc' dir='ltr'>οἲ</span> <span class='ocrx_word' id='word_1_649' title='bbox 729 4991 796 5045; x_wconf 84' lang='grc' dir='ltr'>τὰ</span> <span class='ocrx_word' id='word_1_650' title='bbox 825 4991 1126 5064; x_wconf 85' lang='grc' dir='ltr'>τελεώτερα</span> <span class='ocrx_word' id='word_1_651' title='bbox 1149 4993 1277 5063; x_wconf 84' lang='grc' dir='ltr'>παρ’</span> <span class='ocrx_word' id='word_1_652' title='bbox 1295 4991 1521 5055; x_wconf 75' lang='grc' dir='ltr'>ἐκείνοις</span> <span class='ocrx_word' id='word_1_653' title='bbox 1543 4991 1894 5060; x_wconf 62' lang='grc' dir='ltr'>φιλοσοφοῦν-</span> 
     </span>
    </p>
   </div>
   <div class='ocr_carea' id='block_1_83' title="bbox 268 5083 1888 5159">
    <p class='ocr_par' dir='ltr' id='par_1_83' title="bbox 268 5083 1888 5159">
     <span class='ocr_line' id='line_1_83' title="bbox 268 5083 1888 5159; baseline -0.003 -20"><span class='ocrx_word' id='word_1_654' title='bbox 268 5144 273 5148; x_wconf 51' lang='grc'><strong>,</strong></span> <span class='ocrx_word' id='word_1_655' title='bbox 317 5104 430 5150; x_wconf 84' lang='grc' dir='ltr'>τες,</span> <span class='ocrx_word' id='word_1_656' title='bbox 463 5087 558 5139; x_wconf 71' lang='grc' dir='ltr'><strong>καὶ</strong></span> <span class='ocrx_word' id='word_1_657' title='bbox 592 5085 720 5159; x_wconf 76' lang='grc' dir='ltr'>παρ’</span> <span class='ocrx_word' id='word_1_658' title='bbox 751 5087 884 5156; x_wconf 78' lang='grc' dir='ltr'>ἡμῖν</span> <span class='ocrx_word' id='word_1_659' title='bbox 916 5083 1271 5155; x_wconf 85' lang='grc' dir='ltr'>ἀνθρωπότης</span> <span class='ocrx_word' id='word_1_660' title='bbox 1307 5084 1426 5154; x_wconf 90' lang='grc' dir='ltr'>μία,</span> <span class='ocrx_word' id='word_1_661' title='bbox 1457 5084 1518 5137; x_wconf 83' lang='grc' dir='ltr'><strong>τὸ</strong></span> <span class='ocrx_word' id='word_1_662' title='bbox 1538 5083 1693 5152; x_wconf 87' lang='grc' dir='ltr'>γένος</span> <span class='ocrx_word' id='word_1_663' title='bbox 1710 5085 1888 5150; x_wconf 64' lang='lat' dir='ltr'><strong>anew;</strong></span> 
     </span>
    </p>
   </div>
   <div class='ocr_carea' id='block_1_84' title="bbox 333 5166 1894 5244">
    <p class='ocr_par' dir='ltr' id='par_1_84' title="bbox 333 5166 1894 5244">
     <span class='ocr_line' id='line_1_84' title="bbox 333 5166 1894 5244; baseline 0.001 -20"><span class='ocrx_word' id='word_1_664' title='bbox 333 5172 476 5224; x_wconf 78' lang='grc' dir='ltr'>Ἀλλ’</span> <span class='ocrx_word' id='word_1_665' title='bbox 509 5174 658 5243; x_wconf 83' lang='grc' dir='ltr'>ὅμως</span> <span class='ocrx_word' id='word_1_666' title='bbox 695 5171 808 5226; x_wconf 76' lang='grc' dir='ltr'>θεοὶ</span> <span class='ocrx_word' id='word_1_667' title='bbox 848 5172 1051 5235; x_wconf 72' lang='grc' dir='ltr'>πολλοὶ,</span> <span class='ocrx_word' id='word_1_668' title='bbox 1088 5172 1180 5223; x_wconf 81' lang='grc' dir='ltr'><strong>καὶ</strong></span> <span class='ocrx_word' id='word_1_669' title='bbox 1219 5171 1315 5242; x_wconf 84' lang='grc' dir='ltr'><strong>οὐχ</strong></span> <span class='ocrx_word' id='word_1_670' title='bbox 1343 5166 1445 5236; x_wconf 77' lang='grc' dir='ltr'>εἷς,</span> <span class='ocrx_word' id='word_1_671' title='bbox 1481 5172 1556 5236; x_wconf 87' lang='grc' dir='ltr'>ὡς</span> <span class='ocrx_word' id='word_1_672' title='bbox 1587 5173 1654 5244; x_wconf 85' lang='grc' dir='ltr'>δὴ</span> <span class='ocrx_word' id='word_1_673' title='bbox 1682 5173 1772 5226; x_wconf 80' lang='grc' dir='ltr'>καὶ</span> <span class='ocrx_word' id='word_1_674' title='bbox 1802 5173 1894 5227; x_wconf 77' lang='grc' dir='ltr'>ἀν-</span> 
     </span>
    </p>
   </div>
   <div class='ocr_carea' id='block_1_85' title="bbox 320 5263 1893 5336">
    <p class='ocr_par' dir='ltr' id='par_1_85' title="bbox 320 5263 1893 5336">
     <span class='ocr_line' id='line_1_85' title="bbox 320 5263 1893 5336; baseline 0.002 -20"><span class='ocrx_word' id='word_1_675' title='bbox 320 5264 560 5334; x_wconf 85' lang='grc' dir='ltr'>θρωποι;</span> <span class='ocrx_word' id='word_1_676' title='bbox 601 5265 738 5319; x_wconf 83' lang='grc' dir='ltr'>Ἀλλ’</span> <span class='ocrx_word' id='word_1_677' title='bbox 768 5267 884 5319; x_wconf 77' lang='grc' dir='ltr'>ἐκεῖ</span> <span class='ocrx_word' id='word_1_678' title='bbox 924 5264 1022 5336; x_wconf 81' lang='grc' dir='ltr'><strong>μὲν</strong></span> <span class='ocrx_word' id='word_1_679' title='bbox 1057 5265 1088 5334; x_wconf 84' lang='grc' dir='ltr'>ἡ</span> <span class='ocrx_word' id='word_1_680' title='bbox 1121 5263 1368 5335; x_wconf 88' lang='grc' dir='ltr'>κοινότης</span> <span class='ocrx_word' id='word_1_681' title='bbox 1399 5263 1462 5318; x_wconf 81' lang='grc' dir='ltr'>τὸ</span> <span class='ocrx_word' id='word_1_682' title='bbox 1493 5264 1551 5318; x_wconf 83' lang='grc' dir='ltr'>ἒν</span> <span class='ocrx_word' id='word_1_683' title='bbox 1590 5265 1700 5336; x_wconf 79' lang='grc' dir='ltr'>ἔχει</span> <span class='ocrx_word' id='word_1_684' title='bbox 1734 5265 1893 5336; x_wconf 86' lang='grc' dir='ltr'>μόνον</span> 
     </span>
    </p>
   </div>
   <div class='ocr_carea' id='block_1_86' title="bbox 319 5353 1895 5428">
    <p class='ocr_par' dir='ltr' id='par_1_86' title="bbox 319 5353 1895 5428">
     <span class='ocr_line' id='line_1_86' title="bbox 319 5353 1895 5428; baseline 0.003 -23"><span class='ocrx_word' id='word_1_685' title='bbox 319 5356 533 5426; x_wconf 76' lang='grc' dir='ltr'>ἐπινοίᾳ</span> <span class='ocrx_word' id='word_1_686' title='bbox 564 5356 839 5428; x_wconf 84' lang='grc' dir='ltr'>θεωρητόν</span> <span class='ocrx_word' id='word_1_687' title='bbox 872 5374 887 5390; x_wconf 81' lang='grc' dir='ltr'><strong>ο</strong></span> <span class='ocrx_word' id='word_1_688' title='bbox 1041 5355 1109 5407; x_wconf 82' lang='grc' dir='ltr'>τὰ</span> <span class='ocrx_word' id='word_1_689' title='bbox 1142 5353 1198 5408; x_wconf 83' lang='grc' dir='ltr'>δὲ</span> <span class='ocrx_word' id='word_1_690' title='bbox 1227 5355 1350 5411; x_wconf 79' lang='grc' dir='ltr'>καθ’</span> <span class='ocrx_word' id='word_1_691' title='bbox 1382 5355 1612 5410; x_wconf 75' lang='grc' dir='ltr'>ἕκαστον</span> <span class='ocrx_word' id='word_1_692' title='bbox 1643 5355 1895 5411; x_wconf 85' lang='grc' dir='ltr'>πλεῖστον</span> 
     </span>
    </p>
   </div>
   <div class='ocr_carea' id='block_1_87' title="bbox 320 5446 1896 5520">
    <p class='ocr_par' dir='ltr' id='par_1_87' title="bbox 320 5446 1896 5520">
     <span class='ocr_line' id='line_1_87' title="bbox 320 5446 1896 5520; baseline 0.002 -21"><span class='ocrx_word' id='word_1_693' title='bbox 320 5446 590 5517; x_wconf 81' lang='grc' dir='ltr'>ἀλλήλων,</span> <span class='ocrx_word' id='word_1_694' title='bbox 621 5449 715 5502; x_wconf 81' lang='grc' dir='ltr'><strong>καὶ</strong></span> <span class='ocrx_word' id='word_1_695' title='bbox 739 5447 817 5518; x_wconf 83' lang='grc' dir='ltr'>τῷ</span> <span class='ocrx_word' id='word_1_696' title='bbox 847 5448 1046 5520; x_wconf 84' lang='grc' dir='ltr'>χρόνῳ,</span> <span class='ocrx_word' id='word_1_697' title='bbox 1077 5449 1172 5503; x_wconf 69' lang='grc' dir='ltr'>καὶ</span> <span class='ocrx_word' id='word_1_698' title='bbox 1198 5449 1311 5512; x_wconf 88' lang='grc' dir='ltr'>τοῖς</span> <span class='ocrx_word' id='word_1_699' title='bbox 1339 5447 1559 5510; x_wconf 85' lang='grc' dir='ltr'>πάθεσι,</span> <span class='ocrx_word' id='word_1_700' title='bbox 1591 5450 1683 5502; x_wconf 71' lang='grc' dir='ltr'><strong>καὶ</strong></span> <span class='ocrx_word' id='word_1_701' title='bbox 1708 5451 1774 5520; x_wconf 82' lang='grc' dir='ltr'>τῇ</span> <span class='ocrx_word' id='word_1_702' title='bbox 1805 5449 1896 5504; x_wconf 83' lang='grc' dir='ltr'>δυ-</span> 
     </span>
    </p>
   </div>
   <div class='ocr_carea' id='block_1_88' title="bbox 318 5540 1894 5612">
    <p class='ocr_par' dir='ltr' id='par_1_88' title="bbox 318 5540 1894 5612">
     <span class='ocr_line' id='line_1_88' title="bbox 318 5540 1894 5612; baseline 0.001 -22"><span class='ocrx_word' id='word_1_703' title='bbox 318 5540 481 5609; x_wconf 66' lang='grc' dir='ltr'>νάμει</span> <span class='ocrx_word' id='word_1_704' title='bbox 517 5541 912 5611; x_wconf 81' lang='grc' dir='ltr'>μεμερισμένα.</span> <span class='ocrx_word' id='word_1_705' title='bbox 964 5542 1154 5608; x_wconf 82' lang='grc' dir='ltr'>Ἡμεῖς</span> <span class='ocrx_word' id='word_1_706' title='bbox 1181 5557 1240 5594; x_wconf 88' lang='grc' dir='ltr'><strong>τε</strong></span> <span class='ocrx_word' id='word_1_707' title='bbox 1269 5541 1378 5612; x_wconf 87' lang='grc' dir='ltr'>γὰρ</span> <span class='ocrx_word' id='word_1_708' title='bbox 1407 5541 1468 5593; x_wconf 81' lang='grc' dir='ltr'><strong>οὐ</strong></span> <span class='ocrx_word' id='word_1_709' title='bbox 1515 5541 1760 5594; x_wconf 82' lang='grc' dir='ltr'>σύνθετοι</span> <span class='ocrx_word' id='word_1_710' title='bbox 1795 5541 1894 5611; x_wconf 84' lang='grc' dir='ltr'>μό-</span> 
     </span>
    </p>
   </div>
   <div class='ocr_carea' id='block_1_89' title="bbox 319 5628 1894 5700">
    <p class='ocr_par' dir='ltr' id='par_1_89' title="bbox 319 5628 1894 5700">
     <span class='ocr_line' id='line_1_89' title="bbox 319 5628 1894 5700; baseline 0.003 -21"><span class='ocrx_word' id='word_1_711' title='bbox 319 5646 434 5689; x_wconf 54' lang='grc' dir='ltr'>νον,</span> <span class='ocrx_word' id='word_1_712' title='bbox 487 5628 621 5681; x_wconf 83' lang='grc' dir='ltr'><strong>ἀλλά</strong></span> <span class='ocrx_word' id='word_1_713' title='bbox 678 5631 772 5682; x_wconf 80' lang='grc' dir='ltr'>καὶ</span> <span class='ocrx_word' id='word_1_714' title='bbox 820 5630 1106 5695; x_wconf 83' lang='grc' dir='ltr'>ἀντίθετοι,</span> <span class='ocrx_word' id='word_1_715' title='bbox 1162 5631 1256 5684; x_wconf 71' lang='grc' dir='ltr'>καὶ</span> <span class='ocrx_word' id='word_1_716' title='bbox 1304 5629 1572 5699; x_wconf 80' lang='grc' dir='ltr'>ἀλλήλοις,</span> <span class='ocrx_word' id='word_1_717' title='bbox 1625 5631 1718 5684; x_wconf 78' lang='grc' dir='ltr'>καὶ</span> <span class='ocrx_word' id='word_1_718' title='bbox 1761 5633 1894 5700; x_wconf 79' lang='grc' dir='ltr'>ἡμῖν</span> 
     </span>
    </p>
   </div>
   <div class='ocr_carea' id='block_1_90' title="bbox 321 5719 1896 5792">
    <p class='ocr_par' dir='ltr' id='par_1_90' title="bbox 321 5719 1896 5792">
     <span class='ocr_line' id='line_1_90' title="bbox 321 5719 1896 5792; baseline 0.001 -21"><span class='ocrx_word' id='word_1_719' title='bbox 321 5719 526 5782; x_wconf 62' lang='grc' dir='ltr'>αὐτοῖς,</span> <span class='ocrx_word' id='word_1_720' title='bbox 566 5719 686 5772; x_wconf 74' lang='grc' dir='ltr'>οὐδὲ</span> <span class='ocrx_word' id='word_1_721' title='bbox 731 5722 822 5772; x_wconf 68' lang='grc' dir='ltr'>ἐπὶ</span> <span class='ocrx_word' id='word_1_722' title='bbox 887 5723 1013 5790; x_wconf 75' lang='grc' dir='ltr'>μιᾶς</span> <span class='ocrx_word' id='word_1_723' title='bbox 1060 5722 1273 5792; x_wconf 72' lang='grc' dir='ltr'>ἡμέρας</span> <span class='ocrx_word' id='word_1_724' title='bbox 1331 5721 1381 5773; x_wconf 86' lang='grc' dir='ltr'>οἱ</span> <span class='ocrx_word' id='word_1_725' title='bbox 1433 5719 1588 5774; x_wconf 64' lang='lat' dir='ltr'><strong>aurci.</strong></span> <span class='ocrx_word' id='word_1_726' title='bbox 1642 5719 1896 5791; x_wconf 80' lang='grc' dir='ltr'>καθαρῶς</span> 
     </span>
    </p>
   </div>
   <div class='ocr_carea' id='block_1_91' title="bbox 1995 3711 3575 3782">
    <p class='ocr_par' dir='ltr' id='par_1_91' title="bbox 1995 3711 3575 3782">
     <span class='ocr_line' id='line_1_91' title="bbox 1995 3711 3575 3782; baseline 0.004 -18"><span class='ocrx_word' id='word_1_727' title='bbox 1995 3711 2179 3780; x_wconf 86' lang='lat' dir='ltr'><strong>Neque</strong></span> <span class='ocrx_word' id='word_1_728' title='bbox 2205 3714 2346 3764; x_wconf 90' lang='lat' dir='ltr'><strong>enim</strong></span> <span class='ocrx_word' id='word_1_729' title='bbox 2369 3713 2468 3766; x_wconf 90' lang='lat' dir='ltr'><strong>hoc</strong></span> <span class='ocrx_word' id='word_1_730' title='bbox 2487 3713 2678 3782; x_wconf 81' lang='lat' dir='ltr'><strong>magis,</strong></span> <span class='ocrx_word' id='word_1_731' title='bbox 2705 3713 2832 3765; x_wconf 88' lang='lat' dir='ltr'><strong>illud</strong></span> <span class='ocrx_word' id='word_1_732' title='bbox 2852 3714 3030 3768; x_wconf 87' lang='lat' dir='ltr'><strong>minus</strong></span> <span class='ocrx_word' id='word_1_733' title='bbox 3050 3724 3133 3768; x_wconf 93' lang='lat' dir='ltr'><strong>est</strong></span> <span class='ocrx_word' id='word_1_734' title='bbox 3155 3715 3291 3767; x_wconf 86' lang='lat' dir='ltr'><strong>Deus</strong></span> <span class='ocrx_word' id='word_1_735' title='bbox 3309 3755 3324 3778; x_wconf 94' lang='lat'><strong>,</strong></span> <span class='ocrx_word' id='word_1_736' title='bbox 3353 3729 3449 3768; x_wconf 89' lang='lat' dir='ltr'><strong>nec</strong></span> <span class='ocrx_word' id='word_1_737' title='bbox 3468 3716 3575 3770; x_wconf 88' lang='lat' dir='ltr'><strong>hoc</strong></span> 
     </span>
    </p>
   </div>
   <div class='ocr_carea' id='block_1_92' title="bbox 1995 3803 3567 3870">
    <p class='ocr_par' dir='ltr' id='par_1_92' title="bbox 1995 3803 3567 3870">
     <span class='ocr_line' id='line_1_92' title="bbox 1995 3803 3567 3870; baseline 0.003 -16"><span class='ocrx_word' id='word_1_738' title='bbox 1995 3804 2163 3868; x_wconf 85' lang='lat' dir='ltr'><strong>prius,</strong></span> <span class='ocrx_word' id='word_1_739' title='bbox 2192 3803 2318 3857; x_wconf 90' lang='lat' dir='ltr'><strong>illud</strong></span> <span class='ocrx_word' id='word_1_740' title='bbox 2357 3803 2775 3870; x_wconf 46' lang='lat' dir='ltr'><strong>posteriusﬂec</strong></span> <span class='ocrx_word' id='word_1_741' title='bbox 2797 3803 3072 3860; x_wconf 84' lang='lat' dir='ltr'><strong>voluntate</strong></span> <span class='ocrx_word' id='word_1_742' title='bbox 3096 3805 3436 3868; x_wconf 89' lang='lat' dir='ltr'><strong>scinduntur,</strong></span> <span class='ocrx_word' id='word_1_743' title='bbox 3469 3821 3567 3859; x_wconf 91' lang='lat' dir='ltr'><strong>nec</strong></span> 
     </span>
    </p>
   </div>
   <div class='ocr_carea' id='block_1_93' title="bbox 1995 3893 3565 3964">
    <p class='ocr_par' dir='ltr' id='par_1_93' title="bbox 1995 3893 3565 3964">
     <span class='ocr_line' id='line_1_93' title="bbox 1995 3893 3565 3964; baseline -0.001 -17"><span class='ocrx_word' id='word_1_744' title='bbox 1995 3895 2235 3962; x_wconf 88' lang='lat' dir='ltr'><strong>potentia</strong></span> <span class='ocrx_word' id='word_1_745' title='bbox 2264 3893 2597 3958; x_wconf 88' lang='lat' dir='ltr'><strong>dividuntur,</strong></span> <span class='ocrx_word' id='word_1_746' title='bbox 2628 3909 2729 3948; x_wconf 89' lang='lat' dir='ltr'><strong>nec</strong></span> <span class='ocrx_word' id='word_1_747' title='bbox 2765 3894 2996 3964; x_wconf 87' lang='lat' dir='ltr'><strong>denique</strong></span> <span class='ocrx_word' id='word_1_748' title='bbox 3021 3895 3315 3964; x_wconf 84' lang='lat' dir='ltr'><strong>quidquam</strong></span> <span class='ocrx_word' id='word_1_749' title='bbox 3354 3910 3565 3960; x_wconf 86' lang='lat' dir='ltr'><strong>eorum,</strong></span> 
     </span>
    </p>
   </div>
   <div class='ocr_carea' id='block_1_94' title="bbox 1994 3984 3570 4056">
    <p class='ocr_par' dir='ltr' id='par_1_94' title="bbox 1994 3984 3570 4056">
     <span class='ocr_line' id='line_1_94' title="bbox 1994 3984 3570 4056; baseline 0.001 -20"><span class='ocrx_word' id='word_1_750' title='bbox 1994 3999 2112 4052; x_wconf 82' lang='lat' dir='ltr'><strong>quae</strong></span> <span class='ocrx_word' id='word_1_751' title='bbox 2135 3984 2366 4040; x_wconf 85' lang='lat' dir='ltr'><strong>dividnis</strong></span> <span class='ocrx_word' id='word_1_752' title='bbox 2398 3985 2563 4039; x_wconf 86' lang='lat' dir='ltr'><strong>rebus</strong></span> <span class='ocrx_word' id='word_1_753' title='bbox 2594 3987 2936 4054; x_wconf 77' lang='lat' dir='ltr'><strong>contingunt,</strong></span> <span class='ocrx_word' id='word_1_754' title='bbox 2984 3988 3073 4041; x_wconf 90' lang='lat' dir='ltr'><strong>hic</strong></span> <span class='ocrx_word' id='word_1_755' title='bbox 3122 4000 3334 4056; x_wconf 90' lang='lat' dir='ltr'><strong>quoque</strong></span> <span class='ocrx_word' id='word_1_756' title='bbox 3362 3987 3570 4056; x_wconf 87' lang='lat' dir='ltr'><strong>reperi-</strong></span> 
     </span>
    </p>
   </div>
   <div class='ocr_carea' id='block_1_95' title="bbox 1993 4072 3569 4142">
    <p class='ocr_par' dir='ltr' id='par_1_95' title="bbox 1993 4072 3569 4142">
     <span class='ocr_line' id='line_1_95' title="bbox 1993 4072 3569 4142; baseline 0.001 -15"><span class='ocrx_word' id='word_1_757' title='bbox 1993 4084 2098 4128; x_wconf 87' lang='lat' dir='ltr'><strong>tur.</strong></span> <span class='ocrx_word' id='word_1_758' title='bbox 2131 4072 2235 4130; x_wconf 89' lang='lat' dir='ltr'><strong>Sed</strong></span> <span class='ocrx_word' id='word_1_759' title='bbox 2255 4075 2521 4128; x_wconf 86' lang='lat' dir='ltr'><strong>individua</strong></span> <span class='ocrx_word' id='word_1_760' title='bbox 2546 4076 2598 4130; x_wconf 93' lang='lat' dir='ltr'><strong>in</strong></span> <span class='ocrx_word' id='word_1_761' title='bbox 2623 4077 2874 4141; x_wconf 88' lang='lat' dir='ltr'><strong>dividuis,</strong></span> <span class='ocrx_word' id='word_1_762' title='bbox 2894 4085 2952 4134; x_wconf 88' lang='grc' dir='ltr'><strong>ιιι</strong></span> <span class='ocrx_word' id='word_1_763' title='bbox 2967 4092 3074 4133; x_wconf 92' lang='lat' dir='ltr'><strong>uno</strong></span> <span class='ocrx_word' id='word_1_764' title='bbox 3097 4080 3260 4132; x_wconf 87' lang='lat' dir='ltr'><strong>verbo</strong></span> <span class='ocrx_word' id='word_1_765' title='bbox 3279 4076 3569 4142; x_wconf 89' lang='lat' dir='ltr'><strong>dicam,cst</strong></span> 
     </span>
    </p>
   </div>
   <div class='ocr_carea' id='block_1_96' title="bbox 1994 4165 3569 4230">
    <p class='ocr_par' dir='ltr' id='par_1_96' title="bbox 1994 4165 3569 4230">
     <span class='ocr_line' id='line_1_96' title="bbox 1994 4165 3569 4230; baseline 0.001 -12"><span class='ocrx_word' id='word_1_766' title='bbox 1994 4165 2265 4230; x_wconf 84' lang='lat' dir='ltr'><strong>divinitas,</strong></span> <span class='ocrx_word' id='word_1_767' title='bbox 2295 4181 2358 4220; x_wconf 89' lang='lat' dir='ltr'><strong>ac</strong></span> <span class='ocrx_word' id='word_1_768' title='bbox 2376 4167 2517 4221; x_wconf 84' lang='lat' dir='ltr'><strong>velut</strong></span> <span class='ocrx_word' id='word_1_769' title='bbox 2542 4167 2595 4221; x_wconf 91' lang='lat' dir='ltr'><strong>in</strong></span> <span class='ocrx_word' id='word_1_770' title='bbox 2627 4168 2798 4222; x_wconf 88' lang='lat' dir='ltr'><strong>tribus</strong></span> <span class='ocrx_word' id='word_1_771' title='bbox 2823 4168 3026 4223; x_wconf 90' lang='lat' dir='ltr'><strong>solibus</strong></span> <span class='ocrx_word' id='word_1_772' title='bbox 3051 4169 3192 4223; x_wconf 91' lang='lat' dir='ltr'><strong>inter</strong></span> <span class='ocrx_word' id='word_1_773' title='bbox 3212 4183 3270 4221; x_wconf 89' lang='lat' dir='ltr'><strong>se</strong></span> <span class='ocrx_word' id='word_1_774' title='bbox 3290 4170 3569 4222; x_wconf 63' lang='lat' dir='ltr'><strong>cohaeren-</strong></span> 
     </span>
    </p>
   </div>
   <div class='ocr_carea' id='block_1_97' title="bbox 1993 4254 3567 4326">
    <p class='ocr_par' dir='ltr' id='par_1_97' title="bbox 1993 4254 3567 4326">
     <span class='ocr_line' id='line_1_97' title="bbox 1993 4254 3567 4326; baseline 0.001 -20"><span class='ocrx_word' id='word_1_775' title='bbox 1993 4254 2138 4308; x_wconf 87' lang='lat' dir='ltr'><strong>titms</strong></span> <span class='ocrx_word' id='word_1_776' title='bbox 2167 4271 2268 4307; x_wconf 89' lang='lat' dir='ltr'><strong>una</strong></span> <span class='ocrx_word' id='word_1_777' title='bbox 2303 4256 2437 4310; x_wconf 90' lang='lat' dir='ltr'><strong>lucis</strong></span> <span class='ocrx_word' id='word_1_778' title='bbox 2470 4257 2774 4311; x_wconf 89' lang='lat' dir='ltr'><strong>commistio</strong></span> <span class='ocrx_word' id='word_1_779' title='bbox 2805 4267 2860 4312; x_wconf 89' lang='lat' dir='ltr'><strong>et</strong></span> <span class='ocrx_word' id='word_1_780' title='bbox 2894 4260 3235 4326; x_wconf 88' lang='lat' dir='ltr'><strong>temperatio.</strong></span> <span class='ocrx_word' id='word_1_781' title='bbox 3266 4256 3399 4311; x_wconf 86' lang='lat' dir='ltr'><strong>Cum</strong></span> <span class='ocrx_word' id='word_1_782' title='bbox 3435 4269 3567 4324; x_wconf 75' lang='lat' dir='ltr'><strong>ergo</strong></span> 
     </span>
    </p>
   </div>
   <div class='ocr_carea' id='block_1_98' title="bbox 1995 4347 3568 4417">
    <p class='ocr_par' dir='ltr' id='par_1_98' title="bbox 1995 4347 3568 4417">
     <span class='ocr_line' id='line_1_98' title="bbox 1995 4347 3568 4417; baseline 0 -18"><span class='ocrx_word' id='word_1_783' title='bbox 1995 4347 2062 4399; x_wconf 85' lang='lat' dir='ltr'><strong>ad</strong></span> <span class='ocrx_word' id='word_1_784' title='bbox 2090 4347 2447 4414; x_wconf 82' lang='lat' dir='ltr'><strong>divinitatem,</strong></span> <span class='ocrx_word' id='word_1_785' title='bbox 2475 4349 2811 4417; x_wconf 88' lang='lat' dir='ltr'><strong>primamque</strong></span> <span class='ocrx_word' id='word_1_786' title='bbox 2853 4349 2996 4404; x_wconf 86' lang='lat' dir='ltr'><strong>illam</strong></span> <span class='ocrx_word' id='word_1_787' title='bbox 3027 4364 3270 4416; x_wconf 85' lang='lat' dir='ltr'><strong>causam,</strong></span> <span class='ocrx_word' id='word_1_788' title='bbox 3303 4349 3568 4414; x_wconf 88' lang='lat' dir='ltr'><strong>uniusque</strong></span> 
     </span>
    </p>
   </div>
   <div class='ocr_carea' id='block_1_99' title="bbox 1992 4439 3568 4509">
    <p class='ocr_par' dir='ltr' id='par_1_99' title="bbox 1992 4439 3568 4509">
     <span class='ocr_line' id='line_1_99' title="bbox 1992 4439 3568 4509; baseline -0.001 -19"><span class='ocrx_word' id='word_1_789' title='bbox 1992 4439 2354 4506; x_wconf 88' lang='lat' dir='ltr'><strong>principatum</strong></span> <span class='ocrx_word' id='word_1_790' title='bbox 2390 4449 2444 4493; x_wconf 91' lang='lat' dir='ltr'><strong>et</strong></span> <span class='ocrx_word' id='word_1_791' title='bbox 2483 4439 2763 4508; x_wconf 85' lang='lat' dir='ltr'><strong>imperium</strong></span> <span class='ocrx_word' id='word_1_792' title='bbox 2815 4441 3239 4509; x_wconf 80' lang='lat' dir='ltr'><strong>respexerimus,</strong></span> <span class='ocrx_word' id='word_1_793' title='bbox 3291 4454 3456 4493; x_wconf 91' lang='lat' dir='ltr'><strong>unum</strong></span> <span class='ocrx_word' id='word_1_794' title='bbox 3484 4448 3568 4491; x_wconf 91' lang='lat' dir='ltr'><strong>est</strong></span> 
     </span>
    </p>
   </div>
   <div class='ocr_carea' id='block_1_100' title="bbox 1994 4530 3564 4598">
    <p class='ocr_par' dir='ltr' id='par_1_100' title="bbox 1994 4530 3564 4598">
     <span class='ocr_line' id='line_1_100' title="bbox 1994 4530 3564 4598; baseline -0.002 -15"><span class='ocrx_word' id='word_1_795' title='bbox 1994 4531 2134 4598; x_wconf 88' lang='lat' dir='ltr'><strong>quod</strong></span> <span class='ocrx_word' id='word_1_796' title='bbox 2151 4530 2342 4583; x_wconf 85' lang='lat' dir='ltr'><strong>mentis</strong></span> <span class='ocrx_word' id='word_1_797' title='bbox 2362 4539 2559 4585; x_wconf 66' lang='lat' dir='ltr'><strong>nostra:</strong></span> <span class='ocrx_word' id='word_1_798' title='bbox 2587 4531 2759 4586; x_wconf 90' lang='lat' dir='ltr'><strong>oculis</strong></span> <span class='ocrx_word' id='word_1_799' title='bbox 2778 4532 3116 4587; x_wconf 87' lang='lat' dir='ltr'><strong>obversatur.</strong></span> <span class='ocrx_word' id='word_1_800' title='bbox 3141 4530 3274 4585; x_wconf 87' lang='lat' dir='ltr'><strong>Cum</strong></span> <span class='ocrx_word' id='word_1_801' title='bbox 3302 4544 3488 4585; x_wconf 88' lang='lat' dir='ltr'><strong>rursus</strong></span> <span class='ocrx_word' id='word_1_802' title='bbox 3501 4531 3564 4580; x_wconf 86' lang='lat' dir='ltr'><strong>ad</strong></span> 
     </span>
    </p>
   </div>
   <div class='ocr_carea' id='block_1_101' title="bbox 1994 4620 3563 4694">
    <p class='ocr_par' dir='ltr' id='par_1_101' title="bbox 1994 4620 3563 4694">
     <span class='ocr_line' id='line_1_101' title="bbox 1994 4620 3563 4694; baseline -0.002 -19"><span class='ocrx_word' id='word_1_803' title='bbox 1994 4636 2078 4683; x_wconf 85' lang='lat' dir='ltr'><strong>ea,</strong></span> <span class='ocrx_word' id='word_1_804' title='bbox 2109 4623 2160 4674; x_wconf 92' lang='lat' dir='ltr'><strong>in</strong></span> <span class='ocrx_word' id='word_1_805' title='bbox 2197 4621 2395 4690; x_wconf 87' lang='lat' dir='ltr'><strong>quibus</strong></span> <span class='ocrx_word' id='word_1_806' title='bbox 2445 4632 2528 4677; x_wconf 90' lang='lat' dir='ltr'><strong>est</strong></span> <span class='ocrx_word' id='word_1_807' title='bbox 2573 4623 2852 4689; x_wconf 88' lang='lat' dir='ltr'><strong>divinitas,</strong></span> <span class='ocrx_word' id='word_1_808' title='bbox 2889 4632 2943 4679; x_wconf 90' lang='lat' dir='ltr'><strong>et</strong></span> <span class='ocrx_word' id='word_1_809' title='bbox 2989 4639 3110 4694; x_wconf 74' lang='lat' dir='ltr'><strong>qua:</strong></span> <span class='ocrx_word' id='word_1_810' title='bbox 3145 4639 3207 4678; x_wconf 77' lang='lat' dir='ltr'><strong>ex</strong></span> <span class='ocrx_word' id='word_1_811' title='bbox 3245 4624 3419 4692; x_wconf 85' lang='lat' dir='ltr'><strong>prima</strong></span> <span class='ocrx_word' id='word_1_812' title='bbox 3477 4620 3563 4673; x_wconf 89' lang='lat' dir='ltr'><strong>illa</strong></span> 
     </span>
    </p>
   </div>
   <div class='ocr_carea' id='block_1_102' title="bbox 1993 4713 3573 4784">
    <p class='ocr_par' dir='ltr' id='par_1_102' title="bbox 1993 4713 3573 4784">
     <span class='ocr_line' id='line_1_102' title="bbox 1993 4713 3573 4784; baseline -0.002 -18"><span class='ocrx_word' id='word_1_813' title='bbox 1993 4727 2190 4776; x_wconf 89' lang='lat' dir='ltr'><strong>causa,</strong></span> <span class='ocrx_word' id='word_1_814' title='bbox 2243 4713 2382 4767; x_wconf 89' lang='lat' dir='ltr'><strong>citra</strong></span> <span class='ocrx_word' id='word_1_815' title='bbox 2423 4713 2588 4768; x_wconf 88' lang='lat' dir='ltr'><strong>ullam</strong></span> <span class='ocrx_word' id='word_1_816' title='bbox 2653 4716 2914 4784; x_wconf 89' lang='lat' dir='ltr'><strong>temporis</strong></span> <span class='ocrx_word' id='word_1_817' title='bbox 2958 4715 3454 4784; x_wconf 86' lang='lat' dir='ltr'><strong>intercapedinem,</strong></span> <span class='ocrx_word' id='word_1_818' title='bbox 3502 4725 3573 4764; x_wconf 89' lang='lat' dir='ltr'><strong>ac</strong></span> 
     </span>
    </p>
   </div>
   <div class='ocr_carea' id='block_1_103' title="bbox 1993 4805 3279 4878">
    <p class='ocr_par' dir='ltr' id='par_1_103' title="bbox 1993 4805 3279 4878">
     <span class='ocr_line' id='line_1_103' title="bbox 1993 4805 3279 4878; baseline 0.002 -21"><span class='ocrx_word' id='word_1_819' title='bbox 1993 4805 2108 4873; x_wconf 87' lang='lat' dir='ltr'><strong>pari</strong></span> <span class='ocrx_word' id='word_1_820' title='bbox 2147 4805 2316 4876; x_wconf 74' lang='lat' dir='ltr'><strong>gloria</strong></span> <span class='ocrx_word' id='word_1_821' title='bbox 2346 4815 2492 4869; x_wconf 86' lang='lat' dir='ltr'><strong>sunt,</strong></span> <span class='ocrx_word' id='word_1_822' title='bbox 2525 4808 2628 4861; x_wconf 91' lang='lat' dir='ltr'><strong>tria</strong></span> <span class='ocrx_word' id='word_1_823' title='bbox 2659 4819 2787 4863; x_wconf 88' lang='lat' dir='ltr'><strong>sunt</strong></span> <span class='ocrx_word' id='word_1_824' title='bbox 2819 4825 2938 4878; x_wconf 67' lang='lat' dir='ltr'><strong>qum</strong></span> <span class='ocrx_word' id='word_1_825' title='bbox 2965 4811 3279 4864; x_wconf 87' lang='lat' dir='ltr'><strong>adorantur.</strong></span> 
     </span>
    </p>
   </div>
   <div class='ocr_carea' id='block_1_104' title="bbox 2227 4893 3567 4972">
    <p class='ocr_par' dir='ltr' id='par_1_104' title="bbox 2227 4893 3567 4972">
     <span class='ocr_line' id='line_1_104' title="bbox 2227 4893 3567 4972; baseline -0.002 -23"><span class='ocrx_word' id='word_1_826' title='bbox 2227 4896 2365 4962; x_wconf 83' lang='lat' dir='ltr'><strong>Quid</strong></span> <span class='ocrx_word' id='word_1_827' title='bbox 2421 4907 2625 4972; x_wconf 79' lang='lat' dir='ltr'><strong>autem,</strong></span> <span class='ocrx_word' id='word_1_828' title='bbox 2657 4899 2894 4952; x_wconf 82' lang='lat' dir='ltr'><strong>dixerint</strong></span> <span class='ocrx_word' id='word_1_829' title='bbox 2929 4898 3183 4961; x_wconf 88' lang='lat' dir='ltr'><strong>fortasse,</strong></span> <span class='ocrx_word' id='word_1_830' title='bbox 3217 4908 3394 4949; x_wconf 90' lang='lat' dir='ltr'><strong>nonne</strong></span> <span class='ocrx_word' id='word_1_831' title='bbox 3422 4893 3567 4960; x_wconf 84' lang='lat' dir='ltr'><strong>apud</strong></span> 
     </span>
    </p>
   </div>
   <div class='ocr_carea' id='block_1_105' title="bbox 1989 4983 3565 5057">
    <p class='ocr_par' dir='ltr' id='par_1_105' title="bbox 1989 4983 3565 5057">
     <span class='ocr_line' id='line_1_105' title="bbox 1989 4983 3565 5057; baseline 0 -18"><span class='ocrx_word' id='word_1_832' title='bbox 1989 4986 2240 5041; x_wconf 90' lang='lat' dir='ltr'><strong>ethnicos</strong></span> <span class='ocrx_word' id='word_1_833' title='bbox 2269 5001 2486 5057; x_wconf 88' lang='lat' dir='ltr'><strong>quoque</strong></span> <span class='ocrx_word' id='word_1_834' title='bbox 2515 4989 2692 5043; x_wconf 91' lang='lat' dir='ltr'><strong>deitas</strong></span> <span class='ocrx_word' id='word_1_835' title='bbox 2723 5003 2828 5043; x_wconf 89' lang='lat' dir='ltr'><strong>una</strong></span> <span class='ocrx_word' id='word_1_836' title='bbox 2865 4999 2969 5052; x_wconf 90' lang='lat' dir='ltr'><strong>est,</strong></span> <span class='ocrx_word' id='word_1_837' title='bbox 3014 4997 3071 5042; x_wconf 91' lang='lat' dir='ltr'><strong>ut</strong></span> <span class='ocrx_word' id='word_1_838' title='bbox 3105 4990 3302 5043; x_wconf 84' lang='lat' dir='ltr'><strong>docent</strong></span> <span class='ocrx_word' id='word_1_839' title='bbox 3337 4985 3429 5054; x_wconf 90' lang='lat' dir='ltr'><strong>qui</strong></span> <span class='ocrx_word' id='word_1_840' title='bbox 3456 4983 3565 5053; x_wconf 82' lang='lat' dir='ltr'><strong>ple-</strong></span> 
     </span>
    </p>
   </div>
   <div class='ocr_carea' id='block_1_106' title="bbox 1992 5074 3562 5150">
    <p class='ocr_par' dir='ltr' id='par_1_106' title="bbox 1992 5074 3562 5150">
     <span class='ocr_line' id='line_1_106' title="bbox 1992 5074 3562 5150; baseline -0.001 -21"><span class='ocrx_word' id='word_1_841' title='bbox 1992 5074 2113 5129; x_wconf 91' lang='lat' dir='ltr'><strong>nius</strong></span> <span class='ocrx_word' id='word_1_842' title='bbox 2140 5077 2279 5145; x_wconf 89' lang='lat' dir='ltr'><strong>apud</strong></span> <span class='ocrx_word' id='word_1_843' title='bbox 2318 5077 2439 5132; x_wconf 92' lang='lat' dir='ltr'><strong>illos</strong></span> <span class='ocrx_word' id='word_1_844' title='bbox 2468 5078 2870 5150; x_wconf 83' lang='lat' dir='ltr'><strong>perfectiusque</strong></span> <span class='ocrx_word' id='word_1_845' title='bbox 2898 5078 3374 5150; x_wconf 86' lang='lat' dir='ltr'><strong>philosophantur,</strong></span> <span class='ocrx_word' id='word_1_846' title='bbox 3396 5084 3562 5144; x_wconf 84' lang='lat' dir='ltr'><strong>atque</strong></span> 
     </span>
    </p>
   </div>
   <div class='ocr_carea' id='block_1_107' title="bbox 1991 5168 3558 5240">
    <p class='ocr_par' dir='ltr' id='par_1_107' title="bbox 1991 5168 3558 5240">
     <span class='ocr_line' id='line_1_107' title="bbox 1991 5168 3558 5240; baseline 0.001 -19"><span class='ocrx_word' id='word_1_847' title='bbox 1991 5168 2130 5236; x_wconf 88' lang='lat' dir='ltr'><strong>apud</strong></span> <span class='ocrx_word' id='word_1_848' title='bbox 2175 5183 2272 5221; x_wconf 85' lang='lat' dir='ltr'><strong>nos</strong></span> <span class='ocrx_word' id='word_1_849' title='bbox 2324 5184 2493 5240; x_wconf 80' lang='lat' dir='ltr'><strong>genus</strong></span> <span class='ocrx_word' id='word_1_850' title='bbox 2561 5172 2897 5238; x_wconf 87' lang='lat' dir='ltr'><strong>universum,</strong></span> <span class='ocrx_word' id='word_1_851' title='bbox 2939 5173 3249 5227; x_wconf 88' lang='lat' dir='ltr'><strong>humanitas</strong></span> <span class='ocrx_word' id='word_1_852' title='bbox 3299 5171 3446 5224; x_wconf 84' lang='lat' dir='ltr'><strong>una?</strong></span> <span class='ocrx_word' id='word_1_853' title='bbox 3494 5169 3558 5222; x_wconf 85' lang='lat' dir='ltr'><strong>Et</strong></span> 
     </span>
    </p>
   </div>
   <div class='ocr_carea' id='block_1_108' title="bbox 1994 5259 3556 5329">
    <p class='ocr_par' dir='ltr' id='par_1_108' title="bbox 1994 5259 3556 5329">
     <span class='ocr_line' id='line_1_108' title="bbox 1994 5259 3556 5329; baseline 0.001 -17"><span class='ocrx_word' id='word_1_854' title='bbox 1994 5268 2172 5313; x_wconf 88' lang='lat' dir='ltr'><strong>tamen</strong></span> <span class='ocrx_word' id='word_1_855' title='bbox 2223 5259 2404 5328; x_wconf 84' lang='lat' dir='ltr'><strong>plures</strong></span> <span class='ocrx_word' id='word_1_856' title='bbox 2445 5271 2572 5317; x_wconf 88' lang='lat' dir='ltr'><strong>sunt</strong></span> <span class='ocrx_word' id='word_1_857' title='bbox 2605 5263 2702 5329; x_wconf 85' lang='lat' dir='ltr'><strong>dii,</strong></span> <span class='ocrx_word' id='word_1_858' title='bbox 2757 5272 2812 5318; x_wconf 91' lang='lat' dir='ltr'><strong>et</strong></span> <span class='ocrx_word' id='word_1_859' title='bbox 2860 5279 2967 5319; x_wconf 90' lang='lat' dir='ltr'><strong>non</strong></span> <span class='ocrx_word' id='word_1_860' title='bbox 3002 5278 3163 5328; x_wconf 86' lang='lat' dir='ltr'><strong>unus,</strong></span> <span class='ocrx_word' id='word_1_861' title='bbox 3201 5264 3343 5317; x_wconf 89' lang='lat' dir='ltr'><strong>sicut</strong></span> <span class='ocrx_word' id='word_1_862' title='bbox 3391 5263 3556 5317; x_wconf 84' lang='lat' dir='ltr'><strong>etiam</strong></span> 
     </span>
    </p>
   </div>
   <div class='ocr_carea' id='block_1_109' title="bbox 1993 5350 3559 5412">
    <p class='ocr_par' dir='ltr' id='par_1_109' title="bbox 1993 5350 3559 5412">
     <span class='ocr_line' id='line_1_109' title="bbox 1993 5350 3559 5412; baseline 0.002 -8"><span class='ocrx_word' id='word_1_863' title='bbox 1993 5350 2147 5404; x_wconf 90' lang='lat' dir='ltr'><strong>multi</strong></span> <span class='ocrx_word' id='word_1_864' title='bbox 2181 5351 2465 5406; x_wconf 88' lang='lat' dir='ltr'><strong>homines?</strong></span> <span class='ocrx_word' id='word_1_865' title='bbox 2496 5352 2565 5406; x_wconf 84' lang='lat' dir='ltr'><strong>At</strong></span> <span class='ocrx_word' id='word_1_866' title='bbox 2599 5353 2707 5410; x_wconf 88' lang='lat' dir='ltr'><strong>illic</strong></span> <span class='ocrx_word' id='word_1_867' title='bbox 2755 5355 3122 5412; x_wconf 87' lang='lat' dir='ltr'><strong>communitas</strong></span> <span class='ocrx_word' id='word_1_868' title='bbox 3154 5355 3415 5409; x_wconf 89' lang='lat' dir='ltr'><strong>unitatem</strong></span> <span class='ocrx_word' id='word_1_869' title='bbox 3459 5353 3559 5408; x_wconf 88' lang='lat' dir='ltr'><strong>ha-</strong></span> 
     </span>
    </p>
   </div>
   <div class='ocr_carea' id='block_1_110' title="bbox 1992 5442 3562 5516">
    <p class='ocr_par' dir='ltr' id='par_1_110' title="bbox 1992 5442 3562 5516">
     <span class='ocr_line' id='line_1_110' title="bbox 1992 5442 3562 5516; baseline 0.002 -20"><span class='ocrx_word' id='word_1_870' title='bbox 1992 5442 2108 5506; x_wconf 88' lang='lat' dir='ltr'><strong>bet,</strong></span> <span class='ocrx_word' id='word_1_871' title='bbox 2138 5459 2258 5512; x_wconf 73' lang='lat' dir='ltr'><strong>qua:</strong></span> <span class='ocrx_word' id='word_1_872' title='bbox 2301 5446 2633 5514; x_wconf 80' lang='lat' dir='ltr'><strong>cogitatione</strong></span> <span class='ocrx_word' id='word_1_873' title='bbox 2665 5447 2780 5502; x_wconf 88' lang='lat' dir='ltr'><strong>sola</strong></span> <span class='ocrx_word' id='word_1_874' title='bbox 2830 5448 3170 5513; x_wconf 80' lang='lat' dir='ltr'><strong>considerari</strong></span> <span class='ocrx_word' id='word_1_875' title='bbox 3207 5445 3376 5516; x_wconf 88' lang='lat' dir='ltr'><strong>possit</strong></span> <span class='ocrx_word' id='word_1_876' title='bbox 3408 5467 3419 5502; x_wconf 91' lang='lat'><strong>:</strong></span> <span class='ocrx_word' id='word_1_877' title='bbox 3450 5446 3562 5500; x_wconf 87' lang='lat' dir='ltr'><strong>sin-</strong></span> 
     </span>
    </p>
   </div>
   <div class='ocr_carea' id='block_1_111' title="bbox 1996 5536 3564 5608">
    <p class='ocr_par' dir='ltr' id='par_1_111' title="bbox 1996 5536 3564 5608">
     <span class='ocr_line' id='line_1_111' title="bbox 1996 5536 3564 5608; baseline 0.004 -21"><span class='ocrx_word' id='word_1_878' title='bbox 1996 5536 2200 5602; x_wconf 80' lang='lat' dir='ltr'><strong>gularia</strong></span> <span class='ocrx_word' id='word_1_879' title='bbox 2240 5544 2447 5601; x_wconf 89' lang='lat' dir='ltr'><strong>autem,</strong></span> <span class='ocrx_word' id='word_1_880' title='bbox 2478 5548 2533 5594; x_wconf 94' lang='lat' dir='ltr'><strong>et</strong></span> <span class='ocrx_word' id='word_1_881' title='bbox 2568 5548 2834 5608; x_wconf 91' lang='lat' dir='ltr'><strong>tempore,</strong></span> <span class='ocrx_word' id='word_1_882' title='bbox 2873 5549 2928 5596; x_wconf 86' lang='lat' dir='ltr'><strong>et</strong></span> <span class='ocrx_word' id='word_1_883' title='bbox 2969 5538 3362 5603; x_wconf 82' lang='lat' dir='ltr'><strong>affectionibus,</strong></span> <span class='ocrx_word' id='word_1_884' title='bbox 3403 5546 3564 5606; x_wconf 81' lang='lat' dir='ltr'><strong>atque</strong></span> 
     </span>
    </p>
   </div>
   <div class='ocr_carea' id='block_1_112' title="bbox 1995 5629 3560 5703">
    <p class='ocr_par' dir='ltr' id='par_1_112' title="bbox 1995 5629 3560 5703">
     <span class='ocr_line' id='line_1_112' title="bbox 1995 5629 3560 5703; baseline 0.001 -21"><span class='ocrx_word' id='word_1_885' title='bbox 1995 5629 2133 5684; x_wconf 73' lang='lat' dir='ltr'><strong>adeo</strong></span> <span class='ocrx_word' id='word_1_886' title='bbox 2169 5630 2407 5700; x_wconf 87' lang='lat' dir='ltr'><strong>potentia</strong></span> <span class='ocrx_word' id='word_1_887' title='bbox 2436 5641 2488 5685; x_wconf 89' lang='lat' dir='ltr'><strong>et</strong></span> <span class='ocrx_word' id='word_1_888' title='bbox 2530 5633 2783 5689; x_wconf 80' lang='lat' dir='ltr'><strong>facultate</strong></span> <span class='ocrx_word' id='word_1_889' title='bbox 2811 5632 3106 5703; x_wconf 87' lang='lat' dir='ltr'><strong>plurimum</strong></span> <span class='ocrx_word' id='word_1_890' title='bbox 3135 5632 3278 5688; x_wconf 87' lang='lat' dir='ltr'><strong>inter</strong></span> <span class='ocrx_word' id='word_1_891' title='bbox 3305 5645 3365 5687; x_wconf 87' lang='lat' dir='ltr'><strong>se</strong></span> <span class='ocrx_word' id='word_1_892' title='bbox 3389 5629 3560 5685; x_wconf 87' lang='lat' dir='ltr'><strong>divisa</strong></span> 
     </span>
    </p>
   </div>
   <div class='ocr_carea' id='block_1_113' title="bbox 1996 5719 3560 5791">
    <p class='ocr_par' dir='ltr' id='par_1_113' title="bbox 1996 5719 3560 5791">
     <span class='ocr_line' id='line_1_113' title="bbox 1996 5719 3560 5791; baseline -0.002 -15"><span class='ocrx_word' id='word_1_893' title='bbox 1996 5730 2143 5776; x_wconf 81' lang='lat' dir='ltr'><strong>sunt.</strong></span> <span class='ocrx_word' id='word_1_894' title='bbox 2197 5721 2328 5775; x_wconf 81' lang='lat' dir='ltr'><strong>Nam</strong></span> <span class='ocrx_word' id='word_1_895' title='bbox 2377 5737 2492 5788; x_wconf 88' lang='lat' dir='ltr'><strong>nos,</strong></span> <span class='ocrx_word' id='word_1_896' title='bbox 2524 5738 2628 5778; x_wconf 89' lang='lat' dir='ltr'><strong>non</strong></span> <span class='ocrx_word' id='word_1_897' title='bbox 2673 5723 2847 5780; x_wconf 90' lang='lat' dir='ltr'><strong>solum</strong></span> <span class='ocrx_word' id='word_1_898' title='bbox 2889 5722 3170 5791; x_wconf 86' lang='lat' dir='ltr'><strong>compositi</strong></span> <span class='ocrx_word' id='word_1_899' title='bbox 3227 5735 3434 5787; x_wconf 86' lang='lat' dir='ltr'><strong>sumus,</strong></span> <span class='ocrx_word' id='word_1_900' title='bbox 3467 5719 3560 5774; x_wconf 85' lang='lat' dir='ltr'><strong>sed</strong></span> 
     </span>
    </p>
   </div>
  </div>
