4030 6222
461 322 559 385 831

1693 312 2072 375 EU'I‘HYMII
2114 315 2472 377 ZIGABENI

3594 324 3694 389 812

462 437 649 497 etiam,
696 444 807 486 tum
843 434 987 487 inter
1010 450 1107 487 nos
1132 441 1342 496 mutuo,
1377 440 1487 484 tum
1520 428 1674 481 nobis
1702 431 1862 481 etiam
1896 427 2025 494 ipsis

2142 428 2426 495 μένοντες,
2490 427 2565 497 μὴ
2622 426 2700 479 ὅτι
2768 428 2859 481 τὸν
2919 428 3136 482 ἅπαντα
3205 429 3340 498 βίου’
3394 431 3530 485 ἀλλὰ
3609 442 3697 488 καὶ

462 525 734 593 oppositi;
786 536 841 579 ut
878 526 968 593 qui
1030 541 1095 577 ne
1157 524 1319 575 unius
1368 521 1589 589 quidem
1647 520 1755 573 diei
1826 520 2024 587 Spatia,

466 621 663 670 tardum
686 600 854 670 tutum
876 618 998 668 vitm
1015 615 1307 674 curriculo,
1330 615 1487 680 plane
1509 609 1669 663 iidem
1689 627 2026 673 maneamus,

467 719 650 755 \t.'|'l|lll
683 712 735 755 ct
760 704 1103 770 corporibus,
1158 712 1211 754 et
1242 702 1457 766 animis,
1493 711 1754 770 perpetuo
1808 700 2022 753 diﬂlua-

466 814 586 847 lllllS
648 805 701 848 et
754 796 1124 847 intmutcmur.
1183 796 1520 861 Atqnebaud
1548 794 1682 856 scio,
1725 809 1853 845 nttnt
1887 794 2025 846 idem

464 900 680 952 quoque
716 885 768 937 in
812 885 1018 951 angelis
1072 887 1246 935 locum
1283 885 1497 946 habeat,
1528 897 1591 935 ac
1621 884 1673 934 in
1738 881 1886 934 omni
1934 881 2026 934 illa

2136 519 2348 588 σώματι
2380 520 2471 571 καὶ
2494 521 2692 589 ψυχαῖς
2719 523 2803 574 ἀεὶ
2838 524 3051 591 ρἐντές
3088 539 3147 575 τε
3182 526 3275 575 καὶ
3333 528 3695 592 μεταπίπτον-

2134 626 2244 669 τες.
2290 611 2405 661 Οὐκ
2461 608 2581 662 οἶδα
2626 612 2704 675 δὲ,
2770 612 2820 663 εἰ
2871 613 2945 681 μὴ
2991 618 3083 664 καὶ
3128 614 3376 680 ἄγγελοι,
3414 616 3508 665 καὶ
3547 619 3693 668 πᾶσα

2137 703 2296 769 φύσις
2332 702 2523 768 ήᾶνω,
2570 706 2660 754 καὶ
2688 705 2825 771 μετὰ
2860 703 2958 773 τὴν
2991 705 3214 772 Τριάδα,
3242 705 3338 757 κᾶν
3370 706 3531 758 ἁπλοῖ
3561 725 3697 771 τινες

2136 785 2261 854 ὦσι,
2302 791 2557 859 καὶπρὸς
2605 793 2665 844 τὸ
2703 793 2865 845 καλὸν
2924 796 3284 865 παγιώτεροι,
3348 800 3414 866 τῇ
3456 800 3587 866 πρὸς
3642 801 3700 851 τὸ

2136 884 2307 951 ἄκρον
2333 884 2495 935 καλὸν
2528 885 2811 952 ἐγγύτητι.

464 984 672 1037 C(Blcsli
703 991 917 1041 natura,
954 996 1007 1035 et
1040 982 1292 1035 Triniati
1322 968 1600 1051 proxima;
1634 982 1845 1033 tametsi
1877 980 2079 1048 alioqui
2113 982 2344 1050 simplici
2374 982 2605 1050 quadam
2642 994 2833 1039 natura
2868 986 3077 1056 praediti
3104 986 3233 1050 sint,
3260 1002 3423 1057 atque
3462 989 3532 1041 ob
3565 991 3701 1043 rici-

463 1080 689 1132 nitatcm
728 1096 866 1141 ratu,
900 1093 1059 1143 quam
1090 1078 1153 1128 ad
1178 1090 1446 1127 sumntum
1484 1076 1681 1125 bonum
1727 1074 1946 1135 habent,
1984 1074 2039 1126 in
2074 1075 2271 1127 bonum
2302 1074 2509 1125 ﬁrmius
2536 1076 2714 1129 detixi.

532 1171 647 1224 Jam
708 1174 839 1225 deos
894 1174 1032 1231 illus,
1104 1188 1236 1237 quos
1271 1170 1473 1223 ethnici
1521 1170 1725 1232 colunt,
1795 1183 1857 1220 ac
1918 1168 2027 1219 dic-

466 1280 680 1324 tnoncs,
713 1274 769 1316 ut
798 1264 1009 1331 ipsimet
1044 1274 1257 1322 vocant,
1331 1263 1462 1314 nihil
1505 1278 1532 1313 a
1592 1262 1750 1313 nobis
1785 1259 2027 1313 accusiri

465 1372 686 1408 necesse
713 1366 817 1415 cst,
851 1372 972 1406 cmu
999 1370 1025 1405 a
1054 1355 1280 1406 suismet
1315 1354 1581 1423 theologis
1612 1356 2029 1413 cunviucantur,

465 1460 625 1512 quam
680 1445 837 1496 laedis
871 1444 1157 1497 all‘ectibus
1200 1445 1444 1509 obnoxii,
1492 1459 1653 1511 quam
1732 1444 2027 1497 tttrbulenti

465 1543 589 1591 suit,
630 1538 759 1595 quot
792 1527 942 1577 malis
971 1537 1234 1586 st'atcmit,
1262 1538 1391 1591 quid
1426 1528 1749 1580 mutationes
1780 1538 2025 1593 suueant,

464 1632 621 1684 atque
654 1633 759 1670 non
791 1625 977 1667 mutuo
1014 1614 1184 1667 solum
1232 1617 1370 1667 inter
1399 1632 1477 1679 se,
1513 1618 1605 1668 sed
1637 1616 1801 1670 etiam
1837 1616 2027 1684 primis

465 1712 571 1763 illis
602 1710 782 1761 causis
812 1709 1183 1766 adversentur,
1214 1722 1348 1773 quos
1370 1705 1633 1769 Oceanos,
1660 1717 1710 1759 et
1748 1705 2025 1770 Tethidas,

465 1814 513 1851 et
552 1800 844 1861 Phanetas,
885 1809 939 1852 et
988 1798 1169 1851 nescio
1202 1812 1306 1865 quo
1336 1797 1443 1851 alio
1470 1798 1683 1850 nomine
1718 1797 2025 1866 appellant;

465 1904 529 1939 :c
566 1897 835 1955 postremo
890 1887 1053 1939 Deum
1087 1886 1371 1949 quemdam
1413 1887 1480 1939 ob
1514 1885 1854 1953 principatus
1880 1900 2034 1938 amo-

473 1994 582 2029 rem
619 1978 799 2029 liberis
828 1976 939 2030 suis
985 1976 1259 2041 infestum,
1299 1985 1461 2043 atque
1515 1975 1648 2028 alios
1691 1988 1879 2028 omnes
1922 1987 2032 2042 pra:

471 2068 773 2132 ἱιερχμινιιῖΙί
820 2066 1113 2133 cupiditate
1164 2066 1531 2127 devorantem,
1558 2075 1614 2118 ut
1651 2074 1701 2118 et
1754 2065 2030 2118 hominum

468 2160 707 2209 oinnium
754 2156 912 2208 Pater
948 2156 1040 2217 sit,
1070 2165 1123 2210 et
1154 2157 1400 2219 deorum,
1448 2170 1582 2224 quos
1623 2156 1819 2209 misere
1847 2169 2033 2208 come-

469 2248 629 2308 derit,
664 2256 717 2298 ct
764 2245 1085 2299 evomuerit.
1134 2246 1286 2310 Quod
1322 2248 1367 2298 si
1409 2246 1524 2298 lucc
1578 2245 1700 2313 ipsi,
1732 2253 1789 2297 ut
1824 2258 2031 2298 sermo-

468 2338 555 2390 nis
599 2336 985 2404 turpitudinem
1038 2336 1268 2405 l'ugiant,
1312 2334 1579 2396 fabulosa,
1624 2344 1788 2404 atque
1838 2334 2037 2403 allego-

469 2430 583 2483 riro
634 2444 793 2483 sensu
836 2430 1243 2497 interpretanda
1288 2444 1409 2483 esse
1458 2427 1857 2491 contenderim,
1909 2428 2035 2496 quid

472 2522 684 2573 tandem
711 2520 775 2573 ad
803 2520 930 2573 illud
951 2520 1149 2585 dicent,
1171 2519 1433 2587 trifariam
1455 2519 1629 2571 omnia
1652 2519 1815 2570 divisa
1840 2533 1949 2571 esse
1994 2526 2033 2579 ι,

469 2612 745 2679 aliumque
788 2611 875 2664 alii
917 2610 1149 2678 cuipiam
1201 2610 1347 2664 orbis
1381 2610 1516 2678 parti
1570 2621 1821 2677 prmesse,
1876 2613 2037 2674 atque

470 2717 523 2756 ct
555 2704 792 2758 materiis
838 2713 890 2758 et
933 2702 1286 2771 dignitatibus
1340 2701 1623 2755 distinctos
1655 2698 1815 2751 esse?
1841 2696 1909 2749 At
1937 2712 2037 2749 no-

470 2806 596 2848 strm
631 2795 886 2847 doctrina:
927 2809 1030 2847 non
1077 2793 1265 2847 eadem
1311 2802 1395 2845 est
1429 2791 1601 2855 ratio;
1634 2804 1731 2843 nec
1771 2804 1895 2857 pars
1926 2788 2038 2841 lucc

472 2885 658 2946 Jacoi),
696 2896 754 2938 ut
804 2886 977 2953 inquit
1027 2900 1178 2940 meus
1246 2884 1527 2952 theologus
1572 2886 1612 2934 ’.
1678 2880 1781 2934 Sed
1844 2880 2033 2933 horum

472 2977 745 3045 quodlibet
779 2977 1036 3029 unitatem
1065 2977 1244 3037 habet,
1274 2990 1377 3027 non
1408 2973 1584 3025 minus
1614 2972 1751 3039 ejus,
1779 2985 1899 3025 cum
1929 2984 2035 3038 quo

473 3064 860 3133 conjungitur,
918 3080 1080 3132 quam
1149 3063 1403 3129 suiipsius
1482 3070 1761 3127 respectu,
1812 3069 2033 3127 propter

2142 3058 2240 3127 τῆς
2269 3058 2513 3122 ὲνώσεως
2541 3060 2715 3129 λόγος,
2762 3064 2885 3115 ὅσον
2930 3065 3014 3132 ἐφ’
3044 3060 3126 3127 οἷς

473 3157 722 3209 essentia:
751 3164 805 3207 et
837 3156 1087 3223 potentize
1132 3154 1491 3207 identitatem.
1534 3154 1707 3220 Atque
1736 3152 1848 3205 hmc
1877 3153 2033 3205 unio-

478 3248 561 3300 nis
602 3248 757 3312 hujus
807 3247 941 3299 ratio
976 3256 1077 3307 est,
1112 3255 1372 3314 quintum
1415 3244 1630 3311 quidem
1667 3243 1765 3311 ipsi
1802 3242 2033 3310 percipi-

478 3354 617 3390 mus.
649 3340 720 3390 Ac
761 3339 801 3389 si
842 3337 1057 3405 quidem
1097 3339 1248 3388 lirma
1275 3347 1353 3389 est
1390 3337 1501 3389 hanc
1529 3334 1686 3395 ratio,
1713 3334 1819 3386 Deo
1843 3334 1910 3387 ob
1942 3335 2039 3386 litt-

992 3502 1072 3555 Ex
1096 3502 1279 3555 eadem
1301 3500 1559 3552 oratione.

567 3640 848 3707 Quodnam
906 3637 1050 3689 enim
1081 3646 1163 3690 est
1201 3636 1302 3687 hoc
1332 3641 1717 3703 argumentum
1746 3631 1769 3684 ?
1798 3631 1894 3696 Ea,
1926 3644 2047 3699 qua:

481 3743 717 3814 ejusdem
769 3739 1017 3794 cssentiae
1106 3747 1265 3803 sunt,
1314 3743 1810 3801 connumerantur,
1868 3735 2045 3803 inquis

481 3830 1031 3903 (connumerationcm
1059 3828 1313 3879 videlicet
1353 3825 1630 3895 appellans
1678 3826 1728 3877 in
1762 3841 2043 3878 numerum

479 3935 643 3973 unum
878 3916 1355 3987 contractionem),
1389 3932 1508 3986 qua:
1542 3926 1722 3969 autem
1771 3915 2042 3983 disparem

479 4014 839 4067 substantiam
874 4012 1095 4075 habent,
1124 4009 1350 4063 minime
1379 4019 1859 4062 connumerantur.
1890 4006 2044 4061 Unde

482 4119 576 4155 vos
627 4104 842 4171 quidem
902 4119 969 4156 ex
1028 4116 1092 4155 eo
1128 4100 1264 4155 elabi
1311 4115 1415 4152 non
1467 4098 1711 4167 potestis,
1742 4098 1871 4166 quin
1897 4096 2045 4165 juxta

483 4193 622 4245 hanc
670 4193 953 4256 rationem,
1003 4201 1114 4246 tres
1168 4193 1296 4246 deos
1326 4190 1605 4245 asseratis.
1652 4188 1818 4244 Nobis
1866 4201 2044 4244 autem

482 4282 685 4335 nullum
723 4282 827 4336 tale
861 4282 1156 4352 periculum
1187 4284 1449 4337 imminet.
1483 4282 1595 4336 Non
1642 4282 1782 4335 enim
1813 4298 1875 4337 ea
1915 4298 2047 4337 con-

2210 1168 2277 1220 Οἴ
2332 1185 2391 1221 τε
2444 1171 2574 1239 παρ’
2612 1171 2879 1239 Ἑλλήνων
2956 1172 3238 1242 σεϐόμενοι
3308 1177 3420 1228 θεοί
3475 1195 3534 1230 τε
3605 1184 3699 1233 καὶ

2136 1258 2409 1326 δαίμονες,
2435 1260 2509 1319 ὡς
2530 1260 2687 1312 αὐτοὶ
2740 1261 3012 1328 λέγουσιν,
3086 1264 3237 1317 οὐδὲν
3284 1266 3443 1335 ἡμῶν
3488 1269 3697 1324 δέονται

2139 1350 2482 1419 κατηγόρων,
2522 1351 2657 1402 ἀλλὰ
2684 1354 2797 1415 τοῖς
2821 1354 2972 1421 σφῶν
2998 1356 3179 1409 αὐτῶν
3207 1358 3525 1412 ἁλίσκονται
3584 1359 3700 1413 θεο-

2137 1442 2314 1507 λόγοις
2359 1441 2435 1502 ὼς
2467 1442 2565 1510 μὲν
2612 1444 2903 1511 ἐμπαθεῖς,
2958 1445 3033 1508 ὡς
3082 1448 3139 1501 δὲ
3178 1448 3519 1512 στασιώδεις,
3562 1451 3703 1503 ὅσων

2131 1526 2184 1579 δὲ
2230 1527 2413 1581 κακῶν
2458 1527 2740 1597 γέμοντες,
2791 1528 2886 1581 καὶ
2927 1528 3267 1598 μεταϐολῶν·
3311 1528 3406 1581 καὶ
3451 1529 3513 1580 οὐ
3568 1527 3702 1597 πρὸς

2128 1616 2393 1685 ἀλλήλους
2444 1617 2625 1686 μόνον,
2655 1617 2788 1670 ἀλλὰ
2820 1617 2913 1671 καὶ
2956 1618 3089 1688 πρὸς
3132 1618 3231 1681 τὰς
3265 1618 3484 1687 πρώτας
3525 1619 3704 1682 αίτίας

2131 1706 2424 1768 ἀντιθέτως
2471 1706 2713 1775 ἔχοντες·
2756 1706 2850 1770 οὓς
2887 1708 2952 1777 δὴ
3130 1710 3221 1762 καὶ
3266 1710 3577 1772 Ὠκεανοὺς,
3610 1711 3701 1763 καὶ

2131 1794 2371 1865 Τηθύας,
2409 1796 2503 1848 καλ⁸
2550 1796 2801 1865 Φάνητας
2831 1838 2849 1862 ,
3000 1797 3095 1849 καὶ
3138 1798 3239 1849 οὐκ
3282 1795 3401 1851 οἶδα
3450 1797 3702 1859 οὕστινας

2130 1884 2456 1955 ὀνομάζουσι
2480 1900 2493 1913 ’
2530 1886 2625 1937 καὶ
2652 1885 2961 1938 τελευταῖόν
2994 1903 3116 1938 τινα
3161 1886 3285 1938 Θεὸν
3489 1889 3702 1957 μισότε-

2131 1992 2257 2028 κνον
2287 1975 2375 2027 διὰ
2402 1974 2713 2046 φιλαρχίαν,
2741 1975 2949 2038 πάντας
2968 1977 3334 2030 καταπίνοντα
3360 1979 3488 2040 τοὺς
3513 1978 3700 2043 ἄλλους

2133 2066 2192 2130 ἐξ
2235 2067 2557 2136 ἀπληστίας,
2607 2067 2692 2119 ἵνα
2737 2067 2961 2138 γένηται
3000 2068 3216 2121 πάντων
3241 2068 3450 2138 ἀνδρῶν
3474 2087 3533 2122 τε
3564 2074 3698 2125 θεῶν

2132 2175 2192 2210 τε
2222 2159 2424 2229 πατὴρ,
2450 2158 2728 2227 δυστυχῶς
2768 2159 3093 2229 ἐσθιομένων
3134 2159 3229 2213 καὶ
3274 2160 3611 2229 ἐμουμένων.
3642 2161 3699 2212 ΕΞ

2134 2248 2387 2301 δὲταῦτα
2419 2248 2599 2318 μῦθοι,
2637 2250 2731 2302 καὶ
2775 2250 3018 2302 ὑπόνοιαί
3045 2267 3210 2316 τινες,
3255 2251 3331 2310 ὡς
3364 2250 3517 2303 αὐτοί
3552 2268 3702 2319 φασι,

2134 2337 2195 2389 τὺ
2238 2337 2481 2408 αίσχρὺνὶ-
2509 2336 2603 2390 τοῦ
2648 2339 2805 2406 λόγου
2847 2339 3335 2410 διαδιδράσκοντες,
3375 2341 3428 2393 τί
3477 2342 3705 2411 φήσουσι

2136 2428 2273 2498 πρὸς
2306 2429 2387 2490 τὸ,
2421 2429 2629 2496 Τριχθὰ
2665 2429 2733 2482 δὲ
2770 2430 2965 2483 πάντα
2993 2430 3300 2497 δέδασται,
3333 2432 3512 2485 καὶτὸ
3546 2431 3704 2499 ἄλλον

2136 2518 2279 2587 ἄλλῳ
2322 2519 2428 2571 τινὶ
2469 2518 2577 2571 τῶν
2629 2520 2796 2574 ὄντων
2839 2522 3168 2586 ἐπιστατεῖν,
3213 2521 3577 2592 διηρημένους
3612 2524 3707 2574 καὶ

2135 2609 2253 2670 ταῖς
2283 2605 2435 2670 ὕλαις
2468 2638 2484 2664 ι
2623 2610 2715 2662 καὶ
2740 2614 2852 2673 τοῖς
2896 2611 3203 2682 ἀξιώμασι;
3234 2613 3310 2665 Τὸ
3336 2613 3392 2665 δὲ
3420 2614 3707 2685 ἡμέτερον,

2136 2696 2198 2747 οὺ
2228 2695 2463 2749 τοιοῦτον
2482 2712 2495 2725 ⁸
2526 2698 2681 2751 Οὐδὲ
2704 2700 2856 2766 αὕτη
2882 2700 3048 2769 μερὶς
3064 2700 3143 2765 τῷ
3169 2701 3379 2756 Ἰακὼὸ
3395 2702 3527 2773 (99).
3548 2705 3713 2773 φησὶν

2137 2786 2166 2837 ό
2218 2786 2348 2855 ἐμὸς
2393 2786 2672 2856 θεολόγοςο
2724 2789 2860 2842 ἀλλὰ
2911 2791 2971 2843 τὸ
3018 2790 3076 2843 ἓν
3124 2790 3353 2844 ἕκαστον
3397 2792 3578 2845 αὐτῶν
3603 2794 3711 2861 ἔχει

2142 2878 2276 2948 πρὸς
2304 2879 2364 2931 τὸ
2410 2882 2788 2951 συγκείμενον,
2826 2884 2924 2954 οὐχ
2968 2880 3130 2955 ἦττον
3175 2886 3205 2954 ἢ
3248 2886 3382 2956 πρὸς
3425 2886 3604 2944 ἑαυτὸ.
3636 2886 3713 2955 τῷ

2141 2967 2323 3037 ταυτῷ
2361 2968 2461 3038 τῆς
2511 2971 2699 3033 οὐσίας
2747 2973 2840 3024 καὶ
2876 2974 2973 3042 τῆς
3010 2974 3310 3044 δυνάμεως.
3353 2975 3466 3028 Καὶ
3497 2968 3651 3037 οὗτος
3683 2976 3715 3029 ὸ

3266 3067 3424 3134 ἡμεῖς
3462 3067 3712 3134 κατειλήο

2144 3167 2341 3220 φαμεν.
2388 3152 2451 3203 El
2489 3154 2584 3221 μὲν
2613 3150 2705 3206 οὖν
2739 3156 2955 3225 ἰσχυρὸς
2999 3151 3153 3219 οὗτος
3185 3158 3214 3207 ὁ
3263 3156 3440 3225 λόγος,
3482 3158 3562 3226 τῷ
3598 3156 3717 3227 θεῷ

2143 3242 2302 3310 χάρις
2329 3243 2425 3312 τῆς
2457 3243 2717 3315 θεωρίας’
2754 3248 2801 3299 εί
2842 3247 2899 3299 δὲ
2942 3246 3039 3319 μὴ,
3088 3248 3339 3319 ζητῶμεν
3361 3249 3454 3303 τὸν
3499 3250 3716 3319 ίσχυρόι

2142 3348 2316 3394 τερον.

2582 3499 2684 3552 Ἐκ
2720 3501 2825 3553 τοῦ
2872 3502 3058 3554 αὐτοῦ
3096 3505 3306 3570 λόγου.

2236 3636 2331 3699 Τίς
2349 3637 2457 3709 γάρ
2476 3636 2537 3707 δὴ
2556 3636 2647 3689 καὶ
2683 3639 2710 3690 ό
2732 3638 2920 3707 λόγος;
2954 3640 3035 3691 Τά
3080 3638 3336 3707 ὀμοούσια
3374 3640 3720 3709 συναριθμεῖ-

2156 3729 2392 3797 ται.φῂς
2446 3730 2865 3799 (συναρίθμησιν
2903 3730 3074 3798 λέγων
3119 3732 3218 3801 τὴν
3263 3733 3343 3793 είς
3375 3731 3616 3799 ἀριθμὸν
3635 3733 3723 3784 ἕνα

2160 3819 2517 3889 συναίρεσιν)·
2566 3820 2625 3871 οὐ
2651 3821 3067 3890 συναριθμεῖται
3104 3821 3162 3874 δὲ
3206 3821 3274 3874 τὰ
3310 3822 3385 3891 μὴ
3436 3822 3723 3890 όμοούσια.

2162 3911 2325 3963 Ὠστε
2347 3913 2502 3980 ὑμεῖς
2527 3910 2629 3978 μὲν
2671 3913 2729 3964 οὺ
2781 3912 3047 3981 φεύξεσθε
3090 3913 3149 3965 τὸ
3173 3912 3357 3980 λέγειν
3399 3914 3550 3981 τρεῖς
3571 3912 3723 3971 θεοὺς

2156 4000 2297 4054 κατὰ
2334 4001 2424 4053 τὸν
2443 4000 2602 4069 λόγον
2615 4003 2823 4056 τοῦτονο
2848 4005 2983 4073 ἡμῖν
3005 4004 3060 4056 δὲ
3081 4004 3199 4057 οὐδὲ
3222 4000 3302 4064 εἷς
3351 4003 3622 4065 κίνδυνος·
3656 4006 3716 4058 οὗ

2156 4094 2266 4163 γὰρ
2286 4094 2550 4163 όμοούσια
2563 4094 2814 4165 λέγομεν.
2836 4098 2907 4149 Σὺ
2929 4097 3029 4165 μὲν
3044 4096 3137 4150 οὖν
3158 4096 3472 4161 ἀπήλλαξας
3487 4099 3715 4149 σεαυτὸν

2156 4190 2495 4261 πραγμάτων
2516 4191 2613 4261 μιᾷ
2628 4192 2799 4259 φωνῇ,
2817 4191 3015 4261 καὶτὴν
3033 4193 3211 4262 κακὴν
3230 4190 3384 4259 νίκην
3402 4191 3720 4261 νενίκηκας·

2153 4282 2338 4351 ὅμοιόν
2357 4300 2410 4335 τι
2432 4283 2665 4353 ποιήσας
2692 4286 2803 4346 τοῖς
2820 4284 2908 4336 διὰ
2929 4285 3160 4337 θανάτου
3202 4284 3366 4353 φόϐον
3392 4282 3716 4352 ἀπαγχομέ-

482 4370 859 4424 substantialia
909 4386 1031 4426 esse
1087 4371 1423 4440 profitemur.
1472 4372 1835 4440 ltesiiondeo:
1879 4370 2036 4426 Unica

2154 4393 2286 4437 νοις.
2310 4376 2431 4428 ἰνα
2448 4376 2555 4445 γὰρ
2594 4376 2668 4445 μὴ
2696 4376 2882 4447 κάμῃς
2924 4379 2987 4446 τῇ
3011 4375 3280 4446 μοναρχίᾳ
3302 4376 3721 4442 συνιστάμενος,

482 4476 616 4516 voce
672 4463 900 4532 teipsum
961 4464 1176 4533 negotio
1219 4479 1283 4517 ac
1327 4463 1571 4517 molestia
1619 4463 1883 4530 liberasti,
1937 4480 2052 4517 ma—

484 4552 697 4622 lamque
733 4554 1013 4607 victoriam
1066 4554 1292 4623 adeptus
1332 4570 1391 4608 es
1424 4572 1438 4608 :
1478 4556 1727 4622 idemque
1779 4555 2051 4617 tibiacci-

483 4643 582 4707 dit,
616 4643 755 4712 quod
785 4643 872 4707 iis,
899 4643 987 4711 qui
1038 4644 1229 4696 mortis
1264 4654 1430 4708 metu,
1465 4644 1707 4713 sibiipsis
1740 4645 1930 4713 laqueo
1962 4644 2046 4697 vi-

2152 4464 2376 4534 ὴρνήσω
2401 4464 2648 4536 θεότητα,
2680 4464 2772 4518 καὶ
2808 4462 3157 4534 προδέδωκας
3180 4467 3289 4526 τοῖς
3313 4464 3528 4533 ἐχθροῖς
3542 4462 3602 4515 τὸ
3621 4463 3721 4530 ζη-

2150 4558 2436 4627 τούμενον.
2458 4557 2602 4625 Ἐγὼ
2621 4558 2675 4611 δὲ
2700 4559 2801 4611 κᾶν
2818 4576 2869 4609 τι
2885 4558 2979 4630 δέῃ
3000 4560 3218 4628 καμεῖν,
3240 4558 3299 4609 οὐ
3321 4556 3636 4627 προήσομαι
3658 4553 3723 4605 τὺ

2153 4652 2649 4720 προσκυνούμενον.
2684 4652 2951 4704 Ἐνταῦοα
2982 4651 3060 4717 δὲ,
3108 4650 3229 4704 οὐδὲ
3247 4650 3357 4718 ὁρῶ
3377 4648 3459 4709 τίς
3482 4649 3510 4701 ό
3533 4650 3719 4709 πόνος.

485 4748 590 4791 tam
651 4738 914 4790 adimunt.
970 4737 1202 4802 Etenim,
1258 4753 1329 4791 ne
1388 4738 1438 4791 in
1493 4736 1830 4791 defendendo
1896 4736 2055 4791 unius
2093 4735 2393 4806 principatu
2471 4734 2718 4799 desudes,
2771 4735 3023 4788 deitatem
3072 4736 3304 4804 negasti,
3372 4734 3723 4804 hostibusque

481 4828 559 4893 id,
589 4830 732 4898 quod
765 4827 1102 4897 quaerebant,
1136 4828 1443 4897 prodidisti.
1486 4828 1595 4897 Ego
1630 4842 1778 4893 vero,
1840 4828 2003 4881 etiam
2047 4828 2094 4882 si
2128 4828 2256 4896 quid
2288 4825 2489 4881 laboris
2552 4826 2890 4879 subeundum
2918 4826 3010 4892 sit,
3047 4841 3151 4880 non
3205 4834 3384 4879 tamen
3414 4828 3642 4896 prodam
3670 4827 3720 4880 id

481 4926 622 4991 quod
685 4926 962 4979 aduratur.
1014 4924 1331 4993 Quanquam
1375 4939 1441 4977 ne
1490 4924 1576 4978 hic
1610 4924 1823 4992 quidem
1877 4924 2051 4987 video,
2093 4922 2217 4992 quis
2243 4921 2395 4975 labor
2425 4919 2801 4989 suscipiendus
2831 4920 2921 4973 sit.

779 5014 1267 5081 Connumerantur,
1302 5014 1504 5084 inquis,
1540 5029 1627 5078 ea,
1654 5028 1771 5082 qua:
1804 5015 2047 5067 eamdem

479 5108 837 5163 substantiam
888 5109 1086 5160 habent
1122 5123 1282 5175 :quze
1330 5116 1508 5159 autem
1565 5107 1860 5160 substantia
1910 5107 2051 5158 inter

480 5216 537 5254 se
565 5198 840 5263 ditiorum,
883 5198 1211 5267 singularem
1258 5198 1640 5251 iudicationem
1679 5199 1900 5253 habent.
1938 5196 2049 5251 Un-

478 5290 547 5342 de
598 5290 719 5349 hoc,
751 5297 804 5341 et
856 5303 884 5343 a
922 5287 1117 5357 quibus
1164 5287 1475 5340 doctoribus
1522 5298 1613 5340 aut
1661 5287 2051 5341 fabulatoribus

478 5379 781 5445 accepisti?
817 5377 1021 5432 llludne
1058 5386 1110 5432 te
1160 5376 1317 5447 fugit,
1355 5393 1638 5432 numerum
1662 5394 1874 5432 omnem
1914 5380 2052 5432 hanc

478 5469 583 5519 vim
628 5469 846 5533 habere,
881 5479 938 5523 ut
972 5469 1339 5539 subjectorum
1371 5471 1750 5540 quantitatem,
1786 5489 1892 5525 non
1924 5474 2047 5525 item

479 5571 659 5610 rerum
717 5569 986 5626 naturam,
1033 5559 1304 5629 explicet}
1343 5561 1450 5627 Ειςο
1502 5577 1629 5617 vero
1680 5562 1751 5616 ita
1796 5562 2045 5630 simplex,

571 5743 586 5774 ‘
611 5742 826 5799 llomcr.
856 5741 1022 5797 Iliad.
1052 5756 1163 5813 xw,
1200 5762 1330 5803 rers.
1361 5750 1475 5803 iSO.
1546 5751 1562 5779 ³
1600 5746 1710 5803 Jer.
1744 5762 1795 5810 Χ,
1833 5745 1913 5799 15.

2363 5009 2804 5081 Συναριομεῖται,
2821 5010 2946 5080 φῂς,
2964 5008 3032 5061 τὰ
3052 5007 3313 5078 όμοούσια
3335 5023 3350 5037 ⁸
3368 5008 3436 5059 τά
3455 5007 3510 5060 δὲ
3632 5008 3727 5077 οὐχ

2156 5103 2325 5164 οὓτως
2348 5101 2559 5171 ἔχοντα,
2584 5099 2875 5171 μοναδικὴν
2901 5099 3012 5169 ἔχει
3039 5100 3137 5169 τὴν
3161 5099 3413 5168 δήλωσιν.
3440 5098 3615 5151 Πόθεν
3645 5116 3726 5151 σοι

2155 5195 2333 5259 τοῦτο,
2363 5195 2452 5247 καὶ
2491 5193 2641 5264 παρὰ
2672 5192 2833 5245 τίνων
2868 5191 3245 5261 δογματιστῶν
3276 5190 3369 5243 καὶ
3499 5190 3723 5259 μυθολό-

2156 5304 2299 5354 γων;
2336 5287 2406 5337 ’Ἡ
2452 5287 2686 5352 ἀγνοεῖς,
2738 5285 2821 5337 ὅτι
2869 5286 2977 5346 πᾶς
3020 5282 3272 5354 ἀριθμὸς,
3305 5281 3402 5352 τῆς
3433 5282 3725 5349 ποσότητος

2152 5380 2261 5432 τῶν
2293 5380 2664 5449 ὑποκειμένων
2689 5379 2805 5431 ἐστὶ
2837 5378 3153 5448 δηλωτικὸς,
3178 5377 3236 5429 οὑ
3262 5377 3359 5446 τῆς
3383 5374 3598 5443 φύσεως
3622 5373 3725 5427 τῶν

2158 5472 2528 5542 πραγμάτωνς
2571 5469 2711 5539 Ἐγὼ
2742 5470 2799 5522 δὲ
2838 5469 3011 5533 οὕτως
3056 5469 3296 5540 ἀρχαίως
3345 5468 3473 5537 ἔχω,
3528 5464 3725 5535 μᾶλλον

2153 5563 2207 5615 δὲ
2236 5562 2479 5633 ἀμαθῶς,
2513 5563 2651 5617 ὥστε
2697 5565 2821 5634 τρία
2864 5564 2961 5635 μὲν
2990 5562 3237 5633 ὀνομάζω
3269 5559 3337 5613 τά
3373 5559 3618 5612 τοσαῦτα
3651 5555 3722 5615 τῶ
