4036 6210
364 254 469 314 833

1323 267 1696 329 PANOPLIA
1738 269 2190 335 DOGMATICA.
2234 297 2302 310 -
2332 276 2480 339 TlT.
2509 280 2644 343 XII.

3496 299 3602 361 831

359 395 598 466 ἀριθμῷ.
631 398 736 452 κᾶν
760 400 1014 471 διέστηκε
1041 402 1139 475 τὴν
1180 405 1340 473 φύσιν
1415 407 1471 460 ἓν
1500 410 1576 472 δὲ,
1608 410 1702 463 καὶ
1729 410 1806 471 ἓν,
1846 431 1906 464 κα

2042 418 2120 469 vel
2168 418 2448 487 imperitus
2484 422 2661 487 potius
2700 437 2843 487 sum,
2872 434 2930 479 ut
2954 427 3055 481 tria
3089 431 3304 498 quidem
3331 450 3391 489 ea
3425 440 3606 493 nomi-

358 488 435 543 ἒν.
462 488 635 553 ἄλλως
666 492 766 554 τὰς
798 494 1062 558 τοσαύτας
1093 497 1346 565 μονάδας,
1376 499 1479 552 κᾶν
1511 503 1576 570 τῇ
1622 502 1783 573 οὐσίᾳ
1810 519 1935 555 συν-

357 578 656 639 άπτωνται,
685 582 747 632 οὐ
783 580 920 651 πρὸς
961 584 1030 637 τὰ
1078 586 1377 658 πράγματα
1408 588 1606 660 μᾶλλον
1629 592 1868 663 ἀφορῶν,
1898 595 1931 662 ἢ

356 671 415 723 τὸ
445 672 612 726 ποσὸν
640 673 749 726 τῶν
778 678 1141 747 πραγμάτων,
1178 680 1299 735 καθ’
1335 674 1409 734 ὧν
1446 684 1481 753 ἡ
1615 683 1931 752 ἀρίθμησις.

366 761 520 815 Ἐπεὶ
578 764 635 817 δὲ
687 765 809 819 λίαν
862 769 1089 841 περιέχῃ
1135 772 1229 825 τοῦ
1277 775 1627 845 γράμματος,
1684 775 1930 845 καίτοιγε

355 853 609 924 πολεμῶν
647 855 724 927 τῷ
769 859 1058 930 γράμματι
1097 898 1114 923 ,
1255 866 1465 919 ἐκεῖθέν
1506 884 1595 935 μοι
1650 867 1781 922 λάϐε
1826 868 1929 933 τὰς

353 943 656 1010 ἀποδείξεις
680 962 694 976 ·
736 947 870 1014 Τρία
913 952 970 1001 ὲν
1012 953 1130 1013 ταῖς
1157 951 1484 1024 Παροιμίαις
1519 953 1710 1015 ἐστίν,
1750 953 1788 1007 d
1824 955 1925 1009 εὐ-

352 1034 504 1101 όόως
558 1039 871 1105 πορεύεται
896 1055 910 1070 ⁸
951 1041 1129 1105 λέων,
1177 1043 1275 1097 καί
1321 1043 1551 1113 τράγος,
1590 1044 1690 1098 καὶ
1744 1046 1925 1099 ἀλεκ-

350 1123 545 1191 τρυών
565 1142 580 1156 °
616 1126 730 1190 καὶ,
757 1129 1059 1198 ,βασιλεὺς
1081 1132 1434 1201 δημηγορῶν
1460 1134 1530 1187 ἐν
1560 1134 1717 1189 ἔθνει
1740 1172 1756 1196 .
1865 1136 1925 1189 τὸ

350 1213 646 1287 τέταρτον·
700 1218 786 1272 ἴνα
832 1220 908 1291 μὴ
962 1221 1105 1290 λέγω
1150 1224 1248 1287 τὰς
1302 1224 1467 1288 ἄλλας
1511 1227 1627 1278 ἐκεῖ
1663 1227 1925 1296 τετράδας

349 1305 779 1376 ἀριθμουμένας,
806 1313 871 1381 τῇ
901 1310 959 1364 δὲ
991 1311 1147 1381 φύσει
1180 1315 1532 1387 διῃρημένας.
1576 1317 1686 1370 Καὶ
1714 1318 1807 1370 δύο
1845 1316 1923 1387 τῷ

349 1396 538 1449 Μωσεῖ
563 1400 827 1471 χερουϐὶμ
971 1404 1211 1474 εὑρίσκω
1242 1406 1545 1476 μοναδικῶς
1583 1408 1922 1480 ἀριθμούμε-

352 1503 433 1541 να.
459 1487 584 1551 Πῶς
621 1485 745 1554 οὖν,
773 1492 806 1562 ἢ
838 1492 1020 1548 ἐκεῖνα
1056 1495 1205 1568 τρία,
1241 1498 1377 1551 κατὰ
1408 1498 1507 1569 τὴν
1547 1498 1647 1569 σὴν
1674 1501 1921 1569 τεχνολο-

343 1576 487 1644 γιαν,
521 1580 769 1635 τοσοῦτον
811 1582 1057 1655 ἀλλήλων
1087 1587 1483 1658 ἀπεῤῥηγμένα
1516 1592 1635 1652 ταῖς
1661 1591 1917 1658 φύσεσινς

2038 520 2178 567 nem,
2204 522 2322 573 quas
2360 510 2579 563 totidem
2621 528 2843 568 numero
2870 527 3013 575 sunt.
3045 522 3257 575 etiamsi
3290 528 3597 584 substantia

2035 595 2280 649 dill'erant
2313 614 2326 649 :
2357 615 2517 652 unum
2550 611 2753 663 autent,
2781 613 2835 658 et
2862 622 3047 672 unum,
3075 621 3128 663 et
3161 616 3365 680 unum;
3380 620 3599 673 totidem

2034 686 2291 752 unitatcs,
2325 690 2540 744 etiamsi
2569 695 2873 749 snhstantia
2903 700 3320 769 conjuugantur,
3355 724 3459 770 non
3487 726 3601 762 ma-

2031 779 2111 845 gis
2144 780 2390 833 videlicet
2435 797 2519 835 res
2555 784 2699 851 ipsas
2743 787 2983 852 intuens,
3012 806 3173 859 quam
3208 811 3386 848 rerum
3425 816 3597 865 quan-

2033 868 2264 933 titatem,
2297 871 2448 939 juxta
2482 888 2641 939 quam
2677 881 3015 934 enumeratio
3059 882 3171 949 ipsa
3209 887 3299 939 sit.
3334 886 3595 954 Quoniam
3700 910 3703 915 ·

2029 970 2209 1013 autem
2244 963 2517 1018 mordicus
2568 964 2802 1020 litteram
2843 972 3062 1037 retines,
3094 975 3190 1029 etsi
3226 978 3425 1045 alioqui
3457 979 3598 1033 litte-

2028 1066 2102 1104 ra:
2139 1050 2336 1104 bellum
2390 1053 2649 1120 inferens,
2688 1058 2834 1112 illinc
2865 1062 2994 1114 tnihi
3048 1066 3398 1130 probationes
3436 1071 3597 1125 hasce

2025 1140 2232 1209 accipe.
2271 1140 2398 1196 Tria
2424 1145 2480 1197 in
2510 1144 2816 1203 Proverbiis
2837 1163 2979 1213 sunt,
3006 1168 3122 1222 qua:
3152 1165 3285 1207 recte
3326 1159 3594 1224 incedunt,

2024 1226 2125 1291 leo,
2150 1227 2350 1293 hircus,
2382 1240 2428 1284 et
2458 1232 2663 1301 gallus;
2692 1243 2746 1290 et
2773 1249 2967 1306 quarto
3000 1240 3140 1304 loco,
3184 1259 3276 1296 rex
3317 1230 3479 1313 apud.
3505 1266 3595 1316 po-

2022 1317 2235 1383 pulares
2281 1335 2402 1373 suos
2445 1325 2746 1378 concionem
2792 1328 2987 1382 habens
3028 1337 3082 1397 ¹;
3112 1341 3166 1386 ιιι
3211 1335 3449 1405 reliquas
3476 1339 3594 1394 illas

2024 1420 2216 1463 natura
2263 1412 2547 1468 distinctas
2596 1421 3010 1485 quaternitates,
3066 1439 3185 1492 qua:
3242 1424 3351 1481 illic
3412 1445 3593 1484 recen-

2020 1512 2230 1562 sentur.
2267 1502 2485 1557 silentio
2535 1516 2876 1574 praeteream.
2914 1510 3055 1565 Duos
3102 1514 3265 1567 etiam
3314 1518 3590 1573 cherubim

2021 1596 2160 1661 apud
2188 1593 2422 1663 Moyseut
2458 1596 2692 1660 invenio,
2715 1600 2805 1668 qui
2829 1605 3120 1670 separatim
3151 1618 3503 1662 numerantur
3548 1616 3587 1665 '.

342 1665 378 1739 ἦ
418 1668 591 1722 ταῦτα
636 1672 917 1742 μοναδικά,
963 1675 1217 1728 τοσοῦτον
1266 1678 1516 1749 ἀλλήλοις
1562 1679 1776 1750 ὁμοφυῆ
1826 1680 1906 1732 καί

2021 1682 2301 1748 Quomodo
2334 1701 2485 1756 ergo,
2516 1688 2597 1741 vel
2632 1689 2716 1743 illa
2753 1692 2852 1744 tria
2877 1702 3026 1758 sunt,
3051 1695 3193 1749 sicut
3218 1712 3307 1753 ars
3336 1708 3421 1750 tua
3451 1715 3589 1767 prre-

344 1762 710 1833 συγκείμενας
752 1766 815 1819 Ei
843 1767 952 1839 γὰρ
977 1767 1193 1839 λέγοιμι
1215 1768 1349 1824 Θεὸν
1374 1770 1467 1824 καὶ
1493 1772 1798 1841 Μαμωνᾶν,
1823 1770 1906 1823 δύο

2026 1774 2239 1838 scribit,
2270 1790 2391 1830 cum
2434 1789 2625 1831 natura
2652 1788 2812 1848 atque
2844 1782 3143 1838 substantia
3182 1786 3315 1841 adeo
3362 1790 3501 1843 inter
3533 1806 3591 1845 se

341 1852 565 1922 κυρίους
591 1856 672 1918 είς
695 1856 753 1908 ἓν
782 1856 1234 1929 ἀριθμουμένους,
1255 1861 1493 1931 τοσούτῳ
1515 1861 1733 1934 μακράν
1755 1861 1906 1925 ὄντας

2023 1865 2379 1935 discrepent:
2415 1878 2508 1921 aut
2548 1868 2660 1923 lucc
2710 1870 3027 1940 singularia,
3059 1890 3177 1942 quze
3221 1887 3409 1931 natura
3452 1879 3591 1934 inter

340 1942 609 2015 ἀλλήλων,
638 1947 781 2017 τάχα
809 1948 876 2001 ἂν
915 1950 1009 2003 καὶ
1039 1950 1241 2021 μᾶλλον
1280 1951 1603 2025 γελασθείην
1644 1954 1743 2024 τῆς
1793 1968 1906 2005 συν·

2021 1970 2081 2010 se
2107 1956 2242 2012 adeo
2271 1959 2497 2028 mqualia
2541 1969 2689 2024 sunt,
2715 1972 2770 2013 et
2791 1962 3076 2029 copulata?
3106 1963 3236 2017 Nam
3270 1969 3314 2020 si
3347 1969 3590 2024 dominos

338 2033 711 2108 αριθμήσεως.

2021 2044 2144 2098 illos
2192 2047 2328 2100 duos
2375 2048 2540 2102 Deum
2591 2059 2647 2103 et
2689 2054 3089 2105 matnntouatn’
3160 2070 3588 2112 connnemnrare

338 2126 525 2193 velim,
550 2129 640 2197 qui
681 2145 909 2187 numero
951 2148 1060 2190 uno
1095 2134 1416 2201 eﬂ'eruntur,
1451 2152 1571 2192 cum
1628 2139 1938 2208 usqueadeo
1977 2138 2118 2193 inter
2164 2156 2223 2196 se
2262 2119 2518 2209 disjuncti
2568 2144 2699 2210 sint,
2742 2147 2912 2216 magis
2978 2164 3191 2216 quoque
3230 2150 3456 2205 fortasse
3503 2170 3589 2208 me

337 2218 413 2273 ob
448 2222 583 2274 hanc
607 2228 1140 2282 connumerationem
1170 2230 1447 2282 ridendum
1473 2232 1839 2299 propinarem.

570 2311 707 2364 Ἀλλ’
748 2314 894 2384 ἐμοὶ,
942 2319 1141 2387 φησὶν,
1193 2320 1379 2372 ἐκεῖνα
1433 2319 1906 2391 συναριθμούμενα

2229 2314 2318 2381 At,
2340 2317 2536 2385 inquis,
2556 2333 2616 2372 ea
2632 2321 3007 2373 connumerari
3029 2323 3294 2388 dicuntur,
3314 2326 3583 2394 ejusdem-

332 2401 574 2470 λέγεται,
618 2404 713 2458 καὶ
742 2407 841 2477 τῆς
892 2409 1062 2479 αὐτῆς
1108 2410 1317 2475 οὐσίας,
1363 2405 1445 2481 οἷς
1485 2416 1906 2481 συνεκφωνεῖται

2012 2423 2120 2479 que
2144 2408 2396 2462 essentia:
2434 2421 2577 2474 esse,
2606 2410 2801 2479 quibus
2846 2414 3061 2465 nomina
3094 2413 3206 2479 ipsa
3237 2418 3579 2484 reapondent,

332 2493 709 2567 καταλλήλως,
746 2498 841 2551 καὶ
876 2500 943 2554 τά
976 2500 1213 2571 ὀνόματα
1234 2518 1247 2531 ⁸
1275 2497 1405 2567 οἷον,
1442 2502 1718 2576 ἄνθρωποι
1739 2507 1907 2576 τρεῖς,

332 2585 433 2639 καὶ
453 2584 566 2640 θεοὶ
588 2590 758 2658 τρεῖς,
783 2590 904 2659 οὐχὶ
925 2592 1050 2663 τρία
1062 2593 1208 2655 τάδε,
1228 2595 1321 2647 καὶ
1337 2595 1485 2649 τάδε.
1627 2596 1724 2658 Τίς
1751 2595 1822 2664 γά
1829 2613 1860 2666 ρ
1876 2597 1910 2667 ἡ

332 2678 602 2743 ἀντίδοσις
636 2700 682 2749 ;ο
806 2682 965 2735 τοῦτο
988 2685 1404 2755 νομοθετοῦντός
1432 2688 1549 2740 ἔστι
1576 2688 1687 2750 τοῖς
1706 2686 1905 2757 ὀνόμα-

333 2783 453 2833 σιν,’
473 2768 571 2821 οὐκ
599 2767 973 2841 ἀληθεύοντος.
1014 2772 1164 2827 Ἐπεὶ
1192 2775 1357 2846 κάμοὶ
1389 2776 1613 2848 Πέτρος,
1644 2778 1737 2831 καὶ
1761 2776 1907 2831 Παῦ-

328 2857 446 2924 λος,
493 2857 589 2911 καὶ
628 2859 900 2933 Ἰωάννης,
933 2863 994 2915 οὐ
1021 2866 1188 2934 τρεῖς,
1232 2865 1351 2920 οὐδὲ
1380 2868 1673 2938 ὁμοούσιοι.
1697 2868 1802 2932 ἕως
1839 2868 1905 2923 ἂν

331 2950 413 3021 μὴ
432 2951 582 3019 τρεῖς
606 2951 824 3022 Πέτροι,
865 2954 958 3007 καὶ
984 2957 1129 3027 τρεῖς
1171 2955 1393 3019 Παῦλοι,
1421 2958 1515 3011 καὶ
1551 2957 1791 3012 Ἰωάνναι
1813 2976 1902 3011 το-

329 3039 514 3095 σοῦτοι
543 3040 812 3111 λέγονται.

327 3132 711 3205 γενικιιγτέρων
751 3132 1057 3204 ὀνομάτων,
1095 3136 1253 3191 τοῦτο
1285 3138 1380 3191 καὶ
1410 3141 1573 3209 ἡμεῖς
1600 3140 1905 3210 ἀπαιτήσο-

329 3237 434 3292 μεν
459 3220 553 3275 επὶ
580 3222 689 3277 τῶν
710 3222 1070 3296 είδικωτέρων
1228 3226 1369 3280 κατά
1404 3228 1504 3298 τὴν
1531 3228 1630 3301 σὴν
1664 3228 1906 3285 ἀνάπλα-

324 3328 445 3366 σιν’
474 3313 510 3384 ἢ
553 3313 850 3387 ἀδικήσεις,
887 3316 961 3388 μὴ
1006 3316 1178 3381 διδοὺς
1210 3318 1347 3388 ὅπερ
1391 3318 1638 3391 εἴληφας.
1665 3320 1732 3373 Τί
1758 3320 1846 3375 δαὶ
1876 3321 1905 3375 ὁ

337 3403 624 3475 Ἰωάννης;
662 3406 825 3477 Τρεῖς
852 3402 990 3462 εἶναι
1034 3409 1160 3473 τοὺς
1195 3410 1608 3482 μαρτυροῦντας
1638 3411 1815 3483 λέγων
1844 3414 1903 3467 ἐν

321 3498 450 3559 ταῖς
470 3496 821 3563 Καθολικαῖς,
848 3500 909 3552 τὸ
934 3499 1177 3572 Πνεῦμα,
1216 3502 1277 3555 τὸ
1305 3502 1469 3575 ὕδωρ,
1505 3504 1569 3558 τὸ
1734 3499 1899 3574 αἷμα,

321 3580 440 3658 ἀρά
486 3603 568 3641 σοι
610 3588 796 3660 ληρεῖν
848 3591 1130 3661 φαίνεται;
1177 3593 1399 3665 Πρῶτον
1434 3594 1553 3663 μὲν,
1598 3595 1681 3649 ὅτι
1726 3595 1796 3648 τὰ
1825 3596 1900 3665 μὴ

321 3678 586 3750 ὁμοούσια
615 3681 1014 3754 συναριθμῆσαι
1040 3684 1393 3754 τετόλμηκεν,
1416 3683 1446 3736 ὃ
1463 3687 1574 3747 τοῖς
1599 3684 1902 3755 ὸμοουσίοις

323 3772 392 3826 σὺ
418 3771 593 3837 δίδως.
620 3773 738 3844 (Τίς
760 3774 869 3846 γάρ
892 3775 958 3828 ἀν
986 3775 1131 3829 εῐποι
1155 3775 1326 3828 ταῦτα
1354 3776 1483 3845 μιᾶς
1505 3775 1689 3838 οὐσίας
1709 3775 1747 3845 ;)
1770 3773 1901 3826 Δεύ-

321 3879 482 3935 τερον
509 3862 587 3929 δὲ,
614 3864 696 3917 ὅτι
731 3865 805 3935 μὴ
839 3865 1190 3935 καταλλήλως
1218 3865 1356 3936 ἔχων
1388 3866 1699 3936 ἀπήντησεν
1719 3882 1733 3897 ·
1763 3865 1900 3920 ἀλλά

323 3954 388 4007 τὸ
427 3958 576 4027 τρεῖς
610 3956 914 4028 ἀρρενικῶς
940 3956 1181 4029 προθεὶς,
1220 3957 1289 4011 τά
1314 3957 1439 4029 τρία
1478 3957 1773 4029 οὐδετέρως
1809 3959 1900 4011 ἐπ·

320 4048 542 4118 ήνεγκε,
574 4047 727 4119 παρά
757 4049 881 4113 τοὺς
914 4051 1059 4113 σοὺς,
1092 4050 1186 4103 καὶ
1212 4049 1308 4120 τῆς
1335 4049 1433 4120 σῆς
1579 4064 1896 4119 γραμματι-

321 4136 426 4205 κῆς
452 4138 612 4208 ὅρους
655 4139 748 4191 καὶ
792 4140 1007 4210 νόμους.
1060 4140 1252 4194 Καίτοι
1286 4141 1338 4193 τί
1373 4140 1637 4211 διαφέρει,
1668 4140 1702 4210 ἣ
1749 4143 1898 4211 τρεῖς

320 4225 616 4298 προθέντα,
652 4228 729 4295 ἓν,
761 4231 854 4283 καὶ
886 4229 964 4293 ἒν,
995 4232 1089 4284 καὶ
1132 4231 1191 4284 ἓν
1220 4232 1553 4299 ἐπενεγκεῖν,
1587 4231 1620 4302 ἦ
1655 4230 1772 4294 ἕνα,
1803 4231 1898 4284 καὶ

317 4318 438 4381 ἕνα,
468 4318 559 4371 καὶ
588 4317 685 4373 ἕνα
714 4320 961 4388 λέγοντα,
994 4320 1068 4390 μὴ
1099 4323 1269 4392 τρεῖς,
1300 4321 1436 4373 ἀλλά
1462 4321 1586 4391 τρία
1622 4335 1896 4390 προσαγο-

2009 2516 2132 2555 cum
2161 2498 2461 2556 eﬂ'eruntur
2576 2519 2594 2561 :
2736 2513 2791 2554 ιιι
2823 2502 3070 2556 homines
3103 2519 3233 2567 tres,
3261 2516 3316 2559 et
3342 2508 3412 2561 dii
3445 2519 3578 2575 tres,

2012 2608 2117 2645 non
2151 2601 2330 2645 autem
2361 2591 2464 2645 tria
2497 2592 2632 2656 haec,
2658 2599 2748 2645 aut
2776 2592 2885 2647 illa.
2916 2592 3043 2659 Qua?
3072 2596 3214 2649 enim
3240 2608 3322 2650 est
3346 2597 3460 2653 lucc
3493 2616 3581 2655 re-

2012 2680 2116 2734 lata
2147 2680 2459 2749 reSponsio?
2481 2679 2746 2735 Nimirum
2773 2682 2874 2736 hoc
2893 2684 3004 2751 jam
3044 2684 3277 2739 hominis
3300 2698 3382 2741 est
3409 2688 3578 2755 legent

2011 2770 2320 2824 nominibus
2367 2770 2790 2840 praescribentis,
2824 2787 2925 2825 non
2977 2789 3159 2828 verum
3207 2777 3386 2831 dicere
3428 2780 3580 2832 iusti-

2011 2862 2228 2914 tuentis.
2254 2860 2467 2928 Alioqui
2494 2861 2623 2914 mihi
2661 2875 2872 2930 quoque
2900 2863 3015 2931 pari
3044 2866 3231 2919 eadem
3254 2870 3457 2923 ratione
3482 2870 3578 2923 l‘e-

2011 2961 2145 3011 trns,
2181 2959 2235 3003 et
2262 2950 2481 3015 Paulus,
2504 2959 2559 3003 et
2583 2949 2820 3006 Joannes
2847 2967 2951 3006 non
2986 2963 3097 3008 tres
3120 2968 3300 3019 erunt,
3329 2971 3424 3011 nec
3449 2974 3577 3012 con-

995 3047 1059 3100 Ὀ
1103 3047 1210 3118 γὰρ
1244 3048 1307 3101 σὺ
1343 3051 1649 3121 τετήρηκας
1676 3049 1771 3104 ἐπὶ
1797 3050 1905 3105 τῶν

2009 3042 2403 3105 substantiales,
2463 3042 2699 3109 quandiu
2767 3058 2871 3094 non
2933 3052 3041 3098 tres
3096 3044 3264 3112 Petri,
3322 3058 3414 3101 aut
3468 3058 3578 3105 tres

2005 3129 2177 3192 Pauli,
2233 3139 2326 3183 aut
2375 3131 2596 3184 totidem
2655 3128 2890 3185 Joannes
2949 3148 3053 3187 non
3112 3134 3382 3192 dicentur.
3422 3138 3574 3205 Quod

2004 3222 2146 3274 enim
2205 3229 2259 3273 tu
2310 3219 2362 3273 in
2404 3222 2747 3290 generalibus
2799 3222 3104 3278 nominibus
3141 3226 3435 3293 retinuisti,
3470 3228 3573 3283 hoc

2004 3325 2102 3364 nos
2134 3323 2348 3378 quoque
2371 3308 2527 3378 juua
2566 3321 2931 3366 commentum
2962 3322 3111 3367 tuam
3156 3315 3207 3369 in
3252 3316 3576 3383 specialibus

2003 3401 2359 3471 postulamus.
2398 3401 2598 3468 lnjuste
2640 3404 2784 3456 enim
2833 3402 3051 3471 ieceris,
3077 3405 3206 3471 nisi,
3237 3409 3379 3476 quod
3420 3423 3574 3464 acce-

2002 3491 2153 3561 pisti,
2203 3492 2441 3547 dederis.
2488 3492 2627 3559 Quid
2671 3493 2947 3550 Joannes?
2980 3496 3112 3551 Cum
3161 3497 3215 3551 in
3276 3496 3573 3553 Catholicis

2001 3583 2243 3653 epistolis
2282 3583 2397 3637 suis
2427 3592 2537 3638 tres
2571 3598 2692 3639 esse
2712 3584 2790 3638 ait
2816 3588 2836 3618 ⁸
2859 3623 2875 3650 ,
2898 3587 2992 3655 qui
3020 3589 3389 3643 testimonium
3417 3591 3569 3655 dant,

2002 3675 2287 3745 Spiritum,
2317 3689 2536 3744 aquam,
2570 3685 2627 3729 et
2655 3676 2993 3745 sanguinem,
3022 3679 3305 3735 videturne
3345 3681 3439 3735 tibi
3476 3685 3572 3737 de-

2000 3765 2202 3821 lirare?
2228 3764 2493 3832 Primum,
2524 3767 2649 3836 quia
2704 3781 2789 3821 res
2832 3767 3137 3822 substantia
3167 3768 3410 3825 diversas
3437 3786 3568 3826 con-

2000 3869 2290 3912 numerare
2346 3870 2514 3912 ausus
2566 3865 2671 3922 est,
2699 3858 2841 3925 quod
2903 3866 2958 3911 tu
3012 3859 3565 3917 consubstantialibus

2002 3957 2210 4002 tantum
2258 3948 2475 4004 tribuis.
2519 3947 2652 4014 Quis
2694 3948 2838 4002 enim
2878 3948 2993 4004 haec
3030 3949 3188 4004 unius
3210 3950 3559 4021 ejusdemque

1998 4040 2315 4095 substantiae
2352 4054 2474 4096 esse
2500 4039 3022 4103 dixeritiAlterum,
3054 4041 3177 4110 quia
3223 4044 3381 4097 modo
3405 4044 3566 4098 mini-

1999 4150 2085 4188 tne
2133 4133 2452 4204 congruenti
2498 4146 2660 4188 voces
2706 4143 2997 4203 sequentes
3040 4127 3417 4203 subjutixerit;
3470 4138 3565 4192 sed

2000 4241 2123 4278 cunt
2174 4235 2285 4280 tres
2338 4225 2636 4280 masculino
2664 4240 2859 4295 genere
2886 4226 3278 4294 proposuisset,
3314 4228 3409 4280 tria
3443 4245 3567 4283 neu-

2001 4324 2086 4368 tro
2119 4329 2316 4382 genere
2365 4315 2663 4384 subjunxit,
2697 4325 2883 4369 contra
2934 4329 3094 4383 quam
3128 4327 3251 4380 une,
3288 4325 3448 4385 atque
3481 4317 3563 4386 ip-

320 4405 536 4478 ρεύεινς
573 4409 710 4479 ὅπερ
758 4410 920 4474 αὐτὸς
963 4411 1217 4476 ἀπαξιοῖς
1258 4410 1351 4463 ἐπὶ
1392 4411 1491 4479 τῆς
1523 4410 1794 4481 θεότητος.
1829 4410 1896 4464 Τί

2009 4407 2112 4459 sius
2162 4407 2325 4457 etiam
2380 4407 2743 4471 grammatica:
2784 4407 2928 4475 leges
2967 4406 3166 4459 ferant.
3198 4404 3393 4460 Verum
3435 4410 3564 4477 quid

317 4496 406 4549 δαί
438 4514 520 4550 σοι
550 4498 579 4550 ὁ
612 4500 891 4570 καρκίνος,
937 4500 998 4553 τό
1024 4518 1083 4553 τε
1119 4499 1276 4565 ζῶον,
1303 4501 1362 4554 τό
1407 4517 1465 4554 τε
1493 4500 1739 4572 ὄργανον,
1778 4501 1806 4554 δ
1832 4518 1892 4553 τε

317 4588 530 4656 ἀστήρς
558 4587 611 4640 τί
638 4588 726 4642 δαὶ
753 4591 781 4643 ὁ
809 4591 975 4654 κύων,
1005 4591 1033 4643 ὅ
1066 4608 1125 4644 τε
1168 4593 1440 4661 χερσαῖος,
1473 4592 1567 4644 καὶ
1594 4592 1623 4642 ὁ
1650 4591 1887 4662 ἔνυδρος,

316 4678 412 4730 καὶ
441 4680 470 4731 ὁ
501 4680 780 4751 οὐράνιος;
826 4681 887 4733 οὐ
923 4684 1073 4752 τρεῖς
1114 4680 1367 4749 λέγεσθαί
1394 4697 1476 4733 σοι
1508 4679 1725 4733 δοκοῦσι
1748 4698 1883 4750 καρ-

316 4770 455 4822 κῖνοι
496 4770 591 4822 καὶ
624 4770 820 4838 κύνες;
856 4772 1081 4836 Πάντως
1113 4790 1198 4842 γε.
1226 4768 1372 4842 ’Ᾱρα
1412 4767 1504 4825 οὖν
1546 4771 1699 4843 παρά
1732 4768 1889 4824 τοῦτο

316 4859 411 4911 καὶ
438 4858 744 4930 δμοούσιοι;
783 4860 878 4924 Τίς
904 4859 1069 4930 φήσει
1095 4861 1203 4913 τῶν
1234 4860 1360 4913 νοῦν
1394 4859 1656 4929 ὲχὸντωνς
1703 4857 1887 4927 Ὁρᾷς,

318 4954 469 5014 ὅπως
507 4967 590 5005 σοι
643 4948 1024 5004 διαπέπτωκεν
1070 4946 1099 4999 ὁ
1132 4949 1260 5017 περὶ
1293 4947 1391 5011 τῆς
1424 4942 1882 5012 συναριθμήσεως

318 5044 499 5111 λόγος,
523 5041 796 5104 τοσούτοις
814 5039 1170 5110 ιληλεγμένος
1200 5052 1217 5104 ;
1240 5036 1300 5089 Ei
1316 5038 1424 5101 γὰρ
1443 5035 1582 5105 μήτε
1596 5033 1662 5085 τά
1690 5031 1883 5099 63006-

321 5151 414 5187 σια
445 5133 666 5195 πάντως
693 5131 1129 5201 συναριθμεῖται,
1162 5129 1255 5181 καὶ
1279 5126 1783 5193 συναριθμεῖταικτά
1812 5122 1888 5192 μὴ

320 5225 607 5295 ὀμοούσια,
630 5224 664 5295 ἦ
684 5241 741 5277 τε
767 5224 877 5277 τῶν
918 5222 1197 5290 ὀνομάτων
1228 5219 1631 5285 συνεκφὼνησι,
1663 5214 1749 5266 ἐπ’
1775 5216 1887 5284 ἀμ-

323 5319 470 5387 φοῖν,
498 5316 552 5369 τί
585 5332 668 5369 σοι
703 5314 866 5368 πλέον
894 5306 969 5367 ὧν
988 5310 1376 5379 ὲδογμάτισας.

1999 4497 2247 4558 interest,
2283 4504 2375 4548 aut
2417 4510 2541 4549 cum
2568 4504 2677 4550 tres
2713 4498 3010 4551 masculino
3032 4512 3230 4566 genere
3260 4514 3561 4568 praeposue-

1998 4587 2092 4648 ris,
2126 4603 2310 4649 unum,
2353 4597 2409 4641 et
2453 4603 2637 4651 unmn,
2675 4599 2729 4642 et
2763 4605 2925 4642 unum
2971 4590 3236 4659 subjicere
3269 4603 3399 4644 :aut
3440 4610 3561 4645 cum

1994 4693 2181 4742 unum,
2213 4689 2267 4730 et
2304 4693 2492 4741 ttttutn,
2525 4687 2579 4733 et
2633 4693 2798 4732 unum
2854 4679 3076 4744 dixeris,
3130 4695 3233 4734 non
3294 4693 3422 4744 tres,
3468 4684 3560 4735 sed

1997 4770 2096 4821 tria
2130 4767 2436 4836 appellare?
2464 4767 2516 4822 ld
2544 4769 2682 4837 quod
2719 4777 2773 4821 tu
2807 4767 2860 4822 in
2898 4770 3095 4823 deitate
3129 4757 3415 4822 admittere
3441 4785 3564 4837 gra-

1996 4859 2158 4912 varis.
2204 4857 2345 4923 iam,
2372 4859 2503 4926 quid
2551 4858 2646 4912 tibi
2680 4871 2898 4924 cancer,
2921 4859 3014 4928 qui
3046 4870 3101 4913 et
3137 4859 3340 4912 animal
3365 4869 3467 4924 est,
3498 4871 3554 4913 et

1992 4956 2277 5011 organum,
2302 4956 2358 5001 et
2386 4944 2578 5001 sidus?
2598 4944 2739 5010 Quid
2775 4945 2955 5011 canis,
2987 4946 3080 5014 qui
3114 4949 3389 5003 terrestris
3445 4962 3553 5015 est,

1992 5045 2046 5089 et
2084 5037 2348 5102 marinus,
2381 5046 2435 5091 et
2464 5036 2749 5093 caelestis?
2774 5038 2966 5092 Nonne
3024 5046 3135 5093 tres
3190 5043 3392 5107 cancri,
3457 5053 3555 5097 aut

1995 5139 2157 5180 canes
2201 5126 2299 5179 tibi
2334 5126 2437 5179 dici
2469 5126 2762 5180 videntur?
2826 5127 2899 5180 [ta
2956 5127 3219 5196 profecto.
3273 5132 3354 5182 An
3420 5146 3551 5200 ergo

1997 5221 2225 5289 proinde
2255 5237 2473 5290 quoque
2499 5224 2999 5278 consubstantialcs
3025 5226 3191 5279 sunt?
3222 5225 3354 5290 Quis
3384 5241 3550 5280 sanus

1997 5312 2099 5367 hoc
2116 5312 2355 5367 dixerit?
2376 5312 2606 5367 Videsne
2633 5315 2905 5384 quomodo
2935 5317 3031 5369 tibi
3060 5316 3162 5370 ltoc
3187 5313 3554 5373 connumera-

330 5409 497 5465 tionis
525 5415 926 5479 argumentum,
994 5412 1072 5459 tot
1120 5403 1392 5471 tantisque
1446 5401 1750 5455 rationibus
1782 5401 2149 5463 coniutatum,
2186 5402 2498 5456 corruerit?
2557 5403 2690 5458 Nam
2732 5421 2853 5459 cum
2909 5420 3011 5460 nec
3070 5406 3557 5461 consutis-iamiam

329 5518 551 5570 πωρον
578 5506 1063 5561 connumerentur,
1095 5505 1150 5551 et
1179 5479 1301 5563 quae
1335 5495 1567 5562 disparis
1592 5494 1845 5548 essentia:
1899 5504 2048 5559 sunt,
2078 5493 2356 5547 interdum
2398 5509 2882 5563 connumerentur,
2919 5508 2970 5553 et
3000 5507 3179 5553 tamen
3214 5499 3269 5553 in
3306 5504 3555 5572 utrisque

335 5595 557 5651 nomine
585 5593 747 5647 simul
776 5590 958 5645 eﬂ'erri
985 5589 1395 5659 perspiciamus,
1422 5601 1487 5638 ex
1522 5586 1629 5638 tuis
1664 5585 2012 5654 degmatibm
2047 5584 2177 5655 quid
2212 5584 2304 5637 tibi
2347 5585 2615 5638 accessit?

408 5686 427 5717 ⁸
462 5684 619 5739 l’ros.
655 5698 781 5749 xxx,
807 5682 896 5749 29,
926 5683 1017 5738 30.
1092 5683 1110 5712 ⁸
1132 5679 1306 5736 Exod.
1335 5694 1538 5746 sum,
1566 5682 1615 5733 7.
1645 5693 1798 5748 seqq.
1850 5678 1869 5708 ³
1902 5708 1906 5730 λ

2016 5679 2094 5728 tlt.
2139 5693 2207 5739 tt,
2240 5676 2329 5730 Εἰ.
2408 5673 2428 5704 ⁸
2456 5672 2475 5727 Ι
2501 5672 2658 5729 Joan.
2692 5690 2744 5742 v,
2771 5676 2824 5732 8.
