4030 6222
493 195 557 254 ’ἶὸ
1685 171 2060 238 EUTHYMII
2111 168 2465 233 Z!G.\BEN[

522 297 666 364 Quin
734 293 863 348 illttd
925 291 1086 344 etiam
1155 289 1420 357 carpendo,
1469 303 1578 342 .nec
1643 287 1873 341 fortasse
1937 299 2094 358 tecA

455 407 602 447 mere
655 401 816 458 atque
851 385 1103 442 absurde.
1141 382 1319 438 Unqu
1353 391 1409 435 et
1449 397 1638 442 umun,
1673 395 1850 434 nonne
1879 395 2027 432 com-

455 480 625 548 posita
682 481 787 529 duo
840 470 1222 529 constituunt?
1295 471 1406 522 Duo
1459 483 1665 527 rursus,
1730 482 1906 520 nonne
1972 467 2023 519 in

456 586 618 624 unum
653 578 705 620 et
737 584 896 618 unum
925 560 1310 617 resolvuntur?
1344 561 1421 611 lta
1461 575 1612 612 sane.
1645 559 1700 612 Si
1737 573 1866 628 ergo
1898 575 2024 609 rou-

456 659 831 715 substautialia
888 656 1103 723 quidem
1165 661 1306 713 sunt,
1351 667 1468 718 qua:
1523 663 1938 717 componuntur,
1969 660 2023 701 nt

460 753 572 820 ipse
600 748 886 818 argutaris,
914 746 1140 798 diversae
1181 755 1358 796 autem
1391 743 1701 795 substantiae
1730 752 1873 802 sunt,
1907 756 2025 808 qua:

459 851 732 903 secantur,
761 838 888 906 quid
940 853 1004 890 ex
1058 851 1122 889 eo
1177 832 1576 902 consequetur?
1619 833 1882 884 Nimirum
1943 847 2028 883 res

457 933 697 992 easdem,
713 939 763 980 rt
782 927 1042 994 ejusdem,
1064 935 1115 979 cl
1133 928 1358 977 diversa:
1373 924 1622 977 essentia:
1637 938 1776 976 esse.
1789 921 1892 975 Nec
1908 938 2034 974 vero

463 1016 637 1068 facere
665 1031 904 1082 possmn,
1113 1013 1240 1080 qttin
1279 1022 1394 1064 luas
1427 1012 1946 1076 praenumeraliones
1975 1026 2037 1062 ac

460 1104 963 1158 sulmumeratiunes
987 1101 1212 1162 rideam,
1232 1101 1427 1170 quibus
1451 1113 1500 1154 tu
1526 1101 1745 1168 perinde
1766 1099 2034 1168 gloriaris,

461 1213 526 1250 ac
549 1194 593 1250 si
627 1209 712 1248 res
744 1197 871 1263 ipsa:
899 1195 952 1246 in
985 1193 1368 1247 vocabulorum
1394 1194 1582 1244 ordine
1612 1192 1730 1244 sitae
1751 1191 1880 1244 sint.
1904 1189 2036 1242 Nam

465 1288 605 1343 si-ita
627 1295 729 1347 esl,
754 1282 880 1352 quid
902 1282 1144 1351 impedit,
1163 1283 1450 1349 qttominus
1462 1281 1645 1332 eadem
1669 1279 1894 1344 ratione,
1910 1293 2040 1346 quo-

469 1381 609 1430 niam
628 1377 835 1432 cadent.
852 1385 1070 1443 propter
1085 1374 1343 1442 aequalem
1361 1382 1564 1424 natum
1585 1371 1967 1438 prmstantiam,
1986 1370 2037 1422 in

466 1482 621 1520 sacra
679 1465 954 1534 Seriptura
1004 1479 1147 1518 nunc
1187 1463 1378 1533 priori,
1421 1477 1562 1515 nunc
1602 1461 1884 1530 posteriori
1924 1462 2040 1512 loco

467 1564 846 1617 numerantur,
876 1554 985 1607 sint
1015 1569 1226 1622 quoque
1251 1553 1364 1620 ipsa
1395 1551 1608 1619 seipsis,
1634 1562 1742 1604 tum
1768 1550 2040 1604 excellen-

471 1647 630 1708 tiora,
684 1655 792 1697 tum
827 1643 1154 1709 abici-liora?
1186 1643 1334 1707 Quod
1379 1643 1516 1693 idem
1552 1641 1833 1692 dicemlum
1877 1640 2040 1692 etiam

472 1736 640 1789 habeo
663 1738 726 1788 de
749 1737 828 1787 his
854 1737 1091 1796 vocibus,
1117 1733 1249 1786 Deus
1268 1743 1318 1785 et
1342 1731 1618 1796 Dominus;
1642 1741 1799 1798 atque
1827 1735 2042 1799 insuper

472 1831 535 1876 de
601 1825 683 1878 bis
739 1824 1223 1892 pra-positionibus,
1286 1838 1348 1874 ex
1391 1839 1513 1890 quo,
1571 1840 1661 1888 per
1701 1840 1872 1890 quem,
1915 1824 2042 1875 etin

472 1932 572 1983 quo
613 1920 656 1978 ⁸,
721 1917 916 1982 quibus
979 1926 1032 1966 tu
1083 1915 1322 1966 divinum
1380 1915 1504 1966 illud
1568 1929 1762 1966 nomen
1815 1913 1878 1965 ad
1912 1915 2043 1966 artis

480 2007 852 2073 pra-scriptum
887 2006 1085 2074 exigis.
1118 2007 1343 2073 primam
1393 2005 1594 2058 scilicet
1624 2005 1786 2069 Patri,
1821 2007 2043 2058 ςιΙιιτι-ςιιιι

478 2097 631 2157 Filio,
661 2097 874 2148 tertiam
905 2096 1125 2164 Spiritui
1161 2105 1351 2149 sancto
1385 2096 1692 2164 assignans.
1720 2097 1855 2161 Quid
1891 2098 2036 2148 enim

479 2187 719 2246 lin-isses,
755 2185 798 2238 si
831 2185 1084 2252 quaalibet
1130 2201 1193 2238 ex
1227 2185 1310 2238 bis
1331 2186 1798 2253 prmpusilionibtts
1831 2189 2043 2240 unicui-

3589 162 3695 223 25:16
3731 153 3743 161 ’

2195 285 2377 337 Σκοτῶ
2437 282 2494 335 δὲ
2556 279 2778 332 κάκεῖνο
2809 316 2824 342 ,
2889 276 2986 330 καὶ
3043 275 3174 335 ἴσως
3214 273 3316 326 οὐκ
3349 273 3455 338 ἔξω
3507 273 3694 342 λόγου.

2125 381 2200 433 Τὸ
2229 379 2306 440 ἓν,
2344 378 2438 431 καὶ
2469 377 2530 430 τὸ
2564 375 2643 434 ἓν,
2672 375 2773 427 οὐκ
2801 376 2879 438 εἰς
2907 372 2999 427 δύο
3031 369 3371 436 συντίθεταις
3401 369 3471 423 τὰ
3501 369 3590 422 δύο
3618 370 3696 434 δὲ,

2125 473 2224 525 οὐκ
2254 473 2331 534 είς
2363 471 2442 531 ἓν,
2474 470 2565 521 καὶ
2589 467 2666 529 ἓν,
2697 465 3022 530 ἁναλύεταις
3053 463 3221 532 Δῆλον
3247 463 3349 516 ὅτι.
3523 461 3585 514 Ei
3607 456 3698 514 οὖν

2125 559 2385 629 ὀμοούσια
2424 558 2521 627 μὲν
2565 557 2631 610 τά
2669 554 3030 625 συντιθέμενα
3062 554 3203 607 κατὰ
3251 552 3340 605 τὸν
3393 552 3484 604 σὺν
3522 552 3701 619 λόγον,

2130 652 2409 722 ὲτερούσια
2581 650 2637 702 δὲ
2669 649 2738 701 τὰ
2787 647 3120 718 τεμνόμενα,
3160 646 3211 698 τί
3253 644 3576 713 συμϐαίνεις
3622 645 3706 696 Τά

2131 742 2269 794 αὐτὰ
2297 743 2556 811 ὁμοούσια
2586 758 2643 792 τε
2671 736 2809 792 εἶναι
2837 739 2930 790 καὶ
2963 738 3294 808 ἐτεροούσια.
3319 735 3470 787 Γελῶ
3492 753 3586 788 σου
3613 740 3705 791 καὶ

2131 837 2227 897 τὰς
2260 833 2715 905 προαριθμήσεις,
2747 832 2842 884 καὶ
2868 830 2966 894 τὰς
2997 828 3423 900 ὑπαριθμήσεις,
3615 813 3706 883 αἷς

2137 927 2199 977 σὺ
2228 926 2367 996 μέγα
2407 928 2640 995 φρονεῖς,
2677 922 2870 989 ὥσπερ
2895 923 2951 973 ὲν
2976 923 3044 991 τῇ
3079 917 3227 984 τάξει
3263 919 3372 971 τῶν
3406 917 3707 986 ὀνομάτων,

2135 1018 2403 1086 κειμένων
2435 1017 2543 1068 τῶν
2587 1015 2944 1085 πραγμάτων.
2981 1013 3044 1066 El
3072 1011 3183 1081 γάρ
3211 1009 3392 1070 τοῦτο,
3422 1008 3477 1061 τί
3514 1006 3710 1060 κωλύει

2137 1108 2276 1161 κατὰ
2304 1108 2392 1160 τὸν
2426 1109 2586 1160 αὑτὸν
2628 1107 2806 1174 λόγον,
2854 1103 3044 1174 ἐπειδὴ
3081 1103 3148 1156 τά
3189 1102 3326 1155 αὐτὰ
3356 1103 3452 1154 καὶ
3492 1118 3712 1171 προαριο

2138 1199 2372 1268 θμεῖται,
2403 1199 2495 1251 καὶ
2527 1197 2916 1268 ὑπαριθμεῖται
2940 1193 3090 1264 παρὰ
3115 1197 3181 1264 τῇ
3206 1193 3326 1264 θείᾳ
3500 1193 3708 1262 Γραφῇ,

2138 1289 2224 1342 διὰ
2266 1290 2364 1358 τὴν
2400 1287 2668 1358 ἰσοτιμίαν
2705 1287 2806 1356 τῆς
2859 1285 3093 1354 φύσεως.
3138 1284 3278 1337 αὐτὰ
3317 1283 3527 1336 ἑαυτῶν
3575 1277 3712 1335 εἶναι

2138 1377 2436 1446 τιμιώτερά
2480 1394 2535 1428 τε
2581 1377 2674 1428 καὶ
2703 1378 3027 1445 άτιμότερα;
3067 1375 3126 1425 '0
3170 1372 3228 1425 δὲ
3276 1371 3436 1434 αὐτός
3471 1389 3583 1440 μοι,
3623 1370 3715 1422 καὶ

2141 1471 2268 1539 περὶ
2290 1470 2386 1540 τῆς
2422 1467 2564 1532 Θεὸς
2593 1469 2775 1536 φωνῆς
2811 1469 2901 1519 καὶ
2935 1469 3170 1534 Κύριος,
3197 1464 3352 1532 λόγος
3372 1481 3384 1493 ·
3415 1464 3497 1516 ἔτι
3522 1463 3578 1516 δὲ
3607 1462 3713 1516 τῶν

2141 1561 2470 1630 προθέσεων,
2504 1561 2602 1628 τῆς
2630 1560 2697 1624 ἐξ
2727 1555 2819 1622 οὗ,
2854 1561 2948 1625 καὶ
2983 1559 3056 1611 δι’
3081 1553 3177 1620 οὗ,
3211 1557 3306 1609 καὶ
3333 1557 3402 1608 ἐν
3535 1551 3623 1618 αἷς
3653 1557 3715 1606 σὺ

2141 1650 2615 1719 κατατεχνολογεῖς
2659 1652 2788 1719 ἡμῖν
2833 1649 2892 1702 τὸ
2939 1649 3100 1709 θεῖον,
3148 1647 3246 1717 τὴν
3292 1647 3387 1714 μὲν
3427 1643 3506 1714 τῷ
3545 1645 3715 1713 Πατρὶ

2141 1740 2334 1804 διδοὺς,
2365 1741 2463 1811 τὴν
2492 1741 2546 1793 δὲ
2572 1739 2646 1810 τῷ
2684 1739 2816 1809 Υίῴ.
2851 1737 2949 1808 τὴν
2975 1739 3031 1790 δὲ
3056 1736 3133 1808 τῷ
3157 1738 3294 1806 ἁγίῳ
3319 1735 3617 1804 Πνεῦματι.
3653 1733 3715 1784 Τί

2142 1833 2248 1905 γὰρ
2295 1833 2360 1886 ἂν
2411 1834 2693 1903 ἐποίησας,
2743 1830 2952 1898 παγίως
2985 1831 3212 1883 ἑκάστου
3253 1828 3458 1881 τούτων
3508 1826 3716 1893 ἑκάστῳ

2143 1923 2544 1993 νενεμημένου·
2601 1923 2761 1975 ὁπότε
2815 1922 3029 1974 πάντων
3068 1922 3201 1973 πᾶσι
3251 1917 3714 1986 συντεταγμένων,

2144 2014 2218 2078 ὡς
2248 2015 2404 2085 δῆλον
2453 2017 2565 2076 τοῖς
2603 2016 2924 2082 φιλοπόνοις,
2966 2011 3232 2083 τοσαύτην
3284 2011 3347 2064 σὺ
3393 2009 3484 2062 διὰ
3519 2009 3714 2061 τούτων

2148 2107 2383 2173 εἰσάγεις
2413 2106 2507 2158 καὶ
2542 2106 2639 2174 τῆς
2671 2105 2849 2168 ἀξίας,
2878 2104 2973 2156 καὶ
2999 2103 3099 2173 τῆς
3139 2101 3351 2171 φύσεως
3395 2099 3715 2166 ἀνισότητας

2159 2197 2396 2267 Ἀπόχρη
2429 2195 2523 2248 καὶ
2549 2195 2720 2246 ταῦτα
2745 2197 2856 2256 τοῖς
2887 2191 2960 2262 μὴ
2987 2193 3105 2245 λίαν
3133 2193 3462 2262 ἀγνώμοσιν.
3507 2187 3717 2240 Ἐπειδὶ

476 2298 580 2350 qtte
613 2285 1201 2352 personaz'constanter
1232 2285 1600 2345 tribueretur;
1667 2298 1786 2336 cum
1816 2323 1831 2344 ,
1870 2283 2082 2337 tametsi
2118 2298 2311 2338 omnes
2354 2297 2476 2336 cum
2527 2278 2780 2342 Omnibus
2830 2280 3140 2348 promiscue
3185 2288 3603 2341 construantur,
3660 2295 3718 2337 ut

476 2379 734 2433 studiosis
765 2388 819 2431 ct
871 2379 1148 2431 accuratis
1196 2379 1492 2430 lectoribus
1537 2380 1883 2446 perspicuum
1940 2389 2045 2442 εει,
2087 2387 2292 2429 tantam
2351 2375 2466 2444 ipse
2526 2389 2620 2440 per
2671 2387 2785 2434 eas,
2855 2381 2907 2424 et
2964 2373 3262 2439 dignitatis,
3305 2384 3359 2428 et
3391 2384 3600 2428 natura:
3636 2377 3718 2429 di-

478 2474 790 2528 versitatem
818 2473 1081 2525 inducas?
1111 2470 1395 2525 SulIiciunt
1420 2472 1535 2525 bmc
1561 2473 1783 2542 quidem
1816 2471 2124 2524 hominibus
2153 2486 2258 2523 non
2297 2455 2460 2521 nimis
2493 2467 2698 2535 iniquis
2720 2479 2783 2520 ac
2818 2467 3184 2534 praeposteris.

975 2603 1059 2656 Ex
1089 2603 1269 2656 eadem
1299 2605 1560 2656 oratione.

548 2739 704 2808 Quod
727 2741 793 2804 si,
816 2741 940 2810 quia
971 2757 1074 2794 non
1101 2740 1394 2795 admodum
1414 2741 1647 2794 dilucide
1673 2743 1722 2794 in
1747 2739 2049 2809 Scriptura,

479 2849 578 2886 nec
593 2847 736 2898 saepe
754 2833 1072 2885 nominatim
1093 2832 1232 2886 Deus
1249 2833 1572 2901 appelletur,
1591 2834 2052 2900 quemadmodum

2579 2600 2679 2657 Ἕκ
2703 2601 2810 2657 τοῦ
2839 2600 3027 2655 αὑτοῦ
3043 2601 3250 2666 λόγου.

2220 2743 2280 2794 El
2305 2741 2365 2820 ,δὲ
2399 2741 2460 2792 τὸ
2493 2741 2568 2810 μὴ
2597 2740 2716 2794 λίαν
2767 2740 2955 2808 σαφῶς
3001 2738 3314 2810 γεγράφθαι
3383 2741 3541 2802 Θεὶν,
3578 2741 3714 2808 μηδὲ

2153 2833 2408 2894 πολλάκις
2438 2834 2718 2901 ὀνομαστὶ,
2745 2833 2934 2904 ὥσπερ
2951 2833 3040 2886 τδν
3055 2834 3269 2902 Πατέρα
3292 2832 3586 2900 πρότερον,
3627 2838 3718 2886 καὶ

481 2923 636 2976 Pater
659 2925 833 2992 prius.
862 2933 915 2976 et
945 2934 1130 2990 postea
1162 2923 1355 2990 Filius,
1392 2925 1741 2993 blaSphemiae
1776 2938 1840 2977 ac
1865 2940 2049 2993 super-

2148 2924 2239 2976 τὸν
2272 2923 2397 2974 Υίὺν
2433 2921 2681 2990 ὕστερον,
2718 2921 2897 2976 αἴτιόν
2945 2939 3028 2975 σοι
3079 2923 3288 2988 γίνεται
3343 2923 3716 2991 βλασφημίας,

478 3027 730 3068 vacaneaa
763 3013 1284 3081 lmjusloquacitatis
1309 3022 1365 3066 et
1391 3013 1687 3082 impietatis
1703 3028 1890 3068 ansam
1919 3030 2054 3083 pra:-

488 3106 597 3167 bet,
622 3117 724 3156 nos
753 3102 850 3155 tibi
879 3103 981 3154 hoc
1019 3101 1425 3154 incommodum
1451 3102 1807 3171 depellemus,
1837 3114 2054 3169 postea-

481 3209 644 3263 quam
677 3193 743 3247 de
765 3192 930 3247 rebus
975 3202 1030 3245 et
1076 3191 1414 3257 nominibus,
1469 3209 1529 3247 ac
1589 3195 1933 3262 potissimum
1987 3198 2054 3251 dc

480 3285 778 3353 Scriptura:
808 3299 960 3339 more
986 3293 1151 3353 atque
1182 3299 1282 3337 usu
1307 3285 1553 3339 nonnihil
1589 3286 1912 3342 dixerimus.

554 3373 751 3428 Rerum
805 3391 933 3445 ergo
998 3375 1118 3429 alia:
1189 3392 1298 3430 non
1377 3385 1528 3439 sunt,
1598 3378 1693 3430 sed
1760 3379 2051 3444 dicuntur;

485 3467 604 3519 aliae
705 3483 830 3520 cum
938 3466 1091 3527 sint.
1209 3470 1434 3522 minime
1524 3469 1846 3534 dicuntur;
1933 3470 2051 3523 aliae

486 3569 588 3608 nec
618 3564 765 3618 sunt,
801 3570 899 3609 nec
929 3555 1220 3620 dicuntur;
1269 3559 1389 3612 alia:
1444 3560 1677 3626 denique
1728 3569 1783 3614 et
1827 3572 1950 3614 sum
2003 3571 2059 3614 et

485 3645 762 3697 dicuntur.
801 3643 1002 3697 llorum
1032 3647 1381 3713 probationes
1411 3664 1437 3700 a
1472 3665 1554 3702 uae
1579 3651 1870 3720 exposcis?
1900 3650 2061 3718 Impi-

488 3750 580 3803 ger
609 3734 902 3790 exhibebo.
944 3737 1151 3791 Dormit
1186 3743 1204 3770 ¹
1253 3740 1304 3792 in
1339 3739 1619 3807 Scriptura
1653 3742 1810 3805 Deus,
1844 3752 1896 3796 et
1927 3744 2062 3813 vigi—

489 3827 560 3880 lat
628 3827 672 3890 ',
719 3835 775 3880 et
830 3829 1083 3882 irascitur
1123 3829 1144 3860 ⁸
1178 3871 1192 3892 ,
1244 3842 1292 3884 et
1339 3833 1699 3898 proﬁciscitur
1757 3837 1802 3898 ⁸,
1860 3846 1908 3888 et
1964 3851 2060 3904 pro

488 3919 681 3972 throno
730 3919 1059 3974 cherubinos
1128 3921 1147 3948 ⁸
1209 3923 1386 3974 habet.
1435 3922 1573 3988 Quid
1615 3925 1813 3977 audio?
1865 3926 2060 3979 Fuitne

487 4023 722 4076 unquam
761 4009 847 4062 ille
873 4009 1248 4066 silicetionibns
1277 4013 1575 4066 obnoxius?
1617 4014 1842 4080 Quando
1893 4016 2056 4068 Deum

487 4114 608 4152 esse
631 4115 830 4168 corpus
855 4102 1092 4154 audisti?
1123 4103 1260 4170 Ergo
1281 4105 1402 4166 hoc,
1430 4121 1550 4157 cum
1580 4121 1684 4158 non
1711 4107 1802 4171 sit,
1830 4105 2058 4160 eﬂitrtnm

487 4198 589 4243 est.
635 4190 707 4242 lix
744 4193 944 4245 nostris
973 4193 1115 4245 enim
1165 4194 1326 4247 rebus
1375 4210 1462 4255 ea,
1502 4212 1619 4262 quae
1667 4197 1756 4250 Dei
1810 4207 1958 4263 sunt,
2007 4207 2060 4251 ut

489 4279 782 4345 potuimus,
819 4283 1239 4337 nominavimus.
1302 4287 1434 4338 Cum
1490 4288 1715 4341 seorsim
1766 4291 1980 4357 quidem
2032 4305 2049 4340 ι

2147 4290 2289 4346 οἶδεν
2323 4295 2522 4354 αἰτίας,
2576 4291 2796 4345 ὑπνοῦν.
2827 4291 2900 4343 Τὸ
2947 4290 3056 4360 γάρ
3079 4288 3346 4360 ἡμέτερον

489 4368 644 4432 nobis
675 4373 926 4436 quiescit,
953 4388 1016 4426 ac
1051 4376 1197 4428 velut
1223 4380 1390 4431 nostri
1423 4394 1634 4442 curant,
1686 4381 1755 4433 ob
1784 4395 1895 4439 eas,
1929 4397 2062 4449 quas

490 4463 604 4527 ipse
663 4474 976 4530 perspectas
1033 4466 1217 4530 habet,
1283 4485 1492 4532 causas,
1556 4470 1765 4540 abjicit,
1825 4472 2062 4525 dormire

487 4554 705 4607 dicitur.
755 4553 888 4607 Nam
941 4571 1038 4610 nos
1085 4574 1320 4628 quoque,
1375 4561 1502 4614 dmn
1552 4563 1867 4625 dormimus,
1915 4563 2058 4615 omni

487 4643 678 4710 agmnli
743 4643 1000 4699 facultate
1059 4662 1330 4703 caremus.
1385 4650 1552 4713 Idem,
1607 4665 1730 4702 cum
1787 4649 2060 4717 repentina

489 4737 792 4788 mutatione
852 4736 1129 4793 beneﬁciis
1185 4755 1288 4794 nos
1333 4740 1522 4804 allicit,
1573 4740 1795 4807 vigilare
1843 4739 2060 4792 dicitur.

491 4828 680 4880 Sonni
736 4829 880 4881 enim
924 4829 1168 4898 depulsio
1216 4840 1298 4885 est
1346 4833 1555 4900 vigilia,
1612 4832 2062 4898 quemadmodum

489 4921 850 4974 avet-sationis
885 4922 1146 4976 visitatio.
1180 4922 1298 4977 Jam
1332 4939 1454 4978 cum
1494 4924 1543 4977 in
1567 4922 1796 4991 aliquem
1829 4923 2066 4976 animad-

491 5009 673 5069 vertit,
723 5010 883 5063 irasci
926 5027 1049 5064 emn
1107 5012 1378 5067 linxiums.
1429 5011 1518 5066 Sic
1567 5013 1714 5066 enim
1746 5027 1844 5066 nos
1883 5012 1962 5066 ira
1997 5013 2061 5065 ad

493 5101 817 5167 puniendum
866 5103 1171 5157 incitamur.
1216 5105 1366 5169 Quod
1399 5116 1576 5159 autem
1607 5119 1748 5158 nunc
1785 5105 1891 5168 hic,
1926 5120 2065 5156 nunc

493 5192 600 5245 illic
641 5194 916 5260 opera‘tnr,
964 5194 1218 5248 incedere
1261 5196 1478 5248 dicitur.
1531 5196 1613 5249 Ab
1661 5194 1768 5248 alio
1804 5196 1946 5248 enim
1995 5197 2062 5247 ad

490 5281 636 5335 aliud
667 5283 944 5348 transitus,
973 5285 1240 5354 profectio
1276 5295 1375 5338 est.
1425 5285 1574 5350 Quod
1611 5300 1737 5339 vero
1779 5285 1831 5338 in
1863 5286 2065 5338 sanctis

495 5371 598 5426 illis
628 5380 683 5428 et
713 5374 1024 5432 caelestibus
1059 5377 1330 5431 mentibus
1379 5379 1750 5447 conquiescat,
1804 5393 1868 5433 ac
1921 5377 2062 5430 velut

578 5569 595 5600 ⁸
621 5565 780 5622 Rom.
814 5586 888 5635 ιι,
922 5571 1010 5627 36.
1090 5574 1110 5602 ²
1143 5570 1286 5629 Psal.
1313 5587 1518 5641 Lxxvu,
1551 5573 1640 5628 65.

1717 5574 1736 5603 ³
1767 5571 1901 5627 Dan.
1932 5589 2006 5638 Ix,
2050 5573 2135 5628 H.

2137 3017 2246 3068 -καὶ
2267 3015 2362 3084 τῆς
2393 3018 2654 3085 περιττῆς
2693 3015 2897 3083 ταύτης
2917 3015 3294 3083 γλωσσαλγίας
3308 3016 3402 3068 καὶ
3433 3015 3714 3077 ἁσεῦεἰαςσ

2155 3107 2314 3176 ἡμεῖς
2347 3125 2429 3160 σοι
2463 3105 2696 3176 λύσομεν
2731 3107 2934 3175 ταύτην
2981 3108 3080 3173 τὴν
3113 3107 3342 3177 βλάϐην,
3369 3111 3545 3178 μικρὰ
3593 3110 3720 3178 περὶ

2157 3201 2500 3267 πραγμάτων
2535 3200 2626 3251 καὶ
2667 3199 2970 3265 ὀνομάτων,
3022 3201 3115 3252 καὶ
3176 3199 3411 3266 μάλιστα
3467 3200 3625 3269 παρὰ
3661 3203 3720 3268 τῇ

2156 3290 2253 3358 τῆς
2296 3291 2517 3361 Γραφῆς
2552 3289 2812 3358 συνηθείᾳ
2844 3291 3328 3360 φιλοσοφήσαντες.

2228 3381 2348 3434 Τῶν
2385 3383 2748 3450 πραγμάτων,
2791 3385 2857 3435 τά
2912 3383 3010 3450 μὲν
3051 3385 3153 3434 οὐκ
3181 3382 3319 3444 ἔστι,
3371 3383 3596 3451 λέγεται
3634 3386 3704 3437 δέ·

2158 3472 2226 3523 τά
2251 3473 2307 3524 δὲ
2335 3471 2486 3532 ὄντα,
2527 3474 2588 3524 οὐ
2615 3473 2853 3538 λέγεταιο
2883 3474 2952 3524 τά
2979 3474 3036 3526 δὲ
3076 3471 3197 3525 οὔτε
3227 3472 3400 3537 ἐστιν,
3457 3473 3587 3528 οὔτε
3636 3475 3711 3527 λέ-

2135 3576 2311 3630 γεται·
2337 3562 2405 3613 τὰ
2444 3562 2501 3614 δὲ
2545 3563 2731 3630 ἄμφω,
2781 3561 2873 3612 καί
2908 3560 3044 3616 ἔστι.
3085 3557 3177 3610 καὶ
3209 3559 3447 3625 λέγεται.
3504 3561 3716 3613 Τούτων

2136 3655 2390 3716 ἀπαιτεῖς
2437 3669 2504 3722 με
2571 3651 2668 3714 τὰς
2719 3651 3058 3714 ἁποδείξεις;
3126 3653 3428 3720 παρασχεῖν
3481 3651 3717 3719 ἕτοιμος.

2149 3740 2338 3794 ’Υπνοῖ
2375 3744 2438 3810 τῇ
2471 3741 2659 3812 Γραφῇ
2687 3740 2836 3804 855g,
2862 3739 2956 3792 καὶ
2982 3737 3268 3811 γρηγορεῖ,
3303 3739 3392 3790 καὶ
3422 3739 3718 3809 ὀργίζεται,

2138 3835 2232 3888 καὶ
2267 3832 2494 3903 βαδίξει,
2533 3833 2627 3885 καὶ
2682 3831 2869 3900 θρόνον
2904 3830 3015 3900 ἕχει
3071 3830 3139 3881 τά
3191 3828 3476 3899 χερουϐίμο
3526 3830 3721 3886 καίτοι,

2141 3928 2270 3979 πότε
2295 3924 2518 3994 γέγονεν
2544 3923 2794 3994 ἐμπαθὴς
2816 3940 2829 3986 ;
2865 3923 2992 3976 πότε
3017 3921 3073 3974 δὲ
3100 3921 3258 3990 σῶμα
3287 3917 3418 3972 Θεὸν
3440 3919 3720 3990 ἀκήκοωςς

2141 4017 2314 4069 Τοῦτο
2337 4017 2438 4068 οὐκ
2459 4014 2518 4068 ὃν
2548 4014 2878 4084 ἀνεπλάσθη.
2925 4012 3302 4083 Ὠνομάσαμεν
3324 4011 3453 4081 γὰρ,
3483 4011 3562 4074 ὼς
3597 4012 3725 4080 ἡμῖν

2139 4110 2384 4178 ἐφικτὸν,
2421 4110 2484 4160 ἐκ
2518 4108 2623 4160 τῶν
2655 4106 2940 4178 ἡμετέρων
2961 4104 3032 4158 τὰ
3056 4103 3151 4158 τοῦ
3181 4103 3335 4156 Θεοῦ.
3365 4101 3439 4155 Τὸ
3477 4103 3580 4168 μὲν
3598 4103 3726 4172 lips-

2146 4205 2265 4270 μεῖν
2301 4197 2464 4254 αὑτὸν
2491 4201 2581 4268 ἀφ’
2611 4199 2786 4270 ἡμῶν,
2825 4199 2919 4251 καὶ
2950 4192 3062 4250 οἷον
3092 4195 3334 4267 ἀμελεῖν,
3377 4193 3444 4247 δι’
3467 4192 3536 4257 ἃς
3569 4193 3729 4254 αὐτὸς

3529 4284 3728 4338 ὑπνοῦν

2144 4385 2405 4448 τοιοῦτον,
2424 4385 2784 4456 ἁνενέργητόν
2809 4401 2865 4435 τε
2887 4383 2979 4436 καὶ
3001 4382 3300 4452 ἄπρακτον.
3338 4378 3411 4431 Τὸ
3435 4378 3491 4431 δὲ
3519 4377 3731 4448 ἀθρόως

2148 4477 2206 4534 εὖ
2245 4483 2417 4533 ποιεῖν
2450 4481 2512 4531 ὲκ
2534 4478 2862 4549 μεταϐολῆς,
2903 4477 3218 4546 γρηγορεῖν.
3259 4472 3470 4525 ’Ύπνου
3502 4472 3614 4542 γὰρ
3641 4471 3734 4522 λύ-

2149 4590 2257 4635 σις,
2297 4573 2646 4642 ἐγρήγορσις,
2683 4570 2872 4639 ὥσπερ
2897 4565 3272 4638 ἀποστροφῆς,
3303 4563 3612 4631 ἐπίσκεψις.
3663 4563 3733 4615 Τὸ

2147 4660 2205 4714 δὲ
2232 4659 2499 4724 κολάζειν,
2540 4658 2852 4730 ὀργίζεσθαι
2875 4655 3270 4724 πεποιήκαμεν·
3303 4650 3446 4705 οὕτω
3472 4652 3582 4720 γάρ
3605 4653 3734 4721 ἡμῖν

2150 4753 2207 4815 ἐξ
2232 4753 2458 4822 ὀργῆςή
2492 4750 2732 4813 κόλασις.
2770 4748 2843 4800 Τὸ
2874 4747 2930 4800 δὲ
2968 4745 3065 4798 νῦν
3103 4745 3200 4814 μὲν
3377 4742 3525 4813 τῇδε,
3554 4742 3649 4795 νῦν
3680 4741 3734 4793 δὲ

2149 4842 2277 4912 τῇδε
2325 4843 2586 4912 ἐνεργεῖν,
2615 4839 2874 4910 βαδίζειν.
2910 4837 2974 4890 'H
3005 4833 3116 4907 γὰρ
3137 4837 3230 4888 ἀπ’
3265 4833 3424 4888 ἄλλον
3454 4833 3589 4903 πρὸς
3612 4832 3736 4886 ἄλλο

2156 4935 2471 5004 μετάϐασις,
2510 4933 2788 5004 βαδισμός.
2843 4931 2917 4984 Τὸ
2953 4929 3011 4982 δὲ
3065 4925 3444 4981 ἀναπαύεσθαι
3620 4926 3736 4984 ταῖς

2153 5027 2336 5094 ἁγίαις
2370 5025 2652 5090 δυνάμεσι,
2687 5023 2780 5076 καὶ
2809 5017 2920 5073 οἷον
2965 5018 3386 5089 ὲμφιλοχωρεῖν,
3411 5011 3734 5076 καθέζεσθαι

2155 5120 2248 5172 καὶ
2279 5117 2642 5189 θρονίζεσθαι,
2671 5115 2764 5168 καὶ
2795 5113 2953 5166 τοῦτο
2987 5111 3276 5181 ἡμέτερον.
3295 5107 3488 5160 Οὐδενὶ
3517 5108 3627 5178 γὰρ
3650 5105 3732 5157 οὖ-

2155 5227 2278 5272 τως,
2317 5209 2392 5270 ὡς
2415 5211 2523 5273 τοῖς
2548 5207 2724 5276 ἁγίοις
2754 5208 2814 5259 τὸ
2842 5205 2983 5257 θεῖον
3010 5199 3438 5255 ὲναναπαύεται.
3594 5199 3664 5249 Τὸ
3684 5197 3736 5248 δὲ

2154 5301 2492 5369 ὀξυκίνητον,
2519 5301 2734 5370 πτῆσιν·
2758 5298 2856 5365 τὴν
2885 5295 2941 5348 δὲ
2968 5291 3300 5358 ἐπισκοπὴν,
3334 5289 3645 5359 πρόσωπον·
3677 5285 3733 5338 τὸ

2155 5391 2356 5444 διδόναι
2383 5391 2438 5443 δὲ
2469 5392 2562 5443 καὶ
2595 5388 2911 5459 προσίεσθαι
2956 5424 2970 5443 ,
3147 5383 3325 5453 χεῖρα’
3355 5379 3449 5432 καὶ
3489 5377 3734 5447 άλλη-τις

2212 5577 2229 5602 ’⁸
2257 5572 2361 5629 Isti.
2394 5591 2444 5631 V.
2479 5577 2565 5630 ‘25.

2644 5578 2658 5606 ι
2697 5575 2806 5630 Gen
2838 5592 2913 5640 ιι,
2947 5577 3000 5632 5.
3081 5576 3102 5608 ⁸
3131 5575 3234 5632 lsa.
3267 5593 3467 5646 Invu,
3496 5579 3579 5634 ιϐ.
