4036 6210
378 243 487 308 837
1344 244 1727 306 PANOPLIA
1767 246 2228 312 DOGMATICA.
2270 275 2333 288 --
2372 252 2522 314 TlT.
2558 254 2667 314 XI.
3514 269 3622 336 838

375 357 516 420 δλως
546 357 660 411 τῶν
691 353 788 412 τοῦ
821 356 959 412 Θεοῦ
982 356 1270 426 δυνάμεων
1303 357 1336 428 ἢ
1378 358 1694 428 ινεργειῶν·
1727 361 1862 414 ἄλλο
1888 379 1940 417 τι

2048 363 2280 420 libenter
2340 369 2684 432 immoretur,
2723 372 2912 427 sedere
2962 380 3125 442 atque
3164 375 3220 431 in
3259 375 3452 438 throno
3497 403 3618 444 esse

375 450 482 504 τῶν
515 449 847 517 σωματικῶν
873 451 1005 520 ἡμῖν
1030 449 1520 518 ἀνεζωγράφησεν.

2051 457 2519 524 nuncupavimus;
2556 463 2700 528 quati
2730 461 2906 532 ipsum
2935 479 3156 534 quoque
3216 479 3462 526 nostrum
3508 487 3612 531 est.

362 540 516 596 ﬁcus
545 541 689 595 enim
722 541 871 595 nulla
906 540 962 594 in
997 555 1055 594 re
1098 539 1324 608 perinde
1361 547 1421 594 ut
1486 541 1540 594 in
1596 544 1835 607 sanctis,
1873 547 2195 615 acquiescit.
2253 547 2370 601 Jam
2425 552 2696 607 levitatem
2728 554 2847 622 ejus
2894 567 3190 629 motusque
3249 564 3607 631 celeritatem,

375 634 614 688 volatum
637 634 886 704 fappellat
913 634 1228 704 Scriptura;
1276 634 1660 699 visitationem,
1689 637 1919 704 vultum,
1969 640 2306 710 largitionem
2337 645 2498 698 etiam
2535 655 2590 698 et
2625 650 3017 717 acceptionetn,
3047 668 3307 722 manum;
3337 669 3522 726 atque,
3559 672 3614 714 ut

369 727 423 780 in
450 741 664 781 summa
685 726 888 792 dicam,
927 726 1030 781 alia
1069 728 1316 797 quaedam
1343 727 1436 781 Dei
1484 729 1568 782 vis
1617 737 1670 783 et
1717 728 1969 795 facultas,
2022 732 2168 787 aliud
2195 734 2472 803 quidpiam
2503 754 2679 792 rerum
2731 755 3117 810 corporearum
3154 748 3309 803 nobis
3343 750 3608 818 depinxit.

445 821 613 874 Πάλιν
642 822 708 874 σὺ
753 819 918 875 πόθεν
940 820 1003 872 τὺ
1033 819 1331 887 ἀγέννητον
1361 819 1552 873 λαϐὼν
1585 821 1748 891 ἔχεις,
1813 825 1846 890 ἢ
1880 823 1941 875 τὸ

2131 826 2372 882 Rursum
2411 831 2684 887 ttndenam
2753 845 2807 890 tu
2859 853 3014 893 arces
3066 839 3190 895 illas
3264 851 3406 909 tuas,
3466 845 3617 913 ingv-

372 915 630 985 ἄναρχον,
681 913 782 976 τὰς
830 913 927 976 σὰς
977 913 1328 982 ἀκροπόλεις,
1383 915 1416 983 ἢ
1473 914 1570 966 καὶ
1635 917 1822 983 ἡμεῖς,
1878 916 1940 968 τὸ

2048 918 2220 972 nilum
2248 931 2341 974 aut
2396 925 2854 994 anarchum(hoc
2905 939 2988 983 est
3041 933 3299 1000 principii
3348 936 3610 1003 expers),

369 1005 679 1072 ἁθάνατον;
712 1004 897 1069 Δεῖξον
952 1005 1128 1059 ταῦτα
1177 1009 1466 1075 ὀνομαστὶ,
1493 1007 1527 1076 ἢ
1563 1008 1936 1076 ἀθετήσομεν,

2046 1012 2325 1078 accepisti,
2355 1023 2452 1068 aut
2504 1030 2604 1070 nos
2641 1017 2802 1070 etiam
2861 1019 3188 1077 immortalis
3218 1039 3404 1077 vocem
3433 1026 3456 1078 ?
3489 1026 3611 1080 l-lasc

363 1099 556 1167 ἐπειδὴ
583 1097 648 1150 οὐ
685 1099 1017 1164 γέγραπται,
1053 1098 1084 1166 ῆ
1117 1097 1516 1166 διαγράψομεν.
1575 1099 1686 1150 Καὶ
1744 1099 1936 1168 τέθνη-

2044 1101 2365 1156 nominatim
2401 1112 2454 1158 et
2488 1121 2744 1174 expresse
2773 1112 3023 1175 ostende,
3063 1126 3126 1166 ea
3161 1114 3240 1166 vel
3275 1115 3609 1182 rejiciemus,

365 1209 470 1253 κας
501 1192 566 1244 ὲκ
601 1189 712 1243 τῶν
741 1188 848 1242 σῶν
873 1188 1209 1254 ὑποθέσεων,
1240 1188 1679 1258 καθαιρεθέντων
1712 1206 1795 1242 σοι
1821 1191 1931 1242 τῶν

2044 1197 2173 1264 quia
2225 1197 2278 1249 in
2313 1195 2598 1266 Scriptura
2630 1214 2739 1254 non
2800 1209 3035 1267 exstant,
3070 1205 3155 1257 vel
3211 1219 3605 1275 expungemus.

362 1285 669 1352 ὀνομάτων,
717 1284 812 1336 καὶ
849 1281 944 1334 τοῦ
1003 1281 1215 1350 τείχους
1257 1283 1357 1350 τῆς
1407 1285 1734 1350 καταφυγῆς
1774 1281 1859 1349 ἐφ’
1885 1275 1932 1348 ᾧ

2041 1289 2219 1355 Atque
2241 1290 2312 1342 ita
2349 1292 2571 1346 tuismet
2622 1292 2737 1362 ipse
2783 1295 3063 1363 principiis
3099 1311 3394 1364 oppressus
3445 1301 3611 1352 inter-

351 1376 698 1438 ἐπεποίθεις.
735 1376 806 1429 Ἦ
824 1374 1003 1442 δῆλον,
1023 1374 1108 1426 ὅτι
1135 1373 1201 1426 ἐκ
1229 1373 1341 1427 τῶν
1361 1372 1534 1426 ταῦτα
1567 1375 1932 1442 συναγόντων,

2040 1377 2389 1442 ibis,eversis
2419 1381 2676 1434 nimirum
2704 1383 2794 1435 tibi
2817 1384 3096 1438 vocabulis
3120 1385 3249 1448 illis,
3271 1385 3610 1454 perlugiique

361 1471 471 1525 κᾶν
512 1467 589 1538 μὴ
621 1467 793 1522 ταῦτα
834 1465 1100 1536 an-rat;
1131 1465 1174 1516 Τ
1181 1466 1306 1517 ίνων
1331 1466 1574 1532 τούτων;
1619 1466 1770 1534 Ἐ’γιὶ)
1813 1468 1930 1534 ειμι

2038 1470 2332 1533 inanibus,
2357 1471 2408 1524 in
2443 1473 2642 1538 quibus
2664 1473 3002 1528 conﬁdebas.
3036 1474 3237 1527 Nonne
3254 1478 3605 1543 perspicuum

361 1563 618 1632 πρῶτος,
643 1561 876 1631 καίέῃὼ
906 1560 1057 1630 μετὰ
1093 1561 1299 1616 ταῦτα’
1339 1559 1456 1623 καὶ,
1486 1558 1606 1625 Πρό
1634 1557 1785 1628 ἐμοῦ
1816 1559 1931 1613 οὐκ

2037 1571 2142 1625 est,
2163 1564 2277 1616 haec
2306 1565 2374 1617 de
2404 1563 2471 1618 iis
2493 1576 2709 1633 sumpta
2739 1580 2882 1626 esse,
2907 1582 2971 1620 ex
3003 1567 3204 1634 quibus
3237 1567 3599 1632 colliguntur,

357 1659 532 1710 ἐστιν
552 1656 746 1720 ἄλλος
763 1653 930 1720 Θεὸς,
957 1653 1054 1707 καί
1097 1653 1228 1722 μετ’
1253 1651 1361 1720 ἐμὲ
1393 1654 1506 1705 οὐκ
1527 1651 1722 1705 ἔσται.
1769 1650 1930 1704 Ὀλον

2034 1655 2249 1708 tametsi
2275 1655 2500 1709 minime
2521 1655 2812 1709 dicantur?
2832 1656 3047 1722 Quibus
3076 1659 3289 1710 tandem
3317 1658 3339 1710 ?
3367 1657 3475 1726 Ego
3492 1675 3606 1710 sum

347 1749 474 1818 γὰρ
499 1749 562 1802 τὸ
583 1749 778 1810 ἔστιν,
819 1744 974 1816 ἐμόν’
1003 1743 1128 1798 οὔτε
1150 1745 1453 1815 ἠργμένον,
1482 1741 1606 1795 οὔτε
1649 1743 1932 1811 παυσόμε-

2034 1746 2258 1814 primus,
2326 1756 2373 1797 et
2405 1761 2498 1815 ego
2548 1756 2664 1814 post
2705 1748 2813 1800 haec
2852 1747 2890 1799 ⁸.
2957 1748 3046 1812 Ει,
3081 1749 3214 1800 Ante
3263 1765 3341 1802 me
3377 1767 3478 1802 non
3532 1760 3605 1802 est

357 1839 674 1896 νον.Ταῦτα
691 1839 894 1901 λαϐὼν,
915 1839 977 1891 τὸ
1000 1840 1123 1908 μὲν,
1145 1836 1220 1906 μὴ
1245 1833 1383 1891 εἷναί
1401 1854 1455 1890 τι
1479 1837 1586 1906 πρδ
1607 1835 1797 1898 αὑτοῦ,
1823 1852 1931 1904 μη-

2035 1837 2177 1891 alius
2206 1837 2363 1900 Deus,
2394 1849 2442 1891 et
2494 1846 2608 1906 post
2661 1855 2744 1892 me
2800 1855 2904 1893 non
2931 1841 3032 1893 erit
3063 1841 3104 1894 ’.
3137 1839 3334 1894 Totum
3371 1843 3512 1894 enint
3538 1842 3605 1895 il—

343 1934 417 1985 -δὲ
454 1930 834 2001 πρεσῦυτέραν
874 1932 1054 1983 αἰτίαν
1090 1930 1257 2000 ἔχειν,
1285 1929 1523 1998 ἄναρχον
1545 1927 1926 1998 προσηγόρευ-

2031 1931 2124 1985 lud
2159 1939 2260 1995 est,
2295 1946 2473 1984 meum
2501 1939 2618 1996 est;
2671 1947 2772 1985 nec
2824 1932 3153 2001 principium
3216 1933 3440 1999 habens,
3492 1945 3591 1986 nec

362 2041 484 2089 σας,
505 2023 601 2078 καὶ⁵
627 2023 947 2093 ἀγέννητονο
967 2021 1033 2076 τὸ
1060 2021 1138 2082 δὲ.
1169 2021 1243 2090 μὴ
1285 2021 1588 2090 στήσεσθαι
1639 2019 1738 2072 τοῦ
1760 2015 1922 2084 εἶναι,

2034 2021 2194 2076 linem
2249 2022 2586 2076 habiturum.
2628 2021 2725 2077 His
2754 2038 2783 2076 a
2812 2022 3095 2092 Scriptura
3146 2025 3404 2092 acceptis,
3469 2023 3598 2076 illud

359 2116 632 2170 ἀθάνατον
647 2114 1080 2184 καὶάνὼλεθρον.
1107 2115 1172 2166 Ai
1196 2113 1294 2182 μὲν
1307 2112 1373 2180 δὴ
1391 2111 1604 2180 πρῶται
1643 2111 1923 2178 συζυγίαι,

2031 2116 2278 2183 quidem,
2311 2117 2454 2182 quod
2493 2123 2620 2168 ante
2643 2129 2765 2167 eum
2800 2115 2935 2167 nihil
2971 2117 3062 2176 sit,
3096 2129 3195 2168 nec
3223 2115 3597 2182 antiquiorem

353 2206 634 2269 τοιαῦται,
667 2205 767 2260 καὶ
802 2202 976 2266 οὕτως
1023 2203 1274 2271 ἔχουσαι.
1339 2201 1476 2254 Τίνα
1508 2201 1566 2254 δὲ
1595 2199 1720 2253 οὔτε
1757 2201 1927 2266 ἐστιν,

2034 2209 2200 2262 ullam
2227 2209 2343 2277 ipse
2371 2224 2591 2262 causam
2622 2208 2840 2272 habeat,
2893 2210 3188 2261 anarchum
3217 2217 3272 2261 et
3296 2209 3595 2275 ingenitum

353 2297 482 2351 οὔτε
505 2297 729 2366 λέγεται
749 2311 765 2362 ;
801 2292 1044 2362 Πονηρὸν
1066 2293 1130 2346 τὸ
1159 2293 1329 2356 θεῖον,
1351 2293 1384 2360 ή
1411 2295 1623 2360 σφαῖρα
1644 2293 1928 2361 τετράγω-

2035 2300 2329 2368 appellssti
2359 2317 2373 2353 :
2407 2299 2551 2367 quod
2615 2309 2795 2353 autem
2830 2314 3108 2366 nunquam
3144 2313 3269 2352 esse
3316 2299 3599 2353 desiturus

349 2407 472 2453 νος,
495 2392 557 2444 τὸ
567 2387 846 2459 παρελθὸν
866 2386 1164 2456 ἐνέστηκεν
1203 2384 1268 2438 οὐ
1295 2383 1554 2440 σύνθετον
1574 2386 1601 2437 δ
1617 2384 1927 2453 ἄνθρωπος’

2033 2393 2126 2458 sit,
2185 2393 2516 2453 immortale,
2547 2402 2712 2461 atque
2766 2391 3022 2446 interitus
3087 2406 3300 2460 expers.
3364 2393 3441 2444 Ac
3492 2393 3600 2445 dun

357 2483 496 2536 Τίνα
521 2482 632 2551 γὰρ
657 2482 740 2543 είς
761 2479 1020 2533 τοσοῦτον
1073 2475 1386 2547 ἐμπληξίας
1431 2475 1564 2528 ποτὲ
1587 2475 1927 2545 ἀφικόμενον

2034 2481 2208 2547 prima
2262 2496 2444 2534 rerum
2480 2496 2679 2551 genera
2711 2481 2773 2535 ad
2806 2481 2955 2534 hunc
2979 2481 3201 2533 modum
3255 2497 3314 2535 se
3361 2482 3588 2536 habent.

357 2577 551 2643 ἔγνως.
585 2573 727 2628 ὥστε
759 2583 816 2625 τι
865 2569 1132 2636 τοιοῦτον,
1187 2569 1218 2638 ἢ
1248 2568 1504 2636 ιννοῆσαι
1535 2565 1833 2635 τολμῆσαι,
1894 2565 1928 2636 ἢ

2031 2571 2290 2638 Quaenam
2317 2583 2519 2639 autem,
2547 2587 2646 2626 nec
2673 2582 2824 2635 sunt,
2845 2587 2944 2627 nec
2975 2571 3282 2627 dicuntur?
3311 2573 3601 2641 Improbus

340 2663 746 2736 ἠποφήνασθαι
767 2679 784 2730 ;
815 2662 1080 2718 Λείποται
1129 2659 1303 2726 δεῖξαι
1350 2657 1475 2710 τίνα
1507 2657 1604 2709 καὶ
1638 2655 1782 2719 ἔστι,
1825 2654 1922 2707 καὶ

2033 2663 2195 2726 Deus,
2213 2664 2474 2732 quadrata
2501 2663 2740 2733 sphera,
2767 2665 3098 2732 praeteritum
3127 2675 3338 2733 tempus
3362 2679 3600 2732 prmsens

358 2757 601 2823 λέγεταν
631 2754 786 2818 Θεὸς,
815 2751 1127 2822 ἄνθρωπος,
1156 2748 1410 2818 ἄγγελος,
1459 2745 1661 2818 κρίσις,
1701 2745 1930 2814 ματαιό-

2030 2766 2135 2822 est,
2163 2756 2326 2811 homo
2357 2758 2692 2824 compositus
2727 2771 2834 2810 non
2869 2767 2970 2812 est.
3008 2757 3244 2826 Ecquem
3285 2759 3433 2810 enim
3499 2773 3599 2810 un-

348 2867 481 2919 της,
507 2850 558 2902 οί
583 2846 818 2902 τοιοῦτοι
843 2843 1220 2912 συλλογισμοὶ,
1257 2842 1354 2894 καὶ
1386 2839 1487 2910 τῆς
1523 2839 1762 2902 πίστεως
1795 2839 1928 2892 ἀνα-

2034 2855 2199 2910 quam
2231 2857 2294 2897 eo
2319 2843 2561 2912 stuporis
2583 2859 2934 2912 progressum
2967 2846 3289 2916 cognovisti,
3320 2847 3595 2914 utaliquid

355 2940 560 3012 τροπὴ,
594 2941 689 2994 καὶ
718 2937 816 2992 τοῦ
847 2935 1158 3007 μυστηρίου
1190 2933 1444 2995 κένωσις.

2029 2932 2135 2987 tale
2188 2932 2272 2986 vel
2305 2934 2542 3002 cogitare
2571 2935 2653 2989 vel
2683 2937 3039 3003 pronuntiare
3063 2951 3232 2992 ausus
3267 2938 3388 2992 sit?
3446 2937 3596 2992 Reli-

353 3050 525 3111 quum
548 3045 634 3094 est
675 3042 736 3090 ut
763 3030 1044 3090 ostendam
1090 3045 1212 3100 qua:
1257 3030 1368 3084 sint
1417 3043 1482 3085 ea
1526 3043 1648 3099 quae
1677 3035 1731 3083 et
1760 3038 1889 3084 sunt
1923 3034 1979 3082 et
2031 3028 2305 3082 dicuntur.
2334 3027 2497 3093 Deus,
2528 3030 2712 3094 homo,
2737 3031 2985 3100 angelus,
3014 3030 3310 3099 judicium,
3362 3035 3598 3096 vanitas,

354 3146 466 3200 qua
495 3123 813 3195 huiusmodi
837 3129 1161 3194 argumenta
1211 3119 1603 3185 conﬁciuntur,
1641 3118 1878 3188 ﬁdeique
1904 3117 2215 3186 subversio,
2245 3128 2300 3173 et
2331 3122 2575 3191 mysterii
2618 3125 2916 3178 cvacuatio.

427 3220 714 3290 Τοσαύτης
758 3214 855 3274 οὖν
910 3216 1080 3286 οὔσης
1129 3216 1402 3286 διαφορᾶς
1452 3215 1514 3268 ὲν
1548 3216 1663 3277 τοῖς
1695 3214 1928 3282 ὀνόμασι

2099 3213 2232 3268 Cum
2311 3231 2443 3285 ergo
2527 3217 2582 3270 in
2659 3219 2971 3274 nominibus
3023 3231 3080 3275 et
3156 3224 3320 3283 rebus
3390 3234 3597 3280 tantum

355 3318 584 3378 καὶτοῖς
603 3314 918 3383 πράγμασι,
976 3309 1097 3372 πῶς
1121 3307 1266 3362 οὕτω
1293 3307 1358 3360 σὺ
1391 3308 1509 3360 λίαν
1546 3305 1820 3368 δουλεύεις
1849 3305 1927 3377 τῷ

2027 3303 2322 3360 discrimen
2358 3307 2684 3376 reperiatur,
2715 3311 2844 3378 quid
2896 3325 3076 3367 causa
3128 3324 3212 3370 est
3262 3331 3359 3369 cur
3407 3318 3598 3373 litterae

355 3411 676 3480 γράμματι,
708 3405 808 3461 καὶ
835 3405 966 3477 γίνῃ
1001 3402 1144 3474 μετὰ
1196 3403 1296 3471 τῆς
1346 3400 1649 3469 Ἰουδαῖκῆς
1709 3400 1926 3468 σοφίας,

2025 3404 2306 3466 tantopere
2361 3402 2593 3466 servias,
2647 3400 2991 3474 Judaicaeque
3039 3407 3324 3477 sapientiae
3359 3413 3595 3480 teipsum

357 3505 452 3557 καὶ
484 3501 781 3563 συλλαϐαῖς
806 3495 1150 3561 ἁκολουθεῑς,
1180 3494 1342 3565 ἀφεὶς
1370 3494 1440 3547 τὰ
1480 3494 1819 3563 πράγματας
1857 3493 1923 3547 Ei

2026 3488 2312 3559 ndjungas,
2365 3492 2678 3560 relictisque
2753 3496 2916 3551 rebus
2966 3497 3202 3566 syllabas
3232 3503 3601 3556 consecteris?

353 3599 413 3650 δὲ
446 3595 539 3649 σοῦ
563 3595 635 3648 τὰ
661 3593 745 3657 δὶς
763 3592 927 3644 πέντε
954 3589 1229 3658 λέγοντος,
1256 3587 1291 3658 ἢ
1313 3585 1381 3638 τὰ
1399 3586 1480 3648 εις
1513 3585 1671 3646 ἑπτὰ,
1703 3584 1770 3637 τὰ
1791 3583 1925 3635 δέκα

2025 3580 2176 3644 Quod
2210 3582 2256 3636 si
2303 3590 2357 3636 te
2393 3583 2477 3638 bis
2502 3584 2766 3652 qui-nque,
2828 3597 2923 3640 aut
2979 3589 3058 3640 bis
3107 3601 3313 3658 septem
3363 3595 3595 3656 dicente,

357 3690 616 3756 συνῆγον,
647 3685 680 3753 ἢ
706 3684 970 3753 τέσσαρες
1006 3683 1100 3735 καὶ
1127 3679 1260 3732 δέκα
1293 3681 1357 3732 ἑκ
1387 3678 1496 3730 τῶν
1520 3674 1857 3742 λεγομένωνο
1890 3672 1924 3742 ἢ

2021 3671 2210 3725 decent
2237 3681 2333 3726 aut
2363 3676 2777 3742 quatuordecim
2808 3692 2872 3731 ex
2906 3679 3088 3732 Verbis
3121 3681 3227 3735 tuis
3260 3683 3594 3754 colligerem;

359 3785 424 3833 ἐκ
450 3779 572 3843 τοῦ,
606 3779 746 3843 ζῶον
791 3775 1037 3844 λογικὸν,
1069 3773 1290 3844 Θνητὸν,
1322 3771 1415 3823 τὸν
1443 3769 1759 3837 ἄνθρωπον,
1815 3761 1927 3835 ἆρα

2019 3775 2110 3820 aut
2143 3781 2208 3821 ex
2238 3781 2323 3831 eo,
2351 3769 2494 3838 quod
2525 3770 2725 3824 ani-mal
2782 3773 2989 3828 ratione
3023 3777 3307 3844 praeditum
3356 3789 3414 3835 ct
3453 3798 3599 3836 mor-

353 3874 420 3925 ἂν
445 3888 533 3924 σοι
564 3870 754 3940 ληρεῖν
780 3867 1115 3938 ινομίσθην;
1163 3863 1260 3917 καὶ
1293 3862 1434 3926 πῶς,
1490 3859 1558 3914 τὰ
1590 3859 1658 3912 σὰ
1692 3859 1873 3925 λέγων
1905 3874 1919 3922 ς

2024 3859 2385 3925 talediceres,
2415 3861 2688 3915 hominem
2737 3879 2862 3920 esse
2910 3870 3316 3937 concluderem,
3375 3889 3442 3926 an
3497 3876 3595 3930 tibi

357 3965 435 4017 Οὐ
471 3967 580 4032 γὰρ
606 3963 699 4016 τοῦ
729 3960 980 4029 λέγοντος
1010 3958 1220 4028 μᾶλλον
1245 3955 1297 4009 σί
1334 3954 1507 4023 λόγοι,
1541 3952 1574 4023 ἢ
1609 3951 1706 4005 τοῦ
1733 3951 1920 4020 λέγειν

2029 3952 2222 4021 nugari
2254 3953 2510 4007 viderer?
2543 3956 2604 4011 Et
2625 3970 2739 4024 quo
2788 3968 2947 4027 pacto
2977 3961 3029 4014 id
3067 3960 3182 4016 llcri
3232 3977 3432 4033 posset,
3470 3983 3593 4021 cum

359 4055 883 4126 συναναγκάζοντος.
949 4052 1159 4120 Ὠσπερ
1179 4044 1274 4102 οὖν
1325 4045 1561 4100 ἐνταῦθα
1602 4045 1704 4097 οὐκ
1748 4044 1818 4098 ἂν
1850 4042 1920 4096 τὰ

2031 4051 2123 4096 tua
2150 4043 2573 4115 dicam?Ncq.:e
2603 4050 2748 4128 enim
2771 4051 2936 4105 verba
2979 4054 3152 4122 magis
3183 4066 3311 4108 sunt
3355 4058 3470 4128 ejus
3502 4059 3596 4128 qui

359 4125 636 4216 λεγόμενα
661 4145 866 4220 μᾶλλον
904 4144 1197 4205 ἐσκόπουν,
1229 4141 1264 4210 ἢ
1304 4139 1372 4194 τὰ
1399 4138 1694 4206 νοούμενα·
1748 4135 1923 4199 οὕτως

2031 4135 2294 4205 loquitur,
2337 4153 2500 4207 quam
2557 4125 2702 4197 illius
2757 4144 2850 4213 qui
2903 4144 3155 4214 loquendi
3209 4125 3593 4206 necessitatem

357 4211 568 4296 οὐδὲ-εί
596 4211 809 4292 τιῚᾶλλο
831 4234 942 4288 τῶν
977 4233 1054 4306 μὴ
1077 4232 1413 4303 λεγομένων,
1449 4230 1482 4301 ἢ
1517 4227 1593 4299 μὴ
1634 4227 1820 4296 σαφῶς
1856 4229 1921 4279 ὲκ

2028 4229 2203 4282 nﬂ‘ert.
2256 4229 2720 4295 Quemadmodum
2768 4235 2936 4306 igitur
2976 4238 3086 4305 hic,
3147 4255 3256 4296 non
3304 4257 3368 4297 ea
3422 4249 3595 4313 magis

353 4333 460 4403 τῆς
515 4331 738 4402 Γραφῆς
771 4328 1085 4395 ’νοούμενον
1135 4324 1418 4393 εὕρισκον,
1469 4324 1672 4390 ἔφυγον
1725 4321 1790 4376 ἂν
1822 4323 1922 4389 τὴν

2030 4335 2152 4387 qua:
2175 4319 2451 4386 dicuntur,
2471 4337 2634 4391 quam
2668 4339 2790 4394 qua:
2818 4326 3214 4398 intelliguntur,
3240 4331 3593 4400 respicerent;

357 4423 693 4495 ἐκφώνησιν,
747 4419 1080 4488 φοϐούμενος
1139 4419 1200 4470 σὲ
1269 4419 1362 4469 τὸν
1421 4417 1765 4484 συκοφάντην
1823 4415 1924 4484 τὴν

2030 4413 2221 4465 eodem
2255 4413 2418 4467 modo
2463 4429 2585 4480 nec,
2637 4418 2684 4469 si
2719 4417 2849 4484 quid
2897 4420 3044 4473 aliud
3100 4436 3289 4476 eorum
3343 4439 3462 4492 quae
3515 4425 3598 4478 vel

357 4517 665 4587 ὀνομάτων,
2031 4503 2178 4557 nullo
2215 4504 2396 4570 modo,
2424 4506 2507 4559 vel
2535 4516 2683 4562 certe
2715 4523 2825 4562 non
2851 4509 2986 4564 satis
3012 4521 3196 4580 aperte
3228 4513 3507 4580 dicuntur,
3529 4530 3595 4567 ex

361 4609 642 4677 Scriptura
709 4617 888 4661 tamen
955 4603 1178 4672 intelligi
1252 4601 1543 4672 coliigique
1594 4599 1914 4667 reperirem,
1953 4596 2090 4652 adeo
2147 4602 2201 4650 te
2243 4597 2630 4651 vocabulorum
2673 4599 3065 4669 sycophantam
3132 4606 3594 4670 pertimescerent,

359 4711 420 4754 ut
442 4700 510 4753 ab
537 4698 909 4751 enuntiatione
931 4696 1042 4762 ipsa
1067 4692 1392 4762 refugeretn.

805 4791 898 4841 Ἐκ
931 4789 1039 4841 τοῦ
1069 4787 1256 4840 αὑτοῦ
1278 4787 1492 4854 λόγου.

2515 4777 2602 4831 Ea:
2631 4777 2813 4831 eadem
2854 4783 3113 4836 aratione.

441 4885 747 4954 Ἑκήρυσσε
788 4880 1040 4950 φανερῶς
1092 4882 1126 4950 ὴ
1177 4878 1390 4930 Παλαιὰ
1433 4877 1524 4928 τὸν
1556 4876 1793 4945 Πατέρα,
1840 4874 1932 4927 τὸν

2102 4865 2270 4922 Vetus
2300 4867 2706 4923 Testamentum
2740 4869 2955 4925 Patrem
3016 4883 3221 4940 aperte,
3263 4871 3454 4926 Filium
3499 4874 3599 4928 ob-

360 4980 492 5033 Υίὸν
523 4976 910 5046 ἀμυδρότερον.
952 4973 1328 5041 Ἐφανέρωσεν
1360 4971 1393 5039 ἡ
1435 4967 1613 5038 Καινὴ
1655 4969 1746 5020 τὸν
1776 4967 1930 5030 rm.

2034 4966 2247 5022 scurius
2316 4966 2648 5034 praedicavit.
2711 4965 2917 5020 Novum
2989 4978 3166 5022 autem
3218 4984 3338 5023 cum
3402 4962 3595 5025 Filium

355 5068 605 5132 ὑπέδειξε
629 5067 722 5120 τοῦ
751 5064 1066 5132 Πνεύματος
1090 5064 1190 5132 τὴν
1213 5062 1439 5130 Θεότητα
1463 5077 1477 5089 ·
1511 5059 1925 5129 ἐμπολιτεύεται

2036 5061 2324 5115 maniieste
2354 5062 2672 5124 ostenderit,
2706 5062 2937 5128 Spiritus
2966 5064 3296 5117 divinitatem
3355 5067 3596 5120 subindi-

356 5165 452 5218 νῦν
481 5162 542 5214 τὸ
566 5161 787 5228 Πνεῦμα
822 5157 1163 5225 σαφεστέραν
1190 5156 1320 5222 ἡμῖν
1345 5153 1581 5220 παρέχον
1606 5151 1702 5220 τὴν
1726 5152 1919 5204 ἑαυτοῦ

2030 5152 2192 5208 cavit.
2224 5152 2460 5204 Atuunc
2511 5153 2742 5220 Spiritus
2795 5155 3072 5209 nobiscum
3131 5170 3348 5210 versans
3406 5160 3599 5211 (“laric-

353 5258 604 5328 δήλωσιν.
635 5253 709 5306 Uti
750 5251 857 5321 γὰρ
889 5247 956 5318 ἦν
979 5247 1237 5316 ἀσφαλὲς,
1278 5245 1441 5314 μήπω
1465 5245 1563 5313 τῆς
1587 5245 1681 5296 τοῦ
1713 5245 1923 5314 Πατρός

2035 5260 2146 5296 rem
2203 5243 2285 5296 sui
2341 5245 2508 5310 ipsius
2558 5243 3074 5299 demonstrationem
3130 5247 3350 5313 prazbel.
3409 5246 3598 5315 Neque

354 5349 607 5416 θεότητος
635 5342 1084 5412 ὁμολογηθείσης,
1122 5339 1218 5391 τὸν
1262 5339 1387 5390 Υίὸν
1436 5336 1673 5406 ἐκδήλως
1720 5336 1924 5406 κηρύτ-

2032 5337 2172 5388 enim
2227 5346 2397 5387 tutum
2453 5346 2592 5400 erat,
2639 5351 2762 5390 cum
2823 5336 3000 5392 Patris
3047 5338 3305 5392 divinitas
3357 5339 3593 5393 nondum

355 5440 570 5505 τεσθαι,
595 5439 728 5509 μηδὲ
745 5437 842 5505 τῆς
860 5435 954 5488 τοῦ
981 5434 1106 5486 Υίοῠ
1136 5431 1588 5503 παραδεχθείσης,
1611 5431 1672 5480 τὸ
1698 5428 1922 5497 Πνεῦμα

2038 5437 2249 5496 recepta
2276 5437 2442 5494 esset,
2473 5427 2666 5481 Filium
2711 5439 2896 5496 aperte
2937 5431 3241 5498 praedicari,
3280 5443 3456 5500 neque
3480 5433 3599 5500 Spi-

355 5531 419 5584 τὸ
444 5530 620 5600 ἅγιον,
652 5531 716 5584 ἶν’
741 5529 882 5583 εῐπω
905 5545 956 5581 τι
994 5529 1090 5582 καὶ
1117 5523 1536 5595 τολμηρότερον,
1569 5523 1921 5592 ὲπιφορτίζε-

2039 5521 2172 5574 rittts
2211 5522 2379 5573 sancti
2413 5535 2570 5585 onus,
2610 5531 2668 5573 ut
2696 5521 2957 5575 audacius
2983 5523 3142 5575 etiam
3168 5520 3370 5590 aliquid
3402 5523 3595 5588 dicam,

437 5726 452 5751 ³
483 5720 584 5773 lsa.
625 5731 730 5782 xu,
771 5714 823 5767 4.
902 5718 920 5746 ³
951 5713 1049 5766 lsa.
1091 5728 1240 5777 XLIII,
1283 5713 1363 5765 10.
