4030 6222
212 322 319 387 8H

1180 324 1552 385 PANOPLM
1595 325 2038 385 DOGMATECA
2094 354 2164 363 —
2200 330 2347 389 TI‘F.
2385 329 2521 389 ΧΗ.

3380 344 3488 403 8ἱέ

211 438 375 503 ἀξίας
407 434 502 489 τοῦ
534 434 973 498 ἀναπλάσαντος,
1017 435 1205 489 Ταῦτα
1258 437 1357 503 μὲν
1399 431 1493 489 οῦν
1536 436 1683 489 εἴποι
1714 454 1796 498 τις

1906 442 2118 506 quidem
2170 443 2323 495 nobis
2356 453 2437 496 est
2489 440 2841 512 regeneratio,
2902 466 2997 518 per
3026 458 3483 522 regenerationem
3538 510 3547 517 .

210 531 286 584 ἂν
309 530 373 582 τὸ
404 530 653 598 ἄγραφον
697 528 1051 597 ὑποθέμενος.
1082 527 1223 597 Ἤδη
1259 528 1315 580 δὲ
1364 529 1483 598 ἦξει
1514 545 1597 581 σοι
1642 530 1737 582 καὶ
1767 531 1794 581 ὁ

207 621 322 675 τῶν
354 620 671 691 μαρτυριῶν
700 618 889 687 ὲσμδς,
919 620 977 685 ἐξ
1006 613 1081 672 ὧν
1107 620 1190 672 ὅτι
1226 623 1320 673 καὶ
1362 620 1477 672 λίαν
1514 619 1794 686 ἔγγραφος

210 717 245 783 ἠ
285 713 382 766 τοῦ
438 712 761 782 Πνεύματος
807 711 997 782 θεότης
1054 712 1497 781 ἐπιδειχθήσεται
1557 716 1686 774 τοῖς-
1718 714 1792 781 μὴ

208 807 335 861 λίαν
366 807 600 872 σκαιοῖς,
653 803 780 873 μηδ’
805 802 1115 873 ἀλλοτρίοις
1145 801 1240 855 τοῦ
1292 804 1631 872 Πνεύματος.
1662 804 1793 855 Σκό-

211 919 305 954 πει
327 900 387 954 δὲ
418 898 591 961 οὕτως
612 915 623 927 ·
658 897 917 950 Γεννᾶται
948 896 1207 967 Χριστὸς,
1244 896 1538 966 προτρέχει
1563 914 1574 925 ·
1597 896 1792 965 βαπτί-

208 997 393 1059 ζεται,
454 994 758 1064 μαρτυρεϊ’
819 991 1187 1061 πειράζεται,
1234 991 1458 1057 ἀνάγει*
1531 990 1790 1060 δυνάμεις

210 1089 474 1147 ἐπιτελεῖ.
531 1085 1028 1154 συμπαρομαρτεί·
1089 1084 1410 1153 ἀνέρχεται,
1462 1082 1789 1151 διαδέχεται.

210 1179 277 1231 Τί
304 1178 414 1246 γὰρ
440 1177 501 1229 οὐ
532 1176 760 1232 δύναται
790 1174 917 1230 δῶν
956 1174 1230 1246 μεγάλων,
1279 1174 1375 1227 καὶ
1420 1173 1693 1237 ὣνθεόςς
1726 1173 1790 1225 Τί

208 1261 358 1327 δείού
390 1269 887 1343 προσαγορεύεται,
919 1267 994 1321 ὢν
1040 1267 1201 1333 Θεός;
1251 1268 1393 1337 πλὴν
1433 1267 1787 1335 ἀγεννησίας,

210 1366 309 1419 καὶ
339 1364 441 1433 τῆς
470 1364 799 1431 γεννήσεως.
838 1361 988 1413 Ἔδει
1019 1360 1125 1429 γάρ
1164 1360 1265 1423 τὰς
1300 1360 1573 1429 ίδιότητας
1607 1360 1788 1427 μεῖναι

210 1459 408 1528 Πατρὶ,
446 1457 541 1509 καὶ
573 1455 705 1525 Υίῴ,
749 1456 837 1508 ἵνα
885 1453 959 1525 μὴ
992 1453 1256 1523 σύγχυσις
1364 1453 1515 1522 παρᾶ
1547 1452 1785 1519 θεότητι,

205 1552 273 1619 τῇ
306 1548 402 1599 καὶ
430 1547 497 1599 τὰ
526 1546 663 1601 ἄλλα
694 1547 774 1608 εἰς
805 1547 961 1609 τάξιν
992 1546 1204 1615 ἀγούσῃ
1234 1548 1328 1596 καὶ
1361 1542 1688 1609 εὐκοσμίαν.

1907 539 2086 583 autem
2133 534 2467 600 reformatio,
2496 552 2590 603 per
2650 540 3084 598 reformationem
3131 564 3257 603 vero
3293 551 3485 619 ipsius.

1904 623 1993 688 qui
2036 623 2291 679 reformat
2329 630 2562 695 cognitio
2613 632 2907 699 dignitatis.
2969 635 3093 695 llmc
3126 628 3321 695 diceret
3391 647 3487 696 ali-

1902 716 2046 781 quis,
2079 717 2167 783 qui
2204 719 2335 770 nihil
2371 721 2436 773 de
2467 719 2703 788 Spiritus
2745 725 3024 781 divinitate
3073 734 3327 800 scriptum
3366 751 3488 788 es<e

1902 809 2241 862 concederet.
2280 808 2471 865 Verum
2503 813 2613 880 jam
2645 816 2820 869 aderit
2884 822 3315 877 testimoniorum
3355 844 3487 878 (ιλιι.

1902 915 2023 953 men
2052 917 2115 953 ex
2146 902 2340 971 quibus
2370 902 2403 957 ii
2432 905 2519 971 qui
2554 920 2656 959 non
2688 912 2905 963 omnino
2936 915 3103 967 craSsi
3133 927 3309 979 erunt,
3333 927 3382 969 et
3414 920 3481 969 ab

1899 988 2017 1056 ipso
2056 989 2260 1059 Spiritu
2319 993 2499 1057 alieni,
2554 997 2842 1051 admodum
2908 1002 3173 1057 celebrem
3235 1005 3475 1071 Spiritus

1899 1079 2237 1133 divinitatem
2269 1083 2317 1133 in
2348 1083 2641 1151 Scriptnris
2680 1088 2998 1157 intelligent.
3036 1094 3125 1146 Sic
3154 1110 3331 1148 autem
3369 1114 3487 1151 esse

1899 1171 1971 1223 ita
1996 1173 2301 1226 considera.
2335 1174 2588 1231 Nascitur
2620 1179 2887 1247 Christus,
2918 1183 3007 1236 ille
3036 1188 3332 1250 prmcurrit.
3385 1188 3487 1243 Ba-
3514 1176 3515 1179 η

1899 1265 2158 1332 ptizatur,
2191 1266 2278 1320 ille
2311 1271 2676 1323 testimonium
2714 1274 2891 1328 all‘ert.
2926 1274 3209 1343 Tentatur,
3245 1279 3332 1335 ille
3392 1284 3489 1335 du-

1895 1357 1991 1408 cit.
2038 1356 2275 1414 Virtutes
2326 1372 2602 1429 operatur,
2655 1364 2742 1419 ille
2798 1378 3166 1424 contestatur.
3221 1372 3483 1428 Ascendit

1897 1448 1965 1501 ad
1997 1448 2234 1515 Patrem,
2288 1452 2375 1505 ille
2434 1456 2696 1509 succedit.
2746 1456 2883 1521 Quid
2934 1460 3075 1513 enim
3135 1438 3324 1517 eorum
3364 1481 3482 1532 quae

1900 1555 2094 1608 magna
2145 1552 2292 1607 sunt,
2328 1560 2433 1598 non
2478 1548 2670 1614 possit,
2698 1562 2817 1600 cum
2878 1550 2948 1602 sit
2982 1553 3171 1605 Deus?
3218 1554 3323 1606 Aut
3358 1570 3477 1607 cum

206 1641 282 1696 sit
315 1640 486 1701 Deus,
516 1653 622 1705 quo
691 1651 797 1691 non
862 1636 1161 1703 appelletur
1220 1639 1455 1699 nomine,
1519 1640 1712 1701 prtrter
1775 1629 1825 1684 id
1872 1633 2013 1697 quod
2072 1648 2171 1687 nec
2210 1636 2500 1707 ingenitus,
2535 1652 2636 1693 nec
2660 1641 2872 1706 genitus
2902 1642 3146 1696 dicitur?
3192 1643 3482 1711 Oportebat

204 1732 355 1785 enim
396 1742 457 1784 ut
495 1733 853 1800 proprietates
898 1729 1043 1783 Patri
1099 1728 1343 1799 Filioque
1372 1734 1776 1799 permanerent,
1817 1738 1884 1778 nc
1918 1730 2060 1793 apud
2094 1727 2462 1798 Divinitatem,
2496 1749 2617 1801 qua:
2669 1736 2829 1787 rebus
2865 1736 2984 1792 aliis
3029 1738 3275 1793 ordinem
3318 1754 3482 1793 orna-

206 1834 440 1895 tumque
473 1825 687 1890 tribuit,
720 1834 868 1879 esset
890 1823 1161 1879 confusio.

667 2008 765 2060 Ἐκ
794 2006 901 2059 τοῦ
933 2003 1123 2059 αὐτοῦ
1144 2007 1351 2072 λόγου.

292 2150 437 2220 Ἐγὼ
468 2149 568 2219 μὲν
608 2145 839 2217 φρίττω,
888 2145 978 2197 τὸν
1025 2142 1253 2195 πλοῦτον
1283 2143 1485 2195 ἐννοῶν
1517 2145 1625 2195 τῶν
1662 2142 1794 2211 κλή-

2397 2005 2491 2059 Ex
2516 2006 2697 2059 eadem
2729 2008 2989 2062 oratione.

1966 2145 2075 2211 Ego
2110 2146 2326 2214 quidem
2386 2147 2709 2213 obtupesco,
2745 2145 2871 2199 dum
2930 2148 3351 2217 appellationum
3407 2152 3489 2206 di-

215 2260 383 2307 σεων,
408 2242 505 2295 καὶ
534 2239 657 2293 καθ’
681 2239 822 2291 ὅσων
849 2236 1132 2306 ὀνομάτων
1158 2235 1615 2306 ἀναισχυντοῦσιν
1638 2236 1689 2287 οἱ
1715 2234 1794 2304 τῷ

1906 2234 2055 2290 tilias
2086 2236 2388 2299 considero,
2422 2244 2476 2289 ct
2508 2234 2707 2304 quibus
2732 2236 3039 2292 nominibus
3063 2240 3485 2306 confundantur,

211 2336 494 2404 Πνεύματι
563 2331 999 2391 ἀντιπίπτοντες.
1039 2345 1057 2378 ι
1092 2327 1317 2397 Πνεῦμα
1360 2326 1497 2380 Θεοῦ
1551 2326 1791 2393 λέγεται,

212 2428 442 2494 Πνεῦμα
490 2423 749 2493 Χριστοῦ,
787 2418 911 2482 νοῦς
951 2417 1193 2489 Χριστοῦ
1226 2459 1241 2485 ,
1290 2418 1517 2485 Πνεῦμα
1562 2418 1790 2487 Κυρίου,

211 2516 580 2588 αὐτοκύριος,
652 2511 877 2583 Πνεῦμα
935 2511 1229 2574 υἱοθεσίας,
1294 2510 1577 2581 ἀληθείας,
1635 2511 1792 2563 ὲλευ-

214 2612 426 2682 θερίας,
462 2608 688 2677 Πνεῦμα
724 2605 938 2675 σοφίας,
995 2604 1288 2668 συνέσεως,
1322 2602 1545 2672 βουλῆς,
1583 2601 1789 2672 ίσχύος,

214 2702 496 2772 γνώσεως,
518 2698 822 2762 εὐσεϐείας,
858 2697 1027 2767 φόϐου
1059 2697 1221 2762 Θεοῦ,
1265 2716 1283 2747 ι
1320 2697 1429 2748 Καὶ
1474 2696 1585 2764 γὰρ
1636 2713 1795 2762 ποιη-

213 2795 370 2849 τικὸν
411 2791 618 2847 τούτων
665 2788 947 2852 ἀπάντων,
986 2788 1166 2841 πάντα
1214 2789 1282 2857 τῇ
1314 2786 1474 2855 οὐσίᾳ
1524 2784 1790 2855 πληροῦν,

216 2888 401 2941 πάντα
481 2883 748 2951 συνέχον,
816 2880 1166 2951 πληρωτικὸν
1223 2880 1430 2948 κόσμου
1494 2880 1636 2932 κατά
1697 2878 1797 2947 τὴν

218 2979 435 3040 οὐσίαν,
468 2974 754 3047 ἀχώρητον
792 2974 984 3043 κόσμῳ
1012 2971 1154 3024 κατὰ
1196 2972 1294 3042 τὴν
1340 2970 1604 3040 δύναμινο
1659 2971 1797 3036 ἀγαο

1891 2325 1981 2392 qui
2020 2325 2239 2391 Spiritui
2264 2325 2641 2379 adversantur.
2673 2324 2908 2392 Spiritus
2933 2325 3028 2379 Dei
3057 2330 3274 2395 dieitur,
3313 2330 3490 2402 Spiris

1901 2426 1983 2469 tus
2010 2414 2246 2479 Christi,
2276 2414 2507 2484 Spiritus
2538 2414 2771 2479 Domini,
2801 2416 2906 2481 ipse
2948 2415 3224 2485 Dominus,
3253 2421 3489 2487 Spiritus

1900 2509 2220 2576 adoptionis,
2262 2510 2516 2577 veritatis,
2562 2508 2838 2569 libertatis,
2890 2509 3124 2579 Spiritus
3189 2517 3485 2583 sapientiw,

1903 2602 2221 2669 intellectam,
2263 2603 2492 2665 consilii,
2542 2602 2893 2668 fortitudinis,
2940 2606 3196 2669 scientiw,
3250 2608 3487 2675 pietatis,

1900 2696 2103 2749 timoris
2144 2696 2372 2749 Domini.
2408 2694 2617 2748 Etenim
2646 2696 2837 2749 borum
2865 2704 2947 2751 est
2990 2700 3231 2753 omnium
3277 2714 3487 2758 anetor.

1903 2787 2005 2853 Qui
2062 2790 2244 2842 omnia
2304 2788 2538 2855 complet
2576 2788 2815 2842 essentia
2854 2804 2972 2856 sua,
3017 2794 3193 2845 omnia
3223 2796 3485 2855 continet,

1907 2881 2062 2950 cujus
2095 2880 2331 2935 essentia
2362 2880 2531 2949 replet
2562 2884 2747 2934 orbem
2777 2889 3066 2948 terrarum,
3095 2884 3253 2953 cujus
3298 2896 3486 2952 polen-

1909 2973 2034 3026 tiam
2084 2973 2312 3027 mundus
2360 2987 2463 3027 non
2520 2973 2685 3042 capit,
2743 2972 2835 3042 qui
2892 2973 3067 3029 bonus
3127 2988 3231 3042 est,
3275 2986 3482 3035 rectus.

218 3073 337 3135 θδν,
382 3069 560 3131 εὐθὲς,
610 3064 961 3135 ἡγεμονικὸν,
1005 3063 1191 3131 φύσει,
1240 3062 1300 3114 οὐ
1334 3062 1511 3114 θέσει·
1549 3060 1796 3128 ἁγιάζον,

1906 3067 2155 3135 princeps
2172 3074 2500 3131 natura,uon
2525 3066 2715 3133 gratia,
2747 3068 3075 3132 sanctiﬁcat,
3100 3084 3202 3122 non
3238 3071 3487 3126 sanctiﬁ-

216 3164 316 3232 οὐχ
350 3159 743 3228 ἁγιαζόμενονο
800 3155 1057 3225 μετροῦν,
1103 3154 1165 3205 οὐ
1217 3152 1620 3222 μετρούμενον·
1669 3169 1800 3221 μετ-

218 3257 503 3325 εχόμενον,
534 3253 594 3305 οὐ
642 3250 871 3320 μετέχον
890 3266 903 3279 ·
964 3247 1233 3318 πληροῦν,
1286 3248 1346 3299 οὐ
1376 3244 1761 3317 πληρούμενον
1782 3261 1798 3279 ο

221 3346 470 3413 συνέχον,
519 3344 579 3395 οὐ
632 3342 1028 3410 συνεχόμενονο
1080 3337 1615 3407 κληρονομούμενον,
1651 3336 1803 3401 δοξα-

219 3437 475 3505 ζόμενον,
500 3430 1033 3501 συναριθμούμενον,
1060 3428 1363 3481 ἑπαπειλού
1372 3444 1536 3496 μενον
1557 3443 1569 3455 ·
1603 3427 1802 3482 δάκτυ-

221 3530 309 3591 λος
340 3526 518 3580 Θεοῦο
578 3525 715 3594 πῦρ,
765 3524 841 3586 ὡς
874 3522 1032 3586 Θεὸς,
1089 3524 1170 3585 είς
1216 3520 1458 3590 ἔμφασιν
1508 3518 1663 3591 οἶμαι
1706 3520 1799 3572 τοῦ

220 3620 515 3690 ὀμοουσίου
542 3632 556 3647 °
595 3616 820 3681 Πνεῦμα
852 3614 913 3667 τὸ
961 3613 1219 3684 ποιῆσαν,
1255 3612 1316 3665 τὸ
1372 3612 1661 3675 ἀνακτίζον
1715 3612 1803 3664 διὰ

221 3713 314 3764 τοῦ
358 3707 760 3777 βαπτίσματος,
782 3704 849 3756 δι’
878 3704 1233 3764 ἀναστάσεως
1256 3717 1271 3731 ⁸
1294 3701 1520 3769 Πνεῦμα
1543 3701 1604 3752 τὸ
1633 3700 1801 3767 γινῶ-

224 3818 355 3856 σκον
389 3801 628 3861 ἅπαντα,
663 3797 723 3848 τὸ
755 3795 1029 3860 διδάσκον,
1057 3796 1118 3849 τὸ
1144 3795 1304 3849 πνέον
1331 3796 1465 3847 ὅπου
1506 3793 1652 3847 θέλει
1706 3794 1802 3844 καὶ

221 3895 377 3947 ὅσον·
412 3892 665 3962 ὁδηγοῦν,
686 3886 903 3950 λαλοῦν,
939 3889 1293 3952 ἀποστέλλον,
1336 3886 1624 3957 ἀφορίζον,
1660 3902 1802 3953 παρ-

220 3984 568 4053 οξυνόμενον,
630 3980 1066 4051 πειραζόμενον,
1129 3978 1603 4042 ἁποκαλυπτικὸν,
1636 3994 1802 4043 φωτι-

222 4083 433 4140 στικδν,
495 4076 745 4140 ζωτικὸν,
802 4073 1005 4143 μᾶλλον
1061 4071 1119 4124 δὲ
1177 4072 1431 4139 αὐτοφῶς
1504 4072 1596 4122 καὶ
1651 4070 1796 4138 ζωή·

218 4166 541 4225 ναοποιοῦν.
575 4163 884 4229 θεοποιοῦν,
923 4162 1190 4228 τελειοῦν,
1239 4162 1382 4215 ὥστε
1416 4162 1511 4215 καὶ
1554 4161 1801 4229 προλαμ-

218 4264 406 4316 δάνειν
436 4260 498 4313 τὸ
529 4258 840 4328 βάπτισμα,
875 4256 969 4308 καὶ
998 4255 1385 4324 ὲπιζητεῖσθαι
1428 4256 1570 4323 μετὰ
1606 4254 1667 4306 τὸ
1696 4253 1795 4322 βά-

218 4368 471 4424 πτισμιν
502 4350 761 4421 ἐνεργοῦν
797 4351 900 4402 ὅσα
932 4349 1063 4411 Θεός
1083 4364 1096 4378 ⁸
1134 4348 1499 4419 μεριζόμενον
1530 4351 1587 4401 ἐν
1618 4348 1795 4414 γλώσ..

1905 3167 2083 3224 catur,
2123 3160 2364 3218 metitur.
2390 3161 2482 3213 sed
2513 3175 2633 3213 eum
2657 3161 2801 3215 nulla
2866 3163 3279 3232 comprehcndit
3333 3179 3487 3219 men-

1909 3265 2058 3311 sura,
2113 3263 2171 3303 se
2235 3249 2356 3302 aliis
2408 3250 2793 3315 connnunicat,
2843 3252 2937 3307 sed
3003 3252 3136 3306 nihil
3189 3268 3218 3305 a
3274 3268 3488 3321 quoque

1904 3342 2122 3407 accipit,
2155 3342 2358 3409 implet,
2386 3357 2489 3394 non
2517 3341 2788 3411 impletur,
2812 3344 3073 3407 continet,
3097 3360 3201 3398 non
3239 3346 3485 3398 c0ntine-

1905 3440 2031 3494 tur;
2066 3432 2380 3485 haereditate
2436 3433 2750 3500 percipitur,
2782 3435 3134 3502 glorificatur,
3194 3451 3487 3491 connume-

1905 3534 2077 3585 ratur,
2104 3527 2492 3588 comminatur,
2523 3534 2605 3577 est
2637 3526 2833 3593 digitus
2865 3527 2979 3588 Dei,
3034 3528 3190 3593 ignis,
3220 3530 3478 3594 quemad-

1904 3617 2118 3667 modum
2175 3623 2230 3668 et
2296 3615 2456 3677 Deus,
2504 3630 2610 3682 quo
2664 3616 3070 3682 signiﬁcantius,
3110 3628 3167 3670 ut
3226 3619 3483 3678 arbitror,

1902 3705 2139 3771 ejusdem
2171 3707 2419 3761 essentia‘.
2443 3706 2749 3761 declaretur
2775 3726 2788 3760 :
2819 3708 3052 3778 Spiritus
3084 3710 3175 3776 qni
3208 3710 3356 3775 facit,
3393 3713 3483 3778 qui

1902 3813 1996 3864 per
2027 3798 2350 3866 baptismum
2385 3805 2613 3861 recreat,
2659 3813 2755 3867 per
2816 3806 3267 3853 resurrectionem
3304 3818 3318 3854 :
3358 3801 3483 3862 Sni-

1904 3891 2040 3941 ritus
2064 3890 2154 3957 qui
2200 3890 2347 3943 novit
2403 3890 2607 3952 omnia,
2649 3891 2741 3957 qui
2787 3892 2962 3955 docet,
3010 3892 3101 3959 qui
3158 3893 3328 3957 spirat
3396 3895 3483 3946 ubi
3550 3904 3553 3907 λ

1901 3991 1955 4034 et
1984 3991 2242 4048 quantum
2277 3981 2412 4036 vult.
2442 3981 2543 4047 Qui
2579 3982 2784 4049 dirigit,
2811 3983 2904 4051 qui
2939 3982 3199 4051 loquitur,
3231 3982 3321 4052 qui
3355 3984 3484 4037 mit-

1905 4073 1986 4137 tit,
2018 4074 2106 4140 ιιιιί
2132 4082 2396 4142 segregat,
2434 4075 2809 4141 quilrritatur,
2841 4076 2932 4144 qui
2960 4082 3221 4138 tentatur,
3250 4078 3340 4142 qui
3396 4091 3485 4129 re-

1902 4166 2065 4230 velat,
2099 4166 2187 4232 qui
2222 4166 2511 4226 illuminat,
2558 4166 2647 4230 qui
2687 4167 2948 4229 viviﬁcat,
2984 4167 3093 4223 imo
3122 4187 3213 4239 qui
3247 4170 3361 4239 ipse
3395 4170 3482 4222 lux

1903 4265 1982 4309 est
2018 4268 2067 4309 et
2096 4257 2224 4309 vita.
2261 4258 2357 4322 Qui
2392 4257 2637 4311 homines
2664 4259 2752 4312 Dei
2783 4260 3049 4314 domicilia
3076 4262 3223 4325 l'acit,
3251 4262 3489 4316 divinos-

1909 4362 2012 4415 que
2048 4348 2242 4409 reddit,
2276 4349 2367 4415 ιιιιὶ
2408 4350 2606 4412 ittitinl,
2643 4359 2700 4401 ut
2738 4361 2788 4401 et
2845 4351 3171 4420 baptismum
3206 4370 3486 4417 prznoccn-

220 4466 343 4511 σαις
371 4444 651 4515 πυρίναις,
684 4441 927 4513 διαιροῦν
966 4442 1305 4511 χαρίσματα,
1342 4440 1531 4493 ποιοῦν
1559 4441 1796 4493 ἀποστό-

1909 4451 2017 4507 pet,
2066 4451 2119 4494 et
2151 4452 2270 4508 post
2301 4442 2623 4510 baptismum
2647 4444 2972 4511 requiratur.
2998 4446 3097 4509 Qui
3149 4447 3274 4500 facit
3304 4450 3483 4501 omnia

218 4542 368 4604 λους,
404 4537 711 4607 προφήτας,
751 4534 1169 4601 εὐαγγελιστάς,
1204 4533 1471 4601 ποιμένας
1509 4535 1606 4585 καὶ
1652 4533 1797 4584 διδα-

218 4633 457 4692 σκάλους
480 4643 495 4658 ο
526 4626 733 4697 νοερὸν,
786 4614 1114 4694 πολυμερὲς,
1156 4627 1349 4693 σαφὲς,
1384 4626 1604 4695 τρανὸν,
1652 4625 1795 4677 ἀχώ.

217 4728 402 4787 λυτον,
456 4720 781 4789 ἁμόλυντον,
828 4719 967 4787 ὅπερ
1017 4718 1133 4769 ἴσον
1182 4718 1408 4771 δύναται
1458 4718 1797 4786 σοφώτατον,

219 4821 315 4871 καὶ
346 4816 687 4882 πολύτροπον
731 4812 851 4871 ταῖς
894 4812 1218 4879 ἐνεργείαις.
1271 4816 1363 4864 καὶ
1410 4812 1800 4881 σαφηνιστικδν

222 4910 466 4971 πάντων,
498 4908 591 4959 καὶ
614 4910 975 4974 τρανωτικδν,
1002 4904 1097 4959 καὶ
1120 4903 1491 4969 αὐτεξούσιον,
1522 4904 1616 4955 καὶ
1643 4903 1807 4956 ἀναλ-

220 5001 479 5062 λοίωτον,
525 4998 951 5069 παντοδύναμον,
995 4996 1436 5051 παντεπίσκοπον
1472 5035 1486 5058 ,
1533 4996 1619 5047 διὰ
1662 4997 1802 5048 πάν-

222 5108 331 5145 των
357 5088 569 5160 χωροῦν
600 5089 943 5157 πνευμάτων,
974 5106 1200 5161 νοερων,
1227 5090 1505 5158 καθαρῶν,
1544 5089 1807 5141 λεπτοτά-

222 5201 356 5246 των,
383 5180 692 5251 ἀγγελικιῖΝ
716 5176 869 5251 οἶμαι
893 5182 1387 5253 δυνάμεων,ὣσπερ
1414 5183 1505 5234 καὶ¹
1535 5198 1805 5251 προφητι-

226 5280 361 5343 κῶν,
394 5279 490 5331 καὶ
516 5276 909 5343 ἀποστολικῶν,
945 5279 1084 5331 κατὰ
1119 5279 1337 5340 ταυτὸν,
1365 5278 1455 5330 καὶ
1484 5277 1583 5329 οὐκ
1609 5279 1666 5328 ὲν
1690 5277 1803 5339 τοῖς

226 5372 411 5440 αὐτοῖς
454 5370 660 5431 τόποις.
699 5370 909 5422 Ἀλλων
936 5370 993 5422 δὲ
1040 5368 1273 5437 ἀλλαχοῦ
1304 5368 1706 5437 νενεμημένων,
1758 5362 1803 5435 ᾦ

227 5462 484 5529 δηλοῦται
517 5461 581 5513 τὸ
628 5461 1063 5532 ἀπερίγραπτον,
1096 5463 1145 5514 oi.
1203 5459 1376 5515 ταῦτα
1410 5461 1681 5529 λέγοντες,
1712 5462 1804 5513 καὶ

226 5555 589 5620 διδάσκοντες,
641 5554 737 5608 καὶ
776 5554 915 5626 πρός
958 5571 1023 5621 γε
1075 5554 1232 5608 ἀλλον
1280 5554 1654 5624 Παράκλητον,
1692 5548 1804 5605 οἷον

561 5663 837 5726 Panos.
880 5663 997 5723 Gtt.
1043 5659 1294 5725 CXXX.

1905 4547 2025 4600 quae
2063 4534 2225 4585 Deus.
2260 4531 2361 4596 Qui
2412 4534 2460 4584 in
2493 4532 2689 4602 linguis
2775 4535 2944 4603 igneis
2996 4537 3333 4605 dispertitur.
3383 4539 3483 4604 Qui

1909 4639 2131 4677 munera
2161 4624 2468 4691 dilargilur,
2502 4625 2627 4678 facit
2653 4628 2949 4692 apostolos,
2981 4629 3292 4694 prophetas,
3318 4642 3485 4678 evan-

1910 4715 2151 4783 gelistas.
2196 4726 2440 4782 pastores
2506 4726 2558 4767 et
2598 4716 2870 4770 doctores.
2906 4716 3279 4782 lntclligibilis,
3342 4715 3486 4765 mul-

1916 4807 2099 4874 tiplex,
2131 4809 2371 4875 sapiens,
2407 4807 2741 4867 manifestus,
2791 4810 2881 4874 qui
2913 4807 3059 4859 nullo
3099 4816 3277 4874 potest
3318 4809 3486 4875 impe-

1916 4898 2155 4952 dimeuto
2187 4898 2480 4966 prohiberi,
2544 4897 2689 4950 nullo
2736 4896 3143 4965 inquinamento
3204 4897 3480 4949 maculari.

1916 4986 2069 5052 Quod
2139 4990 2359 5056 perinde
2404 5000 2510 5048 est,
2543 5002 2605 5041 ac
2636 4987 2679 5039 si
2706 4989 2874 5049 dicas,
2932 4986 3385 5054 sapientissimus,
3432 4998 3486 5040 et

1915 5076 2221 5129 actionibus
2264 5072 2468 5137 rarius,
2500 5075 2678 5127 omnia
2711 5075 2988 5129 illustrans
3034 5084 3088 5127 et
3129 5073 3478 5141 patefaciens,

1917 5167 1999 5220 sui
2027 5167 2186 5234 juris,
2223 5165 2601 5229 immutabilis,
2635 5167 2995 5233 omnipotens,
3038 5175 3233 5220 cuncta
3277 5166 3481 5233 perspi-

1916 5260 2088 5321 ciens.
2121 5272 2217 5325 per
2264 5272 2452 5311 omnes
2495 5255 2715 5325 spiritus
2776 5255 3156 5325 intelligibilt‘s,
3221 5268 3384 5322 puros
3430 5265 3485 5307 et

1912 5349 2292 5405 subtilissimos
2340 5364 2651 5416 permeans,
2716 5362 2904 5413 nempe
2951 5346 3222 5416 angelicas
3257 5356 3313 5398 et
3362 5360 3489 5416 pro-

1912 5443 2178 5513 pbcticos,
2212 5451 2374 5509 atque
2424 5440 2771 5507 apostolicos.
2810 5440 2965 5505 idque
3011 5438 3197 5492 eodem
3222 5445 3483 5506 tempore.

1913 5545 1969 5588 et
1996 5534 2117 5590 aliis
2153 5536 2277 5589 alibi
2320 5534 2644 5595 distributis;
2680 5549 2787 5601 quo
2814 5530 3153 5601 perspicuum
3193 5531 3271 5595 lit,
3305 5529 3484 5599 ipsum

3033 5644 3110 5704 2'1
