4036 6210
505 352 610 413 843
1744 329 2127 394 EUTHYMII
2158 329 2517 391 ZIGABENI
3672 326 3795 389 8n

509 473 776 528 nusquam
811 452 1196 525 comprehendi
1231 466 1329 507 nec
1366 446 1768 505 circumscribi.
1795 446 1900 513 Qui
1947 445 2065 498 haac

2204 443 2346 497 ἱλλον
2381 444 2514 496 Θεὸν
2539 441 2916 511 ὀνομάζοντες,
2947 441 2996 493 oi
3020 438 3118 509 τὴν
3151 440 3233 501 είς
3259 438 3390 491 αὐτὸ
3416 437 3798 510 βλασφημίαν

507 553 823 622 loquuntur,
858 554 912 599 et
948 545 1165 605 docent,
1218 554 1449 609 eumque
1492 538 1825 593 l’aracletum
1886 535 2073 598 alium,

2203 535 2355 603 ιόνην
2387 533 2586 595 ειδότες
2617 530 3028 602 ἀσυγχώρητον,
3052 532 3101 583 oi
3124 530 3217 582 τὸν
3256 532 3505 583 ’Δνανίαν
3539 534 3639 583 καὶ
3680 534 3797 600 τὴν

468 688 471 693 λ
508 621 763 712 tanquam
797 638 958 692 alium
1000 636 1164 689 Deum
1212 633 1503 703 appellant,
1532 634 1624 699 qui
1686 631 2062 699 blaspbetnian

2199 625 2495 693 Ξάπφειραν
2544 624 2685 676 οὕτω
2749 624 2995 691 φοὸερῶς
3047 621 3529 690 στηλιτεῦσαντες,
3577 624 3793 692 ίπειόὴ

440 724 447 729 ’
510 738 564 792 in
608 737 778 803 ipsum
806 731 975 785 solam
1032 743 1135 782 non
1179 727 1380 782 remitti
1432 726 1630 792 sciunt,
1666 724 1755 795 qui
1811 725 2034 778 Ananiat

2198 714 2479 782 εψεύσαντο
2505 713 2815 781 τὸᾘνεῦμα
2842 714 2902 766 τὸ
2927 714 3084 781 ἀγιον
3107 713 3183 775 ώς
3212 712 3344 765 Θεὸν
3366 713 3792 783 ψευσαμένους,

509 838 565 882 et
610 800 920 891 Sapltiram,
957 819 1101 887 quod
1134 817 1355 888 Spiritui
1390 826 1595 880 sancto,
1638 814 1747 869 Deo
1804 816 2080 879 nimirum,

2202 809 2284 860 n'm
2315 806 2598 877 ἄνθρωπον
2620 824 2633 837 ·
2663 800 2874 860 οὖτοιτί
2915 818 2995 858 σοι
3030 804 3270 861 δοκοῦσι.
3308 806 3536 876 πότερον
3552 807 3706 859 Θεὸν
3729 810 3796 859 τὸ

510 930 614 970 non
657 920 834 965 autem
872 909 1101 972 homini,
1168 908 1377 961 mentiti
1428 916 1629 970 essent,
1661 915 1766 959 tam
1813 906 2083 959 horrendo

2199 898 2410 967 Πνεῦμα
2460 899 2778 968 κηρύσσειν,
2809 898 2840 967 ἢ
2877 898 3005 952 ἀλλο
3022 914 3105 965 τι;
3148 897 3236 959 Ὦς
3265 898 3385 949 λίαν
3404 898 3793 969 δντωςτεαχὲς

511 999 949 1069 reprehensionis
990 1006 1043 1050 et
1088 996 1323 1051 infamia:
1384 1010 1587 1065 genere
1629 995 1991 1058 conliserunt,
2028 1005 2083 1049 ut

2202 1009 2267 1054 τις
2289 987 2361 1055 εί,
2392 994 2482 1044 καὶ
2517 993 2706 1062 πόρρω
2738 991 2830 1043 τοῦ
2863 992 3200 1059 Πνεύματος,
3240 993 3288 1043 εἰ
3327 991 3484 1044 τοῦτο
3514 993 3796 1062 ἀπορεῖς,

511 1091 711 1147 mortui
780 1089 1152 1150 conciderent,
1187 1088 1295 1142 iine
1348 1087 1442 1141 tibi
1490 1072 1754 1156 Spiritum
1811 1095 2082 1150 sanctum,

2203 1084 2282 1135 ιαὶ
2310 1083 2405 1154 δέῃ
2426 1081 2518 1135 τοῦ
2553 1080 2873 1144 διδάξοντος.
2899 1080 2965 1133 Δί
2991 1081 3091 1147 μὲν
3110 1078 3206 1133 οὖν
3232 1080 3455 1150 κλήσεις
3480 1083 3797 1145 τοσαῦται,

512 1192 569 1237 ut
598 1181 787 1245 Deum,
819 1195 885 1233 an
912 1191 968 1233 ut
992 1180 1135 1233 aliud
1165 1178 1437 1247 quidpiam
1467 1178 1720 1231 videntur
1752 1178 2087 1246 praedicare?

2208 1174 2279 1225 ιαὶ
2293 1173 2465 1235 οὕτως
2494 1172 2747 1243 ἔμψυχοι.
2776 1172 2841 1224 Τί
2867 1174 2975 1241 γὰρ
3002 1172 3082 1225 δεῖ
3121 1189 3204 1226 σοι
3225 1172 3322 1233 τὰς
3352 1172 3568 1225 ἐπὶτῶν
3590 1177 3669 1243 ρη
3681 1176 3802 1240 μά-

508 1273 602 1328 Νω
629 1285 681 1325 ιιι
720 1270 874 1326 valde
900 1271 1046 1323 rudis
1075 1284 1157 1333 es,
1191 1279 1245 1323 et
1284 1269 1351 1322 ab
1384 1269 1502 1329 ipso
1535 1268 1735 1327 Spiritu
1784 1271 2083 1323 remotissi-

2209 1283 2298 1317 των
2329 1265 2635 1336 μαρτυρίας
2665 1264 3099 1333 παρατίθεσθαι;
3130 1264 3274 1318 Ὅσα
3294 1265 3354 1319 δὲ
3375 1266 3664 1319 κάνταῦθα
3700 1267 3803 1319 λέ-

513 1378 652 1426 unus,
683 1362 727 1414 si
756 1362 859 1413 hac
890 1360 955 1413 de
993 1373 1048 1411 re
1100 1358 1337 1423 dubitas,
1376 1369 1540 1427 atque
1595 1358 1804 1427 indiges
1850 1373 2088 1427 pracep-

2206 1372 2348 1422 γεται
2388 1357 2795 1425 ταπεινότερον,
2833 1355 2895 1408 τὸ
2919 1355 3180 1419 δίδοσθαι,
3220 1356 3284 1408 τὸ
3310 1357 3800 1423 ἀποστέλλεσθαι,

511 1465 644 1509 tore.
682 1452 813 1506 Tam
871 1450 1051 1505 multae
1079 1451 1242 1520 igitur
1301 1461 1449 1515 sunt,
1496 1459 1661 1519 atque
1700 1451 1773 1505 ita
1819 1452 2090 1521 spirantes

2212 1449 2249 1501 εδ
2270 1448 2610 1518 μερίζεσθαι,
2630 1449 2692 1500 τὸ
2712 1448 3041 1518 χάρισμα,τδ
3058 1447 3312 1518 δώρημα,
3329 1447 3390 1500 τὸ
3409 1449 3630 1519 ἑμφύση
3643 1455 3806 1520 μσ,ἡ

511 1544 913 1615 appellationes.
945 1542 1083 1609 Quid
1108 1544 1251 1596 enitn
1272 1556 1405 1610 opus
1433 1550 1514 1597 est
1535 1543 1820 1597 verborum
1851 1544 2092 1597 testimo-

2206 1540 2513 1607 ἐπαγγελία,
2543 1541 2576 1609 ἡ
2608 1539 3012 1610 ὑπερέντευξις,
3058 1541 3112 1593 εί
3137 1556 3198 1592 τε
3250 1558 3301 1592 τι
3330 1540 3458 1593 ἀλλο
3500 1542 3754 1595 τοιοῦτγ
3780 1583 3800 1609 ,

514 1638 600 1690 nia
628 1636 911 1705 proferre-‘2
940 1633 1205 1687 Cmtcrum
1228 1648 1347 1701 qua:
1374 1632 1461 1686 ltic
1489 1634 1741 1687 dicuntur
1766 1633 2087 1696 humiliora,

2216 1650 2280 1685 να
2316 1632 2389 1702 μὴ
2422 1632 2543 1686 καθ’
2576 1633 2806 1685 ἕκαστον
2837 1632 3003 1699 λέγω,
3033 1631 3127 1684 ἐπὶ
3174 1632 3276 1702 τὴν
3322 1632 3548 1702 πρώτην
3592 1636 3808 1686 αἰτίαν

513 1738 572 1780 ιιι
598 1726 732 1787 dari,
769 1727 924 1787 mitti,
962 1725 1247 1788 dispertiri,
1288 1724 1508 1788 donum,
1540 1740 1750 1787 munus,
1778 1725 2084 1794 ittsuﬁlatio,

2216 1727 2535 1788 ινενεκτέον,
2569 1726 2658 1780 ἵνα
2688 1725 2745 1779 τὸ
2784 1725 2843 1789 ἐξ
2868 1719 2929 1778 οὗ
2962 1724 3172 1795 δειχθῇ,
3200 1725 3295 1777 καὶ
3320 1726 3397 1795 μὴ
3431 1729 3579 1793 τρεῖς
3610 1727 3810 1797 ἀρχαὶ

512 1816 813 1883 promissio,
850 1815 1174 1877 intercessio,
1204 1824 1259 1866 et
1285 1813 1302 1883 (
1329 1829 1395 1868 ne
1473 1814 1683 1883 singula
1740 1819 2082 1885 enumera-nt)

2213 1816 2600 1886 ιεμερισμέναι
2651 1816 2933 1877 πολυθέως
2980 1816 3416 1887 παραδεχθῶσιν.
3469 1817 3614 1870 Ἰσον
3673 1822 3807 1888 γὰρ

515 1906 559 1958 si
590 1905 716 1975 quid
761 1904 904 1958 aliud
949 1905 1212 1971 ejusmodi
1237 1915 1339 1969 est,
1363 1919 1424 1957 ea
1467 1907 1534 1960 ad
1588 1909 1817 1974 primam
1856 1922 2080 1962 causam

2210 1908 2272 1966 :ic
2302 1904 2560 1958 ἀσέϐειαν
2582 1908 2673 1958 καὶ
2708 1905 3014 1967 Σαὸελλίως
3047 1905 3305 1973 συνάψαι,
3344 1906 3438 1958 καὶ
3480 1907 3804 1977 Ἀρειανῶς

514 2009 640 2051 sunt
668 1997 972 2057 referenda,
1000 2005 1056 2049 ut
1081 1996 1229 2061 illud,
1256 2011 1320 2050 ex
1372 2012 1479 2065 quo
1505 2008 1608 2061 est,
1657 1999 2001 2061 ostendatur,
2030 2008 2081 2052 et

2207 1997 2503 2067 itaotﬁoat,
2533 1999 2594 2050 τὸ
2623 1998 2723 2068 μὲν
2746 1997 2821 2066 τῷ
2854 1997 3151 2067 προσώπῳ,
3182 1998 3246 2049 τὸ
3278 1998 3334 2049 δὲ
3368 2002 3484 2061 ταῖς
3517 2000 3801 2067 φύσεσιν.

515 2106 582 2147 ne
610 2091 710 2145 tria
730 2089 897 2144 divisa
925 2088 1209 2157 principia,
1234 2099 1283 2144 et
1315 2090 1592 2157 multiplex
1623 2091 1845 2146 deorum
1897 2104 2156 2145 numerus
2194 2090 2548 2160 suscipiatur;
2576 2105 2672 2160 par
2694 2092 2839 2144 enim
2872 2090 3124 2160 impietas
3140 2099 3241 2155 est,
3271 2091 3353 2145 vel
3388 2106 3505 2144 cum
3543 2091 3633 2143 Sal
3658 2094 3810 2149 ellio

514 2200 773 2255 personas
800 2185 1147 2247 confundere,
1178 2185 1259 2238 vel
1284 2200 1404 2238 cum
1434 2185 1562 2238 Ario
1594 2196 1817 2240 naturas
1837 2185 2092 2239 dividere.

769 2276 1020 2345 Ejusdem
1069 2293 1132 2331 ea:
1180 2278 1418 2331 oratione
1448 2279 1503 2331 in
1537 2277 1914 2347 Epiphaniam.

2382 2280 2493 2334 Τοῦ
2520 2279 2708 2335 αὑτοῦ
2731 2280 2801 2335 ἐκ
2829 2279 2937 2333 τοῦ
2971 2282 3058 2345 εἰς
3097 2278 3167 2332 τὰ
3195 2282 3362 2332 «how
3392 2280 3596 2347 λόγου.

586 2369 748 2436 Quod
795 2371 840 2423 si
903 2368 1271 2437 magnitudine
1331 2375 1387 2420 et
1424 2366 1679 2435 gradibus
1750 2368 2093 2421 Divinitatem

2275 2371 2335 2423 Εἰ
2365 2371 2421 2423 δὲ
2450 2370 2660 2439 ὄγκοις,
2693 2372 2786 2424 καὶ
2822 2371 3085 2439 σταθμοῖς
3133 2371 3339 2439 κρίνεις
3384 2369 3651 2440 Θεότητα,
3698 2375 3810 2425 καὶ

519 2460 749 2523 metiris,
812 2466 867 2514 et
924 2459 1134 2512 idcirco
1200 2456 1459 2525 Spiritum
1511 2473 1736 2528 parvum
1788 2458 2091 2517 existimas,

2219 2459 2285 2511 ῑιά
2308 2459 2464 2511 τοῦτο
2491 2459 2686 2528 μικρόν
2704 2476 2784 2511 σοι
2815 2461 2876 2511 τὸ
2904 2460 3148 2526 Πνεῦμα,
3174 2457 3255 2511 ὅτι
3286 2461 3342 2512 ἐν
3363 2460 3489 2512 εἴδει
3525 2476 3813 2528 περιστε-

518 2550 660 2619 quod
718 2550 769 2602 in
811 2548 1078 2602 columbae
1115 2547 1295 2614 specie
1355 2561 1416 2600 se
1454 2546 1811 2615 conspicuum
1843 2546 2091 2614 przbuit,

2220 2551 2323 2612 ῆς,
2347 2544 2391 2603 ὦ
2422 2551 2712 2621 μικρολόγε
2744 2551 2872 2619 περὶ
2900 2552 2969 2605 τὰ
3003 2551 3259 2621 μέγιστοι,
3293 2550 3409 2621 ὥρα
3442 2569 3520 2603 σοι
3555 2555 3657 2603 καὶ
3697 2553 3777 2622 βα
3798 2583 3814 2592 ο

516 2655 549 2694 o
600 2638 791 2707 pusillo
842 2637 1095 2691 maximis
1128 2636 1194 2691 de
1226 2637 1387 2690 rebus
1417 2635 1742 2705 disputator,
1787 2645 1937 2703 potes
1997 2650 2091 2690 ea-

2221 2643 2409 2696 ῐιλείαν
2469 2644 2714 2713 οὐρανῶν
2767 2644 3078 2713 ἀτιμάζειν,
3136 2643 3219 2696 ὅτι
3280 2644 3461 2713 κόκκῳ
3510 2645 3815 2709 σινάπεως

518 2730 639 2784 dem
674 2730 883 2784 ratione
923 2743 1147 2797 regnum
1179 2727 1441 2781 etrlorum
1473 2726 1635 2780 etiam
1668 2738 2014 2782 contemnere
2041 2734 2097 2779 et

2222 2737 2581 2800 ιπεικάζεται,
2622 2735 2841 2802 καὶτῆς
2877 2734 3051 2803 Ἰησοῦ
3093 2734 3512 2802 μεγαλειότητος
3550 2736 3816 2805 ὑστεραία

520 2822 823 2891 aspernari,
874 2826 1131 2891 quoniam
1192 2820 1397 2887 sinapis
1436 2819 1662 2889 granulo
1723 2827 2093 2886 comparatum

2219 2844 2322 2894 αειν
2362 2827 2454 2880 τὸν
2484 2826 2878 2895 ἀντικείμενον,
2929 2827 3012 2879 ὅτι
3043 2828 3070 2879 ὁ
3108 2825 3209 2894 μὲν
3264 2827 3388 2895 ὄρος
3426 2826 3569 2896 μέγα
3601 2826 3813 2879 καλεί-

520 2924 626 2980 est,
688 2922 744 2967 et
768 2913 895 2968 Jesu
963 2911 1296 2981 amplitudini
1362 2909 1733 2966 adversarium
1804 2908 2095 2975 anteierre,

2217 2935 2315 2979 ται,
2342 2920 2436 2971 καὶ
2462 2919 2756 2985 Λευῖαθάν,
2788 2919 2881 2972 καὶ
2909 2920 3161 2988 βασιλεὺς
3195 2918 3302 2970 τῶν
3338 2919 3393 2969 ἐν
3424 2919 3535 2979 τοῖς
3569 2917 3811 2981 ὕδασιν,

520 3008 662 3075 quod
680 3006 771 3061 hic
811 3008 1026 3075 quidem
1066 3020 1222 3060 mons
1250 3019 1495 3073 magnus,
1580 3009 1634 3059 et
1683 3002 1994 3067 Leviatban,
2049 3011 2102 3056 et

2221 3010 2322 3063 Βδὲ
2355 3012 2547 3080 ἀμνὸς,
2596 3011 2690 3063 καὶ
2728 3010 3099 3081 μαργαρίτης,
3154 3011 3247 3061 καὶ
3304 3008 3539 3075 σταγὼν,
3585 3009 3688 3061 καὶ
3736 3012 3815 3063 τὰ

522 3113 710 3154 eorum
750 3112 869 3166 qua:
925 3098 978 3152 iu
1044 3098 1200 3167 aquis
1260 3105 1408 3161 sunt,
1456 3110 1554 3152 rex
1618 3096 1952 3166 appelletur,
2012 3095 2103 3149 ille

1350 3105 1408 3161 Ιῑν
1456 3110 1554 3152 rex
1618 3096 1915 3166 appelletur
1937 3137 1952 3161 ,
2012 3095 2103 3149 me
2130 3132 2173 3190 ϐ
2206 3103 2431 3157 τοιαῦτα
2467 3103 2944 3174 προσαγορεύεται.

522 3204 650 3244 vero
687 3204 879 3260 agnus,
910 3199 964 3243 et
998 3191 1313 3260 margarita,
1346 3198 1399 3243 et
1462 3196 1643 3258 gutta,
1696 3196 1750 3243 et
1801 3188 1923 3242 aliis
1955 3188 2099 3257 ejus-

525 3281 668 3337 nodi
731 3281 1040 3335 nominibus
1095 3283 1275 3349 parvis
1320 3291 1567 3333 vocetur.

739 3391 987 3461 Ejusdem
1036 3408 1101 3445 ea:
1139 3392 1373 3445 oratione
1416 3394 1467 3444 in
1528 3392 1884 3445 l’eutecostcu.
2250 3383 2333 3433 Toi

2250 3379 2358 3433 Τοῦ
2385 3376 2572 3431 αὑτοῦ
2601 3376 2667 3427 ἐκ
2701 3377 2803 3429 τοῦ
2833 3379 3023 3460 λόγου
3048 3376 3156 3430 τοῦ
3186 3378 3274 3442 εἰς
3307 3376 3419 3444 τὴν
3448 3377 3772 3444 Πεντηκο-

2905 3464 3082 3513 dtur.

599 3551 701 3617 Qui
767 3551 1023 3619 Spiritum
1094 3559 1343 3605 sanctum
1416 3550 1471 3601 in
1540 3563 1719 3602 rerum
1788 3556 2093 3601 creatarum

2280 3544 2353 3598 Τὸ
2403 3545 2626 3613 Πνεῦμα
2684 3545 2743 3595 τὸ
2799 3544 2952 3611 ἅγιον
3011 3545 3061 3596 οἱ
3124 3546 3221 3612 μὲν
3263 3546 3343 3607 είς
3399 3545 3610 3611 κτίσμα
3657 3562 3807 3599 κατ·

528 3645 773 3699 ordiuem
843 3644 1130 3713 dejiciunt,
1194 3641 1576 3698 contumeliosi
1647 3649 1775 3694 sunt
1844 3650 1896 3693 et
1963 3640 2089 3692 mali

2206 3641 2451 3704 ἀγοντες,
2499 3636 2772 3705 ὑϐρισταὶ,
2819 3634 2913 3687 καὶ
2965 3634 3144 3687 δοῦλοι
3199 3636 3381 3698 κακοὶ,
3444 3636 3537 3687 καὶ
3593 3641 3798 3689 κακῶν

527 3732 692 3799 servi,
726 3740 887 3802 atque
921 3731 1056 3785 adeo
1085 3728 1348 3783 malorum
1385 3728 1629 3798 pessimi.
1671 3727 1935 3782 Malorum
1964 3728 2108 3782 enim

2211 3718 2471 3771 κάκιστοι.
2503 3716 2715 3769 Δούλων
2748 3717 2857 3785 γὰρ
2912 3715 3119 3779 κακῶν,
3178 3716 3392 3770 ἀθετεῖν
3441 3714 3805 3773 δεσποτείαν,

532 3839 811 3880 servorum
871 3831 975 3889 est,
1019 3820 1305 3891 imperium
1357 3820 1601 3890 rejice‘re,
1630 3828 1685 3873 et
1726 3819 1986 3874 adversus
2018 3819 2113 3873 do-

2220 3808 2296 3858 cal.
2348 3806 2742 3860 ἐπανίστασθαι
2796 3808 3098 3877 κυριότητι,
3141 3808 3234 3858 καὶ
3288 3804 3574 3874 ὁμόδουλον
3618 3809 3814 3856 misi:

538 3916 889 3969 tuinationem
944 3916 1432 3982 insurgere,atque
1459 3911 1534 3977 id,
1559 3910 1702 3979 quod
1753 3909 1980 3964 liberum
2005 3915 2108 3971 est,

2216 3900 2415 3962 ἑαυτοῖς
2451 3899 2511 3951 τὸ
2541 3898 2843 3969 ἐλεύθερον.
2871 3899 2933 3951 Οἱ
2965 3899 3022 3951 δὲ
3075 3898 3208 3950 Θεὸν
3242 3897 3577 3966 νομίζοντες,
3618 3896 3810 3948 ἔνθεοι

536 4008 588 4059 in
654 4006 899 4061 eamdem
981 4018 1165 4059 secum
1217 4002 1495 4058 servitutis
1554 4002 1787 4056 classem
1842 4000 2109 4070 redigere.

2216 3992 2300 4044 καὶ
2326 3992 2567 4062 λαμπροὶ
2600 3991 2696 4061 τὴν
2734 3991 2991 4045 διάνοιαν.
3028 3993 3090 4043 Οί
3118 3990 3174 4042 δὲ
3198 3992 3294 4043 καὶ
3322 3988 3713 4058 ὀνομάζοντες,
3758 3992 3810 4039 εξ

538 4098 643 4163 Qui
670 4104 850 4151 autem
896 4097 1064 4151 Deum
1093 4109 1216 4150 eum
1245 4102 1492 4159 censent,
1523 4093 1689 4159 divini
1740 4091 1983 4162 proiecto
2012 4091 2111 4144 viri

2219 4084 2307 4153 μὲν
2337 4083 2692 4153 εὐγνώμοσιν,
2725 4082 2949 4151 ὑψηλοί·
2982 4085 3031 4135 εί
3057 4082 3113 4135 δὲ
3142 4085 3437 4147 ταπεινοῖς,
3462 4081 3561 4132 οὑκ
3583 4082 3813 4131 οἰκονο-

539 4199 684 4254 sunt,
712 4204 777 4242 ac
799 4187 1081 4257 Splendido
1118 4184 1301 4239 animo
1348 4184 1578 4252 praediti.
1624 4182 1725 4249 Qui
1770 4197 1896 4237 vero
1950 4180 2113 4237 etiam

2214 4172 2357 4242 μικοί
2381 4188 2394 4202 ·
2425 4169 2580 4240 πηλῷ
2612 4170 2957 4241 μαργαρίτην
2991 4170 3352 4230 πιστεύοντες,
3392 4166 3487 4219 καὶ
3516 4166 3658 4232 ἀκοῇ
3698 4181 3808 4216 σα-

541 4256 839 4349 appellant,
880 4277 927 4333 si
984 4275 1201 4346 quidem
1254 4275 1395 4345 apud
1430 4275 1573 4331 viros
1600 4276 1819 4346 probos,
1854 4275 2115 4331 sublimes

2220 4265 2314 4333 ὂρᾷ
2331 4262 2561 4334 βροντῆς
2580 4258 2731 4333 ἦχον,
2757 4262 2850 4314 καὶ
2876 4260 3172 4330 ὀφθαλμοῖς
3189 4256 3599 4327 ἀσθενεστέροις
3620 4256 3814 4324 ἣλιον,

543 4344 838 4426 εἷρπειεί
870 4344 1028 4423 sunt:
1058 4367 1140 4422 sin
1175 4344 1354 4422 autem
1401 4366 1541 4436 apud
1602 4344 1840 4436 abiectos
1878 4373 1933 4419 et
1968 4364 2115 4419 humi

2223 4352 2303 4404 καὶ
2330 4352 2535 4422 τροφὴν
2569 4349 2797 4422 στερεὰν
2830 4353 2944 4412 τοῖς
2964 4348 3044 4401 ἔτι
3072 4350 3213 4418 γάλα
3386 4344 3777 4411 ποτιζομένοις
3802 4363 3817 4375 ⁶

540 4459 872 4529 provolutus,
903 4458 1046 4514 haud
1092 4457 1225 4514 satis
1254 4435 1547 4527 prudenter
1579 4435 1776 4527 agunt;
1813 4464 1997 4525 utpote
2025 4456 2115 4525 qui

2228 4444 2327 4496 Ξέον
2360 4444 2501 4497 κατὰ
2532 4442 2725 4513 μικρὸν
2749 4441 3010 4512 προάγειν
3173 4438 3370 4501 αὐτοὺς
3393 4438 3473 4499 είς
3504 4435 3565 4488 τὺ
3591 4436 3822 4507 ἐμπρη-

542 4526 655 4606 luto
682 4550 1053 4619 margaritam,
1084 4558 1137 4603 et
1174 4547 1452 4603 imbecilla:
1483 4546 1601 4601 auri
1633 4545 1855 4601 tonitrui
1904 4559 2118 4607 sonum,

2230 4534 2360 4598 rOsv,
2398 4535 2490 4589 καὶ
2524 4532 2879 4604 προὸιὸἀζειν
2918 4532 3031 4593 τοῖς
3066 4527 3418 4600 ὑψηλοτέροις
3445 4564 3459 4588 ,
3513 4527 3659 4592 φωτὶ
3689 4526 3824 4591 φῶς

539 4652 593 4696 et
645 4615 829 4696 solem:
870 4640 1101 4694 infirmis
1146 4638 1337 4702 oculis,
1364 4646 1419 4693 et
1464 4636 1603 4691 lacte
1641 4636 1819 4690 adhuc
1842 4631 2123 4688 utentibus

2226 4625 2626 4697 (αριζομένους,
2682 4625 2776 4679 καὶ
2827 4622 3054 4693 ἀληθείᾳ
3084 4616 3477 4690 προξενοῦντας
3504 4615 3784 4685 ἀλήθειαν
3809 4634 3820 4645 ·

542 4733 771 4787 solidum
818 4732 996 4787 cibum
1035 4730 1422 4795 committant;
1462 4743 1585 4783 cum
1616 4741 1710 4781 eos
1759 4724 2016 4793 paulatim
2059 4721 2124 4773 ad

2232 4718 2297 4771 ne
2325 4717 2419 4770 καὶ
2449 4718 2608 4787 ἡμεῖς
2634 4715 2726 4768 τὸν
2751 4714 3078 4783 τελεώτερον
3093 4710 3232 4771 τέως
3394 4706 3629 4774 ἀφέντες
3650 4705 3826 4770 λόγον

544 4823 801 4879 ulteriora
830 4837 1173 4893 promovere,
1198 4831 1366 4891 atque
1390 4820 1455 4873 ad
1488 4818 1801 4873 sublimiora
1827 4815 2127 4882 provehere

2056 4826 2127 4865 :re
2221 4807 2402 4876 (οὒπω
2435 4807 2544 4879 γὰρ
2580 4807 2829 4878 καιρὸς),
2858 4804 3029 4866 οὕτως
3056 4804 3241 4864 αὐτοῖς
3269 4797 3650 4865 διαλεξόμεθα.

538 4890 843 4979 conveniat,
871 4914 1059 4969 lumini
1102 4890 1295 4966 lumen
1316 4910 1608 4980 largiendo,
1640 4923 1703 4962 ac
1736 4905 1947 4961 veritati
1973 4904 2254 4957 veritatem
2283 4900 2640 4955 conciliando.
2700 4897 2965 4964 Quocirca
3028 4908 3126 4947 nos
3190 4905 3427 4961 quoque,
3490 4890 3822 4958 perfectiori

542 5007 757 5061 interim
789 5022 1040 5061 sermone
1078 5007 1241 5059 misso
1270 5002 1410 5057 facto
1440 5003 1696 5072 (nondum
1732 5002 1875 5054 enim
1907 5009 2117 5064 tempus
2159 4996 2207 5048 id
2265 4993 2545 5063 postulat),
2617 4994 2683 5045 ad
2743 4993 2885 5044 hunc
2940 4985 3153 5039 modum
3217 4998 3339 5039 cum
3378 4983 3509 5051 ipsis
3572 4984 3828 5038 dissere-

544 5115 593 5153 ιιι
600 5115 684 5153 us.

764 5192 821 5248 Si
850 5190 1088 5261 quidem,
1117 5206 1150 5244 o
1189 5189 1313 5256 viri,
1354 5203 1457 5244 nec
1503 5187 1826 5247 increatum,
1851 5198 1953 5237 nec
1987 5192 2120 5237 tem-

2402 5181 2464 5233 Εἰ
2498 5179 2593 5249 μὲν
2625 5175 2744 5229 οὐδὲ
2773 5175 3026 5229 ἄκτιστον
3047 5209 3062 5234 ,
3111 5164 3157 5223 ῶ
3214 5183 3381 5228 ουτοι,
3404 5164 3731 5235 ὁμολογεῖτε
3762 5162 3828 5213 τὸ

548 5285 691 5355 poris
719 5255 997 5354 expertem
1055 5280 1315 5351 Spiritum
1372 5284 1617 5333 sanetum
1647 5274 1892 5333 creditis.
1924 5272 2118 5341 spiritu

2231 5272 2457 5342 Πνεῦμα
2485 5270 2544 5321 τὸ
2595 5269 2766 5337 ἀγιον,
2792 5264 2914 5318 οὐδὲ
2946 5264 3197 5332 ἄχρονον,
3227 5258 3322 5312 τοῦ
3356 5257 3601 5310 ἐναντίου
3646 5255 3824 5307 πνεύ-

549 5376 866 5432 adversario
911 5373 1051 5428 haud
1081 5372 1245 5427 dubie
1284 5368 1537 5424 amamini
1566 5384 1581 5420 :
1624 5366 1821 5421 dabitis
1848 5362 1995 5418 enim
2031 5376 2126 5415 ve-

2238 5380 2403 5434 ματος
2432 5360 2617 5427 σαφῶς
2664 5359 2697 5427 ἡ
2745 5355 3028 5425 ἐνέργειαο
3058 5352 3174 5404 δότε
3213 5350 3321 5420 γὰρ
3350 5348 3430 5418 τῷ
3458 5347 3604 5418 ζήλῳ
3642 5363 3698 5399 τι
3730 5347 3830 5397 καὶ

550 5470 717 5531 niam,
750 5468 795 5520 si
828 5465 946 5521 zelo
976 5470 1303 5526 commotus,
1335 5460 1579 5529 asperius
1626 5456 1842 5526 aliquod
1894 5454 2122 5508 verbum

2238 5452 2657 5524 παρατολμῆσαι
2683 5447 2895 5519 μικρόν.
2917 5445 2979 5497 Εἰ
3006 5443 3062 5495 δὲ
3083 5441 3336 5493 τοσοῦτον
3358 5437 3489 5507 γοῦν
3521 5435 3825 5502 ὑγιαίνετε,

550 5576 812 5632 extulero.
844 5574 993 5641 Quod
1025 5574 1069 5628 si
1102 5573 1363 5626 hactenus
1399 5569 1589 5624 saltem
1620 5578 1766 5620 recte
1797 5565 2031 5629 sentitis,
2065 5577 2127 5616 ac

2238 5547 2378 5600 ὥστε
2407 5547 2506 5614 τὴν
2545 5541 2810 5615 πρόδηλον
2860 5536 3084 5608 φεύγειν
3116 5533 3370 5586 ἀσέϐειαν
3397 5569 3413 5594 ,
3448 5530 3541 5581 καὶ
3572 5528 3673 5596 τῆς
3702 5526 3831 5577 δου-

2420 5636 2472 5641 Αιη
2611 5634 2661 5641 --
2827 5630 2838 5641 ι
2954 5630 2964 5641 ι
3017 5628 3029 5641 ο
3097 5628 3121 5641 ~
3375 5619 3554 5641 ius.
3609 5616 3799 5641 suum

558 5616 812 5632 ..........,.
847 5616 993 5641 κυνι.
1026 5616 1069 5628 υ.
1104 5616 1362 5626 πεπυ--
1399 5616 1588 5624 ηπ---
1996 5616 2031 5629 ν,

558 5666 698 5722 belle
752 5667 966 5728 valetis,
1003 5674 1061 5719 ut
1115 5661 1457 5716 manifestam
1507 5660 1836 5727 impietatem
1886 5654 2125 5723 fugiatis,

2240 5641 2388 5701 λείας
2417 5636 2521 5701 ἔξω
2550 5634 2759 5686 τιθέναι
2791 5630 2852 5682 τὸ
2884 5630 2975 5681 καὶ
3008 5628 3153 5697 ἡμᾶς
3368 5619 3555 5675 ποιοῦν
3607 5616 3829 5669 ἐλευθέ-

560 5766 720 5824 atquc
751 5771 896 5819 cum,
939 5756 1029 5823 qui
1068 5769 1164 5811 nos
1187 5765 1402 5823 quoque
1444 5750 1642 5805 liberos
1665 5746 1845 5813 elIicit,
1879 5761 1905 5799 a
1942 5744 2123 5799 servili

2247 5728 2470 5802 ρους,τὸ
2499 5726 2625 5797 ἑξῆς
2655 5723 2808 5776 αὐτοὶ
2843 5718 3137 5788 σκέψασθε,
3177 5716 3312 5784 μετά
3340 5713 3433 5767 τοῦ
3464 5710 3619 5779 ἁγίου
3650 5710 3827 5761 Πνεύ-
