2018 3105
224 145 274 178 847

841 149 1032 179 EUTHYMlI
1052 150 1230 180 ZIGABENI

1803 156 1864 188 828

226 220 261 245 tia
278 217 407 246 venisset.
423 218 486 245 Erat
507 218 588 252 igitur
614 225 721 251 semper
741 218 934 251 perceptilnlis,
954 227 1001 245 non

1064 212 1278 247 μεταληπτικόν·
1306 214 1435 245 τελειοῦν.
1452 216 1482 242 οὐ
1498 216 1682 251 τελειούμενον
1693 226 1700 233 ’
1719 219 1856 255 πληροῦν,

226 263 374 297 particeps;
386 264 598 299 perficiens,non
609 263 642 289 ab
656 263 708 289 alio
720 263 854 297 perfectus
866 272 874 296 ;
884 266 1006 299 explens,

226 317 278 338 non
295 308 434 342 expletus;
447 307 628 339 sanctificans,
640 314 692 333 non
707 308 907 342 sanctificatus;
932 311 1006 337 deiti-

224 361 299 385 cans,
320 361 372 380 non
391 353 554 380 deificatus:
580 353 637 387 ipse
664 360 782 388 semper,
808 359 835 381 et
867 362 967 387 secum,
980 361 1008 382 et

224 406 284 425 cum
314 398 356 430 iis,
380 398 478 431 quibus
493 398 639 431 adjunctus
667 403 720 432 est,
738 399 806 425 idem
830 403 856 427 et
876 401 1005 434 aequalis;

225 443 376 475 invisibilis,
400 444 534 478 temporis
553 451 660 478 expers,
696 444 768 471 nullo
793 444 853 472 loco
876 445 1006 478 inclusus,

223 489 413 527 immutabilis;
431 489 574 524 qualitate,
600 490 763 524 quantitate,
782 490 866 517 forma
891 496 918 517 et
935 495 1005 518 tactu

223 542 328 567 carens,
348 536 467 569 seipsum
489 543 612 568 movens,
634 543 666 563 ac
683 535 878 570 sempiternum
904 541 1005 563 motum

223 582 338 612 habens,
363 581 468 608 arbitrii
492 581 570 613 liber,
588 589 636 615 per
659 589 689 609 se
714 586 818 615 potens,
837 582 1006 616 omnipotens

220 627 337 661 (tametsi
349 626 381 653 ad
393 627 507 661 primam
529 634 647 659 causam,
663 627 792 653 utomnia
813 634 844 654 ea
863 634 922 661 qua).
938 626 1007 654 Uni-

221 672 303 707 gcuiti
320 676 392 701 sunt.
407 673 441 698 ita
454 673 534 698 etiam
547 679 607 706 qua:
627 671 744 705 Spiritus
755 672 841 698 sancti
854 678 926 703 sunt,
940 672 1006 699 refe-

222 716 341 751 rantur);
358 717 424 749 vita,
445 721 472 743 et
487 716 645 749 vivificaris;
662 716 722 747 lux,
738 720 765 743 et
786 716 855 744 lucis
877 716 1004 751 largitor;

225 761 333 788 bonitas
360 761 430 795 ipsa,
446 766 472 788 et
500 761 558 788 fons
582 760 728 793 bonitatis;
762 761 877 796 Spiritus
905 767 1004 794 rectus,

221 806 390 840 principalis,
410 807 546 840 dominus,
562 806 683 839 mittens,
697 814 854 842 segregans,
876 807 1003 842 templum

217 851 267 878 sibi
288 856 445 884 exstruens,
469 852 539 878 viam
561 856 785 886 prmmonstrans,
799 852 931 879 arbitratu
955 859 1004 878 suo

216 903 342 930 operans.
357 897 515 931 gratiasque
544 897 682 929 dividens;
706 897 822 931 Spiritus
838 897 1001 932 adoptionis,

1058 893 1153 928 Πατὴρ
1178 893 1339 927 γινώσκεται
1365 913 1372 924 .

216 942 347 974 veritatis,
369 942 518 976 sapientiae,
536 943 694 976 intellectus,
711 943 842 974 scientia},
884 943 1001 977 pietatis.

217 987 333 1019 consilii,
350 986 512 1015 fortitudinis
537 991 559 1020 ',
582 988 696 1021 timoris,
711 988 935 1022 quemadmodum
950 996 1000 1014 nu-

219 1038 374 1065 merantur;
398 1041 445 1067 per
468 1041 546 1067 quem
570 1034 650 1060 Pater
673 1034 853 1069 cognoscitur,
871 1038 898 1061 et
918 1033 1001 1061 Filius

217 1077 395 1111 gloriﬁcatur,
413 1083 440 1105 et
454 1086 468 1105 a
484 1079 580 1113 quibus
592 1079 657 1106 solis
671 1079 726 1113 ipse
739 1079 920 1113 cognoscitur,
941 1086 994 1105 una

216 1121 322 1153 classis,
349 1130 417 1149 unus
443 1123 542 1155 cultus,
557 1131 608 1149 una
627 1123 758 1154 adoratio,
783 1123 913 1156 potentia,
937 1129 999 1156 per-

217 1164 308 1196 fectio,
327 1167 468 1193 sanctitas.
498 1166 567 1199 Quid
596 1167 716 1201 pluribus
737 1167 825 1194 verbis
847 1174 914 1201 opus
936 1166 998 1193 est?

216 1208 322 1243 Omnia,
337 1218 505 1247 quiscunque
516 1212 597 1239 Pater
613 1213 704 1244 habet,
719 1217 782 1239 sunt
799 1212 870 1245 Filii,
886 1216 998 1247 praeter-

1062 258 1092 284 οὺ
1109 258 1311 294 πληρούμενον·
1328 259 1449 292 ἁγιάζον,
1470 261 1519 295 οὐχ
1543 261 1736 296 ἁγιαζόμενον·
1761 264 1856 295 θεοῦν,

1062 304 1092 329 οὐ
1108 303 1252 339 Οεούμενον
1264 313 1270 319 ·
1286 304 1352 330 αὐτὸ
1378 305 1467 340 ἑαυτῷ
1481 306 1578 332 ταυτὸν
1603 303 1656 338 ἀεὶ,
1672 309 1719 334 καὶ
1732 306 1773 340 οἷς
1791 318 1858 336 συν-

1062 348 1190 375 τέτακται
1205 358 1210 363 ·
1222 349 1347 385 ἀόρατον,
1357 350 1479 385 ἄχρονον,
1491 351 1644 386 ἀχώρητον,
1659 353 1854 387 ἀναλλοίωτον,

1063 394 1168 425 ἄποιον,
1187 394 1298 425 ἄποσον,
1318 395 1447 428 ἀνείδεον,
1467 396 1580 430 ἀναφὲς,
1596 398 1784 433 αὐτοκίνητον,
1799 401 1857 426 ἀειο

1064 438 1182 473 κίνητον,
1199 440 1382 472 αὐτεξούσιον,
1410 441 1595 477 αὑτοδύναμον
1607 462 1615 473 ,
1646 444 1857 480 παντοδύναμον

1064 485 1108 518 (εί
1125 486 1170 512 κα)⁵
1186 486 1253 520 πρὸς
1270 486 1318 522 τὴν
1333 487 1445 523 πρώτην
1460 488 1559 520 αἰτίαν,
1578 488 1672 525 ὥσπερ
1685 490 1719 516 τὰ
1733 490 1780 517 τοῦ
1795 492 1856 518 Μο-

1063 530 1189 564 νογενοῦς
1215 531 1331 563 ἅπαντα,
1364 532 1434 558 οὕτω
1454 533 1484 567 δὴ
1505 534 1552 559 καὶ
1574 534 1608 560 τὰ
1626 534 1673 560 τοῦ
1691 535 1855 570 Πνεύματος

1063 576 1269 611 ἀναπέμπεται)
1280 585 1287 592 ·
1308 576 1374 612 ζωὴ,
1392 578 1438 604 καὶ
1451 578 1595 610 ζωοποιόν·
1613 580 1688 614 φῶς,
1706 581 1753 607 καὶ
1767 590 1855 617 χορη-

1063 621 1111 654 γὸν
1142 621 1247 655 φωτόςο
1274 622 1460 656 αὐτοαγαθόν,
1488 624 1535 650 καὶ
1559 624 1634 659 πηγὴ
1661 626 1852 661 ἁγαθότητοςο

1064 666 1175 700 Πνεῦμα
1187 667 1272 698 εὺθὲς,
1287 668 1458 702 ἡγεμονικὸν,
1474 668 1579 704 κύριον,
1595 671 1770 703 ἀποστέλλον,
1796 673 1853 706 ἀφ-

1062 712 1162 747 ορίζον,
1172 713 1312 739 vetereto-3v
1325 713 1422 748 ἐαυτῷ,
1435 714 1559 748 όδηγοῦν,
1573 715 1700 751 ἐνεργοῦν
1714 717 1753 748 ὼς
1760 717 1854 751 βούλε-

1059 766 1114 789 ται,
1133 758 1252 793 διαιροῦν
1273 759 1447 794 χαρίσματα’
1472 760 1584 795 Πνεῦμα
1603 761 1755 795 υἱοθεσίας,
1782 763 1853 797 ἁλη-

1059 802 1143 834 θείας,
1160 804 1254 837 σοείας
1267 823 1274 835 ,
1293 804 1435 835 συνέσεως,
1453 803 1598 839 γνώᾶεως,
1619 806 1771 839 εὐσεϐείας,
1788 807 1854 841 βου-

1057 847 1117 882 λῆς,
1137 848 1236 882 ἰςχύος,
1255 848 1347 882 φόϐου,
1358 849 1410 876 τῶν
1423 850 1661 886 ἁπηριθμημένων
1684 859 1693 868 ε
1769 853 1805 878 δι’
1818 851 1851 881 οὗ

1461 896 1508 922 καὶ
1533 895 1597 927 Υἱὸς
1624 896 1781 929 δοξάζεται.
1801 899 1851 925 καὶ

1057 939 1122 973 παρ’
1136 935 1173 964 ὧν
1187 939 1274 974 μόνων
1300 939 1473 973 γινώσκεται,
1501 941 1550 976 μία
1572 941 1707 974 σύνταξις,
1735 942 1849 978 λατρεία

1058 982 1118 1017 μία,
1137 983 1331 1018 προσκύνησις,
1349 984 1473 1020 δύναμις,
1491 986 1636 1021 τελειότης,
1650 987 1795 1022 ἁγιασμός.
1816 988 1849 1014 Τί

1060 1037 1106 1063 μοι
1125 1028 1320 1065 μακρολογεῖν,
1344 1031 1435 1057 Πάντα
1454 1031 1504 1060 ὅσα
1519 1032 1534 1057 ὁ
1562 1032 1655 1067 Πατὴρ
1668 1051 1676 1063 ,
1701 1032 1748 1058 τοῦ
1771 1033 1849 1064 Υἱοῦ,

1057 1073 1126 1110 πλὴν
1156 1075 1205 1109 τῆς
1303 1076 1474 1111 ἀγεννησιας.
1492 1077 1585 1103 Πάντα
1601 1077 1651 1103 ὅσα
1672 1078 1685 1103 ό
1710 1078 1783 1109 Υἱὸς,
1799 1079 1849 1104 τοῦ

1058 1120 1225 1155 Πνεύματος,
1237 1120 1305 1156 πλὴν
1317 1121 1368 1156 τῆς
1384 1123 1546 1157 γεννήσεως,
1572 1122 1664 1148 Ταῦτα
1682 1123 1710 1149 δὲ
1732 1124 1781 1149 οὐκ
1803 1124 1851 1149 οὺ-

1058 1165 1117 1197 σίας
1133 1166 1267 1200 ἀφορίζει,
1285 1167 1357 1193 κατά
1371 1176 1402 1201 γε
1419 1167 1464 1194 τὸν
1478 1168 1543 1203 ἐμὸν
1559 1167 1636 1202 λόγον
1650 1189 1658 1201 ,
1674 1169 1739 1203 περὶ
1753 1168 1849 1195 οὐσίαν

1055 1207 1083 1234 δὲ
1095 1208 1264 1244 ἀφορίζεται.

214 1256 293 1283 quam
317 1245 388 1284 quod
407 1245 545 1287 ingenitus
570 1259 626 1278 non
658 1255 709 1278 est.
728 1251 824 1277 Omnia
853 1245 1024 1286 quaecunque
1040 1252 1134 1286 Filius,
1163 1254 1281 1288 Spiritus
1305 1256 1392 1284 sancti
1424 1262 1498 1290 sunt,
1522 1257 1546 1284 si
1565 1257 1772 1292 generationem
1799 1267 1850 1287 ex-

214 1297 330 1331 ceperis.
361 1299 425 1327 Haec
456 1307 537 1335 porro
556 1299 737 1327 substantiam
763 1306 819 1326 non
839 1303 996 1333 secernunt,
1013 1304 1042 1327 ut
1056 1300 1165 1335 quidem
1185 1302 1243 1337 ipse
1262 1304 1352 1331 sentio
1365 1323 1373 1336 ,
1396 1311 1489 1331 verum
1511 1305 1582 1332 circa
1598 1305 1778 1333 substantiam
1800 1314 1848 1333 se-

214 1350 373 1373 cernuntur.

466 1396 507 1423 Ea:
519 1397 609 1423 eadem
625 1396 753 1423 aratione.

250 1441 369 1468 Primum
400 1442 482 1478 igitur
511 1442 630 1477 Spiritus
658 1448 769 1470 sanctus
792 1443 820 1470 in
854 1443 1001 1478 angelicis,

217 1493 242 1513 et
259 1488 419 1515 caelestibus
439 1489 595 1522 virtutibus,
620 1490 717 1524 iisque,
744 1498 806 1526 qua:
833 1497 890 1526 post
918 1491 1002 1519 Deum

216 1532 311 1566 primm
326 1538 399 1565 sunt,
413 1540 529 1569 cumque
542 1534 732 1568 circumstant,
752 1537 805 1564 vim
817 1545 895 1564 suam
924 1545 1002 1565 exer-

1276 1398 1326 1425 Ἐιι
1350 1398 1403 1425 τοῦ
1417 1398 1511 1426 αὑτοῦ
1527 1400 1633 1435 λόγου.

1092 1442 1179 1470 Τοῦτο
1201 1443 1319 1478 ὲνέργει,
1337 1445 1469 1480 πρότερον
1485 1446 1536 1480 μὲν
1559 1447 1588 1473 ἐν
1611 1448 1671 1478 ταῖς
1684 1447 1849 1481 ἀγγελικαίς

1052 1491 1100 1518 καὶ
1111 1491 1247 1527 οὐρανίοις
1341 1492 1490 1529 δυνάμεσι,
1514 1495 1561 1521 καὶ
1574 1495 1635 1521 ὅσαι
1651 1496 1757 1531 πρῶται
1776 1498 1845 1531 μετά

1052 1536 1118 1562 Θεὸν
1129 1556 1136 1568 ,
1156 1537 1203 1563 καὶ
1223 1537 1286 1572 περὶ
1308 1537 1385 1565 Θεόν.
1409 1538 1445 1565 οὺ
1467 1538 1521 1574 γὰρ
1536 1538 1647 1566 ἄλλοθεν
1661 1541 1757 1572 αὑταῖς
1772 1542 1845 1576 ήτε-

215 1578 304 1606 cebat.
321 1578 415 1613 Neque
429 1580 501 1607 enim
514 1580 625 1608 aliunde
642 1581 835 1615 perfectionem
854 1587 882 1609 et
910 1583 1001 1617 splen-

1056 1581 1159 1613 λείωσις
1174 1582 1221 1608 καὶ
1235 1583 1251 1617 ή
1268 1582 1411 1618 ἔλλαμψις,
1441 1584 1489 1610 καὶ
1504 1584 1534 1610 τὸ
1548 1584 1617 1620 πρὸς
1634 1586 1732 1612 κακίαν
1748 1586 1844 1613 δυσκε-

215 1628 308 1654 dorem
325 1627 435 1660 habent,
450 1628 531 1663 idque
546 1634 692 1663 praeterea.
710 1634 738 1655 ut
755 1630 788 1657 ad
807 1630 906 1656 malum
917 1638 1002 1665 aegre,

216 1673 256 1699 vel
273 1672 346 1698 nullo
358 1680 470 1706 prorsus
487 1674 568 1701 modo
601 1674 705 1702 moveri
732 1679 845 1708 queant,
880 1682 961 1709 quam
988 1684 1002 1703 a

215 1718 315 1751 Spiritu
330 1724 435 1745 sancto.
456 1719 554 1746 Deinde
580 1720 605 1746 in
641 1719 765 1747 Palribus
797 1724 824 1747 et
851 1721 1001 1755 prophetis,

213 1771 327 1798 quorum
341 1764 385 1791 alii
402 1764 484 1791 Deum
498 1773 546 1799 per
559 1765 706 1799 imaginem
723 1765 858 1799 viderunt,
876 1770 923 1792 aut
956 1774 1002 1793 co-

213 1814 375 1842 gnoverunt,
394 1810 439 1836 alii
454 1814 547 1837 autem
568 1811 650 1837 etiam
665 1818 708 1837 res
722 1810 828 1837 futuras
854 1812 1000 1846 przescive-

214 1860 286 1889 runt,
311 1857 472 1891 impressam
492 1856 621 1883 nimirum
646 1864 695 1891 per
719 1856 852 1891 Spiritum
874 1862 1000 1884 sanctum

212 1902 361 1936 principem
376 1902 459 1930 animi
473 1907 577 1937 partem
593 1903 736 1935 habentes,
756 1907 783 1930 et
812 1910 873 1930 cum
902 1903 1000 1931 futuris

213 1953 341 1982 tanquam
358 1955 419 1976 cum
444 1949 624 1983 prmsentibus
655 1954 809 1977 versantes.
841 1948 998 1982 Hujusmodi

212 1993 311 2027 quippe
322 1992 442 2027 Spiritus
463 1993 504 2020 vis
521 2001 553 2020 ac
569 1993 689 2028 potentia
706 1998 756 2020 est.
774 1993 842 2020 Tum
858 1994 883 2020 in
897 1994 998 2021 Christi

213 2038 354 2072 discipulis
367 2038 517 2074 (Christum
535 2038 607 2065 enim
626 2038 816 2072 prastermitto,
832 2038 876 2065 cui
892 2040 999 2072 aderat,

213 2089 265 2108 non
283 2087 313 2108 ut
327 2089 454 2117 operans,
471 2084 518 2109 sed
531 2083 701 2117 utwqualcm
714 2084 879 2119 comitaris);
910 2084 998 2119 iisque

213 2132 238 2152 tr
251 2127 358 2160 furiam,
380 2132 460 2162 prout
478 2128 599 2162 ipsorum
611 2134 707 2163 captus
721 2128 836 2162 ferebat,
857 2130 1000 2165 tribusque

213 2171 382 2205 temporibus
397 2180 404 2199 :
421 2180 528 2207 nempe,
547 2178 693 2209 antequam
718 2173 843 2201 Christus
867 2181 915 2208 per
932 2174 998 2201 Pas-

212 2219 317 2244 sionem
335 2218 500 2253 gloriﬁcatus
524 2222 596 2246 esset
612 2227 619 2245 :
643 2225 785 2254 postquam
807 2226 854 2254 per
871 2219 1001 2247 Resurre-

1052 1635 1142 1662 νητον,
1173 1627 1190 1662 ἢ
1217 1627 1355 1663 ἀκίνητον,
1372 1629 1388 1664 ἢ
1407 1628 1483 1664 παρὰ
1498 1629 1546 1656 τοῦ
1569 1630 1648 1664 ἁγίου
1674 1632 1844 1666 Πνεύματος.

1055 1674 1169 1699 Ἔπειτα
1182 1674 1276 1705 ἐντοῖς
1291 1674 1426 1709 Πατράσι,
1443 1676 1490 1701 καὶ
1507 1676 1536 1701 ὲν
1547 1677 1604 1707 τοῖς
1617 1678 1782 1711 προφήταις,
1806 1674 1846 1704 ὧν

1054 1719 1078 1745 οἱ
1095 1719 1145 1754 μὲν
1159 1720 1368 1755 ὲφαντάσθησαν
1380 1720 1457 1752 Θεὸν,
1471 1721 1487 1756 ἢ
1500 1721 1634 1755 ἔγνωσαν,
1656 1723 1681 1748 οἱ
1703 1722 1731 1748 δὲ
1753 1723 1801 1749 καὶ
1815 1723 1846 1749 τὸ

1057 1763 1151 1798 μέλλον
1167 1764 1343 1799 προέγνωσαν
1353 1765 1519 1800 τυπούμενοι
1533 1766 1572 1801 τῷ
1587 1766 1727 1802 Πνεύματι
1736 1768 1768 1794 τὺ
1780 1769 1847 1803 ἠγε-

1054 1809 1226 1843 μονικὺν,καὶ
1238 1810 1276 1842 ὡς
1289 1810 1406 1846 παροῦσι
1419 1812 1543 1843 συνόντες
1553 1813 1609 1844 τοῖς
1623 1813 1846 1847 ὲσομένοις.Τοι-

1048 1855 1118 1890 αύτη
1130 1855 1184 1890 γὰρ
1197 1857 1213 1890 ή
1230 1856 1276 1882 τοῦ
1294 1856 1452 1892 Πνεύματος
1466 1857 1589 1892 δύναμις.
1603 1859 1719 1885 Ἔπειτα
1737 1860 1766 1885 ἐν
1785 1860 1844 1890 τοῖς

1049 1901 1168 1936 Χριστοῦ
1186 1901 1321 1936 μαθηταῖς
1331 1902 1379 1936 (ὲῶ
1392 1903 1446 1937 γὰρ
1458 1902 1575 1938 Χριστὸν
1586 1903 1684 1935 εἰπεῖν,
1699 1899 1722 1936 ᾧ
1741 1903 1844 1938 παρῆν,

1050 1946 1142 1980 οὑχώς
1157 1946 1294 1981 ἐνεργοῦν,
1311 1947 1367 1973 ἀλλ’
1379 1947 1416 1979 ὡς
1431 1947 1555 1982 ὁμοτίμῳ
1565 1948 1843 1983 συμπαρομαρτῶν)-

1050 1992 1097 2017 ut
1103 1991 1205 2023 τούτοις
1213 1992 1340 2027 τρισσῶς.
1353 1993 1414 2019 καθ’
1426 1993 1487 2019 ὅσον
1498 1990 1548 2019 οἷοί
1562 1990 1668 2027 τεῆσαν
1680 1995 1790 2028 χωρεῖν,
1798 1994 1845 2019 καὶ

1050 2037 1120 2063 κατὰ
1130 2037 1329 2073 καιροὺςτρεῖς’
1338 2037 1403 2072 πρὶν
1414 2037 1571 2072 ὣξασθῆναι
1580 2037 1742 2072 Χριστὸντῷ
1748 2038 1843 2064 liueat-

1050 2083 1118 2117 μετὰ
1128 2083 1157 2109 τδ
1165 2083 1324 2118 δοξασθῆναι
1333 2085 1365 2118 τῇ
1374 2083 1532 2111 Ἀναστάσει
1552 2091 1559 2099 ·
1616 2083 1685 2117 μετὰ
1694 2083 1743 2119 τὴν
1752 2085 1791 2115 εἰς
1799 2085 1845 2110 οὑ-

1051 2128 1306 2163 ρανοὺςἍνάὸασιν,
1321 2128 1338 2162 ἢ
1348 2129 1603 2164 ἀποκατάστασιν,ῆ
1613 2129 1627 2155 ὃ
1641 2137 1668 2155 τι
1676 2129 1729 2164 χρὴ
1743 2129 1842 2163 λέγειν.

1049 2173 1130 2208 Δηλοί
1143 2173 1171 2200 δὲ
1185 2174 1201 2208 ὴ
1221 2173 1316 2208 πρώτη
1328 2173 1382 2200 τῶν
1392 2174 1487 2205 νόσων,
1507 2174 1555 2200 καὶ
1568 2175 1584 2209 ή
1601 2174 1656 2200 τῶν
1676 2175 1843 2209 πνευμάτων

1050 2219 1198 2254 κάθαρσις,
1217 2219 1266 2245 οὐκ
1293 2219 1356 2245 ἄνευ
1382 2219 1543 2254 Πνεὺματος
1571 2219 1672 2255 δηλαδὴ
1688 2220 1842 2254 γενομένη·

213 2267 328 2290 itionem
351 2263 519 2298 glorificatus
538 2263 609 2291 fuit:
628 2271 661 2291 ac
674 2265 789 2299 denique
804 2270 866 2299 post
884 2265 941 2299 ejus
966 2265 1000 2292 ad

1056 2264 1097 2291 καὶ
1109 2264 1139 2290 τὺ
1152 2264 1221 2299 μετὰ
1233 2264 1283 2299 τὴν
1299 2265 1456 2299 οἰκονομίαν
1468 2264 1630 2299 ἐμφύσημα,
1643 2264 1736 2298 σαφῶς
1751 2264 1781 2291 ὃν
1795 2264 1844 2298 ἐμ-

212 2308 296 2336 οωῖοε
312 2309 517 2341 Ascensionem,
537 2310 594 2337 sive
621 2310 832 2343 restitutionem,
859 2311 917 2338 sive
931 2319 1001 2346 quo—

214 2363 322 2390 cunque
342 2355 396 2382 alio
414 2356 524 2383 nomine
560 2364 601 2383 res
622 2365 652 2384 ca
683 2356 718 2383 sit
749 2357 917 2392 appellanda.
944 2357 1000 2385 Hoc

213 2406 302 2427 autem
317 2401 604 2436 perspicue'ostendit,
620 2406 676 2428 tttm
700 2402 786 2437 prima
811 2402 854 2429 illa
888 2402 995 2429 morbo-

213 2453 271 2473 rum
286 2446 486 2481 spirituumque
505 2447 638 2481 depulsio,
656 2455 714 2482 quae
728 2447 1001 2481 scilicetnonabsque

212 2492 332 2526 Spiritus
347 2493 457 2519 numine
470 2493 552 2519 ﬂebat
568 2501 575 2525 ;
590 2498 644 2519 tum
660 2493 703 2519 illa
717 2497 778 2527 post
791 2492 942 2520 confectum
958 2499 1003 2519 sa-

212 2538 379 2565 lutisuostra:
474 2540 609 2573 negotium
623 2537 775 2571 insnfﬂatio,
791 2538 997 2573 quaadivinioris

214 2584 390 2616 proculdubio
405 2585 593 2619 inspirationis
608 2585 746 2619 specimen
778 2584 912 2616 habebat;
946 2588 1001 2610 tum

213 2632 350 2660 postremo
366 2635 486 2663 protsens
502 2629 560 2656 lucc
590 2628 730 2664 ignearum
756 2629 906 2665 linguarum
933 2628 1002 2655 divi-

212 2673 264 2706 sio,
281 2681 362 2708 quam
375 2675 457 2701 etiam
471 2674 588 2702 solemni
606 2675 675 2702 festo
687 2674 870 2701 celebramus.
900 2672 1001 2700 Verum

213 2719 300 2752 primo
314 2720 435 2755 quidem,
453 2720 586 2761 obscure;
603 2720 710 2752 deinde,
725 2719 900 2755 expreSSius;
927 2726 1002 2746 nunc

215 2771 289 2796 vero,
315 2765 475 2800 perfectius,
492 2770 586 2801 utpote
609 2766 656 2801 qui
689 2773 742 2792 non
767 2766 823 2799 jam
843 2765 1001 2799 operatioiae

213 2809 270 2835 sola
283 2817 401 2843 praesens
422 2812 468 2843 sit,
482 2816 511 2838 ut
524 2812 610 2846 prius,
626 2811 671 2839 sed
691 2810 842 2841 essentiali,
859 2815 888 2836 ut
908 2810 947 2836 sic
961 2809 999 2834 lo-

294 2881 303 2896 ¹
324 2881 424 2913 1511.“,
443 2882 480 2908 t2.

1051 2318 1163 2346 πνευσις
1177 2310 1317 2345 θειοτέρα·
1331 2310 1378 2337 καὶ
1395 2311 1409 2336 ὁ
1420 2310 1466 2337 νῦν
1485 2310 1621 2345 μερισμὸς
1641 2310 1697 2336 τῶν
1720 2311 1843 2345 πυρίνων

1049 2355 1191 2390 γλωσσῶν,
1215 2355 1229 2381 ὃ
1249 2355 1297 2382 καὶ
1315 2353 1552 2390 πανηγυρίζομεν.
1641 2354 1722 2381 Ἀλλὰ
1743 2354 1774 2381 τὸ
1794 2354 1844 2389 μὲν

1051 2401 1169 2436 πρῶτον,
1184 2400 1312 2436 ἀμυδρῶς
1322 2409 1329 2416 ·
1344 2401 1374 2427 τὸ
1385 2400 1414 2427 δὲ
1430 2400 1568 2436 δεύτερον,
1587 2399 1779 2435 ἐκτυπώτερον
1791 2408 1798 2415 ·
1813 2400 1844 2426 τὸ

1051 2446 1080 2472 δὲ
1095 2446 1152 2478 νῦν,
1172 2446 1344 2482 τελεώτερον,
1359 2446 1410 2473 οὐκ
1425 2446 1465 2472 ἔτι
1480 2445 1605 2482 ἐνεργείᾳ
1617 2445 1720 2481 παρὸν,
1807 2443 1845 2474 ὡς

1050 2492 1193 2528 πρότερον,
1209 2491 1347 2522 commeo;
1360 2492 1399 2523 δὲ,
1414 2492 1452 2523 ὡς
1470 2492 1502 2518 ἂν
1517 2491 1589 2518 εἴποι
1612 2500 1665 2524 τις,
1682 2491 1844 2526 συγγινόμε-

1050 2537 1094 2563 νόν
1111 2545 1140 2562 τε
1157 2537 1203 2563 καὶ
1228 2536 1504 2571 συμπολιτευόμενον.
1535 2536 1660 2570 Ἔπρεπε
1684 2534 1750 2569 γὰρ,
1778 2533 1842 2560 Υιοῦ

1051 2581 1212 2616 σωματικῶς
1229 2582 1295 2617 ἡμῖν
1314 2581 1506 2616 ὁμιλήσαντος,
1523 2582 1569 2607 καὶ
1581 2580 1648 2607 αὐτὸ
1659 2580 1779 2614 φανῆναι
1794 2587 1844 2605 σω-

1052 2627 1190 2662 ματικῶςθ
1210 2627 1255 2654 καὶ
1277 2627 1394 2663 Χριστοῦ
1419 2626 1486 2663 πρὸς
1510 2626 1606 2653 ἑαυτὸν
1632 2625 1841 2656 ἐπανελθόντος,

1052 2671 1140 2698 ἐκεῖνο
1154 2671 1223 2706 πρὸς
1236 2672 1310 2707 ἡμᾶς
1325 2670 1466 2698 κατελθεῖν
1476 2680 1483 2687 ·
1496 2670 1644 2706 ἐρχόμενον
1666 2670 1715 2705 μὲν
1734 2669 1773 2701 ὼς
1786 2668 1841 2695 Κύ-

1052 2726 1120 2752 ριον,
1136 2717 1313 2752 πεμπόμενον
1326 2718 1354 2744 δὲ
1371 2718 1409 2749 ὡς
1426 2717 1476 2744 ούκ
1495 2716 1627 2743 ἀντίθεον.
1639 2716 1672 2742 At
1684 2715 1739 2750 γὰρ
1754 2714 1843 2741 τοιαῦ-

1050 2771 1093 2788 ται
1118 2762 1205 2796 φωναὶ
1234 2763 1282 2797 οὐχ
1298 2760 1378 2798 ἦττον
1398 2763 1446 2798 τὴν
1460 2762 1585 2797 ὁμόνοιαν
1598 2760 1739 2796 δηλοῦσιν,
1756 2761 1773 2795 ἢ
1790 2759 1840 2794 φύ-

1051 2817 1107 2839 σεις
1194 2809 1364 2843 χωρίζουσιν.
1378 2832 1381 2836 λ
