4036 6210
364 277 471 342 8ίο

1326 286 1704 346 PANOI’LIA
1749 287 2210 352 DOGMATICA.
2239 312 2258 324 ν
2278 315 2305 326 -
2331 292 2476 350 ΤίΤ.
2521 291 2653 350 Xll.

3521 292 3626 352 850

361 407 518 457 qztar,
583 391 742 445 modo
807 393 966 459 adsit,
1012 394 1283 466 simulque
1330 409 1599 454 versetur.
1645 399 1780 454 Nam
1838 416 1964 454 eum
2003 401 2169 457 Fiiius
2218 419 2532 472 corpoream
2577 401 2856 455 nobiscum
2912 401 3359 455 consuetudinem
3404 401 3632 458 habuis-

361 493 466 547 set,
506 481 766 553 Spiritum
806 503 1020 558 quoque
1071 505 1337 560 corporeo
1390 496 1553 549 modo
1607 497 1758 551 cerni
1788 497 2188 560 conveniebat;
2239 509 2293 552 et
2344 514 2464 552 cum
2527 498 2803 552 Christum
2865 497 2930 551 ad
2985 512 3106 558 sese
3157 507 3630 562 reversus‘esset,

363 593 486 632 eum
548 580 614 632 ad
673 594 772 635 nos
809 581 1143 638 descendere
1195 593 1250 640 et
1295 587 1514 656 quidem
1551 589 1646 654 ita,
1671 601 1731 644 ut
1757 602 1832 657 et,
1863 602 2116 662 tanquam
2151 592 2428 656 Dominus,
2465 593 2694 652 veniret.
2727 602 2801 656 et,
2837 603 3095 660 tauquam
3144 592 3252 645 Deo
3285 607 3628 658 nequaquam

361 672 642 736 Oppositus
665 711 680 734 ,

361 762 684 819 distrahunt.

433 859 531 911 Δια
593 860 782 925 τοῦτο,
820 861 959 932 μετὰ
1021 865 1256 935 Χριστὸν
1319 869 1436 939 μὲν,
1500 871 1588 926 ἵνα
1649 875 1939 945 Παρακλη-

360 969 452 1014 τος
494 952 626 1021 ἡμῖν
661 952 736 1022 μὴ
771 953 975 1027 λείπῃσ
1005 957 1222 1024 Ἀλλης
1267 961 1345 1026 δὲ,
1384 963 1472 1016 ἵνα
1503 965 1566 1018 σὺ
1613 965 1712 1036 τὴν
1759 969 1937 1034 ὁμοτι-

362 1043 492 1111 μίαν
538 1043 876 1115 ὲνθυμηθῇς.
917 1047 992 1098 Τὸ
1041 1049 1170 1118 γὰρ,
1204 1050 1416 1116 ἄλλος,
1462 1053 1622 1117 ἄλλος
1665 1051 1774 1118 οἷος
1806 1058 1939 1124 ἐγὼ,

359 1132 705 1188 καθίσταται.
740 1135 914 1188 Τοῦτο
963 1137 1019 1190 δὲ
1053 1140 1500 1208 συνδεσποτείας,
1527 1145 1646 1197 ἀλλ’
1692 1149 1793 1199 οὐκ
1821 1152 1940 1202 ἀτι-

362 1225 490 1292 μίας
517 1226 708 1295 ὄνομα.
731 1229 806 1280 Τὸ
827 1230 962 1298 γὰρ,
991 1230 1204 1297 ἄλλος,
1223 1234 1323 1288 οὑκ
1350 1234 1444 1288 ἐπὶ
1476 1237 1588 1290 τῶν
1618 1239 1938 1309 ἀλλοτρίων,

357 1316 478 1368 ἀλλ’
507 1319 602 1373 ἐπὶ
622 1319 732 1372 τῶν
765 1321 1070 1390 ὀμοουσίων
1099 1322 1216 1379 οἶδα
1246 1326 1557 1396 λεγόμενον.

392 1514 500 1568 Τοῦ
529 1515 719 1569 αὐτοῦ
753 1517 822 1569 ἐκ
856 1515 1152 1594 τῆς-πρὸς
1192 1521 1536 1594 Κλῃδόνιον
1565 1527 1920 1594 λογοειδοῦς

922 1587 985 1651 β’
1013 1589 1370 1658 ἐπιστολῆς.

443 1673 638 1742 Ἡμεῖς
698 1675 798 1744 τῆς
856 1677 1000 1740 κατᾲ
1046 1678 1284 1731 Νίκαιαν
1333 1683 1573 1746 πίστεως
1613 1683 1725 1736 τῶν
1774 1685 1944 1750 ἁγίων

359 1766 660 1834 Πατάρων,
713 1768 824 1820 τῶν
869 1770 1048 1822 ἐκεῖσε
1107 1772 1444 1827 συνελθότων
1495 1774 1590 1827 ἐπὶ
1623 1777 1942 1846 καθαιρέσει

354 1858 455 1928 τῆς
507 1858 795 1929 Ἀρειανῆς
821 1861 1088 1931 αίρέσειυς
1131 1864 1286 1917 οὐδὲν
1335 1864 1460 1919 οὔτε
1493 1870 1945 1939 προετιμήσαμεν

356 1949 577 2004 πώποτε
607 1990 622 2014 ,
675 1950 799 2005 οὔτε
849 1957 1123 2025 προτιμᾷν
1178 1957 1495 2026 δυνάμεθα,
1556 1958 1672 2012 ἁλλ’
1727 1961 1946 2030 ἐκείνης

354 2042 523 2110 ἐσμὲν
562 2044 660 2112 τῆς
717 2043 955 2108 πίστεως
977 2083 996 2111 ,
1031 2047 1122 2099 καὶ
1170 2047 1432 2118 ἐσόμεθα,
1466 2051 1563 2104 σὺν
1591 2051 1710 2122 Θεῷ
1731 2093 1746 2118 ,
1779 2069 1945 2123 προσ-

351 2133 746 2204 διαρθροῦντες
805 2135 868 2188 τὸ
915 2136 1179 2201 ὲλλειπῶς
1213 2139 1508 2210 εἰρημένον
1542 2145 1771 2206 ἐκείνοις
1813 2147 1944 2215 περὶ

351 2226 448 2279 τοῦ
479 2227 640 2295 ἁγίου
675 2227 1015 2296 Πνεύματος,
1047 2229 1136 2284 διὰ
1169 2231 1230 2283 τὸ
1255 2232 1329 2302 μὴ
1352 2235 1675 2304 κεκινῆσθαι
1709 2237 1770 2289 τὸ
1791 2254 1943 2307 τηνι-

353 2318 533 2372 καῦτα
571 2321 728 2372 τουτὶ
759 2319 823 2373 τὺ
862 2319 1085 2392 ζήτημα
1107 2363 1122 2388 ,
1162 2323 1246 2376 ὅτι
1279 2325 1412 2394 μιᾶς
1439 2325 1708 2396 Θεότητος
1745 2329 1944 2383 ειδέναι

352 2409 462 2480 χρὴ
486 2411 581 2466 τὸν
612 2413 838 2483 Πατέρα
858 2452 874 2478 ,
919 2413 1016 2466 καὶ
1045 2415 1140 2467 τὸν
1172 2415 1301 2468 Υίὸν
1323 2455 1337 2479 ,
1387 2418 1482 2470 καὶ
1511 2417 1576 2470 τὸ
1619 2417 1846 2490 Πνεῦμα
1883 2421 1944 2472 τὸ

354 2502 538 2571 ἆγιον,
570 2502 705 2557 Θεὸν
741 2504 838 2559 καὶ
867 2504 928 2558 τὸ
965 2505 1196 2577 Πνεῦμα
1233 2505 1623 2576 γινώσκοντας.

357 2710 483 2763 Ἔτι
528 2710 679 2765 κατὰ
700 2711 846 2784 ⁸’τῶν
877 2712 1399 2784 Πνευματομὰχων
1427 2714 1534 2769 τοῦ
1577 2717 1831 2784 Νύσσης
1874 2717 1943 2771 ἐκ

619 2781 728 2836 τοῦ
760 2782 947 2852 ,λόγου
974 2783 1080 2837 τοῦ
1111 2783 1268 2851 πρὸς
1298 2786 1676 2852 Σιμπλίκιον.

429 2871 568 2941 Περὶ
596 2871 653 2924 δὲ
671 2871 770 2924 τοῦ
799 2872 1118 2941 Πνεύματος
1153 2873 1252 2926 τοῦ
1289 2873 1447 2941 ἁγίου
1483 2875 1533 2928 οί
1559 2875 1944 2948 βλασφημοῦν-

354 2979 451 3025 τες
509 2963 570 3016 τὸ
621 2963 756 3016 αὐτὸ
781 2959 1056 3030 λέγουσιν,
1104 2963 1133 3017 ὃ
1159 2967 1254 3018 καὶ
1280 2966 1412 3036 περὶ
1449 2966 1546 3020 τοῦ
1589 2969 1797 3039 Κυρίου
1818 3009 1833 3034 ,
1860 2971 1942 3024 ὃτι

765 675 1093 736 mitteretur.
1149 680 1366 736 Etenim
1430 682 1744 754 hujusmodi
1801 703 1964 744 voces
2004 704 2113 741 non
2165 686 2344 740 minus
2393 687 2742 741 concordiam
2803 687 3120 752 declarant,
3153 701 3314 756 quam
3382 679 3730 741 naturam."

2121 875 2349 939 idcirco,
2378 885 2500 944 post
2540 875 2813 929 Christum
2863 875 3079 944 quidem
3136 875 3377 940 accedit,
3427 892 3496 932 ne
3529 861 3653 935 Pa»

2046 964 2279 1017 racietus
2334 962 2490 1017 nobis
2561 964 2700 1018 desit
2738 982 2751 1020 :
2793 965 2943 1018 Alius
2999 974 3201 1026 autem,
3235 974 3292 1019 ut
3326 975 3379 1018 tu
3405 951 3629 1026 honoris

2047 1052 2408 1119 aequalitatem
2443 1052 2664 1122 cogites.
2706 1051 2860 1117 Quod
2898 1053 3042 1105 enim
3091 1056 3200 1117 ait,
3242 1054 3402 1122 alius,
3441 1059 3647 1122 alium,

2046 1144 2221 1212 qualis
2268 1159 2366 1213 ego
2403 1159 2544 1209 sum,
2594 1144 2896 1196 constituit.
2937 1143 3050 1198 lloc
3093 1159 3256 1212 porro
3297 1140 3493 1200 nomen
3533 1163 3631 1213 ραν

2047 1251 2161 1289 rem
2202 1237 2415 1304 imperii
2443 1235 2668 1304 gradum
2706 1234 2930 1298 indicat,
2968 1251 3077 1289 non
3111 1236 3479 1304 ignominiam,
3513 1239 3628 1292 Vox

2047 1327 2214 1389 enim,
2273 1327 2434 1391 alius,
2481 1342 2591 1379 non
2623 1326 2690 1380 de
2741 1328 2956 1390 alienis,
3003 1328 3098 1381 sed
3147 1328 3215 1383 de
3262 1330 3361 1394 iis,
3396 1346 3624 1398 quorum

2047 1419 2233 1472 eadem
2266 1419 2569 1472 substantia
2595 1430 2698 1483 est,
2740 1429 3056 1488 usurpatur.

2049 1526 2293 1597 Ejusdem
2337 1546 2402 1582 ex
2447 1533 2612 1584 altera
2641 1533 2708 1582 ad
2736 1531 3048 1585 Cletlonium
3072 1533 3316 1595 epistola,
3367 1550 3482 1600 qtta'
3521 1552 3626 1597 pne

2436 1602 2760 1669 longitudine
2787 1604 2960 1654 instar
2990 1612 3065 1653 est
3097 1604 3238 1654 libri.

2117 1684 2225 1739 Nos
2276 1687 2422 1746 fidei,
2449 1701 2569 1754 qua:
2601 1687 2651 1739 itt
2683 1687 2916 1739 concilio
2973 1685 3192 1740 Nicaeae
3226 1704 3254 1740 a
3287 1692 3493 1742 sanctis
3530 1690 3647 1742 νει..

2049 1780 2242 1840 tribus,
2307 1777 2415 1830 illic
2482 1776 2546 1829 ad
2611 1779 2965 1832 evertendam
3047 1780 3293 1833 haeresim
3365 1783 3627 1836 Ariattam

2047 1871 2417 1938 congregatis,
2442 1869 2716 1923 declarata
2739 1880 2840 1935 est,
2867 1870 3000 1923 nihil
3033 1886 3268 1939 unquam
3305 1877 3621 1941 anteposui-

2048 1979 2189 2026 mus,
2224 1980 2319 2018 nec
2340 1974 2672 2034 anteponere
2703 1981 2989 2034 possumus
3029 1979 3049 2024 :
3082 1969 3174 2021 sed
3205 1983 3270 2020 ex
3305 1968 3388 2022 illa
3444 1986 3630 2024 smnus

2049 2054 2172 2116 title,
2244 2067 2406 2124 atque
2467 2056 2698 2121 erimus,
2751 2058 2966 2124 Deoqne
3017 2059 3311 2113 auxiliante
3343 2063 3483 2130 quod
3528 2063 3642 2130 _ab-

2048 2142 2156 2196 illis
2181 2144 2361 2198 audita
2397 2145 2646 2200 absolute
2671 2145 2744 2200 de
2813 2145 3018 2213 Spiritu
3077 2159 3286 2210 sancto,
3345 2159 3636 2218 propterea

2045 2236 2188 2302 quod
2247 2233 2360 2289 haec
2381 2237 2610 2305 quzestio
2673 2244 2930 2290 tuncuou
3005 2239 3358 2303 tractabatur,
3425 2240 3626 2294 dictum

2043 2336 2148 2388 est,
2172 2327 2580 2396 explicabimus.
2615 2327 2750 2380 Cum
2808 2327 2952 2380 enim
2982 2327 3381 2390 decrevissent.
3410 2343 3628 2399 oporte-

2045 2433 2102 2472 re
2125 2420 2346 2474 credere
2367 2419 2525 2472 ttnius
2550 2433 2672 2473 csse
2697 2418 2995 2473 divinitatis
3013 2417 3248 2478 Patrem.
3283 2432 3338 2473 et
3404 2421 3624 2482 Filium.

2045 2509 2305 2578 Spiritum
2324 2519 2578 2568 sanctum
2607 2509 2770 2564 Deum
2795 2508 2978 2577 utique
3023 2516 3079 2563 rt
3148 2511 3412 2580 Spiritum
3467 2529 3630 2568 sanc-

2048 2608 2163 2653 tum
2199 2583 2594 2663 agnoscebant.

2044 2711 2180 2768 Item
2203 2712 2719 2789 adverstthpirilus
2745 2726 3147 2789 oppugnatores,
3173 2715 3412 2789 Gregorii
3437 2717 3630 2789 Nyssa:

2255 2784 2516 2852 pontiﬁcis
2554 2800 2620 2838 ea:
2657 2786 2895 2838 oratione
2934 2787 3002 2838 ad
3057 2784 3407 2851 Simplicium.

2121 2874 2274 2940 Quod
2305 2885 2483 2928 autem
2512 2875 2580 2929 de
2614 2874 2862 2940 Domino,
2916 2875 3054 2930 idem
3081 2876 3147 2930 de
3175 2878 3380 2946 Spiritu
3441 2890 3629 2932 sam-to

2047 2967 2427 3022 contumeliosi
2469 2967 2719 3022 homines
2743 2967 2952 3032 dicunt,
2983 2985 3174 3039 nempe
3209 2970 3382 3037 ipsum
3410 2989 3627 3042 quoque

355 3057 476 3108 ἐστὶ
505 3056 598 3111 καὶ
634 3055 1059 3124 τοῦτοζκτιστόν.
1097 3056 1162 3111 Ἦ
1184 3057 1242 3111 δὲ
1297 3057 1596 3131 Ἐκκλησία
1622 3060 1839 3132 ἐπίσης,
1870 3063 1937 3127 ὡς

2051 3069 2292 3118 creatum
2328 3075 2471 3116 esse.
2504 3061 2747 3115 Ecclesia
2808 3075 2937 3116 vero
2960 3069 3018 3114 ttt
3048 3061 3114 3115 de
3146 3060 3307 3125 Filio,
3347 3065 3426 3118 sic
3454 3067 3616 3118 etiam

355 3150 490 3218 περὶ
515 3147 608 3202 τοῦ
641 3147 772 3202 Υἱοῦ
795 3188 811 3213 ,
847 3148 992 3202 οὕτω
1022 3149 1118 3204 καὶ
1151 3150 1281 3220 περὶ
1302 3169 1397 3204 του
1428 3153 1583 3221 ἁγίου
1621 3155 1940 3225 Πνεύματος

357 3241 633 3304 πιστεύει,
659 3241 741 3294 ὅτι
771 3240 920 3294 ἐστὶν
951 3240 1233 3306 ἄκτιστον,
1275 3244 1369 3295 καὶ
1399 3243 1483 3297 ὅτι
1512 3247 1663 3298 πᾶσα
1700 3248 1732 3315 ἡ
1764 3247 1941 3311 κτίσις

356 3335 422 3386 ἐκ
449 3333 548 3402 τῆς
577 3333 670 3387 τοῦ
709 3333 1116 3403 ὑπερκειμένου
1157 3333 1366 3402 ἁγαθοῦ
1404 3338 1699 3406 μετουσίας
1728 3340 1940 3405 γίνεται

354 3425 557 3494 ἀγαθή.
591 3426 664 3478 Τὸ
707 3425 762 3478 δὲ
795 3425 1022 3493 Πνεῦμα
1060 3425 1123 3478 τὸ
1155 3425 1314 3494 ἅγιον
1363 3428 1662 3498 ἀπροσδεές
1695 3431 1811 3482 ἐστι
1843 3431 1938 3482 τοῦ

354 3517 740 3586 ἀγαθὺνοντος.
785 3517 1016 3584 Ἀγαθὸν
1082 3516 1192 3590 γὰρ
1217 3517 1375 3587 φύσει
1438 3519 1593 3583 ἐστὶ,
1671 3519 1853 3584 καθὼς
1906 3523 1938 3592 ὴ

355 3612 556 3681 Γραφὴ
599 3612 890 3682 μαρτυρεῖ.
932 3609 1045 3663 Καὶ
1078 3611 1160 3663 ὃτι
1209 3612 1446 3681 ἡκτίσις
1476 3612 1754 3681 camena;
1790 3613 1940 3684 παρὰ

353 3698 449 3752 τοῦ
475 3699 810 3769 Πνεύματος,
841 3698 899 3751 τὸ
922 3698 976 3750 δὲ
1005 3698 1227 3769 Πνεῦμα
1252 3701 1352 3771 τὴν
1370 3701 1398 3752 ὁ
1417 3700 1612 3770 δηγίαν
1633 3701 1938 3770 χαρίζεται.

368 3788 436 3842 Ἦ
471 3789 650 3852 κτίσις
686 3789 1109 3858 ήγεμονεύεται,
1145 3791 1206 3843 τὸ
1241 3790 1296 3843 δὲ
1331 3789 1556 3861 Πνεῦμα
1587 3792 1937 3862 ἡγεμονεύει.

364 3881 434 3935 Ἦ
476 3882 654 3944 κτίσις
685 3881 1106 3951 παρακαλεῖται,
1157 3883 1218 3934 τὸ
1251 3882 1307 3936 δὲ
1345 3882 1569 3952 Πνεῦμα
1605 3883 1935 3954 παρακαλεῖ.

364 3973 433 4029 Ἥ
456 3974 635 4037 κτίσις
658 3974 1000 4039 δουλεύει,τὸ
1029 3975 1083 4028 δὲ
1106 3975 1328 4044 Πνεῦμα
1358 3975 1655 4047 ἐλευθεροῖ.
1674 3976 1739 4030 ’Π
1762 3978 1940 4040 κτίσις

354 4065 679 4136 σοφίζεται,
735 4066 796 4119 τὺ
846 4067 902 4120 δὲ
939 4067 1163 4136 Πνεῦμα
1211 4067 1312 4138 τὴν
1361 4067 1462 4137 τῆς
1519 4069 1715 4136 σοφίας
1752 4069 1938 4124 δίδωσι

351 4158 538 4229 χάριν.
583 4156 649 4211 Ἦ
677 4159 856 4221 κτίσις
891 4159 1310 4228 μεταλαμΰὰνει
1342 4158 1451 4212 τῶν
1483 4161 1858 4231 χαρισμάτων,
1877 4160 1938 4212 τὸ

348 4251 412 4304 δὲ
470 4249 698 4320 Πνεῦμα
755 4252 876 4304 κατ’
927 4252 1180 4316 ἐξουσίαν
1233 4250 1544 4320 χαρίζεται.
1597 4253 1784 4306 Πάντα
1829 4252 1938 4321 γὰρ

351 4344 570 4412 ἔνεργεῖ
604 4341 779 4394 ταῦτα
819 4343 880 4394 τὸ
912 4341 970 4395 ἒν
1015 4342 1111 4396 καὶ
1141 4342 1202 4395 τὸ
1232 4343 1366 4396 αὐτὸ
1401 4341 1657 4413 Πνεῦμα,
1689 4343 1938 4411 διαιροῦν

355 4434 467 4505 ίὸία
501 4433 760 4505 ἑκάστῳ,
807 4429 994 4498 καθὼς
1041 4434 1316 4504 βούλεται.
1364 4437 1475 4490 Καὶ
1523 4436 1721 4507 μυρίας
1769 4437 1934 4500 ἄλλας

350 4529 421 4579 ἐκ
465 4527 573 4580 τῶν
610 4527 849 4599 Γραφῶν
889 4527 1040 4581 ἐστιν
1072 4527 1378 4592 ἀποδείξεις
1412 4529 1616 4600 εὑρεῖν,
1644 4531 1722 4584 ὅτι
1757 4531 1936 4585 πάντα

350 4619 422 4670 τὰ
475 4618 656 4689 ὑψηλὰ
697 4619 791 4672 καὶ
839 4619 1124 4689 θεοπρεπῆ
1172 4620 1422 4689 νοήματα
1448 4657 1465 4680 ,
1513 4620 1613 4673 ὅσα
1647 4619 1800 4690 παρὰ
1835 4620 1936 4689 τῆς

350 4711 577 4780 Γραφῆς
603 4711 682 4782 τῷ
710 4713 826 4765 Πατ
839 4711 892 4778 pi.
945 4712 1042 4765 καὶ
1071 4711 1183 4780 Υἱῷ
1212 4712 1609 4782 ἐφαρμόζεται,
1636 4712 1810 4766 ταῦτα
1839 4712 1935 4765 καὶ

353 4805 485 4872 περὶ
523 4804 582 4856 τδ
612 4803 769 4871 ἅγιον
826 4802 1113 4871 θεωρεῖται
1162 4803 1422 4874 Πνεῦμα,
1489 4805 1522 4874 ἡ
1579 4804 1839 4876 ἁφθορία,
1897 4806 1931 4875 ἠ

354 4895 699 4966 μακαριότης
725 4934 740 4958 ,
789 4893 849 4947 τὸ
883 4894 1089 4962 ἀγαθὸν
1112 4935 1125 4956 ,
1158 4895 1219 4948 τὸ
1253 4895 1451 4964 σοφὸν,
1485 4896 1547 4948 τὸ
1579 4895 1844 4959 δυνατὸν,
1872 4897 1934 4950 τὸ

350 4988 585 5049 δίκαιον,
618 4989 650 5056 ἠ
691 4987 941 5056 ἁγιότης,
980 4986 1087 5038 πᾶν
1120 4986 1302 5056 τίμιον
1332 4987 1505 5055 ὄνομα
1549 4985 1691 5040 οὓτω
1716 4986 1935 5054 λέγεται

349 5079 446 5132 ἐπὶ
483 5078 577 5132 τοῦ
613 5079 771 5147 ἁγίου
817 5078 1172 5148 Πνεύματος,
1205 5078 1280 5142 ὡς
1317 5079 1412 5132 καὶ
1442 5079 1536 5132 ἐπὶ
1595 5079 1688 5133 τοῦ
1719 5079 1933 5150 Πατρὸς

349 5173 446 5224 καὶ
473 5170 568 5224 τοῦ
600 5170 731 5224 Υίοῦ
761 5170 1005 5240 λέγεται,
1040 5170 1179 5242 πλὴν
1204 5170 1436 5236 τούτων,
1471 5170 1540 5224 δι’
1565 5164 1639 5224 ὧν
1682 5173 1737 5224 al
1795 5171 1931 5224 ὑπο-ν

353 5263 579 5327 στάσεις
606 5263 820 5333 τρανῶς
852 5281 913 5315 τε
937 5263 1033 5316 καὶ
1065 5262 1387 5331 ἁσυγχύτως
1412 5263 1507 5314 ἀπ’
1539 5262 1790 5332 ἀλλήλων
1816 5263 1932 5316 δια-

347 5355 695 5426 χωρίζονται.
746 5355 909 5423 Λέγω
939 5356 993 5406 δὲ
1017 5395 1031 5418 ,
1084 5356 1169 5408 ὅτι
1210 5354 1336 5408 οὗτε
1379 5354 1568 5426 Πατὴρ
1598 5354 1832 5422 ’λέγεται
1871 5355 1932 5406 τὸ

349 5445 576 5516 Πνεῦμα
617 5447 678 5498 τὸ
723 5445 877 5513 ἅγιον
903 5488 918 5512 ,
957 5446 1080 5500 οὕτε
1124 5447 1294 5511 rm,
1331 5448 1398 5499 τὰ
1443 5445 1500 5499 δὲ
1541 5445 1676 5500 ἄλλα
1702 5487 1715 5508 ,
1756 5447 1856 5498 ὅσα
1901 5447 1930 5498 ὁ

349 5539 540 5607 Πατὴρ
579 5539 675 5590 καὶ
715 5541 742 5590 ὁ
767 5539 894 5601 Υἱὸς
935 5538 1262 5608 ὀνομάζεται
1284 5579 1298 5602 ,
1332 5537 1505 5591 ταῦτα
1553 5539 1648 5591 καὶ
1683 5538 1758 5608 τῷ
1790 5538 1931 5608 ἁγίῳ

350 5628 633 5696 ιινεύματι
665 5631 816 5698 παρὰ
845 5634 945 5700 τῆς
982 5631 1205 5700 Γραφῆς
1239 5629 1632 5700 ὲςραρμόζεται.
1683 5629 1782 5680 Διὰ
1808 5629 1932 5681 τού-

349 5737 459 5772 των
483 5715 576 5773 οὖν
606 5722 1119 5788 καταλαμϐάνομεν,
1168 5723 1246 5774 ὅτι
1297 5723 1405 5776 ἄνω
1432 5725 1525 5790 τῆς
1554 5720 1779 5783 κτσεύις
1815 5721 1926 5772 ἐστι

2044 3153 2110 3206 de
2145 3152 2345 3223 Spiritu
2371 3161 2562 3207 sancto
2604 3154 2810 3220 pariter
2831 3151 3026 3218 credit,
3064 3161 3310 3206 creatum
3337 3170 3442 3207 uott
3484 3171 3626 3217 esse;

2043 3254 2095 3297 et
2135 3261 2220 3298 res
2285 3259 2472 3298 omnes
2529 3253 2744 3300 creatas
2808 3257 2875 3298 ex
2929 3246 3164 3313 supremi
3213 3245 3336 3300 boni
3381 3261 3623 3300 comtzn.

2045 3337 2205 3389 nioue
2229 3335 2340 3389 ﬁeri
2373 3338 2558 3402 bonas,
2587 3335 2852 3407 Spiritum
2877 3347 3123 3393 sanctum
3147 3348 3325 3391 autem
3343 3339 3576 3405 neruiue,
3599 3358 3626 3392 a

2045 3443 2152 3494 quo
2204 3429 2378 3481 bonus
2432 3428 2545 3492 tlat,
2578 3428 2820 3500 indigere
2856 3445 2872 3484 :
2908 3439 3103 3484 natura
3167 3431 3308 3484 enim
3359 3446 3478 3486 cs~e
3532 3432 3624 3487 bo-

2048 3534 2201 3584 nutn,
2240 3531 2295 3573 ut
2324 3519 2608 3588 Scriptura
2651 3530 2904 3575 testatur.
2940 3520 3047 3576 Res
3093 3533 3305 3576 creatas
3359 3540 3386 3575 ιι
3424 3523 3624 3590 8ρίιίιυ

2045 3619 2234 3663 sancto
2272 3610 2458 3679 dirigi,
2512 3611 2686 3680 ipsum
2714 3611 2793 3664 eis
2818 3614 3176 3666 directionem
3245 3615 3469 3679 largtri;
3535 3631 3622 3670 res

2042 3711 2354 3769 procreatas
2387 3701 2535 3765 duci,
2569 3701 2834 3769 Spiritum
2852 3716 2974 3757 esse
2999 3705 3280 3758 ductorem
3308 3721 3321 3767 ;
3353 3719 3438 3758 res
3463 3721 3620 3758 crea-

2046 3802 2127 3846 tas
2153 3791 2583 3846 consolationem
2617 3793 2883 3861 accipere,
2912 3793 3174 3863 Spiritum
3225 3810 3345 3850 esse
3367 3799 3619 3853 consola-

2047 3893 2256 3950 torem;
2293 3896 2378 3936 res
2407 3893 2764 3938 creatasesse
2825 3899 3030 3948 servas,
3089 3884 3352 3954 Spiritum
3409 3901 3502 3940 eas
3565 3889 3616 3941 in

2045 3974 2354 4028 libertatem
2395 3973 2715 4043 vindicare;
2774 3991 2862 4032 res
2908 3987 3123 4030 creatas
3179 3977 3453 4045 sapientes
3481 3979 3620 4042 lieri,

2043 4066 2302 4135 Spiritum
2348 4064 2631 4135 sapientia:
2660 4068 2886 4137 gratiam
2937 4067 3155 4136 elargiri
3207 4083 3223 4131 ;
3262 4083 3351 4122 res
3401 4077 3619 4123 creatas

2042 4173 2329 4213 munerum
2354 4157 2646 4229 participes
2665 4157 2824 4222 ellici,
2858 4158 3122 4228 Spiritum
3155 4173 3376 4211 munera
3408 4160 3618 4214 tribue-

2042 4266 2134 4317 re;
2176 4252 2290 4306 haec
2319 4251 2466 4305 enim
2505 4252 2690 4304 omnia
2728 4251 2840 4317 agit
2875 4265 3013 4302 unus
3045 4261 3094 4302 et
3146 4250 3288 4304 idem
3343 4251 3603 4319 Spiritus,

2041 4339 2289 4394 dividens
2323 4339 2604 4410 sigillatim
2659 4341 2978 4409 unicuique,
3022 4341 3098 4393 uti
3141 4341 3268 4393 vult.
3309 4341 3626 4395 Innumera-

1969 4426 2010 4481 Ι)
2041 4430 2168 4485 bilia
2203 4442 2430 4500 possunt
2461 4430 2563 4485 alia
2590 4447 2656 4486 ex
2684 4432 3312 4502 Scriptttristestimonia
3349 4433 3617 4502 depromi,

2043 4521 2242 4590 quibus
2268 4523 2613 4592 perspicuum
2641 4523 2722 4586 iit,
2755 4525 2938 4577 omnia
2999 4523 3252 4577 sublimia
3325 4524 3620 4594 divinaque

2040 4613 2280 4678 nomina,
2321 4629 2439 4683 quae
2496 4613 2638 4669 Patri
2687 4614 2930 4684 Filioque
2967 4616 3306 4679 tribuuntur,
3346 4618 3412 4666 ad
3444 4613 3618 4684 5ρὶτὶ-

2043 4714 2155 4756 ιυιιι
2189 4715 2437 4758 sanctum
2467 4708 2629 4758 etiam
2660 4708 2958 4773 pertinere,
2997 4703 3296 4772 cuiusmodi
3336 4714 3464 4758 sunt
3520 4705 3620 4757 itit-

2042 4798 2367 4862 mortalitas,
2394 4799 2696 4860 beatitudo,
2731 4799 2968 4864 bonitas,
3003 4797 3292 4865 sapieutia,
3353 4798 3612 4865 potentia,

2037 4889 2274 4958 justitia,
2313 4891 2599 4950 sanctitas,
2624 4889 2886 4958 quidquid
2925 4890 3166 4956 denique
3195 4887 3512 4955 praeclarum
3548 4887 3616 4942 de

2036 4979 2200 5034 Patre
2229 4991 2284 5035 et
2316 4978 2451 5033 Filio
2473 4980 2694 5044 dicitur,
2747 4981 2797 5032 id
2852 4981 2979 5032 item
3043 4980 3108 5032 de
3157 4977 3359 5046 Spiritu
3401 4987 3612 5043 sancto,

2037 5074 2281 5141 exceptis
2311 5072 2376 5127 iis
2402 5074 2599 5141 quibus
2625 5087 2754 5126 vero
2811 5080 2868 5127 et
2907 5072 3025 5126 sine
3056 5071 3381 5126 confusione
3420 5072 3615 5127 distin-

2038 5174 2285 5236 guuntur
2311 5168 2441 5233 ipsae
2474 5178 2740 5234 personae.
2798 5161 3043 5234 Exempli
3089 5163 3288 5232 gratia,
3320 5177 3420 5219 nec
3453 5161 3614 5217 Pater

2036 5260 2255 5317 dicitur.
2291 5271 2391 5311 nec
2419 5257 2615 5311 Filius.
2667 5257 2896 5327 Reliqua
2933 5271 3062 5311 vero
3115 5256 3360 5321 nomina,
3415 5254 3612 5326 quibus

2034 5349 2196 5403 Pater
2250 5347 2524 5419 Filiusque
2575 5360 2862 5413 vocantur,
2893 5364 2921 5403 τι
2948 5348 3324 5416 Scriptura-iit
3349 5345 3607 5415 Spiritum

2034 5451 2279 5496 sanctum
2307 5443 2467 5494 etiam
2496 5441 2870 5496 conferuntur.
2904 5440 2982 5494 Et
3015 5440 3097 5494 bis
3125 5454 3255 5508 ergo
3284 5439 3604 5508 colligimus,

2036 5534 2297 5604 Spiritum
2364 5543 2611 5587 sanctum
2649 5533 2814 5587 rebus
2839 5531 3038 5586 creatis
3095 5543 3218 5583 esse
3255 5528 3601 5599 prwstantlm

2038 5643 2174 5680 rem.
2220 5623 2564 5694 Quapropter
2590 5623 2679 5678 ubi
2705 5621 2866 5678 Pater
2913 5631 2967 5678 et
3023 5621 3196 5676 Filius
3260 5619 3596 5689 intelligitur.

2037 5721 2140 5775 illic
2169 5721 2332 5775 etiam
2369 5718 2686 5790 intelligitur
2740 5716 2978 5788 Spiritus
3017 5725 3260 5773 sanctus.
3307 5715 3491 5771 Porro.
3517 5729 3591 5770 ro-
