4036 6210
306 264 413 327 ὃω

975 453 1184 518 λόγου.

381 558 442 613 ’0
473 560 579 628 μὲν
601 560 997 631 εὐαγγελιστὴς
1025 566 1326 633 Ματθαῖος,
1370 566 1622 622 Ἑλθέτω
1640 570 1677 635 ή
1697 568 1879 631 ,Βασι-

299 647 435 699 .lsia
456 662 594 711 σου,
624 649 790 718 φησίν
826 666 841 681 ·
874 652 903 704 ὁ
930 653 985 704 δὲ
1021 654 1237 717 Λουκᾶς
1267 658 1388 710 ἀντὶ
1413 658 1561 724 τοῦ,‹
1585 658 1813 712 Ἐλθέτω
1843 660 1875 727 ἡ

304 737 550 804 βασιλεία
574 756 694 807 σου,
721 761 739 794 ι
761 742 1008 798 Ἐλθέτω
1042 746 1108 799 τὸ
1142 747 1316 817 ἅγιόν
1343 764 1462 804 σου
1508 751 1753 818 Πνεῦμα
1781 750 1876 819 ἐφ’

299 829 479 896 ἡμᾶς,
526 832 625 886 καὶ
679 837 1055 904 καθαρισὼτω
1103 839 1279 909 ἡμᾶς.
1315 844 1525 914 εἴρηκε.
1579 844 1641 896 Τί
1690 844 1876 913 ἐροῦσι

300 921 439 1020 προς
466 923 639 976 ταῦτα
664 926 713 976 οἱ
739 926 1247 1000 Θρασυστομοῦντες
1271 932 1417 986 κατὰ
1439 933 1534 987 τοῦ
1560 935 1877 1004 Πνεύματος

297 1012 394 1062 τοῦ
422 1012 621 1079 ἁγίου;
654 1016 789 1086 Ποία
830 1018 1040 1091 διανοίᾳ
1076 1022 1137 1075 τὸ
1165 1025 1263 1092 τῆς
1302 1025 1576 1093 βασιλείας
1612 1025 1742 1093 ὕψος
1796 1029 1876 1089 εἰς

299 1104 667 1172 ταπεινότητα
699 1108 944 1174 δουλείας
973 1116 1479 1181 μετασκευάζουσις
1520 1118 1776 1170 Βασιλεία
1816 1118 1878 1172 τὸ

304 1195 528 1265 Πνεῦμα
554 1198 616 1251 τὸ
660 1199 817 1268 ἅγιόν
863 1204 1032 1271 ἐστιν,
1068 1206 1144 1269 ὡς
1179 1209 1208 1260 ὁ
1236 1208 1632 1281 εὐαγγελιστὴς
1660 1212 1879 1274 Λουκᾶς

303 1286 405 1355 βοᾷ
462 1288 783 1361 διαρρήδην.
822 1293 887 1347 Ἦ
929 1295 986 1348 δὲ
1037 1296 1286 1366 βασιλεία
1325 1299 1600 1369 βασιὶεύει
1631 1305 1873 1365 πάντως,

301 1376 364 1426 οὐ
408 1377 774 1444 βασιλεύεται.
823 1384 885 1436 Et
919 1382 1013 1439 οὖν
1046 1388 1323 1457 βασιλεύει
1370 1392 1431 1444 τὸ
1467 1390 1729 1461 Πνεῦμα,
1760 1392 1877 1455 πῶς

298 1471 368 1534 τῇ
392 1468 720 1545 δουλευούσῃ
743 1473 902 1540 φύσει
923 1477 1018 1531 τοῦ
1043 1496 1105 1531 το
1129 1481 1557 1552 συναριθμοῦσιν
1578 1485 1626 1537 οἱ
1656 1484 1881 1552 ματαιό-

301 1577 499 1629 φρονες
519 1579 535 1627 ἓ

765 1658 858 1710 Ἐκ
887 1659 992 1713 τοῦ
1022 1664 1210 1717 αὐτοῦ
1237 1666 1446 1733 λόγου.

388 1762 642 1818 Ἐλθέτω
672 1768 737 1822 τὸ
764 1769 940 1839 ἅγιόν
968 1787 1087 1827 σου
1134 1776 1377 1844 Πνεῦμα
1423 1777 1518 1846 ἐφ’
1552 1778 1732 1848 ἡμᾶς,
1778 1779 1878 1833 καὶ

301 1857 685 1923 καθορισότω
710 1861 887 1931 ἡμᾶς,
919 1867 1089 1934 φησιν
1119 1870 1147 1919 ὁ
1176 1868 1409 1932 Λουκᾶς.
1442 1869 1506 1925 Εἰ
1536 1871 1628 1925 οὖν
1656 1872 1716 1925 τὸ
1772 1874 1881 1941 ἀφ-

306 1951 451 2002 ιέναι
472 1952 747 2022 ἁμαρτίας
776 1959 941 2026 μόνου
974 1960 1068 2012 τοῦ
1102 1960 1243 2015 Θεοῦ
1274 1964 1446 2028 ἐστιν,
1489 1965 1567 2028 ὡς
1598 1966 1696 2020 καὶ
1725 1967 1878 2021 αὐτοὶ

303 2039 496 2106 ἔλεγον
525 2043 572 2095 οἱ
598 2043 821 2100 ἄπιστοι
864 2048 1107 2103 Ἰουδαῖοι
1132 2090 1148 2114 ,
1199 2052 1229 2105 ὁ
1252 2053 1353 2122 τὴν
1381 2053 1612 2125 δύναμιν
1640 2059 1743 2125 τῆς
1771 2057 1881 2126 ἀφο-

303 2134 479 2195 έσεως
501 2133 610 2186 τῶν
646 2136 933 2206 ἁμαρτιῶν
974 2140 1052 2208 τῷ
1084 2141 1227 2211 ἁγίῳ
1264 2143 1545 2213 Πνεύματι
1589 2162 1882 2218 προσμαρ-

300 2224 551 2292 τυρήσας
590 2229 1040 2301 συνεμαρτύρησε
1068 2233 1286 2296 πάντως
1320 2235 1471 2305 αὐτῷ
1499 2237 1593 2290 καὶ
1635 2238 1734 2307 τὴν
1761 2239 1881 2294 θεό-

300 2331 470 2382 τητα.
507 2316 668 2372 Ἀλλὰ
696 2318 809 2387 μὴν
832 2320 965 2375 αὐτὸ
1003 2322 1164 2377 τοῦτο
1179 2325 1275 2378 καὶ
1294 2326 1373 2396 τῷ
1399 2329 1696 2393 Μονογενεῖ
1713 2348 1881 2398 προσ-

310 2408 584 2477 μαρτυριί
606 2407 635 2461 ὁ
662 2408 1002 2475 Ἀπόστολος.
1026 2416 1414 2486 Καθαρισμὸν
1431 2420 1559 2487 γὰρ,
1589 2420 1744 2488 φησὶ,
1760 2421 1883 2475 τῶν

304 2496 606 2564 ἁμαρτιῶν
645 2499 815 2568 ἡμῶν
849 2504 1282 2573 ποιησάμενος,
1313 2508 1682 2564 ἐκάθισεν-ὲν
1713 2511 1882 2579 δεξιᾷ

306 2590 419 2657 τῆς
441 2594 881 2659 μεγαλωσύνης
896 2596 1002 2649 τοῦ
1017 2598 1270 2665 Πατρός.
1290 2599 1501 2654 Οὐκοῦν
1527 2599 1586 2654 ἓν
1603 2602 1883 2672 ἑκατέρων

304 2682 370 2730 τὸ
406 2679 589 2748 ἔργον,
631 2680 728 2735 τοῦ
762 2699 823 2736 τε
850 2683 1243 2755 καθαρίζοντος
1267 2688 1369 2752 τὰς
1402 2690 1679 2759 ἁμαρτίας
1714 2691 1884 2744 Πνεύ-

310 2788 517 2840 ματος,
548 2774 644 2829 καὶ
676 2773 773 2826 τοῦ
817 2776 909 2827 τὸν
948 2777 1297 2849 καθαρισμὸν
1341 2782 1706 2853 πεποιηκότος
1750 2784 1887 2854 Χρι-

311 2864 464 2917 στοῦ.
496 2859 597 2919 Ὧν
621 2866 734 2937 δὲίὴ
771 2868 1019 2937 ἐνέργεια
1054 2872 1151 2940 μία
1172 2912 1188 2937 ,
1218 2872 1425 2927 τούτων
1460 2876 1555 2928 καὶ
1585 2877 1619 2946 ἡ
1655 2874 1884 2946 δύναμις

312 2958 532 3023 πάντως
558 2961 593 3027 ή
622 2960 788 3030 αὐτή.
813 2963 970 3017 Πᾶσα
993 2964 1107 3033 γὰρ
1137 2967 1394 3036 ἐνέργεια
1420 2968 1710 3037 δυνάμεώς
1732 2973 1885 3024 ἐστιν

1265 272 1641 333 PANOPLIA
1672 265 2129 331 DOGMATICA.
2172 293 2241 301 ·-
2276 270 2424 333 ΤΙΤ.
2463 270 2597 331 XII.

377 374 487 432 Τοῦ
534 374 725 431 αὑτοῦ
766 376 838 431 ἐκ
880 379 987 434 τοῦ
1034 381 1169 448 περὶ
1214 383 1568 452 προσευχῆς
1604 383 1805 450 τρίτου
1906 375 1952 431 Α

3448 260 3555 329 εει

2160 374 2407 443 Ejusdem
2435 394 2499 432 ea:
2529 376 2770 431 oratione
2790 376 2943 430 tertia
2968 374 3033 429 de
3064 375 3377 443 precatione.

2054 556 2334 620 Adveniat,
2397 553 2684 609 Matthzeus
2758 553 2934 621 inquit
2993 553 3035 616 ί,
3106 566 3321 616 regnum
3387 560 3571 602 tuum-

1980 649 2219 713 Quorum
2250 648 2535 702 verborum
2570 646 2707 701 loco:
2731 645 3008 707 Adveniat,
3030 641 3413 710 inquitLucas.
3440 638 3561 706 Spi»

1982 738 2115 790 ritus
2159 747 2372 790 sanctus
2410 745 2528 789 tuus
2556 737 2609 788 in
2641 751 2754 796 nos.
2793 742 2840 787 et
2873 749 2964 786 nos
3005 741 3275 799 expurget.
3317 728 3455 794 Quid
3492 726 3557 781 ad

1979 828 2095 883 lucc
2115 826 2522 897 respondebunt
2548 826 2638 895 qui
2681 838 2776 878 ore
2808 823 3101 892 impudenti
3140 828 3340 875 audent
3384 819 3559 885 Spiri-
3616 832 3621 837 ’

1982 933 2093 976 ιιιιη
2119 931 2365 976 sanctum
2401 920 2751 990 impugnare?
2778 919 2891 984 Qua
2970 926 3154 971 mente
3182 914 3331 982 regni
3391 910 3560 966 subli~

1980 1014 2221 1067 mitatem
2252 1012 2305 1067 in
2338 1011 2619 1067 servitutis
2660 1009 2989 1063 transferent
3020 1001 3427 1061 humilitatem?
3454 1001 3559 1054 Re-

1981 1120 2144 1173 gnum
2184 1112 2289 1166 est,
2326 1112 2385 1157 ut
2417 1100 2595 1155 Lucas
2651 1108 2838 1169 aperte
2873 1099 3089 1161 clamat,
3144 1094 3380 1164 Spiritus
3433 1106 3560 1146 san-

1980 1208 2121 1263 ctus,
2145 1197 2286 1265 quod
2305 1196 2519 1264 quidem
2548 1208 2770 1262 regnum
2794 1190 3047 1246 omnibus
3065 1188 3315 1253 imperat,
3340 1196 3446 1237 non
3462 1196 3561 1234 au-

1982 1300 2089 1342 tem
2124 1290 2351 1356 imperio
2377 1287 2675 1351 subjectum
2696 1294 2800 1339 est.
2830 1281 2982 1349 Quod
3019 1280 3064 1336 si
3107 1277 3348 1347 Spiritus
3383 1275 3560 1340 impc—

1980 1388 2084 1445 rat,
2113 1380 2384 1449 quomodo
2408 1378 2560 1432 illum
2588 1378 2868 1431 dementes
2900 1372 2990 1429 isti
3038 1385 3159 1426 cum
3191 1375 3386 1422 natura
3440 1375 3561 1419 ser-

1980 1473 2160 1527 viente
2215 1471 2662 1527 connntnerant?

2419 1649 2502 1702 Ex
2531 1648 2713 1702 eadem
2771 1647 3031 1699 oratione.

2063 1766 2340 1826 Adueniat.
2364 1764 2542 1833 inquit
2576 1762 2770 1827 Lucas,
2803 1760 3039 1830 Spiritus
3088 1769 3302 1814 sanctus
3352 1769 3474 1811 tuus
3505 1759 3579 1808 in:

1988 1876 2104 1923 nos,
2126 1867 2177 1913 et
2207 1874 2302 1911 nos
2334 1854 2599 1910 emundet.
2634 1853 2789 1921 Quod
2832 1853 2878 1907 si
2918 1851 3086 1906 solius
3131 1858 3215 1905 est
3253 1850 3346 1904 Dei
3372 1865 3561 1918 pecca~

1989 1961 2039 2005 ta
2064 1952 2360 2014 dimittere,
2415 1948 2468 2003 id
2494 1947 2638 2015 quod
2669 1944 2768 2013 ipsi
2802 1957 3019 2013 quoque
3068 1942 3236 1996 Judaei
3298 1940 3564 1997 increduli

1988 2045 2261 2108 dixerunt,
2297 2041 2390 2110 qui
2420 2038 2733 2094 testimonio
2770 2050 2869 2091 suo
2896 2034 3082 2089 tribuit
3121 2031 3345 2101 Spiritui
3378 2038 3591 2083 sancto

1987 2132 2297 2189 remittendi
2329 2139 2546 2201 peccata
2581 2127 2913 2190 facultatem,
2967 2126 3015 2179 is
3048 2124 3225 2178 eidem
3259 2122 3423 2175 etiam
3483 2120 3565 2172 di-

1988 2224 2267 2277 vinitatem
2300 2219 2572 2275 attribuit.
2600 2215 2761 2284 Atqui
2797 2214 3044 2268 eamdem
3071 2211 3378 2264 facultatem
3414 2209 3558 2275 Apo-

1989 2316 2161 2373 stolus
2181 2313 2371 2370 tribuit
2395 2310 2703 2381 Unigenito:
2738 2305 3131 2375 Purgationem,
3154 2301 3424 2369 inquiens.
3448 2315 3568 2368 pec—

1990 2419 2225 2464 catorum
2253 2416 2546 2461 nostrorum
2580 2403 2781 2473 faciens
2806 2399 2938 2453 sedit
2966 2399 3022 2450 in
3046 2397 3260 2449 dextera
3298 2392 3568 2460 magnitu—

1989 2504 2128 2557 dinis
2203 2501 2297 2555 Dei
2319 2502 2363 2555 '.
2390 2497 2569 2554 Unum
2619 2495 2781 2566 igitur
2818 2501 2897 2546 est
2951 2502 3086 2559 Opus
3119 2487 3420 2554 utriusque,
3454 2493 3566 2537 tum

1993 2595 2227 2663 Spiritus
2250 2601 2470 2660 peccata
2502 2584 2877 2659 expurgantis,
2911 2592 3024 2637 tum
3053 2577 3256 2635 Christi
3281 2575 3567 2646 purgatio-

1991 2701 2115 2742 nem
2143 2683 2413 2739 facientis.
2446 2680 2687 2748 Quorum
2720 2687 2898 2730 autem
2928 2687 3034 2727 una
3067 2680 3151 2726 est
3180 2669 3344 2733 actio,
3377 2681 3567 2722 eorum

1990 2786 2046 2831 et
2074 2776 2155 2830 vis
2183 2775 2368 2829 eadem
2402 2771 2646 2825 omnino.
2670 2765 2861 2821 Omnis
2904 2764 3049 2817 enim
3102 2762 3258 2816 actio-
3300 2757 3597 2812 facultatis-

1990 2866 2251 2937 perfectio
2284 2872 2388 2919 est.
2419 2860 2783 2929 Quamobrem
2819 2856 2867 2911 si
2885 2855 3043 2911 actio.
3093 2863 3148 2907 et
3206 2851 3284 2906 vis
3330 2858 3414 2905 est
3473 2863 3587 2903 θαι

1993 2963 2137 3026 dem,
2178 2955 2451 3026 quomodo
2465 2962 2673 3008 naturae
2703 2948 2994 3004 diversitas
3028 2942 3250 3012 intelligi
3279 2946 3461 3009 potest
3513 2938 3567 2992 in

312 3051 684 3123 ἀποτέλεσμα.
714 3029 777 3107 El
803 3051 896 3108 οὖν
924 3029 1021 3110 καὶ.
1064 3029 1341 3127 ἐνέργεια,
1373 3060 1468 3112 κα)⁸
1495 3029 1724 3130 δύναμις
1765 3064 1885 3133 μία,

1998 3053 2120 3117 illis,
2155 3051 2211 3105 in
2252 3048 2449 3117 quibus
2467 3044 2672 3125 nullum
2703 3039 2979 3097 facultatis
3056 3033 3401 3095 act-iouisaue
3460 3029 3578 3086 dis.

314 3142 434 3207 πῶς
462 3145 609 3198 ἐστιν
659 3146 955 3216 ἑτερότητα
993 3149 1211 3218 φύσεως
1254 3154 1447 3222 νοῆσαι
1471 3188 1486 3213 ,
1534 3152 1592 3205 ὲν
1630 3147 1713 3215 οἷς
1746 3155 1896 3207 οῦδε-

318 3236 449 3302 μὶαν
482 3238 622 3291 κατὰ
648 3237 747 3309 τὴν
774 3238 1004 3309 δύναμιν
1056 3258 1118 3295 τε
1177 3241 1274 3294 καὶ
1315 3241 1601 3312 ἐνέργειαν
1629 3244 1896 3316 διαφορὰν

317 3327 711 3398 ἐξευρίσκομεν
730 3345 746 3395 ;

766 3423 864 3475 Ἐκ
892 3423 1000 3477 τοῦ
1027 3426 1217 3481 αὑτοῦ
1243 3427 1457 3495 λόγου.

395 3509 468 3563 Τὸ
515 3510 615 3578 μὲν
655 3510 811 3577 ἅγιον
864 3511 1091 3580 Πνεῦμα
1130 3513 1191 3566 τὸ
1237 3515 1302 3566 ὲκ
1358 3515 1455 3567 τοῦ
1506 3515 1643 3569 Θεοῦ
1690 3517 1751 3569 ὃν
1803 3517 1899 3569 καὶ

318 3599 559 3667 Χριστοῦ
588 3600 814 3670 Πνεῦμα
852 3600 968 3654 ἔστι
1014 3604 1108 3655 καὶ
1151 3602 1396 3669 λέγεται,
1425 3607 1453 3658 ὁ
1477 3604 1535 3660 δὲ
1566 3606 1695 3669 Υἱὸς
1718 3608 1783 3659 ὲκ
1802 3607 1897 3658 τοῦ

319 3691 457 3742 θεοῦ
507 3689 605 3754 ὣν,
653 3691 839 3745 οὐκέτι
873 3693 968 3743 καὶ
1004 3691 1100 3745 τοῦ
1160 3693 1487 3763 Πνεῦματος
1537 3694 1728 3759 ἔστιν,
1778 3696 1898 3747 οὐδὲ

320 3781 540 3846 λέγεται
562 3822 576 3846 ,
621 3782 743 3841 οὐδὲ
799 3784 1149 3853 ἀντιστρέφει
1183 3785 1215 3853 ἡ
1256 3783 1481 3853 σχετικὴ
1507 3783 1646 3852 αὕτη
1678 3785 1903 3839 ἀκολου-

327 3873 451 3936 θία,
492 3873 569 3930 ὥς
611 3874 873 3926 δύνασθαι
899 3874 1042 3928 κατὰ
1084 3873 1146 3926 τὸ
1186 3873 1301 3927 ἴσον
1336 3873 1383 3927 δ’
1426 3874 1739 3935 ἀναλύσεως
1779 3877 1905 3928 ἀντ-

324 3962 660 4033 ιπραφῆναι
680 3962 773 4015 τὸν
797 3964 973 4031 λόγον.
1000 3965 1094 4017 καὶ
1117 3964 1307 4035 ὥσπερ
1324 3964 1560 4034 Χριστοῦ
1586 3965 1645 4017 τὸ
1678 3964 1903 4032 Πνεῦμα

310 4055 735 4125 ,λέγομειοΰτω
758 4057 963 4109 καὶτοῦ
988 4056 1307 4123 Πνεῦματος
1326 4057 1563 4123 Χριστὸν
1584 4059 1901 4125 ὀνομάζειν.

400 4166 513 4221 Τοῦ
544 4167 733 4220 αὐτοῦ
762 4166 832 4222 ἐκ
859 4166 969 4221 τοῦ
997 4168 1132 4235 περὶ
1155 4168 1586 4236 βαπτίσματος
1617 4169 1831 4235 λόγου.

396 4277 793 4344 Βαπτιζοντες
808 4277 1051 4343 αὐτοὺς,
1079 4280 1231 4349 φησὶ,
1254 4282 1341 4345 εις
1362 4280 1428 4332 τὸ
1454 4280 1641 4348 ὄνομα
1664 4280 1771 4333 τοῦ
1792 4283 1908 4333 Πα-

1998 3146 2202 3201 crimen
2235 3119 2727 3209 deprehendimus?

2466 3405 2552 3459 Ea:
2582 3403 2762 3459 eadem
2817 3399 3077 3454 oratione.

2072 3503 2307 3574 Spiritus
2336 3505 2557 3554 sanctus
2595 3504 2650 3548 et
2675 3508 2742 3547 ex
2792 3491 2901 3545 Deo
2951 3496 3055 3553 est,
3092 3494 3153 3542 et
3190 3484 3393 3540 Christi
3456 3481 3579 3551 Spi—

2003 3601 2138 3652 ritus
2164 3604 2250 3649 est
2315 3600 2483 3659 atque
2506 3588 2730 3641 dicitur.
2769 3580 2938 3635 Filius
2961 3590 3145 3633 autem
3171 3593 3295 3631 cum
3359 3593 3427 3632 ex
3473 3577 3581 3629 Deo

2002 3690 2095 3752 sit,
2138 3702 2245 3739 non
2304 3682 2538 3753 Spiritus
2577 3680 2741 3731 etiam
2798 3683 2906 3737 est,
2968 3686 3143 3739 neque
3201 3670 3421 3723 dicitur.
3455 3666 3579 3719 Han:

2002 3784 2143 3836 enim
2162 3778 2366 3833 ordinis
2404 3773 2699 3828 seriesnon
2747 3767 3014 3837 sequitur,
3065 3774 3125 3817 ut
3168 3779 3233 3816 ex
3286 3777 3440 3830 :equo
3489 3779 3587 3828 ιιυι·

2006 3872 2393 3928 resolutionem
2415 3866 2516 3921 sibi
2542 3862 2780 3918 vicissim
2800 3860 2939 3914 ratio
2958 3856 3300 3928 respondeat,
3319 3863 3372 3908 et
3394 3868 3581 3921 quem-

2005 3964 2295 4021 admodum
2350 3957 2549 4013 Christi
2600 3954 2861 4025 Spiritum
2922 3950 3177 4012 dicimus,
3210 3947 3291 4002 sic
3313 3945 3474 4001 etiam
3506 3946 3584 4015 ip-

2006 4061 2123 4115 sius
2154 4053 2394 4124 Spiritus
2428 4048 2704 4103 Christum
2759 4043 3114 4112 appellemus.

2258 4167 2513 4236 Ejusdem
2558 4178 2623 4216 ex
2674 4159 2910 4213 oratione
2933 4160 2997 4211 de
3042 4156 3324 4225 baptismo.

2079 4282 2442 4351 Baptizantes,
2474 4274 2667 4342 inquit,
2700 4286 2787 4324 eos
2810 4269 2863 4322 in
2888 4268 3094 4322 nomine
3144 4266 3324 4320 Patris
3353 4276 3400 4319 et
3459 4264 3544 4317 Fit
3573 4269 3586 4314 ἕ

320 4371 484 4438 τρὸς,
503 4370 728 4424 καὶτοῦ
757 4368 916 4432 Υιοῦ,
942 4369 1041 4421 καὶ
1063 4369 1170 4422 τοῦ
1192 4371 1365 4437 ἁγίου
1383 4370 1749 4438 Πνεύματος.
1778 4370 1890 4434 Πῶς

2010 4386 2060 4431 et
2091 4373 2323 4443 Spiritus
2377 4367 2548 4421 sancti
2586 4364 2629 4417 ³.
2665 4361 2776 4416 Cur
2823 4360 2877 4412 in
2911 4359 3131 4414 nomine
3191 4358 3421 4413 Patris?
3450 4357 3583 4423 Οιιίιι

319 4467 403 4526 εἰς
424 4460 487 4514 τὸ
512 4461 683 4529 ὄνομα
706 4458 798 4512 τοῦ
824 4459 1066 4528 Πατρός;
1102 4460 1320 4529 Ἐπειδὴ
1349 4460 1494 4530 ἀρχὴ
1519 4460 1628 4514 τῶν
1658 4461 1901 4515 πάντων.

321 4553 450 4612 Πῶς
506 4553 584 4612 εἰς
646 4550 707 4602 τὸ
754 4548 848 4602 τοῦ
908 4548 1075 4613 Υἱοῦ;
1140 4550 1359 4620 Ἐπειδὴ
1408 4552 1742 4622 δημιουργὸς
1798 4552 1897 4621 τῆς

322 4644 578 4705 κτίσεως.
625 4641 749 4704 Πῶς
783 4641 860 4703 εἰς
887 4640 946 4693 τὸ
976 4640 1068 4693 τοῦ
1095 4641 1250 4709 ἁγίου
1278 4642 1625 4712 Πνεῦματος;
1678 4644 1900 4714 Ἐπειδὴ

323 4735 674 4788 τελειωτικδν
727 4732 835 4787 τῶν
891 4733 1130 4789 πάντων.
1204 4735 1359 4787 Διατί
1414 4737 1511 4798 τὰς
1563 4739 1714 4808 τρεῖς
1770 4737 1903 4790 ὑπο-

330 4828 550 4890 στάσεις
580 4826 1082 4896 κατακερματίζεις
1116 4828 1197 4890 εἰς
1221 4828 1511 4899 διαφόρους
1546 4830 1737 4900 φύσεις
1758 4870 1773 4894 ,
1809 4829 1903 4883 καὶ

326 4917 480 4985 τρεῖς
510 4916 717 4987 ἐργάζῃ
747 4916 904 4977 θεοὺς
931 4916 1220 4985 ἀνομοίους
1260 4919 1507 4987 ἀλλήλων
1531 4961 1544 4983 ,
1588 4921 1715 4990 μίαν
1750 4917 1902 4988 παρὰ

332 5007 553 5060 πάντων
583 5008 677 5060 καὶ
704 5009 805 5077 τὴν
839 5008 1008 5079 αὐτὴν
1040 5012 1203 5079 χάριν
1230 5010 1556 5081 δεχόμενο;;

769 5118 870 5171 Ἐκ
905 5117 1011 5171 τοῦ
1046 5117 1233 5171 αὐτοῦ
1267 5121 1478 5189 λόγου.

402 5208 539 5276 Φησὶ
571 5207 632 5261 τὸ
674 5210 828 5275 ἅγιον
877 5210 1102 5278 Πνεῦμα
1133 5209 1221 5262 διὰ
1257 5210 1352 5263 τοῦ
1400 5212 1566 5265 Δασίδ
1586 5229 1600 5244 ·
1634 5216 1906 5285 Σήμερον

2000 4483 2184 4528 rerum
2217 4479 2299 4518 εει
2322 4460 2564 4516 omnium
2602 4453 2948 4526 principium.
2980 4451 3168 4505 Cur-in
3193 4451 3413 4504 nomine
3429 4448 3591 4504 Filii?

2004 4561 2139 4631 Quia
2161 4565 2242 4611 est
2273 4566 2453 4609 rerum
2475 4548 2720 4605 omnium
2770 4555 3179 4614 procreatarum
3209 4542 3454 4598 ell'ector.
3480 4542 3599 4593 Cur

2002 4657 2058 4713 in
2084 4652 2299 4709 nomine
2320 4645 2558 4715 Spiritus
2585 4641 2759 4695 sancti
2780 4640 2820 4710 τί
2842 4639 2979 4704 Quia
3028 4636 3346 4706 res'perflcit
3368 4637 3585 4687 univcr-

2006 4760 2120 4804 sas.
2157 4739 2297 4807 Quid
2338 4738 2503 4807 igitur
2532 4742 2608 4798 tu,
2644 4748 2766 4786 cum
2804 4745 2969 4783 unam
3019 4730 3087 4783 ab
3132 4728 3383 4782 omnibus
3436 4740 3585 4779 cam-

2007 4839 2243 4903 tbemque
2280 4829 2507 4900 gratiam
2538 4826 2793 4895 accipias,
2831 4824 2929 4877 has
2953 4832 3064 4878 tres
3093 4836 3354 4891 personas
3384 4820 3436 4873 in
3491 4834 3587 4873 na—

2005 4941 2161 4983 tnras
2195 4924 2434 4975 diversas
2468 4915 2682 4980 dividis,
2716 4923 2934 4982 tresque
2995 4912 3135 4965 inter
3198 4924 3257 4964 se
3298 4909 3609 4965 dissimiles

2005 5021 2142 5072 deos
2192 5011 2373 5069 facis?

2476 5122 2559 5176 Ea:
2596 5122 2781 5176 eadem
2826 5122 3091 5175 oratione.

2077 5218 2317 5288 Spiritus
2357 5225 2578 5269 sanctus
2598 5228 2692 5278 per
2750 5210 3043 5266 Davidcm:
3086 5209 3275 5271 Hodie,
3299 5206 3490 5276 inquit,
3546 5208 3593 5259 si

331 5300 441 5355 ἐὰν
464 5298 575 5368 τῆς
607 5300 812 5370 φωνῆς
839 5303 1026 5357 αὐτοῦ
1048 5303 1380 5369 ἀκούσητε,
1408 5303 1495 5372 μὴ
1526 5308 1890 5372 σκληρύνετι

2012 5326 2197 5368 vocem
2217 5309 2329 5375 ejus
2358 5305 2661 5369 audieritis,
2695 5303 2855 5356 nolite
2870 5302 3132 5353 obdurare
3176 5299 3349 5351 corda‘
3395 5306 3591 5353 vestra.

332 5393 439 5456 τὰς
464 5393 706 5460 καρδίας
734 5393 921 5462 ὑμῶν.
945 5396 1023 5460 ὡς
1050 5396 1119 5448 ἐν
1142 5395 1221 5459 τῷ
1247 5398 1729 5467 παραπικρασμῷ
1758 5399 1908 5453 κατὰ

333 5485 450 5550 τὴν
476 5484 701 5552 ἡμέραν
727 5485 837 5539 τοῦ
858 5488 1190 5557 πειρασμοῦ
1208 5489 1278 5541 ἐν
1306 5487 1380 5557 τῇ
1404 5489 1618 5559 ἐρήμῳ,
1646 5486 1718 5546 οὗ
1743 5491 1908 5545 ἐπεί·

2015 5405 2149 5459 sicut
2192 5416 2249 5455 tn
2276 5396 2702 5459 exacerbatione,
2732 5391 3023 5446 secundum
3086 5389 3223 5441 diem
3287 5387 3597 5441 tentatiouis

2016 5494 2071 5547 in
2096 5493 2330 5553 desnrto,
2366 5487 2455 5540 ubi
2485 5493 2807 5541 teutaverunt
2852 5497 2931 5535 me
2970 5491 3145 5549 patres
3170 5479 3321 5533 vestri
3372 5477 3415 5532 ⁸.
3474 5476 3611 5530 [Lee

409 5683 429 5715 ¹
455 5683 638 5738 διίιιιΙι.
668 5702 738 5749 vt,
764 5686 841 5740 l0.
923 5690 941 5718 ²
983 5686 1143 5742 llehr.
1173 5690 1289 5753 1,3.
1368 5690 1387 5720 ³
1424 5688 1611 5743 Matth.
1638 5706 1831 5753 xxvttt,
1871 5692 1889 5745 l

2036 5694 2051 5722 ‘
2089 5691 2235 5745 ιἐαιξ
2283 5666 2422 5752 ad”,
2456 5690 2507 5753 8,
2533 5690 2584 5742 9.
