4036 6210
469 218 578 279 855

1727 214 2041 274 EUTIIYM
2054 211 2114 272 Π
2148 213 2506 277 ZlGABENI

3642 213 3779 279 856

474 336 632 387 divus
661 336 950 401 Apostolus
987 350 1424 391 commemorans
1470 352 1484 388 :
1513 334 1604 388 Sic
1668 338 1817 400 dicit,
1852 332 2049 401 inqttit,

2181 331 2362 385 iao'oir
2386 348 2463 400 με
2488 336 2540 387 οἱ
2580 336 2839 402 πατέρες
2892 332 3082 399 ὑμῶν.
3145 333 3366 387 Τούτων
3399 330 3780 402 μεμνημένος

476 425 707 493 Spi'itus
747 436 999 492 sanctus,
1023 438 1184 496 atque
1216 428 1288 482 ita
1325 428 1487 481 verba
1506 418 1633 481 hare
1684 427 1898 490 recitat,
1962 423 2059 475 tri-

478 521 648 575 buens
701 536 761 575 ea
824 520 1049 590 Spiritui
1100 529 1289 575 sancto
1334 520 1374 572 ί.
1424 518 1557 584 Quis
1593 516 1757 587 igitur
1816 526 1899 570 est
1946 515 2059 578 ille,

479 631 637 682 quem
675 624 1017 669 tentaveruut
1056 624 1235 682 patres
1260 615 1507 684 ipserutn
1540 614 1592 665 in
1627 614 1865 672 deserto,
1892 625 2053 678 quem

481 705 1102 775 irrituveruntiAccipe
1160 705 1229 759 ab
1279 706 1398 776 ipso
1457 703 1730 771 Propheta
1791 702 2057 755 dicente:

480 796 649 851 Deum
711 797 1029 850 altissimum
1092 804 1423 852 tentaverunt
1457 797 1498 852 ³.
1564 793 1729 863 Atqui
1771 791 2063 862 Apostolus

425 920 431 955 ξ
483 906 603 940 cum
624 890 868 959 Spiritus
897 892 1068 945 sancti
1097 906 1383 958 personam
1417 899 1543 943 ante
1572 887 1951 959 nominasset”
1986 884 2063 938 illi

422 970 431 1042 ξ
485 981 646 1033 verba
678 980 790 1034 haec
823 983 1049 1038 tribuit:
1087 981 1444 1051 Quapropter,
1483 980 1759 1049 inquiens,
1789 979 1930 1031 sicut
1981 977 2065 1027 di—

484 1072 555 1123 cit
589 1069 825 1138 Spiritus
860 1082 1124 1126 sanctus:
1158 1072 1463 1127 Secundum
1482 1073 1619 1125 diem
1661 1070 1969 1124 tentationis
2009 1068 2065 1120 in

484 1161 712 1224 deserto,
764 1162 854 1214 ubi
898 1172 1225 1217 tentaverunt
1282 1181 1362 1218 me
1424 1173 1604 1229 patres
1656 1162 1838 1215 vestri.
1888 1159 2067 1224 Quare

486 1271 648 1323 quem
683 1257 845 1308 Deum
872 1257 1192 1311 altissimum
1224 1256 1514 1324 appellavit
1558 1255 1851 1324 Propheta,
1921 1253 2065 1305 hunc

489 1346 557 1401 Ι).
586 1349 875 1416 Apostolus
913 1351 1176 1418 Spiritum
1194 1360 1441 1403 sanctum
1470 1362 1592 1403 esse
1631 1348 1781 1402 dicit.
1808 1346 1996 1413 Itaque
2020 1347 2065 1399 si

486 1440 720 1507 Spiritus
754 1450 974 1495 sanctus
1002 1481 1017 1503 ,
1084 1440 1463 1505 Tentaverunt,
1505 1440 1701 1508 inquit,
1737 1454 1818 1492 me
1886 1448 2065 1508 patres

483 1532 643 1583 vestri
679 1533 734 1586 in
773 1532 999 1598 deserto;
1040 1532 1309 1601 Propheta
1343 1548 1468 1586 vero
1501 1547 1650 1594 eum,
1703 1530 1796 1599 qui
1828 1538 2067 1583 tentatus

487 1626 560 1676 εει
616 1624 667 1674 in
704 1623 944 1687 dosvrto,
1013 1622 1181 1675 Deum
1246 1622 1573 1676 altissimum
1634 1636 1753 1675 esse
1815 1625 2065 1683 testatur,

2164 425 2193 476 6
2221 423 2362 487 θεῖος
2388 425 2685 488 ἀπόστολός
2714 443 2849 497 φησι
2866 442 2882 460 ο
2904 426 3025 491 Διὸ,
3051 424 3251 491 καθὼς
3275 422 3438 493 λέγει
3471 422 3539 476 τὸ
3563 425 3774 474 Hreu—

2160 532 2247 585 μα
2280 515 2349 570 τὸ
2387 516 2584 587 ἅγιον.
2632 518 2744 571 Καὶ
2777 518 2937 572 τοῦτο
2967 518 3159 585 εἰπὼν,
3205 519 3409 580 ταύτας
3456 514 3552 567 τοῦ
3614 530 3772 583 προσ

2168 611 2340 679 φήτου
2374 611 2473 674 τὰς
2502 612 2689 679 ῥήσεις
2729 612 3018 679 ἐπήγαγεν
3041 651 3055 673 ,
3102 610 3437 679 ὲφαρμύζων
3465 608 3643 667 αὐτὰς
3676 603 3774 671 τῷ

2168 700 2447 771 προσώπῳ
2498 700 2595 752 τοῦ
2648 702 2987 772 Πνεύματος.
3019 702 3119 764 Τίς
3174 697 3270 754 οὖν
3321 702 3472 753 ἐστιν
3508 698 3570 751 ὃν
3600 697 3771 750 ἐπεί-

2171 806 2346 860 ρασαν
2394 793 2441 843 oi
2472 793 2711 863 πατέρες
2740 794 2923 847 αὐτῶν
2951 784 3009 844 ἕν
3036 796 3101 863 τῇ
3138 792 3367 862 ἑρήμῳς
3398 790 3483 851 τίς
3514 788 3574 841 δν
3612 804 3772 857 παρ-

2168 880 2436 951 ώργιοανς
2466 883 2623 936 meo;
2663 886 2798 951 παρ’
2824 884 2994 937 αὑτοῦ
3026 882 3123 937 τοῦ
3160 884 3449 952 Προφήτου
3477 878 3771 945 λέγοντος.

2169 976 2253 1027 ὃτι
2276 992 2295 1027 ι
2321 974 2656 1043 Ἐπείρασαν
2678 979 2770 1030 τὸν
2796 978 2932 1031 Θεὸν
2956 979 3049 1031 τὸν
3075 976 3326 1046 ὕψιστον.
3362 972 3553 1026 »Ἃλλὰ
3584 970 3703 1039 μὴν
3736 970 3771 1021 δ

2185 1068 2513 1130 Ἀπὸστολος
2536 1068 2818 1138 προτάξας
2836 1069 2897 1122 τὸ
2924 1069 3219 1138 πρόσωπον
3248 1064 3340 1119 τοῦ
3384 1064 3547 1131 ἁγίου
3587 1061 3771 1115 Πνεύ-

2173 1176 2365 1229 ματος,
2407 1160 2603 1230 ἐκείνῳ
2635 1163 2841 1224 ταύτας
2871 1166 2971 1224 τὰς
3010 1160 3195 1229 φωνὰς
3220 1158 3509 1226 ἀνατίθησι
3551 1156 3768 1221 λέγων’

2169 1254 2288 1319 Διὸ,
2321 1255 2518 1321 καθὼς
2554 1256 2717 1325 λέγει
2756 1255 2824 1308 τὸ
2864 1254 3107 1322 Πνεῦμα
3124 1254 3194 1305 τὸ
3236 1252 3428 1321 ἅγιον,
3463 1250 3556 1302 ὅτι
3605 1245 3772 1299 κατὰ

2168 1363 2199 1398 τ
2208 1345 2295 1411 ἣν
2310 1345 2543 1414 ἡμέραν
2570 1346 2679 1401 τοῦ
2709 1346 3045 1414 πειρασμοῦ
3064 1345 3135 1398 ἐν
3156 1342 3230 1413 τῇ
3251 1343 3469 1411 ἐρήμῳ.
3496 1335 3775 1396 οὗὲπεί·

2163 1439 2367 1504 ρασάν
2392 1455 2470 1507 με
2497 1442 2554 1492 οι
2579 1440 2833 1507 πατέρες
2865 1438 3055 1508 ὑμῶν.
3087 1435 3299 1490 Οὐκοῦν
3330 1435 3389 1487 ὃν
3412 1437 3439 1486 ὁ
3463 1434 3771 1502 Προφήτης

2176 1529 2440 1597 Ὕψιστον
2468 1531 2854 1600 κατωνόμασε,
2884 1531 3073 1584 τοῦτον
3105 1531 3133 1582 ὁ
3162 1529 3307 1590 θεῖος
3349 1525 3681 1586 Ἀπόστοὶος
3704 1522 3771 1574 τδ

2176 1620 2403 1691 Πνεῦμα
2434 1623 2496 1675 τὸ
2529 1623 2685 1690 ἅγιον
2724 1619 2865 1677 εἶναι
2898 1623 3072 1690 λέγει.
3106 1623 3169 1675 Εί
3204 1617 3299 1673 οὖν
3338 1620 3399 1671 τὸ
3438 1616 3667 1684 Πνεῦμα
3708 1615 3774 1667 τὸ

484 1714 749 1767 obstruun
778 1729 844 1766 ur
866 1728 960 1767 ora
991 1712 1254 1782 Spiritum
1288 1714 1735 1781 oppugnantium,
1766 1721 1817 1765 et
1846 1712 2069 1781 loquen-

2181 1712 2333 1779 ἅγιον
2371 1712 2557 1780 λέγει,
2592 1714 2673 1768 ὃτι
2717 1713 3079 1783 Ἐπείρασάν
3106 1732 3183 1782 με
3218 1715 3274 1766 οι
3303 1711 3563 1777 πατέρες
3594 1705 3773 1774 ὑμῶν

485 1801 855 1870 tiumiuiqua,
908 1818 1030 1855 cum
1065 1812 1253 1871 aperte
1286 1811 1399 1855 tum
1424 1802 1746 1871 Apostolus,
1786 1811 1900 1858 tum
1936 1802 2072 1857 Pro-

2181 1805 2243 1859 ἐν
2271 1804 2346 1872 τῇ
2377 1805 2597 1875 ἐρήμῳ,
2627 1809 2655 1860 ὁ
2683 1807 2740 1860 δὲ
2774 1808 3067 1877 Προφήτης
3093 1805 3551 1877 διαμαρτύρεται,
3583 1802 3669 1854 ὅτι
3709 1802 3772 1850 ἐν

494 1897 684 1961 pheta,
715 1895 879 1950 exiis
912 1910 1032 1964 qua:
1091 1894 1238 1948 dicta
1292 1902 1439 1957 sunt,
1499 1893 1733 1962 Spiritus
1782 1896 2072 1965 prmdicent

2181 1900 2239 1968 τῇ
2278 1898 2473 1969 ἐρήμῳ
2519 1900 2844 1970 πειρασθεὶς
2896 1900 3121 1970 ὖψιστός
3174 1902 3292 1953 ἐστι
3326 1899 3481 1960 Θεὸς,
3516 1893 3773 1965 ἐμφράτ-

485 1986 848 2039 divinitatem.

2181 2006 2360 2044 τονται
2389 1991 2457 2044 τὰ
2482 1992 2729 2061 στόματα
2756 1993 2865 2045 τῶν
2892 1991 3378 2062 Πνευματομάχων
3402 1988 3513 2042 τῶν
3540 1984 3773 2039 λαλούν-

482 2099 593 2133 των
625 2081 764 2133 κατὰ
805 2082 899 2133 τοῦ
962 2079 1171 2148 Κυρίου
1222 2081 1478 2148 ἀδικίαν,
1525 2082 1712 2149 σαφῶς
1762 2079 1855 2133 τοῦ
1890 2098 1948 2133 τε
1991 2083 2317 2139 Ἀποστόλου
2369 2086 2466 2139 καὶ
2509 2085 2606 2140 τοῦ
2667 2087 2959 2155 Προφήτου
3014 2085 3101 2139 διὰ
3145 2084 3254 2138 τῶν
3303 2082 3618 2153 εἰρημένων
3664 2078 3769 2147 τὴν

485 2175 715 2242 θεότητα
744 2174 839 2225 τοῦ
875 2175 1192 2244 Πνεύματος
1228 2177 1639 2243 κηρυσσόντων.

485 2266 739 2336 Ejusdem
792 2282 857 2320 ex
881 2269 1120 2336 oratione
1147 2273 1213 2321 ad
1246 2266 1612 2333 Eustathium,
1641 2267 1842 2335 scripta
1874 2268 1926 2320 in
1980 2282 2070 2320 eos

766 2339 856 2406 qui
898 2334 1161 2405 Spiritum
1186 2348 1430 2393 sanctum
1454 2338 1785 2407 impugnant.

561 2451 696 2505 Cum
722 2450 977 2518 aposwlis
1005 2450 1069 2504 de
1109 2449 1377 2517 baptismo
1411 2450 1669 2505 Dominus
1692 2451 1946 2503 mandata
1976 2449 2072 2503 da-

491 2554 593 2602 ret.
618 2543 759 2595 Patri
786 2554 841 2596 et
871 2542 1011 2597 Filio
1041 2541 1318 2610 conjunxit
1349 2540 1630 2609 Spiritum.
1656 2541 1886 2594 Proinde
1904 2540 1995 2608 qui
2015 2540 2070 2594 in

491 2647 552 2684 ea
589 2629 861 2693 facultate,
897 2644 998 2697 qua
1030 2629 1137 2682 vita
1171 2627 1446 2691 tribuitur,
1482 2637 1535 2682 et
1556 2641 1653 2696 per
1684 2642 1843 2694 quam
1883 2635 2073 2679 natura

492 2730 685 2775 nostra
718 2733 782 2773 ex
818 2726 1082 2783 corrupta
1127 2716 1374 2771 redditur
1442 2718 1779 2785 incorrupta.
1838 2716 2069 2784 conjun-

494 2809 665 2874 gitur,
706 2810 761 2862 in
794 2808 1049 2860 omnibus
1067 2804 1436 2859 hahehitcntn
1481 2804 1640 2859 Patre
1681 2818 1735 2857 et
1776 2805 1909 2857 Filio
1944 2819 2071 2856 ron-

489 2903 845 2972 iunctionem.

1006 2996 1086 3047 Ea:
1110 2993 1290 3046 eadem
1333 2995 1588 3045 oratione.

572 3089 628 3145 Si
657 3090 904 3143 diversas
933 3089 1072 3140 inter
1105 3102 1165 3141 se
1207 3086 1503 3139 viderimus
1558 3086 1823 3146 actiones.
1879 3098 2000 3150 quae
2041 3098 2072 3134 a

497 3186 689 3250 Patre,
721 3193 775 3237 et
802 3180 960 3243 Filio,
991 3192 1046 3235 et
1074 3180 1274 3246 Spiritu
1309 3188 1500 3233 sancto
1529 3177 1965 3247 proficiscuntur,
1995 3174 2076 3227 di-

492 3292 685 3333 versas
718 3277 844 3329 item
878 3272 1149 3343 agentium
1187 3280 1408 3325 naturas
1436 3284 1502 3324 ex
1537 3269 1810 3322 actionum
1840 3268 2073 3321 diversi-

499 3380 611 3424 tate
631 3367 1005 3434 conjiciamus.
1033 3364 1223 3433 Neque
1248 3363 1393 3418 enim
1428 3362 1542 3416 ﬁeri
1578 3368 1776 3428 potest,
1844 3368 1903 3412 ut
1957 3371 2076 3426 qua:

498 3469 708 3516 natura:
741 3458 995 3513 diﬂ‘erunt
1018 3456 1248 3519 ratione,
1291 3453 1563 3508 actionum
1605 3464 1801 3519 genere
1825 3450 2078 3516 copulen-

500 3566 607 3607 tur.
641 3550 738 3606 Sin
764 3566 924 3605 uuam
962 3548 1140 3604 Patris
1186 3556 1241 3601 et
1264 3545 1462 3600 Filiiet
1493 3543 1734 3613 Spiritus
1769 3542 1943 3596 sancti
1983 3556 2077 3594 ac.

498 3647 701 3700 tionem
732 3658 853 3698 esse
872 3630 1306 3710 cognoverimus,
1339 3638 1647 3692 necessario
1675 3650 1739 3688 ex
1768 3635 1959 3687 eadem
1983 3648 2076 3687 ac~

499 3739 704 3790 tiuttnm
730 3736 783 3788 vi
826 3740 1033 3787 naturae
1079 3731 1513 3800 coniunctionem
1542 3727 1874 3794 colligemus.
1943 3723 2078 3777 Satio

500 3842 617 3883 etos
637 3828 819 3887 eilicit.
857 3825 1188 3885 consulatur,
1224 3824 1385 3876 vitam
1423 3821 1644 3891 praebet.
1703 3828 1757 3870 οι
1806 3817 1908 3870 alia
1936 3818 2082 3884 ejus-

504 3924 624 3973 i'em
654 3917 870 3988 generis
925 3919 1044 3971 sine
1076 3915 1182 3968 ullo
1214 3914 1527 3967 discriminc
1567 3918 1789 3978 praestat
1825 3917 1939 3962 tum
1982 3907 2083 3960 Pa-

504 4025 605 4078 tt-r,
641 4024 749 4063 tum
787 4010 976 4073 Filius,
1002 4018 1113 4061 tum
1160 4006 1396 4074 Spiritus
1424 4014 1666 4057 sanctus.
1704 4000 1890 4069 Itaque
1952 4015 2083 4068 quo-

503 4120 620 4158 ium
642 4120 745 4156 una
774 4096 1613 4170 atqnteeutletnestactio,eoruni
1656 4094 1780 4147 item
1836 4108 1943 4147 una
2001 4102 2085 4148 est

421 4184 432 4194 ’
504 4197 800 4262 eademque
832 4204 1036 4244 natura.

999 4369 1083 4422 Ea:
1102 4372 1284 4424 eadem
1326 4372 1584 4424 oratione.

579 4466 633 4519 Si
661 4467 723 4529 is,
766 4466 854 4533 qui
890 4466 1056 4533 ungit,
1093 4474 1174 4518 est
1208 4463 1387 4529 Pater,
1444 4473 1497 4517 et
1558 4464 1667 4525 ille,
1718 4462 1807 4529 qui
1846 4460 2086 4529 tttﬁitur,

510 4554 696 4613 l’ilius.
735 4564 788 4606 et
820 4554 933 4621 ipsa
968 4553 1147 4607 unctio
1175 4551 1411 4621 Spiritus
1436 4560 1675 4611 sanctus,
1722 4550 1870 4618 regni
1923 4562 2088 4615 porro

508 4648 721 4714 signum
752 4655 942 4699 ctnnla
966 4646 1267 4708 cstuuCtio,
1291 4658 1401 4697 nea
1426 4643 1569 4712 regia
1607 4640 1822 4710 quidem
1875 4639 2090 4694 actione

509 4738 743 4806 Spiritus
760 4740 1038 4808 sejunctus
1066 4749 1171 4793 est.

508 4849 643 4903 Item
673 4852 944 4903 adt-ersum
994 4849 1225 4917 Spiritus
1272 4859 1654 4917 oppugnatores
1688 4850 1858 4902 sancti
1896 4847 2086 4918 Cyrilli

579 4922 836 4972 dictorum
875 4922 1165 4988 Scriptura:
1196 4922 1414 4973 diversis
1434 4936 1498 4973 ex
1532 4921 1681 4973 libris
1706 4919 1960 4984 collectio,
2023 4933 2088 4971 ex

580 4990 767 5056 quibus
799 4990 1026 5055 Spiritus
1078 5001 1292 5043 sanctus
1329 4990 1467 5043 Deus
1512 5005 1623 5043 esse
1675 4992 2083 5042 demonstratur.

582 5058 666 5111 Ex
695 5058 958 5111 Thesauro
1000 5069 1173 5112 autem
1225 5060 1456 5113 collectio
1496 5061 1603 5114 Itazc
1633 5060 1937 5127 depromptu
1991 5068 2088 5123 est,

582 5129 671 5183 sed
697 5131 942 5196 sparsim,
975 5142 1021 5181 et
1044 5146 1135 5197 per
1165 5131 1446 5199 epiIOgum.

879 5224 962 5278 Ea:
994 5225 1237 5294 Epistola
1286 5229 1354 5279 ad
1400 5225 1726 5280 Corinthios.

590 5321 691 5386 Qui
720 5321 947 5377 Omnino
966 5322 1339 5390 coniungitur,
1374 5335 1514 5375 unus
1546 5320 1781 5389 Spiritus
1806 5332 1910 5375 est.
1948 5322 2086 5377 Ecce

514 5415 795 5485 perspicue
820 5415 909 5471 hie
947 5416 1207 5486 Spiritum
1233 5413 1694 5469 dieitDominum.
1725 5414 1945 5470 Planius
1988 5430 2084 5468 au-

515 5518 619 5562 tetn
654 5510 705 5563 id
732 5508 886 5573 facit,
915 5511 1039 5563 dum
1066 5510 1303 5578 loquitur
1326 5509 1393 5563 de
1418 5506 1616 5561 ludatis
1648 5524 1661 5560 :
1695 5509 1776 5559 Ad
1805 5509 1941 5561 hunc
1998 5524 2088 5562 us-

654 5688 818 5743 ηοω.
864 5706 938 5755 ιν,
971 5696 1023 5757 7,
1073 5693 1126 5745 8.
1201 5696 1220 5726 ³
1262 5692 1403 5749 Psal.
1457 5693 1767 5761 Lxxvtt,40.

2221 2265 2338 2320 Τοῦ
2367 2267 2557 2321 αὐτοῦ
2590 2268 2659 2320 ἐκ
2700 2266 2808 2319 τοῦ
2852 2265 3005 2334 πρὸς
3038 2265 3380 2320 Ε’ὺονινάθιοιν⁵
3421 2264 3576 2319 κατὰ
3612 2262 3740 2317 τῶν

2588 2337 3113 2404 Πνευματομάχων
3140 2336 3352 2405 λόγου.

2265 2447 2681 2519 Ἐντελλόμενος
2712 2452 2742 2504 ὁ
2766 2452 2972 2522 Κύριος
3008 2455 3122 2515 τοῖς
3179 2451 3455 2522 μαθηταῖς
3497 2450 3635 2521 περὶ
3675 2449 3776 2503 τοῦ

2182 2539 2330 2593 θείου
2362 2539 2763 2611 βαπτίσματος,
2807 2561 2888 2613 τῳ
2939 2544 3114 2613 Πατρὶ
3165 2544 3260 2596 καὶ
3293 2543 3372 2613 τῷ
3406 2541 3525 2613 Υίῷ
3561 2543 3776 2614 συνῆψε

2182 2634 2279 2685 καὶ
2307 2631 2368 2685 τδ
2406 2634 2632 2702 Πνεῦμα
2662 2634 2723 2686 τὸ
2754 2634 2934 2700 ἅγιον.
2981 2634 3055 2687 Τδ
3093 2630 3187 2688 οὖν
3210 2635 3557 2704 συνημμένοί
3601 2637 3662 2689 ἐν
3708 2638 3773 2707 τῆ

2182 2726 2435 2795 ζωοποιῷ
2460 2725 2731 2795 δυνάμει,
2770 2725 2894 2780 καθ’
2921 2726 2990 2797 ἢν
3017 2729 3081 2779 ἐκ
3105 2726 3314 2795 φθορᾶς
3345 2730 3426 2792 είς
3457 2728 3775 2800 ἀφθαρσίαν

2182 2819 2215 2886 ἡ
2255 2817 2421 2884 φύσις
2468 2819 2627 2887 ἡμῶν
2664 2817 3182 2891 μετασκευάζεται,
3240 2821 3331 2875 διὰ
3382 2821 3603 2875 πάντων
3655 2820 3774 2887 ἔξει

2106 2930 2149 2984 ο
2182 2913 2319 2981 πρὸς
2347 2913 2436 2965 τὸν
2468 2913 2695 2983 Πατέρα
2724 2912 2819 2966 καὶ
2842 2912 2935 2966 τδν
2966 2912 3095 2966 Υίδν
3121 2912 3219 2982 τὴν
3247 2912 3570 2981 συνάφειαν.

2627 3005 2728 3057 Ἐκ
2761 3004 2868 3058 τοῦ
2890 3005 3079 3059 αὑτοῦ
3115 3007 3330 3072 λόγου.

2266 3094 2393 3146 Ἐὰν
2425 3094 2624 3164 ίδωμεν
2661 3094 3030 3165 διαφερούσας
3057 3094 3306 3164 ἀλλήλων
3346 3096 3447 3160 τὰς
3487 3096 3773 3165 ἐνεργείας

2182 3185 2281 3248 τὰς
2308 3185 2459 3254 παρὰ
2489 3185 2583 3239 τοῦ
2622 3187 2872 3257 Πατρδς,
2899 3188 2998 3242 καὶ
3031 3187 3125 3242 τοῦ
3150 3187 3283 3241 Υίοῦ
3304 3228 3319 3252 ,
3353 3190 3448 3242 καὶ
3481 3188 3580 3242 τοῦ
3612 3190 3771 3255 ἁγίου

2183 3278 2500 3347 Πνεύματος
2537 3279 2971 3349 ἑνιργουμένας,
3007 3281 3301 3350 διαφόρους
3347 3275 3489 3334 εἶναι
3519 3281 3619 3335 καὶ
3670 3281 3773 3343 τὰς

2182 3369 2512 3438 ἐνεργούσας
2544 3369 2739 3439 φύσεις
2770 3374 2834 3426 ἐκ
2860 3372 2963 3441 τῆς
2993 3372 3316 3442 ἑτερότητος
3336 3374 3446 3427 τῶν
3476 3374 3773 3444 ὲνεργειιῖιν

2183 3459 2586 3531 στοχασόμεθα.
2632 3463 2707 3515 Οὐ
2740 3462 2851 3532 γὰρ
2886 3463 3168 3532 ἐνδέχεται
3212 3464 3283 3518 τὰ
3311 3464 3579 3519 διεστῶτα
3628 3463 3773 3518 κατὰ

2181 3553 2277 3608 τὸν
2310 3553 2410 3623 τῆς
2436 3553 2649 3621 φύσεως
2679 3553 2840 3621 λόγον
2886 3554 3028 3625 πρὸς
3055 3554 3115 3608 τὸ
3148 3554 3259 3608 τῶν
3303 3554 3601 3625 ἐνεργειῶν
3635 3552 3774 3618 είδος

2182 3643 2438 3715 ἀλλήλοις
2498 3644 2908 3713 συνενεχθῆναι.
2979 3645 3106 3698 Ἐὰν
3166 3644 3224 3698 δὲ
3280 3644 3417 3715 μίαν
3482 3646 3773 3715 νοήσωμεν

2184 3738 2471 3809 ὶνέργειαν
2508 3736 2744 3805 Πατρὸς,
2788 3738 2884 3789 καὶ
2915 3737 3067 3795 Υίοῦ,
3103 3740 3199 3789 καὶ
3231 3737 3392 3804 ἁγίου
3430 3738 3771 3807 Πνεύματος,

2186 3830 2400 3898 ἀνάγκη
2448 3831 2516 3897 τῇ
2562 3828 2863 3898 ταυτότητι
2910 3829 3010 3901 τῆς
3060 3829 3349 3899 ἐνεργείας
3381 3829 3444 3882 τὸ
3490 3830 3773 3901 ἡνωμένον

2184 3921 2286 3991 τῆς
2312 3920 2528 3989 φύσεως
2561 3920 3001 3990 συλλογίζεσθαι.
3046 3919 3287 3989 ’Δγιάζει
3312 3922 3409 3976 καὶ
3437 3923 3770 3993 παραλαλεῖ,

2191 4020 2286 4066 καὶ
2329 4012 2609 4077 ζωοποιεῖ,
2647 4013 2742 4067 καὶ
2769 4015 2950 4068 πάντα
2981 4015 3050 4067 τὰ
3079 4014 3311 4069 τοιαῦτα
3342 4016 3485 4069 κατὰ
3506 4016 3570 4068 τὸ
3591 4017 3772 4086 ἀπαρ-

2190 4103 2460 4158 ἀλλακτον
2490 4103 2587 4157 καὶ
2610 4105 2639 4156 ὁ
2669 4102 2883 4173 Πατὴρ,
2926 4104 3022 4156 καὶ
3047 4104 3075 4155 δ
3101 4101 3266 4169 Υίδς,
3296 4102 3396 4156 καὶ
3439 4103 3501 4156 τὸ
3544 4104 3770 4173 Πνεῦμα

2188 4197 2250 4249 τὸ
2284 4196 2459 4265 ἅγιον.
2485 4188 2588 4248 Ὧν
2612 4193 2705 4248 οὖν
2735 4196 2770 4265 ὴ
2800 4194 3049 4264 ἐνέργεια
3077 4193 3180 4265 μία
3198 4195 3293 4248 καὶ
3311 4195 3345 4265 ὴ
3379 4195 3543 4268 αὑτὴ,
3564 4195 3772 4250 τούτων

2116 4325 2161 4379 D
2192 4288 2288 4341 uati.
2320 4288 2355 4357 ἡ
2383 4286 2545 4355 φύσις
2575 4287 2858 4347 ὡσαύτως.

2631 4377 2733 4429 Ἐκ
2767 4375 2875 4430 τοῦ
2903 4376 3092 4430 αὑτοῦ
3126 4378 3336 4444 λόγου.

2266 4466 2328 4517 Εἰ
2367 4466 2596 4535 χρίστης
2651 4465 2751 4533 μὲν
2796 4465 2823 4516 ὁ
2855 4463 3086 4534 Πατὴρ,
3136 4466 3357 4536 χριστὸς
3414 4467 3471 4521 δὶ
3524 4471 3554 4522 δ
3605 4468 3771 4535 Υἱὸς,

2193 4560 2401 4628 χρίσμα
2453 4558 2509 4612 δὲ
2541 4558 2602 4609 τὸ
2640 4557 2861 4626 Ιινεῦμα
2892 4556 2954 4610 τδ
2991 4557 3146 4626 ἅγιον
3168 4599 3183 4625 ,
3234 4558 3513 4628 βασιλείας
3548 4562 3603 4614 δὲ
3637 4562 3772 4629 σύμο

2194 4649 2350 4719 βολον
2379 4651 2439 4702 τὸ
2482 4649 2724 4717 χρίσμα,
2768 4647 2896 4701 οὐδὲ
2927 4650 3028 4719 τῆς
3064 4646 3355 4720 βασιλικῆς
3397 4654 3678 4721 ἐνεργείας
3712 4652 3773 4706 τὸ

2195 4743 2420 4813 Πνεῦμα
2449 4743 2512 4819 το
2544 4742 2701 4811 ἅγιον
2735 4740 3097 4805 ἀπεξὲνωται.

2200 4856 2333 4909 Ἔτι
2366 4852 2516 4908 κατὰ
2568 4851 3094 4922 Πνευματομὰχων
3125 4850 3234 4907 τοῦ
3265 4852 3439 4920 ἁγίου
3472 4855 3771 4922 map/.1191:

2269 4923 2549 4992 συλλογὴ
2568 4921 2774 4990 ῥητῶν
2801 4924 2871 4977 ἐκ
2896 4921 3016 4992 τῶν
3044 4923 3228 4992 ἁγίων
3256 4923 3541 4991 Γραφῶν,
3590 4924 3666 4976 δι’
3690 4921 3773 4977 ὧν

2270 4990 2699 5048 ἀποδείκνυται
2732 4992 2879 5058 Θεὸς
2929 4991 2998 5045 τὸ
3040 4990 3287 5060 Πνεῦμα
3318 4990 3398 5045 τὸ
3433 4992 3630 5060 ἅγιον.
3676 4997 3768 5048 Ἐκ

2271 5065 2376 5117 τοῦ
2410 5062 2728 5131 Θησαυρώ
2760 5061 2829 5114 δὲ
2859 5062 3015 5129 αὕτη
3037 5064 3398 5131 μετετράφη,
3434 5065 3605 5131 πλὴν
3629 5080 3772 5118 σπο-

2262 5134 2461 5202 ράδην
2518 5134 2617 5185 καὶ
2648 5133 2775 5186 κατ’
2808 5131 3124 5202 ἐπιλογήν.

2354 5225 2457 5280 Ἐκ
2495 5225 2604 5292 τῆς
2655 5225 2804 5294 πρὸς
2840 5225 3189 5292 Κορινθίους
3244 5223 3635 5295 Ἐπιστολῆς.

2283 5324 2345 5377 '0
2386 5320 2730 5389 κολλώμενος
2768 5320 2847 5389 τῷ
2877 5317 3067 5389 Κυρίῳ
3091 5318 3149 5371 ἓν
3180 5317 3406 5387 Πνεῦμα
3434 5321 3607 5373 ἔστιν.
3651 5318 3769 5373 Ἰδοὺ

2200 5416 2390 5484 σαφῶς
2420 5413 2611 5467 ἐνθάδε
2644 5412 2705 5466 τὸ
2736 5412 2962 5482 Πνεῦμα
2989 5411 3142 5480 λέγει
3174 5410 3402 5482 Κύριον.
3434 5412 3767 5483 Σαφὲστερον

2196 5511 2251 5564 δὲ
2303 5508 2462 5563 τοῦτο
2516 5505 2689 5561 ποιῶν
2746 5505 3054 5558 ἐπιστέλλει
3104 5504 3233 5576 περὶ
3286 5500 3399 5558 τῶν
3464 5505 3766 5559 Ἰουδαίωνο
