4036 6210
318 294 420 361 857
1280 309 1654 370 l‘ANOPLIA
1698 312 2161 380 DOGMATICA.
2190 345 2258 359 --
2293 323 2441 383 Tl'l‘.
2490 325 2630 385 XII.

3476 332 3582 397 858

319 412 626 503 'Axptirdp
656 412 767 481 τῆς
800 413 1069 485 σήμερον
1100 418 1320 487 ἡμέρας
1350 423 1417 474 τὸ
1438 425 1586 477 αὐτὸ
1615 426 1881 494 κάλυμμα

1999 448 2095 498 quc
2127 435 2284 498 diem,
2319 438 2589 503 inquiens,
2620 439 2754 492 idem
2783 439 3021 495 velamen
3048 442 3098 493 in
3121 440 3340 495 lectione
3388 440 3584 499 Veteris

312 504 413 557 ἐπὶ
446 502 523 569 τῇ
559 503 898 571 ἀναγνώσει
945 507 1056 573 τῆς
1091 509 1359 575 Παλιιιᾶς
1392 514 1689 581 Διαθήκης
1728 518 1881 584 μένε

2007 520 2333 580 Testamenti
2362 539 2556 590 manet,
2588 548 2691 583 non
2729 536 3034 595 revelatum,
3065 535 3313 600 quoniam
3337 537 3390 587 in
3424 537 3570 587 Chri—

307 596 395 664 μὶι
415 595 1021 665 ἀνακαλυπτόμενον,
1042 600 1130 651 ὅτι
1154 600 1223 653 ἐν
1247 604 1479 668 Χριστῷ
1500 607 1881 675 καταργεῖται

2000 628 2079 669 sto
2103 620 2408 675 dest’uitur.
2434 619 2538 675 Sed
2559 623 2627 675 ad
2666 623 2803 676 hunc
2833 642 2994 694 usque
3030 595 3164 678 diem
3216 627 3427 692 quando
3453 628 3570 694 legi-

327 688 493 740 Ἀλλ’
514 688 624 750 ἓως
650 690 921 757 σήμερον
947 690 1131 755 ἡνίκα
1156 693 1233 746 ἂν
1253 696 1737 766 ἀναγινώσκηται
1774 700 1881 753 Meo

2003 718 2089 759 tur
2106 707 2303 777 Moses,
2340 712 2572 765 uelamen
2605 730 2759 781 super
2784 732 2873 767 cor
2925 718 3154 784 ipsorum
3189 719 3412 783 positum
3486 727 3588 772 est.

314 779 459 844 σῆς,
518 778 803 847 κάλυμμα
854 781 951 832 ἐπὶ
992 782 1108 847 τὴν
1145 786 1402 852 καρδίαν
1447 788 1647 843 αὐτῶν
1690 792 1873 844 κεῖται

2003 795 2102 849 Ubi
2134 815 2253 851 vero
2290 817 2346 853 se
2384 805 2730 855 converterint
2761 807 2829 856 ad
2860 804 3165 869 Dominum,
3200 805 3431 858 velamen
3488 823 3585 856 an-
3624 820 3645 833 ί

328 868 537 919 Ἠνίκα
561 867 612 917 δ’
641 867 717 919 ἂν
746 870 1085 940 ἐπιστρέψῃ
1124 876 1273 942 πρὸς
1315 878 1552 945 Κύριον,
1586 882 1881 949 empta/pel

2000 887 2215 955 feretur.
2258 888 2515 945 Dominus
2544 907 2720 947 autem
2752 895 2990 962 Spiritus
3018 908 3110 950 est.
3140 895 3240 949 Ubi
3266 909 3437 948 autem
3465 896 3583 965 Spi-

314 974 405 1008 ται
438 958 503 1008 τὸ
539 957 844 1025 κάλυμμα.
887 960 947 1011 '0
974 960 1043 1014 δὲ
1084 966 1299 1031 Κύριος
1326 969 1389 1019 τὸ
1438 970 1679 1039 Πνεῦμά
1704 972 1895 1026 ἐστιν.

317 1043 400 1101 Οηῦ
430 1047 499 1099 δὲ
547 1048 613 1100 τὸ
669 1050 912 1119 Πνεῦμα
963 1057 1205 1122 Κυρίου,
1246 1058 1377 1110 ἐκεῖ
1422 1060 1750 1128 ἐλευθερία.
1791 1065 1898 1116 Καὶ

310 1139 479 1191 πάλιν
504 1178 519 1203 ,
578 1138 780 1206 Ἦμεῖς
820 1140 888 1194 δὲ
913 1143 1139 1210 πάντες
1170 1146 1729 1219 ἀνακεκαλυμμένῳ
1757 1168 1899 1219 προ-

313 1232 496 1284 σώπω
540 1230 657 1299 τὴν
695 1232 887 1297 δόξαν
941 1237 1164 1302 Κυρίου
1217 1242 1740 1308 κατοπτριζόμενοι
1783 1244 1899 1308 τὴν

312 1321 512 1388 αὐτὴν
539 1323 741 1376 εικόιά
764 1328 1304 1395 μεταμορφούμεθα
1330 1330 1448 1384 ἀπὸ
1476 1332 1661 1399 δόξης
1683 1336 1771 1399 εἰς
1800 1335 1897 1389 δό-

312 1413 453 1479 ξαν,
493 1414 762 1482 καθάπερ
800 1415 918 1469 ἀπὸ
952 1419 1173 1485 Κυρίου
1216 1423 1583 1490 Πνεύματος.

870 1508 969 1562 Ἐκ
998 1508 1110 1577 τῆς
1149 1510 1337 1579 αὐτῆς

396 1598 459 1648 Ὀ
492 1595 699 1658 Παῦλος
734 1598 1066 1651 ἐπιστέλλων
1123 1602 1252 1671 περὶ
1303 1604 1470 1655 αὑτοῦ
1500 1621 1666 1675 φησιν
1703 1606 1761 1659 ἐν
1788 1620 1891 1677 ap-

310 1690 383 1759 χῇ
424 1689 522 1757 τῆς
572 1689 912 1758 Ἐπιστολῆς
978 1691 1220 1757 Παῦλος
1274 1694 1621 1762 ἀπόστολος
1689 1698 1893 1764 ἰησοῦ

309 1780 592 1846 Χριστοῦ.
663 1781 800 1834 Ἰδοὺ
872 1783 1058 1851 σαφῶς
1104 1786 1292 1838 ἐνθάδε
1346 1788 1407 1840 τὸ
1448 1788 1548 1858 τῆς
1587 1789 1893 1859 ἀποστολῆς

309 1875 491 1941 ὄνομα
552 1874 649 1925 καὶ
702 1877 936 1945 πρᾶγμα
985 1878 1137 1947 παρὰ
1191 1880 1452 1949 Χριστοῦ,
1507 1883 1602 1935 καὶ
1635 1883 1704 1936 δι’
1758 1884 1891 1936 Υἱοῦ

311 1965 712 2035 διισχυρίζεται
763 1966 1084 2038 λαμϐάνειν.
1120 1969 1207 2021 Ἐν
1232 1971 1286 2023 δὲ
1339 1975 1460 2034 ταῖς
1516 1974 1752 2041 Πράξεσι
1783 1976 1892 2029 τῶν

308 2056 487 2123 ἁγίων
516 2057 833 2108 ἀποστόλων
860 2061 1172 2127 γέγραπταί
1209 2077 1260 2113 τι
1302 2063 1542 2116 τοιοῦτον
1561 2079 1577 2096 ⁶
1609 2071 1888 2136 Λειτουρ·

307 2145 581 2212 τούντων
607 2142 677 2197 δὲ
702 2144 903 2199 αὐτῶν
944 2148 1022 2212 τῷ
1048 2151 1262 2217 Κυρίῳ,
1299 2153 1396 2205 καὶ
1441 2159 1887 2223 νηστευόντων,

305 2233 443 2289 εἶπε
474 2235 539 2288 τὸ
567 2235 811 2304 Πνεῦμα
844 2238 909 2290 τὸ
940 2238 1133 2307 ἅγιον·
1178 2242 1521 2311 Ἀφορίσατε
1551 2248 1625 2316 δή
1652 2267 1753 2315 μοι
1780 2251 1889 2303 τὸν

305 2331 579 2393 Παῦλον,
604 2332 703 2384 καὶ
732 2332 839 2384 τὸν
866 2331 1186 2399 Βαρνασαν
1212 2340 1298 2402 είς
1329 2339 1395 2391 τὸ
1417 2338 1616 2407 ἔργον,
1646 2342 1677 2394 ὃ
1703 2357 1887 2410 προσ-

303 2420 605 2487 κέκλημαι
636 2421 881 2485 αὺτούς.
920 2421 982 2473 Ei
1016 2423 1198 2477 τοίνυν
1236 2426 1571 2497 κεκληκότος
1600 2430 1767 2483 αὑτὸν
1804 2436 1884 2495 είς

304 2511 619 2581 ἀποστολὴν
673 2512 769 2565 τοῦ
832 2514 1358 2588 Πνεῦματος-παρά
1408 2519 1584 2590 Ἰησοῦ
1645 2523 1885 2593 Χριστοῦ

302 2604 612 2675 κεκλῆσθαι
639 2622 795 2673 φησι,
832 2607 1072 2661 δείκνυσι
1118 2609 1307 2676 σαφῶς
1338 2610 1439 2664 οὐκ
1480 2612 1763 2685 ἀλλότριον
1784 2617 1884 2687 τῆς

300 2696 495 2759 οὐσίας
523 2696 616 2748 τοῦ
648 2695 777 2749 Υίοῦ
808 2698 869 2751 τὸ
898 2699 1123 2769 Πνεῦμα
1157 2700 1218 2753 τὸ
1250 2701 1427 2769 ἅγιον.

868 2789 963 2842 Ἐκ
997 2789 1105 2857 τῆς
1127 2792 1336 2860 αὐτῆς.

382 2878 483 2945 τίς
507 2882 615 2951 γὰρ
658 2879 825 2935 οἶδεν
857 2882 1183 2951 ἀνθρώπων
1212 2889 1265 2939 εί
1285 2887 1373 2955 μὴ
1406 2888 1472 2941 τὸ
1504 2891 1740 2961 πνεῦμα
1777 2894 1883 2949 τοῦ

298 2974 618 3043 ἀνθρώπου
644 2976 709 3029 τὸ
748 2977 820 3029 ἐν
848 2975 1040 3041 αὐτῷ;
1060 2976 1222 3031 Οὕτω
1251 2980 1349 3031 καὶ
1376 2981 1449 3033 τὰ
1474 2982 1581 3036 τοῦ
1605 2984 1754 3038 Θεοῦ
1778 2988 1880 3040 οὺ-

2000 979 2136 1029 ritus
2162 978 2396 1043 Domini,
2449 982 2521 1033 ibi
2550 983 2761 1039 libertas
2798 986 2837 1037 ¹.
2888 985 2954 1038 Et
2991 1001 3202 1038 rursum
3241 1000 3255 1038 :
3314 984 3453 1038 Nos
3486 1004 3580 1038 au-

2000 1077 2099 1120 tem
2132 1084 2307 1121 omnes
2333 1071 2555 1123 revelata
2597 1073 2732 1141 [acie
2792 1073 3015 1141 gloriam
3078 1073 3287 1126 Domini
3347 1081 3583 1127 contem-

1997 1160 2199 1225 plantes
2259 1164 2542 1215 secundum
2618 1167 2853 1218 eamdem
2892 1166 3173 1235 imaginem
3227 1166 3583 1234 transforma-

1998 1269 2118 1304 mur
2140 1255 2202 1306 de
2223 1254 2392 1319 gloria
2420 1256 2470 1307 in
2501 1256 2746 1324 gloriam,
2784 1268 3036 1326 tanquam
3071 1275 3104 1310 a
3171 1257 3383 1310 Domini
3454 1256 3579 1324 Spi-

1999 1343 2105 1394 ritu
2137 1345 2177 1398 ².

2636 1525 2719 1579 Ea:
2741 1531 2942 1581 eadem.

2070 1614 2270 1670 Paulus
2297 1617 2361 1669 de
2395 1632 2453 1671 se
2482 1618 2598 1686 ipso
2636 1620 2880 1673 scribens
2904 1620 2954 1673 iu
2986 1621 3248 1689 principio
3270 1622 3523 1690 Epislolae
3554 1641 3569 1678 :

2001 1700 2224 1768 Paulus,
2267 1704 2459 1773 inquit,
2491 1707 2761 1765 apostolus
2788 1707 2915 1761 Jesn
2949 1708 3149 1763 Christi
3181 1711 3220 1764 ³.
3255 1711 3457 1779 Aperte
3488 1713 3577 1764 vi-

1997 1794 2091 1849 des
2113 1795 2196 1850 hic
2224 1796 2463 1864 Apostoli
2491 1814 2685 1851 nomen
2738 1808 2790 1851 et
2826 1816 3019 1853 munus
3052 1817 3083 1855 a
3115 1800 3362 1865 Christo,
3390 1815 3441 1857 et
3482 1819 3579 1870 per

1996 1883 2190 1939 Filium
2217 1901 2276 1940 se
2312 1886 2440 1940 illud
2462 1888 2690 1941 aﬂirmat
2712 1890 2973 1958 accipere.
3001 1892 3059 1945 In
3112 1894 3335 1947 Actibus
3386 1905 3566 1947 autem

1993 1981 2304 2027 sanctorum
2335 1975 2698 2042 apostolorum
2731 1976 2803 2030 ita
2863 1978 3124 2047 scriptum
3144 1989 3227 2034 est
3261 1999 3274 2035 :
3338 1979 3577 2047 Sacriﬁ-

1992 2062 2234 2114 cantibus
2256 2063 2365 2114 illis
2405 2062 2627 2117 Domino
2658 2076 2705 2117 et
2757 2065 3126 2134 jejunantibus
3169 2070 3305 2121 dixit
3351 2068 3576 2133 Spiritus

1990 2161 2203 2204 sanctus
2235 2168 2254 2205 :
2288 2153 2576 2222 Segregate
2608 2155 2734 2207 mihi
2786 2156 3015 2209 Paulum
3071 2167 3120 2211 et
3165 2158 3469 2211 Barnabam
3519 2159 3573 2212 in

1990 2258 2140 2308 opus,
2186 2244 2258 2295 ad
2288 2246 2426 2313 quod
2452 2246 2698 2300 advocavi
2726 2263 2811 2302 eos
2838 2248 2879 2302 ⁸.
2914 2248 2969 2303 Si
2996 2249 3161 2316 igitur
3193 2265 3315 2303 cum
3370 2264 3400 2303 a
3449 2249 3574 2316 Spi-

1990 2333 2095 2385 ritu
2128 2343 2352 2389 vocatus
2375 2336 2464 2398 sit,
2489 2351 2517 2389 a
2547 2337 2765 2392 Christo
2788 2354 2848 2393 se
2874 2351 3127 2394 vocatum
3167 2341 3317 2403 dicit,
3345 2341 3568 2409 perspi-

1988 2438 2087 2476 cue
2117 2427 2448 2480 demonstrat
2473 2443 2575 2481 non
2609 2430 2841 2483 alienum
2860 2430 2929 2484 ab
2954 2432 3193 2485 essentia
3239 2432 3356 2486 Filii
3399 2432 3574 2500 Spiri-

1992 2523 2103 2567 tum
2138 2526 2415 2568 Sanctum.

2613 2783 2697 2835 Ea:
2721 2783 2924 2837 eadem.

2056 2868 2185 2932 Quis
2212 2870 2354 2921 enim
2384 2871 2656 2924 hominum
2687 2877 2825 2926 novit
2873 2890 2933 2924 ea
2954 2888 3069 2939 qua:
3124 2881 3246 2924 sunt
3319 2854 3567 2938 hominis,

1983 2961 2090 3015 nisi
2113 2962 2327 3032 spiritus
2347 2964 2597 3025 hominis,
2631 2965 2722 3034 qui
2761 2965 2817 3017 in
2852 2966 2965 3030 ipso
3022 2966 3140 3018 est.’
3212 2963 3301 3017 Sic
3346 2974 3395 3017 et
3451 2978 3569 3031 qua:

297 3065 430 3131 θείς
452 3065 719 3132 ἔγνωκεν
737 3067 786 3118 εί
808 3065 892 3133 μὴ
918 3065 981 3119 τὸ
1002 3066 1245 3135 Πνεῦμα
1264 3068 1371 3122 τοῦ
1394 3071 1564 3125 Θεοῦ.
1582 3072 1753 3142 Ἡμῖν
1774 3076 1879 3144 γὰρ

1984 3066 2106 3108 sunt
2157 3053 2271 3118 Dei,
2321 3072 2469 3109 nemo
2514 3058 2674 3122 novit,
2724 3057 2826 3109 nisi
2878 3055 3107 3124 Spiritus
3170 3056 3264 3110 Dei
3305 3057 3347 3109 ⁸.
3401 3055 3567 3110 Nobis

299 3155 708 3223 ἀπεκάλυψεν
730 3158 763 3210 ό
789 3157 932 3222 Θεὸς
952 3156 1049 3210 διὰ
1075 3158 1183 3211 τοῦ
1208 3162 1556 3229 Πνεύματος
1579 3167 1786 3220 αὑτοῦ.
1812 3168 1881 3222 Τὸ

1987 3148 2123 3201 enim
2179 3148 2421 3201 reuelauit
2482 3147 2618 3201 Deus
2673 3164 2765 3217 per
2811 3146 3070 3217 Spiritum
3115 3164 3289 3213 suum,
3334 3146 3566 3217 Spiritus

299 3247 412 3316 γὰρ
435 3247 677 3315 Πνεῦμα
700 3247 897 3302 πάντα
919 3244 1158 3318 ἐρευνᾷ,
1185 3250 1378 3304 καὶτὰ
1395 3253 1558 3323 ,βάθη
1582 3257 1688 3311 τοῦ
1712 3259 1881 3314 Θεοῦ.

299 3340 367 3391 Ei
412 3339 474 3392 τὸ
529 3338 747 3409 πνεῦμα
776 3339 872 3393 τοῦ
931 3341 1223 3409 ἀνθρώπου
1252 3344 1353 3397 οὐκ
1396 3343 1454 3409 ἐξ
1484 3345 1883 3418 ἀποκαλύψεως

296 3449 447 3495 τινος
474 3429 616 3485 οἶδεν
643 3433 834 3502 ἑτέρου
859 3433 928 3485 τὰ
956 3434 1014 3487 ἐν
1036 3434 1206 3505 αὐτῷ,
1236 3435 1351 3490 ἀλλ’
1376 3434 1453 3500 ὡς
1475 3440 1726 3505 φυσικῶς
1784 3445 1882 3498 καὶ

296 3524 771 3594 κυρίωςύπάρχον
793 3524 1077 3595 αὐτῷ,καὶ
1092 3525 1154 3578 τὸ
1186 3526 1413 3597 Πνεῦμα
1437 3529 1534 3583 τοῦ
1567 3532 1703 3585 Θεοῦ
1737 3533 1880 3587 οὕτω

299 3613 485 3666 πάντα
539 3614 761 3684 ἐρευνᾷ,
818 3616 914 3668 καὶ
982 3615 1243 3682 γινώσκει
1292 3618 1388 3671 καὶ
1454 3620 1524 3673 τὰ
1579 3621 1721 3692 βάθη
1784 3623 1877 3677 τοῦ

294 3705 437 3760 Θεοῦ
462 3722 477 3738 ·
540 3707 649 3776 ἄρα
698 3707 758 3760 ἐν
786 3706 905 3778 Θεῷ
927 3707 1023 3761 καὶ
1052 3706 1229 3778 Πατρὶ
1261 3708 1321 3761 τὸ
1350 3709 1574 3780 Πνεῦμα
1595 3714 1655 3766 τὸ
1697 3716 1875 3783 ἆγιον,

295 3802 395 3853 καὶ
423 3799 526 3868 τῆς
558 3799 773 3867 φύσεως
798 3798 901 3869 τῆς
938 3798 1092 3862 θείας
1145 3798 1325 3865 ἔσται,
1356 3799 1612 3873 καθάπερ
1645 3804 1739 3858 καὶ
1774 3806 1877 3876 τῆς
1950 3858 1953 3859 ,

293 3892 391 3945 τοῦ
424 3891 715 3963 ἀνθρώπου
738 3892 799 3944 τὸ
825 3891 1194 3961 ἀνθρώπινον.

844 3986 944 4038 Ἐκ
986 3984 1093 4052 τῆς
1132 3984 1340 4053 αὐτῆς.

378 4078 474 4130 Ἐκ
509 4075 646 4129 Θεοῦ
671 4075 731 4128 τὸ
783 4076 1015 4145 Πνεῦμα
1059 4076 1120 4128 τὸ
1155 4077 1314 4142 ἅγιον
1342 4072 1483 4131 εἶναι
1538 4096 1743 4150 φαμεν,
1775 4083 1873 4136 καὶ

291 4170 441 4225 οὓτω
480 4167 949 4234 πεπιστεύκαμεν.
995 4166 1138 4220 Ἀλλ’
1170 4168 1219 4219 οἱ
1278 4168 1414 4237 πρὸς
1450 4170 1612 4237 μόνον
1641 4171 1701 4224 τὸ
1743 4172 1871 4225 δύσ-

295 4278 481 4332 φημον
538 4258 879 4327 ἑτοιμότατοι
943 4257 1036 4308 καὶ
1090 4257 1160 4309 τὰ
1225 4257 1362 4311 ἄλλα
1416 4261 1596 4312 πάντα
1637 4262 1701 4313 ὲκ
1732 4262 1868 4316 Θεοῦ

1987 3239 2123 3291 enim
2181 3240 2359 3292 omnia
2407 3248 2703 3303 scrutatur,
2755 3240 2914 3293 etiam
2960 3239 3225 3308 profunda
3275 3238 3368 3293 Dei
3407 3239 3450 3293 '.
3510 3238 3567 3293 Si

1985 3329 2210 3397 Spiritus
2264 3330 2499 3384 hominis
2557 3331 2773 3385 nemine
2818 3331 3178 3399 patefaciente
3236 3332 3408 3393 novit,
3446 3345 3567 3399 quin

1983 3430 2110 3473 sunt
2170 3423 2219 3473 in
2281 3422 2518 3484 homine,
2556 3436 2678 3476 cum
2720 3423 2989 3477 naturalis
3029 3423 3123 3484 sit,
3196 3432 3250 3477 et
3311 3423 3567 3491 proprius

1983 3511 2150 3574 ipsius
2174 3550 2190 3575 ,
2228 3521 2283 3565 et
2319 3512 2552 3580 Spiritus
2583 3513 2675 3567 Dei
2710 3514 2790 3568 sic
2813 3515 2994 3567 omnia
3023 3522 3323 3576 scrutatur,
3385 3524 3441 3566 et
3471 3530 3565 3564 no-

1982 3602 2059 3656 vit
2086 3602 2249 3656 etiam
2282 3603 2549 3671 profunda
2575 3602 2691 3667 Dei,
2726 3605 2777 3657 in
2832 3604 2943 3658 Deo
2994 3604 3246 3658 nimirum
3295 3613 3349 3657 et
3404 3601 3562 3657 Patre

1979 3700 2065 3747 est
2098 3692 2331 3761 Spiritus
2370 3702 2613 3759 sanctus;
2661 3703 2716 3749 et
2771 3704 2979 3749 naturae
3006 3696 3201 3748 divinae
3233 3702 3338 3754 est.
3372 3709 3558 3761 quem-

1978 3781 2273 3837 admodum
2307 3784 2546 3838 hominis
2585 3784 2811 3854 spiritus
2870 3796 2955 3841 est
3012 3792 3223 3839 natura:
3288 3784 3557 3837 humanae.

2612 3982 2696 4035 Ea:
2734 3982 2940 4038 eadem.

2048 4077 2125 4130 Ex
2149 4075 2259 4132 Deo
2287 4075 2545 4145 Spiritum
2574 4084 2821 4129 sanctum
2856 4089 2976 4129 esse
3007 4074 3260 4137 dicimus,
3281 4083 3443 4141 atque
3487 4074 3559 4126 ita

1974 4166 2272 4226 credimus.
2304 4167 2374 4220 At
2400 4165 2486 4219 isti
2519 4164 2611 4233 qui
2645 4165 2711 4218 ad
2741 4165 3182 4219 calumniantium
3217 4174 3552 4218 tantummo-

1973 4260 2040 4314 do
2064 4268 2189 4315 sunt
2222 4256 2576 4327 paratissimi,
2612 4256 2772 4312 etiam
2813 4255 2915 4310 alia
2933 4256 3112 4310 omnia
3143 4271 3210 4310 ex
3277 4257 3383 4310 Deo
3436 4270 3558 4310 esse

292 4351 551 4418 γενέσθαι
592 4349 747 4417 φασὶ,
784 4346 881 4398 τοῦ
920 4344 1139 4397 Παύλου
1195 4346 1504 4413 γράφοντος
1534 4362 1550 4379 ο
1580 4344 1687 4413 Εἷς
1726 4352 1869 4415 Θεὸς

1983 4352 2176 4416 dicunt,
2206 4365 2330 4405 cum
2362 4349 2560 4405 Paulus
2586 4349 2794 4403 scribat
2831 4364 2847 4403 :
2887 4345 3033 4402 Unus
3064 4347 3200 4401 Deus
3257 4346 3446 4412 Pater,
3492 4364 3556 4400 ea

293 4410 329 4491 ό
365 4410 695 4503 Πατὴρίέξ
721 4428 793 4489 οὗ
830 4433 902 4486 τὰ
945 4430 1163 4487 πάντα.
1365 4410 1683 4504 νομίζουσιν
1732 4410 1867 4493 ἅναξ.

1983 4455 2074 4509 μισ
2097 4410 2272 4492 omnia
2301 4438 2343 4493 '.
2377 4438 2557 4507 Atque
2585 4437 2660 4490 ita
2692 4437 2921 4503 probare
2943 4451 3003 4490 se
3060 4445 3272 4505 putant,
3324 4452 3390 4492 ex
3433 4410 3556 4491 'Pa-

291 4530 522 4600 τρέπειν
572 4528 632 4581 τὸ
673 4528 738 4580 ἐκ
801 4526 904 4595 τῆς
942 4525 1134 4588 οὐσίας
1182 4524 1275 4578 τοῦ
1344 4528 1559 4599 Πατρὸς
1622 4530 1761 4584 εἶναι
1809 4532 1872 4585 τὸ

294 4619 545 4689 Πνεῦμα,
570 4618 659 4671 διὰ
684 4621 744 4672 τὸ
772 4616 1041 4687 φέρεσθαι
1068 4618 1163 4671 καὶ
1214 4618 1355 4671 κατὰ
1403 4619 1513 4671 τῶν
1546 4623 1871 4691 ποιημάτων

290 4714 357 4766 τὸ
382 4713 450 4776 ἐξ
479 4706 573 4776 οῦ,
608 4713 747 4780 ὅπερ
778 4711 871 4763 ἐπὶ
922 4709 1001 4781 τῷ
1038 4710 1317 4778 Πνεύματι
1354 4712 1612 4779 κείμενον
1651 4716 1717 4769 ἐκ
1763 4716 1863 4785 τῆς

291 4804 484 4864 οὐσίας
518 4801 685 4854 αὑτοῦ
729 4800 975 4870 φυσικῶς
1009 4801 1256 4870 ὑπάρχον
1306 4801 1673 4859 ἀποδεικνύει.
1721 4806 1869 4859 Ἀλλ’

292 4896 413 4946 ἔστι
444 4894 582 4962 πρὸς
624 4892 782 4944 τοῦτο
841 4891 1048 4959 λέγειν,
1111 4892 1194 4942 ὃτι
1248 4894 1344 4943 καὶ
1377 4891 1462 4959 ἐφ’
1498 4891 1613 4962 Υἱῷ
1660 4896 1865 4964 κυρίως

294 4988 399 5056 μὲν
434 4988 611 5038 κεῖται
638 4983 700 5035 τὸ
735 4982 861 5045 Υἱὸς
878 4984 1069 5053 ὄνομα,
1117 4983 1294 5033 κεῖται
1322 4982 1379 5034 δὲ
1410 4984 1502 5035 καὶ
1533 4984 1622 5037 ἐπ’
1647 4986 1864 5057 ἀνθρώ-

291 5096 413 5128 πων
465 5073 948 5146 καταχρηστικῶς,
994 5075 1092 5126 καὶ
1137 5073 1198 5125 οὐ
1229 5072 1405 5142 δήπου
1449 5074 1510 5126 τὸ
1538 5074 1686 5129 θέσει
1722 5079 1860 5141 τισὶ,

289 5167 391 5219 xit
426 5166 570 5218 κατὰ
600 5166 762 5235 χάριν
784 5162 1185 5233 προσκείμενον
1216 5150 1515 5233 ἀνατρέψει
1544 5166 1637 5218 τὸν
1665 5166 1862 5237 ἔχοντα

286 5255 559 5319 φυσικῶς.
596 5255 751 5311 Οὕτω
782 5257 877 5309 καὶ
911 5255 971 5309 τὸ
998 5254 1068 5320 ἐξ
1103 5250 1175 5311 οὗ
1206 5255 1318 5308 τῶν
1356 5258 1681 5326 ποιημάτων
1730 5276 1865 5313 κατ-

284 5370 320 5420 η
364 5351 669 5420 ορούμενον
691 5349 791 5401 οὐκ
818 5346 1032 5400 ἐποίσει
1066 5348 1199 5417 πρὸς
1232 5346 1331 5417 τὴν
1360 5348 1567 5402 οίκείαν
1592 5350 1865 5404 ταπείνω-

284 5442 372 5495 σίν
416 5457 475 5492 τε
508 5441 605 5492 καὶ
628 5439 1025 5509 ὁμοουσιότητα
1057 5438 1152 5492 τοῦ
1186 5438 1506 5508 Πνεῦματος
1537 5439 1598 5493 τὸ
1652 5440 1860 5512 ὑψηλόν

280 5554 341 5589 τε
378 5539 471 5587 καὶ
512 5534 710 5598 θεῖκδν,
759 5531 894 5586 ἀλλὰ
944 5531 1104 5602 μενεῖ
1159 5532 1261 5598 μὲν
1291 5530 1441 5601 αὐτῷ
1476 5531 1684 5602 κυρίως
1705 5531 1766 5584 τὸ
1782 5531 1854 5596 ἐξ

355 5668 456 5723 ιιι
493 5642 624 5723 Cor.
682 5685 764 5731 ιιι,
800 5670 983 5728 ιι-ιι.
1062 5669 1245 5725 'tbid.
1309 5670 1392 5724 ιε.

288 5742 353 5795 'l
405 5740 533 5796 Cor.
558 5754 675 5804 νιιι,
712 5740 768 5793 6.

1507 5670 1527 5702 ³
1564 5670 1581 5724 Ι
1624 5670 1749 5727 Cor.
1794 5688 1831 5737 ι,
1876 5673 1927 5728 1.

1971 4531 2072 4585 tris
2102 4530 2340 4585 essentia
2377 4544 2484 4584 non
2515 4544 2637 4584 esse
2670 4526 3218 4597 Spiritumsanctum,
3275 4528 3416 4598 quod
3461 4529 3549 4582 illa

1970 4636 2073 4677 vox
2106 4637 2217 4676 :ea:
2268 4637 2393 4690 quo,
2452 4621 2519 4673 ad
2577 4633 2666 4674 res
2694 4620 2860 4672 etiam
2905 4627 3213 4687 procreatas
3264 4618 3551 4672 referatur.

1969 4714 2099 4780 Quae
2128 4713 2353 4781 quidem
2372 4726 2473 4767 vox
2498 4726 2617 4765 cum
2639 4711 2705 4765 de
2730 4709 2936 4780 Spiritu
2967 4721 3158 4763 sancto
3181 4709 3401 4771 dicitur,
3426 4724 3547 4762 eum

1968 4822 2033 4860 ex
2058 4805 2227 4875 ipsius
2255 4806 2490 4860 essentia
2545 4817 2666 4858 esse
2722 4802 2984 4857 declarat.
3054 4799 3250 4855 Verum
3302 4800 3387 4854 sic
3428 4800 3546 4854 isti:

1971 4879 2257 4965 possumus
2280 4892 2627 4963 respondere,
2653 4892 2720 4947 de
2750 4890 2886 4946 Filio
2918 4891 3048 4945 item
3086 4890 3301 4958 proprie
3347 4903 3539 4943 nomen

1973 4987 2077 5041 hoc
2101 4985 2273 5041 Filius
2299 4984 2427 5048 dici,
2460 4983 2607 5053 quod
2643 4994 2823 5039 tamen
2860 4984 3152 5053 improprie
3190 4986 3259 5035 de
3318 4982 3519 5036 homini
3567 4969 3573 4974 ’

1971 5079 2069 5133 bus
2082 5078 2245 5132 etiam
2266 5076 2498 5131 dicatur.
2522 5073 2638 5131 Nec
2672 5074 2717 5129 si
2753 5088 3020 5130 concessu
3056 5085 3112 5129 et
3143 5074 3317 5144 gratia
3350 5076 3510 5142 aliqu

1968 5171 2073 5225 bus
2126 5170 2421 5231 tribuatur,
2489 5178 2773 5235 propterea
2833 5167 3059 5232 tollitur,
3111 5168 3399 5237 quominus
3475 5167 3522 5220 si

1972 5260 2141 5328 ipsius
2161 5258 2423 5313 naturale.
2451 5256 2543 5312 Sic
2572 5259 2737 5312 etiam
2761 5258 2913 5325 illud,
2948 5273 3013 5312 ea:
3036 5273 3164 5326 quo,
3203 5257 3331 5311 licet
3385 5256 3542 5310 rebus

1970 5364 2183 5421 quoque
2220 5350 2520 5419 procreatis
2550 5350 2878 5415 ascribatur,
2920 5350 3129 5404 idcirco
3166 5356 3341 5403 tamen
3371 5348 3509 5401 sutili

1968 5443 2073 5497 mis
2099 5449 2154 5496 et
2184 5439 2363 5494 divina
2393 5438 2627 5506 Spiritus
2648 5439 2881 5508 dignitas
2904 5454 3011 5494 non
3042 5437 3307 5501 aufertur,
3343 5452 3441 5493 nec
3476 5453 3537 5491 ea

1970 5548 2030 5589 re
2060 5534 2143 5599 tu,
2171 5530 2463 5602 quominus
2522 5532 2597 5587 sit
2638 5530 2882 5602 ejusdem
2936 5531 3207 5587 essentia.
3258 5529 3365 5584 Sed
3413 5544 3533 5583 cmn

2040 5673 2062 5704 ⁵
2092 5672 2211 5727 Act.
2250 5687 2372 5738 xm,
2412 5671 2448 5725 ‘2
2581 5672 2602 5703 ⁸
2636 5668 2653 5725 l
2690 5669 2816 5725 Cor.
2872 5685 2933 5739 ιι,
2990 5670 3078 5725 ii.
3189 5669 3213 5702 ⁸
3269 5668 3405 5722 Ibid.
3443 5666 3509 5723 10
