  <div class='ocr_page' id='page_1' title='image "/cluster/home/n/w/nwhite01/storage/ocr_20150623/130/hvd.32044073502387/435.png"; bbox 0 0 4030 6222; ppageno 0'>
   <div class='ocr_carea' id='block_1_1' title="bbox 537 247 644 308">
    <p class='ocr_par' dir='ltr' id='par_1_1' title="bbox 537 247 644 308">
     <span class='ocr_line' id='line_1_1' title="bbox 537 247 644 308; baseline 0.009 -1"><span class='ocrx_word' id='word_1_1' title='bbox 537 247 644 308; x_wconf 73' lang='grc'><strong>859</strong></span> 
     </span>
    </p>
   </div>
   <div class='ocr_carea' id='block_1_2' title="bbox 1777 253 2562 314">
    <p class='ocr_par' dir='ltr' id='par_1_2' title="bbox 1777 253 2562 314">
     <span class='ocr_line' id='line_1_2' title="bbox 1777 253 2562 314; baseline 0.003 -3"><span class='ocrx_word' id='word_1_2' title='bbox 1777 253 2158 314; x_wconf 80' lang='lat' dir='ltr'><strong>EUTIIYMH</strong></span> <span class='ocrx_word' id='word_1_3' title='bbox 2204 256 2562 313; x_wconf 75' lang='lat' dir='ltr'><strong>ZIGABENI</strong></span> 
     </span>
    </p>
   </div>
   <div class='ocr_carea' id='block_1_3' title="bbox 3689 262 3817 323">
    <p class='ocr_par' dir='ltr' id='par_1_3' title="bbox 3689 262 3817 323">
     <span class='ocr_line' id='line_1_3' title="bbox 3689 262 3817 323; baseline -0.016 0"><span class='ocrx_word' id='word_1_4' title='bbox 3689 262 3817 323; x_wconf 60' lang='grc' dir='ltr'><em>εδο-</em></span> 
     </span>
    </p>
   </div>
   <div class='ocr_carea' id='block_1_4' title="bbox 535 357 2117 441">
    <p class='ocr_par' dir='ltr' id='par_1_4' title="bbox 535 357 2116 433">
     <span class='ocr_line' id='line_1_4' title="bbox 535 357 2116 433; baseline 0.002 -22"><span class='ocrx_word' id='word_1_5' title='bbox 535 357 635 426; x_wconf 83' lang='lat' dir='ltr'><strong>ipsi</strong></span> <span class='ocrx_word' id='word_1_6' title='bbox 664 358 882 427; x_wconf 80' lang='lat' dir='ltr'><strong>Spiritui</strong></span> <span class='ocrx_word' id='word_1_7' title='bbox 917 362 1128 427; x_wconf 87' lang='lat' dir='ltr'><strong>proprie</strong></span> <span class='ocrx_word' id='word_1_8' title='bbox 1155 372 1415 429; x_wconf 82' lang='lat' dir='ltr'><strong>congruat</strong></span> <span class='ocrx_word' id='word_1_9' title='bbox 1445 362 1580 415; x_wconf 92' lang='lat' dir='ltr'><strong>illud</strong></span> <span class='ocrx_word' id='word_1_10' title='bbox 1610 379 1674 416; x_wconf 75' lang='lat' dir='ltr'><strong>ex</strong></span> <span class='ocrx_word' id='word_1_11' title='bbox 1706 380 1831 433; x_wconf 87' lang='lat' dir='ltr'><strong>quo,</strong></span> <span class='ocrx_word' id='word_1_12' title='bbox 1860 364 2116 430; x_wconf 81' lang='lat' dir='ltr'><strong>quoniam</strong></span> 
     </span>
    </p>
   </div>
   <div class='ocr_carea' id='block_1_5' title="bbox 2223 357 3808 441">
    <p class='ocr_par' dir='ltr' id='par_1_5' title="bbox 2224 365 3808 441">
     <span class='ocr_line' id='line_1_5' title="bbox 2224 365 3808 441; baseline 0.003 -24"><span class='ocrx_word' id='word_1_13' title='bbox 2224 382 2312 429; x_wconf 86' lang='grc' dir='ltr'><em>ου,</em></span> <span class='ocrx_word' id='word_1_14' title='bbox 2354 366 2443 418; x_wconf 78' lang='grc' dir='ltr'><em>διὰ</em></span> <span class='ocrx_word' id='word_1_15' title='bbox 2478 367 2539 417; x_wconf 83' lang='grc' dir='ltr'><em>τὸ</em></span> <span class='ocrx_word' id='word_1_16' title='bbox 2571 368 2633 418; x_wconf 82' lang='grc' dir='ltr'><strong>ἐκ</strong></span> <span class='ocrx_word' id='word_1_17' title='bbox 2656 369 2755 437; x_wconf 84' lang='grc' dir='ltr'><em>τῆς</em></span> <span class='ocrx_word' id='word_1_18' title='bbox 2790 366 2979 431; x_wconf 69' lang='grc' dir='ltr'><em>οὐσίας</em></span> <span class='ocrx_word' id='word_1_19' title='bbox 3008 365 3152 422; x_wconf 80' lang='grc' dir='ltr'><em>εἶναι</em></span> <span class='ocrx_word' id='word_1_20' title='bbox 3184 367 3281 422; x_wconf 85' lang='grc' dir='ltr'><em>τοῦ</em></span> <span class='ocrx_word' id='word_1_21' title='bbox 3313 369 3549 439; x_wconf 77' lang='grc' dir='ltr'><em>Πατρός.</em></span> <span class='ocrx_word' id='word_1_22' title='bbox 3598 370 3808 441; x_wconf 80' lang='grc' dir='ltr'><em>Χωρή-</em></span> 
     </span>
    </p>
   </div>
   <div class='ocr_carea' id='block_1_6' title="bbox 533 448 2116 527">
    <p class='ocr_par' dir='ltr' id='par_1_6' title="bbox 533 448 2116 527">
     <span class='ocr_line' id='line_1_6' title="bbox 533 448 2116 527; baseline 0.005 -27"><span class='ocrx_word' id='word_1_23' title='bbox 533 458 619 501; x_wconf 89' lang='lat' dir='ltr'><strong>est</strong></span> <span class='ocrx_word' id='word_1_24' title='bbox 646 464 710 502; x_wconf 86' lang='lat' dir='ltr'><strong>ex</strong></span> <span class='ocrx_word' id='word_1_25' title='bbox 740 448 911 501; x_wconf 82' lang='lat' dir='ltr'><strong>Patris</strong></span> <span class='ocrx_word' id='word_1_26' title='bbox 932 451 1201 527; x_wconf 62' lang='lat' dir='ltr'><strong>essentia,</strong></span> <span class='ocrx_word' id='word_1_27' title='bbox 1220 451 1449 506; x_wconf 76' lang='lat' dir='ltr'><strong>refertur</strong></span> <span class='ocrx_word' id='word_1_28' title='bbox 1475 462 1649 507; x_wconf 83' lang='lat' dir='ltr'><strong>tamen</strong></span> <span class='ocrx_word' id='word_1_29' title='bbox 1677 456 1839 507; x_wconf 86' lang='lat' dir='ltr'><strong>etiam</strong></span> <span class='ocrx_word' id='word_1_30' title='bbox 1902 456 1966 507; x_wconf 82' lang='lat' dir='ltr'><strong>atl</strong></span> <span class='ocrx_word' id='word_1_31' title='bbox 2026 469 2116 508; x_wconf 88' lang='lat' dir='ltr'><strong>res</strong></span> 
     </span>
    </p>
   </div>
   <div class='ocr_carea' id='block_1_7' title="bbox 533 543 2117 611">
    <p class='ocr_par' dir='ltr' id='par_1_7' title="bbox 533 543 2117 611">
     <span class='ocr_line' id='line_1_7' title="bbox 533 543 2117 611; baseline 0.007 -21"><span class='ocrx_word' id='word_1_32' title='bbox 533 548 867 607; x_wconf 82' lang='lat' dir='ltr'><strong>procreatas,</strong></span> <span class='ocrx_word' id='word_1_33' title='bbox 900 543 1152 608; x_wconf 86' lang='lat' dir='ltr'><strong>quoniam</strong></span> <span class='ocrx_word' id='word_1_34' title='bbox 1184 558 1306 596; x_wconf 92' lang='lat' dir='ltr'><strong>cum</strong></span> <span class='ocrx_word' id='word_1_35' title='bbox 1339 558 1444 595; x_wconf 90' lang='lat' dir='ltr'><strong>non</strong></span> <span class='ocrx_word' id='word_1_36' title='bbox 1482 555 1684 611; x_wconf 87' lang='lat' dir='ltr'><strong>essent,</strong></span> <span class='ocrx_word' id='word_1_37' title='bbox 1748 560 1815 600; x_wconf 77' lang='lat' dir='ltr'><strong>ex</strong></span> <span class='ocrx_word' id='word_1_38' title='bbox 1869 546 1975 600; x_wconf 86' lang='lat' dir='ltr'><strong>Deo</strong></span> <span class='ocrx_word' id='word_1_39' title='bbox 2021 547 2117 600; x_wconf 85' lang='lat' dir='ltr'><strong>ha-</strong></span> 
     </span>
    </p>
   </div>
   <div class='ocr_carea' id='block_1_8' title="bbox 535 629 1610 705">
    <p class='ocr_par' dir='ltr' id='par_1_8' title="bbox 535 629 1610 705">
     <span class='ocr_line' id='line_1_8' title="bbox 535 629 1610 705; baseline 0.007 -22"><span class='ocrx_word' id='word_1_40' title='bbox 535 629 752 685; x_wconf 87' lang='lat' dir='ltr'><strong>buerint</strong></span> <span class='ocrx_word' id='word_1_41' title='bbox 780 641 835 685; x_wconf 88' lang='lat' dir='ltr'><strong>ut</strong></span> <span class='ocrx_word' id='word_1_42' title='bbox 864 632 990 698; x_wconf 90' lang='lat' dir='ltr'><strong>sint,</strong></span> <span class='ocrx_word' id='word_1_43' title='bbox 1035 648 1130 700; x_wconf 87' lang='lat' dir='ltr'><strong>per</strong></span> <span class='ocrx_word' id='word_1_44' title='bbox 1168 632 1363 687; x_wconf 91' lang='lat' dir='ltr'><strong>Filiutn</strong></span> <span class='ocrx_word' id='word_1_45' title='bbox 1401 635 1610 705; x_wconf 91' lang='lat' dir='ltr'><strong>utique.</strong></span> 
     </span>
    </p>
   </div>
   <div class='ocr_carea' id='block_1_9' title="bbox 1155 723 2041 785">
    <p class='ocr_par' dir='ltr' id='par_1_9' title="bbox 1155 723 2041 785">
     <span class='ocr_line' id='line_1_9' title="bbox 1155 723 2041 785; baseline 0.01 -9"><span class='ocrx_word' id='word_1_46' title='bbox 1155 723 1240 778; x_wconf 72' lang='lat' dir='ltr'><strong>Ex</strong></span> <span class='ocrx_word' id='word_1_47' title='bbox 1276 726 1479 781; x_wconf 85' lang='lat' dir='ltr'><strong>eadem.</strong></span> <span class='ocrx_word' id='word_1_48' title='bbox 1890 744 1891 747; x_wconf 81' lang='lat'>‘</span> <span class='ocrx_word' id='word_1_49' title='bbox 2035 781 2041 785; x_wconf 92' lang='lat'><strong>.</strong></span> 
     </span>
    </p>
   </div>
   <div class='ocr_carea' id='block_1_10' title="bbox 599 810 2111 891">
    <p class='ocr_par' dir='ltr' id='par_1_10' title="bbox 599 810 2111 891">
     <span class='ocr_line' id='line_1_10' title="bbox 599 810 2111 891; baseline 0.013 -30"><span class='ocrx_word' id='word_1_50' title='bbox 599 810 825 863; x_wconf 76' lang='lat' dir='ltr'><strong>Rursum</strong></span> <span class='ocrx_word' id='word_1_51' title='bbox 843 812 1028 867; x_wconf 75' lang='lat' dir='ltr'><strong>scribit</strong></span> <span class='ocrx_word' id='word_1_52' title='bbox 1044 817 1108 867; x_wconf 87' lang='lat' dir='ltr'><strong>ad</strong></span> <span class='ocrx_word' id='word_1_53' title='bbox 1124 814 1431 874; x_wconf 82' lang='lat' dir='ltr'><strong>Corinthios</strong></span> <span class='ocrx_word' id='word_1_54' title='bbox 1449 820 1674 876; x_wconf 79' lang='lat' dir='ltr'><strong>Paulus:</strong></span> <span class='ocrx_word' id='word_1_55' title='bbox 1702 820 2111 891; x_wconf 74' lang='lat' dir='ltr'><strong>Nos,inquiens,</strong></span> 
     </span>
    </p>
   </div>
   <div class='ocr_carea' id='block_1_11' title="bbox 536 904 2114 980">
    <p class='ocr_par' dir='ltr' id='par_1_11' title="bbox 536 904 2114 980">
     <span class='ocr_line' id='line_1_11' title="bbox 536 904 2114 980; baseline 0.01 -29"><span class='ocrx_word' id='word_1_56' title='bbox 536 918 716 953; x_wconf 88' lang='lat' dir='ltr'><strong>sumus</strong></span> <span class='ocrx_word' id='word_1_57' title='bbox 749 906 997 969; x_wconf 79' lang='lat' dir='ltr'><strong>templum</strong></span> <span class='ocrx_word' id='word_1_58' title='bbox 1047 904 1145 957; x_wconf 88' lang='lat' dir='ltr'><strong>Dei</strong></span> <span class='ocrx_word' id='word_1_59' title='bbox 1181 910 1419 970; x_wconf 82' lang='lat' dir='ltr'><strong>viventis,</strong></span> <span class='ocrx_word' id='word_1_60' title='bbox 1482 912 1921 980; x_wconf 83' lang='lat' dir='ltr'><strong>quemadmodum</strong></span> <span class='ocrx_word' id='word_1_61' title='bbox 1972 916 2114 966; x_wconf 72' lang='lat' dir='ltr'><strong>dixit</strong></span> 
     </span>
    </p>
   </div>
   <div class='ocr_carea' id='block_1_12' title="bbox 536 992 2111 1071">
    <p class='ocr_par' dir='ltr' id='par_1_12' title="bbox 536 992 2111 1071">
     <span class='ocr_line' id='line_1_12' title="bbox 536 992 2111 1071; baseline 0.011 -29"><span class='ocrx_word' id='word_1_62' title='bbox 536 992 675 1045; x_wconf 83' lang='lat' dir='ltr'><strong>Deus</strong></span> <span class='ocrx_word' id='word_1_63' title='bbox 714 1010 732 1045; x_wconf 85' lang='lat'><strong>.&#39;</strong></span> <span class='ocrx_word' id='word_1_64' title='bbox 768 994 1033 1057; x_wconf 85' lang='lat' dir='ltr'><strong>Quoniam</strong></span> <span class='ocrx_word' id='word_1_65' title='bbox 1053 1000 1353 1055; x_wconf 80' lang='lat' dir='ltr'><strong>inhabitabo</strong></span> <span class='ocrx_word' id='word_1_66' title='bbox 1377 1004 1428 1054; x_wconf 89' lang='lat' dir='ltr'><strong>in</strong></span> <span class='ocrx_word' id='word_1_67' title='bbox 1455 1002 1601 1070; x_wconf 85' lang='lat' dir='ltr'><strong>ipsis,</strong></span> <span class='ocrx_word' id='word_1_68' title='bbox 1652 1015 1699 1057; x_wconf 88' lang='lat' dir='ltr'><strong>et</strong></span> <span class='ocrx_word' id='word_1_69' title='bbox 1750 1008 2111 1071; x_wconf 80' lang='lat' dir='ltr'><strong>iuambulabo,</strong></span> 
     </span>
    </p>
   </div>
   <div class='ocr_carea' id='block_1_13' title="bbox 535 1088 2112 1162">
    <p class='ocr_par' dir='ltr' id='par_1_13' title="bbox 535 1088 2112 1162">
     <span class='ocr_line' id='line_1_13' title="bbox 535 1088 2112 1162; baseline 0.013 -29"><span class='ocrx_word' id='word_1_70' title='bbox 535 1092 580 1134; x_wconf 75' lang='lat' dir='ltr'><strong>tt</strong></span> <span class='ocrx_word' id='word_1_71' title='bbox 611 1097 759 1137; x_wconf 87' lang='lat' dir='ltr'><strong>erunt</strong></span> <span class='ocrx_word' id='word_1_72' title='bbox 792 1088 989 1141; x_wconf 82' lang='lat' dir='ltr'><strong>mihiin</strong></span> <span class='ocrx_word' id='word_1_73' title='bbox 1012 1091 1284 1158; x_wconf 80' lang='lat' dir='ltr'><strong>populant,</strong></span> <span class='ocrx_word' id='word_1_74' title='bbox 1312 1103 1360 1145; x_wconf 85' lang='lat' dir='ltr'><strong>et</strong></span> <span class='ocrx_word' id='word_1_75' title='bbox 1386 1111 1477 1161; x_wconf 80' lang='lat' dir='ltr'><strong>ego</strong></span> <span class='ocrx_word' id='word_1_76' title='bbox 1506 1112 1593 1148; x_wconf 89' lang='lat' dir='ltr'><strong>ero</strong></span> <span class='ocrx_word' id='word_1_77' title='bbox 1638 1098 1764 1162; x_wconf 87' lang='lat' dir='ltr'><strong>ipsis</strong></span> <span class='ocrx_word' id='word_1_78' title='bbox 1792 1100 1844 1151; x_wconf 86' lang='lat' dir='ltr'><strong>in</strong></span> <span class='ocrx_word' id='word_1_79' title='bbox 1871 1101 2033 1151; x_wconf 87' lang='lat' dir='ltr'><strong>Deum</strong></span> <span class='ocrx_word' id='word_1_80' title='bbox 2073 1100 2112 1154; x_wconf 88' lang='grc'><em>¹.</em></span> 
     </span>
    </p>
   </div>
   <div class='ocr_carea' id='block_1_14' title="bbox 535 1175 1220 1248">
    <p class='ocr_par' dir='ltr' id='par_1_14' title="bbox 535 1175 1220 1248">
     <span class='ocr_line' id='line_1_14' title="bbox 535 1175 1220 1248; baseline 0.019 -24"><span class='ocrx_word' id='word_1_81' title='bbox 535 1175 836 1231; x_wconf 76' lang='lat' dir='ltr'><strong>ltt&#39;ursum</strong></span> <span class='ocrx_word' id='word_1_82' title='bbox 891 1192 1009 1248; x_wconf 84' lang='lat' dir='ltr'><strong>post</strong></span> <span class='ocrx_word' id='word_1_83' title='bbox 1056 1183 1166 1236; x_wconf 69' lang='lat' dir='ltr'><strong>hzrc</strong></span> <span class='ocrx_word' id='word_1_84' title='bbox 1208 1202 1220 1236; x_wconf 92' lang='lat'><strong>:</strong></span> 
     </span>
    </p>
   </div>
   <div class='ocr_carea' id='block_1_15' title="bbox 534 1270 2112 1334">
    <p class='ocr_par' dir='ltr' id='par_1_15' title="bbox 534 1270 2112 1334">
     <span class='ocr_line' id='line_1_15' title="bbox 534 1270 2112 1334; baseline 0.011 -18"><span class='ocrx_word' id='word_1_85' title='bbox 534 1279 773 1319; x_wconf 86' lang='lat' dir='ltr'><strong>sanctum</strong></span> <span class='ocrx_word' id='word_1_86' title='bbox 801 1270 892 1322; x_wconf 89' lang='lat' dir='ltr'><strong>Dei</strong></span> <span class='ocrx_word' id='word_1_87' title='bbox 924 1273 1299 1327; x_wconf 83' lang='lat' dir='ltr'><strong>inhabitantem</strong></span> <span class='ocrx_word' id='word_1_88' title='bbox 1346 1280 1398 1330; x_wconf 74' lang='lat' dir='ltr'><strong>in</strong></span> <span class='ocrx_word' id='word_1_89' title='bbox 1436 1278 1577 1331; x_wconf 86' lang='lat' dir='ltr'><strong>vobis</strong></span> <span class='ocrx_word' id='word_1_90' title='bbox 1608 1282 1648 1333; x_wconf 79' lang='lat'><strong>&#39;.</strong></span> <span class='ocrx_word' id='word_1_91' title='bbox 1710 1281 1775 1333; x_wconf 87' lang='lat' dir='ltr'><strong>Et</strong></span> <span class='ocrx_word' id='word_1_92' title='bbox 1843 1297 2058 1334; x_wconf 85' lang='lat' dir='ltr'><strong>rursum</strong></span> <span class='ocrx_word' id='word_1_93' title='bbox 2098 1297 2112 1333; x_wconf 92' lang='lat'><strong>:</strong></span> 
     </span>
    </p>
   </div>
   <div class='ocr_carea' id='block_1_16' title="bbox 536 1357 2112 1438">
    <p class='ocr_par' dir='ltr' id='par_1_16' title="bbox 536 1357 2112 1438">
     <span class='ocr_line' id='line_1_16' title="bbox 536 1357 2112 1438; baseline 0.012 -31"><span class='ocrx_word' id='word_1_94' title='bbox 536 1357 594 1408; x_wconf 89' lang='lat' dir='ltr'><strong>Si</strong></span> <span class='ocrx_word' id='word_1_95' title='bbox 623 1361 739 1422; x_wconf 81' lang='lat' dir='ltr'><strong>quis</strong></span> <span class='ocrx_word' id='word_1_96' title='bbox 770 1363 1013 1425; x_wconf 71' lang='lat' dir='ltr'><strong>templum</strong></span> <span class='ocrx_word' id='word_1_97' title='bbox 1044 1365 1133 1418; x_wconf 90' lang='lat' dir='ltr'><strong>Dei</strong></span> <span class='ocrx_word' id='word_1_98' title='bbox 1151 1371 1458 1435; x_wconf 80' lang='lat' dir='ltr'><strong>corrumpit,</strong></span> <span class='ocrx_word' id='word_1_99' title='bbox 1477 1382 1770 1438; x_wconf 81' lang='lat' dir='ltr'><strong>corrumpet</strong></span> <span class='ocrx_word' id='word_1_100' title='bbox 1796 1372 1932 1425; x_wconf 80' lang='lat' dir='ltr'><strong>[tunc</strong></span> <span class='ocrx_word' id='word_1_101' title='bbox 1956 1373 2112 1427; x_wconf 87' lang='lat' dir='ltr'><strong>Dens.</strong></span> 
     </span>
    </p>
   </div>
   <div class='ocr_carea' id='block_1_17' title="bbox 537 1445 2115 1525">
    <p class='ocr_par' dir='ltr' id='par_1_17' title="bbox 537 1445 2115 1525">
     <span class='ocr_line' id='line_1_17' title="bbox 537 1445 2115 1525; baseline 0.013 -31"><span class='ocrx_word' id='word_1_102' title='bbox 537 1445 802 1510; x_wconf 75' lang='lat' dir='ltr'><strong>Templum</strong></span> <span class='ocrx_word' id='word_1_103' title='bbox 830 1451 964 1501; x_wconf 87' lang='lat' dir='ltr'><strong>enim</strong></span> <span class='ocrx_word' id='word_1_104' title='bbox 995 1450 1090 1503; x_wconf 86' lang='lat' dir='ltr'><strong>Dei</strong></span> <span class='ocrx_word' id='word_1_105' title='bbox 1116 1467 1355 1507; x_wconf 85' lang='lat' dir='ltr'><strong>sanetum</strong></span> <span class='ocrx_word' id='word_1_106' title='bbox 1395 1467 1490 1519; x_wconf 86' lang='lat' dir='ltr'><strong>est,</strong></span> <span class='ocrx_word' id='word_1_107' title='bbox 1522 1458 1659 1525; x_wconf 87' lang='lat' dir='ltr'><strong>quod</strong></span> <span class='ocrx_word' id='word_1_108' title='bbox 1683 1460 1809 1511; x_wconf 83' lang='lat' dir='ltr'><strong>estis</strong></span> <span class='ocrx_word' id='word_1_109' title='bbox 1858 1476 1945 1513; x_wconf 89' lang='lat' dir='ltr'><strong>vos</strong></span> <span class='ocrx_word' id='word_1_110' title='bbox 1977 1460 2018 1514; x_wconf 85' lang='grc'><em>³.</em></span> <span class='ocrx_word' id='word_1_111' title='bbox 2057 1461 2115 1515; x_wconf 89' lang='lat' dir='ltr'><strong>Si</strong></span> 
     </span>
    </p>
   </div>
   <div class='ocr_carea' id='block_1_18' title="bbox 534 1535 2118 1616">
    <p class='ocr_par' dir='ltr' id='par_1_18' title="bbox 534 1535 2118 1616">
     <span class='ocr_line' id='line_1_18' title="bbox 534 1535 2118 1616; baseline 0.014 -32"><span class='ocrx_word' id='word_1_112' title='bbox 534 1535 698 1601; x_wconf 67' lang='lat' dir='ltr'><strong>igitur</strong></span> <span class='ocrx_word' id='word_1_113' title='bbox 722 1537 1427 1610; x_wconf 74' lang='lat' dir='ltr'><strong>Spiriutm&#39;accipieutes,et</strong></span> <span class='ocrx_word' id='word_1_114' title='bbox 1478 1549 1734 1616; x_wconf 86' lang='lat' dir='ltr'><strong>templum</strong></span> <span class='ocrx_word' id='word_1_115' title='bbox 1776 1559 1829 1604; x_wconf 88' lang='lat' dir='ltr'><strong>et</strong></span> <span class='ocrx_word' id='word_1_116' title='bbox 1880 1551 2118 1606; x_wconf 84' lang='lat' dir='ltr'><strong>domici-</strong></span> 
     </span>
    </p>
   </div>
   <div class='ocr_carea' id='block_1_19' title="bbox 533 1626 2112 1706">
    <p class='ocr_par' dir='ltr' id='par_1_19' title="bbox 533 1626 2112 1706">
     <span class='ocr_line' id='line_1_19' title="bbox 533 1626 2112 1706; baseline 0.013 -29"><span class='ocrx_word' id='word_1_117' title='bbox 533 1626 547 1677; x_wconf 95' lang='lat' dir='ltr'><strong>l</strong></span> <span class='ocrx_word' id='word_1_118' title='bbox 580 1643 667 1679; x_wconf 90' lang='lat' dir='ltr'><strong>um</strong></span> <span class='ocrx_word' id='word_1_119' title='bbox 700 1627 789 1682; x_wconf 83' lang='lat' dir='ltr'><strong>Dei</strong></span> <span class='ocrx_word' id='word_1_120' title='bbox 828 1631 1187 1697; x_wconf 83' lang='lat' dir='ltr'><strong>declarantur,</strong></span> <span class='ocrx_word' id='word_1_121' title='bbox 1213 1637 1408 1705; x_wconf 86' lang='lat' dir='ltr'><strong>quippe</strong></span> <span class='ocrx_word' id='word_1_122' title='bbox 1436 1640 1527 1706; x_wconf 91' lang='lat' dir='ltr'><strong>qui</strong></span> <span class='ocrx_word' id='word_1_123' title='bbox 1558 1639 1726 1694; x_wconf 89' lang='lat' dir='ltr'><strong>Deum</strong></span> <span class='ocrx_word' id='word_1_124' title='bbox 1758 1642 2020 1697; x_wconf 79' lang='lat' dir='ltr'><strong>habemus</strong></span> <span class='ocrx_word' id='word_1_125' title='bbox 2061 1646 2112 1698; x_wconf 91' lang='lat' dir='ltr'><strong>in</strong></span> 
     </span>
    </p>
   </div>
   <div class='ocr_carea' id='block_1_20' title="bbox 1273 1186 2145 1258">
    <p class='ocr_par' dir='ltr' id='par_1_20' title="bbox 1273 1186 2145 1258">
     <span class='ocr_line' id='line_1_20' title="bbox 1273 1186 2145 1258; baseline 0.002 -20"><span class='ocrx_word' id='word_1_126' title='bbox 1273 1186 1450 1239; x_wconf 79' lang='lat' dir='ltr'><strong>Nolite</strong></span> <span class='ocrx_word' id='word_1_127' title='bbox 1493 1190 1806 1243; x_wconf 74' lang='lat' dir='ltr'><strong>contristare</strong></span> <span class='ocrx_word' id='word_1_128' title='bbox 1853 1189 2145 1258; x_wconf 38' lang='lat' dir='ltr'><strong>Spiritum.</strong></span> 
     </span>
    </p>
   </div>
   <div class='ocr_carea' id='block_1_21' title="bbox 2227 455 3807 531">
    <p class='ocr_par' dir='ltr' id='par_1_21' title="bbox 2227 455 3807 531">
     <span class='ocr_line' id='line_1_21' title="bbox 2227 455 3807 531; baseline 0.007 -26"><span class='ocrx_word' id='word_1_129' title='bbox 2227 471 2311 506; x_wconf 90' lang='grc' dir='ltr'>σει</span> <span class='ocrx_word' id='word_1_130' title='bbox 2338 455 2391 506; x_wconf 84' lang='grc' dir='ltr'><em>δὲ</em></span> <span class='ocrx_word' id='word_1_131' title='bbox 2426 456 2519 509; x_wconf 73' lang='grc' dir='ltr'><strong>καὶ</strong></span> <span class='ocrx_word' id='word_1_132' title='bbox 2544 456 2629 508; x_wconf 77' lang='grc' dir='ltr'><strong>ἐπ’</strong></span> <span class='ocrx_word' id='word_1_133' title='bbox 2655 458 2857 521; x_wconf 76' lang='grc' dir='ltr'><em>ἐκεῖνα,</em></span> <span class='ocrx_word' id='word_1_134' title='bbox 2889 459 2977 513; x_wconf 76' lang='grc' dir='ltr'><em>διὰ</em></span> <span class='ocrx_word' id='word_1_135' title='bbox 3012 461 3074 524; x_wconf 82' lang='grc' dir='ltr'><em>τὸ</em></span> <span class='ocrx_word' id='word_1_136' title='bbox 3124 464 3189 515; x_wconf 84' lang='grc' dir='ltr'><strong>ὲκ</strong></span> <span class='ocrx_word' id='word_1_137' title='bbox 3222 460 3357 514; x_wconf 87' lang='grc' dir='ltr'><em>Θεοῦ</em></span> <span class='ocrx_word' id='word_1_138' title='bbox 3398 461 3535 531; x_wconf 81' lang='grc' dir='ltr'><em>πρὸς</em></span> <span class='ocrx_word' id='word_1_139' title='bbox 3566 462 3629 514; x_wconf 81' lang='grc' dir='ltr'><em>τὸ</em></span> <span class='ocrx_word' id='word_1_140' title='bbox 3655 456 3807 516; x_wconf 82' lang='grc' dir='ltr'><em>εἶναι</em></span> 
     </span>
    </p>
   </div>
   <div class='ocr_carea' id='block_1_22' title="bbox 2226 546 3366 623">
    <p class='ocr_par' dir='ltr' id='par_1_22' title="bbox 2226 546 3366 623">
     <span class='ocr_line' id='line_1_22' title="bbox 2226 546 3366 623; baseline 0.008 -24"><span class='ocrx_word' id='word_1_141' title='bbox 2226 546 2295 599; x_wconf 83' lang='grc' dir='ltr'><em>τὰ</em></span> <span class='ocrx_word' id='word_1_142' title='bbox 2319 548 2419 600; x_wconf 80' lang='grc' dir='ltr'><strong>οὐκ</strong></span> <span class='ocrx_word' id='word_1_143' title='bbox 2446 548 2574 601; x_wconf 76' lang='grc' dir='ltr'><em>ὄντα</em></span> <span class='ocrx_word' id='word_1_144' title='bbox 2601 548 2827 618; x_wconf 78' lang='grc' dir='ltr'><strong>δραμεῖν</strong></span> <span class='ocrx_word' id='word_1_145' title='bbox 2855 553 2923 603; x_wconf 86' lang='grc' dir='ltr'><em>δι’</em></span> <span class='ocrx_word' id='word_1_146' title='bbox 2939 552 3068 606; x_wconf 87' lang='grc' dir='ltr'>Υίοῦ</span> <span class='ocrx_word' id='word_1_147' title='bbox 3095 552 3366 623; x_wconf 81' lang='grc' dir='ltr'><em>δηλονότι.</em></span> 
     </span>
    </p>
   </div>
   <div class='ocr_carea' id='block_1_23' title="bbox 2768 729 3266 799">
    <p class='ocr_par' dir='ltr' id='par_1_23' title="bbox 2768 729 3266 799">
     <span class='ocr_line' id='line_1_23' title="bbox 2768 729 3266 799; baseline 0.01 -19"><span class='ocrx_word' id='word_1_148' title='bbox 2768 730 2862 781; x_wconf 82' lang='grc' dir='ltr'><em>Ἐκ</em></span> <span class='ocrx_word' id='word_1_149' title='bbox 2903 729 3014 797; x_wconf 83' lang='grc' dir='ltr'><em>τῆς</em></span> <span class='ocrx_word' id='word_1_150' title='bbox 3058 730 3266 799; x_wconf 82' lang='grc' dir='ltr'><em>αὐτῆς.</em></span> 
     </span>
    </p>
   </div>
   <div class='ocr_carea' id='block_1_24' title="bbox 2305 816 3805 895">
    <p class='ocr_par' dir='ltr' id='par_1_24' title="bbox 2305 816 3805 895">
     <span class='ocr_line' id='line_1_24' title="bbox 2305 816 3805 895; baseline 0.008 -28"><span class='ocrx_word' id='word_1_151' title='bbox 2305 816 2640 873; x_wconf 77' lang='grc' dir='ltr'><em>Ἑπιστέλλει</em></span> <span class='ocrx_word' id='word_1_152' title='bbox 2689 823 2849 874; x_wconf 74' lang='grc' dir='ltr'><em>πάλιν</em></span> <span class='ocrx_word' id='word_1_153' title='bbox 2891 823 3199 892; x_wconf 78' lang='grc' dir='ltr'><em>Κορινθίοις</em></span> <span class='ocrx_word' id='word_1_154' title='bbox 3244 828 3269 877; x_wconf 81' lang='lat'><strong>6</strong></span> <span class='ocrx_word' id='word_1_155' title='bbox 3310 824 3521 887; x_wconf 79' lang='grc' dir='ltr'><strong>Παῦλος</strong></span> <span class='ocrx_word' id='word_1_156' title='bbox 3550 841 3565 857; x_wconf 81' lang='grc'><strong><em>⁸</em></strong></span> <span class='ocrx_word' id='word_1_157' title='bbox 3599 827 3805 895; x_wconf 78' lang='grc' dir='ltr'><em>Ἡμεῖς</em></span> 
     </span>
    </p>
   </div>
   <div class='ocr_carea' id='block_1_25' title="bbox 2224 905 3805 983">
    <p class='ocr_par' dir='ltr' id='par_1_25' title="bbox 2224 905 3805 983">
     <span class='ocr_line' id='line_1_25' title="bbox 2224 905 3805 983; baseline 0.009 -26"><span class='ocrx_word' id='word_1_158' title='bbox 2224 905 2333 973; x_wconf 73' lang='grc' dir='ltr'><strong>γὰρ</strong></span> <span class='ocrx_word' id='word_1_159' title='bbox 2361 909 2507 973; x_wconf 69' lang='grc' dir='ltr'><em>ναὸς</em></span> <span class='ocrx_word' id='word_1_160' title='bbox 2530 911 2677 965; x_wconf 86' lang='grc' dir='ltr'><strong>Θεοῦ</strong></span> <span class='ocrx_word' id='word_1_161' title='bbox 2704 912 2892 980; x_wconf 82' lang='grc' dir='ltr'><em>ἐσμεν</em></span> <span class='ocrx_word' id='word_1_162' title='bbox 2914 912 3150 979; x_wconf 69' lang='grc' dir='ltr'><em>ζῶντος,</em></span> <span class='ocrx_word' id='word_1_163' title='bbox 3181 914 3375 980; x_wconf 84' lang='grc' dir='ltr'><em>καθὼς</em></span> <span class='ocrx_word' id='word_1_164' title='bbox 3397 912 3569 969; x_wconf 76' lang='grc' dir='ltr'><em>εἶπεν</em></span> <span class='ocrx_word' id='word_1_165' title='bbox 3594 922 3626 971; x_wconf 81' lang='grc' dir='ltr'><em>ό</em></span> <span class='ocrx_word' id='word_1_166' title='bbox 3656 920 3805 983; x_wconf 86' lang='grc' dir='ltr'><em>Θεὸς</em></span> 
     </span>
    </p>
   </div>
   <div class='ocr_carea' id='block_1_26' title="bbox 2224 997 3802 1075">
    <p class='ocr_par' dir='ltr' id='par_1_26' title="bbox 2224 997 3802 1075">
     <span class='ocr_line' id='line_1_26' title="bbox 2224 997 3802 1075; baseline 0.01 -27"><span class='ocrx_word' id='word_1_167' title='bbox 2224 997 2313 1050; x_wconf 84' lang='grc' dir='ltr'><em>ὅτι</em></span> <span class='ocrx_word' id='word_1_168' title='bbox 2352 1000 2678 1065; x_wconf 77' lang='grc' dir='ltr'><strong>Ἐνοικήσω</strong></span> <span class='ocrx_word' id='word_1_169' title='bbox 2704 1004 2772 1055; x_wconf 82' lang='grc' dir='ltr'><strong>ἐν</strong></span> <span class='ocrx_word' id='word_1_170' title='bbox 2799 1004 3023 1070; x_wconf 82' lang='grc' dir='ltr'><em>αὐτοῖς,</em></span> <span class='ocrx_word' id='word_1_171' title='bbox 3055 1007 3154 1060; x_wconf 79' lang='grc' dir='ltr'><strong>καὶ</strong></span> <span class='ocrx_word' id='word_1_172' title='bbox 3180 1007 3673 1075; x_wconf 76' lang='grc' dir='ltr'><em>ἐμπεριπατήσω,</em></span> <span class='ocrx_word' id='word_1_173' title='bbox 3695 1012 3802 1064; x_wconf 75' lang='grc' dir='ltr'><em>καὶ</em></span> 
     </span>
    </p>
   </div>
   <div class='ocr_carea' id='block_1_27' title="bbox 2222 1090 3805 1172">
    <p class='ocr_par' dir='ltr' id='par_1_27' title="bbox 2222 1090 3805 1172">
     <span class='ocr_line' id='line_1_27' title="bbox 2222 1090 3805 1172; baseline 0.009 -30"><span class='ocrx_word' id='word_1_174' title='bbox 2222 1090 2468 1143; x_wconf 85' lang='grc' dir='ltr'><em>ἔσονταί</em></span> <span class='ocrx_word' id='word_1_175' title='bbox 2525 1111 2629 1160; x_wconf 81' lang='grc' dir='ltr'><em>μοι</em></span> <span class='ocrx_word' id='word_1_176' title='bbox 2689 1097 2775 1159; x_wconf 82' lang='grc' dir='ltr'><em>εἷς</em></span> <span class='ocrx_word' id='word_1_177' title='bbox 2805 1097 2976 1158; x_wconf 71' lang='grc' dir='ltr'><em>ναὸν,</em></span> <span class='ocrx_word' id='word_1_178' title='bbox 3008 1097 3170 1166; x_wconf 75' lang='grc' dir='ltr'><strong>κάγὼ</strong></span> <span class='ocrx_word' id='word_1_179' title='bbox 3232 1100 3440 1166; x_wconf 82' lang='grc' dir='ltr'><em>αὐτοῖς</em></span> <span class='ocrx_word' id='word_1_180' title='bbox 3464 1103 3677 1171; x_wconf 80' lang='grc' dir='ltr'><em>ἔσομαι</em></span> <span class='ocrx_word' id='word_1_181' title='bbox 3711 1107 3805 1172; x_wconf 83' lang='grc' dir='ltr'><em>εις</em></span> 
     </span>
    </p>
   </div>
   <div class='ocr_carea' id='block_1_28' title="bbox 2226 1182 3807 1257">
    <p class='ocr_par' dir='ltr' id='par_1_28' title="bbox 2226 1182 3807 1257">
     <span class='ocr_line' id='line_1_28' title="bbox 2226 1182 3807 1257; baseline 0.011 -24"><span class='ocrx_word' id='word_1_182' title='bbox 2226 1182 2393 1234; x_wconf 80' lang='grc' dir='ltr'><em>Θεόν.</em></span> <span class='ocrx_word' id='word_1_183' title='bbox 2415 1184 2523 1235; x_wconf 71' lang='grc' dir='ltr'><strong>Καὶ</strong></span> <span class='ocrx_word' id='word_1_184' title='bbox 2543 1184 2725 1238; x_wconf 73' lang='grc' dir='ltr'><em>πάλινο</em></span> <span class='ocrx_word' id='word_1_185' title='bbox 2745 1185 2877 1239; x_wconf 75' lang='grc' dir='ltr'><strong>Ἐπί</strong></span> <span class='ocrx_word' id='word_1_186' title='bbox 2906 1190 3139 1254; x_wconf 83' lang='grc' dir='ltr'><em>τούτοις</em></span> <span class='ocrx_word' id='word_1_187' title='bbox 3152 1189 3237 1257; x_wconf 81' lang='grc' dir='ltr'>μὴ</span> <span class='ocrx_word' id='word_1_188' title='bbox 3256 1192 3507 1246; x_wconf 72' lang='grc' dir='ltr'><em>λυπεῖτε</em></span> <span class='ocrx_word' id='word_1_189' title='bbox 3522 1194 3587 1247; x_wconf 84' lang='grc' dir='ltr'><em>τὸ</em></span> <span class='ocrx_word' id='word_1_190' title='bbox 3616 1196 3807 1250; x_wconf 69' lang='grc' dir='ltr'>Πνεῦν</span> 
     </span>
    </p>
   </div>
   <div class='ocr_carea' id='block_1_29' title="bbox 2218 1273 3799 1351">
    <p class='ocr_par' dir='ltr' id='par_1_29' title="bbox 2218 1273 3799 1351">
     <span class='ocr_line' id='line_1_29' title="bbox 2218 1273 3799 1351; baseline 0.007 -25"><span class='ocrx_word' id='word_1_191' title='bbox 2218 1290 2301 1341; x_wconf 79' lang='grc' dir='ltr'><em>μα</em></span> <span class='ocrx_word' id='word_1_192' title='bbox 2324 1273 2389 1326; x_wconf 89' lang='grc' dir='ltr'><em>τὸ</em></span> <span class='ocrx_word' id='word_1_193' title='bbox 2410 1274 2579 1343; x_wconf 77' lang='grc' dir='ltr'><em>ἅγιοι·</em></span> <span class='ocrx_word' id='word_1_194' title='bbox 2594 1276 2695 1330; x_wconf 84' lang='grc' dir='ltr'><em>τοῦ</em></span> <span class='ocrx_word' id='word_1_195' title='bbox 2725 1277 2874 1331; x_wconf 84' lang='grc' dir='ltr'><strong>Θεοῦ</strong></span> <span class='ocrx_word' id='word_1_196' title='bbox 2897 1279 2962 1331; x_wconf 87' lang='grc' dir='ltr'><em>τὸ</em></span> <span class='ocrx_word' id='word_1_197' title='bbox 2981 1280 3261 1334; x_wconf 81' lang='grc' dir='ltr'><strong>ἐνοικοῦν</strong></span> <span class='ocrx_word' id='word_1_198' title='bbox 3282 1282 3447 1351; x_wconf 78' lang='grc' dir='ltr'><em>ὑμῖν.</em></span> <span class='ocrx_word' id='word_1_199' title='bbox 3479 1286 3587 1339; x_wconf 74' lang='grc' dir='ltr'><strong>Καὶ</strong></span> <span class='ocrx_word' id='word_1_200' title='bbox 3609 1287 3799 1339; x_wconf 64' lang='grc' dir='ltr'><em>πάλιν</em></span> 
     </span>
    </p>
   </div>
   <div class='ocr_carea' id='block_1_30' title="bbox 2224 1367 3806 1443">
    <p class='ocr_par' dir='ltr' id='par_1_30' title="bbox 2224 1367 3806 1443">
     <span class='ocr_line' id='line_1_30' title="bbox 2224 1367 3806 1443; baseline 0.009 -27"><span class='ocrx_word' id='word_1_201' title='bbox 2224 1367 2297 1417; x_wconf 85' lang='lat' dir='ltr'><strong>El</strong></span> <span class='ocrx_word' id='word_1_202' title='bbox 2324 1383 2411 1431; x_wconf 82' lang='grc' dir='ltr'><strong>τις</strong></span> <span class='ocrx_word' id='word_1_203' title='bbox 2442 1367 2548 1420; x_wconf 80' lang='grc' dir='ltr'><em>τὸν</em></span> <span class='ocrx_word' id='word_1_204' title='bbox 2585 1369 2737 1421; x_wconf 79' lang='grc' dir='ltr'><em>ναὸν</em></span> <span class='ocrx_word' id='word_1_205' title='bbox 2767 1369 2874 1423; x_wconf 81' lang='grc' dir='ltr'><em>τοῦ</em></span> <span class='ocrx_word' id='word_1_206' title='bbox 2889 1371 3035 1423; x_wconf 80' lang='grc' dir='ltr'><em>Θεοῦ</em></span> <span class='ocrx_word' id='word_1_207' title='bbox 3064 1371 3311 1442; x_wconf 67' lang='grc' dir='ltr'><em>φθείρει,</em></span> <span class='ocrx_word' id='word_1_208' title='bbox 3346 1376 3560 1443; x_wconf 72' lang='grc' dir='ltr'><em>φθερεῖ</em></span> <span class='ocrx_word' id='word_1_209' title='bbox 3584 1378 3806 1433; x_wconf 80' lang='grc' dir='ltr'><em>τοῦτον</em></span> 
     </span>
    </p>
   </div>
   <div class='ocr_carea' id='block_1_31' title="bbox 2224 1458 3807 1536">
    <p class='ocr_par' dir='ltr' id='par_1_31' title="bbox 2224 1458 3807 1536">
     <span class='ocr_line' id='line_1_31' title="bbox 2224 1458 3807 1536; baseline 0.011 -28"><span class='ocrx_word' id='word_1_210' title='bbox 2224 1458 2257 1508; x_wconf 85' lang='grc' dir='ltr'><em>ὁ</em></span> <span class='ocrx_word' id='word_1_211' title='bbox 2285 1458 2452 1522; x_wconf 86' lang='grc' dir='ltr'><em>Θεός.</em></span> <span class='ocrx_word' id='word_1_212' title='bbox 2487 1458 2554 1511; x_wconf 85' lang='lat'><strong>&#39;0</strong></span> <span class='ocrx_word' id='word_1_213' title='bbox 2582 1460 2691 1528; x_wconf 79' lang='grc' dir='ltr'><strong>γὰρ</strong></span> <span class='ocrx_word' id='word_1_214' title='bbox 2720 1462 2866 1528; x_wconf 85' lang='grc' dir='ltr'><em>ναὸς</em></span> <span class='ocrx_word' id='word_1_215' title='bbox 2893 1464 3000 1517; x_wconf 88' lang='grc' dir='ltr'><em>τοῦ</em></span> <span class='ocrx_word' id='word_1_216' title='bbox 3029 1466 3179 1520; x_wconf 85' lang='grc' dir='ltr'><strong>Θεοῦ</strong></span> <span class='ocrx_word' id='word_1_217' title='bbox 3226 1468 3395 1535; x_wconf 81' lang='grc' dir='ltr'><em>ἅγιός</em></span> <span class='ocrx_word' id='word_1_218' title='bbox 3422 1470 3615 1536; x_wconf 81' lang='grc' dir='ltr'><em>ἐστιν,</em></span> <span class='ocrx_word' id='word_1_219' title='bbox 3664 1473 3807 1524; x_wconf 75' lang='lat' dir='ltr'><strong>oin-</strong></span> 
     </span>
    </p>
   </div>
   <div class='ocr_carea' id='block_1_32' title="bbox 2222 1546 3802 1629">
    <p class='ocr_par' dir='ltr' id='par_1_32' title="bbox 2222 1546 3802 1629">
     <span class='ocr_line' id='line_1_32' title="bbox 2222 1546 3802 1629; baseline 0.011 -30"><span class='ocrx_word' id='word_1_220' title='bbox 2222 1546 2327 1612; x_wconf 85' lang='grc' dir='ltr'><em>νές</em></span> <span class='ocrx_word' id='word_1_221' title='bbox 2360 1548 2503 1602; x_wconf 79' lang='grc' dir='ltr'><em>ἐστε</em></span> <span class='ocrx_word' id='word_1_222' title='bbox 2528 1551 2721 1618; x_wconf 76' lang='grc' dir='ltr'><em>ὑμεῖς.</em></span> <span class='ocrx_word' id='word_1_223' title='bbox 2761 1554 2977 1607; x_wconf 84' lang='grc' dir='ltr'><strong>Οὐκοῦν</strong></span> <span class='ocrx_word' id='word_1_224' title='bbox 3046 1558 3094 1610; x_wconf 91' lang='grc' dir='ltr'><strong>εί</strong></span> <span class='ocrx_word' id='word_1_225' title='bbox 3134 1558 3195 1610; x_wconf 84' lang='grc' dir='ltr'><em>τὸ</em></span> <span class='ocrx_word' id='word_1_226' title='bbox 3258 1559 3486 1629; x_wconf 80' lang='grc' dir='ltr'>Πνεῦμα</span> <span class='ocrx_word' id='word_1_227' title='bbox 3520 1561 3802 1626; x_wconf 82' lang='grc' dir='ltr'><em>λαὸόντες,</em></span> 
     </span>
    </p>
   </div>
   <div class='ocr_carea' id='block_1_33' title="bbox 2224 1642 3804 1726">
    <p class='ocr_par' dir='ltr' id='par_1_33' title="bbox 2224 1642 3804 1726">
     <span class='ocr_line' id='line_1_33' title="bbox 2224 1642 3804 1726; baseline 0.011 -33"><span class='ocrx_word' id='word_1_228' title='bbox 2224 1642 2319 1694; x_wconf 73' lang='grc' dir='ltr'><strong>καὶ</strong></span> <span class='ocrx_word' id='word_1_229' title='bbox 2349 1644 2476 1707; x_wconf 86' lang='grc' dir='ltr'><em>ναὸς</em></span> <span class='ocrx_word' id='word_1_230' title='bbox 2508 1645 2606 1697; x_wconf 78' lang='grc' dir='ltr'><strong>καὶ</strong></span> <span class='ocrx_word' id='word_1_231' title='bbox 2662 1644 2815 1711; x_wconf 83' lang='grc' dir='ltr'><em>οἶκος</em></span> <span class='ocrx_word' id='word_1_232' title='bbox 2873 1649 2968 1702; x_wconf 89' lang='grc' dir='ltr'>τοῦ</span> <span class='ocrx_word' id='word_1_233' title='bbox 3032 1651 3171 1705; x_wconf 85' lang='grc' dir='ltr'><em>Θεοῦ</em></span> <span class='ocrx_word' id='word_1_234' title='bbox 3232 1655 3676 1726; x_wconf 78' lang='grc' dir='ltr'><em>χρηματίζομεν,</em></span> <span class='ocrx_word' id='word_1_235' title='bbox 3725 1657 3804 1720; x_wconf 82' lang='grc' dir='ltr'><em>ὡς</em></span> 
     </span>
    </p>
   </div>
   <div class='ocr_carea' id='block_1_34' title="bbox 543 1717 2117 1819">
    <p class='ocr_par' dir='ltr' id='par_1_34' title="bbox 543 1717 2117 1798">
     <span class='ocr_line' id='line_1_34' title="bbox 543 1717 2117 1798; baseline 0.015 -31"><span class='ocrx_word' id='word_1_236' title='bbox 543 1717 699 1769; x_wconf 79' lang='lat' dir='ltr'><strong>nobis</strong></span> <span class='ocrx_word' id='word_1_237' title='bbox 730 1719 858 1785; x_wconf 73' lang='lat' dir='ltr'><strong>ip~is</strong></span> <span class='ocrx_word' id='word_1_238' title='bbox 897 1723 1287 1778; x_wconf 78' lang='lat' dir='ltr'><strong>inhabitantem</strong></span> <span class='ocrx_word' id='word_1_239' title='bbox 1325 1738 1378 1780; x_wconf 90' lang='lat' dir='ltr'><strong>et</strong></span> <span class='ocrx_word' id='word_1_240' title='bbox 1404 1728 1848 1798; x_wconf 84' lang='lat' dir='ltr'><strong>inambulantem,</strong></span> <span class='ocrx_word' id='word_1_241' title='bbox 1878 1744 1934 1785; x_wconf 85' lang='lat' dir='ltr'><strong>ut</strong></span> <span class='ocrx_word' id='word_1_242' title='bbox 1982 1736 2117 1791; x_wconf 74' lang='lat' dir='ltr'><strong>scri-</strong></span> 
     </span>
    </p>
   </div>
   <div class='ocr_carea' id='block_1_35' title="bbox 2223 1717 3806 1819">
    <p class='ocr_par' dir='ltr' id='par_1_35' title="bbox 2223 1717 3806 1819">
     <span class='ocr_line' id='line_1_35' title="bbox 2223 1717 3806 1819; baseline 0.01 -35"><span class='ocrx_word' id='word_1_243' title='bbox 2223 1732 2352 1786; x_wconf 71' lang='grc' dir='ltr'><em>Θεὸν</em></span> <span class='ocrx_word' id='word_1_244' title='bbox 2384 1735 2599 1805; x_wconf 77' lang='grc' dir='ltr'><em>ἔχοντες</em></span> <span class='ocrx_word' id='word_1_245' title='bbox 2662 1740 2720 1790; x_wconf 81' lang='grc' dir='ltr'><strong>ὲν</strong></span> <span class='ocrx_word' id='word_1_246' title='bbox 2773 1742 2961 1805; x_wconf 83' lang='grc' dir='ltr'><em>αὐτοῖς</em></span> <span class='ocrx_word' id='word_1_247' title='bbox 3021 1717 3283 1798; x_wconf 63' lang='grc' dir='ltr'><em>οίκοῦντα</em></span> <span class='ocrx_word' id='word_1_248' title='bbox 3327 1717 3430 1800; x_wconf 52' lang='grc' dir='ltr'><strong>ἆξαι</strong></span> <span class='ocrx_word' id='word_1_249' title='bbox 3483 1717 3806 1819; x_wconf 54' lang='grc' dir='ltr'><em>ἐμπεριπᾷ</em></span> 
     </span>
    </p>
   </div>
   <div class='ocr_carea' id='block_1_36' title="bbox 534 1815 2109 1894">
    <p class='ocr_par' dir='ltr' id='par_1_36' title="bbox 534 1815 2109 1894">
     <span class='ocr_line' id='line_1_36' title="bbox 534 1815 2109 1894; baseline 0.015 -41"><span class='ocrx_word' id='word_1_250' title='bbox 534 1820 682 1871; x_wconf 87' lang='lat' dir='ltr'><strong>ptum</strong></span> <span class='ocrx_word' id='word_1_251' title='bbox 709 1819 810 1873; x_wconf 73' lang='lat' dir='ltr'><strong>est,</strong></span> <span class='ocrx_word' id='word_1_252' title='bbox 848 1815 1119 1880; x_wconf 83' lang='lat' dir='ltr'><strong>quomodo</strong></span> <span class='ocrx_word' id='word_1_253' title='bbox 1156 1832 1259 1868; x_wconf 87' lang='lat' dir='ltr'><strong>non</strong></span> <span class='ocrx_word' id='word_1_254' title='bbox 1294 1828 1376 1870; x_wconf 89' lang='lat' dir='ltr'><strong>est</strong></span> <span class='ocrx_word' id='word_1_255' title='bbox 1407 1819 1547 1873; x_wconf 89' lang='lat' dir='ltr'><strong>Deus</strong></span> <span class='ocrx_word' id='word_1_256' title='bbox 1593 1821 1829 1889; x_wconf 83' lang='lat' dir='ltr'><strong>Spiritus</strong></span> <span class='ocrx_word' id='word_1_257' title='bbox 1861 1838 2109 1894; x_wconf 81' lang='lat' dir='ltr'><strong>sanctus,</strong></span> 
     </span>
    </p>
   </div>
   <div class='ocr_carea' id='block_1_37' title="bbox 533 1899 1629 1971">
    <p class='ocr_par' dir='ltr' id='par_1_37' title="bbox 533 1899 1629 1971">
     <span class='ocr_line' id='line_1_37' title="bbox 533 1899 1629 1971; baseline 0.013 -24"><span class='ocrx_word' id='word_1_258' title='bbox 533 1899 694 1951; x_wconf 68' lang='lat' dir='ltr'><strong>ttitsttl</strong></span> <span class='ocrx_word' id='word_1_259' title='bbox 726 1900 768 1953; x_wconf 90' lang='lat' dir='ltr'><strong>si</strong></span> <span class='ocrx_word' id='word_1_260' title='bbox 793 1902 981 1963; x_wconf 85' lang='lat' dir='ltr'><strong>nolint,</strong></span> <span class='ocrx_word' id='word_1_261' title='bbox 1004 1903 1092 1971; x_wconf 85' lang='lat' dir='ltr'><strong>qui</strong></span> <span class='ocrx_word' id='word_1_262' title='bbox 1123 1917 1307 1957; x_wconf 86' lang='lat' dir='ltr'><strong>contra</strong></span> <span class='ocrx_word' id='word_1_263' title='bbox 1341 1909 1629 1961; x_wconf 87' lang='lat' dir='ltr'><strong>sentiunt?</strong></span> 
     </span>
    </p>
   </div>
   <div class='ocr_carea' id='block_1_38' title="bbox 925 1993 1721 2059">
    <p class='ocr_par' dir='ltr' id='par_1_38' title="bbox 925 1993 1721 2059">
     <span class='ocr_line' id='line_1_38' title="bbox 925 1993 1721 2059; baseline 0.011 -14"><span class='ocrx_word' id='word_1_264' title='bbox 925 1994 1008 2047; x_wconf 67' lang='lat' dir='ltr'><strong>Ex</strong></span> <span class='ocrx_word' id='word_1_265' title='bbox 1039 1993 1280 2059; x_wconf 84' lang='lat' dir='ltr'><strong>Epistola</strong></span> <span class='ocrx_word' id='word_1_266' title='bbox 1331 1998 1399 2049; x_wconf 79' lang='lat' dir='ltr'><strong>ad</strong></span> <span class='ocrx_word' id='word_1_267' title='bbox 1436 1998 1721 2054; x_wconf 83' lang='lat' dir='ltr'><strong>Romanos.</strong></span> 
     </span>
    </p>
   </div>
   <div class='ocr_carea' id='block_1_39' title="bbox 610 2078 2112 2149">
    <p class='ocr_par' dir='ltr' id='par_1_39' title="bbox 610 2078 2112 2149">
     <span class='ocr_line' id='line_1_39' title="bbox 610 2078 2112 2149; baseline 0.008 -16"><span class='ocrx_word' id='word_1_268' title='bbox 610 2078 809 2134; x_wconf 79' lang='lat' dir='ltr'><strong>Scribit</strong></span> <span class='ocrx_word' id='word_1_269' title='bbox 843 2084 1159 2149; x_wconf 85' lang='lat' dir='ltr'><strong>quihusdam</strong></span> <span class='ocrx_word' id='word_1_270' title='bbox 1185 2084 1385 2142; x_wconf 82' lang='lat' dir='ltr'><strong>Paulus</strong></span> <span class='ocrx_word' id='word_1_271' title='bbox 1431 2101 1577 2144; x_wconf 88' lang='lat' dir='ltr'><strong>recte</strong></span> <span class='ocrx_word' id='word_1_272' title='bbox 1643 2093 1931 2146; x_wconf 82' lang='lat' dir='ltr'><strong>admodum</strong></span> <span class='ocrx_word' id='word_1_273' title='bbox 1982 2108 2112 2148; x_wconf 84' lang='lat' dir='ltr'><strong>scn-</strong></span> 
     </span>
    </p>
   </div>
   <div class='ocr_carea' id='block_1_40' title="bbox 534 2170 2120 2253">
    <p class='ocr_par' dir='ltr' id='par_1_40' title="bbox 534 2170 2120 2253">
     <span class='ocr_line' id='line_1_40' title="bbox 534 2170 2120 2253; baseline 0.011 -32"><span class='ocrx_word' id='word_1_274' title='bbox 534 2170 671 2223; x_wconf 87' lang='lat' dir='ltr'><strong>tiens</strong></span> <span class='ocrx_word' id='word_1_275' title='bbox 698 2180 751 2224; x_wconf 90' lang='lat' dir='ltr'><strong>et</strong></span> <span class='ocrx_word' id='word_1_276' title='bbox 780 2172 1004 2240; x_wconf 85' lang='lat' dir='ltr'><strong>loquens</strong></span> <span class='ocrx_word' id='word_1_277' title='bbox 1037 2192 1050 2228; x_wconf 90' lang='lat'><strong>:</strong></span> <span class='ocrx_word' id='word_1_278' title='bbox 1091 2175 1395 2246; x_wconf 80' lang='lat' dir='ltr'><strong>Quicunque</strong></span> <span class='ocrx_word' id='word_1_279' title='bbox 1425 2178 1628 2244; x_wconf 85' lang='lat' dir='ltr'><strong>Spiritu</strong></span> <span class='ocrx_word' id='word_1_280' title='bbox 1661 2182 1752 2236; x_wconf 86' lang='lat' dir='ltr'><strong>Dei</strong></span> <span class='ocrx_word' id='word_1_281' title='bbox 1784 2194 2033 2253; x_wconf 85' lang='lat' dir='ltr'><strong>aguntur,</strong></span> <span class='ocrx_word' id='word_1_282' title='bbox 2067 2181 2120 2238; x_wconf 83' lang='lat' dir='ltr'><strong>hi</strong></span> 
     </span>
    </p>
   </div>
   <div class='ocr_carea' id='block_1_41' title="bbox 533 2263 2121 2342">
    <p class='ocr_par' dir='ltr' id='par_1_41' title="bbox 533 2263 2121 2342">
     <span class='ocr_line' id='line_1_41' title="bbox 533 2263 2121 2342; baseline 0.016 -30"><span class='ocrx_word' id='word_1_283' title='bbox 533 2272 653 2313; x_wconf 75' lang='lat' dir='ltr'><strong>sunt</strong></span> <span class='ocrx_word' id='word_1_284' title='bbox 684 2263 786 2330; x_wconf 81' lang='lat' dir='ltr'><strong>ﬁlii</strong></span> <span class='ocrx_word' id='word_1_285' title='bbox 802 2263 921 2318; x_wconf 87' lang='lat' dir='ltr'><strong>Dei.</strong></span> <span class='ocrx_word' id='word_1_286' title='bbox 960 2265 1084 2319; x_wconf 86' lang='lat' dir='ltr'><strong>Non</strong></span> <span class='ocrx_word' id='word_1_287' title='bbox 1126 2269 1262 2321; x_wconf 89' lang='lat' dir='ltr'><strong>enim</strong></span> <span class='ocrx_word' id='word_1_288' title='bbox 1295 2274 1568 2340; x_wconf 85' lang='lat' dir='ltr'><strong>accepistis</strong></span> <span class='ocrx_word' id='word_1_289' title='bbox 1612 2277 1855 2342; x_wconf 74' lang='lat' dir='ltr'><strong>spiritum</strong></span> <span class='ocrx_word' id='word_1_290' title='bbox 1895 2283 2121 2336; x_wconf 66' lang='lat' dir='ltr'><strong>servitu-</strong></span> 
     </span>
    </p>
   </div>
   <div class='ocr_carea' id='block_1_42' title="bbox 532 2356 2121 2442">
    <p class='ocr_par' dir='ltr' id='par_1_42' title="bbox 532 2356 2121 2442">
     <span class='ocr_line' id='line_1_42' title="bbox 532 2356 2121 2442; baseline 0.013 -36"><span class='ocrx_word' id='word_1_291' title='bbox 532 2356 599 2407; x_wconf 81' lang='lat' dir='ltr'><strong>tis</strong></span> <span class='ocrx_word' id='word_1_292' title='bbox 633 2358 821 2409; x_wconf 82' lang='lat' dir='ltr'><strong>iterum</strong></span> <span class='ocrx_word' id='word_1_293' title='bbox 851 2360 903 2411; x_wconf 88' lang='lat' dir='ltr'><strong>in</strong></span> <span class='ocrx_word' id='word_1_294' title='bbox 932 2360 1193 2425; x_wconf 86' lang='lat' dir='ltr'><strong>timorem,</strong></span> <span class='ocrx_word' id='word_1_295' title='bbox 1228 2364 1319 2415; x_wconf 83' lang='lat' dir='ltr'><strong>sed</strong></span> <span class='ocrx_word' id='word_1_296' title='bbox 1356 2366 1626 2432; x_wconf 85' lang='lat' dir='ltr'><strong>accepistis</strong></span> <span class='ocrx_word' id='word_1_297' title='bbox 1651 2368 1911 2434; x_wconf 82' lang='lat' dir='ltr'><strong>Spiritum</strong></span> <span class='ocrx_word' id='word_1_298' title='bbox 1956 2375 2121 2442; x_wconf 81' lang='lat' dir='ltr'><strong>adop-</strong></span> 
     </span>
    </p>
   </div>
   <div class='ocr_carea' id='block_1_43' title="bbox 534 2446 2121 2532">
    <p class='ocr_par' dir='ltr' id='par_1_43' title="bbox 534 2446 2121 2532">
     <span class='ocr_line' id='line_1_43' title="bbox 534 2446 2121 2532; baseline 0.015 -36"><span class='ocrx_word' id='word_1_299' title='bbox 534 2446 713 2507; x_wconf 86' lang='lat' dir='ltr'><strong>tionis,</strong></span> <span class='ocrx_word' id='word_1_300' title='bbox 751 2449 805 2500; x_wconf 90' lang='lat' dir='ltr'><strong>in</strong></span> <span class='ocrx_word' id='word_1_301' title='bbox 829 2466 930 2517; x_wconf 86' lang='lat' dir='ltr'><strong>quo</strong></span> <span class='ocrx_word' id='word_1_302' title='bbox 963 2452 1257 2506; x_wconf 88' lang='lat' dir='ltr'><strong>clamamus</strong></span> <span class='ocrx_word' id='word_1_303' title='bbox 1289 2469 1307 2506; x_wconf 91' lang='lat'><em>:</em></span> <span class='ocrx_word' id='word_1_304' title='bbox 1365 2455 1512 2510; x_wconf 82' lang='lat' dir='ltr'><strong>Abba</strong></span> <span class='ocrx_word' id='word_1_305' title='bbox 1546 2458 1710 2513; x_wconf 87' lang='lat' dir='ltr'><strong>Pater</strong></span> <span class='ocrx_word' id='word_1_306' title='bbox 1738 2460 1782 2516; x_wconf 71' lang='lat'><strong>‘.</strong></span> <span class='ocrx_word' id='word_1_307' title='bbox 1841 2464 1900 2516; x_wconf 89' lang='lat' dir='ltr'><strong>Si</strong></span> <span class='ocrx_word' id='word_1_308' title='bbox 1955 2464 2121 2532; x_wconf 79' lang='lat' dir='ltr'><strong>igitur</strong></span> 
     </span>
    </p>
   </div>
   <div class='ocr_carea' id='block_1_44' title="bbox 537 2535 2119 2620">
    <p class='ocr_par' dir='ltr' id='par_1_44' title="bbox 537 2535 2119 2620">
     <span class='ocr_line' id='line_1_44' title="bbox 537 2535 2119 2620; baseline 0.013 -30"><span class='ocrx_word' id='word_1_309' title='bbox 537 2535 773 2605; x_wconf 87' lang='lat' dir='ltr'><strong>Spiritus</strong></span> <span class='ocrx_word' id='word_1_310' title='bbox 808 2554 1139 2598; x_wconf 85' lang='lat' dir='ltr'><strong>sanctuseos</strong></span> <span class='ocrx_word' id='word_1_311' title='bbox 1173 2546 1263 2599; x_wconf 74' lang='lat' dir='ltr'><strong>Dei</strong></span> <span class='ocrx_word' id='word_1_312' title='bbox 1301 2548 1438 2602; x_wconf 80' lang='lat' dir='ltr'><strong>ﬁlios</strong></span> <span class='ocrx_word' id='word_1_313' title='bbox 1478 2564 1599 2603; x_wconf 86' lang='lat' dir='ltr'><strong>esse</strong></span> <span class='ocrx_word' id='word_1_314' title='bbox 1647 2553 2006 2620; x_wconf 85' lang='lat' dir='ltr'><strong>demonstrat,</strong></span> <span class='ocrx_word' id='word_1_315' title='bbox 2068 2560 2119 2612; x_wconf 85' lang='lat' dir='ltr'><strong>in</strong></span> 
     </span>
    </p>
   </div>
   <div class='ocr_carea' id='block_1_45' title="bbox 543 2628 2117 2712">
    <p class='ocr_par' dir='ltr' id='par_1_45' title="bbox 543 2628 2117 2712">
     <span class='ocr_line' id='line_1_45' title="bbox 543 2628 2117 2712; baseline 0.014 -35"><span class='ocrx_word' id='word_1_316' title='bbox 543 2628 740 2697; x_wconf 85' lang='lat' dir='ltr'><strong>quibus</strong></span> <span class='ocrx_word' id='word_1_317' title='bbox 776 2631 1069 2695; x_wconf 87' lang='lat' dir='ltr'><strong>inhabitat.</strong></span> <span class='ocrx_word' id='word_1_318' title='bbox 1105 2645 1158 2689; x_wconf 89' lang='lat' dir='ltr'><strong>et</strong></span> <span class='ocrx_word' id='word_1_319' title='bbox 1189 2636 1387 2692; x_wconf 72' lang='lat' dir='ltr'><strong>divina:</strong></span> <span class='ocrx_word' id='word_1_320' title='bbox 1410 2648 1613 2692; x_wconf 85' lang='lat' dir='ltr'><strong>naturae</strong></span> <span class='ocrx_word' id='word_1_321' title='bbox 1641 2645 1934 2712; x_wconf 77' lang='lat' dir='ltr'><strong>participes</strong></span> <span class='ocrx_word' id='word_1_322' title='bbox 1966 2646 2117 2711; x_wconf 82' lang='lat' dir='ltr'><strong>facit,</strong></span> 
     </span>
    </p>
   </div>
   <div class='ocr_carea' id='block_1_46' title="bbox 534 2722 2122 2807">
    <p class='ocr_par' dir='ltr' id='par_1_46' title="bbox 534 2722 2122 2807">
     <span class='ocr_line' id='line_1_46' title="bbox 534 2722 2122 2807; baseline 0.013 -35"><span class='ocrx_word' id='word_1_323' title='bbox 534 2722 690 2786; x_wconf 80' lang='lat' dir='ltr'><strong>adeo,</strong></span> <span class='ocrx_word' id='word_1_324' title='bbox 723 2734 778 2775; x_wconf 88' lang='grc' dir='ltr'><strong>ιιι</strong></span> <span class='ocrx_word' id='word_1_325' title='bbox 807 2724 899 2792; x_wconf 88' lang='lat' dir='ltr'><strong>qui</strong></span> <span class='ocrx_word' id='word_1_326' title='bbox 946 2737 1230 2795; x_wconf 81' lang='lat' dir='ltr'><strong>propterea</strong></span> <span class='ocrx_word' id='word_1_327' title='bbox 1276 2730 1551 2799; x_wconf 86' lang='lat' dir='ltr'><strong>conjuncti</strong></span> <span class='ocrx_word' id='word_1_328' title='bbox 1612 2741 1736 2786; x_wconf 87' lang='lat' dir='ltr'><strong>sunt</strong></span> <span class='ocrx_word' id='word_1_329' title='bbox 1793 2734 1902 2788; x_wconf 86' lang='lat' dir='ltr'><strong>Deo</strong></span> <span class='ocrx_word' id='word_1_330' title='bbox 1956 2751 2122 2807; x_wconf 83' lang='lat' dir='ltr'><strong>super</strong></span> 
     </span>
    </p>
   </div>
   <div class='ocr_carea' id='block_1_47' title="bbox 534 2816 2121 2896">
    <p class='ocr_par' dir='ltr' id='par_1_47' title="bbox 534 2816 2121 2896">
     <span class='ocr_line' id='line_1_47' title="bbox 534 2816 2121 2896; baseline 0.011 -31"><span class='ocrx_word' id='word_1_331' title='bbox 534 2828 726 2868; x_wconf 78' lang='lat' dir='ltr'><strong>omnes</strong></span> <span class='ocrx_word' id='word_1_332' title='bbox 758 2816 1060 2883; x_wconf 83' lang='lat' dir='ltr'><strong>exsistenti,</strong></span> <span class='ocrx_word' id='word_1_333' title='bbox 1087 2834 1209 2874; x_wconf 90' lang='lat' dir='ltr'><strong>cum</strong></span> <span class='ocrx_word' id='word_1_334' title='bbox 1236 2820 1428 2875; x_wconf 82' lang='lat' dir='ltr'><strong>ﬁducia</strong></span> <span class='ocrx_word' id='word_1_335' title='bbox 1452 2824 1689 2878; x_wconf 85' lang='lat' dir='ltr'><strong>clament</strong></span> <span class='ocrx_word' id='word_1_336' title='bbox 1714 2841 1729 2877; x_wconf 89' lang='lat'><strong>:</strong></span> <span class='ocrx_word' id='word_1_337' title='bbox 1767 2825 1917 2880; x_wconf 80' lang='lat' dir='ltr'><strong>Abba</strong></span> <span class='ocrx_word' id='word_1_338' title='bbox 1941 2828 2121 2896; x_wconf 88' lang='lat' dir='ltr'><strong>Pater,</strong></span> 
     </span>
    </p>
   </div>
   <div class='ocr_carea' id='block_1_48' title="bbox 535 2908 2117 2984">
    <p class='ocr_par' dir='ltr' id='par_1_48' title="bbox 535 2908 2117 2984">
     <span class='ocr_line' id='line_1_48' title="bbox 535 2908 2117 2984; baseline 0.013 -27"><span class='ocrx_word' id='word_1_339' title='bbox 535 2922 640 2959; x_wconf 87' lang='lat' dir='ltr'><strong>non</strong></span> <span class='ocrx_word' id='word_1_340' title='bbox 672 2908 813 2961; x_wconf 89' lang='lat' dir='ltr'><strong>inter</strong></span> <span class='ocrx_word' id='word_1_341' title='bbox 833 2924 1044 2975; x_wconf 85' lang='lat' dir='ltr'><strong>servos,</strong></span> <span class='ocrx_word' id='word_1_342' title='bbox 1079 2928 1252 2981; x_wconf 89' lang='lat' dir='ltr'><strong>neque</strong></span> <span class='ocrx_word' id='word_1_343' title='bbox 1280 2916 1418 2968; x_wconf 89' lang='lat' dir='ltr'><strong>inter</strong></span> <span class='ocrx_word' id='word_1_344' title='bbox 1448 2932 1535 2972; x_wconf 88' lang='lat' dir='ltr'><strong>res</strong></span> <span class='ocrx_word' id='word_1_345' title='bbox 1582 2930 1895 2984; x_wconf 74' lang='lat' dir='ltr'><strong>procreatas</strong></span> <span class='ocrx_word' id='word_1_346' title='bbox 1944 2924 2117 2979; x_wconf 90' lang='lat' dir='ltr'><strong>collo-</strong></span> 
     </span>
    </p>
   </div>
   <div class='ocr_carea' id='block_1_49' title="bbox 2215 1825 3803 1911">
    <p class='ocr_par' dir='ltr' id='par_1_49' title="bbox 2215 1825 3803 1911">
     <span class='ocr_line' id='line_1_49' title="bbox 2215 1825 3803 1911; baseline 0.012 -35"><span class='ocrx_word' id='word_1_347' title='bbox 2215 1825 2432 1887; x_wconf 67' lang='grc' dir='ltr'><em>τοῦντι,</em></span> <span class='ocrx_word' id='word_1_348' title='bbox 2466 1830 2653 1892; x_wconf 71' lang='grc' dir='ltr'><em>καθὼς</em></span> <span class='ocrx_word' id='word_1_349' title='bbox 2681 1831 3022 1901; x_wconf 79' lang='grc' dir='ltr'><em>γέγραπται,</em></span> <span class='ocrx_word' id='word_1_350' title='bbox 3054 1836 3173 1898; x_wconf 82' lang='grc' dir='ltr'><em>πῶς</em></span> <span class='ocrx_word' id='word_1_351' title='bbox 3194 1838 3254 1889; x_wconf 81' lang='grc' dir='ltr'><strong>οὐ</strong></span> <span class='ocrx_word' id='word_1_352' title='bbox 3310 1838 3446 1901; x_wconf 74' lang='grc' dir='ltr'><em>Θεὸς</em></span> <span class='ocrx_word' id='word_1_353' title='bbox 3473 1840 3533 1891; x_wconf 83' lang='grc' dir='ltr'><em>τὸ</em></span> <span class='ocrx_word' id='word_1_354' title='bbox 3568 1839 3803 1911; x_wconf 79' lang='grc' dir='ltr'><strong>Πνεῦμα</strong></span> 
     </span>
    </p>
   </div>
   <div class='ocr_carea' id='block_1_50' title="bbox 2215 1916 3474 1996">
    <p class='ocr_par' dir='ltr' id='par_1_50' title="bbox 2215 1916 3474 1996">
     <span class='ocr_line' id='line_1_50' title="bbox 2215 1916 3474 1996; baseline 0.013 -29"><span class='ocrx_word' id='word_1_355' title='bbox 2215 1916 2279 1967; x_wconf 82' lang='grc' dir='ltr'><em>τὸ</em></span> <span class='ocrx_word' id='word_1_356' title='bbox 2307 1916 2484 1985; x_wconf 74' lang='grc' dir='ltr'><em>ἅγιον,</em></span> <span class='ocrx_word' id='word_1_357' title='bbox 2518 1919 2621 1973; x_wconf 73' lang='grc' dir='ltr'><strong>κᾶν</strong></span> <span class='ocrx_word' id='word_1_358' title='bbox 2650 1922 2722 1992; x_wconf 84' lang='grc' dir='ltr'>μὴ</span> <span class='ocrx_word' id='word_1_359' title='bbox 2746 1922 3003 1992; x_wconf 80' lang='grc' dir='ltr'><em>βούληται</em></span> <span class='ocrx_word' id='word_1_360' title='bbox 3036 1928 3062 1979; x_wconf 87' lang='grc' dir='ltr'>ὀ</span> <span class='ocrx_word' id='word_1_361' title='bbox 3091 1927 3159 1979; x_wconf 75' lang='grc' dir='ltr'><em>δι’</em></span> <span class='ocrx_word' id='word_1_362' title='bbox 3187 1929 3474 1996; x_wconf 78' lang='grc' dir='ltr'><em>ἑναντίας.;</em></span> 
     </span>
    </p>
   </div>
   <div class='ocr_carea' id='block_1_51' title="bbox 2246 2004 3621 2090">
    <p class='ocr_par' dir='ltr' id='par_1_51' title="bbox 2246 2004 3621 2090">
     <span class='ocr_line' id='line_1_51' title="bbox 2246 2004 3621 2090; baseline 0.014 -33"><span class='ocrx_word' id='word_1_363' title='bbox 2246 2070 2255 2081; x_wconf 38' lang='lat'><em>.</em></span> <span class='ocrx_word' id='word_1_364' title='bbox 2410 2010 2503 2060; x_wconf 87' lang='grc' dir='ltr'><em>Ἐκ</em></span> <span class='ocrx_word' id='word_1_365' title='bbox 2528 2008 2635 2076; x_wconf 87' lang='grc' dir='ltr'><em>τῆς</em></span> <span class='ocrx_word' id='word_1_366' title='bbox 2662 2013 2814 2079; x_wconf 80' lang='grc' dir='ltr'><em>πρὸς</em></span> <span class='ocrx_word' id='word_1_367' title='bbox 2854 2014 3183 2084; x_wconf 81' lang='grc' dir='ltr'><strong>Ῥωμαίους</strong></span> <span class='ocrx_word' id='word_1_368' title='bbox 3227 2004 3621 2090; x_wconf 75' lang='grc' dir='ltr'><em>Ἐπιστολῆς.</em></span> 
     </span>
    </p>
   </div>
   <div class='ocr_carea' id='block_1_52' title="bbox 2304 2098 3804 2181">
    <p class='ocr_par' dir='ltr' id='par_1_52' title="bbox 2304 2098 3804 2181">
     <span class='ocr_line' id='line_1_52' title="bbox 2304 2098 3804 2181; baseline 0.011 -32"><span class='ocrx_word' id='word_1_369' title='bbox 2304 2098 2644 2152; x_wconf 78' lang='grc' dir='ltr'><em>Ἐπιστὲλλει</em></span> <span class='ocrx_word' id='word_1_370' title='bbox 2671 2101 2815 2153; x_wconf 74' lang='grc' dir='ltr'><em>τισὶν</em></span> <span class='ocrx_word' id='word_1_371' title='bbox 2850 2106 2877 2155; x_wconf 98' lang='lat'><strong>6</strong></span> <span class='ocrx_word' id='word_1_372' title='bbox 2909 2103 3142 2167; x_wconf 85' lang='grc' dir='ltr'><strong>Παῦλος,</strong></span> <span class='ocrx_word' id='word_1_373' title='bbox 3175 2108 3269 2160; x_wconf 73' lang='grc' dir='ltr'><strong>καὶ</strong></span> <span class='ocrx_word' id='word_1_374' title='bbox 3305 2109 3454 2176; x_wconf 79' lang='grc' dir='ltr'>μάλα</span> <span class='ocrx_word' id='word_1_375' title='bbox 3481 2110 3550 2180; x_wconf 79' lang='grc' dir='ltr'><em>δὴ</em></span> <span class='ocrx_word' id='word_1_376' title='bbox 3586 2111 3804 2181; x_wconf 78' lang='grc' dir='ltr'>φρονῶν</span> 
     </span>
    </p>
   </div>
   <div class='ocr_carea' id='block_1_53' title="bbox 2219 2190 3804 2271">
    <p class='ocr_par' dir='ltr' id='par_1_53' title="bbox 2219 2190 3804 2271">
     <span class='ocr_line' id='line_1_53' title="bbox 2219 2190 3804 2271; baseline 0.011 -31"><span class='ocrx_word' id='word_1_377' title='bbox 2219 2204 2280 2240; x_wconf 87' lang='grc' dir='ltr'><strong>τε</strong></span> <span class='ocrx_word' id='word_1_378' title='bbox 2308 2190 2404 2243; x_wconf 74' lang='grc' dir='ltr'><strong>καὶ</strong></span> <span class='ocrx_word' id='word_1_379' title='bbox 2430 2191 2605 2257; x_wconf 82' lang='grc' dir='ltr'><em>λέγων</em></span> <span class='ocrx_word' id='word_1_380' title='bbox 2632 2192 2804 2261; x_wconf 78' lang='grc' dir='ltr'><em>ὀρθῶς</em></span> <span class='ocrx_word' id='word_1_381' title='bbox 2839 2208 2853 2222; x_wconf 74' lang='grc' dir='ltr'><strong>ο</strong></span> <span class='ocrx_word' id='word_1_382' title='bbox 2881 2194 3050 2249; x_wconf 88' lang='grc' dir='ltr'><em>Ὀσοι</em></span> <span class='ocrx_word' id='word_1_383' title='bbox 3081 2198 3190 2265; x_wconf 75' lang='grc' dir='ltr'><strong>γὰρ</strong></span> <span class='ocrx_word' id='word_1_384' title='bbox 3218 2198 3288 2251; x_wconf 83' lang='grc' dir='ltr'><strong>ἐν</strong></span> <span class='ocrx_word' id='word_1_385' title='bbox 3316 2202 3620 2271; x_wconf 81' lang='grc' dir='ltr'><em>Πνεύματι</em></span> <span class='ocrx_word' id='word_1_386' title='bbox 3654 2202 3804 2258; x_wconf 81' lang='grc' dir='ltr'><em>Θεοῦ</em></span> 
     </span>
    </p>
   </div>
   <div class='ocr_carea' id='block_1_54' title="bbox 2223 2279 3808 2361">
    <p class='ocr_par' dir='ltr' id='par_1_54' title="bbox 2223 2279 3808 2361">
     <span class='ocr_line' id='line_1_54' title="bbox 2223 2279 3808 2361; baseline 0.01 -27"><span class='ocrx_word' id='word_1_387' title='bbox 2223 2281 2492 2352; x_wconf 70' lang='grc' dir='ltr'><em>ἄγονται,</em></span> <span class='ocrx_word' id='word_1_388' title='bbox 2524 2279 2695 2337; x_wconf 82' lang='grc' dir='ltr'><em>οὗτοί</em></span> <span class='ocrx_word' id='word_1_389' title='bbox 2722 2287 2885 2337; x_wconf 80' lang='grc' dir='ltr'><em>εἰσιν</em></span> <span class='ocrx_word' id='word_1_390' title='bbox 2927 2289 3048 2341; x_wconf 81' lang='grc' dir='ltr'><em>υίοί</em></span> <span class='ocrx_word' id='word_1_391' title='bbox 3080 2290 3249 2343; x_wconf 85' lang='grc' dir='ltr'><strong>Θεοῦ.</strong></span> <span class='ocrx_word' id='word_1_392' title='bbox 3304 2293 3385 2345; x_wconf 89' lang='grc' dir='ltr'><strong>Οὐ</strong></span> <span class='ocrx_word' id='word_1_393' title='bbox 3415 2294 3524 2361; x_wconf 79' lang='grc' dir='ltr'><strong>γὰρ</strong></span> <span class='ocrx_word' id='word_1_394' title='bbox 3562 2294 3808 2350; x_wconf 69' lang='grc' dir='ltr'><em>ἐλάϐετε</em></span> 
     </span>
    </p>
   </div>
   <div class='ocr_carea' id='block_1_55' title="bbox 2224 2374 3809 2455">
    <p class='ocr_par' dir='ltr' id='par_1_55' title="bbox 2224 2374 3809 2455">
     <span class='ocr_line' id='line_1_55' title="bbox 2224 2374 3809 2455; baseline 0.008 -27"><span class='ocrx_word' id='word_1_395' title='bbox 2224 2374 2459 2443; x_wconf 80' lang='grc' dir='ltr'><em>πνεῦμα</em></span> <span class='ocrx_word' id='word_1_396' title='bbox 2484 2376 2766 2441; x_wconf 79' lang='grc' dir='ltr'><em>δουλείας</em></span> <span class='ocrx_word' id='word_1_397' title='bbox 2787 2380 2875 2442; x_wconf 83' lang='grc' dir='ltr'><strong>εἱς</strong></span> <span class='ocrx_word' id='word_1_398' title='bbox 2895 2379 3103 2446; x_wconf 72' lang='grc' dir='ltr'><em>φόϐον,</em></span> <span class='ocrx_word' id='word_1_399' title='bbox 3129 2381 3264 2434; x_wconf 74' lang='grc' dir='ltr'><strong>ἀλλ’</strong></span> <span class='ocrx_word' id='word_1_400' title='bbox 3288 2382 3532 2437; x_wconf 74' lang='grc' dir='ltr'><em>ἐλάϐετε</em></span> <span class='ocrx_word' id='word_1_401' title='bbox 3564 2385 3809 2455; x_wconf 81' lang='grc' dir='ltr'>Πνεῦμα</span> 
     </span>
    </p>
   </div>
   <div class='ocr_carea' id='block_1_56' title="bbox 2223 2465 3807 2543">
    <p class='ocr_par' dir='ltr' id='par_1_56' title="bbox 2223 2465 3807 2543">
     <span class='ocr_line' id='line_1_56' title="bbox 2223 2465 3807 2543; baseline 0.005 -20"><span class='ocrx_word' id='word_1_402' title='bbox 2223 2470 2556 2535; x_wconf 64' lang='grc' dir='ltr'><em>υἱοθεσίας,</em></span> <span class='ocrx_word' id='word_1_403' title='bbox 2585 2470 2653 2523; x_wconf 85' lang='grc' dir='ltr'><strong>ἐν</strong></span> <span class='ocrx_word' id='word_1_404' title='bbox 2674 2465 2722 2537; x_wconf 80' lang='grc' dir='ltr'>ᾧ</span> <span class='ocrx_word' id='word_1_405' title='bbox 2746 2466 3257 2540; x_wconf 46' lang='grc' dir='ltr'><strong>κράζομενβᾼϐὄᾶ</strong></span> <span class='ocrx_word' id='word_1_406' title='bbox 3276 2477 3307 2527; x_wconf 85' lang='grc' dir='ltr'><em>ὁ</em></span> <span class='ocrx_word' id='word_1_407' title='bbox 3337 2476 3561 2543; x_wconf 83' lang='grc' dir='ltr'><em>Πατήρ.</em></span> <span class='ocrx_word' id='word_1_408' title='bbox 3595 2478 3807 2532; x_wconf 76' lang='grc' dir='ltr'>Οὐκοῦν</span> 
     </span>
    </p>
   </div>
   <div class='ocr_carea' id='block_1_57' title="bbox 2225 2559 3807 2633">
    <p class='ocr_par' dir='ltr' id='par_1_57' title="bbox 2225 2559 3807 2633">
     <span class='ocr_line' id='line_1_57' title="bbox 2225 2559 3807 2633; baseline 0.007 -20"><span class='ocrx_word' id='word_1_409' title='bbox 2225 2562 2272 2613; x_wconf 82' lang='grc' dir='ltr'><strong>εί</strong></span> <span class='ocrx_word' id='word_1_410' title='bbox 2300 2559 2360 2612; x_wconf 81' lang='grc' dir='ltr'><em>τὸ</em></span> <span class='ocrx_word' id='word_1_411' title='bbox 2392 2561 2618 2629; x_wconf 80' lang='grc' dir='ltr'>Πνεῦμα</span> <span class='ocrx_word' id='word_1_412' title='bbox 2653 2562 2714 2615; x_wconf 84' lang='grc' dir='ltr'><em>τὸ</em></span> <span class='ocrx_word' id='word_1_413' title='bbox 2745 2564 2905 2628; x_wconf 79' lang='grc' dir='ltr'><em>ἅγιον</em></span> <span class='ocrx_word' id='word_1_414' title='bbox 2950 2565 3101 2627; x_wconf 78' lang='grc' dir='ltr'>υἱοὺς</span> <span class='ocrx_word' id='word_1_415' title='bbox 3131 2564 3480 2620; x_wconf 79' lang='grc' dir='ltr'><em>ἀποδεικνύει</em></span> <span class='ocrx_word' id='word_1_416' title='bbox 3510 2568 3650 2623; x_wconf 86' lang='grc' dir='ltr'><em>Θεοῦ</em></span> <span class='ocrx_word' id='word_1_417' title='bbox 3682 2572 3807 2633; x_wconf 76' lang='grc' dir='ltr'><em>τοὺς</em></span> 
     </span>
    </p>
   </div>
   <div class='ocr_carea' id='block_1_58' title="bbox 2225 2644 3811 2725">
    <p class='ocr_par' dir='ltr' id='par_1_58' title="bbox 2225 2644 3811 2725">
     <span class='ocr_line' id='line_1_58' title="bbox 2225 2644 3811 2725; baseline 0.009 -24"><span class='ocrx_word' id='word_1_418' title='bbox 2225 2651 2283 2702; x_wconf 82' lang='grc' dir='ltr'><strong>ὲν</strong></span> <span class='ocrx_word' id='word_1_419' title='bbox 2310 2644 2390 2712; x_wconf 69' lang='grc' dir='ltr'><em>οἷς</em></span> <span class='ocrx_word' id='word_1_420' title='bbox 2417 2652 2690 2715; x_wconf 80' lang='grc' dir='ltr'><strong>κατοικεῖ,</strong></span> <span class='ocrx_word' id='word_1_421' title='bbox 2730 2653 2823 2703; x_wconf 77' lang='grc' dir='ltr'><strong>καὶ</strong></span> <span class='ocrx_word' id='word_1_422' title='bbox 2873 2651 3023 2716; x_wconf 78' lang='grc' dir='ltr'><em>θείας</em></span> <span class='ocrx_word' id='word_1_423' title='bbox 3088 2655 3385 2723; x_wconf 72' lang='grc' dir='ltr'><strong>ἐργάζεται</strong></span> <span class='ocrx_word' id='word_1_424' title='bbox 3419 2658 3637 2725; x_wconf 75' lang='grc' dir='ltr'><em>φύσεως</em></span> <span class='ocrx_word' id='word_1_425' title='bbox 3696 2680 3811 2715; x_wconf 80' lang='grc' dir='ltr'><em>κοιο</em></span> 
     </span>
    </p>
   </div>
   <div class='ocr_carea' id='block_1_59' title="bbox 2225 2741 3807 2819">
    <p class='ocr_par' dir='ltr' id='par_1_59' title="bbox 2225 2741 3807 2819">
     <span class='ocr_line' id='line_1_59' title="bbox 2225 2741 3807 2819; baseline 0.006 -24"><span class='ocrx_word' id='word_1_426' title='bbox 2225 2743 2449 2807; x_wconf 68' lang='grc' dir='ltr'><em>νωνοῦς,</em></span> <span class='ocrx_word' id='word_1_427' title='bbox 2494 2741 2572 2804; x_wconf 84' lang='grc' dir='ltr'><em>ὡς</em></span> <span class='ocrx_word' id='word_1_428' title='bbox 2619 2741 2880 2795; x_wconf 77' lang='grc' dir='ltr'><em>ἐντεῦθεν</em></span> <span class='ocrx_word' id='word_1_429' title='bbox 2921 2744 3232 2814; x_wconf 77' lang='grc' dir='ltr'><strong>ἡνωμένους</strong></span> <span class='ocrx_word' id='word_1_430' title='bbox 3281 2750 3359 2815; x_wconf 76' lang='grc' dir='ltr'><em>τῷ</em></span> <span class='ocrx_word' id='word_1_431' title='bbox 3432 2749 3577 2819; x_wconf 69' lang='grc' dir='ltr'><em>ὑπὲρ</em></span> <span class='ocrx_word' id='word_1_432' title='bbox 3625 2753 3807 2805; x_wconf 82' lang='grc' dir='ltr'><em>πάντα</em></span> 
     </span>
    </p>
   </div>
   <div class='ocr_carea' id='block_1_60' title="bbox 2225 2834 3801 2914">
    <p class='ocr_par' dir='ltr' id='par_1_60' title="bbox 2225 2834 3801 2914">
     <span class='ocr_line' id='line_1_60' title="bbox 2225 2834 3801 2914; baseline 0.007 -27"><span class='ocrx_word' id='word_1_433' title='bbox 2225 2835 2338 2887; x_wconf 74' lang='grc' dir='ltr'><em>ὄντι</em></span> <span class='ocrx_word' id='word_1_434' title='bbox 2362 2834 2482 2903; x_wconf 87' lang='grc' dir='ltr'><em>Θεῷ</em></span> <span class='ocrx_word' id='word_1_435' title='bbox 2498 2834 2635 2905; x_wconf 79' lang='grc' dir='ltr'><em>μετὰ</em></span> <span class='ocrx_word' id='word_1_436' title='bbox 2654 2836 2967 2906; x_wconf 77' lang='grc' dir='ltr'><em>παρρησίας</em></span> <span class='ocrx_word' id='word_1_437' title='bbox 2982 2838 3240 2910; x_wconf 78' lang='grc' dir='ltr'><strong>ἀναὸοᾷν,</strong></span> <span class='ocrx_word' id='word_1_438' title='bbox 3268 2859 3286 2892; x_wconf 80' lang='grc' dir='ltr'><strong>ι</strong></span> <span class='ocrx_word' id='word_1_439' title='bbox 3310 2840 3486 2895; x_wconf 78' lang='grc' dir='ltr'><strong>Ἀὁὸἄ</strong></span> <span class='ocrx_word' id='word_1_440' title='bbox 3506 2844 3533 2894; x_wconf 88' lang='lat'><strong>6</strong></span> <span class='ocrx_word' id='word_1_441' title='bbox 3559 2843 3765 2914; x_wconf 81' lang='grc' dir='ltr'><em>Πατὴρ,</em></span> <span class='ocrx_word' id='word_1_442' title='bbox 3779 2863 3801 2898; x_wconf 80' lang='lat' dir='ltr'><strong>s</strong></span> 
     </span>
    </p>
   </div>
   <div class='ocr_carea' id='block_1_61' title="bbox 2228 2927 3806 3002">
    <p class='ocr_par' dir='ltr' id='par_1_61' title="bbox 2228 2927 3806 3002">
     <span class='ocr_line' id='line_1_61' title="bbox 2228 2927 3806 3002; baseline 0.008 -23"><span class='ocrx_word' id='word_1_443' title='bbox 2228 2929 2329 2979; x_wconf 79' lang='grc' dir='ltr'><strong>οὐκ</strong></span> <span class='ocrx_word' id='word_1_444' title='bbox 2364 2927 2421 2979; x_wconf 77' lang='grc' dir='ltr'><strong>ὲν</strong></span> <span class='ocrx_word' id='word_1_445' title='bbox 2447 2927 2680 2993; x_wconf 85' lang='grc' dir='ltr'><em>δούλοις,</em></span> <span class='ocrx_word' id='word_1_446' title='bbox 2736 2929 2858 2982; x_wconf 79' lang='grc' dir='ltr'><em>οὐδὲ</em></span> <span class='ocrx_word' id='word_1_447' title='bbox 2905 2931 2963 2982; x_wconf 80' lang='grc' dir='ltr'><strong>ὲν</strong></span> <span class='ocrx_word' id='word_1_448' title='bbox 3014 2932 3129 2993; x_wconf 83' lang='grc' dir='ltr'><em>τοῖς</em></span> <span class='ocrx_word' id='word_1_449' title='bbox 3166 2934 3436 3002; x_wconf 82' lang='grc' dir='ltr'><em>ποιήμασι</em></span> <span class='ocrx_word' id='word_1_450' title='bbox 3494 2936 3806 3002; x_wconf 81' lang='grc' dir='ltr'><strong>τετάξεται,</strong></span> 
     </span>
    </p>
   </div>
   <div class='ocr_carea' id='block_1_62' title="bbox 534 2996 2117 3104">
    <p class='ocr_par' dir='ltr' id='par_1_62' title="bbox 534 2996 2117 3081">
     <span class='ocr_line' id='line_1_62' title="bbox 534 2996 2117 3081; baseline 0.017 -38"><span class='ocrx_word' id='word_1_451' title='bbox 534 2996 741 3048; x_wconf 63' lang='lat' dir='ltr'><strong>candus</strong></span> <span class='ocrx_word' id='word_1_452' title='bbox 768 3007 872 3062; x_wconf 88' lang='lat' dir='ltr'><strong>est,</strong></span> <span class='ocrx_word' id='word_1_453' title='bbox 908 3001 1002 3054; x_wconf 85' lang='lat' dir='ltr'><strong>sed</strong></span> <span class='ocrx_word' id='word_1_454' title='bbox 1030 3001 1104 3055; x_wconf 90' lang='lat' dir='ltr'><strong>illi</strong></span> <span class='ocrx_word' id='word_1_455' title='bbox 1138 3004 1318 3069; x_wconf 88' lang='lat' dir='ltr'><strong>potius</strong></span> <span class='ocrx_word' id='word_1_456' title='bbox 1349 3005 1546 3060; x_wconf 70' lang='lat' dir='ltr'><strong>divinae</strong></span> <span class='ocrx_word' id='word_1_457' title='bbox 1576 3011 1839 3063; x_wconf 65' lang='lat' dir='ltr'><strong>essentia:</strong></span> <span class='ocrx_word' id='word_1_458' title='bbox 1890 3013 2117 3081; x_wconf 78' lang='lat' dir='ltr'><strong>dignitas</strong></span> 
     </span>
    </p>
   </div>
   <div class='ocr_carea' id='block_1_63' title="bbox 2223 2996 3806 3104">
    <p class='ocr_par' dir='ltr' id='par_1_63' title="bbox 2228 2996 3806 3093">
     <span class='ocr_line' id='line_1_63' title="bbox 2228 2996 3806 3093; baseline 0.009 -25"><span class='ocrx_word' id='word_1_459' title='bbox 2228 3018 2452 3086; x_wconf 81' lang='grc' dir='ltr'><em>φορέσει</em></span> <span class='ocrx_word' id='word_1_460' title='bbox 2501 3017 2559 3069; x_wconf 81' lang='grc' dir='ltr'><em>δὲ</em></span> <span class='ocrx_word' id='word_1_461' title='bbox 2600 3018 2802 3086; x_wconf 83' lang='grc' dir='ltr'>μᾶλλον</span> <span class='ocrx_word' id='word_1_462' title='bbox 2864 3020 3113 3088; x_wconf 77' lang='grc' dir='ltr'><strong>φυσικῶς</strong></span> <span class='ocrx_word' id='word_1_463' title='bbox 3142 3023 3204 3075; x_wconf 81' lang='grc' dir='ltr'><em>τὸ</em></span> <span class='ocrx_word' id='word_1_464' title='bbox 3250 2996 3350 3091; x_wconf 52' lang='lat'><strong>{7};</strong></span> <span class='ocrx_word' id='word_1_465' title='bbox 3403 3024 3561 3089; x_wconf 86' lang='grc' dir='ltr'><em>θείας</em></span> <span class='ocrx_word' id='word_1_466' title='bbox 3615 2996 3806 3093; x_wconf 72' lang='grc' dir='ltr'><em>οῦσίας</em></span> 
     </span>
    </p>
   </div>
   <div class='ocr_carea' id='block_1_64' title="bbox 537 3086 2117 3187">
    <p class='ocr_par' dir='ltr' id='par_1_64' title="bbox 537 3086 2117 3168">
     <span class='ocr_line' id='line_1_64' title="bbox 537 3086 2117 3168; baseline 0.015 -32"><span class='ocrx_word' id='word_1_467' title='bbox 537 3086 843 3151; x_wconf 67' lang='grc' dir='ltr'><em>ιτιιιιιριιιιει,</em></span> <span class='ocrx_word' id='word_1_468' title='bbox 877 3103 1000 3143; x_wconf 90' lang='lat' dir='ltr'><strong>cum</strong></span> <span class='ocrx_word' id='word_1_469' title='bbox 1028 3102 1084 3145; x_wconf 90' lang='lat' dir='ltr'><strong>et</strong></span> <span class='ocrx_word' id='word_1_470' title='bbox 1112 3107 1181 3146; x_wconf 79' lang='lat' dir='ltr'><strong>ex</strong></span> <span class='ocrx_word' id='word_1_471' title='bbox 1217 3092 1333 3161; x_wconf 85' lang='lat' dir='ltr'><strong>ipsa</strong></span> <span class='ocrx_word' id='word_1_472' title='bbox 1372 3096 1466 3159; x_wconf 87' lang='lat' dir='ltr'><strong>sit,</strong></span> <span class='ocrx_word' id='word_1_473' title='bbox 1520 3107 1574 3150; x_wconf 91' lang='lat' dir='ltr'><strong>et</strong></span> <span class='ocrx_word' id='word_1_474' title='bbox 1621 3099 1689 3151; x_wconf 84' lang='lat' dir='ltr'><strong>ab</strong></span> <span class='ocrx_word' id='word_1_475' title='bbox 1736 3099 1852 3168; x_wconf 80' lang='lat' dir='ltr'><strong>ipsa</strong></span> <span class='ocrx_word' id='word_1_476' title='bbox 1912 3106 2117 3160; x_wconf 82' lang='lat' dir='ltr'><strong>sanctis</strong></span> 
     </span>
    </p>
   </div>
   <div class='ocr_carea' id='block_1_65' title="bbox 2223 3086 3803 3187">
    <p class='ocr_par' dir='ltr' id='par_1_65' title="bbox 2227 3086 3803 3187">
     <span class='ocr_line' id='line_1_65' title="bbox 2227 3086 3803 3187; baseline 0.009 -29"><span class='ocrx_word' id='word_1_477' title='bbox 2227 3108 2449 3177; x_wconf 78' lang='grc' dir='ltr'><em>ἀξίωμα</em></span> <span class='ocrx_word' id='word_1_478' title='bbox 2484 3108 2545 3174; x_wconf 77' lang='grc' dir='ltr'><strong>ἐξ</strong></span> <span class='ocrx_word' id='word_1_479' title='bbox 2575 3109 2748 3175; x_wconf 82' lang='grc' dir='ltr'><em>αὐτῆς</em></span> <span class='ocrx_word' id='word_1_480' title='bbox 2780 3127 2838 3163; x_wconf 86' lang='grc' dir='ltr'><strong>τε</strong></span> <span class='ocrx_word' id='word_1_481' title='bbox 2873 3086 3145 3182; x_wconf 74' lang='grc' dir='ltr'><em>ῦπάρχον,</em></span> <span class='ocrx_word' id='word_1_482' title='bbox 3198 3086 3455 3186; x_wconf 42' lang='grc' dir='ltr'><em>καὶ-παρ’</em></span> <span class='ocrx_word' id='word_1_483' title='bbox 3482 3086 3657 3187; x_wconf 68' lang='grc' dir='ltr'><em>αῦτῆς</em></span> <span class='ocrx_word' id='word_1_484' title='bbox 3689 3086 3803 3183; x_wconf 73' lang='grc' dir='ltr'><em>τοῖς</em></span> 
     </span>
    </p>
   </div>
   <div class='ocr_carea' id='block_1_66' title="bbox 534 3177 2118 3254">
    <p class='ocr_par' dir='ltr' id='par_1_66' title="bbox 534 3177 2118 3254">
     <span class='ocr_line' id='line_1_66' title="bbox 534 3177 2118 3254; baseline 0.014 -26"><span class='ocrx_word' id='word_1_485' title='bbox 534 3193 630 3243; x_wconf 79' lang='lat' dir='ltr'><strong>per</strong></span> <span class='ocrx_word' id='word_1_486' title='bbox 656 3177 851 3233; x_wconf 77' lang='lat' dir='ltr'><strong>Filium</strong></span> <span class='ocrx_word' id='word_1_487' title='bbox 880 3181 1205 3249; x_wconf 71' lang='lat' dir='ltr'><strong>praebeatur,</strong></span> <span class='ocrx_word' id='word_1_488' title='bbox 1242 3194 1403 3254; x_wconf 85' lang='lat' dir='ltr'><strong>atque</strong></span> <span class='ocrx_word' id='word_1_489' title='bbox 1432 3188 1505 3241; x_wconf 88' lang='lat' dir='ltr'><strong>ita</strong></span> <span class='ocrx_word' id='word_1_490' title='bbox 1544 3188 1677 3243; x_wconf 82' lang='lat' dir='ltr'><strong>deos</strong></span> <span class='ocrx_word' id='word_1_491' title='bbox 1730 3191 1895 3247; x_wconf 79' lang='lat' dir='ltr'><strong>faciat</strong></span> <span class='ocrx_word' id='word_1_492' title='bbox 1948 3203 2002 3248; x_wconf 90' lang='lat' dir='ltr'><strong>et</strong></span> <span class='ocrx_word' id='word_1_493' title='bbox 2053 3195 2118 3249; x_wconf 81' lang='lat' dir='ltr'><strong>ti-</strong></span> 
     </span>
    </p>
   </div>
   <div class='ocr_carea' id='block_1_67' title="bbox 534 3271 1356 3344">
    <p class='ocr_par' dir='ltr' id='par_1_67' title="bbox 534 3271 1356 3344">
     <span class='ocr_line' id='line_1_67' title="bbox 534 3271 1356 3344; baseline 0.011 -21"><span class='ocrx_word' id='word_1_494' title='bbox 534 3272 636 3326; x_wconf 74' lang='lat' dir='ltr'><strong>!éos</strong></span> <span class='ocrx_word' id='word_1_495' title='bbox 670 3271 761 3326; x_wconf 81' lang='lat' dir='ltr'><strong>Dei</strong></span> <span class='ocrx_word' id='word_1_496' title='bbox 796 3273 913 3328; x_wconf 86' lang='lat' dir='ltr'><strong>illos</strong></span> <span class='ocrx_word' id='word_1_497' title='bbox 934 3274 988 3329; x_wconf 89' lang='lat' dir='ltr'><strong>in</strong></span> <span class='ocrx_word' id='word_1_498' title='bbox 1030 3277 1226 3344; x_wconf 87' lang='lat' dir='ltr'><strong>quibus</strong></span> <span class='ocrx_word' id='word_1_499' title='bbox 1251 3288 1356 3335; x_wconf 89' lang='lat' dir='ltr'><strong>est.</strong></span> 
     </span>
    </p>
   </div>
   <div class='ocr_carea' id='block_1_68' title="bbox 960 3361 1701 3440">
    <p class='ocr_par' dir='ltr' id='par_1_68' title="bbox 960 3361 1701 3440">
     <span class='ocr_line' id='line_1_68' title="bbox 960 3361 1701 3440; baseline 0.016 -23"><span class='ocrx_word' id='word_1_500' title='bbox 960 3364 1045 3419; x_wconf 74' lang='lat' dir='ltr'><strong>E1:</strong></span> <span class='ocrx_word' id='word_1_501' title='bbox 1070 3361 1291 3424; x_wconf 66' lang='lat' dir='ltr'><strong>Actibus</strong></span> <span class='ocrx_word' id='word_1_502' title='bbox 1319 3372 1701 3440; x_wconf 65' lang='lat' dir='ltr'><strong>apostolorum.</strong></span> 
     </span>
    </p>
   </div>
   <div class='ocr_carea' id='block_1_69' title="bbox 610 3452 2117 3539">
    <p class='ocr_par' dir='ltr' id='par_1_69' title="bbox 610 3452 2117 3539">
     <span class='ocr_line' id='line_1_69' title="bbox 610 3452 2117 3539; baseline 0.012 -32"><span class='ocrx_word' id='word_1_503' title='bbox 610 3452 861 3524; x_wconf 84' lang='lat' dir='ltr'><strong>Princeps</strong></span> <span class='ocrx_word' id='word_1_504' title='bbox 892 3459 1293 3527; x_wconf 86' lang='lat' dir='ltr'><strong>apostolorum,</strong></span> <span class='ocrx_word' id='word_1_505' title='bbox 1342 3463 1427 3518; x_wconf 87' lang='lat' dir='ltr'><strong>cui</strong></span> <span class='ocrx_word' id='word_1_506' title='bbox 1479 3465 1718 3518; x_wconf 85' lang='lat' dir='ltr'><strong>divinum</strong></span> <span class='ocrx_word' id='word_1_507' title='bbox 1781 3471 2117 3539; x_wconf 87' lang='lat' dir='ltr'><strong>mysterium,</strong></span> 
     </span>
    </p>
   </div>
   <div class='ocr_carea' id='block_1_70' title="bbox 537 3548 2119 3626">
    <p class='ocr_par' dir='ltr' id='par_1_70' title="bbox 537 3548 2119 3626">
     <span class='ocr_line' id='line_1_70' title="bbox 537 3548 2119 3626; baseline 0.013 -30"><span class='ocrx_word' id='word_1_508' title='bbox 537 3561 592 3601; x_wconf 63' lang='lat' dir='ltr'><strong>ut</strong></span> <span class='ocrx_word' id='word_1_509' title='bbox 624 3548 882 3603; x_wconf 81' lang='lat' dir='ltr'><strong>Servator</strong></span> <span class='ocrx_word' id='word_1_510' title='bbox 909 3552 1005 3615; x_wconf 86' lang='lat' dir='ltr'><strong>ait,</strong></span> <span class='ocrx_word' id='word_1_511' title='bbox 1040 3568 1303 3616; x_wconf 77' lang='lat' dir='ltr'><strong>nonearo,</strong></span> <span class='ocrx_word' id='word_1_512' title='bbox 1341 3564 1389 3609; x_wconf 76' lang='lat' dir='ltr'><strong>et</strong></span> <span class='ocrx_word' id='word_1_513' title='bbox 1412 3560 1632 3626; x_wconf 87' lang='lat' dir='ltr'><strong>sanguis</strong></span> <span class='ocrx_word' id='word_1_514' title='bbox 1683 3560 1951 3625; x_wconf 72' lang='lat' dir='ltr'><strong>reuelauit,</strong></span> <span class='ocrx_word' id='word_1_515' title='bbox 2028 3564 2119 3617; x_wconf 80' lang='lat' dir='ltr'><strong>sed</strong></span> 
     </span>
    </p>
   </div>
   <div class='ocr_carea' id='block_1_71' title="bbox 538 3641 2114 3733">
    <p class='ocr_par' dir='ltr' id='par_1_71' title="bbox 538 3641 2114 3733">
     <span class='ocr_line' id='line_1_71' title="bbox 538 3641 2114 3733; baseline 0.012 -41"><span class='ocrx_word' id='word_1_516' title='bbox 538 3641 722 3707; x_wconf 83' lang='lat' dir='ltr'><strong>Pater,</strong></span> <span class='ocrx_word' id='word_1_517' title='bbox 749 3644 912 3712; x_wconf 83' lang='lat' dir='ltr'><strong>quiin</strong></span> <span class='ocrx_word' id='word_1_518' title='bbox 952 3644 1093 3698; x_wconf 74' lang='lat' dir='ltr'><strong>cwlis</strong></span> <span class='ocrx_word' id='word_1_519' title='bbox 1113 3655 1189 3699; x_wconf 89' lang='lat' dir='ltr'><strong>est</strong></span> <span class='ocrx_word' id='word_1_520' title='bbox 1218 3645 1263 3710; x_wconf 84' lang='grc'><em>⁵,</em></span> <span class='ocrx_word' id='word_1_521' title='bbox 1318 3649 1580 3703; x_wconf 86' lang='lat' dir='ltr'><strong>Ananiam</strong></span> <span class='ocrx_word' id='word_1_522' title='bbox 1648 3651 1960 3709; x_wconf 68' lang='lat' dir='ltr'><strong>atiereutem</strong></span> <span class='ocrx_word' id='word_1_523' title='bbox 2002 3658 2114 3733; x_wconf 75' lang='lat' dir='ltr'><strong>agri</strong></span> 
     </span>
    </p>
   </div>
   <div class='ocr_carea' id='block_1_72' title="bbox 534 3735 2122 3810">
    <p class='ocr_par' dir='ltr' id='par_1_72' title="bbox 534 3735 2122 3810">
     <span class='ocr_line' id='line_1_72' title="bbox 534 3735 2122 3810; baseline 0.014 -29"><span class='ocrx_word' id='word_1_524' title='bbox 534 3735 790 3799; x_wconf 75' lang='lat' dir='ltr'><strong>pretium,</strong></span> <span class='ocrx_word' id='word_1_525' title='bbox 820 3749 886 3789; x_wconf 84' lang='lat' dir='ltr'><strong>ex</strong></span> <span class='ocrx_word' id='word_1_526' title='bbox 913 3751 1020 3805; x_wconf 86' lang='lat' dir='ltr'><strong>quo</strong></span> <span class='ocrx_word' id='word_1_527' title='bbox 1043 3746 1251 3805; x_wconf 85' lang='lat' dir='ltr'><strong>partem</strong></span> <span class='ocrx_word' id='word_1_528' title='bbox 1281 3739 1384 3795; x_wconf 85' lang='lat' dir='ltr'><strong>sibi</strong></span> <span class='ocrx_word' id='word_1_529' title='bbox 1441 3753 1772 3810; x_wconf 83' lang='lat' dir='ltr'><strong>reservarat,</strong></span> <span class='ocrx_word' id='word_1_530' title='bbox 1836 3746 1920 3804; x_wconf 89' lang='lat' dir='ltr'><strong>sic</strong></span> <span class='ocrx_word' id='word_1_531' title='bbox 1987 3748 2122 3802; x_wconf 86' lang='lat' dir='ltr'><strong>alto-</strong></span> 
     </span>
    </p>
   </div>
   <div class='ocr_carea' id='block_1_73' title="bbox 533 3826 2120 3905">
    <p class='ocr_par' dir='ltr' id='par_1_73' title="bbox 533 3826 2120 3905">
     <span class='ocr_line' id='line_1_73' title="bbox 533 3826 2120 3905; baseline 0.011 -30"><span class='ocrx_word' id='word_1_532' title='bbox 533 3826 716 3891; x_wconf 76' lang='lat' dir='ltr'><strong>quitur</strong></span> <span class='ocrx_word' id='word_1_533' title='bbox 745 3843 757 3879; x_wconf 90' lang='lat'><strong>:</strong></span> <span class='ocrx_word' id='word_1_534' title='bbox 785 3826 1018 3894; x_wconf 81' lang='lat' dir='ltr'><strong>Anania,</strong></span> <span class='ocrx_word' id='word_1_535' title='bbox 1048 3846 1143 3882; x_wconf 88' lang='lat' dir='ltr'><strong>cur</strong></span> <span class='ocrx_word' id='word_1_536' title='bbox 1173 3831 1399 3899; x_wconf 82' lang='lat' dir='ltr'><strong>implevit</strong></span> <span class='ocrx_word' id='word_1_537' title='bbox 1433 3831 1666 3889; x_wconf 83' lang='lat' dir='ltr'><strong>Satanas</strong></span> <span class='ocrx_word' id='word_1_538' title='bbox 1718 3853 1809 3890; x_wconf 90' lang='lat' dir='ltr'><strong>cor</strong></span> <span class='ocrx_word' id='word_1_539' title='bbox 1840 3847 2008 3905; x_wconf 87' lang='lat' dir='ltr'><strong>tuum,</strong></span> <span class='ocrx_word' id='word_1_540' title='bbox 2063 3849 2120 3892; x_wconf 84' lang='lat' dir='ltr'><strong>ut</strong></span> 
     </span>
    </p>
   </div>
   <div class='ocr_carea' id='block_1_74' title="bbox 535 3919 2121 4000">
    <p class='ocr_par' dir='ltr' id='par_1_74' title="bbox 535 3919 2121 4000">
     <span class='ocr_line' id='line_1_74' title="bbox 535 3919 2121 4000; baseline 0.013 -33"><span class='ocrx_word' id='word_1_541' title='bbox 535 3919 692 3969; x_wconf 82' lang='lat' dir='ltr'><strong>metui</strong></span> <span class='ocrx_word' id='word_1_542' title='bbox 702 3922 828 3973; x_wconf 83' lang='lat' dir='ltr'><strong>reris</strong></span> <span class='ocrx_word' id='word_1_543' title='bbox 849 3919 1075 3989; x_wconf 85' lang='lat' dir='ltr'><strong>Spiritui</strong></span> <span class='ocrx_word' id='word_1_544' title='bbox 1090 3934 1297 3986; x_wconf 87' lang='lat' dir='ltr'><strong>sancto,</strong></span> <span class='ocrx_word' id='word_1_545' title='bbox 1320 3935 1367 3978; x_wconf 90' lang='lat' dir='ltr'><strong>et</strong></span> <span class='ocrx_word' id='word_1_546' title='bbox 1386 3927 1625 3996; x_wconf 78' lang='lat' dir='ltr'><strong>auferres</strong></span> <span class='ocrx_word' id='word_1_547' title='bbox 1647 3932 1889 3998; x_wconf 74' lang='lat' dir='ltr'><strong>expretio</strong></span> <span class='ocrx_word' id='word_1_548' title='bbox 1912 3935 2026 4000; x_wconf 87' lang='lat' dir='ltr'><strong>agri</strong></span> <span class='ocrx_word' id='word_1_549' title='bbox 2058 3935 2121 3987; x_wconf 71' lang='grc' dir='ltr'><strong>οἳ</strong></span> 
     </span>
    </p>
   </div>
   <div class='ocr_carea' id='block_1_75' title="bbox 539 4008 2118 4082">
    <p class='ocr_par' dir='ltr' id='par_1_75' title="bbox 539 4008 2118 4082">
     <span class='ocr_line' id='line_1_75' title="bbox 539 4008 2118 4082; baseline 0.013 -24"><span class='ocrx_word' id='word_1_550' title='bbox 539 4011 613 4060; x_wconf 82' lang='lat' dir='ltr'><strong>Ac</strong></span> <span class='ocrx_word' id='word_1_551' title='bbox 648 4008 847 4065; x_wconf 85' lang='lat' dir='ltr'><strong>deinde</strong></span> <span class='ocrx_word' id='word_1_552' title='bbox 864 4012 1085 4082; x_wconf 88' lang='lat' dir='ltr'><strong>subjicit</strong></span> <span class='ocrx_word' id='word_1_553' title='bbox 1119 4030 1132 4066; x_wconf 91' lang='lat'><strong>:</strong></span> <span class='ocrx_word' id='word_1_554' title='bbox 1179 4013 1303 4068; x_wconf 81' lang='lat' dir='ltr'><strong>Non</strong></span> <span class='ocrx_word' id='word_1_555' title='bbox 1326 4033 1379 4071; x_wconf 92' lang='lat' dir='ltr'><strong>es</strong></span> <span class='ocrx_word' id='word_1_556' title='bbox 1411 4021 1659 4073; x_wconf 88' lang='lat' dir='ltr'><strong>mentitus</strong></span> <span class='ocrx_word' id='word_1_557' title='bbox 1710 4023 2010 4077; x_wconf 82' lang='lat' dir='ltr'><strong>hominibus</strong></span> <span class='ocrx_word' id='word_1_558' title='bbox 2028 4028 2118 4079; x_wconf 82' lang='lat' dir='ltr'><strong>sed</strong></span> 
     </span>
    </p>
   </div>
   <div class='ocr_carea' id='block_1_76' title="bbox 538 4100 2119 4180">
    <p class='ocr_par' dir='ltr' id='par_1_76' title="bbox 538 4100 2119 4180">
     <span class='ocr_line' id='line_1_76' title="bbox 538 4100 2119 4180; baseline 0.014 -30"><span class='ocrx_word' id='word_1_559' title='bbox 538 4100 644 4154; x_wconf 89' lang='lat' dir='ltr'><strong>Deo</strong></span> <span class='ocrx_word' id='word_1_560' title='bbox 676 4102 718 4157; x_wconf 83' lang='lat'><strong>’.</strong></span> <span class='ocrx_word' id='word_1_561' title='bbox 754 4103 938 4173; x_wconf 82' lang='lat' dir='ltr'><strong>Itaque</strong></span> <span class='ocrx_word' id='word_1_562' title='bbox 969 4106 1015 4159; x_wconf 90' lang='lat' dir='ltr'><strong>si</strong></span> <span class='ocrx_word' id='word_1_563' title='bbox 1039 4104 1265 4176; x_wconf 88' lang='lat' dir='ltr'><strong>Spiritui</strong></span> <span class='ocrx_word' id='word_1_564' title='bbox 1296 4121 1486 4165; x_wconf 86' lang='lat' dir='ltr'><strong>sancto</strong></span> <span class='ocrx_word' id='word_1_565' title='bbox 1524 4115 1806 4180; x_wconf 89' lang='lat' dir='ltr'><strong>mentiens,</strong></span> <span class='ocrx_word' id='word_1_566' title='bbox 1837 4114 1946 4170; x_wconf 90' lang='lat' dir='ltr'><strong>Deo</strong></span> <span class='ocrx_word' id='word_1_567' title='bbox 1969 4131 2119 4171; x_wconf 90' lang='lat' dir='ltr'><strong>men-</strong></span> 
     </span>
    </p>
   </div>
   <div class='ocr_carea' id='block_1_77' title="bbox 538 4192 2113 4273">
    <p class='ocr_par' dir='ltr' id='par_1_77' title="bbox 538 4192 2113 4273">
     <span class='ocr_line' id='line_1_77' title="bbox 538 4192 2113 4273; baseline 0.013 -29"><span class='ocrx_word' id='word_1_568' title='bbox 538 4192 691 4256; x_wconf 82' lang='lat' dir='ltr'><strong>titur,</strong></span> <span class='ocrx_word' id='word_1_569' title='bbox 714 4194 853 4248; x_wconf 87' lang='lat' dir='ltr'><strong>Deus</strong></span> <span class='ocrx_word' id='word_1_570' title='bbox 889 4197 1145 4253; x_wconf 87' lang='lat' dir='ltr'><strong>nimirum</strong></span> <span class='ocrx_word' id='word_1_571' title='bbox 1172 4209 1257 4255; x_wconf 87' lang='lat' dir='ltr'><strong>est</strong></span> <span class='ocrx_word' id='word_1_572' title='bbox 1285 4200 1521 4271; x_wconf 83' lang='lat' dir='ltr'><strong>Spiritus</strong></span> <span class='ocrx_word' id='word_1_573' title='bbox 1544 4214 1787 4273; x_wconf 86' lang='lat' dir='ltr'><strong>sanctus,</strong></span> <span class='ocrx_word' id='word_1_574' title='bbox 1818 4215 1870 4263; x_wconf 83' lang='lat' dir='ltr'><strong>et</strong></span> <span class='ocrx_word' id='word_1_575' title='bbox 1906 4208 1961 4261; x_wconf 91' lang='lat' dir='ltr'><strong>in</strong></span> <span class='ocrx_word' id='word_1_576' title='bbox 2004 4205 2113 4265; x_wconf 88' lang='lat' dir='ltr'><strong>Deo</strong></span> 
     </span>
    </p>
   </div>
   <div class='ocr_carea' id='block_1_78' title="bbox 535 4287 888 4342">
    <p class='ocr_par' dir='ltr' id='par_1_78' title="bbox 535 4287 888 4342">
     <span class='ocr_line' id='line_1_78' title="bbox 535 4287 888 4342; baseline 0.008 -3"><span class='ocrx_word' id='word_1_577' title='bbox 535 4287 888 4342; x_wconf 80' lang='lat' dir='ltr'><strong>naturaliter.</strong></span> 
     </span>
    </p>
   </div>
   <div class='ocr_carea' id='block_1_79' title="bbox 1066 4493 1583 4550">
    <p class='ocr_par' dir='ltr' id='par_1_79' title="bbox 1066 4493 1583 4550">
     <span class='ocr_line' id='line_1_79' title="bbox 1066 4493 1583 4550; baseline 0.014 -7"><span class='ocrx_word' id='word_1_578' title='bbox 1066 4494 1152 4544; x_wconf 77' lang='lat' dir='ltr'><strong>Ea:</strong></span> <span class='ocrx_word' id='word_1_579' title='bbox 1194 4493 1375 4545; x_wconf 81' lang='lat' dir='ltr'><strong>eodem</strong></span> <span class='ocrx_word' id='word_1_580' title='bbox 1422 4493 1583 4550; x_wconf 85' lang='lat' dir='ltr'><strong>libro.</strong></span> 
     </span>
    </p>
   </div>
   <div class='ocr_carea' id='block_1_80' title="bbox 602 4580 2122 4659">
    <p class='ocr_par' dir='ltr' id='par_1_80' title="bbox 602 4580 2122 4659">
     <span class='ocr_line' id='line_1_80' title="bbox 602 4580 2122 4659; baseline 0.011 -29"><span class='ocrx_word' id='word_1_581' title='bbox 602 4581 733 4647; x_wconf 71' lang='lat' dir='ltr'><strong>Quir.</strong></span> <span class='ocrx_word' id='word_1_582' title='bbox 766 4595 828 4635; x_wconf 81' lang='lat' dir='ltr'><strong>ex</strong></span> <span class='ocrx_word' id='word_1_583' title='bbox 865 4580 1172 4637; x_wconf 82' lang='lat' dir='ltr'><strong>Servatoris</strong></span> <span class='ocrx_word' id='word_1_584' title='bbox 1244 4585 1418 4637; x_wconf 86' lang='lat' dir='ltr'><strong>nostri</strong></span> <span class='ocrx_word' id='word_1_585' title='bbox 1481 4586 1714 4640; x_wconf 73' lang='lat' dir='ltr'><strong>adventu</strong></span> <span class='ocrx_word' id='word_1_586' title='bbox 1782 4591 2122 4659; x_wconf 78' lang='lat' dir='ltr'><strong>promulgata</strong></span> 
     </span>
    </p>
   </div>
   <div class='ocr_carea' id='block_1_81' title="bbox 533 4676 2126 4743">
    <p class='ocr_par' dir='ltr' id='par_1_81' title="bbox 533 4676 2126 4743">
     <span class='ocr_line' id='line_1_81' title="bbox 533 4676 2126 4743; baseline 0.005 -13"><span class='ocrx_word' id='word_1_587' title='bbox 533 4687 659 4730; x_wconf 82' lang='lat' dir='ltr'><strong>sunt</strong></span> <span class='ocrx_word' id='word_1_588' title='bbox 695 4677 854 4738; x_wconf 84' lang='lat' dir='ltr'><strong>bona,</strong></span> <span class='ocrx_word' id='word_1_589' title='bbox 896 4690 957 4731; x_wconf 81' lang='lat' dir='ltr'><strong>ea</strong></span> <span class='ocrx_word' id='word_1_590' title='bbox 995 4678 1227 4743; x_wconf 76' lang='lat' dir='ltr'><strong>quodam</strong></span> <span class='ocrx_word' id='word_1_591' title='bbox 1260 4676 1454 4732; x_wconf 87' lang='lat' dir='ltr'><strong>inloco</strong></span> <span class='ocrx_word' id='word_1_592' title='bbox 1511 4680 1581 4733; x_wconf 89' lang='lat' dir='ltr'><strong>de</strong></span> <span class='ocrx_word' id='word_1_593' title='bbox 1638 4681 1831 4734; x_wconf 77' lang='lat' dir='ltr'><strong>otibtts</strong></span> <span class='ocrx_word' id='word_1_594' title='bbox 1874 4683 1988 4737; x_wconf 79' lang='lat' dir='ltr'><strong>suis</strong></span> <span class='ocrx_word' id='word_1_595' title='bbox 2048 4683 2126 4738; x_wconf 90' lang='lat' dir='ltr'><strong>lo-</strong></span> 
     </span>
    </p>
   </div>
   <div class='ocr_carea' id='block_1_82' title="bbox 534 4765 2118 4840">
    <p class='ocr_par' dir='ltr' id='par_1_82' title="bbox 534 4765 2118 4840">
     <span class='ocr_line' id='line_1_82' title="bbox 534 4765 2118 4840; baseline 0.007 -24"><span class='ocrx_word' id='word_1_596' title='bbox 534 4782 707 4834; x_wconf 81' lang='lat' dir='ltr'><strong>quens</strong></span> <span class='ocrx_word' id='word_1_597' title='bbox 736 4765 875 4819; x_wconf 87' lang='lat' dir='ltr'><strong>Dens</strong></span> <span class='ocrx_word' id='word_1_598' title='bbox 933 4777 1007 4819; x_wconf 84' lang='lat' dir='ltr'><strong>tta</strong></span> <span class='ocrx_word' id='word_1_599' title='bbox 1032 4778 1427 4821; x_wconf 88' lang='lat' dir='ltr'><strong>commemorat</strong></span> <span class='ocrx_word' id='word_1_600' title='bbox 1452 4783 1465 4819; x_wconf 89' lang='lat'><strong>:</strong></span> <span class='ocrx_word' id='word_1_601' title='bbox 1502 4768 1778 4825; x_wconf 81' lang='lat' dir='ltr'><strong>Suscitubo</strong></span> <span class='ocrx_word' id='word_1_602' title='bbox 1801 4771 1911 4825; x_wconf 80' lang='lat' dir='ltr'><strong>illis</strong></span> <span class='ocrx_word' id='word_1_603' title='bbox 1933 4783 2118 4840; x_wconf 79' lang='lat' dir='ltr'><strong>pasto-</strong></span> 
     </span>
    </p>
   </div>
   <div class='ocr_carea' id='block_1_83' title="bbox 534 4850 2119 4929">
    <p class='ocr_par' dir='ltr' id='par_1_83' title="bbox 534 4850 2119 4929">
     <span class='ocr_line' id='line_1_83' title="bbox 534 4850 2119 4929; baseline 0.008 -22"><span class='ocrx_word' id='word_1_604' title='bbox 534 4873 616 4908; x_wconf 84' lang='lat' dir='ltr'><strong>res</strong></span> <span class='ocrx_word' id='word_1_605' title='bbox 637 4857 921 4911; x_wconf 85' lang='lat' dir='ltr'><strong>secundum</strong></span> <span class='ocrx_word' id='word_1_606' title='bbox 950 4873 1042 4910; x_wconf 86' lang='lat' dir='ltr'><strong>cor</strong></span> <span class='ocrx_word' id='word_1_607' title='bbox 1069 4850 1265 4924; x_wconf 66' lang='lat' dir='ltr'><strong>meum,</strong></span> <span class='ocrx_word' id='word_1_608' title='bbox 1293 4871 1339 4912; x_wconf 86' lang='lat' dir='ltr'><strong>et</strong></span> <span class='ocrx_word' id='word_1_609' title='bbox 1394 4871 1609 4924; x_wconf 81' lang='lat' dir='ltr'><strong>poscent</strong></span> <span class='ocrx_word' id='word_1_610' title='bbox 1673 4878 1784 4925; x_wconf 86' lang='lat' dir='ltr'><strong>eas,</strong></span> <span class='ocrx_word' id='word_1_611' title='bbox 1850 4874 2119 4929; x_wconf 73' lang='lat' dir='ltr'><strong>pascentes</strong></span> 
     </span>
    </p>
   </div>
   <div class='ocr_carea' id='block_1_84' title="bbox 456 4950 2119 5024">
    <p class='ocr_par' dir='ltr' id='par_1_84' title="bbox 456 4950 2119 5024">
     <span class='ocr_line' id='line_1_84' title="bbox 456 4950 2119 5024; baseline 0.008 -27"><span class='ocrx_word' id='word_1_612' title='bbox 456 5016 463 5019; x_wconf 86' lang='lat'><em>_</em></span> <span class='ocrx_word' id='word_1_613' title='bbox 535 4964 653 5000; x_wconf 76' lang='lat' dir='ltr'><strong>rum</strong></span> <span class='ocrx_word' id='word_1_614' title='bbox 686 4950 902 5001; x_wconf 72' lang='lat' dir='ltr'><strong>scientia</strong></span> <span class='ocrx_word' id='word_1_615' title='bbox 922 4950 969 5003; x_wconf 81' lang='grc'><em>³.</em></span> <span class='ocrx_word' id='word_1_616' title='bbox 993 4950 1188 5004; x_wconf 84' lang='lat' dir='ltr'><strong>Paulus</strong></span> <span class='ocrx_word' id='word_1_617' title='bbox 1228 4964 1408 5006; x_wconf 89' lang='lat' dir='ltr'><strong>autem</strong></span> <span class='ocrx_word' id='word_1_618' title='bbox 1432 4954 1679 5009; x_wconf 80' lang='lat' dir='ltr'><strong>veritatis</strong></span> <span class='ocrx_word' id='word_1_619' title='bbox 1729 4970 1905 5024; x_wconf 71' lang='lat' dir='ltr'><strong>prtem</strong></span> <span class='ocrx_word' id='word_1_620' title='bbox 1936 4959 2119 5011; x_wconf 79' lang='lat' dir='ltr'><strong>senio-</strong></span> 
     </span>
    </p>
   </div>
   <div class='ocr_carea' id='block_1_85' title="bbox 540 5041 2119 5116">
    <p class='ocr_par' dir='ltr' id='par_1_85' title="bbox 540 5041 2119 5116">
     <span class='ocr_line' id='line_1_85' title="bbox 540 5041 2119 5116; baseline 0.007 -25"><span class='ocrx_word' id='word_1_621' title='bbox 540 5055 624 5092; x_wconf 74' lang='lat' dir='ltr'><strong>res</strong></span> <span class='ocrx_word' id='word_1_622' title='bbox 662 5041 1015 5109; x_wconf 82' lang='lat' dir='ltr'><strong>Ephesiorum</strong></span> <span class='ocrx_word' id='word_1_623' title='bbox 1051 5042 1333 5111; x_wconf 82' lang='lat' dir='ltr'><strong>alloquens</strong></span> <span class='ocrx_word' id='word_1_624' title='bbox 1367 5060 1381 5095; x_wconf 89' lang='lat'><strong>:</strong></span> <span class='ocrx_word' id='word_1_625' title='bbox 1418 5045 1704 5108; x_wconf 79' lang='lat' dir='ltr'><strong>Attendite,</strong></span> <span class='ocrx_word' id='word_1_626' title='bbox 1734 5046 1931 5116; x_wconf 83' lang='lat' dir='ltr'><strong>inquit,</strong></span> <span class='ocrx_word' id='word_1_627' title='bbox 1974 5048 2119 5102; x_wconf 80' lang='lat' dir='ltr'><strong>vobis</strong></span> 
     </span>
    </p>
   </div>
   <div class='ocr_carea' id='block_1_86' title="bbox 534 5131 2119 5206">
    <p class='ocr_par' dir='ltr' id='par_1_86' title="bbox 534 5131 2119 5206">
     <span class='ocr_line' id='line_1_86' title="bbox 534 5131 2119 5206; baseline 0.008 -25"><span class='ocrx_word' id='word_1_628' title='bbox 534 5131 687 5195; x_wconf 82' lang='lat' dir='ltr'><strong>ipsis.</strong></span> <span class='ocrx_word' id='word_1_629' title='bbox 714 5141 763 5184; x_wconf 90' lang='lat' dir='ltr'><strong>et</strong></span> <span class='ocrx_word' id='word_1_630' title='bbox 796 5133 1035 5187; x_wconf 78' lang='lat' dir='ltr'><strong>universo</strong></span> <span class='ocrx_word' id='word_1_631' title='bbox 1058 5137 1224 5205; x_wconf 81' lang='lat' dir='ltr'><strong>gregi,</strong></span> <span class='ocrx_word' id='word_1_632' title='bbox 1258 5137 1312 5188; x_wconf 88' lang='lat' dir='ltr'><strong>in</strong></span> <span class='ocrx_word' id='word_1_633' title='bbox 1345 5153 1447 5198; x_wconf 79' lang='lat' dir='ltr'><strong>quo</strong></span> <span class='ocrx_word' id='word_1_634' title='bbox 1486 5154 1574 5191; x_wconf 78' lang='lat' dir='ltr'><strong>vos</strong></span> <span class='ocrx_word' id='word_1_635' title='bbox 1633 5136 1865 5206; x_wconf 81' lang='lat' dir='ltr'><strong>Spiritus</strong></span> <span class='ocrx_word' id='word_1_636' title='bbox 1907 5148 2119 5193; x_wconf 79' lang='lat' dir='ltr'><strong>sanctus</strong></span> 
     </span>
    </p>
   </div>
   <div class='ocr_carea' id='block_1_87' title="bbox 533 5224 2111 5296">
    <p class='ocr_par' dir='ltr' id='par_1_87' title="bbox 533 5224 2111 5296">
     <span class='ocr_line' id='line_1_87' title="bbox 533 5224 2111 5296; baseline 0.006 -25"><span class='ocrx_word' id='word_1_637' title='bbox 533 5224 707 5288; x_wconf 84' lang='lat' dir='ltr'><strong>posuit</strong></span> <span class='ocrx_word' id='word_1_638' title='bbox 732 5224 999 5292; x_wconf 78' lang='lat' dir='ltr'><strong>episcopos</strong></span> <span class='ocrx_word' id='word_1_639' title='bbox 1023 5225 1068 5278; x_wconf 79' lang='lat'><strong>’.</strong></span> <span class='ocrx_word' id='word_1_640' title='bbox 1100 5226 1329 5291; x_wconf 81' lang='lat' dir='ltr'><strong>Quando</strong></span> <span class='ocrx_word' id='word_1_641' title='bbox 1361 5228 1522 5295; x_wconf 68' lang='lat' dir='ltr'><strong>igitur</strong></span> <span class='ocrx_word' id='word_1_642' title='bbox 1571 5243 1690 5296; x_wconf 63' lang='lat' dir='ltr'><strong>qua:</strong></span> <span class='ocrx_word' id='word_1_643' title='bbox 1720 5243 1782 5281; x_wconf 78' lang='lat' dir='ltr'><strong>se</strong></span> <span class='ocrx_word' id='word_1_644' title='bbox 1841 5230 2111 5284; x_wconf 81' lang='lat' dir='ltr'><strong>facturum</strong></span> 
     </span>
    </p>
   </div>
   <div class='ocr_carea' id='block_1_88' title="bbox 537 5313 2114 5388">
    <p class='ocr_par' dir='ltr' id='par_1_88' title="bbox 537 5313 2114 5388">
     <span class='ocr_line' id='line_1_88' title="bbox 537 5313 2114 5388; baseline 0.006 -27"><span class='ocrx_word' id='word_1_645' title='bbox 537 5313 812 5380; x_wconf 78' lang='lat' dir='ltr'><strong>pollicitus</strong></span> <span class='ocrx_word' id='word_1_646' title='bbox 843 5315 1112 5377; x_wconf 27' lang='lat' dir='ltr'><strong>est‘Deus,</strong></span> <span class='ocrx_word' id='word_1_647' title='bbox 1150 5332 1274 5371; x_wconf 89' lang='lat' dir='ltr'><strong>cum</strong></span> <span class='ocrx_word' id='word_1_648' title='bbox 1305 5327 1570 5385; x_wconf 77' lang='lat' dir='ltr'><strong>potestate</strong></span> <span class='ocrx_word' id='word_1_649' title='bbox 1606 5319 1844 5387; x_wconf 81' lang='lat' dir='ltr'><strong>Spiritus</strong></span> <span class='ocrx_word' id='word_1_650' title='bbox 1880 5320 2114 5388; x_wconf 80' lang='lat' dir='ltr'><strong>perlicit,</strong></span> 
     </span>
    </p>
   </div>
   <div class='ocr_carea' id='block_1_89' title="bbox 535 5407 2117 5481">
    <p class='ocr_par' dir='ltr' id='par_1_89' title="bbox 535 5407 2117 5481">
     <span class='ocr_line' id='line_1_89' title="bbox 535 5407 2117 5481; baseline 0.008 -28"><span class='ocrx_word' id='word_1_651' title='bbox 535 5414 589 5454; x_wconf 77' lang='lat' dir='ltr'><strong>et</strong></span> <span class='ocrx_word' id='word_1_652' title='bbox 622 5414 863 5472; x_wconf 81' lang='lat' dir='ltr'><strong>pastores</strong></span> <span class='ocrx_word' id='word_1_653' title='bbox 888 5407 1195 5472; x_wconf 78' lang='lat' dir='ltr'><strong>constituit,</strong></span> <span class='ocrx_word' id='word_1_654' title='bbox 1254 5417 1315 5462; x_wconf 86' lang='lat' dir='ltr'><strong>ut</strong></span> <span class='ocrx_word' id='word_1_655' title='bbox 1370 5409 1421 5461; x_wconf 91' lang='lat' dir='ltr'><strong>in</strong></span> <span class='ocrx_word' id='word_1_656' title='bbox 1471 5412 1747 5479; x_wconf 83' lang='lat' dir='ltr'><strong>pr0phetis</strong></span> <span class='ocrx_word' id='word_1_657' title='bbox 1792 5412 2117 5481; x_wconf 81' lang='lat' dir='ltr'><strong>promissum</strong></span> 
     </span>
    </p>
   </div>
   <div class='ocr_carea' id='block_1_90' title="bbox 537 5499 2122 5568">
    <p class='ocr_par' dir='ltr' id='par_1_90' title="bbox 537 5499 2122 5568">
     <span class='ocr_line' id='line_1_90' title="bbox 537 5499 2122 5568; baseline 0.006 -20"><span class='ocrx_word' id='word_1_658' title='bbox 537 5509 639 5562; x_wconf 68' lang='grc' dir='ltr'><em>εει,</em></span> <span class='ocrx_word' id='word_1_659' title='bbox 667 5500 733 5552; x_wconf 87' lang='lat' dir='ltr'><strong>ab</strong></span> <span class='ocrx_word' id='word_1_660' title='bbox 760 5499 996 5554; x_wconf 87' lang='lat' dir='ltr'><strong>essentia</strong></span> <span class='ocrx_word' id='word_1_661' title='bbox 1045 5500 1231 5556; x_wconf 80' lang='lat' dir='ltr'><strong>divina</strong></span> <span class='ocrx_word' id='word_1_662' title='bbox 1276 5515 1383 5557; x_wconf 87' lang='lat' dir='ltr'><strong>non</strong></span> <span class='ocrx_word' id='word_1_663' title='bbox 1432 5511 1519 5556; x_wconf 84' lang='lat' dir='ltr'><strong>est</strong></span> <span class='ocrx_word' id='word_1_664' title='bbox 1560 5504 1793 5568; x_wconf 75' lang='lat' dir='ltr'><strong>alienus,</strong></span> <span class='ocrx_word' id='word_1_665' title='bbox 1846 5504 1939 5557; x_wconf 85' lang='lat' dir='ltr'><strong>sed</strong></span> <span class='ocrx_word' id='word_1_666' title='bbox 2003 5512 2122 5557; x_wconf 70' lang='lat' dir='ltr'><strong>tutt-</strong></span> 
     </span>
    </p>
   </div>
   <div class='ocr_carea' id='block_1_91' title="bbox 612 5609 1065 5678">
    <p class='ocr_par' dir='ltr' id='par_1_91' title="bbox 612 5609 1065 5678">
     <span class='ocr_line' id='line_1_91' title="bbox 612 5609 1065 5678; baseline 0.011 -17"><span class='ocrx_word' id='word_1_667' title='bbox 612 5610 627 5640; x_wconf 84' lang='grc'>¹</span> <span class='ocrx_word' id='word_1_668' title='bbox 660 5609 831 5665; x_wconf 88' lang='lat' dir='ltr'><strong>lCor.</strong></span> <span class='ocrx_word' id='word_1_669' title='bbox 869 5626 946 5678; x_wconf 81' lang='lat' dir='ltr'><strong>vr,</strong></span> <span class='ocrx_word' id='word_1_670' title='bbox 979 5612 1065 5666; x_wconf 76' lang='lat' dir='ltr'><strong>i6.</strong></span> 
     </span>
    </p>
   </div>
   <div class='ocr_carea' id='block_1_92' title="bbox 1170 5613 1709 5683">
    <p class='ocr_par' dir='ltr' id='par_1_92' title="bbox 1170 5613 1709 5683">
     <span class='ocr_line' id='line_1_92' title="bbox 1170 5613 1709 5683; baseline 0.004 -16"><span class='ocrx_word' id='word_1_671' title='bbox 1170 5615 1189 5645; x_wconf 84' lang='grc'>²</span> <span class='ocrx_word' id='word_1_672' title='bbox 1232 5613 1429 5683; x_wconf 84' lang='lat' dir='ltr'><strong>Epltes.</strong></span> <span class='ocrx_word' id='word_1_673' title='bbox 1470 5633 1550 5680; x_wconf 83' lang='grc' dir='ltr'><strong>ιν,</strong></span> <span class='ocrx_word' id='word_1_674' title='bbox 1620 5616 1709 5670; x_wconf 76' lang='lat' dir='ltr'><strong>3t).</strong></span> 
     </span>
    </p>
   </div>
   <div class='ocr_carea' id='block_1_93' title="bbox 542 5680 904 5747">
    <p class='ocr_par' dir='ltr' id='par_1_93' title="bbox 542 5680 904 5747">
     <span class='ocr_line' id='line_1_93' title="bbox 542 5680 904 5747; baseline 0.008 -17"><span class='ocrx_word' id='word_1_675' title='bbox 542 5680 563 5709; x_wconf 81' lang='grc'>⁸</span> <span class='ocrx_word' id='word_1_676' title='bbox 580 5680 700 5735; x_wconf 78' lang='lat' dir='ltr'><strong>Act.</strong></span> <span class='ocrx_word' id='word_1_677' title='bbox 739 5696 795 5747; x_wconf 84' lang='grc' dir='ltr'><em>ν,</em></span> <span class='ocrx_word' id='word_1_678' title='bbox 848 5680 904 5733; x_wconf 78' lang='lat'><strong>5.</strong></span> 
     </span>
    </p>
   </div>
   <div class='ocr_carea' id='block_1_94' title="bbox 981 5682 1286 5741">
    <p class='ocr_par' dir='ltr' id='par_1_94' title="bbox 981 5682 1286 5741">
     <span class='ocr_line' id='line_1_94' title="bbox 981 5682 1286 5741; baseline 0.01 -3"><span class='ocrx_word' id='word_1_679' title='bbox 981 5684 997 5716; x_wconf 89' lang='grc'><strong>⁷</strong></span> <span class='ocrx_word' id='word_1_680' title='bbox 1046 5682 1186 5740; x_wconf 82' lang='lat' dir='ltr'><strong>Ibid.</strong></span> <span class='ocrx_word' id='word_1_681' title='bbox 1235 5682 1286 5741; x_wconf 68' lang='grc'><em>4.</em></span> 
     </span>
    </p>
   </div>
   <div class='ocr_carea' id='block_1_95' title="bbox 1818 5615 2407 5678">
    <p class='ocr_par' dir='ltr' id='par_1_95' title="bbox 1818 5615 2407 5678">
     <span class='ocr_line' id='line_1_95' title="bbox 1818 5615 2407 5678; baseline -0.002 -10"><span class='ocrx_word' id='word_1_682' title='bbox 1818 5615 2032 5671; x_wconf 73' lang='lat' dir='ltr'><strong>&#39;lCor.</strong></span> <span class='ocrx_word' id='word_1_683' title='bbox 2079 5632 2165 5678; x_wconf 87' lang='grc' dir='ltr'><em>ιιι,</em></span> <span class='ocrx_word' id='word_1_684' title='bbox 2198 5617 2286 5676; x_wconf 76' lang='lat' dir='ltr'><strong>to,</strong></span> <span class='ocrx_word' id='word_1_685' title='bbox 2324 5615 2407 5668; x_wconf 71' lang='lat' dir='ltr'><strong>t7.</strong></span> 
     </span>
    </p>
   </div>
   <div class='ocr_carea' id='block_1_96' title="bbox 1366 5684 2383 5753">
    <p class='ocr_par' dir='ltr' id='par_1_96' title="bbox 1366 5684 2383 5753">
     <span class='ocr_line' id='line_1_96' title="bbox 1366 5684 2383 5753; baseline -0.002 -15"><span class='ocrx_word' id='word_1_686' title='bbox 1366 5686 1386 5717; x_wconf 81' lang='grc'>⁸</span> <span class='ocrx_word' id='word_1_687' title='bbox 1416 5685 1617 5742; x_wconf 83' lang='lat' dir='ltr'><strong>Jcrem.</strong></span> <span class='ocrx_word' id='word_1_688' title='bbox 1648 5703 1807 5753; x_wconf 67' lang='grc' dir='ltr'><em>χχιιι,</em></span> <span class='ocrx_word' id='word_1_689' title='bbox 1838 5687 1890 5742; x_wconf 75' lang='grc'><em>4.</em></span> <span class='ocrx_word' id='word_1_690' title='bbox 1970 5691 1989 5721; x_wconf 72' lang='grc'>⁸</span> <span class='ocrx_word' id='word_1_691' title='bbox 2023 5690 2142 5743; x_wconf 80' lang='lat' dir='ltr'><strong>Act.</strong></span> <span class='ocrx_word' id='word_1_692' title='bbox 2167 5703 2257 5750; x_wconf 80' lang='lat' dir='ltr'><strong>xx,</strong></span> <span class='ocrx_word' id='word_1_693' title='bbox 2293 5684 2383 5738; x_wconf 56' lang='grc' dir='ltr'><strong>τε.</strong></span> 
     </span>
    </p>
   </div>
   <div class='ocr_carea' id='block_1_97' title="bbox 2223 3202 3808 3273">
    <p class='ocr_par' dir='ltr' id='par_1_97' title="bbox 2223 3202 3808 3273">
     <span class='ocr_line' id='line_1_97' title="bbox 2223 3202 3808 3273; baseline 0.007 -18"><span class='ocrx_word' id='word_1_694' title='bbox 2223 3202 2399 3269; x_wconf 83' lang='grc' dir='ltr'><strong>ἁγίοις</strong></span> <span class='ocrx_word' id='word_1_695' title='bbox 2427 3202 2494 3255; x_wconf 80' lang='grc' dir='ltr'><em>δι’</em></span> <span class='ocrx_word' id='word_1_696' title='bbox 2531 3202 2662 3255; x_wconf 87' lang='grc' dir='ltr'>Υἰοῦ</span> <span class='ocrx_word' id='word_1_697' title='bbox 2686 3202 3117 3273; x_wconf 73' lang='grc' dir='ltr'><strong>χορηγούμενον,</strong></span> <span class='ocrx_word' id='word_1_698' title='bbox 3164 3206 3251 3263; x_wconf 83' lang='grc' dir='ltr'><em>διά</em></span> <span class='ocrx_word' id='word_1_699' title='bbox 3285 3224 3346 3261; x_wconf 79' lang='grc' dir='ltr'><strong>τε</strong></span> <span class='ocrx_word' id='word_1_700' title='bbox 3397 3209 3565 3265; x_wconf 78' lang='grc' dir='ltr'><em>τοῦτο</em></span> <span class='ocrx_word' id='word_1_701' title='bbox 3592 3210 3808 3266; x_wconf 69' lang='grc' dir='ltr'><em>θεοποι-</em></span> 
     </span>
    </p>
   </div>
   <div class='ocr_carea' id='block_1_98' title="bbox 2220 3294 3630 3371">
    <p class='ocr_par' dir='ltr' id='par_1_98' title="bbox 2220 3294 3630 3371">
     <span class='ocr_line' id='line_1_98' title="bbox 2220 3294 3630 3371; baseline 0.009 -25"><span class='ocrx_word' id='word_1_702' title='bbox 2220 3294 2336 3361; x_wconf 86' lang='grc' dir='ltr'><em>οῦν,</em></span> <span class='ocrx_word' id='word_1_703' title='bbox 2370 3295 2466 3348; x_wconf 76' lang='grc' dir='ltr'><strong>καὶ</strong></span> <span class='ocrx_word' id='word_1_704' title='bbox 2496 3296 2574 3357; x_wconf 81' lang='grc' dir='ltr'><em>εἰς</em></span> <span class='ocrx_word' id='word_1_705' title='bbox 2606 3297 2830 3367; x_wconf 83' lang='grc' dir='ltr'><em>υίότητα</em></span> <span class='ocrx_word' id='word_1_706' title='bbox 2860 3299 3059 3352; x_wconf 84' lang='grc' dir='ltr'>καλοῦν</span> <span class='ocrx_word' id='word_1_707' title='bbox 3088 3302 3146 3351; x_wconf 70' lang='grc' dir='ltr'><strong>ἐν</strong></span> <span class='ocrx_word' id='word_1_708' title='bbox 3183 3296 3266 3363; x_wconf 75' lang='grc' dir='ltr'><em>οἷς</em></span> <span class='ocrx_word' id='word_1_709' title='bbox 3294 3301 3363 3356; x_wconf 75' lang='grc' dir='ltr'><strong>ἂν</strong></span> <span class='ocrx_word' id='word_1_710' title='bbox 3392 3302 3630 3371; x_wconf 68' lang='grc' dir='ltr'><em>γίνοιτο.</em></span> 
     </span>
    </p>
   </div>
   <div class='ocr_carea' id='block_1_99' title="bbox 2444 3387 3586 3457">
    <p class='ocr_par' dir='ltr' id='par_1_99' title="bbox 2444 3387 3586 3457">
     <span class='ocr_line' id='line_1_99' title="bbox 2444 3387 3586 3457; baseline 0.009 -16"><span class='ocrx_word' id='word_1_711' title='bbox 2444 3390 2544 3442; x_wconf 68' lang='grc' dir='ltr'><strong>Ἐκ</strong></span> <span class='ocrx_word' id='word_1_712' title='bbox 2576 3387 2693 3442; x_wconf 82' lang='grc' dir='ltr'><em>τῶν</em></span> <span class='ocrx_word' id='word_1_713' title='bbox 2734 3390 3019 3457; x_wconf 79' lang='grc' dir='ltr'><em>Πράξεων</em></span> <span class='ocrx_word' id='word_1_714' title='bbox 3048 3392 3168 3445; x_wconf 82' lang='grc' dir='ltr'><em>τῶν</em></span> <span class='ocrx_word' id='word_1_715' title='bbox 3194 3393 3586 3453; x_wconf 64' lang='grc' dir='ltr'><em>ἀποστόλων.</em></span> 
     </span>
    </p>
   </div>
   <div class='ocr_carea' id='block_1_100' title="bbox 2291 3475 3805 3559">
    <p class='ocr_par' dir='ltr' id='par_1_100' title="bbox 2291 3475 3805 3559">
     <span class='ocr_line' id='line_1_100' title="bbox 2291 3475 3805 3559; baseline 0.009 -29"><span class='ocrx_word' id='word_1_716' title='bbox 2291 3478 2349 3531; x_wconf 84' lang='lat'><strong>&#39;0</strong></span> <span class='ocrx_word' id='word_1_717' title='bbox 2369 3478 2478 3532; x_wconf 78' lang='grc' dir='ltr'><strong>τῶν</strong></span> <span class='ocrx_word' id='word_1_718' title='bbox 2501 3481 2816 3533; x_wconf 83' lang='grc' dir='ltr'><strong>ἀποστόλων</strong></span> <span class='ocrx_word' id='word_1_719' title='bbox 2837 3482 3133 3551; x_wconf 78' lang='grc' dir='ltr'><em>πρόκριτος</em></span> <span class='ocrx_word' id='word_1_720' title='bbox 3156 3475 3198 3549; x_wconf 83' lang='grc' dir='ltr'>ᾧ</span> <span class='ocrx_word' id='word_1_721' title='bbox 3216 3483 3276 3536; x_wconf 81' lang='grc' dir='ltr'><em>τὸ</em></span> <span class='ocrx_word' id='word_1_722' title='bbox 3308 3484 3454 3553; x_wconf 72' lang='grc' dir='ltr'><em>Θείογ</em></span> <span class='ocrx_word' id='word_1_723' title='bbox 3478 3489 3805 3559; x_wconf 79' lang='grc' dir='ltr'><em>μυστήριον,</em></span> 
     </span>
    </p>
   </div>
   <div class='ocr_carea' id='block_1_101' title="bbox 2221 3570 3810 3643">
    <p class='ocr_par' dir='ltr' id='par_1_101' title="bbox 2221 3570 3810 3643">
     <span class='ocr_line' id='line_1_101' title="bbox 2221 3570 3810 3643; baseline 0.008 -20"><span class='ocrx_word' id='word_1_724' title='bbox 2221 3570 2365 3627; x_wconf 84' lang='grc' dir='ltr'><strong>καθά</strong></span> <span class='ocrx_word' id='word_1_725' title='bbox 2380 3588 2547 3643; x_wconf 83' lang='grc' dir='ltr'><em>φησιν</em></span> <span class='ocrx_word' id='word_1_726' title='bbox 2566 3573 2593 3627; x_wconf 79' lang='grc' dir='ltr'>ὁ</span> <span class='ocrx_word' id='word_1_727' title='bbox 2612 3572 2820 3643; x_wconf 81' lang='grc' dir='ltr'><em>Σωτὴρ,</em></span> <span class='ocrx_word' id='word_1_728' title='bbox 2840 3574 3021 3643; x_wconf 84' lang='grc' dir='ltr'><em>σὰρξ,</em></span> <span class='ocrx_word' id='word_1_729' title='bbox 3055 3574 3153 3627; x_wconf 82' lang='grc' dir='ltr'><em>καί</em></span> <span class='ocrx_word' id='word_1_730' title='bbox 3174 3570 3317 3643; x_wconf 81' lang='grc' dir='ltr'><em>αίμα</em></span> <span class='ocrx_word' id='word_1_731' title='bbox 3354 3578 3469 3631; x_wconf 77' lang='grc' dir='ltr'><strong>οὐκ</strong></span> <span class='ocrx_word' id='word_1_732' title='bbox 3506 3579 3810 3635; x_wconf 73' lang='grc' dir='ltr'><strong>ἀπεκάλυ-</strong></span> 
     </span>
    </p>
   </div>
   <div class='ocr_carea' id='block_1_102' title="bbox 2219 3664 3807 3740">
    <p class='ocr_par' dir='ltr' id='par_1_102' title="bbox 2219 3664 3807 3740">
     <span class='ocr_line' id='line_1_102' title="bbox 2219 3664 3807 3740; baseline 0.004 -23"><span class='ocrx_word' id='word_1_733' title='bbox 2219 3667 2358 3733; x_wconf 74' lang='grc' dir='ltr'><em>ψεν.</em></span> <span class='ocrx_word' id='word_1_734' title='bbox 2391 3664 2528 3718; x_wconf 70' lang='grc' dir='ltr'><strong>ἀλλ’</strong></span> <span class='ocrx_word' id='word_1_735' title='bbox 2557 3666 2589 3717; x_wconf 85' lang='grc' dir='ltr'><strong><em>ό</em></strong></span> <span class='ocrx_word' id='word_1_736' title='bbox 2608 3664 2811 3733; x_wconf 83' lang='grc' dir='ltr'><em>Πατὴρ</em></span> <span class='ocrx_word' id='word_1_737' title='bbox 2836 3667 2868 3718; x_wconf 84' lang='lat' dir='ltr'><strong>d</strong></span> <span class='ocrx_word' id='word_1_738' title='bbox 2912 3665 2981 3717; x_wconf 78' lang='grc' dir='ltr'><strong>ἐν</strong></span> <span class='ocrx_word' id='word_1_739' title='bbox 3007 3666 3130 3731; x_wconf 86' lang='grc' dir='ltr'><em>τοῖς</em></span> <span class='ocrx_word' id='word_1_740' title='bbox 3158 3667 3456 3735; x_wconf 81' lang='grc' dir='ltr'><strong>οὐρανοῖς,</strong></span> <span class='ocrx_word' id='word_1_741' title='bbox 3481 3668 3635 3736; x_wconf 75' lang='grc' dir='ltr'><em>λέγει</em></span> <span class='ocrx_word' id='word_1_742' title='bbox 3670 3673 3807 3740; x_wconf 81' lang='grc' dir='ltr'><em>πρὸς</em></span> 
     </span>
    </p>
   </div>
   <div class='ocr_carea' id='block_1_103' title="bbox 2233 3755 3807 3831">
    <p class='ocr_par' dir='ltr' id='par_1_103' title="bbox 2233 3755 3807 3831">
     <span class='ocr_line' id='line_1_103' title="bbox 2233 3755 3807 3831; baseline 0.003 -22"><span class='ocrx_word' id='word_1_743' title='bbox 2233 3755 2510 3820; x_wconf 80' lang='grc' dir='ltr'>Ἀνανίαν,</span> <span class='ocrx_word' id='word_1_744' title='bbox 2534 3756 2880 3824; x_wconf 79' lang='grc' dir='ltr'><em>προσάγοντα</em></span> <span class='ocrx_word' id='word_1_745' title='bbox 2899 3756 3000 3823; x_wconf 81' lang='grc' dir='ltr'>μὲν</span> <span class='ocrx_word' id='word_1_746' title='bbox 3017 3757 3114 3826; x_wconf 79' lang='grc' dir='ltr'><em>τὴν</em></span> <span class='ocrx_word' id='word_1_747' title='bbox 3131 3756 3225 3809; x_wconf 89' lang='grc' dir='ltr'><em>τοῦ</em></span> <span class='ocrx_word' id='word_1_748' title='bbox 3238 3759 3444 3828; x_wconf 85' lang='grc' dir='ltr'><em>χωρίου</em></span> <span class='ocrx_word' id='word_1_749' title='bbox 3464 3760 3658 3831; x_wconf 75' lang='grc' dir='ltr'><em>τιμὴν,</em></span> <span class='ocrx_word' id='word_1_750' title='bbox 3681 3762 3807 3813; x_wconf 72' lang='grc' dir='ltr'><strong>ἀπο·</strong></span> 
     </span>
    </p>
   </div>
   <div class='ocr_carea' id='block_1_104' title="bbox 2221 3848 3807 3918">
    <p class='ocr_par' dir='ltr' id='par_1_104' title="bbox 2221 3848 3807 3918">
     <span class='ocr_line' id='line_1_104' title="bbox 2221 3848 3807 3918; baseline 0.001 -17"><span class='ocrx_word' id='word_1_751' title='bbox 2221 3851 2617 3917; x_wconf 76' lang='grc' dir='ltr'>νοσφισάμενον</span> <span class='ocrx_word' id='word_1_752' title='bbox 2640 3848 2696 3900; x_wconf 83' lang='grc' dir='ltr'><em>δέ</em></span> <span class='ocrx_word' id='word_1_753' title='bbox 2719 3867 2769 3900; x_wconf 87' lang='grc' dir='ltr'><strong>τι</strong></span> <span class='ocrx_word' id='word_1_754' title='bbox 2799 3849 2865 3917; x_wconf 88' lang='grc' dir='ltr'>μέ</span> <span class='ocrx_word' id='word_1_755' title='bbox 2877 3866 2966 3917; x_wconf 89' lang='grc' dir='ltr'><strong>ρος</strong></span> <span class='ocrx_word' id='word_1_756' title='bbox 2984 3849 3079 3904; x_wconf 82' lang='grc' dir='ltr'><strong>ἀπ’</strong></span> <span class='ocrx_word' id='word_1_757' title='bbox 3107 3849 3283 3918; x_wconf 82' lang='grc' dir='ltr'><em>αὐτῆς</em></span> <span class='ocrx_word' id='word_1_758' title='bbox 3306 3865 3319 3879; x_wconf 90' lang='grc'><strong>·</strong></span> <span class='ocrx_word' id='word_1_759' title='bbox 3354 3852 3625 3918; x_wconf 79' lang='grc' dir='ltr'><em>Ἀνανία,</em></span> <span class='ocrx_word' id='word_1_760' title='bbox 3651 3855 3807 3909; x_wconf 80' lang='grc' dir='ltr'><em>διατι</em></span> 
     </span>
    </p>
   </div>
   <div class='ocr_carea' id='block_1_105' title="bbox 2218 3938 3809 4013">
    <p class='ocr_par' dir='ltr' id='par_1_105' title="bbox 2218 3938 3809 4013">
     <span class='ocr_line' id='line_1_105' title="bbox 2218 3938 3809 4013; baseline 0.004 -20"><span class='ocrx_word' id='word_1_761' title='bbox 2218 3940 2576 4007; x_wconf 81' lang='grc' dir='ltr'><em>ἐπλήρωσεν</em></span> <span class='ocrx_word' id='word_1_762' title='bbox 2604 3943 2636 3992; x_wconf 88' lang='grc' dir='ltr'><em>ό</em></span> <span class='ocrx_word' id='word_1_763' title='bbox 2662 3938 2934 4005; x_wconf 80' lang='grc' dir='ltr'><em>Σατανᾶς</em></span> <span class='ocrx_word' id='word_1_764' title='bbox 2959 3940 3074 4007; x_wconf 79' lang='grc' dir='ltr'><em>τὴν</em></span> <span class='ocrx_word' id='word_1_765' title='bbox 3104 3941 3357 4008; x_wconf 80' lang='grc' dir='ltr'><em>καρδίαν</em></span> <span class='ocrx_word' id='word_1_766' title='bbox 3404 3958 3522 3998; x_wconf 87' lang='grc' dir='ltr'><em>σου</em></span> <span class='ocrx_word' id='word_1_767' title='bbox 3578 3948 3809 4013; x_wconf 71' lang='grc' dir='ltr'><em>ψεύσα-</em></span> 
     </span>
    </p>
   </div>
   <div class='ocr_carea' id='block_1_106' title="bbox 2220 4029 3805 4103">
    <p class='ocr_par' dir='ltr' id='par_1_106' title="bbox 2220 4029 3805 4103">
     <span class='ocr_line' id='line_1_106' title="bbox 2220 4029 3805 4103; baseline 0.004 -21"><span class='ocrx_word' id='word_1_768' title='bbox 2220 4032 2359 4083; x_wconf 89' lang='grc' dir='ltr'><em>σθαι</em></span> <span class='ocrx_word' id='word_1_769' title='bbox 2387 4029 2453 4084; x_wconf 85' lang='grc' dir='ltr'><em>τὸ</em></span> <span class='ocrx_word' id='word_1_770' title='bbox 2486 4030 2728 4098; x_wconf 82' lang='grc' dir='ltr'><em>Πνεῦμα</em></span> <span class='ocrx_word' id='word_1_771' title='bbox 2777 4029 2842 4083; x_wconf 83' lang='grc' dir='ltr'><em>τὸ</em></span> <span class='ocrx_word' id='word_1_772' title='bbox 2866 4030 3059 4099; x_wconf 77' lang='grc' dir='ltr'><em>ἅγιον,</em></span> <span class='ocrx_word' id='word_1_773' title='bbox 3114 4033 3212 4084; x_wconf 80' lang='grc' dir='ltr'><strong>καί</strong></span> <span class='ocrx_word' id='word_1_774' title='bbox 3243 4035 3665 4103; x_wconf 66' lang='grc' dir='ltr'><em>νοσφίσασθαι</em></span> <span class='ocrx_word' id='word_1_775' title='bbox 3688 4035 3805 4090; x_wconf 74' lang='grc' dir='ltr'><strong>ἀπὸ</strong></span> 
     </span>
    </p>
   </div>
   <div class='ocr_carea' id='block_1_107' title="bbox 2218 4118 3800 4192">
    <p class='ocr_par' dir='ltr' id='par_1_107' title="bbox 2218 4118 3800 4192">
     <span class='ocr_line' id='line_1_107' title="bbox 2218 4118 3800 4192; baseline 0.003 -18"><span class='ocrx_word' id='word_1_776' title='bbox 2218 4120 2329 4188; x_wconf 81' lang='grc' dir='ltr'><em>τῆς</em></span> <span class='ocrx_word' id='word_1_777' title='bbox 2356 4121 2528 4191; x_wconf 78' lang='grc' dir='ltr'><em>τιμῆς</em></span> <span class='ocrx_word' id='word_1_778' title='bbox 2559 4138 2666 4175; x_wconf 82' lang='grc' dir='ltr'><em>του</em></span> <span class='ocrx_word' id='word_1_779' title='bbox 2690 4123 2907 4190; x_wconf 78' lang='grc' dir='ltr'><strong>χωρίου</strong></span> <span class='ocrx_word' id='word_1_780' title='bbox 2930 4138 2949 4186; x_wconf 87' lang='grc'><strong><em>;</em></strong></span> <span class='ocrx_word' id='word_1_781' title='bbox 2978 4118 3109 4174; x_wconf 78' lang='grc' dir='ltr'><strong>Εἶτα</strong></span> <span class='ocrx_word' id='word_1_782' title='bbox 3170 4126 3432 4178; x_wconf 73' lang='grc' dir='ltr'><strong>συνάπτει</strong></span> <span class='ocrx_word' id='word_1_783' title='bbox 3463 4126 3681 4187; x_wconf 78' lang='grc' dir='ltr'><em>τούτοις</em></span> <span class='ocrx_word' id='word_1_784' title='bbox 3715 4128 3800 4192; x_wconf 78' lang='grc' dir='ltr'><em>τὸ,</em></span> 
     </span>
    </p>
   </div>
   <div class='ocr_carea' id='block_1_108' title="bbox 2221 4212 3804 4281">
    <p class='ocr_par' dir='ltr' id='par_1_108' title="bbox 2221 4212 3804 4281">
     <span class='ocr_line' id='line_1_108' title="bbox 2221 4212 3804 4281; baseline 0.003 -16"><span class='ocrx_word' id='word_1_785' title='bbox 2221 4215 2343 4266; x_wconf 79' lang='grc' dir='ltr'><strong>Οὐκ</strong></span> <span class='ocrx_word' id='word_1_786' title='bbox 2368 4212 2609 4281; x_wconf 76' lang='grc' dir='ltr'><em>ἐψεύσω</em></span> <span class='ocrx_word' id='word_1_787' title='bbox 2630 4213 2987 4279; x_wconf 77' lang='grc' dir='ltr'><em>ἀνθρώποις,</em></span> <span class='ocrx_word' id='word_1_788' title='bbox 3045 4214 3207 4268; x_wconf 71' lang='grc' dir='ltr'><em>ἀλλὰ</em></span> <span class='ocrx_word' id='word_1_789' title='bbox 3234 4213 3314 4278; x_wconf 86' lang='grc' dir='ltr'><em>τῷ</em></span> <span class='ocrx_word' id='word_1_790' title='bbox 3367 4216 3512 4280; x_wconf 80' lang='grc' dir='ltr'><em>Θεῷ.</em></span> <span class='ocrx_word' id='word_1_791' title='bbox 3594 4218 3804 4270; x_wconf 78' lang='grc' dir='ltr'>Οὐκοῦν</span> 
     </span>
    </p>
   </div>
   <div class='ocr_carea' id='block_1_109' title="bbox 2220 4303 3805 4377">
    <p class='ocr_par' dir='ltr' id='par_1_109' title="bbox 2220 4303 3805 4377">
     <span class='ocr_line' id='line_1_109' title="bbox 2220 4303 3805 4377; baseline 0.002 -20"><span class='ocrx_word' id='word_1_792' title='bbox 2220 4306 2270 4357; x_wconf 85' lang='grc' dir='ltr'><em>εἰ</em></span> <span class='ocrx_word' id='word_1_793' title='bbox 2303 4306 2331 4357; x_wconf 85' lang='lat'><strong>6</strong></span> <span class='ocrx_word' id='word_1_794' title='bbox 2365 4304 2441 4374; x_wconf 84' lang='grc' dir='ltr'><em>τῷ</em></span> <span class='ocrx_word' id='word_1_795' title='bbox 2462 4304 2601 4373; x_wconf 81' lang='grc' dir='ltr'><em>ἁγίῳ</em></span> <span class='ocrx_word' id='word_1_796' title='bbox 2634 4303 2916 4373; x_wconf 74' lang='grc' dir='ltr'><em>Πνεῦματι</em></span> <span class='ocrx_word' id='word_1_797' title='bbox 2947 4304 3305 4374; x_wconf 76' lang='grc' dir='ltr'><em>ψευδόμενος.</em></span> <span class='ocrx_word' id='word_1_798' title='bbox 3338 4306 3417 4376; x_wconf 86' lang='grc' dir='ltr'>τῷ</span> <span class='ocrx_word' id='word_1_799' title='bbox 3466 4306 3590 4377; x_wconf 86' lang='grc' dir='ltr'><em>Θεῷ</em></span> <span class='ocrx_word' id='word_1_800' title='bbox 3616 4308 3805 4377; x_wconf 78' lang='grc' dir='ltr'><em>ψεύδε-</em></span> 
     </span>
    </p>
   </div>
   <div class='ocr_carea' id='block_1_110' title="bbox 2151 4381 3699 4477">
    <p class='ocr_par' dir='ltr' id='par_1_110' title="bbox 2151 4381 3699 4477">
     <span class='ocr_line' id='line_1_110' title="bbox 2151 4381 3699 4477; baseline 0.005 -29"><span class='ocrx_word' id='word_1_801' title='bbox 2151 4381 2194 4436; x_wconf 76' lang='grc' dir='ltr'><strong>ι)</strong></span> <span class='ocrx_word' id='word_1_802' title='bbox 2225 4415 2339 4465; x_wconf 85' lang='grc' dir='ltr'><em>ται,</em></span> <span class='ocrx_word' id='word_1_803' title='bbox 2368 4397 2644 4477; x_wconf 57' lang='grc' dir='ltr'><em>Θεὸςᾶρα</em></span> <span class='ocrx_word' id='word_1_804' title='bbox 2667 4396 2727 4451; x_wconf 83' lang='grc' dir='ltr'><em>τὸ</em></span> <span class='ocrx_word' id='word_1_805' title='bbox 2756 4396 3010 4467; x_wconf 85' lang='grc' dir='ltr'>Πνεῦμα.</span> <span class='ocrx_word' id='word_1_806' title='bbox 3049 4401 3146 4465; x_wconf 77' lang='grc' dir='ltr'><strong>καὶ</strong></span> <span class='ocrx_word' id='word_1_807' title='bbox 3180 4400 3238 4450; x_wconf 78' lang='grc' dir='ltr'><strong>ὲν</strong></span> <span class='ocrx_word' id='word_1_808' title='bbox 3265 4398 3391 4469; x_wconf 86' lang='grc' dir='ltr'><em>Θεῷ</em></span> <span class='ocrx_word' id='word_1_809' title='bbox 3424 4401 3699 4469; x_wconf 76' lang='grc' dir='ltr'><strong>φυσικῶς.</strong></span> 
     </span>
    </p>
   </div>
   <div class='ocr_carea' id='block_1_111' title="bbox 2767 4485 3271 4542">
    <p class='ocr_par' dir='ltr' id='par_1_111' title="bbox 2767 4485 3271 4542">
     <span class='ocr_line' id='line_1_111' title="bbox 2767 4485 3271 4542; baseline 0.008 -4"><span class='ocrx_word' id='word_1_810' title='bbox 2767 4485 2875 4539; x_wconf 82' lang='grc' dir='ltr'><strong>Ἐκ</strong></span> <span class='ocrx_word' id='word_1_811' title='bbox 2899 4485 3020 4542; x_wconf 82' lang='grc' dir='ltr'><em>τῶν</em></span> <span class='ocrx_word' id='word_1_812' title='bbox 3048 4486 3271 4542; x_wconf 80' lang='grc' dir='ltr'><em>αὐτῶν.</em></span> 
     </span>
    </p>
   </div>
   <div class='ocr_carea' id='block_1_112' title="bbox 2297 4576 3803 4651">
    <p class='ocr_par' dir='ltr' id='par_1_112' title="bbox 2297 4576 3803 4651">
     <span class='ocr_line' id='line_1_112' title="bbox 2297 4576 3803 4651; baseline 0.001 -19"><span class='ocrx_word' id='word_1_813' title='bbox 2297 4581 2379 4632; x_wconf 81' lang='grc' dir='ltr'><strong>Τὸ.</strong></span> <span class='ocrx_word' id='word_1_814' title='bbox 2400 4582 2463 4631; x_wconf 76' lang='grc' dir='ltr'><strong>ὲκ</strong></span> <span class='ocrx_word' id='word_1_815' title='bbox 2485 4579 2585 4648; x_wconf 85' lang='grc' dir='ltr'><em>τῆς</em></span> <span class='ocrx_word' id='word_1_816' title='bbox 2604 4576 2700 4630; x_wconf 89' lang='grc' dir='ltr'><em>τοῦ</em></span> <span class='ocrx_word' id='word_1_817' title='bbox 2729 4577 2984 4648; x_wconf 77' lang='grc' dir='ltr'><strong>Σωτῆρος</strong></span> <span class='ocrx_word' id='word_1_818' title='bbox 3014 4579 3174 4650; x_wconf 76' lang='grc' dir='ltr'>ἡμῶν</span> <span class='ocrx_word' id='word_1_819' title='bbox 3197 4580 3497 4651; x_wconf 68' lang='grc' dir='ltr'><em>ἐπιδημίας</em></span> <span class='ocrx_word' id='word_1_820' title='bbox 3522 4582 3803 4650; x_wconf 81' lang='grc' dir='ltr'><em>εὐαγγελι-</em></span> 
     </span>
    </p>
   </div>
   <div class='ocr_carea' id='block_1_113' title="bbox 2224 4670 3805 4741">
    <p class='ocr_par' dir='ltr' id='par_1_113' title="bbox 2224 4670 3805 4741">
     <span class='ocr_line' id='line_1_113' title="bbox 2224 4670 3805 4741; baseline 0.001 -17"><span class='ocrx_word' id='word_1_821' title='bbox 2224 4671 2453 4739; x_wconf 79' lang='grc' dir='ltr'><em>ζόμενος</em></span> <span class='ocrx_word' id='word_1_822' title='bbox 2480 4670 2664 4738; x_wconf 78' lang='grc' dir='ltr'><em>ἁγαθά</em></span> <span class='ocrx_word' id='word_1_823' title='bbox 2686 4670 2822 4741; x_wconf 86' lang='grc' dir='ltr'><em>φησί</em></span> <span class='ocrx_word' id='word_1_824' title='bbox 2838 4686 2943 4723; x_wconf 90' lang='grc' dir='ltr'><em>που</em></span> <span class='ocrx_word' id='word_1_825' title='bbox 2971 4672 2999 4724; x_wconf 90' lang='lat'><strong>6</strong></span> <span class='ocrx_word' id='word_1_826' title='bbox 3022 4671 3155 4733; x_wconf 81' lang='grc' dir='ltr'><em>Θεὸς</em></span> <span class='ocrx_word' id='word_1_827' title='bbox 3178 4675 3310 4741; x_wconf 80' lang='grc' dir='ltr'><em>περὶ</em></span> <span class='ocrx_word' id='word_1_828' title='bbox 3334 4673 3441 4727; x_wconf 83' lang='grc' dir='ltr'><em>τῶν</em></span> <span class='ocrx_word' id='word_1_829' title='bbox 3466 4672 3665 4726; x_wconf 77' lang='grc' dir='ltr'>ἑαυτοῦ</span> <span class='ocrx_word' id='word_1_830' title='bbox 3689 4692 3805 4725; x_wconf 77' lang='grc' dir='ltr'><em>ποι-</em></span> 
     </span>
    </p>
   </div>
   <div class='ocr_carea' id='block_1_114' title="bbox 2228 4761 3808 4849">
    <p class='ocr_par' dir='ltr' id='par_1_114' title="bbox 2228 4761 3808 4849">
     <span class='ocr_line' id='line_1_114' title="bbox 2228 4761 3808 4849; baseline -0.001 -33"><span class='ocrx_word' id='word_1_831' title='bbox 2228 4764 2422 4834; x_wconf 80' lang='grc' dir='ltr'><em>μνίων,</em></span> <span class='ocrx_word' id='word_1_832' title='bbox 2445 4764 2528 4816; x_wconf 83' lang='grc' dir='ltr'><em>ὅτι</em></span> <span class='ocrx_word' id='word_1_833' title='bbox 2568 4761 2913 4827; x_wconf 80' lang='grc' dir='ltr'><em>Ἀναστήσω</em></span> <span class='ocrx_word' id='word_1_834' title='bbox 2948 4762 3156 4828; x_wconf 80' lang='grc' dir='ltr'><em>αὐτοῖς</em></span> <span class='ocrx_word' id='word_1_835' title='bbox 3182 4763 3471 4849; x_wconf 74' lang='grc' dir='ltr'><em>ποιμένας</em></span> <span class='ocrx_word' id='word_1_836' title='bbox 3512 4766 3668 4819; x_wconf 83' lang='grc' dir='ltr'><em>κατὰ</em></span> <span class='ocrx_word' id='word_1_837' title='bbox 3702 4765 3808 4831; x_wconf 77' lang='grc' dir='ltr'><em>τὴν</em></span> 
     </span>
    </p>
   </div>
   <div class='ocr_carea' id='block_1_115' title="bbox 2226 4853 3809 4924">
    <p class='ocr_par' dir='ltr' id='par_1_115' title="bbox 2226 4853 3809 4924">
     <span class='ocr_line' id='line_1_115' title="bbox 2226 4853 3809 4924; baseline -0.001 -13"><span class='ocrx_word' id='word_1_838' title='bbox 2226 4856 2481 4923; x_wconf 78' lang='grc' dir='ltr'><em>καρδίαν</em></span> <span class='ocrx_word' id='word_1_839' title='bbox 2502 4872 2621 4924; x_wconf 81' lang='grc' dir='ltr'><strong>μου</strong></span> <span class='ocrx_word' id='word_1_840' title='bbox 2644 4854 2743 4907; x_wconf 75' lang='grc' dir='ltr'><strong>καὶ</strong></span> <span class='ocrx_word' id='word_1_841' title='bbox 2774 4853 3179 4921; x_wconf 59' lang='grc' dir='ltr'><em>ποιμνοῦσιν</em></span> <span class='ocrx_word' id='word_1_842' title='bbox 3209 4855 3369 4907; x_wconf 83' lang='grc' dir='ltr'><em>αὐτὰ⁴</em></span> <span class='ocrx_word' id='word_1_843' title='bbox 3391 4858 3809 4923; x_wconf 71' lang='grc' dir='ltr'><em>ποιμαίνοντες</em></span> 
     </span>
    </p>
   </div>
   <div class='ocr_carea' id='block_1_116' title="bbox 2221 4943 3877 5018">
    <p class='ocr_par' dir='ltr' id='par_1_116' title="bbox 2221 4943 3877 5018">
     <span class='ocr_line' id='line_1_116' title="bbox 2221 4943 3877 5018; baseline -0.001 -16"><span class='ocrx_word' id='word_1_844' title='bbox 2221 4948 2351 5018; x_wconf 78' lang='grc' dir='ltr'><em>μετ’</em></span> <span class='ocrx_word' id='word_1_845' title='bbox 2370 4946 2733 5014; x_wconf 77' lang='grc' dir='ltr'><strong>ἐπιστήμης.</strong></span> <span class='ocrx_word' id='word_1_846' title='bbox 2756 4943 2965 5008; x_wconf 85' lang='grc' dir='ltr'>Παῦλος</span> <span class='ocrx_word' id='word_1_847' title='bbox 2982 4944 3039 4997; x_wconf 76' lang='grc' dir='ltr'><em>δὲ</em></span> <span class='ocrx_word' id='word_1_848' title='bbox 3059 4946 3088 4997; x_wconf 92' lang='lat'><strong>6</strong></span> <span class='ocrx_word' id='word_1_849' title='bbox 3108 4945 3206 5013; x_wconf 83' lang='grc' dir='ltr'><em>τῆς</em></span> <span class='ocrx_word' id='word_1_850' title='bbox 3228 4944 3480 5014; x_wconf 75' lang='grc' dir='ltr'><strong>ἀληθείας</strong></span> <span class='ocrx_word' id='word_1_851' title='bbox 3501 4948 3680 5017; x_wconf 75' lang='grc' dir='ltr'><strong>κῆρυξ</strong></span> <span class='ocrx_word' id='word_1_852' title='bbox 3701 4950 3807 5009; x_wconf 82' lang='grc' dir='ltr'><em>τοῖς</em></span> <span class='ocrx_word' id='word_1_853' title='bbox 3870 4960 3877 4969; x_wconf 81' lang='lat'><em>&#39;</em></span> 
     </span>
    </p>
   </div>
   <div class='ocr_carea' id='block_1_117' title="bbox 2242 5035 3807 5111">
    <p class='ocr_par' dir='ltr' id='par_1_117' title="bbox 2242 5035 3807 5111">
     <span class='ocr_line' id='line_1_117' title="bbox 2242 5035 3807 5111; baseline -0.003 -18"><span class='ocrx_word' id='word_1_854' title='bbox 2242 5038 2509 5107; x_wconf 83' lang='grc' dir='ltr'><em>Ἐφεσίων</em></span> <span class='ocrx_word' id='word_1_855' title='bbox 2533 5035 2930 5107; x_wconf 73' lang='grc' dir='ltr'><em>πρεσϐυτέροις</em></span> <span class='ocrx_word' id='word_1_856' title='bbox 2955 5036 3322 5111; x_wconf 83' lang='grc' dir='ltr'><em>προσομιλῶν,</em></span> <span class='ocrx_word' id='word_1_857' title='bbox 3344 5038 3699 5105; x_wconf 74' lang='grc' dir='ltr'><em>Προσέχετε,</em></span> <span class='ocrx_word' id='word_1_858' title='bbox 3718 5056 3807 5106; x_wconf 67' lang='grc' dir='ltr'><strong>φηο</strong></span> 
     </span>
    </p>
   </div>
   <div class='ocr_carea' id='block_1_118' title="bbox 2226 5124 3805 5199">
    <p class='ocr_par' dir='ltr' id='par_1_118' title="bbox 2226 5124 3805 5199">
     <span class='ocr_line' id='line_1_118' title="bbox 2226 5124 3805 5199; baseline -0.004 -14"><span class='ocrx_word' id='word_1_859' title='bbox 2226 5134 2331 5198; x_wconf 72' lang='grc' dir='ltr'><em>σὶν,</em></span> <span class='ocrx_word' id='word_1_860' title='bbox 2364 5130 2620 5195; x_wconf 73' lang='grc' dir='ltr'><em>ἑαυτοῖς,</em></span> <span class='ocrx_word' id='word_1_861' title='bbox 2652 5128 2752 5182; x_wconf 77' lang='grc' dir='ltr'><strong>καί</strong></span> <span class='ocrx_word' id='word_1_862' title='bbox 2781 5128 2961 5182; x_wconf 71' lang='grc' dir='ltr'><em>παντί</em></span> <span class='ocrx_word' id='word_1_863' title='bbox 3001 5129 3081 5194; x_wconf 81' lang='grc' dir='ltr'><em>τῷ</em></span> <span class='ocrx_word' id='word_1_864' title='bbox 3108 5130 3383 5199; x_wconf 72' lang='grc' dir='ltr'><em>ποιμνίῳ,</em></span> <span class='ocrx_word' id='word_1_865' title='bbox 3400 5130 3471 5182; x_wconf 80' lang='grc' dir='ltr'><strong>ἐν</strong></span> <span class='ocrx_word' id='word_1_866' title='bbox 3495 5124 3546 5197; x_wconf 85' lang='grc' dir='ltr'>ᾧ</span> <span class='ocrx_word' id='word_1_867' title='bbox 3566 5128 3722 5199; x_wconf 78' lang='grc' dir='ltr'><em>ὑμᾶς</em></span> <span class='ocrx_word' id='word_1_868' title='bbox 3744 5128 3805 5181; x_wconf 77' lang='grc' dir='ltr'><em>τὸ</em></span> 
     </span>
    </p>
   </div>
   <div class='ocr_carea' id='block_1_119' title="bbox 2219 5218 3803 5289">
    <p class='ocr_par' dir='ltr' id='par_1_119' title="bbox 2219 5218 3803 5289">
     <span class='ocr_line' id='line_1_119' title="bbox 2219 5218 3803 5289; baseline -0.004 -12"><span class='ocrx_word' id='word_1_869' title='bbox 2219 5222 2465 5289; x_wconf 80' lang='grc' dir='ltr'>Πνεῦμα</span> <span class='ocrx_word' id='word_1_870' title='bbox 2480 5219 2545 5272; x_wconf 88' lang='grc' dir='ltr'><em>τὸ</em></span> <span class='ocrx_word' id='word_1_871' title='bbox 2563 5219 2735 5286; x_wconf 81' lang='grc' dir='ltr'><em>ἅγιον</em></span> <span class='ocrx_word' id='word_1_872' title='bbox 2749 5218 2916 5274; x_wconf 76' lang='grc' dir='ltr'><em>ἔθετο</em></span> <span class='ocrx_word' id='word_1_873' title='bbox 2928 5220 3461 5287; x_wconf 71' lang='grc' dir='ltr'><em>ὲπισκόπους.”οτε</em></span> <span class='ocrx_word' id='word_1_874' title='bbox 3473 5222 3655 5273; x_wconf 81' lang='grc' dir='ltr'><em>τοίνυν</em></span> <span class='ocrx_word' id='word_1_875' title='bbox 3666 5221 3803 5287; x_wconf 71' lang='grc' dir='ltr'><em>ᾇπερ</em></span> 
     </span>
    </p>
   </div>
   <div class='ocr_carea' id='block_1_120' title="bbox 2224 5311 3803 5384">
    <p class='ocr_par' dir='ltr' id='par_1_120' title="bbox 2224 5311 3803 5384">
     <span class='ocr_line' id='line_1_120' title="bbox 2224 5311 3803 5384; baseline -0.002 -16"><span class='ocrx_word' id='word_1_876' title='bbox 2224 5314 2494 5383; x_wconf 74' lang='grc' dir='ltr'><em>ὑπέσχετο</em></span> <span class='ocrx_word' id='word_1_877' title='bbox 2510 5312 2641 5384; x_wconf 77' lang='grc' dir='ltr'><em>δρᾷν</em></span> <span class='ocrx_word' id='word_1_878' title='bbox 2655 5316 2681 5366; x_wconf 90' lang='lat'><strong>6</strong></span> <span class='ocrx_word' id='word_1_879' title='bbox 2698 5311 2829 5377; x_wconf 83' lang='grc' dir='ltr'><em>Θεὸς</em></span> <span class='ocrx_word' id='word_1_880' title='bbox 2848 5313 2969 5381; x_wconf 85' lang='grc' dir='ltr'><em>μετ’</em></span> <span class='ocrx_word' id='word_1_881' title='bbox 2984 5312 3104 5379; x_wconf 77' lang='grc' dir='ltr'>ὲξου</span> <span class='ocrx_word' id='word_1_882' title='bbox 3113 5313 3252 5376; x_wconf 87' lang='grc' dir='ltr'><em>σίας,</em></span> <span class='ocrx_word' id='word_1_883' title='bbox 3272 5313 3334 5365; x_wconf 81' lang='grc' dir='ltr'><em>τὸ</em></span> <span class='ocrx_word' id='word_1_884' title='bbox 3351 5313 3576 5381; x_wconf 82' lang='grc' dir='ltr'>Πνεῦμα</span> <span class='ocrx_word' id='word_1_885' title='bbox 3594 5312 3803 5381; x_wconf 70' lang='grc' dir='ltr'><em>πληροῖ,</em></span> 
     </span>
    </p>
   </div>
   <div class='ocr_carea' id='block_1_121' title="bbox 2229 5403 3806 5475">
    <p class='ocr_par' dir='ltr' id='par_1_121' title="bbox 2229 5403 3806 5475">
     <span class='ocr_line' id='line_1_121' title="bbox 2229 5403 3806 5475; baseline -0.002 -17"><span class='ocrx_word' id='word_1_886' title='bbox 2229 5408 2332 5459; x_wconf 69' lang='grc' dir='ltr'><strong>καὶ·</strong></span> <span class='ocrx_word' id='word_1_887' title='bbox 2353 5405 2617 5474; x_wconf 80' lang='grc' dir='ltr'><em>ποιμένας</em></span> <span class='ocrx_word' id='word_1_888' title='bbox 2649 5403 2856 5474; x_wconf 79' lang='grc' dir='ltr'><em>ἐγείρει</em></span> <span class='ocrx_word' id='word_1_889' title='bbox 2889 5408 3033 5459; x_wconf 70' lang='grc' dir='ltr'><em>κατὰ</em></span> <span class='ocrx_word' id='word_1_890' title='bbox 3070 5404 3170 5475; x_wconf 74' lang='grc' dir='ltr'><strong>τὴν</strong></span> <span class='ocrx_word' id='word_1_891' title='bbox 3210 5405 3269 5457; x_wconf 74' lang='grc' dir='ltr'><strong>ὲν</strong></span> <span class='ocrx_word' id='word_1_892' title='bbox 3301 5405 3615 5475; x_wconf 80' lang='grc' dir='ltr'><em>προφήταις</em></span> <span class='ocrx_word' id='word_1_893' title='bbox 3640 5406 3806 5469; x_wconf 77' lang='grc' dir='ltr'><em>ἑπαγ-</em></span> 
     </span>
    </p>
   </div>
   <div class='ocr_carea' id='block_1_122' title="bbox 2228 5492 3800 5566">
    <p class='ocr_par' dir='ltr' id='par_1_122' title="bbox 2228 5492 3800 5566">
     <span class='ocr_line' id='line_1_122' title="bbox 2228 5492 3800 5566; baseline -0.003 -18"><span class='ocrx_word' id='word_1_894' title='bbox 2228 5498 2440 5565; x_wconf 78' lang='grc' dir='ltr'><em>γελίαν,</em></span> <span class='ocrx_word' id='word_1_895' title='bbox 2468 5497 2569 5550; x_wconf 79' lang='grc' dir='ltr'><strong>οὐκ</strong></span> <span class='ocrx_word' id='word_1_896' title='bbox 2597 5494 2878 5565; x_wconf 82' lang='grc' dir='ltr'><em>ἀλλότριον</em></span> <span class='ocrx_word' id='word_1_897' title='bbox 2919 5495 3030 5566; x_wconf 78' lang='grc' dir='ltr'><strong>ἄρα</strong></span> <span class='ocrx_word' id='word_1_898' title='bbox 3056 5494 3156 5564; x_wconf 81' lang='grc' dir='ltr'><em>τῆς</em></span> <span class='ocrx_word' id='word_1_899' title='bbox 3199 5493 3350 5556; x_wconf 78' lang='grc' dir='ltr'><em>θείας</em></span> <span class='ocrx_word' id='word_1_900' title='bbox 3406 5494 3596 5556; x_wconf 81' lang='grc' dir='ltr'><em>οὐσίας</em></span> <span class='ocrx_word' id='word_1_901' title='bbox 3639 5492 3800 5551; x_wconf 64' lang='grc' dir='ltr'><strong>ἐστὶν.</strong></span> 
     </span>
    </p>
   </div>
   <div class='ocr_carea' id='block_1_123' title="bbox 2522 5603 3795 5687">
    <p class='ocr_par' dir='ltr' id='par_1_123' title="bbox 2522 5603 3795 5687">
     <span class='ocr_line' id='line_1_123' title="bbox 2522 5603 3795 5687; baseline -0.007 -20"><span class='ocrx_word' id='word_1_902' title='bbox 2522 5615 2543 5646; x_wconf 73' lang='grc'>⁸</span> <span class='ocrx_word' id='word_1_903' title='bbox 2594 5613 2747 5667; x_wconf 82' lang='lat' dir='ltr'><strong>Rom.</strong></span> <span class='ocrx_word' id='word_1_904' title='bbox 2794 5626 2915 5678; x_wconf 76' lang='grc' dir='ltr'><em>νιιι,</em></span> <span class='ocrx_word' id='word_1_905' title='bbox 2962 5612 3052 5678; x_wconf 71' lang='grc' dir='ltr'><em>Η,</em></span> <span class='ocrx_word' id='word_1_906' title='bbox 3086 5612 3173 5667; x_wconf 75' lang='lat' dir='ltr'><strong>lii.</strong></span> <span class='ocrx_word' id='word_1_907' title='bbox 3280 5612 3300 5644; x_wconf 85' lang='grc'><strong><em>⁸</em></strong></span> <span class='ocrx_word' id='word_1_908' title='bbox 3339 5608 3529 5687; x_wconf 80' lang='lat' dir='ltr'><strong>Matth.</strong></span> <span class='ocrx_word' id='word_1_909' title='bbox 3579 5603 3795 5671; x_wconf 75' lang='lat' dir='ltr'><strong>xv:,l7.</strong></span> 
     </span>
    </p>
   </div>
  </div>
