4030 6222
571 302 678 367 863

1797 319 2182 378 ΕΗΤΗΥΜΙΙ
2223 321 2548 380 ZIGABEN
2560 321 2604 383 Ι.

3743 325 3851 388 8⁸⁵4

573 415 857 481 apostolos,
898 418 1083 473 deinde
1111 423 1413 489 prophetas,
1451 425 1604 478 tertio
1653 427 1917 491 doctores,
1963 429 2143 482 deinde

2254 430 2422 482 ἔθετο
2452 432 2483 481 ὁ
2507 431 2654 495 Θεὸς
2689 430 2757 482 ἐν
2792 428 2865 498 τῇ
2910 430 3244 498 Ἐκκλησία
3271 431 3508 498 πρῶτον
3567 434 3847 487 ἀποστό-

569 504 808 572 virtutes,
867 521 1045 573 postea
1102 515 1304 580 gratias
1345 517 1697 584 curationum,
1757 519 2149 586 opitulationes,

573 600 995 668 gubernatioues,
1023 619 1214 668 genera
1268 605 1571 676 linguarum
1615 611 1655 664 ¹.
1693 610 1828 676 Quid
1863 612 2028 680 igitur
2049 613 2153 665 du-

571 692 766 755 bitant,
797 708 866 744 an
899 694 1137 758 Spiritus
1172 697 1245 749 sit
1283 697 1422 751 Deus
1452 715 1548 768 per
1566 703 1884 767 essentiam,
1913 706 2003 771 qui
2060 717 2152 755 so-

573 783 679 835 lum
716 784 780 834 ad
811 784 1252 840 ralumniaudum
1305 798 1429 842 sunt
1462 792 1813 859 paratissimi,
1845 807 1966 846 cum
2005 792 2150 843 Pau-

570 875 651 925 lus
687 876 1026 940 apertissime
1055 877 1219 941 dirat,
1261 879 1522 947 Spiritum
1551 898 1672 937 esse
1707 885 1798 953 qui
1839 884 2138 951 gratiarum

567 978 765 1029 genera
800 967 1025 1033 dividat,
1057 973 1512 1036 quemadmodum
1558 977 1704 1040 vult,
1767 977 1964 1029 deinde
2022 979 2154 1028 verd’

567 1057 820 1122 Subjiciat
847 1058 1013 1111 Deum
1048 1078 1191 1125 esse,
1219 1065 1307 1132 qui
1344 1070 1395 1116 in
1437 1068 1688 1122 ecclesiis
1723 1070 1836 1121 lucc
1865 1069 1978 1137 ipsa
2035 1068 2152 1120 dis-

571 1148 809 1200 tribuat?
841 1148 1030 1205 Nonne
1059 1164 1240 1207 autem
1267 1158 1559 1211 absurdum
1603 1169 1704 1223 est,
1731 1175 1824 1214 eos
1879 1161 1968 1228 qui
2003 1170 2149 1212 recte

565 1239 754 1290 volunt
775 1242 996 1306 sentire,
1035 1259 1137 1297 non
1168 1245 1317 1299 Pauli
1344 1249 1548 1312 verbis,
1577 1251 1670 1305 sed
1692 1251 1877 1304 stultis
1908 1249 2141 1303 aliorum

564 1328 726 1384 dictis
761 1335 1042 1388 attendere
1065 1336 1240 1393 tDcus
1264 1355 1392 1408 ergo
1429 1340 1661 1410 Spiritus
1682 1352 1784 1408 est,
1816 1343 1940 1396 licet
1960 1358 2145 1395 amen-

569 1431 650 1476 tes
683 1422 929 1481 homines
957 1428 1150 1483 nolint.

1203 1699 1288 1752 Ea:
1305 1703 1505 1756 eadem.

632 1782 831 1837 Scribit
857 1801 1047 1840 rursus
1085 1789 1223 1841 idem
1249 1794 1582 1859 Apostolus:
1620 1793 1680 1849 Si
1722 1813 1834 1859 nos,
1871 1797 2142 1867 inquiens,

561 1875 701 1926 vobis
730 1879 1026 1942 spiritantia
1062 1881 1459 1947 seminavimus,
1492 1903 1741 1955 magnum
1788 1898 1887 1950 est,
1919 1892 1962 1942 si
2023 1907 2150 1942 car-

561 1967 706 2019 nalia
740 1979 908 2021 vestra
933 1980 1190 2024 metamus
1224 1976 1244 2005 ³
1277 1975 1622 2042 ?spirilualia
1670 1981 1924 2032 nimirum
1958 1982 2147 2051 appel-

559 2054 632 2107 lat
659 2056 862 2121 divina,
889 2061 1028 2112 sicut
1059 2062 1317 2116 carnalia.
1355 2080 1473 2131 quae
1505 2068 1570 2118 ad
1596 2082 1813 2121 carnem
1845 2070 2146 2136 pertinent.

560 2146 924 2211 Quamobrem
953 2152 998 2205 si
1025 2153 1230 2218 divina,
1277 2157 1377 2210 hoc
1406 2166 1508 2218 est,
1545 2158 1638 2212 Dei
1686 2164 1941 2228 mysteria
2001 2175 2147 2218 recte

561 2236 855 2303 appellavit
893 2240 1225 2306 spiritualia,
1263 2243 1403 2298 Deus
1456 2245 1704 2315 profecto
1753 2247 1990 2317 Spiritus
2043 2261 2144 2317 est,

556 2325 713 2396 cujus
749 2332 1003 2399 mysteria
1028 2334 1240 2387 vocavit
1267 2337 1604 2403 spiritualia.

1021 2511 1107 2567 Ea:
1127 2515 1353 2571 Joannis
1372 2518 1679 2588 Evangelia.

626 2601 870 2667 Quodam
900 2602 1018 2658 loco
1053 2607 1118 2659 de
1146 2608 1325 2677 seipso
1366 2610 1594 2679 loquens
1614 2615 1666 2668 in
1691 2615 1997 2684 Evangeliis
2026 2619 2148 2674 Ser-

556 2705 708 2747 vator
745 2711 758 2746 :
828 2691 960 2764 Ego,
1004 2696 1200 2765 inquit,
1244 2716 1360 2753 sum
1408 2704 1601 2757 veritas
1637 2706 1678 2762 ⁸.
1713 2706 1909 2763 Beatus
1963 2721 2143 2764 autem

553 2783 814 2850 Joannes,
849 2799 914 2840 ex
963 2785 1145 2841 Patris
1207 2793 1439 2845 essmtia
1491 2807 1652 2864 atque
1707 2798 1825 2854 Filii
1885 2801 2143 2870 Spiritum

553 2889 676 2927 esse
700 2877 1100 2944 demonstrans,
1133 2878 1411 2948 Spiritum,
1452 2883 1650 2954 inquit,
1684 2890 1947 2957 veritatis,
1982 2909 2072 2962 qui
2112 2911 2144 2946 a

557 2965 721 3020 Patre
746 2970 978 3033 procedit
1005 2972 1047 3024 ⁵.
1074 2970 1130 3026 In
1190 2972 1428 3042 Epistola
1469 2989 1651 3034 autem
1693 2999 1707 3034 :
1763 2981 2015 3049 Spiritus,
2060 2986 2146 3040 itt-

2255 524 2428 584 λους,
2456 521 2741 588 δεύτερον
2770 523 3105 590 προφήτας,
3160 524 3364 591 τρίτον
3401 523 3848 591 διδασκάλους,

2253 606 2381 665 εἶτα
2414 610 2721 677 δυνάμεις,
2751 610 2961 664 ἔπειτα
2982 613 3326 680 χαρίσματα
3348 612 3635 681 ιαμάτων,
3674 616 3849 668 ἀντι-

2253 702 2496 770 λήψεις,
2528 706 2948 775 κυϐερνήσεις,
2979 708 3124 774 γένη
3173 705 3489 774 γλωσσῶν.
3526 709 3595 760 Τί
3655 709 3848 760 τοίνυν

2253 796 2712 862 ἀμφιὸάλλουσιν,
2766 801 2815 850 εἰ
2879 798 3014 860 Θεὸς
3069 799 3131 850 τδ
3169 800 3395 869 Πνεῦμα
3437 801 3682 870 ὑπάρχει
3719 805 3845 854 κατ’

2253 890 2463 954 οὐσίαν,
2503 892 2549 942 οἱ
2585 891 2725 960 πρὸς
2789 892 2949 961 μόνον
2993 891 3056 944 τὸ
3097 892 3411 962 δυσφημεῖν
3464 895 3840 961 ἑτοιμότατοι,

2254 981 2470 1034 Παύλου
2505 984 2825 1050 σαφέστατα
2876 983 3182 1045 διειπόντος
3240 985 3359 1053 μὲν,
3404 985 3481 1047 ὡς
3511 986 3570 1038 τὸ
3605 985 3842 1055 Πνεῦμὰ

2253 1074 2370 1126 ἐστι
2403 1074 2465 1126 τὸ
2495 1074 2768 1144 διαιροῦν,
2805 1075 2991 1138 καθὼς
3019 1075 3088 1128 ἂν
3134 1075 3267 1127 αὐτὸ
3299 1075 3583 1148 βούληται,
3622 1077 3690 1130 τὰ
3725 1080 3838 1130 τῶν

2252 1167 2610 1234 χαρισμάτων
2640 1167 2779 1236 ετδη,
2840 1163 2961 1220 εἶτα
2997 1168 3163 1223 πάλιν
3191 1169 3328 1222 Θεὸν
3356 1167 3496 1224 εἶναι
3529 1171 3842 1238 φάσκοντος

2250 1258 2343 1310 τὸν
2380 1259 2438 1311 ὲν
2468 1263 2588 1319 ταῖς
2619 1260 2944 1327 ἐκκλησίαις
2971 1261 3041 1313 τὰ
3073 1262 3306 1316 τοιαῦτα
3340 1263 3690 1332 χορηγοῦντα
3723 1265 3842 1324 τοῖς

2250 1351 2456 1418 ἀγίοιςς
2502 1350 2625 1411 Πῶς
2658 1351 2715 1404 δὲ
2755 1352 2854 1402 οὐκ
2883 1353 3088 1405 ἄτοπον
3129 1355 3258 1416 τοὺς
3314 1353 3495 1422 ὀρθῶς
3538 1354 3837 1416 ἐθέλοντας

2250 1443 2473 1508 φρονεῖν
2531 1442 2606 1509 μὴ
2665 1444 2784 1501 ταῖς
2819 1442 2916 1494 τοῦ
2971 1442 3188 1496 Παύλου
3243 1447 3472 1512 φωναῖς,
3531 1446 3673 1499 ἀλλὰ
3715 1449 3837 1508 ταῖς

2248 1532 2424 1586 ἄλλων
2459 1535 2752 1604 προσέχειν
2784 1534 3068 1597 ἀδουλίαις
3098 1553 3114 1601 ;
3141 1535 3277 1599 Θεὸς
3328 1533 3422 1590 οὖν
3479 1541 3540 1590 τὸ
3581 1537 3834 1606 Πνεῦμα,

2248 1621 2351 1674 κᾶν
2380 1620 2433 1675 οἱ
2459 1623 2691 1692 ἀμαθεῖς
2729 1624 2805 1694 μὴ
2839 1625 3160 1692 βούλωνται.

2794 1717 2894 1769 Ἐκ
2938 1715 3045 1783 τῆς
3082 1716 3297 1783 αὐτῆς.

2333 1807 2670 1860 Ἐπιστέλλει
2698 1807 2860 1861 πάλιν
2885 1811 2911 1860 ὁ
2943 1809 3155 1868 Παῦλος
3185 1825 3329 1860 τισιν
3352 1824 3365 1837 ·
3398 1811 3465 1862 EI
3490 1810 3664 1876 ἡμεῖς
3693 1811 3837 1878 ὑμῖν

2247 1897 2320 1949 τὰ
2351 1896 2729 1965 πνευματικὰ
2751 1898 3137 1966 ἐσπείραμεν,
3183 1897 3339 1966 μέγα
3359 1901 3420 1951 si
3450 1897 3620 1965 ἡμεῖς
3665 1900 3834 1968 ὑμῶν

2248 1986 2321 2038 τὰ
2339 1987 2596 2053 σαρκικὰ
2630 1988 2992 2055 θερίσομεν;
3021 1987 3163 2040 Ἀλλ’
3190 1988 3308 2040 ἔστι
3340 1981 3519 2056 δῆλον,
3553 1990 3637 2041 ὅτι
3668 2008 3833 2042 πνευ·

2253 2078 2464 2146 ματικὰ
2501 2079 2572 2130 τὰ
2601 2078 2719 2130 θεῖα
2765 2078 2942 2132 πάντα
2971 2075 3115 2132 εἷναί
3159 2097 3348 2148 φησιν,
3381 2078 3575 2150 ὥσπερ
3598 2076 3694 2133 οὖν
3734 2084 3830 2133 καὶ

2248 2171 2315 2222 τὰ
2361 2169 2606 2238 σαρκικὰ
2653 2170 2723 2222 τὰ
2765 2171 2868 2237 τῆς
2913 2172 3138 2240 σαρκός.
3206 2172 3269 2224 Εί
3323 2172 3507 2223 τοίνυν
3561 2173 3630 2225 τὰ
3687 2174 3828 2236 Θεῖα,

2248 2263 2502 2314 τουτέστι
2543 2263 2612 2314 τὰ
2670 2263 2804 2332 περὶ
2839 2262 2976 2316 Θεοῦ
3038 2264 3338 2334 μυστήρια,
3378 2265 3563 2328 καλῶς
3593 2265 3658 2335 δὴ
3687 2267 3830 2333 μάλα

2249 2353 2418 2404 ποιῶν
2474 2352 2827 2424 ἀποκέκληκε
2891 2355 3266 2423 πνευματικὰ,
3332 2354 3467 2416 Θεὸς
3507 2356 3576 2408 ἄν
3637 2358 3722 2424 εἴη
3771 2357 3830 2409 τὸ

2249 2442 2499 2513 Πνεῦμα,
2556 2439 2618 2496 οὐ
2678 2446 2773 2496 καὶ
2827 2446 3115 2515 μυστήρια
3177 2445 3420 2514 κέκληκε
3457 2453 3827 2516 πνευματικά.

2470 2538 2565 2590 Ἐκ
2590 2537 2697 2591 τοῦ
2721 2537 2873 2590 κατὰ
2905 2537 3197 2605 Ἰωάννην
3223 2538 3616 2606 Euan-8.1101}.

2334 2629 2422 2681 Ἐν
2445 2630 2556 2690 τοῖς
2613 2630 2979 2696 Εὐαγγελίοις
3035 2629 3138 2682 πού
3183 2646 3350 2700 φησιν
3398 2633 3427 2683 ὁ
3461 2631 3657 2700 Σωτὴρ
3701 2633 3834 2698 περὶ

2249 2720 2496 2783 ἑαυτοῦ,‹
2521 2720 2662 2787 Ἐγώ
2684 2722 2802 2788 είμι
2821 2724 2852 2791 ἡ
2874 2722 3125 2793 ἀλήθεια.
3141 2739 3160 2773 ›
3183 2723 3244 2774 Ὀ
3272 2722 3617 2792 δὲμακόῳιος
3647 2723 3830 2776 Ἰωάν-

2247 2830 2344 2882 νης
2378 2812 2442 2866 εκ
2467 2831 2525 2866 τε
2552 2815 2651 2881 τῆς
2697 2813 2792 2866 τοῦ
2829 2815 3044 2884 Πατρὸς
3074 2815 3264 2877 οὐσίας
3300 2815 3396 2868 καὶ
3458 2815 3554 2868 τοῦ
3589 2815 3720 2869 Υἰοῦ
3761 2816 3823 2868 τὸ

2248 2903 2474 2973 Πνεῦμα
2527 2905 2812 2966 δεικνύων,
2868 2906 2927 2957 ὲν
2988 2907 3087 2973 μὲν
3121 2910 3236 2969 τοῖς
3260 2907 3621 2974 Εὑαγγελίοις
3655 2907 3828 2976 φησί’

2255 2993 2325 3046 Τὸ
2357 2993 2599 3061 Πνεῦμα
2624 2993 2736 3061 τῆς
2789 2993 3096 3060 ἀληθείας,
3141 2995 3174 3048 ὃ
3214 2995 3375 3062 παρὰ
3440 2996 3550 3048 τοῦ
3602 2998 3834 3064 Πατρός

553 3059 692 3125 quit,
722 3070 797 3113 est
845 3065 1031 3117 veritas
1061 3067 1102 3117 ⁸.
1141 3066 1422 3131 Quomodo
1477 3069 1662 3140 igitur,
1697 3087 1818 3127 cum
1851 3092 1917 3130 ex
1969 3077 2130 3133 Patre

2250 3059 2644 3152 ἐκπορεύεται*
2684 3059 2744 3137 εν
2790 3084 2845 3137 δὲ
2868 3059 2934 3154 τῇ
2961 3059 3222 3153 ἐπιστολῆ
3243 3103 3255 3117 ·
3284 3059 3359 3138 ’Ῠύ
3392 3088 3637 3155 Πνεῦμα
3661 3059 3832 3142 ἐστιν

554 3151 837 3218 procedat,
862 3163 914 3206 ct
954 3152 1192 3224 Spiritus
1228 3158 1474 3212 veritatis
1493 3160 1565 3213 sit
1593 3173 1816 3231 pr0pter
1876 3166 2135 3220 similitu-

2250 3176 2282 3242 ἡ
2313 3175 2592 3244 ἀλήθεια.
2629 3175 2756 3238 Πῶς
2787 3172 2880 3229 οὖν
2909 3151 2975 3228 τὸ
3007 3177 3075 3228 ὲκ
3109 3151 3221 3229 τοῦ
3266 3179 3483 3247 Πατρὸς
3529 3151 3831 3248 ἐκπορευό-

552 3244 732 3297 dinem
764 3253 817 3298 et
849 3247 1094 3314 ejusdem
1119 3254 1377 3305 essentia:
1395 3260 1666 3318 naturam,
1703 3255 1861 3318 adeo,
1921 3267 1980 3311 ut
2023 3259 2140 3329 ipse

2250 3283 2430 3335 μενον,
2464 3269 2558 3320 καὶ
2599 3268 2828 3335 Πνεῦμα
2875 3269 2976 3337 τῆς
3010 3267 3272 3336 ἀληθείας
3317 3244 3568 3337 ὑπαρχον
3600 3244 3690 3322 sui
3731 3269 3830 3338 τὴν

553 3351 769 3405 quoque
795 3338 995 3394 veritas
1024 3342 1344 3410 appelletur,
1407 3343 1588 3400 factus
1640 3358 1694 3400 et
1747 3359 1966 3406 creatus
2023 3353 2141 3407 sit?

2250 3359 2569 3428 ἐμφέρειαν,
2598 3362 2695 3412 καὶ
2723 3360 2822 3430 τὴν
2877 3361 2978 3430 τῆς
3004 3360 3194 3423 οὐσίας
3222 3362 3556 3430 ταυτότητα,
3597 3360 3674 3423 ὡς
3695 3361 3827 3430 dli;—

576 3428 883 3482 Absurdum
914 3430 966 3484 id
1002 3432 1219 3502 quidem
1252 3443 1357 3488 est.
1384 3433 1572 3506 Itaque
1591 3437 1730 3492 Deus
1763 3450 1850 3495 est
1880 3439 2137 3511 Spiritus,

2250 3451 2394 3506 Βειαν
2422 3452 2734 3516 καλεῖσθαι,
2772 3428 2864 3505 καὶ
2893 3428 3026 3505 αὐτὸ
3054 3452 3286 3522 γενητὸν
3331 3451 3399 3506 ἂν
3449 3428 3541 3521 εἴη
3603 3453 3701 3505 καὶ
3733 3428 3829 3504 πε-

553 3517 820 3588 siquidem
847 3521 1044 3578 veritas
1068 3533 1170 3589 est,
1201 3531 1257 3580 et
1278 3538 1308 3579 a
1349 3525 1512 3582 Patre
1535 3529 1802 3598 procedit.

2250 3543 2535 3611 ποιημὲνον
2559 3559 2574 3608 ;
2607 3542 2770 3595 Ἀλλὰ
2796 3543 2956 3595 τοῦτο
2978 3517 3208 3596 ἄτοπον.
3263 3541 3479 3596 Οὐκοῦν
3505 3517 3567 3598 τὸ
3600 3543 3824 3613 Πνεῦμα

2241 3635 2398 3699 Θεὸς,
2426 3637 2592 3706 εἴπερ
2614 3635 2785 3699 ὄντως
2807 3635 3063 3708 ἀλήθεια,
3089 3636 3184 3690 καὶ
3201 3637 3266 3689 ἑκ
3295 3637 3514 3707 [ἰατρὸς
3537 3636 3828 3706 ὲκπορεύε·

2240 3745 2353 3782 ται.

1193 3805 1281 3868 Ex
1300 3809 1503 3865 eodem.

2783 3820 2886 3874 Ἐκ
2930 3822 3037 3875 τοῦ
3077 3820 3289 3876 αὑτοῦ.

626 3901 826 3955 Beatus
858 3898 1097 3955 Joannes
1121 3901 1188 3955 de
1219 3899 1396 3956 Verbo
1421 3903 1513 3958 Dei
1547 3903 1773 3975 loquens
1815 3909 1990 3978 ipsum
2019 3925 2141 3968 esse

2322 3913 2385 3969 '0
2422 3914 2698 3984 μακάριος
2740 3915 3001 3984 Ἰωάννης
3035 3914 3165 3981 περὶ
3198 3913 3296 3968 τοῦ
3332 3914 3469 3968 Θεοῦ
3502 3916 3684 3982 Λόγου
3710 3915 3826 3968 διας

554 3995 690 4047 dixit
718 3995 892 4050 lucem
919 4007 1124 4056 veram,
1153 4007 1276 4061 qua:
1311 3993 1576 4048 illuminat
1605 4011 1821 4051 outnent
1864 4001 2137 4056 hominem

2250 4007 2556 4076 λαμϐάνων,
2610 4007 2775 4060 αὐτὸν
2826 4003 2968 4061 εἷναί
3020 4024 3155 4078 φησι
3180 4007 3242 4060 τὸ
3272 4007 3389 4078 φῶς
3433 4007 3494 4060 τὸ
3553 4007 3828 4078 ἀληθινὸν,

551 4085 862 4138 seuientem
898 4084 949 4134 in
1008 4082 1151 4136 hunc
1193 4083 1450 4135 mundum
1483 4084 1524 4136 ‘.
1581 4082 1651 4136 At
1702 4087 2140 4154 sapientissimus

2250 4096 2525 4166 Βφωτίζει
2563 4098 2744 4154 πάντα
2784 4098 3081 4168 ἄνθρωπον
3113 4101 3415 4171 ἐρχόμενον
3449 4101 3533 4163 είς
3581 4101 3679 4156 τὸν
3740 4103 3829 4154 uri-

551 4173 754 4228 Paulus
807 4172 1066 4241 Spiritum
1134 4181 1381 4226 sanctum
1437 4171 1726 4241 splendere
1777 4175 1827 4227 in
1885 4175 2140 4231 cordibus

2250 4205 2403 4258 σμον.
2446 4190 2503 4243 Ὀ
2527 4189 2582 4243 δὲ
2609 4189 2923 4258 σοφώτατος
2966 4192 3176 4256 Παῦλος
3207 4195 3267 4246 τὸ
3298 4191 3522 4263 Πνεῦμα
3555 4195 3619 4248 τὺ
3678 4194 3831 4262 ἅγιον

552 4265 758 4318 nostris
800 4262 1086 4318 aﬂirntavit
1123 4265 1191 4318 ad
1253 4263 1673 4319 illustrationem
1725 4266 1913 4334 gloria:
1945 4269 2036 4323 Dei
2085 4270 2137 4322 in

2250 4281 2546 4350 ἑλλάμπειν
2576 4283 2633 4335 ὲν
2659 4284 2781 4345 ταῖς
2812 4283 3070 4354 καρδίαις
3098 4284 3256 4354 ἡμῶν
3276 4262 3660 4356 διισχυρίσατο
3699 4288 3831 4356 πρὸς

552 4369 782 4424 persona
845 4354 1045 4410 Christi
1079 4355 1386 4410 ".Proinde
1441 4371 1560 4410 cum
1622 4355 1855 4412 Verbum
1917 4360 1990 4413 sit
2044 4359 2137 4414 lux

2250 4373 2527 4442 φωτισμὸν
2583 4373 2686 4442 τῆς
2728 4374 2987 4442 γνώσεως
3011 4375 3114 4444 τῆς
3173 4376 3376 4438 δόσεως
3415 4354 3526 4429 τοῦ
3566 4378 3707 4431 Θεοῦ
3745 4354 3828 4431 Ἵὲν

551 4460 704 4511 vera,
741 4447 1025 4514 splendeat
1060 4459 1239 4502 antetn
1265 4447 1503 4518 Spiritus
1537 4461 1786 4515 sanctus,
1827 4452 2138 4507 necessario

2250 4439 2525 4535 itpoctbv'tttp
2564 4439 2751 4534 Ἰησοῦ*
2780 4467 3040 4537 Χριστοῦ.
3064 4439 3231 4521 δοτου
3260 4468 3442 4522 τοίνυν
3474 4471 3504 4521 ὁ
3523 4470 3701 4538 Λόγος
3737 4471 3832 4540 μὲν

551 4541 825 4594 Fatendum
849 4548 955 4603 est,
980 4556 1010 4594 e
1035 4542 1224 4595 δειιιὶαι
1273 4538 1435 4594 Verbi
1467 4556 1587 4595 esse
1641 4542 1807 4596 etiam
1868 4541 2130 4611 Spiritum

548 4646 818 4698 sanetum,
846 4649 941 4702 per
976 4649 1135 4703 quem
1164 4634 1433 4688 illuminat
1454 4649 1671 4691 omnem
1692 4636 1989 4702 hominem,
2011 4651 2131 4690 cunt

550 4727 786 4796 Spiritus
821 4725 1361 4794 sanctisplendorem
1402 4736 1661 4798 tanquam
1718 4729 1969 4784 essentia:
2012 4743 2137 4797 pro-

548 4819 680 4890 pria:
698 4819 914 4874 radium
945 4817 1238 4888 quemdam
1261 4819 1500 4873 emittat.

1012 5014 1248 5084 Objectio
1285 5015 1678 5068 hereticorum.

623 5106 680 5161 Si
712 5117 1049 5173 sanctorum,
1089 5109 1369 5177 inquiunt,
1425 5107 1638 5162 animos
1690 5106 1894 5176 Spiritu
1947 5119 2138 5165 sancto

551 5201 722 5255 Deum
751 5213 961 5270 ungere
992 5199 1295 5264 afﬁrmatis,
1327 5200 1588 5268 unguenti
1650 5199 1832 5254 locum
1887 5208 1943 5254 et
1991 5201 2140 5256 ordi-

555 5307 678 5346 nem
706 5291 942 5360 Spiritus
975 5292 1265 5347 obtinebit.
1297 5292 1468 5346 Porro
1526 5292 1618 5362 qui
1652 5292 1768 5346 ﬁeri
1818 5303 2016 5362 potest,
2080 5303 2139 5346 ttt

551 5383 793 5450 ejusdem
827 5384 1081 5439 essentia:
1107 5385 1177 5438 sit
1205 5393 1561 5454 unguentum,
1595 5393 1649 5441 et
1680 5384 1771 5439 ille
1818 5386 1908 5453 qui
1955 5386 2135 5454 ungit,

555 5491 677 5530 cum
704 5478 1042 5532 consuetudo
1100 5487 1285 5530 nostra
1321 5476 1373 5530 id
1432 5493 1537 5531 nou
1593 5478 1869 5547 patiatur?
1905 5493 1938 5533 o
1990 5477 2138 5531 omni

555 5566 784 5620 stultitia
805 5567 965 5631 ebrii,
992 5577 1048 5622 et
1077 5568 1317 5621 omnium
1339 5566 1651 5637 turpissima
1687 5567 1826 5634 pleni
1863 5567 2140 5621 temerita-

634 5680 876 5751 prbes.
935 5699 1006 5746 tv,
1049 5683 1133 5738 ll.
1211 5688 1230 5717 ²
1260 5685 1274 5738 l
1305 5686 1433 5740 Cor.
1466 5702 1537 5751 Ix,
1579 5686 1664 5740 11.

563 5749 581 5779 ⁷
610 5747 653 5800 ll
696 5751 820 5805 Cur.
869 5768 945 5816 tv,
981 5755 1034 5807 6.

1777 5687 1795 5717 ³
1836 5683 1993 5738 .loan.
2031 5701 2141 5751 xw,
2171 5685 2224 5738 6.

2243 4556 2362 4609 ἔστι
2397 4556 2457 4609 τὸ
2482 4559 2596 4625 φῶς
2621 4557 2682 4610 τὸ
2713 4558 2990 4628 ἀληθινὸν,
3019 4559 3292 4630 meum
3319 4560 3376 4614 δὲ
3429 4561 3490 4613 τὸ
3520 4561 3750 4632 Πνεῦμα
3773 4562 3829 4615 τὸ

2243 4651 2420 4715 ἅγιον,
2455 4649 2672 4720 ἀνάγκη
2699 4651 2850 4704 πᾶσα
2895 4651 2995 4717 τῆς
3043 4652 3236 4716 οὐσίας
3282 4654 3377 4706 τοῦ
3427 4653 3608 4720 Λόγου
3653 4655 3831 4708 καὶτὸ

2244 4740 2472 4810 Πνεῦμα
2504 4741 2916 4810 συνομολογεῖν,
2949 4743 3024 4795 δι’
3059 4737 3121 4797 οὐ
3150 4745 3378 4812 φωτίζει
3407 4745 3593 4798 πάντα
3620 4747 3830 4815 ἀνθρω-

2244 4851 2369 4897 πον,
2404 4831 2595 4902 ὥσπερ
2612 4833 2733 4886 τινὰ
2752 4835 2853 4902 τῆς
2876 4833 3086 4898 οἰκείας
3118 4835 3340 4904 φύσεως
3367 4839 3566 4891 ἀκτῖνα
3615 4840 3832 4910 προτεί-

2248 4944 2360 4979 νων
2385 4924 2485 4991 τὴν
2507 4924 2594 4976 διὰ
2617 4927 2759 4978 Πνεύ
2769 4943 2941 4996 ματος
2967 4926 3262 4996 ἔλλαμψιν.

2692 5018 2750 5071 Ἀ
2760 5020 3026 5081 ντίθεσις
3052 5018 3383 5087 αΙρετικῶν.

2313 5111 2374 5163 Ei
2415 5109 2514 5173 τὰς
2554 5109 2663 5162 τῶν
2714 5110 2904 5175 ἁγίων,
2954 5110 3143 5180 φησὶν,
3195 5110 3377 5180 ψυχας
3429 5109 3832 5181 καταχρέεσθαί

2246 5218 2385 5268 φατε
2417 5202 2570 5270 παρὰ
2595 5201 2730 5254 Θεοῦ
2765 5202 2841 5269 τῷ
2873 5202 3016 5272 ἁγίῳ
3047 5202 3349 5272 Πνεύματι,
3379 5205 3440 5255 ἐν
3467 5204 3625 5266 τάξει
3658 5205 3826 5273 μύρου

2243 5293 2302 5345 τὸ
2338 5293 2560 5362 Πνεῦμα
2602 5294 2868 5348 κείσεται.
2905 5295 3014 5347 Καὶ
3044 5296 3163 5359 πῶς
3194 5295 3260 5348 ἂν
3294 5296 3378 5364 εἴη
3407 5296 3509 5360 τῆς
3540 5297 3716 5361 αὐτῆς
3743 5297 3827 5348 οὐ·

2248 5383 2368 5444 σίας
2401 5383 2480 5452 τῷ
2508 5383 2718 5453 χρίοντι
2745 5385 2805 5436 τὸ
2846 5385 3042 5453 μύρον,
3081 5385 3218 5456 μηδὲ
3244 5386 3346 5455 τῆς
3376 5387 3495 5440 καθ’
3521 5390 3671 5455 ἡμᾶς
3705 5405 3826 5439 συν-

2245 5474 2439 5544 ηθείας
2462 5476 2523 5527 τὸ
2549 5476 2788 5529 τοιοῦτον
2817 5477 3245 5548 ὲπιδεχόμενον;
3277 5479 3322 5531 ὣ
3354 5480 3503 5549 πάσῃ
3540 5480 3826 5546 μεθύοντες

2248 5567 2422 5636 ἀνοίᾳ,
2450 5568 2545 5619 καὶ
2565 5569 2665 5636 τῆς
2694 5569 2925 5621 ἁπασῶν
2949 5571 3235 5640 αἰσχίστης
3257 5571 3518 5633 ἀϐουλίας
3545 5568 3824 5636 ἀνάπλεῳί

2335 5685 2354 5714 ⁸
2385 5683 2541 5738 Joan.
2618 5702 2706 5753 xv,
2739 5685 2828 5739 :26.
2908 5688 2928 5718 ⁸
2965 5685 3168 5741 lJoan.
3215 5704 3266 5752 ν,
3299 5686 3353 5741 6.
3460 5684 3657 5740 ‘Joan.
3703 5700 3742 5746 t,
3771 5684 3819 5740 9~
