4030 6222
198 265 310 328 865

1162 268 1540 329 PANOPIJA
1575 269 2026 331 DOGMATICA.
2056 295 2123 306 -
2164 271 2312 333 TIT.
2358 272 2501 334 XII.

3360 281 3466 345 866

192 379 272 433 Οὐ
296 378 473 449 βραχὺ
494 376 879 449 διανήψαντες,
908 382 1005 434 καὶ
1030 378 1132 444 τὰς
1147 384 1277 453 περὶ
1309 385 1585 453 σωμάτων
1615 384 1777 452 ἀφέν-

1887 386 1967 439 tet
2005 385 2193 441 Nonne
2224 400 2516 456 parumper
2556 385 2909 455 resipiscetis,
2929 397 2982 442 et
3003 401 3292 458 corporeas
3325 396 3468 459 cogi-

188 488 289 534 τες
316 469 545 533 ἑννοίας,
572 469 931 526 ἀνελεύσεσθε
962 472 1100 543 πρὸς
1130 474 1197 527 τὰ
1228 476 1445 545 μεγάλα
1470 476 1569 546 τῆς
1602 475 1783 529 θεολοο

186 563 323 632 γίας
365 562 660 632 ὑψώματα,
696 561 793 616 καὶ
833 563 1155 633 θεοπρεπῶς
1191 567 1258 620 τὰ
1304 567 1438 637 περὶ
1484 567 1585 636 τῆς
1628 567 1779 630 θείας

188 654 413 723 φύσεως
432 652 741 722 λαλούμενα
759 652 1105 723 διαλήψεσθε,
1136 655 1239 709 κᾶν
1259 657 1625 725 ἀνθρωπίνοις
1643 675 1780 729 προ-

190 747 435 817 φέρηται
464 744 699 815 ῥήμασι,
732 744 825 797 καὶ
856 748 954 815 τῆς
1002 746 1139 815 πρὸς
1174 747 1321 817 ἡμᾶς
1355 748 1649 818 συνηθείας
1680 749 1779 821 οὐχ

191 837 510 908 ΰπρὸαίειῃ
554 836 617 889 τὸ
669 836 877 907 σχῆμα,
918 836 1007 891 διὰ
1045 839 1108 891 τὸ
1145 839 1301 907 μόλις
1341 838 1486 893 οὕτω
1519 840 1779 895 δύνασθαι

186 930 339 983 νοεῖν
372 928 497 991 τοὺς
524 927 912 997 ἀκροωμένους
939 943 955 993 ς
997 927 1118 981 Ἵνα
1146 929 1203 982 δέ
1232 947 1283 981 τι
1308 930 1429 993 ταῖς
1467 929 1620 1000 ὑμῶν
1647 930 1779 1001 εὑη-

187 1021 371 1083 θείαις
431 1019 683 1089 εἴπωμεν
758 1020 1040 1089 συγγενὲς,
1095 1021 1144 1074 εί
1189 1022 1248 1075 ιν
1296 1022 1447 1087 τάξει
1500 1022 1675 1093 μύρου
1720 1022 1780 1078 rb

186 1110 421 1178 Πνεῦμα
463 1110 707 1163 κείσεται
742 1110 868 1163 καθ’
911 1112 1079 1181 ὑμᾶς,
1110 1112 1299 1181 ἐπειδὴ
1334 1112 1396 1165 τὸ
1428 1112 1653 1183 ’χρίσμα
1684 1113 1778 1167 τοῦ

188 1200 445 1271 χρίοντος
483 1200 565 1253 δεῖ
598 1199 815 1262 πάντως
851 1192 994 1252 εἶναι
1028 1198 1402 1268 ὲτεροούσιον,
1438 1200 1654 1268 ἀνάγκη
1687 1199 1777 1251 λέ-

190 1310 316 1359 γειν
336 1332 351 1355 ,
385 1292 575 1361 ἐπειδὴ
606 1291 669 1345 τὸ
709 1291 885 1363 μύρον
912 1293 976 1344 ἐκ
1010 1290 1224 1344 πολλῶν
1260 1290 1596 1344 συντέθειται
1626 1290 1780 1361 παρὰ

189 1383 305 1434 τῶν
332 1384 414 1446 εἰς
439 1381 598 1435 τοῦτο
621 1384 824 1452 σοφῶν,
845 1381 1061 1451 ἀνάγκη
1088 1382 1260 1435 καὶτὸ
1287 1381 1515 1453 Πνεῦμα
1541 1381 1603 1435 τὸ
1624 1382 1778 1450 ᾶγιον

184 1473 279 1525 διὰ
307 1473 518 1526 πολλῶν
538 1475 673 1544 ἡμῖν
692 1474 790 1529 καὶ
810 1472 1420 1540 ποικίλωνσυγκείσθαι
1447 1474 1650 1545 μερῶν.
1669 1474 1779 1528 Καὶ

187 1562 363 1616 πάλιν
396 1563 584 1633 ἐπειδὴ
624 1564 686 1616 τὸ
729 1562 901 1634 μύρον
929 1562 1125 1631 ἄλογον
1146 1603 1161 1627 ,
1191 1562 1384 1631 ἄλογον
1423 1562 1565 1615 ἔστω
1595 1564 1689 1616 καὶ
1716 1563 1778 1616 τὸ

189 1653 423 1723 Πνεῦμα
451 1656 513 1707 τὸ
548 1654 724 1723 ἅγιον.
779 1654 842 1709 Ἦ
877 1656 975 1725 μὲν
1005 1656 1098 1709 ἐπὶ
1130 1653 1305 1723 τούτῳ
1335 1654 1620 1725 δυσφημία
1649 1655 1781 1725 δρα-

188 1748 381 1813 μεῖται
426 1745 645 1809 πάντως
684 1747 762 1809 είς
797 1747 899 1810 τὰς
934 1747 1160 1801 ἐκείνων
1203 1746 1449 1814 κεφαλάς
1471 1761 1486 1777 ο
1516 1747 1678 1816 ἡμεῖς
1719 1745 1779 1799 δὲ

187 1836 382 1898 αὐτοῖς
411 1835 907 1907 ἀπεπαγάγωμεν,
930 1838 992 1891 Et
1023 1838 1360 1907 έτεροοὺσιον
1385 1837 1448 1889 rb
1473 1837 1693 1907 Πνεῦμα
1718 1836 1780 1890 τὸ

186 1928 353 1995 ἅγιον
389 1928 484 1982 τοῦ
512 1929 570 1980 tv
585 1928 733 1999 αὐτῷ
775 1928 1022 1998 χρίοντος
1051 1929 1178 1991 τοὺς
1217 1928 1406 1996 ἁγίους
1435 1926 1595 1993 Θεοῦ,
1633 1929 1775 1995 πῶς,

187 2018 291 2071 τοῦ
338 2018 659 2088 Πνεύματος
709 2018 987 2082 οίκοῦντος
1032 2018 1089 2071 ὲν
1139 2020 1294 2088 ἡμῖν,
1338 2018 1573 2089 Χριστὸς
1615 2020 1779 2073 οἰκῶν

193 2108 591 2162 ἀποδείκνυται
610 2109 639 2160 ὀ
666 2107 743 2178 τῷ
773 2110 945 2178 Πατρὶ
974 2109 1097 2162 κατ’
1117 2107 1302 2161 οὐσίαν
1324 2108 1421 2177 οὐχ
1446 2108 1634 2178 ἕτερον
1666 2108 1774 2177 div;

192 2199 378 2267 ὀπερ
405 2196 562 2260 εἰδὼς
584 2199 715 2251 καὶὸ
744 2198 953 2261 Παῦλος
971 2197 1298 2251 ἐπιστέλλειν
1318 2198 1455 2251 Ἵνα
1481 2200 1601 2265 δῴη
1633 2200 1779 2267 ἡμῖν

186 2290 346 2343 κατὰ
393 2289 501 2343 τὸν
553 2290 821 2345 πλοῦτον
874 2290 984 2360 τῆς
1027 2290 1254 2355 δόσεως
1298 2291 1487 2345 αὐτοῦ
1529 2291 1777 2359 δυνάμει

184 2382 631 2450 κραταιωθῆναι
664 2382 761 2437 διὰ
788 2384 896 2437 τοῦ
924 2385 1269 2451 Πνεύματος
1300 2385 1510 2445 αὑτοῦ,
1551 2387 1638 2450 εἰς
1670 2386 1778 2438 τὸν

185 2474 316 2527 ἔσω
354 2473 669 2541 ἄνθρωπον
698 2473 1056 2542 κατοικῆσαι
1092 2476 1199 2529 τὸν
1236 2475 1498 2544 Χριστὸν
1535 2475 1631 2527 διὰ
1667 2473 1776 2541 τῆς

184 2564 456 2630 πίστεως
494 2564 565 2617 ἐν
594 2563 723 2629 ταῖς
764 2563 1033 2633 καρδίαις
1060 2566 1264 2633 ,ήμῶν.
1309 2567 1438 2619 Ὀιε
1472 2566 1649 2619 τοίνυν
1687 2564 1777 2617 διὰ

184 2653 286 2706 τοῦ
320 2654 463 2706 Πνεύ
473 2670 640 2724 ματος
666 2657 744 2716 είς
773 2654 867 2709 τὸν
896 2654 1004 2709 ἔσω
1031 2655 1319 2728 ἄνθρωπον
1340 2659 1367 2711 ὁ
1387 2656 1620 2725 Χριστὸς
1638 2671 1777 2708 κατ·

187 2750 357 2811 σικετ,
422 2746 683 2817 πρόδηλον
739 2746 1031 2817 δήπουθεν,
1072 2746 1146 2809 ὡς
1195 2748 1296 2801 οὐκ
1332 2747 1613 2816 ἀλλότριόν
1659 2748 1775 2799 ἐστι

186 2836 291 2904 τῆς
352 2834 543 2898 οὐσίας
605 2832 771 2888 αὐτοῦ
827 2835 890 2888 τὸ
936 2835 1005 2889 δι’
1060 2828 1123 2889 οὗ
1169 2837 1282 2898 τοῖς
1340 2838 1519 2905 ἁγίοις
1549 2838 1775 2891 ὲνοικῶν

188 2925 478 2993 φαίνεται.

422 3020 527 3075 Ἐκ
555 3018 662 3074 τοῦ
685 3018 855 3086 κατὰ,
871 3018 1148 3087 Ἰωάννην
1172 3020 1562 3090 Εὐαγτελίου.

279 3109 343 3165 'O
380 3108 587 3179 Κύριος
631 3110 789 3180 ἡμῶν
837 3108 1047 3178 Ἰησοῦς
1085 3110 1321 3175 Χριστὸς
1358 3110 1524 3179 τιμὴν
1555 3109 1774 3164 ἀποσώ-

190 3202 307 3265 ξων
331 3202 401 3269 τῇ
420 3200 542 3271 θείᾳ
563 3199 743 3269 φύσει,
765 3200 1138 3272 ἀφεθήσεσθαι
1164 3201 1264 3271 μὲν
1281 3200 1677 3272 διισχυρίζεται
1696 3202 1776 3271 τῷ

188 3292 409 3359 λέγοντι
436 3291 593 3359 λόγον
619 3291 761 3345 κατὰ
784 3292 877 3345 τοῦ
904 3291 1035 3345 Υίοῦ
1055 3292 1152 3345 τοῦ
1175 3291 1486 3363 ἀνθρώπου,
1512 3292 1589 3363 τῷ
1615 3293 1671 3346 δὲ
1694 3295 1777 3357 είς

188 3386 258 3437 τὸ
277 3383 436 3452 ἃγιον
467 3383 691 3455 Πνεῦμα
714 3385 1129 3456 δυσφημήσαντι
1153 3384 1255 3437 οὐκ
1283 3384 1619 3454 ἀφεθήσεται
1650 3384 1775 3438 οὔτε

189 3478 256 3527 ιν
285 3474 369 3543 τῷ
404 3474 500 3529 νῦν
528 3474 715 3539 αίῶνι,
754 3471 878 3527 οὔτε
911 3476 969 3527 ἐν
1013 3474 1093 3544 τῷ
1123 3474 1393 3545 μέλλοντι.
1439 3475 1578 3529 Ἀλλ’
1616 3478 1775 3546 εἰπερ

189 3563 266 3636 ἦν
292 3566 509 3636 ποίημα
532 3567 590 3619 τὸ
621 3565 845 3635 Πνεῦμα
865 3567 928 3619 τὸ
955 3565 1132 3634 ἅγιον,
1161 3566 1257 3620 καὶ
1288 3567 1363 3637 μὴ
1390 3568 1489 3638 τῆς
1512 3568 1661 3632 θείας
1683 3570 1775 3622 οὐ-

192 3658 322 3719 σίας
345 3658 561 3727 ὑπῆρχε
584 3657 758 3727 Πατρὶ
778 3656 1130 3726 συνθεολογού
1139 3673 1321 3727 μενον,
1351 3657 1471 3721 πῶς
1488 3659 1521 3727 ἠ
1541 3660 1622 3722 είς
1643 3660 1776 3713 αὐτὸ

188 3748 486 3817 δυσφημία
512 3747 781 3818 τοσαύτην
810 3746 925 3817 ἔχει
960 3748 1060 3816 τὴν
1083 3748 1330 3814 κόλασιν,
1362 3749 1461 3818 ὅση
1495 3750 1639 3804 κατὰ
1665 3750 1775 3804 τῶν

190 3840 280 3900 εἰς
312 3838 449 3891 Θεὸν
477 3838 906 3910 δυσφημούντων
934 3839 1178 3910 ὁρίζεται
1202 3857 1217 3907 ;
1264 3840 1405 3893 Ἀλλ’
1436 3839 1555 3894 ἔστι
1584 3841 1774 3909 δῆλον⁶,

192 3938 276 3985 ὅτι
310 3934 446 3995 Θεὸς
475 3935 540 3986 ὲκ
563 3934 719 3999 Θεοῦ,
753 3935 846 3988 καὶ
868 3937 926 3987 ὲν
950 3934 1069 4005 Θεῷ
1094 3936 1156 3989 τὸ
1184 3935 1430 4005 Πνεῦμα,
1458 3936 1521 3988 τὸ
1544 3934 1619 3999 ὡς
1644 3935 1776 3997 Θεὸς

190 4025 516 4093 τιμώμενον
562 4026 717 4095 παρὰ
763 4028 880 4089 ταῖς
929 4026 1103 4091 θείαις
1161 4027 1429 4097 Γραφαίς,
1472 4029 1566 4081 καὶ
1603 4025 1777 4090 οὕτως

194 4120 225 4171 ὑ
238 4118 451 4188 πάρχον
480 4119 545 4188 τῇ
578 4117 761 4187 φύσει.

771 4208 865 4261 Ἐκ
898 4208 1003 4262 τοῦ
1038 4209 1249 4264 αὐτοῦ.

273 4303 359 4366 Ei,
377 4301 627 4371 καθάπερ
661 4302 826 4370 φησὶν
841 4300 1123 4371 ὁΣωτὴρ,ε
1146 4301 1203 4353 '0
1215 4303 1561 4369 γεννώμενος
1594 4304 1655 4355 lx
1680 4302 1773 4356 τοῦ

1798 3048 1845 3113 C

1886 476 2121 531 tationes
2185 477 2520 539 omittentes.
2566 477 2633 530 ad
2662 477 2950 532 sublimem
3009 478 3298 547 theologia;
3350 499 3467 533 nnt-

1883 568 2219 636 gnitudinem
2249 571 2654 630 conscendetis,
2687 579 2742 622 et
2769 584 2888 636 qua:
2920 569 2986 623 de
3044 580 3234 623 natura
3284 572 3462 624 divina

1881 658 2023 711 dicta
2053 668 2201 721 sunt,
2260 657 2384 712 licet
2410 660 2661 712 humanis
2688 661 2870 712 verbis
2922 661 3296 721 enuntientur,
3366 675 3467 713 no-

1881 762 2113 821 straeque
2142 750 2555 803 consuetudinis
2597 750 2886 812 rationem,
2933 752 3075 819 quod
3109 753 3200 803 vix
3237 752 3305 802 ita
3341 767 3464 819 pns-
3548 790 3553 793 .
3594 792 3597 793 ν

1881 841 1989 895 sint
2015 844 2082 894 ab
2109 839 2457 893 audientibus
2479 838 2705 907 percipi,
2748 854 2854 890 non
2884 850 3166 908 superant,
3254 843 3465 893 ratione

1883 938 2062 981 tamen
2107 927 2214 980 Deo
2261 927 2620 980 conveniente
2647 925 3003 995 intelligetis?
3036 927 3233 979 Verum
3280 929 3462 981 stult-’-

1885 1018 1971 1071 tize
2004 1027 2195 1070 vestrae
2228 1030 2530 1082 congruens
2571 1016 2773 1084 aliquid
2798 1017 3247 1083 respondeamus.
3281 1014 3337 1069 Si
3368 1033 3465 1084 per

1883 1125 1980 1164 vos
2009 1110 2265 1178 unguenti
2297 1107 2475 1161 locum
2510 1118 2672 1176 atque
2706 1107 2950 1161 ordinem
2981 1107 3215 1175 Spiritus
3248 1111 3463 1161 obtine-

1882 1201 1981 1264 bit,
2012 1201 2266 1269 quoniam
2296 1210 2627 1268 unguentum
2663 1199 2730 1251 ab
2761 1214 2825 1252 eo
2870 1200 2961 1266 qui
2990 1200 3160 1266 ungit,
3196 1198 3459 1251 diversum

1884 1292 2084 1345 habere
2122 1301 2378 1343 naturam
2416 1303 2641 1342 necesse
2671 1298 2774 1353 est,
2805 1305 2929 1341 num
2982 1290 3148 1342 etiam
3208 1290 3459 1356 quoniam

1884 1393 2222 1452 unguentum
2250 1382 2316 1436 ab
2350 1381 2651 1435 artiﬁcibus
2698 1394 2763 1434 ex
2802 1382 2987 1435 multis
3043 1381 3345 1443 conﬁcitur,
3373 1398 3465 1434 ne-

1882 1488 2035 1529 cesse
2057 1472 2340 1543 eritzvobis
2367 1479 2421 1526 et
2457 1469 2727 1539 Spiritum
2762 1480 3008 1525 sanctum
3041 1470 3221 1523 multis
3251 1486 3315 1523 es
3335 1487 3461 1539 par-

1886 1564 2029 1618 tibus
2057 1578 2179 1618 esse
2203 1561 2611 1633 compositum?
2637 1561 2907 1615 Praeterea
2945 1577 3070 1615 cum
3126 1572 3459 1629 unguentum

1885 1656 2111 1710 rationis
2127 1656 2200 1709 sit
2228 1669 2449 1723 expers,
2481 1654 2710 1708 rationis
2760 1668 2954 1721 expers
2983 1653 3241 1707 sitetiatn
3293 1650 3463 1719 Spiri«

1885 1756 1969 1799 tus
1991 1756 2235 1799 sanctus.
2259 1743 2412 1810 Quod
2435 1746 2538 1798 hoc
2566 1744 2621 1798 in
2646 1759 2705 1798 re
2728 1743 2866 1796 male
2893 1743 3094 1796 dictum
3125 1749 3226 1803 est,
3280 1743 3332 1796 in
3369 1760 3464 1796 eo-

1884 1855 2001 1893 rum
2026 1839 2205 1906 capita
2242 1836 2466 1891 Omnino
2488 1837 2763 1891 decurret.
2804 1834 2911 1889 Nos
2944 1846 3123 1889 autem
3150 1844 3335 1890 contra
3379 1838 3456 1889 sit:

1882 1930 2204 1998 objiciemus
2234 1947 2249 1985 :
2289 1929 2346 1982 Si
2387 1928 2597 1984 diversa
2632 1927 2869 1997 Spiritus
2904 1929 3139 1982 essentia
3159 1940 3241 1983 est
3270 1944 3296 1979 a
3330 1927 3459 1989 Dco,

1880 2021 1970 2089 qni
2002 2029 2224 2073 sanctos
2246 2020 2398 2089 ungit
2429 2019 2544 2085 ipso
2575 2017 2805 2087 Spiritu,
2839 2034 2938 2073 cur
2970 2018 3175 2087 Spiritu
3214 2020 3266 2071 in
3302 2020 3457 2072 DOIJIS

1882 2110 2156 2163 habitante
2190 2109 2443 2162 Christus
2474 2109 2724 2163 habitare
2768 2109 3198 2167 demonstratur,
3222 2109 3312 2178 qni
3348 2126 3454 2161 non

1880 2213 1959 2254 est
1980 2202 2217 2254 essentia
2242 2202 2490 2254 diversus
2518 2218 2545 2252 ει
2577 2200 2781 2254 Patre?
2823 2199 2980 2265 Quod
3036 2202 3249 2269 quidem
3315 2200 3455 2253 Pan-

1880 2293 1962 2345 lns
1996 2294 2301 2359 intelligens
2328 2310 2339 2344 :
2370 2290 2437 2345 Ut
2486 2293 2594 2352 det,
2625 2291 2819 2361 inquit,
2840 2292 2999 2344 'nobis
3019 2293 3299 2344 secundum
3322 2293 3460 2344 divi-

1880 2386 1982 2436 tias
2016 2385 2195 2452 gloria:
2254 2400 2364 2435 sua:
2418 2384 2496 2435 vir
2520 2393 2604 2434 ute
2652 2382 2989 2436 corroborari
3058 2398 3151 2449 per
3201 2383 3455 2450 Spiritum

1877 2492 2052 2536 suum,
2086 2476 2138 2527 in
2170 2475 2422 2527 interiore
2477 2475 2703 2538 homine,
2766 2475 3010 2528 habitare
3061 2474 3325 2529 Christum
3367 2489 3457 2532 per

1877 2567 2033 2633 ﬁdem
2066 2569 2119 2619 in
2175 2568 2419 2619 cordibus
2476 2568 2669 2620 nostris
2702 2570 2741 2621 ⁸.
2807 2566 2942 2622 Cum
3010 2567 3174 2637 igitur
3210 2567 3458 2620 Christus

1882 2671 1977 2724 per
2003 2656 2259 2724 Spiritum
2290 2656 2492 2709 habitet
2520 2659 2572 2708 in
2608 2658 2824 2711 homine
2879 2657 3162 2722 interiore,
3238 2660 3451 2725 perstri-

1877 2758 2037 2799 cuum
2079 2755 2185 2810 est,
2230 2747 2405 2814 ipsum
2453 2748 2689 2801 essentia
2742 2763 2847 2801 non
2882 2747 3100 2802 differre
3131 2751 3197 2802 ab
3238 2767 3302 2802 eo
3361 2765 3457 2819 per

1878 2852 2037 2907 quem
2071 2840 2122 2891 in
2159 2841 2366 2893 sanctis
2390 2838 2892 2895 videturhubitare.

2337 3014 2420 3068 Ex
2443 3014 2669 3069 Joannis
2690 3013 2993 3084 Evangelia.

1950 3106 2207 3162 Dominus
2264 3118 2448 3162 noster
2498 3106 2657 3163 Jesus
2712 3107 2991 3173 Christus,
3048 3109 3244 3163 divina:
3302 3120 3460 3161 natu-

1880 3216 1953 3255 ra:
2002 3201 2261 3253 honorem
2290 3214 2535 3264 servans,
2564 3199 2612 3253 ei
2644 3200 2737 3269 qui
2788 3200 3011 3255 verbum
3062 3202 3322 3255 adversus
3370 3199 3457 3253 Fi-

1880 3293 2010 3346 lium
2049 3292 2293 3346 hominis
2331 3292 2553 3357 dixerit,
2584 3294 2795 3345 veniam
2827 3292 3057 3346 aﬁirtnat
3088 3292 3371 3345 datnmiri.
3392 3295 3458 3343 At

1878 3386 1970 3455 qui
1998 3388 2047 3439 in
2072 3385 2332 3453 Spiritum
2361 3395 2605 3439 sanctum
2635 3385 2918 3441 maledicta
2945 3386 3257 3456 conjecerit,
3287 3386 3335 3438 ei
3369 3403 3462 3436 nr-

1878 3495 1980 3549 que
1995 3481 2046 3533 in
2060 3480 2165 3534 hoc
2181 3480 2375 3533 saeculo
2394 3479 2634 3547 ignotum
2657 3480 2930 3547 iri,neqne
2948 3480 3002 3532 in
3029 3480 3205 3532 futuro
3222 3481 3265 3530 ¹.
3297 3476 3446 3543 Quod

1877 3572 1921 3624 si
1941 3568 2494 3636 creatusestSpiritus
2534 3580 2773 3637 sanctus,
2792 3570 2879 3623 cui
2905 3571 3189 3623 maledicta
3208 3572 3259 3621 in
3282 3571 3454 3636 ipsum

1877 3661 2188 3730 conjicienli
2244 3670 2452 3714 tantum
2519 3663 2840 3729 proponitur
2884 3661 3226 3729 supplicium,
3282 3676 3454 3728 quttu-

1879 3762 1990 3807 tum
2024 3752 2131 3807 Deo
2147 3751 2591 3806 maledicentibns
2610 3759 2693 3805 est
2710 3751 2987 3805 deﬁnitum
3008 3752 3031 3803 ?
3053 3751 3270 3805 Constat
3294 3753 3455 3818 igitur

1875 3842 2042 3899 Deum
2074 3859 2139 3897 ex
2159 3844 2266 3897 Deo
2286 3856 2405 3896 esse
2427 3842 2681 3911 Spiritum
2702 3852 2974 3910 sanctum,
2997 3845 3086 3911 qui
3112 3853 3169 3896 ut
3188 3843 3325 3897 Dens
3343 3847 3410 3897 im
3432 3874 3452 3883 α

1875 3943 2102 3988 noratur
2134 3935 2188 3988 in
2222 3933 2518 4003 Scripturis
2557 3933 2790 4002 divinis,
2824 3945 2985 4005 atque
3022 3936 3090 3989 ita
3128 3947 3316 3988 natura
3372 3948 3451 3989 est

1876 4024 2037 4079 Deus.

2404 4198 2489 4252 Ea:
2509 4200 2705 4252 eodem.

1951 4293 2030 4356 Si,
2054 4295 2503 4361 quemadmodum
2532 4292 2787 4346 Servator
2804 4292 2878 4346 ait
2911 4306 2925 4345 :
2956 4292 3060 4357 Qui
3102 4302 3257 4345 nutus
3278 4305 3352 4346 est
3387 4310 3453 4347 ea:

197 4394 523 4461 Πνεύμτος
557 4392 778 4461 πνεῦμά
807 4392 954 4443 ἐστιν
974 4404 989 4419 ⁸
1021 4408 1040 4442 ι
1071 4393 1100 4444 ὁ
1127 4391 1183 4443 δὲ
1212 4390 1452 4454 τοιοῦτος
1481 4393 1583 4446 οῦκ
1603 4394 1661 4456 ἐξ
1691 4396 1776 4446 αἱ·

1882 4383 2103 4449 Spirim,
2137 4384 2351 4451 spiritus
2380 4393 2454 4434 est
2492 4382 2534 4445 ⁸,
2571 4380 3203 4449 hnjnsmodiautmnnon
3222 4399 3287 4434 ex
3326 4400 3452 4434 suti-

200 4486 419 4554 μάτων,
457 4484 577 4537 οὐδὲ
609 4485 673 4538 ὲκ
701 4485 1004 4553 θελήματος
1036 4484 1249 4553 ἀνδρὸς,
1286 4484 1319 4553 ἢ
1351 4485 1631 4551 γυναικὸς,
1661 4487 1776 4540 ἀλλ’

196 4583 265 4631 ἐκ
306 4576 446 4630 Θεοῦ
476 4575 737 4646 ἐγεννήθη
763 4592 777 4606 ·
811 4576 942 4639 Θεὸς
970 4576 1080 4646 ἄρα
1115 4576 1177 4628 τὸ
1207 4574 1434 4645 Πνεῦμά
1475 4579 1588 4631 ἐστι
1637 4578 1778 4633 κατὰ

196 4670 370 4737 φύσιν
405 4670 465 4721 τὸ
495 4670 617 4731 τοὺς
648 4669 797 4729 υἱοὺς
830 4667 1139 4735 ἀναγεννῶν
1160 4668 1238 4730 είς
1272 4668 1499 4737 ἑνότητα
1520 4668 1617 4740 τὴν
1642 4672 1777 4740 πρὸς

198 4761 339 4811 Θεὸν
365 4758 453 4811 διὰ
478 4759 537 4810 τὸ
568 4759 838 4811 κατοικεῖν
861 4758 919 4811 ὲν
938 4757 1143 4821 αὐτοῖς,
1166 4755 1381 4826 καὶτῆς
1405 4757 1541 4821 ἰδίας
1563 4758 1777 4828 φύσεως

197 4848 541 4923 ὶργάζεσθαι
573 4830 901 4909 κοινωνούς..

273 4944 339 4996 Et
372 4943 607 4995 θεοποιεῖ
636 4940 695 4992 τὸ
727 4939 949 5009 Πνεῦμα
977 4940 1107 5003 τοὺς
1137 4942 1196 4995 ὲν
1220 4938 1301 5006 οἷς
1329 4944 1396 4997 ἂν
1421 4944 1652 5006 γένοιτο,
1682 4941 1779 4994 καὶ

201 5036 471 5105 μετόχους
509 5033 658 5094 θείας
685 5031 980 5099 ἐργάζεται
1008 5032 1223 5100 φύσεως
1242 5073 1256 5096 ,
1293 5036 1402 5104 ἄρα
1439 5034 1557 5087 ἐστὶ
1592 5032 1688 5087 καὶ
1715 5035 1780 5086 εκ

197 5127 300 5194 τῆς
336 5124 491 5186 θείας
527 5122 714 5184 οὐσίας
748 5122 992 5191 φυσικῶς
1031 5125 1099 5177 δι’
1131 5124 1261 5177 Υίοῦ
1292 5127 1359 5195 τῇ
1401 5124 1574 5178 κτίσει
1610 5140 1781 5193 χορη-

201 5216 505 5285 γούμενον,
546 5214 637 5266 καὶ
675 5214 1023 5282 ἀναμορφοῦν
1055 5216 1258 5286 αὐτὴν,
1300 5216 1375 5278 ὡς
1414 5215 1552 5286 πρὸς
1588 5214 1771 5267 ἑαυτό.

202 5310 421 5376 Ὠσπερ
455 5306 565 5374 γὰρ
598 5305 775 5374 φωτὸς
808 5306 1007 5358 οίκεῖον
1038 5305 1197 5376 ἔργον
1234 5306 1354 5359 ἐστὶ
1384 5306 1445 5359 rb
1479 5306 1771 5376 φωτίζειν,

203 5407 294 5453 καὶ
320 5400 425 5453 οὐκ
459 5399 525 5453 ἄν
558 5415 608 5451 τι
635 5398 852 5451 δύναιτο
883 5397 1157 5466 φωτίζειν,
1186 5399 1235 5450 εί
1269 5398 1345 5468 μὴ
1373 5397 1607 5467 ὑπάρχει
1634 5398 1770 5464 φῶς·

200 5492 347 5545 οὕτω
374 5488 583 5544 καὶτοῦ
614 5488 758 5541 θείου
783 5487 1096 5556 Πνεῦματος
1122 5488 1281 5558 ἔργον
1309 5488 1367 5539 τὸ
1396 5486 1574 5550 θείους
1603 5490 1739 5558 ιργά
1758 5518 1773 5530 ο

203 5584 394 5649 ζεσθαι
444 5583 569 5645 τοὺς
604 5581 929 5650 δεξαμένους
974 5580 1125 5644 αὐτὸ,
1174 5580 1268 5633 καὶ
1309 5577 1418 5632 οὐδ’
1452 5578 1517 5631 ἂν
1557 5579 1775 5647 φύσεως

277 5702 291 5729 ⁸
340 5698 538 5770 Ephes.
572 5712 651 5760 Ill,
699 5694 781 5759 16,
846 5695 932 5749 Π.

1041 5695 1061 5724 ¹
1132 5693 1322 5747 Mittit.
1382 5708 1478 5755 xtl,
1534 5694 1619 5746 53.
1701 5692 2092 5754 ’Joatt.ttt,ﬁ.

1875 4474 2129 4544 gninibus
2160 4487 2335 4542 neque
2390 4487 2454 4526 ex
2487 4474 2767 4527 voluntate
2791 4474 2918 4538 viri,
2949 4482 3043 4526 aut
3071 4474 3303 4537 feminas,
3356 4476 3449 4526 sed

1874 4581 1945 4621 es
1977 4566 2249 4620 voluntate
2306 4565 2395 4618 Dei
2426 4575 2581 4617 natus
2603 4567 2753 4629 cst‘,
2825 4565 2967 4620 Deus
3016 4565 3199 4634 utique
3260 4575 3451 4619 natura

1875 4665 1961 4713 est
2018 4655 2253 4725 Spiritus
2312 4664 2555 4721 sanctus,
2585 4660 2675 4724 qni
2714 4656 2853 4710 ﬁlios
2905 4666 3211 4726 rcgenernt,
3238 4666 3295 4708 ut
3326 4671 3449 4709 cum

1876 4750 1989 4805 Deo
2039 4748 2460 4819 conjungantur,
2508 4749 2650 4816 quod
2680 4750 2895 4817 quidem
2958 4757 3196 4818 praestat,
3219 4747 3344 4798 dum
3396 4747 3448 4798 ἰςι

1876 4842 1985 4897 illis
2040 4842 2269 4905 habitat,
2300 4850 2612 4909 naturaeque
2639 4855 2752 4895 sua:
2808 4841 3099 4909 participes
3132 4838 3280 4892 facit.

1947 4932 2002 4987 Si
2034 4932 2268 5001 Spiritus
2297 4946 2391 4987 eos
2416 4933 2468 4985 in
2500 4933 2695 5000 quibus
2723 4942 2807 4985 est
2838 4934 2966 4985 deos
2997 4929 3194 4992 reddit,
3231 4927 3453 4979 divinzr-

1878 5042 1983 5095 que
2015 5036 2223 5078 naturae
2281 5024 2575 5094 participes
2636 5024 2787 5085 facit,
2848 5036 2913 5076 ex
2956 5021 3137 5075 divina
3194 5020 3449 5072 nimirum

1876 5119 2114 5173 essentia
2153 5125 2237 5170 est
2288 5115 2630 5178 naturaliter,
2676 5124 2731 5167 et
2786 5114 2946 5168 rebus
3004 5112 3303 5182 procreatis
3354 5126 3454 5178 per

1882 5210 2078 5265 Filium
2109 5210 2287 5270 datus,
2317 5221 2408 5261 ess
2434 5217 2693 5273 tanquam
2724 5205 2827 5259 sibi
2862 5205 2963 5273 ipsi
2989 5204 3198 5258 similes
3263 5202 3448 5255 eﬁicit.

1882 5300 2343 5368 Quemadmodum
2380 5299 2653 5367 proprium
2690 5298 2899 5365 lueiptts
2933 5312 2993 5349 os
3026 5305 3107 5349 est
3158 5295 3450 5357 illn~trare,

1884 5410 1980 5446 nec
2020 5401 2203 5459 posset
2231 5392 2522 5458 quidquam
2559 5389 2853 5450 illustrare,
2889 5387 2991 5439 nisi
3019 5395 3163 5438 esset
3214 5386 3322 5446 lnx,
3378 5387 3450 5438 ita

1882 5484 2056 5539 Sancti
2121 5482 2355 5551 Spiritus
2382 5496 2516 5550 opus
2541 5490 2620 5534 est
2646 5480 2859 5533 divinos
2903 5482 3140 5538 enicere,
3200 5491 3230 5528 a
3255 5477 3451 5545 quihns

1884 5576 1996 5647 ipse
2024 5574 2337 5642 εηες·ἰρὶῑιιι·,
2376 5587 2475 5625 nec
2502 5585 2616 5630 eos.
2645 5570 2737 5638 qui
2804 5570 2978 5637 ipsum
3030 5566 3254 5631 habent,
3310 5568 3451 5620 divi-

2172 5691 2189 5719 δ
2215 5689 2369 5743 ,1-ιίιῐι.
2402 5705 2436 5744 Ι.
2473 5688 2552 5741 18.
