4042 6208
604 292 708 355 867

1836 292 2220 353 ΕΠΤΠΥΜΙΙ
2263 292 2627 354 ZIGABENI

3801 299 3909 360 868

608 423 691 459 me
710 411 916 459 natura
941 404 1239 474 participes
1262 405 1687 470 demonstraret,
1711 404 1812 459 nisi
1832 406 2029 461 divina:
2079 409 2193 476 ipse

2304 407 2449 468 θείας
2483 406 2722 459 ἐδείκνυε
2759 406 3054 468 κοινωνοὺς
3100 406 3227 470 τοὺς
3264 405 3487 476 ἔχοντας
3522 408 3692 473 αὐτὸ,
3740 415 3800 464 εξ
3844 418 3915 485 μὴ

601 511 745 553 esset
780 508 1007 552 naturae.

1064 590 1294 658 Objectio
1315 592 1706 648 hereticorum.

680 683 965 752 Spiritum,
994 684 1262 749 inquiunt,
1296 686 1661 748 sanctiﬁcare,
1701 700 1797 738 vos
1823 699 2041 755 quoque
2061 702 2193 742 con-

520 790 527 795 '
609 776 915 832 titebimini.
956 776 1153 829 Verum
1184 775 1237 828 id
1289 775 1419 829 facit
1455 793 1558 830 non
1608 794 1705 846 per
1739 793 1822 843 se,
1854 781 1998 847 quod
2035 790 2197 833 natu-

616 885 674 922 ra
696 870 767 923 sit
797 868 1085 936 ejusmodi,
1116 870 1207 922 sed
1234 879 1290 921 ut
1314 869 1731 923 instrumentum
1761 887 1826 925 ex
1854 870 1999 925 ferro
2027 872 2200 927 aliave

611 958 914 1013 confectum
951 960 1175 1012 materia
1213 958 1279 1012 ab
1308 960 1431 1029 igne
1479 968 1695 1028 sumpta
1732 960 2008 1015 caliditate
2058 961 2198 1028 ignis

612 1068 833 1103 munere
874 1051 1140 1116 iungitur,
1178 1053 1257 1104 sic
1290 1053 1401 1119 ipse
1439 1064 1660 1118 accepta
1684 1067 1713 1104 a
1750 1052 1859 1105 Deo
1907 1054 2199 1106 sanctitate

610 1140 773 1191 rebus
798 1141 957 1192 etiam
985 1140 1289 1208 procreatis
1314 1141 1637 1207 impertitur.
1673 1141 1826 1205 Quod
1857 1143 2075 1209 quidem
2133 1144 2200 1197 de

611 1232 777 1295 illius,
805 1234 896 1300 qui
927 1232 1141 1286 mentiri
1178 1248 1282 1285 non
1318 1244 1518 1299 potest,
1558 1234 1876 1287 testimonio
1936 1251 2198 1305 compro-

612 1323 793 1385 batur,
833 1339 1023 1391 nempe
1054 1321 1363 1377 Servatoris
1402 1324 1576 1375 nostri
1614 1340 1627 1376 :
1670 1322 1775 1387 Qui
1802 1324 1866 1377 de
1910 1340 2047 1389 meo,
2113 1327 2197 1379 in-

612 1418 749 1483 quit,
784 1416 1006 1483 accipiet
1036 1418 1077 1469 ‘.

686 1507 827 1571 Non,
860 1507 932 1561 De
963 1524 1101 1573 tneo,
1125 1508 1318 1574 inquit,
1351 1506 1601 1577 accipiet,
1636 1518 1687 1563 et
1714 1511 2077 1565 sanctiﬁcabit
2108 1528 2201 1566 vos

614 1600 781 1668 (quod
829 1609 1011 1652 tamen
1044 1602 1089 1653 si
1122 1602 1325 1654 dictum
1357 1611 1524 1667 esset,
1563 1602 1697 1655 nihil
1767 1603 1894 1656 inde
1942 1603 2200 1659 (ισθηείοι

612 1694 699 1745 nis
754 1692 1033 1745 auditores
1065 1693 1455 1762 perciperent),
1498 1693 1589 1745 sed
1624 1710 1639 1747 :
1678 1694 1751 1747 De
1777 1712 1910 1758 meo,
1946 1694 2203 1751 Servatur

614 1782 808 1849 inquit,
834 1783 1076 1850 accipiet,
1098 1793 1145 1834 et
1202 1785 1544 1835 annuutiabit
1578 1786 1739 1837 vobis.
1760 1785 1969 1855 Quippe
1992 1790 2099 1855 qui
2118 1790 2203 1842 ni-
2234 1773 2278 1827 Β

615 1874 690 1927 hil
728 1890 754 1926 a
784 1882 844 1928 se
888 1872 1161 1941 loquetur,
1198 1873 1291 1927 sed
1324 1890 1443 1943 qua:
1470 1874 1724 1937 audierit,
1757 1875 2031 1944 loquetur.
2060 1879 2206 1944 Quo-

622 1970 762 2021 niam
792 1976 1013 2035 peracto
1050 1968 1101 2019 in
1141 1982 1307 2020 carne
1348 1967 1574 2020 humani
1626 1968 1844 2035 generis
1897 1970 2201 2037 redimendi

614 2059 843 2113 sensilio
879 2059 945 2111 ad
971 2056 1190 2112 Patrem
1224 2066 1341 2111 erat
1375 2073 1734 2124 ascensurus,
1807 2071 1863 2115 et
1918 2062 2201 2132 discipulis

614 2152 726 2205 suis
754 2166 811 2205 se
857 2149 1191 2203 Paracletnm
1216 2165 1337 2204 esse
1366 2152 1658 2203 missurum
1724 2153 2072 2220 promiserat,
2133 2170 2204 2211 ne

617 2244 741 2312 quis
776 2242 1039 2310 Spiritum
1070 2254 1319 2296 sanctum
1357 2242 1561 2310 aliquid
1622 2251 1826 2312 praeter
1873 2248 2199 2300 sententiam

614 2337 783 2402 ipsius
816 2334 1194 2389 instituturum
1257 2336 1655 2401 suspicaretur,
1731 2348 1918 2407 aperte
1968 2340 2201 2394 demon-

615 2437 778 2490 s:rat,
807 2441 955 2490 eum,
982 2442 1103 2480 cum
1132 2426 1367 2495 Spiritus
1394 2442 1526 2481 suus
1570 2428 1660 2493 sit,
1688 2446 1753 2483 cx
1782 2447 1839 2483 se
1864 2430 1990 2484 item
2034 2435 2197 2485 verba

617 2528 993 2571 nunttaturunt
1026 2537 1038 2569 :
1075 2519 1116 2570 Α
1142 2536 1195 2571 se
1223 2558 1238 2580 ,
1288 2519 1560 2587 inquiens,
1616 2539 1719 2574 non
1792 2522 2053 2592 loquetur,
2106 2525 2197 2576 sed

615 2627 936 2679 qnarcunque
969 2613 1172 2677 audiet,
1200 2610 1464 2679 loquetur,
1494 2614 1744 2680 quoniam
1769 2616 1831 2667 de
1862 2632 1974 2668 meo
2042 2617 2197 2668 acci-

617 2704 720 2754 υἱιι
756 2704 797 2756 ⁸.
844 2702 960 2756 Νοιι
1008 2704 1187 2766 aliter,
1223 2718 1387 2770 quam
1424 2703 1468 2756 si
1519 2705 1622 2756 mel
1678 2706 1743 2758 de
1807 2706 2039 2759 naturali
2101 2722 2196 2761 sua

616 2795 901 2849 dulcedine
935 2797 1178 2863 loquens,
1215 2796 1422 2850 diceret
1452 2812 1468 2847 :
1503 2797 1648 2852 Nihil
1680 2814 1708 2850 ιι
1738 2813 1797 2853 se
1828 2799 1940 2867 ipsa
1968 2809 2197 2869 gustan-

616 2886 760 2939 tilms
796 2886 1023 2952 injiciel,
1058 2887 1151 2941 sed
1180 2888 1246 2942 de
1278 2905 1396 2943 meo
1427 2889 1692 2959 accipiet:
1750 2907 1873 2945 cum
1931 2892 2193 2945 naturali-

617 2989 696 3028 ter
716 2979 951 3044 qualitas
981 2994 1045 3031 ex
1084 2981 1362 3044 essentiis,
1393 2992 1450 3034 ut
1483 2984 1555 3035 ita
1609 2984 1807 3043 dicam,
1875 2984 1929 3036 in
1964 2999 2023 3037 ea
2074 3000 2195 3063 qua:

616 3081 683 3118 ex
709 3068 840 3133 ipsis
869 3077 1018 3133 sunt,
1056 3071 1455 3137 progrediatur,
1508 3080 1565 3123 ut
1622 3073 1874 3135 dulcedo.
1934 3077 2197 3141 quemad-
2226 3112 2268 3169 Ο

616 3160 830 3213 modum
855 3161 1110 3225 diximus,
1139 3176 1200 3213 ex
1227 3163 1403 3223 melle,
1437 3174 1527 3216 aut
1554 3179 1619 3216 ex
1655 3166 1774 3232 igne
1805 3167 1946 3220 calid
1972 3176 2078 3232 tas,
2105 3180 2198 3224 aut

611 3268 676 3303 ex
710 3267 846 3319 aqua
870 3252 1159 3320 lrigiditas.
1194 3253 1307 3307 Non
1362 3255 1525 3324 igitur
1554 3256 1781 3324 Spiritui
1815 3261 2076 3316 sanctitas
2098 3264 2197 3316 im-

614 3344 865 3409 pertitur,
897 3345 988 3397 sed
1025 3344 1098 3397 illi
1130 3355 1212 3397 est
1240 3346 1507 3400 naturalis
1538 3359 1592 3402 et
1626 3364 1722 3417 per
1774 3354 2096 3407 essentiam.

613 3438 826 3491 Οὐκοῦν
885 3439 945 3491 ού
1000 3441 1307 3509 μετοχικῶς
1352 3442 1509 3511 ἅγιον
1554 3445 1613 3498 τὸ
1678 3445 1911 3515 Πνεῦμα
1973 3448 2113 3501 κατὰ
2151 3448 2243 3502 τὸν

611 3532 821 3594 σιωδῶς

682 3628 781 3684 Cui
814 3632 1076 3685 sanctitas
1094 3634 1667 3699 cummnnicatur,eam
1691 3646 1945 3706 tanquam
1972 3656 2062 3695 vas
2076 3657 2197 3695 sus-

609 3722 764 3791 cipit,
818 3739 937 3776 cum
970 3734 1131 3778 antea
1161 3723 1214 3777 in
1249 3727 1465 3792 propria
1498 3736 1690 3780 natura
1721 3731 2066 3797 consisteret,
2100 3752 2197 3787 cn-

610 3813 849 3879 justnodi
874 3823 1000 3867 sunt
1033 3829 1145 3867 tum
1189 3816 1371 3880 homo,
1402 3827 1515 3871 tum
1544 3820 1788 3887 angelus.
1842 3836 1937 3876 aut
1984 3826 2028 3878 si
2088 3841 2193 3893 qua

612 3904 683 3956 sit
714 3903 817 3956 alia
845 3912 1038 3955 natura
1070 3903 1287 3981 ratione
1330 3908 1575 3973 praedita.
1618 3909 1814 3964 Dicant
1863 3913 2030 3981 igitur
2091 3932 2192 3968 no-

618 3998 719 4059 bis.
751 3997 838 4065 qui
865 3994 1124 4064 Spiritum
1158 3995 1230 4049 ita
1266 4012 1517 4052 sanetum
1548 4003 1747 4055 audent
1794 4003 2084 4069 afﬁrmare,
2138 4018 2196 4059 ut

611 4088 659 4141 ei
693 4090 957 4143 sanctitas
984 4102 1014 4141 a
1045 4086 1206 4141 Patre
1238 4098 1293 4142 et
1322 4087 1461 4143 Filio
1499 4090 1658 4145 fuerit
1693 4096 1994 4163 impertita,
2033 4100 2193 4166 quid-

613 4196 734 4232 nam
766 4180 879 4248 ipse
920 4196 1013 4249 per
1035 4196 1094 4235 se
1128 4182 1380 4248 privatim
1412 4184 1502 4236 sit.
1543 4187 1615 4237 At
1655 4185 1791 4239 nihil
1820 4188 1964 4241 aliud
2009 4192 2183 4259 ipsum

620 4286 651 4323 ε
686 4286 743 4322 se
769 4286 833 4323 ex
864 4272 1061 4327 divinis
1095 4270 1394 4344 Scripturis
1427 4276 1683 4333 dicimus.
1714 4277 1831 4334 Non
1903 4283 2069 4350 igitur
2124 4301 2187 4338 ex

2298 498 2401 567 τῆς
2434 498 2586 561 θείας
2615 498 2807 559 οὐσίας
2842 498 3092 567 ὑπῆρχεν
3126 499 3280 551 αὐτό.

2752 589 3073 654 Ἀντίθεσις
3104 573 3441 656 αἱρετικῶν.

2384 680 2731 749 Ἀγιαστιιιόν
2783 696 2947 748 φασιν
2997 673 3141 730 εἶναι
3193 678 3251 730 τὸ
3304 678 3547 748 Πνεῦμα,
3600 682 3699 732 καὶ
3754 686 3913 736 αὐτοὶ

2302 773 2787 843 συνομολογήσετε,
2823 773 2921 824 οὐκ
2951 771 3085 824 αὐτὸ
3115 771 3240 823 καθ’
3272 772 3436 824 ἑαυτὸ
3461 771 3625 840 φύσει
3654 777 3911 829 τῡῑνιῦτεν

2301 866 2566 936 ὑπάρχον,
2603 864 2718 917 ἀλλ’
2748 863 2936 933 ὥσπερ
2973 880 3024 915 τι
3061 863 3275 927 σκεῦος,
3312 864 3376 915 ὲκ
3412 846 3635 935 σιδήρου
3677 870 3911 939 τυχὶνῆ

2301 957 2395 1011 καὶ
2420 958 2613 1025 ἑτέρας
2641 955 2774 1026 ὕλης
2804 957 2925 1025 τῆς,
2947 957 3011 1008 ὲκ
3040 956 3211 1026 πυρὸς
3251 958 3523 1027 μετασχὸν
3550 958 3911 1029 θερμότητος
4002 960 4003 965 “

2301 1049 2369 1100 τὰ
2398 1048 2492 1101 τοῦ
2529 1048 2700 1119 πυρὸς
2730 1048 3111 1117 ἐξεργάζεται,
3149 1048 3291 1101 οὕτω
3318 1048 3412 1102 καὶ
3450 1050 3581 1102 αὐτὸ
3606 1053 3709 1120 τῆς
3748 1055 3907 1125 παρὰ

2300 1136 2437 1191 Θεοῦ
2485 1140 2863 1207 πληρούμενον
2893 1126 3185 1206 ἁγιότητος
3237 1140 3560 1208 μεταδίδωσι
3604 1144 3674 1211 τῇ
3718 1145 3907 1195 κτίσει

2302 1232 2395 1283 τοῦ
2428 1230 2723 1299 ἁ·(ιασμοῦ,
2759 1233 2853 1283 καὶ
2884 1232 2974 1283 ἐπὶ
3001 1231 3212 1293 τούτοις
3239 1235 3370 1301 ἡμῖν
3408 1234 3652 1303 ἀψευδὴς
3678 1235 3905 1304 μάρτυς

2302 1329 2463 1389 αὐτὸς
2505 1330 2533 1379 ὁ
2578 1328 2765 1399 Σωτὴρ
2837 1329 3127 1397 γενήσεται
3173 1328 3351 1395 λέγων
3392 1330 3521 1398 περὶ
3564 1329 3773 1393 αὐτοῦ,
3824 1333 3903 1382 ἔτι

2316 1420 2409 1472 Ἐκ
2438 1420 2543 1472 τοῦ
2574 1421 2719 1488 ἑμου
2749 1421 3029 1488 λήψεται.

2376 1514 2510 1574 Οὐκ,
2530 1512 2626 1565 Ἐκ
2654 1514 2746 1567 τοῦ
2785 1512 2917 1583 ἐμοῦ
2942 1511 3295 1587 λήψεταιμαδ.
3326 1515 3543 1583 ἁγιὰσει
3578 1516 3755 1583 ὑμᾶς,
3797 1535 3903 1584 φη-

2307 1605 2390 1656 σὶν
2421 1606 2448 1656 ὁ
2476 1605 2666 1675 Σωτὴρ
2700 1606 2768 1675 (εί
2798 1607 2894 1660 καὶ
2933 1608 3014 1659 ὅτι
3049 1607 3285 1674 μάλιστα
3316 1608 3409 1660 καὶ
3440 1610 3487 1659 εί
3518 1611 3659 1660 κατὰ
3698 1608 3905 1660 τοῦτον

2307 1701 2493 1771 εἴρητο
2514 1701 2602 1753 τὸν
2626 1703 2847 1772 τρόπον,
2870 1702 3128 1773 οὐδεμίαν
3157 1707 3270 1767 τοῖς
3296 1704 3670 1773 ἀκροωμένοις
3702 1705 3904 1771 ἐποίη-

2311 1808 2399 1844 σεν
2439 1793 2505 1846 ἂν
2534 1794 2632 1862 τὴν
2663 1792 2889 1864 ζημίαν)
2911 1812 2924 1825 ·
2958 1795 3120 1865 πλὴν,
3147 1796 3250 1849 Ἐκ
3271 1796 3376 1849 τοῦ
3405 1796 3552 1864 ἐμοῦ
3581 1797 3868 1864 ,λήψεται
3888 1837 3901 1855 ,

2308 1886 2472 1955 φησιν
2496 1887 2523 1937 ὁ
2554 1887 2766 1956 Σωτὴρ,
2801 1888 2899 1940 καὶ
2922 1887 3249 1957 ἀναγγελεῖ
3271 1888 3434 1957 ἡμῖν,
3466 1889 3553 1940 ὅτι
3586 1891 3663 1942 οὐ
3695 1890 3901 1953 λαλά-

2306 1995 2401 2031 σει
2425 1978 2526 2046 ἀφ’
2554 1979 2773 2032 ἑαυτοῦ
2803 1977 3009 2041 οὐδὲν,
3036 1981 3197 2034 ἀλλὰ
3227 1980 3267 2033 ἂ
3288 1981 3562 2044 ἀκούσει,
3595 1980 3899 2044 λαλήσει.

2318 2069 2544 2141 Ἐπειδὴ
2579 2071 2689 2139 γὰρ
2723 2070 2914 2137 ἔμελλε
2946 2071 3043 2141 τὴν
3073 2073 3212 2140 μετὰ
3236 2072 3439 2139 σαρκὸς
3470 2071 3897 2141 ἀποπληρώσας

2304 2163 2619 2231 οἰκονομίαν
2650 2163 2964 2217 ἀναϐαίνειν
2991 2164 3127 2231 πρὸς
3156 2164 3247 2239 τὸν
3275 2164 3517 2235 Πατέρα,
3553 2164 3804 2234 πέμψειν
3838 2181 3898 2217 τε

2305 2249 2574 2323 ὑπέσχετο
2603 2254 2694 2307 τὸν
2722 2256 3079 2326 Παράκλητον
3109 2260 3222 2319 τοῖς
3244 2257 3442 2310 ἑαυτοῦ
3475 2257 3783 2327 μαθηταῖς,
3808 2258 3895 2309 ἵνα

2307 2348 2381 2415 μή
2412 2340 2496 2408 τις
2531 2347 2777 2421 ὑπολάϐῃ
2809 2351 2875 2402 τὰ
2909 2352 2984 2420 μὴ
3024 2352 3165 2403 κατὰ
3195 2350 3423 2422 γνώμην
3448 2352 3597 2421 αὐτῷ
3635 2352 3899 2414 διατάξας

2304 2438 2430 2491 σθαι
2461 2438 2520 2490 τὸ
2543 2441 2766 2510 Πνεῦμα
2788 2443 2847 2494 τὸ
2868 2443 3043 2511 ἆγιον,
3073 2442 3307 2496 δεικνύει
3332 2442 3517 2511 σαφῶς
3545 2445 3628 2496 ὅτι
3661 2444 3894 2511 Πνεῦμα

2303 2529 2469 2581 αὑτοῦ
2507 2532 2753 2602 ὑπάρχον
2794 2536 2863 2586 τὰ
2900 2536 2959 2595 ἐξ
3005 2536 3173 2588 αὐτοῦ
3219 2535 3379 2588 πάλιν
3422 2536 3744 2605 διακονήσει
3793 2540 3895 2607 ῥηι-

2304 2636 2449 2687 ματα
2469 2636 2485 2652 ·
2509 2626 2590 2675 Οὺ
2627 2622 2921 2692 λαλήσει,
2955 2626 3138 2695 φησὶν,
3179 2626 3280 2693 ἀφ’
3308 2627 3528 2680 ἑαυτοῦ
3549 2670 3561 2690 ,
3595 2629 3741 2681 ἀλλ’
3773 2631 3891 2680 ὅθ’-ί

2299 2711 2526 2777 ἀκούει,
2549 2715 2833 2783 λαλήσει,
2856 2716 2942 2769 ὅτι
2965 2718 3033 2770 ἐκ
3055 2717 3161 2771 τοῦ
3181 2717 3327 2787 ἐμοῦ
3346 2719 3631 2786 λήψεται.
3662 2723 3895 2789 Ὀμοιιν

2301 2805 2431 2877 γὰρ.
2460 2807 2535 2869 ὠς
2568 2808 2616 2859 εἰ
2642 2809 2736 2861 καὶ
2764 2809 2825 2860 τὸ
2856 2810 2979 2879 μέλι
3010 2814 3137 2879 περὶ
3162 2812 3261 2879 τῆς
3297 2811 3523 2881 ἐνούσης
3556 2814 3714 2884 αὐτῷ
3740 2816 3894 2866 ποιέ-

2301 2916 2457 2968 τητος
2482 2904 2719 2973 φυσικῆς
2742 2902 2913 2969 λέγει,
2959 2904 3074 2956 Οὐκ
3107 2903 3326 2971 ὲνθήσει
3357 2924 3407 2957 τι
3435 2905 3530 2973 ἀφ’
3554 2907 3759 2977 ἑαυτῆς
3778 2912 3892 2967 τοῖς

2300 2991 2753 3063 ἀπογευομένοις,
2783 2995 2899 3047 ἀλλ’
2938 2996 3000 3047 ἐκ
3030 2995 3124 3049 τοῦ
3164 2996 3301 3065 ἐμοῦ
3338 2997 3594 3067 λήψεται,
3638 2999 3894 3067 φυσικῶς

2301 3085 2705 3155 διαῦαινούσης.
2745 3086 2808 3139 ἵν’
2854 3086 3028 3150 οὕτως
3068 3089 3226 3151 εἴπω,
3276 3089 3375 3157 τῆς
3418 3095 3483 3142 ἐκ
3530 3092 3638 3145 τῶν
3684 3094 3889 3146 οὐσιῶν

2307 3177 2592 3244 ποιότητος
2620 3181 2713 3229 ἐπὶ
2744 3180 2813 3231 τὰ
2842 3180 2899 3245 ἐξ
2930 3181 3111 3235 αὐτῶν
3136 3183 3453 3251 ἅμερίστως
3481 3186 3886 3255 προερχόμενα”

2284 3261 2435 3347 οἷον,
2460 3266 2713 3336 καθάπερ
2746 3269 2846 3338 ἤδη
2874 3269 3246 3339 προείπομεν,
3278 3275 3341 3325 ὲκ
3370 3274 3587 3341 μέλιτος
3615 3279 3646 3343 ὴ
3680 3277 3884 3341 γλυκύ-

2300 3374 2400 3425 της
2428 3399 2442 3423 ,
2490 3360 2558 3412 ἐκ
2606 3361 2776 3427 πυρὸς
2824 3364 2859 3433 ἡ
2905 3363 3215 3435 θερμότης.
3275 3366 3336 3431 ἐξ
3391 3368 3587 3432 ὓδατος
3619 3372 3653 3440 ἡ
3700 3373 3879 3441 ψύξις.

2303 3453 2531 3506 ἐκείνων
2620 3456 2821 3524 λόγον,
2905 3460 3150 3526 φυσικῶς
3218 3463 3275 3515 δὲ
3346 3465 3548 3532 μᾶλλον
3631 3468 3729 3521 καὶ
3792 3471 3878 3521 oio-

2373 3646 2447 3699 Τὸ
2480 3648 2544 3700 ὲκ
2577 3650 2813 3718 μετοχῆς
2860 3652 3036 3718 ἆγιον,
3064 3651 3272 3720 δοχεῖον
3295 3652 3484 3724 ὥσπερ
3514 3658 3763 3728 ὑπάρχον
3784 3678 3814 3711 τ
3850 3661 3875 3712 ῦ

2300 3742 2696 3809 προγεγονότος
2717 3744 3013 3813 ἁγιασμοῦ,
3045 3744 3178 3798 αὐτὸ
3197 3747 3318 3798 καθ’
3349 3750 3512 3803 ἑαυτὸ
3540 3753 3805 3825 πρότερον
3825 3758 3878 3807 ἐν

2304 3836 2410 3905 ἰδίᾳ
2458 3842 2621 3904 φύσει
2654 3838 3146 3911 κείσεται,⁷ῶσπερ
3181 3839 3277 3896 οὖν
3314 3846 3406 3896 καὶ
3441 3848 3472 3897 ὁ
3499 3846 3808 3914 ἄνθρωπος,
3845 3851 3874 3919 ἢ

2298 3929 2394 3979 καὶ
2430 3927 2879 3999 ἄγγελοςμτυχὸν,
2924 3933 2958 4005 ἢ
2996 3933 3089 3986 καί
3126 3950 3209 3995 τις
3244 3936 3408 4003 ἑτέρα
3452 3942 3616 4005 φύσις
3664 3942 3873 4010 λογική.

2300 4018 2621 4085 Λεγέτωσαν
2654 4023 2834 4073 τοίνυν
2867 4024 3002 4091 ἡμῖν
3038 4025 3089 4077 οι
3121 4026 3182 4078 ὲκ
3218 4029 3454 4098 μετοχῆς
3490 4034 3595 4101 τῆς
3616 4035 3715 4087 τοῦ
3743 4036 3873 4089 Θεοῦ

2302 4113 2397 4164 καὶ
2426 4112 2637 4183 Πατρὸς
2659 4114 2721 4166 τὸ
2745 4114 3296 4189 Πνεῦμα-τολμῶντες
3327 4123 3506 4191 λέγειν
3531 4127 3695 4196 ἅγιον
3713 4132 3873 4193 εἶναι,

2303 4203 2393 4255 καὶ
2440 4204 2501 4253 οὐ
2543 4205 2809 4269 φυσικῶς,
2852 4206 2904 4258 τί
2955 4225 3089 4262 ποτε
3124 4211 3230 4278 ἄρα
3261 4213 3391 4268 αὐτὸ
3425 4220 3549 4270 καθ’
3591 4222 3754 4274 ἑαυτὸ
3786 4226 3874 4276 καὶ

2301 4292 2612 4355 ἰδιαζόντως
2636 4296 2805 4360 tactv;
2825 4297 2964 4350 Ἀλλ’
2990 4301 3143 4354 οὐδὲν
3172 4303 3359 4373 ἕτερον
3391 4310 3707 4382 ἠκούσαμεν
3730 4323 3873 4385 napi

612 4364 1019 4427 connnunione,
1057 4380 1234 4433 neque
1266 4383 1335 4423 ex
1366 4372 1760 4439 compositione
1803 4388 2027 4429 sanctus
2089 4389 2191 4443 est;

1221 4466 1232 4471 _
1635 4462 1682 4471 ,η
1986 4466 2077 4471 __

2307 4386 2423 4446 ταῖς
2450 4384 2623 4447 θείαις
2656 4386 2922 4456 Γραφαῖς.
2962 4392 3078 4444 Οὐκ
3109 4394 3217 4464 ἄρα
3250 4364 3313 4449 ὲικ
3351 4364 3627 4471 μετοχῆς,
3658 4364 3786 4461 οῦδὲ

612 4452 710 4506 sed
735 4461 819 4506 est
864 4455 1105 4508 essentia
1142 4466 1449 4527 naturaque
1472 4462 1846 4528 sanetilicans,
1878 4476 1933 4519 et
1982 4466 2078 4521 Dei
2130 4486 2195 4523 ac

614 4546 813 4609 Patris,
847 4558 904 4598 ut
934 4548 1005 4600 ita
1035 4548 1237 4613 dicam,
1267 4552 1528 4618 qualitas,
1552 4558 2012 4623 quetnadmodmn
2078 4562 2195 4613 dulo

610 4640 745 4693 cedo
766 4638 965 4702 mellis,
998 4650 1051 4692 et
1079 4637 1231 4695 ﬂoris
1254 4646 1519 4699 suavitas.

682 4816 837 4882 Quod
863 4831 929 4870 ex
978 4820 1361 4874 communione
1413 4824 1645 4890 cuipiam
1712 4832 1924 4883 accedit
1977 4844 2034 4886 ut
2089 4827 2193 4887 dol

612 4924 767 4974 num,
812 4909 1014 4964 auferri
1035 4910 1199 4965 etiam
1233 4924 1433 4981 potest.
1468 4915 1541 4969 Ea
1576 4932 1811 4987 namque
1863 4924 2001 4986 sola,
2069 4944 2188 4994 qua:

611 5016 708 5069 per
734 5002 1027 5055 essentiam
1047 5003 1335 5069 inhaerent,
1391 5019 1662 5075 nequeunt
1689 5017 1953 5079 separari.
1986 5016 2187 5082 Quam-

608 5098 820 5163 obrem,
875 5097 922 5150 si
983 5100 1319 5166 accessione,
1351 5110 1404 5155 et
1425 5103 1706 5160 accidente
1773 5110 1963 5164 dicunt
2011 5116 2186 5167 inesse

611 5190 841 5260 Spiritui
868 5192 1239 5257 sanctitatem,
1260 5208 1356 5248 cur
1387 5209 1493 5248 non
1517 5200 1707 5252 eadem
1741 5202 1952 5258 ratione
1982 5213 2036 5257 et.
2064 5208 2182 5261 sine

610 5284 902 5338 sanctitate
931 5282 1195 5351 Spiritum
1251 5286 1523 5341 allirmant
1551 5304 1672 5345 esse
1705 5295 1905 5360 posse?
1960 5296 2027 5351 At
2079 5302 2184 5350 itn-

611 5374 755 5437 pium
791 5373 842 5427 id
877 5374 971 5428 sit.
1002 5373 1123 5429 Non
1157 5374 1319 5444 igitur
1349 5390 1415 5430 ex
1443 5383 1824 5437 communione
1844 5397 2067 5442 sanctus
2099 5400 2183 5443 est

610 5462 873 5531 Spiritus,
907 5466 1003 5521 sed
1031 5476 1089 5521 ut
1120 5483 1188 5523 ex
1221 5470 1333 5522 Deo
1362 5471 1702 5528 naturaliter.

1911 5506 1961 5527 ’4.

687 5722 877 5779 'Joan.
920 5732 1139 5794 1H,“.
1219 5736 1237 5764 ⁸
1265 5733 1396 5788 ibid.
1438 5738 1517 5789 15.

2296 4474 2601 4538 συνθέσεως
2634 4476 2789 4544 ἅγιον
2814 4519 2829 4541 ,
2870 4479 2986 4532 ἀλλ’
3025 4484 3185 4536 οὐσία
3224 4487 3317 4539 καὶ
3348 4489 3511 4556 φύσις
3543 4494 3832 4564 ἁγιαστικὴ
3856 4538 3868 4553 .

2295 4568 2389 4619 καὶ
2418 4567 2520 4637 τῆς
2555 4567 2649 4621 τοῦ
2680 4570 2818 4622 Θεοῦ
2844 4576 2941 4625 καὶ
2969 4575 3202 4644 Πατρὸς.
3239 4578 3305 4629 ἶν’
3331 4578 3507 4644 οὕτως
3537 4585 3700 4648 εἴπω,
3734 4589 3868 4638 1:0er-

2293 4677 2473 4729 τητος,
2506 4659 2695 4731 ὥσπερ
2727 4661 2823 4715 οὖν
2853 4667 2946 4717 καὶ
2971 4665 3001 4716 ὀ
3026 4668 3343 4738 γλυκασμὸς
3374 4672 3467 4725 τοῦ
3502 4676 3740 4742 μέλιτος,
3778 4681 3868 4729 καὶ

2293 4753 2326 4820 ὴ
2366 4751 2427 4815 ἐξ
2457 4751 2653 4815 ἄνθους
2691 4753 2911 4809 εὐωδία.

2373 4844 2445 4896 Τὸ
2471 4848 2534 4897 ἐκ
2566 4847 2799 4915 μετοχῆς
2823 4851 3255 4922 προσγινόμενόν
3270 4872 3415 4910 τισιν
3450 4860 3526 4921 ὡς
3546 4861 3703 4915 δοτδν
3724 4864 3864 4917 ἔσται

2301 4933 2397 4982 καὶ
2424 4932 2739 5002 ἀφαιρετόν.
2765 4936 2921 4991 Μόνα
2944 4938 3055 5006 γὰρ
3075 4942 3145 4995 τὰ
3166 4942 3441 5010 οὐσιωδώς
3463 4956 3736 5020 προσόντα
3762 4960 3864 5014 τοῖς

2299 5023 2512 5091 ἔχουσιν
2541 5027 2860 5097 ἀχωρίστως
2884 5037 3316 5103 προσπεφυκότα
3345 5045 3649 5108 φαίνονται.
3680 5049 3737 5103 Et
3766 5054 3861 5101 τοξ-

2298 5130 2394 5166 νυν
2422 5115 2482 5164 ἐν
2518 5118 2834 5186 προσθήκης
2864 5121 3020 5185 τάξει
3065 5125 3161 5177 καὶ⁹
3215 5129 3627 5201 συμόεδηκότος
3662 5138 3860 5190 κεῖσθαί

2299 5222 2464 5300 φασιν
2492 5207 2550 5258 ὲν
2586 5207 2663 5276 τῷ
2696 5210 2972 5280 Πνεύματι
3008 5216 3101 5267 τὸν
3138 5217 3433 5291 ἁγιασμὸν,
3475 5226 3855 5300 ὁμολογήσουσι

2296 5295 2534 5359 πάντως,
2558 5297 2644 5349 ὅτι
2664 5300 2759 5351 καὶ
2781 5302 3168 5374 ἀποσυμσῆναι
3188 5309 3500 5385 δυνήσεται.
3526 5295 3673 5387 Ὦρα
3774 5318 3855 5369 καὶ

2295 5386 2581 5455 ἁγιότητος
2635 5390 2759 5459 δίχα
2813 5394 2876 5445 τὸ
2925 5396 3149 5467 Πνεῦμα
3190 5400 3369 5469 λέγειν
3416 5403 3556 5462 εἶναι
3605 5386 3853 5464 δύνασθαί

2298 5494 2447 5541 ποτε,
2468 5479 2613 5533 κατὰ
2639 5481 2700 5533 τὸ
2732 5484 2960 5540 ἐκείνων
2988 5489 3347 5563 ἐπιχείρημα.
3370 5498 3532 5553 Ἀλλὰ
3555 5503 3711 5557 τοῦτο
3735 5504 3827 5557 δυσ

2299 5570 2475 5632 σεὸἐς.
2510 5572 2622 5625 Οὐκ
2660 5574 2770 5643 ἄρα
2810 5579 2873 5629 ὲκ
2912 5583 3149 5650 μετοχῆς
3190 5584 3350 5651 ἅγιον
3380 5591 3441 5642 τὸ
3476 5592 3713 5663 Πνεῦμα,
3747 5596 3852 5646 .m'

2298 5664 2368 5721 ὡς
2398 5664 2459 5713 ὲκ
2490 5663 2625 5716 Θεοῦ
2658 5670 2923 5734 φυσικῶς.

2818 5918 2845 5929 ν
