4036 6210
483 246 586 312 871
1715 244 1853 303 EU’.
1869 243 2060 303 HYlll

2192 245 2500 304 IGABENI
3647 242 3767 305 87:7.

482 378 544 416 re
572 359 775 415 variam
812 359 954 414 hanc
985 358 1107 414 talis
1133 359 1321 428 gratia:
1355 356 1691 427 largitionem
1718 373 1745 408 a
1783 357 1889 408 Deo
1922 371 2047 424 pro-

2181 357 2423 409 τοικιλίαν
2446 374 2505 410 τε
2536 357 2629 411 καὶ
2659 356 2808 410 δόσιν
2830 352 2973 411 εἶναι
2996 358 3390 428 διισχυρίζεται
3410 398 3426 422 ,
3459 356 3563 409 οὐκ
3585 355 3769 409 ἁλλό-

487 453 681 516 licisci,
711 452 912 522 quippe
948 452 1039 521 qui
1070 452 1257 513 sciret.
1286 448 1548 517 Spiritum
1583 459 1833 502 sanctum
1868 463 1896 500 a
1956 464 2052 499 na-

2181 462 2306 514 :ptov
2345 448 2440 513 τῆς
2483 448 2633 507 θείας
2668 446 2883 513 φύσεως
2922 445 2982 497 τὸ
3006 445 3235 513 Πνεῦμα
3267 444 3445 501 εἰδώς.
3481 444 3623 497 Θεὸν
3663 442 3769 495 οῦν

487 553 607 597 tura
650 544 830 595 divina
862 556 966 595 non
998 555 1115 594 esse
1148 541 1405 592 alienum.
1440 538 1573 592 Cum
1642 538 1804 607 igitur
1864 537 2057 591 Petrus

2181 540 2217 589 ςὸ
2257 540 2483 606 Πνεῦμα
2518 538 2811 599 καλοῦντος
2840 538 2933 590 τοῦ
2961 538 3197 606 Πέτρου,
3230 537 3347 599 πῶς
3379 537 3441 587 οῦ
3476 534 3771 601 δυσσεϐὴς

488 634 652 687 Deum
690 633 949 702 Spiritum
974 640 1225 683 sanctum
1261 629 1514 698 appellet,
1556 644 1738 682 nonne
1778 628 1974 697 impius
2004 637 2059 678 et

2181 628 2254 677 ιαί
2296 628 2600 697 παράφρων
2630 629 2658 678 ὀ
2685 629 2796 689 τοῖς
2822 630 3123 695 ποιήμασιν
3152 626 3448 696 ἐνάριθμον
3473 626 3643 677 τοῦτο
3682 642 3774 675 τι-

388 704 391 707 i
420 720 423 751 7
487 726 809 781 temerarius
843 730 947 787 est,
975 721 1064 789 qui
1099 721 1246 774 illum
1281 721 1420 773 inter
1468 736 1551 773 res
1602 719 1873 772 ('Olltu‘alls
1930 733 2059 787 pro-

487 825 726 877 creatas,
769 813 1076 867 manifestis
1106 822 1422 867 sanctorum
1481 810 1852 879 apostolorum
1913 810 2061 863 testi-

486 907 684 961 moniis
721 906 1027 974 periculose
1054 905 1214 956 audet
1244 903 1518 956 adversari
1543 903 1564 954 ’ί

900 1066 905 1069 ν
941 993 1024 1047 Ea:
1064 994 1289 1047 Joannis
1345 992 1600 1060 Epistola.

577 1087 748 1155 Et-qui
797 1095 969 1139 servat
1007 1084 1259 1136 mandata
1289 1084 1403 1151 ejus
1434 1084 1485 1135 in
1508 1084 1621 1152 ipso
1654 1094 1850 1149 manet,
1876 1095 1922 1138 et
1959 1086 2065 1151 ipse

484 1174 539 1229 in
564 1174 682 1238 illo,
699 1182 747 1228 et
771 1175 823 1228 in
852 1175 948 1227 hoc
977 1173 1358 1240 cognoscimus,
1377 1175 1514 1239 quod
1538 1175 1594 1224 in
1621 1172 1768 1224 nobis
1790 1183 1983 1237 manet,
2003 1188 2067 1225 ea:

486 1268 714 1335 Spiritu,
772 1284 923 1338 quem
958 1267 1104 1319 dedit
1151 1267 1296 1319 nobis
1331 1269 1371 1321 ³.
1423 1265 1480 1319 Si
1520 1266 1725 1335 Spiritu
1767 1278 1956 1320 sancto
2013 1268 2066 1319 in

485 1361 646 1413 nobls
670 1359 969 1420 habitante,
1002 1355 1143 1410 Deus
1171 1365 1256 1409 est
1285 1356 1377 1423 qui
1414 1356 1466 1408 in
1495 1357 1650 1409 nobis
1678 1355 1911 1421 habitat,
1933 1370 2067 1425 quo-

489 1451 649 1501 modo
674 1463 782 1502 non
818 1448 957 1501 Deus
981 1461 1048 1500 ex
1078 1447 1186 1500 Deo
1225 1443 1483 1515 Spiritus.
1517 1460 1675 1515 quem
1715 1446 1759 1500 si
1797 1447 1919 1515 quis
1954 1446 2057 1499 ha-

488 1540 597 1602 bet,
637 1538 802 1592 Deum
850 1537 1245 1592 inltabitantetn
1276 1537 1454 1605 gerit?
1477 1538 1570 1607 qui
1598 1539 1763 1592 etiam
1786 1552 1883 1605 per
1933 1536 2069 1590 Pro-

2162 720 2294 780 θεὶς,
2340 720 2433 771 καὶ
2476 723 2585 780 τοῖς
2648 720 2754 771 τῶν
2796 720 2966 786 ἁγίων
3026 719 3343 771 ἀποστόλων
3391 716 3772 787 κηρύγμασιν

2162 811 2622 881 ἀντιφθέγγεσθαι
2664 811 3053 885 ῥιψοκινδύνως
3092 810 3493 879 κατατο).μῶν;

2456 989 2550 1041 Ἐκ
2580 985 2687 1054 τῆς
2730 985 3022 1039 Ἰωάννου
3064 982 3457 1051 Ἐπιστολῆς.

2237 1080 2343 1135 Καὶ
2376 1084 2408 1133 ό
2432 1078 2626 1146 τηρῶν
2650 1080 2755 1143 τὰς
2780 1078 3037 1139 ἐντολὰς
3062 1075 3249 1128 αὑτοῦ
3270 1077 3339 1128 ἐν
3360 1074 3532 1141 αὐτῷ
3556 1076 3769 1143 μένει,

2168 1173 2264 1225 καὶ
2292 1172 2476 1236 αὐτὸς
2494 1172 2562 1223 ἐν
2593 1169 2775 1236 αὐτῷ.
2804 1169 2909 1222 Καὶ
2934 1168 3003 1221 ἐν
3024 1170 3217 1235 τούτῳ
3237 1168 3637 1237 γινώσκομεν,
3674 1170 3773 1221 ὅτι

2166 1267 2237 1317 ἐν
2255 1263 2399 1332 ἡμῖν
2413 1263 2605 1332 μένει,
2636 1264 2703 1315 ἐκ
2731 1260 2835 1314 τοῦ
2860 1262 3208 1328 Πνεύματος
3236 1256 3307 1315 οὗ
3334 1260 3563 1314 ἔδωκεν
3586 1261 3766 1328 ἡμῖν.

2171 1356 2234 1410 El
2259 1355 2354 1409 τοῦ
2384 1354 2541 1422 ἁγίου
2562 1352 2877 1422 Πνεύματος
2911 1355 2969 1406 ὲν
2999 1355 3130 1423 ἡμῖν
3152 1353 3428 1416 οἰκοῦντος
3448 1354 3584 1415 Θεός
3608 1359 3769 1406 ἐστιν

2168 1449 2197 1500 ὁ
2227 1433 2525 1513 κατοικῶν,
2558 1445 2675 1508 πῶς
2707 1445 2768 1497 οὺ
2800 1444 2963 1510 Θεὸς,
2994 1444 3090 1498 καὶ
3121 1447 3189 1497 ἐκ
3221 1446 3359 1498 Θεοῦ
3388 1445 3449 1497 τὸ
3479 1445 3718 1513 Πνεῦμα
3749 1464 3763 1507 ;

2170 1544 2308 1610 ὅπερ
2331 1540 2491 1602 εῐτις
2524 1538 2660 1609 ἔχει,
2702 1538 2837 1591 Θεὸν
2869 1538 3188 1591 ἐνοικοῦντα
3218 1538 3409 1607 φορεῖ,
3449 1537 3506 1599 ὃς
3536 1539 3633 1588 καὶ
3675 1538 3768 1590 διὰ

487 1631 707 1699 plietam
741 1646 756 1682 :
787 1626 1131 1691 Inltabitabo,
1156 1628 1351 1697 inquit,
1376 1630 1431 1682 in
1458 1631 1552 1695 eis,
1572 1639 1621 1683 et
1644 1628 2070 1693 inambulaba,et

2181 1634 2265 1687 τοῦ
2314 1635 2595 1703 προφήτου
2643 1630 2847 1701 φησιν’
2885 1628 3224 1695 Ἐνοικήσω
3272 1630 3341 1682 ἐν
3377 1629 3610 1695 αὐτοῖς,
3660 1628 3767 1681 καὶ

486 1691 576 1774 ero
613 1722 844 1788 ipsorum
876 1719 1015 1773 Deus
1064 1719 1130 1772 ’ἲ
1162 1691 1248 1772 Et-
1265 1721 1309 1773 si
1337 1691 1489 1775 Deus
1538 1691 1609 1795 ex
1665 1719 1775 1774 Deo
1839 1691 2071 1789 Spiritus

2181 1691 2586 1794 nsptxatiio'w,
2736 1723 2952 1792 ἔσομαι
2975 1691 3175 1777 αὐτιῦν
3203 1723 3367 1787 Θεός.
3387 1722 3497 1775 Καὶ
3524 1691 3577 1772 εί
3599 1691 3766 1782 Θεὸς,

490 1822 599 1873 est,
636 1810 760 1878 quis
786 1825 906 1863 eum
937 1819 1142 1864 temere
1200 1818 1447 1865 creatqu
1507 1812 1693 1867 dicens
1741 1812 2067 1881 supplicium

488 1904 660 1957 evitet
688 1898 1081 1970 sempiternum
1110 1901 1134 1953 ?

1094 1990 1181 2044 Ex
1222 1992 1424 2046 eadem.

564 2081 630 2133 Et
667 2081 893 2147 Spiritus
924 2091 1019 2143 est,
1046 2084 1134 2149 qui
1168 2082 1330 2135 Deum
1359 2081 1611 2149 Spiritum
1640 2086 1911 2138 veritatem
1956 2102 2072 2139 esse

492 2181 733 2225 testatur.
762 2172 1021 2236 Quoniam
1050 2182 1155 2225 tres
1199 2183 1342 2235 sunt,
1402 2175 1490 2243 qui
1527 2175 1881 2227 testimonium
1938 2177 2073 2243 affe-

494 2271 615 2315 runt
667 2264 721 2314 in
778 2262 925 2326 caelo,
963 2260 1146 2329 Pater,
1186 2262 1408 2316 Verbum
1438 2274 1486 2317 et
1516 2264 1764 2333 Spiritus,
1795 2277 1842 2319 ct
1891 2267 1943 2318 lii
1972 2278 2073 2319 tres

492 2371 651 2408 unum
678 2365 823 2408 sunt.
852 2352 916 2408 Et
947 2366 1051 2409 tres
1079 2366 1201 2409 sunt
1229 2358 1319 2426 qui
1345 2358 1704 2410 testimonium
1728 2361 1855 2412 dant
1884 2361 1937 2410 in
1966 2371 2071 2411 ter-

491 2464 578 2513 ra,
613 2445 868 2514 Spiritus,
917 2464 1078 2517 aqua,
1113 2449 1348 2517 sanguis.
1383 2447 1452 2501 Et
1493 2448 1545 2501 hi
1603 2460 1707 2503 tres
1740 2466 1899 2502 unum
1926 2459 2069 2504 sunt.

492 2537 555 2591 Si
608 2537 961 2591 testimonium
1027 2536 1299 2591 hominum
1349 2539 1659 2607 accipimus,
1720 2544 2072 2592 testimonium

492 2626 591 2681 Dei
625 2630 798 2697 majus
825 2639 899 2682 est
927 2630 969 2684 ³.
999 2628 1256 2684 Veritatis
1312 2646 1492 2700 praeco
1523 2646 1762 2696 rursum,
1786 2644 1841 2683 ut
1900 2632 2070 2695 vides,

491 2726 542 2772 et
578 2718 744 2773 Deum
799 2727 855 2773 et
888 2734 957 2774 ex
1013 2718 1124 2773 Deo
1184 2719 1505 2775 naturaliter
1562 2720 1826 2790 Spiritum
1890 2729 2068 2775 vocat.

490 2808 625 2863 Cum
657 2812 798 2863 enim
856 2810 1107 2876 dixisset,
1152 2809 1607 2887 Spiritumesse,
1672 2812 1760 2881 qui
1819 2820 2069 2877 testatur,

496 2900 772 2970 paululum
832 2901 1228 2970 progrediens:
1273 2900 1672 2968 Testimonium,
1729 2903 1922 2970 inquit,
1979 2902 2072 2955 Dei

2176 1820 2271 1871 καὶ
2294 1822 2358 1869 ἐκ
2382 1817 2521 1870 Θεοῦ
2552 1816 2615 1869 το
2646 1816 2892 1885 Πνεῦμα,
2924 1815 3010 1876 τίς
3038 1814 3171 1867 αὐτὸ
3200 1813 3627 1883 ῥιψοκινδύνως,
3674 1815 3766 1866 ὅτι

2174 1910 2405 1981 γενητὸν
2432 1908 2521 1978 εἴη
2548 1908 2724 1976 λέγων
2742 1945 2757 1970 ,
2791 1909 2892 1977 τὴν
2922 1907 3143 1960 αἰώνιον
3174 1906 3713 1977 ὲκῦήσεταικόλασιν
3741 1923 3758 1969 ;

2729 2000 2825 2053 Ἐκ
2855 1998 2965 2066 τῆς
3012 1998 3227 2066 αὐτῆς.

2245 2092 2355 2146 Καὶ
2378 2096 2443 2146 τὸ
2466 2092 2709 2161 Πνεῦμα
2734 2092 2863 2144 ἐστι
2887 2092 2954 2144 τὸ
2977 2091 3346 2159 μαρτυροῦν,
3367 2092 3459 2146 ὅτι
3480 2092 3548 2142 τὸ
3568 2089 3773 2143 Πνεῦο

2166 2184 2255 2251 μά
2276 2186 2446 2237 ἐστιν
2468 2187 2504 2252 ἡ
2522 2184 2794 2249 ἀλήθεια.
2815 2184 2945 2237 Ὀτι
2968 2185 3121 2251 τρεῖς
3139 2187 3299 2236 εἰσιν
3317 2186 3370 2236 οι
3382 2181 3775 2250 μαρτυροῦν-

2173 2295 2274 2343 τες
2293 2280 2362 2332 ἐν
2386 2278 2467 2344 τῷ
2486 2276 2742 2345 οὐρανῷ,
2764 2281 2795 2331 ὁ
2816 2277 3041 2345 Πατὴρ,
3064 2281 3096 2330 ὀ
3118 2279 3330 2346 Λόγος,
3353 2275 3454 2328 καί
3487 2274 3558 2328 τὸ
3587 2273 3776 2342 ἅγιον

2176 2370 2416 2438 Πνεῦμα
2436 2386 2447 2397 ’
2470 2368 2570 2423 καὶ
2591 2364 2757 2423 οὗτοι
2782 2371 2837 2421 οὶ
2854 2368 3009 2435 τρεῖς
3030 2369 3100 2422 ἓν
3124 2372 3265 2422 εισι.
3291 2368 3400 2422 Καὶ
3422 2367 3578 2433 τρεῖς
3598 2370 3772 2418 stoer

2174 2463 2227 2513 oi
2238 2458 2687 2527 μαρτυροῦντες
2704 2458 2773 2510 ἐν
2792 2455 2864 2524 τῇ
2880 2457 2982 2526 γῇ,
3002 2459 3068 2510 τὸ
3091 2458 3352 2526 Πνεῦμα,
3377 2458 3475 2510 καί
3492 2460 3559 2508 τὸ
3582 2456 3769 2521 ὕδωρ,

2175 2552 2274 2607 καί
2302 2551 2369 2602 τὸ
2397 2544 2570 2619 αἷμα·
2598 2549 2699 2602 καί
2727 2553 2780 2602 oi
2827 2549 2984 2617 τρεῖς
3006 2552 3094 2615 εὶς
3132 2553 3196 2604 τὸ
3226 2550 3296 2603 ἓν
3327 2528 3614 2603 είσιν.Ἐὶ
3644 2549 3774 2612 τὴν

2168 2642 2499 2712 μαρτυρίαν
2513 2639 2629 2693 τῶν
2644 2640 2975 2708 ἀνθρώπων
2985 2642 3391 2711 λαμϐάνομεν,
3413 2644 3454 2710 ἡ
3466 2642 3777 2710 μαρτυρία

2174 2728 2279 2783 τοῦ
2315 2729 2462 2783 Θεοῦ
2506 2728 2719 2795 μείζων
2741 2730 2898 2785 ἐστι.
2928 2730 3041 2784 Θὲα
3073 2731 3137 2803 δὴ
3170 2732 3347 2797 πάλιν,
3373 2734 3457 2784 ὃτι
3486 2733 3584 2799 τῆς
3625 2731 3781 2798 ἁλη-

2174 2819 2323 2880 θείας
2360 2820 2388 2871 ὁ
2442 2817 2620 2887 κῆρυξ
2654 2820 2787 2871 Θεόν
2833 2836 2894 2871 τε
2950 2822 3046 2873 καὶ
3096 2822 3160 2874 ὲκ
3213 2821 3349 2874 Θεοῦ
3408 2821 3655 2887 φυσικῶς
3702 2822 3776 2873 τὸ

2175 2908 2400 2977 Πνεῦμα
2432 2906 2605 2959 καλεῖ.
2634 2908 2880 2979 Είρηκὼς
2911 2910 3043 2980 γὰρ,
3063 2911 3147 2963 ὅτι
3172 2911 3232 2963 τὸ
3256 2911 3483 2980 Πνεῦμά
3509 2913 3628 2962 ἔστι
3663 2910 3773 2963 τοῦ

493 2991 669 3060 majus
699 3001 797 3045 est.
826 2991 1107 3057 Quomodo
1135 2994 1299 3062 igitur
1321 3003 1537 3049 creatus
1557 3005 1663 3059 est,
1700 2996 1791 3064 qui
1816 3010 1919 3048 una
1948 3009 2069 3049 cum

2181 2999 2308 3054 Θεοῦ
2339 3000 2401 3052 τὸ
2449 3000 2789 3070 μαρτυροῦν,
2825 3003 3019 3072 μικρόν
3049 3020 3101 3055 τι
3143 3002 3422 3072 προελθὼν
3483 3004 3776 3072 ἐπιφέρει,

492 3082 654 3137 Patre
683 3099 862 3138 rerum
896 3086 1137 3138 omnium
1180 3086 1320 3141 Deus
1360 3086 1580 3153 dicitur,
1608 3098 1664 3143 et
1694 3096 1941 3142 sanctam
1970 3103 2065 3141 ex-

495 3170 602 3240 plet
634 3168 959 3225 Trinitatem
987 3171 1011 3224 ἳ

725 3363 807 3417 Ex
840 3363 1134 3435 Evangelia
1169 3373 1454 3422 secundum
1504 3368 1836 3425 Matt/neum.

565 3454 694 3509 Iesu
732 3456 927 3510 Christi
978 3470 1151 3512 autem
1185 3464 1456 3529 generatio
1511 3462 1591 3516 sic
1624 3472 1787 3516 erat:
1824 3461 1958 3517 Cum
1986 3480 2070 3517 es-

496 3554 574 3598 set
604 3545 914 3611 desponsata
940 3559 1110 3601 mater
1140 3550 1306 3619 ipsius
1332 3551 1507 3606 Μανία
1533 3552 1751 3621 Ioseph,
1787 3565 2068 3623 antequam

495 3642 849 3702 convenirent,
873 3642 1081 3694 iuuenta
1108 3654 1181 3696 est
1220 3644 1271 3696 in
1304 3656 1451 3699 utero
1499 3645 1690 3699 habens
1749 3647 1812 3699 de
1869 3644 2071 3714 Spiritu

494 3744 678 3785 sancto
700 3732 744 3784 ‘.
774 3729 829 3784 Si
885 3733 1106 3786 creandi
1140 3731 1373 3788 facultas
1397 3734 1496 3789 soli
1528 3737 1683 3789 adest
1739 3746 1965 3802 naturw,
2017 3746 2073 3789 ct

499 3822 600 3875 ltoc
625 3820 793 3889 ipsius
823 3831 906 3875 est
940 3824 1220 3885 exiturum,
1248 3822 1408 3875 simul
1460 3838 1582 3876 cum
1612 3822 1731 3876 aliis
1788 3822 2067 3891 dignitati-

496 3912 599 3966 bus
627 3912 824 3966 divinis
842 3911 915 3965 illi
936 3913 1377 3981 congruentibus,
1404 3911 1640 3982 Spiritus
1664 3922 1844 3966 autem
1874 3912 1928 3966 in
1947 3911 2069 3965 Vir-

497 4004 626 4072 gine
659 4001 901 4056 divinum
932 4001 1185 4071 templum
1213 4013 1386 4067 creat,
1439 4017 1621 4057 nonne
1669 4004 1714 4056 si
1776 4003 1896 4070 quis
1948 4015 2071 4056 eum

496 4102 740 4148 creatum
777 4092 932 4157 dicit,
960 4092 1006 4147 is
1040 4093 1235 4163 impius
1260 4092 1421 4148 simul
1467 4104 1630 4163 atque
1674 4107 1859 4147 amens
1884 4093 2076 4162 depre-

509 4184 821 4239 liendetur?

717 4275 801 4329 Ex
865 4275 1155 4346 Evangelia
1214 4276 1497 4330 secundum
1538 4275 1813 4332 Joannem.

575 4364 837 4435 Quotquot
868 4341 1045 4419 autem
1076 4378 1389 4435 acceperunt
1432 4382 1572 4428 eum,
1602 4374 1908 4432 potestatem
1932 4365 2074 4418 dedit
2109 4341 2150 4395 υ

500 4464 575 4516 eis
608 4471 664 4513 ut
711 4459 812 4527 ﬁlii
848 4459 944 4512 Dei
999 4460 1206 4525 ﬁerent,
1242 4461 1332 4527 qui
1366 4475 1473 4513 non
1502 4473 1566 4511 ea:
1597 4459 1961 4529 sanguinibus,
1985 4474 2076 4511 ne-

502 4569 600 4624 que
627 4566 692 4606 ea:
717 4550 980 4605 voluntate
1010 4549 1259 4615 hominis,
1295 4565 1458 4620 neque
1495 4566 1559 4603 ex
1584 4551 1851 4602 uoluntate
1878 4550 2074 4609 carnis,

500 4642 590 4699 sed
637 4659 704 4697 ex
736 4642 845 4696 Deo
883 4642 997 4694 nati
1041 4649 1164 4694 sunt
1190 4640 1233 4695 ⁸.
1284 4640 1341 4695 Si
1398 4641 1630 4710 Spiritus
1677 4649 1779 4707 est,
1832 4642 1921 4711 qui
1985 4655 2080 4708 per

503 4739 661 4791 tidem
688 4738 739 4789 in
793 4734 1070 4789 Christum
1100 4744 1384 4803 regenerat
1417 4748 1513 4788 nos
1548 4735 1615 4787 ad
1653 4734 1905 4796 salutem,
1943 4733 2079 4785 adeo

500 4836 562 4881 ut
587 4827 707 4896 ejus
744 4826 917 4895 gratia
958 4840 1059 4881 nos
1104 4824 1199 4880 lilii
1240 4825 1577 4880 declaremur
1636 4824 1748 4888 Dei,
1808 4823 2078 4893 quomodo

505 4916 741 4986 Spiritus
776 4932 880 4973 non
918 4918 1021 4973 erit
1049 4916 1231 4973 Deus?
1259 4916 1413 4983 Quod
1442 4926 1621 4971 autem
1652 4929 1770 4980 nos,
1810 4915 1902 4984 qui
1951 4929 2076 4969 cre-

501 5011 701 5073 dimus,
736 5023 804 5062 ex
833 5008 1039 5077 Spiritu
1063 5009 1259 5074 simus,
1292 5015 1525 5063 testatur
1568 5006 1851 5072 Servator,
1888 5008 1967 5061 sic
1995 5007 2074 5059 al-

502 5102 733 5173 loquens
758 5100 1113 5156 Nicodemum
1146 5117 1164 5157 :
1193 5097 1425 5170 Spiritus
1457 5100 1545 5153 ubi
1604 5100 1715 5153 vult
1768 5102 1963 5168 spirat,
2024 5110 2074 5153 et

500 5210 672 5249 uocem
691 5195 806 5263 ejus
829 5196 1009 5259 audis,
1034 5198 1123 5251 sed
1148 5197 1315 5251 nescis
1340 5196 1476 5250 unde
1500 5196 1694 5259 veniat,
1729 5207 1821 5249 aut
1849 5211 1951 5264 quo
1978 5212 2069 5248 ra—

500 5284 613 5339 dat.
644 5284 733 5340 Sic
753 5288 851 5340 erit
886 5288 1078 5352 omnis,
1098 5287 1191 5357 qui
1214 5295 1370 5341 natus
1395 5296 1473 5341 est
1519 5302 1585 5340 es:
1616 5287 1819 5356 Spiritu
1854 5288 1895 5340 ⁸.

581 5602 778 5657 ‘Joan.
816 5618 899 5659 ιιι.
930 5602 1021 5657 24.
1098 5603 1119 5636 ⁸
1147 5600 1324 5658 Levit.
1383 5617 1531 5667 sui,
1586 5600 1687 5666 ης
1729 5598 1770 5654 ll
1800 5598 1926 5655 Cor.
1972 5617 2046 5669 νι,
2088 5603 2175 5659 16.

515 5672 604 5738 12,
636 5673 722 5727 l3.
796 5673 816 5704 ⁶
847 5672 1003 5727 Joan.
1044 5686 1126 5738 ιιι,
1164 5672 1215 5728 8.

2178 3097 2289 3149 «Ἡ
2351 3098 2629 3167 μαρτυρία
2671 3094 2764 3148 τοῦ
2823 3094 2959 3147 Θεοῦ
3015 3094 3222 3163 μείζων
3254 3096 3393 3148 ἐστί.
3438 3114 3458 3147 ι
3495 3098 3618 3159 Πῶς
3664 3094 3779 3152 οὖν

2175 3190 2294 3240 ἐστι
2333 3186 2544 3257 ποίημα
2578 3187 2638 3239 τὸ
2661 3186 2769 3238 τῶν
2816 3186 2951 3238 ὅλων
2982 3187 3156 3255 Πατρὶ
3212 3186 3772 3257 συνθεολογούμενον,

2177 3277 2274 3331 καὶ
2306 3276 2403 3348 τῆς
2430 3277 2593 3345 ἁγίας
2626 3276 2857 3346 Τριὰδος
2888 3275 3375 3347 συμπληρωτικόνς

2366 3372 2467 3424 Ἐκ
2509 3368 2615 3424 τοῦ
2640 3368 2791 3423 κατὰ
2834 3368 3136 3423 Μαινθαὶον
3189 3370 3580 3437 Εὐαγγελίου.

2217 3459 2325 3515 Τοῦ
2342 3460 2409 3513 δὲ
2419 3460 2627 3527 Ἰησοῦ
2642 3459 2904 3527 Χριστοῦ
2920 3461 2958 3526 ἠ
2976 3459 3265 3527 γέννησις
3283 3460 3474 3525 οὕτως
3487 3457 3586 3531 ἦν.
3602 3464 3782 3531 Μνη-

2173 3552 2541 3619 στευθείσης
2566 3550 2674 3621 γὰρ
2699 3549 2811 3619 τῆς
2828 3551 3057 3619 μητρὸς
3077 3549 3267 3602 αὑτοῦ
3287 3551 3521 3617 Μαρίας
3542 3551 3625 3615 τῷ
3643 3554 3779 3605 ἰω-

2173 3644 2327 3711 ansa,
2359 3644 2504 3711 πρὶν
2524 3642 2562 3711 ἢ
2591 3640 2915 3696 συνελθεῖν
2940 3640 3187 3706 αὐτοὺς,
3215 3641 3433 3709 εὑρέθη
3452 3643 3525 3694 ἐν
3547 3645 3777 3711 γαστρὶ

2173 3736 2408 3804 ἔχουσα
2428 3736 2497 3790 ἐκ
2530 3738 2881 3805 Πνεύματος
2906 3735 3105 3803 ἁγίου.
3136 3733 3201 3786 El
3232 3732 3372 3804 μόνῃ
3400 3734 3461 3786 τὺ
3494 3734 3772 3802 δύνασθαι

2173 3827 2379 3891 κτίζειν
2409 3829 2477 3898 τῇ
2518 3827 2639 3899 θείᾳ
2668 3829 2928 3898 πρόσεστι
2974 3825 3173 3893 φύσει,
3237 3827 3335 3878 καὶ
3376 3825 3537 3879 τοῦτο
3590 3827 3778 3897 αὐτῆς

2178 3916 2316 3986 μετὰ
2379 3917 2489 3969 τῶν
2535 3918 2709 3971 ἄλλων
2754 3920 2925 3988 αὐτῆς
2958 3919 3285 3990 θεοπρεπῶν
3335 3920 3399 3973 τὸ
3459 3921 3773 3991 ἐξαίρετον,

2178 4009 2351 4072 κτίζει
2379 4008 2437 4061 δὲ
2469 4008 2530 4060 τὸ
2560 4008 2785 4077 Πνεῦμα
2819 4010 2878 4061 τὸ
2915 4009 3057 4062 θεῖον
3096 4012 3155 4062 ὲν
3196 4014 3261 4080 τῇ
3307 4011 3569 4080 Παρθένῳ
3605 4012 3775 4077 ναὸν,

2178 4099 2262 4163 τίς
2292 4098 2426 4151 αὐτὸ
2456 4099 2984 4169 πεποιῆσθαι).ἐγων
3031 4101 3154 4171 οὐχὶ
3199 4100 3472 4171 δυσσεδής
3510 4119 3572 4155 τε
3625 4102 3777 4171 ὁμοῦ

2187 4193 2276 4246 οιαὶ
2309 4192 2613 4264 παράφρων
2645 4193 3046 4263 εὐρεθὴσεταις

2282 4287 2285 4290 ⁴
2374 4285 2477 4337 Ἐκ
2526 4283 2631 4337 τοῦ
2667 4283 2819 4337 κατὰ
2860 4283 3150 4352 Ἰωάννην
3179 4287 3585 4355 Εὐαγγελῑου.

2251 4376 2429 4430 Ὅσοι
2448 4376 2516 4429 δὲ
2534 4377 2757 4430 ἔλαϐον
2777 4378 2989 4440 αὑτὸν,
3008 4378 3233 4432 ἔδωκεν
3245 4380 3453 4444 αὐτοῖς
3468 4381 3781 4443 ἐξουσίαν

2180 4465 2365 4520 τέκνα
2388 4465 2537 4519 Θεοῦ
2560 4464 2870 4534 γενέσθαι,
2895 4466 2952 4519 οἳ
2980 4469 3091 4521 οὐκ
3112 4468 3183 4531 ἐξ
3206 4468 3495 4536 αἱμάτων,
3525 4469 3671 4523 οὐδὲ
3696 4471 3777 4525 ἐκ

2186 4557 2523 4623 θελήματος
2573 4555 2819 4622 ἀνδρὸς,
2849 4554 2995 4609 οὐδὲ
3022 4556 3090 4609 ἐκ
3134 4557 3479 4625 θελήματος
3514 4563 3779 4626 σαρκὸς,

2184 4643 2323 4700 ἀλλ’
2346 4644 2415 4696 ἐκ
2439 4643 2587 4696 Θεοῦ
2618 4643 3061 4711 ἐγεννήθησαν.
3089 4645 3153 4696 Εἰ
3188 4646 3253 4697 τὸ
3282 4646 3510 4715 Πνεῦμά
3535 4650 3654 4701 ἐστι
3679 4649 3781 4704 διὰ

2184 4736 2282 4803 τῆς
2299 4734 2537 4797 πίστεως
2561 4734 2660 4803 τῆς
2682 4737 2761 4798 είς
2786 4736 3021 4805 Χριστὸν
3045 4737 3355 4805 ἅναγεννῶν
3376 4740 3525 4807 ἡμᾶς
3549 4742 3630 4803 είς
3656 4757 3774 4794 σω-

2174 4825 2390 4895 τηρίαν,
2428 4824 2503 4888 ὡς
2547 4824 2713 4877 αὑτοῦ
2762 4825 2827 4895 δὴ
2855 4826 3045 4879 τούτου
3082 4828 3244 4896 χάριν
3293 4831 3589 4895 γεννητοῦς
3624 4832 3780 4899 ἡμᾶς

2176 4917 2534 4987 χρηματίζειν
2562 4916 2723 4983 Θεοῦ,
2746 4917 2865 4981 πῶς
2893 4918 2995 4970 οὐκ
3024 4918 3088 4972 ἂν
3124 4919 3210 4988 εἴη
3261 4918 3393 4981 Θεὸς
3414 4918 3476 4972 τδ
3505 4921 3776 5001 [1νεῦμαῖ

2175 5010 2298 5062 Ὅτι
2331 5008 2389 5061 δὲ
2417 5009 2666 5077 γεννητοὶ
2696 5008 3017 5078 Πνεύματος
3051 5012 3215 5079 ἡμεῖς
3252 5012 3303 5063 οἱ
3345 5013 3773 5077 πιστεύσαντες,

2177 5098 2517 5169 μαρτυρήσει
2551 5099 2725 5166 λέγων
2765 5100 2793 5151 ὁ
2843 5100 3034 5170 Σωτὴρ
3084 5102 3221 5167 πρὸς
3274 5101 3624 5169 Νικόδημον·
3692 5103 3771 5155 Τὸ

2184 5189 2425 5258 Πνεῦμα
2459 5190 2612 5242 ὅπου
2645 5189 2805 5244 θέλει
2835 5191 2994 5255 πνεῖ,
3025 5191 3125 5244 καὶ
3166 5192 3284 5258 τὴν
3310 5193 3523 5261 φωνὴν
3576 5196 3770 5249 αὑτοῦ

2183 5282 2446 5347 ἀκούεις,
2478 5283 2755 5338 ἀλλὀὐκ
2788 5281 2958 5350 οῖὸας
3009 5286 3195 5341 πόθεν
3243 5286 3504 5354 ἔρχεται,
3558 5288 3596 5355 ἢ
3649 5286 3771 5340 ποῦ

2188 5373 2424 5428 unda-8t.
2483 5375 2668 5438 Οὕτως
2710 5377 2861 5432 ἔσται
2911 5379 3019 5441 πᾶς
3065 5379 3093 5430 ὁ
3156 5376 3499 5448 γεννώμενος
3561 5382 3625 5432 ἐκ
3679 5377 3775 5432 τοῦ

2190 5466 2328 5519 Πνεύ
2337 5483 2523 5535 ματος.

2284 5606 2302 5638 ³
2333 5607 2350 5661 l
2382 5606 2537 5661 Joan.
2576 5624 2624 5671 ν,
2655 5609 2767 5663 5-⁸)
2887 5611 2907 5641 δ
2933 5609 3124 5665 Matth.
3184 5626 3222 5677 ι,
3262 5612 3344 5666 l8.
3468 5614 3486 5642 ⁵
3535 5611 3694 5667 Joan.
3721 5626 3767 5680 ι,
