4036 6210
234 500 249 539 \

315 299 424 366 873

857 405 958 460 Ἐκ
997 403 1106 458 τοῦ
1148 405 1355 458 αὑτοῦ.

383 501 572 563 Ὅταν,
623 497 692 550 δὲ
743 495 892 562 ἔλθῃ
921 498 953 548 ό
993 494 1401 564 [lupam/tntae,
1432 495 1505 548 ὃν
1526 494 1640 563 ἐγὼ
1673 493 1888 564 πέμψω

307 591 452 661 ὑμῖν
494 588 655 659 παρὰ
685 589 788 642 τοῦ
821 588 1066 657 Πατρός,
1089 588 1152 640 τὸ
1178 587 1416 656 Πνεῦμα
1445 587 1545 652 τῆς
1579 588 1885 654 ἀληθείας,

306 685 341 737 ὂ
376 681 537 750 παρὰ
586 681 692 735 τοῦ
733 681 963 747 Πατρός
1000 680 1406 746 ἐκπορεύεται,
1458 677 1690 742 ἐκεῖνος
1743 695 1892 747 μαρο

310 774 558 842 τυρήσει
582 773 712 840 περὶ
738 771 905 841 ἐμοῦ.
938 772 1001 824 Ei
1041 772 1192 841 παρὰ
1225 771 1316 823 τοῦ
1351 769 1486 823 Θεοῦ
1529 771 1620 822 καὶ
1678 770 1891 840 Πατρδς

311 863 675 935 ἐκπορεύεται
724 867 785 916 τὸ
845 863 1070 931 Πνεῦμα
1116 864 1174 916 τὸ
1211 864 1386 932 ἅγιον,
1448 867 1539 916 καὶ
1574 864 1764 932 ὥσπερ
1807 881 1890 925 τις

310 959 520 1028 καρπὸς
552 961 652 1026 τῆς
677 957 866 1018 οὐσίας
917 955 1080 1007 αὑτοῦ
1119 957 1289 1019 ἐστιν,
1329 955 1619 1025 ἁγέννητος
1675 957 1750 1020 δὲ,
1798 956 1893 1008 καὶ

311 1048 568 1103 ἇκτιστος
599 1047 627 1097 ὁ
666 1045 878 1115 Πατὴρ,
909 1045 1028 1108 πῶς
1061 1044 1126 1098 ἂν
1157 1046 1240 1114 εἴη
1260 1045 1518 1115 γεννητὸν
1547 1046 1606 1098 τὸ
1633 1047 1690 1111 ἐξ
1723 1045 1888 1098 αὐτοῦ

309 1140 718 1210 προερχόμενον
753 1136 1020 1203 Πνεῦμα;
1069 1138 1192 1200 Πιῖς
1229 1137 1286 1189 δὲ
1341 1140 1470 1199 ναὸς
1499 1138 1632 1190 Θ-οῦ
1669 1156 1890 1208 χρημα-

305 1231 532 1300 τίζομεν
565 1231 728 1300 ἡμεῖς
754 1230 816 1282 τὸ
847 1227 1076 1299 Πνεῦμα
1095 1229 1374 1295 λαϐόντες,
1415 1228 1574 1300 εἴπερ
1619 1231 1721 1284 οὒκ
1772 1232 1887 1285 εστι

306 1323 441 1386 Θεὸς
462 1322 604 1375 κατὰ
629 1321 728 1392 τὴν
749 1320 911 1374 τινῶν
943 1321 1229 1386 ἀϐουλίαν;

931 1412 1045 1466 Τοῦ
1067 1413 1278 1468 αὑτοῦ.

379 1507 444 1558 Ei
487 1507 548 1558 τὸ
607 1500 831 1575 Πνεῦμα
879 1505 1059 1560 πάντα
1113 1508 1309 1579 ἐρευνᾷ
1371 1507 1465 1560 καὶ
1497 1507 1568 1560 τὰ
1626 1507 1764 1579 βάθη
1791 1507 1888 1561 τοῦ

308 1595 469 1658 Θεοῦ,
495 1596 718 1663 εὔδηλον
748 1597 822 1659 ὡς
851 1597 950 1650 οὐκ
1002 1597 1322 1665 ἀλλόφυλον,
1366 1598 1490 1652 οὐδὲ
1524 1600 1886 1670 ἑτεροούσιον,

307 1688 443 1741 ἀλλὰ
468 1690 566 1758 τῆς
603 1689 756 1751 Θείας
796 1691 910 1742 ἐστὶ
941 1689 1159 1757 φύσεως
1204 1691 1265 1743 τὸ
1323 1691 1546 1761 Πνεῦμα
1597 1693 1657 1744 τὸ
1707 1692 1885 1761 ἅγιον.

1235 290 1604 351 PANOPLIA
1655 290 2089 380 DOGMATICA
2147 316 2201 325 -
2241 291 2392 351 TIT.
2429 293 2583 364 XII._

1916 405 1968 463 Α

3463 293 3569 358 87ί

2635 403 2903 472 Ejusdem.

2065 496 2198 551 Cum
2221 507 2392 550 autem
2419 500 2616 552 venerit
2653 498 2984 560 Paractetus,
3013 515 3164 570 quem
3191 511 3311 568 ,τρο
3361 503 3569 556 mittam

1993 587 2140 640 vobis
2175 605 2206 640 a
2230 589 2413 651 Patre,
2439 586 2692 656 Spiritum
2723 590 2982 656 veritatis,
3013 593 3101 659 qui
3157 607 3188 643 a
3239 593 3400 644 Patre
3445 609 3571 660 pro-

1993 679 2154 741 cedit,
2194 678 2283 732 ille
2309 681 2664 734 testimonium
2691 683 2976 747 perhibebit
3006 683 3069 736 de
3099 699 3178 737 me
3206 686 3246 737 '.
3280 683 3337 738 Si
3392 699 3421 736 a
3460 684 3568 736 Dco
3626 679 3651 723 δ
3698 663 3702 668 ’
3735 717 3737 719 ι

1993 782 2049 824 et
2097 769 2262 826 Patre
2304 775 2552 840 procedit
2609 773 2847 843 Spiritus
2898 785 3144 840 sanctus,
3178 777 3276 830 .‘et~
3308 779 3600 846 tanquam"

1995 862 2205 917 fructus
2255 864 2472 932 quidam
2505 864 2758 919 essentia:
2789 865 2956 934 ipsius
3004 875 3107 930 est,
3156 865 3317 920 Pater
3386 873 3565 919 autem

1994 969 2104 1008 non
2144 964 2228 1008 est
2262 954 2438 1008 factus
2469 971 2566 1010 nec
2587 967 2828 1021 creatus,
2880 957 3154 1024 quomodo
3211 967 3431 1011 creatus
3485 957 3568 1009 di-

1993 1059 2150 1100 cetur
2188 1046 2448 1116 Spiritus,
2476 1049 2567 1117 qui
2595 1051 2663 1101 ab
2695 1049 2812 1118 ipso
2839 1050 3079 1118 procedit
3117 1089 3132 1113 ,
3164 1060 3257 1102 aut
3299 1051 3568 1117 quomodo

1994 1153 2094 1192 nos
2120 1138 2213 1193 Dei
2267 1141 2462 1209 templa
2502 1140 2840 1203 vocabimur,
2895 1140 3159 1209 Spiritum
3217 1141 3564 1208 accipientes,

1991 1229 2037 1284 si
2066 1245 2169 1285 non
2203 1241 2286 1286 est
2309 1231 2472 1295 Deus,
2511 1241 2568 1285 ut
2597 1231 2870 1287 temerarii
2911 1231 3126 1302 quidam
3171 1231 3465 1286 asserunt?

2630 1407 2903 1471 Eiusdem.

2065 1501 2124 1554 Si
2185 1499 2419 1568 Spiritus
2487 1501 2670 1555 omnia
2724 1511 3007 1556 scrutatur
3035 1502 3228 1555 "etiam
3303 1501 3565 1572 profunda

1992 1589 2086 1647 Dei
2128 1593 2170 1656 ’,
2227 1597 2569 1662 perspicuum
2596 1603 2700 1657 est,
2733 1593 2998 1662 Spiritum
3033 1602 3282 1646 sanctqu
3313 1609 3417 1647 non
3445 1609 3568 1648 CSSt:

1992 1692 2200 1738 natura:
2239 1686 2490 1748 diversa),
2529 1700 2704 1754 neque
2732 1687 2964 1740 diversa:
3003 1685 3274 1748 essentiaa,
3327 1687 3422 1740 sed
3475 1701 3570 1739 na-

303 1781 396 1833 Atb
422 1783 516 1833 καὶ
549 1783 617 1835 τὰ
647 1780 786 1852 βάθη
818 1783 912 1834 τοῦ
945 1781 1079 1834 Θεοῦ
1127 1782 1410 1850 γινώσκει,
1456 1785 1550 1837 καὶ
1592 1785 1885 1838 ἐπίσταται

1989 1783 2124 1829 tura:
2151 1776 2365 1829 divinae.
2412 1775 2533 1830 Ideo
2577 1777 2740 1831 etiam
2799 1777 3068 1846 profunda
3112 1776 3203 1831 Dei
3267 1779 3566 1846 cognoscit,

303 1873 373 1925 τὰ
404 1873 498 1924 τοῦ
531 1872 688 1938 Θεοῦ,
721 1873 795 1935 ὡς
827 1874 860 1943 ἡ
895 1874 1138 1944 ἡμετέρα
1165 1875 1310 1945 ψυχὴ
1357 1875 1426 1927 τὰ
1464 1876 1664 1930 οἰκεῖα.
1728 1877 1790 1928 Εἰ
1829 1877 1886 1930 δέ

303 1981 390 2028 τις
419 1964 645 2033 ἄγνοιαν
678 1966 778 2034 τὴν
809 1966 1036 2036 ἔρευναν
1063 1968 1297 2038 νομίζει,
1331 1967 1487 2020 τοῦτο
1522 1971 1614 2022 καὶ
1649 1969 1743 2022 ἐπὶ
1787 1969 1883 2022 τοῦ

302 2057 517 2129 Πατρὸς
541 2057 794 2127 κείμενον
839 2059 1062 2128 εὑρήσει
1087 2076 1101 2090 ε
1142 2059 1194 2111 Ὀ
1247 2061 1357 2128 γὰρ
1407 2060 1692 2128 ἐρευνῶν,
1729 2063 1885 2132 φησι,

301 2149 411 2214 τὰς
442 2148 687 2216 καρδίας
719 2143 842 2202 οἵδε
869 2150 924 2201 τί
950 2150 1018 2203 τὸ
1039 2151 1316 2218 φρόνημα
1364 2150 1470 2204 τοῦ
1523 2153 1883 2220 Πνεύματος.

303 2241 368 2292 Ei
397 2240 500 2293 δὲὸ
527 2240 637 2292 τῶν
663 2240 798 2294 ὅλων
828 2241 958 2303 Θεὸς
991 2243 1090 2294 οὐκ
1118 2243 1330 2309 ἀγνοῶν
1360 2244 1581 2312 ἐρευνᾷ,
1633 2245 1766 2296 ἀλλὰ
1797 2262 1887 2296 σα-

302 2330 420 2398 φῶς
490 2333 779 2387 ἐπίσταται
839 2335 970 2404 πρὶν
1021 2333 1276 2402 γενέσθαι
1324 2335 1394 2388 τὰ
1453 2337 1648 2402 πάντα,
1682 2339 1774 2390 καὶ
1824 2338 1885 2391 τὸ

304 2421 533 2493 Πνεῦμα
558 2423 619 2475 τὸ
643 2423 801 2490 ἅγιον
823 2425 881 2477 οὺ
912 2424 980 2477 δι’
1009 2425 1232 2492 ἄγνοιαν
1261 2427 1456 2496 ἐρευνᾷ
1513 2428 1607 2480 τοῦ
1633 2427 1768 2482 Θεοῦ
1816 2432 1886 2486 τὰ

302 2513 467 2585 βάθη.
500 2514 627 2578 Πῶς
651 2517 759 2584 γὰρ
792 2514 858 2568 ἂν
913 2517 1174 2585 ἁρμόσειε
1220 2516 1297 2587 τῷ
1355 2519 1637 2585 ἀγνοοῦντι
1686 2521 1746 2573 τὺ
1795 2522 1883 2586 Ὧς

300 2603 429 2659 οἶδε
468 2606 536 2659 τὸ
559 2605 797 2674 πνεῦμα
833 2603 940 2659 τοῦ
972 2607 1290 2673 ἀνθρώπου
1316 2607 1388 2663 τὰ
1417 2609 1487 2662 ἐν
1517 2611 1698 2676 αὐτῷ,
1731 2612 1884 2666 οὕτω

301 2697 402 2748 καὶ
435 2695 506 2747 τὰ
540 2695 648 2749 τοῦ
672 2695 819 2748 Θεοῦ
853 2695 1052 2763 οὐδεὶς
1096 2693 1261 2751 οἶδεν
1311 2700 1362 2750 εὶ
1395 2702 1482 2767 μὴ
1529 2691 1618 2753 τὸ³
1645 2702 1885 2772 Πνεῦμα

301 2787 412 2840 τοῦ
446 2786 594 2840 Θεοῦ
627 2802 644 2852 ;
685 2787 955 2840 Ἐναντίον
987 2787 1095 2859 γὰρ
1124 2793 1190 2860 τῇ
1221 2789 1422 2862 ἐρεύνῃ
1469 2793 1503 2861 ἡ
1527 2793 1533 2798 ’
1557 2793 1781 2862 είδησις.
1819 2793 1882 2848 ’Π

301 2875 358 2928 δὲ
386 2875 533 2945 ψυχὴ
554 2875 655 2928 οὐκ
677 2877 875 2947 ἐρευνᾷ
929 2877 998 2931 τὰ
1038 2878 1258 2946 ἑαυτῆς,
1307 2879 1424 2932 ἀλλ’
1477 2880 1722 2948 ἀκριϐῶς
1786 2883 1884 2933 ἐπ·

303 2966 545 3020 ισταται.
579 2967 785 3019 Οὐκοῦν
847 2968 908 3020 τὸ
947 2967 1172 3036 Πνεῦμα
1200 2969 1260 3020 τὸ
1311 2970 1466 3037 ἆγιον
1524 2971 1728 3041 ἀκριϐῆ
1782 2971 1881 3041 τὴν

303 3056 507 3123 γνῶσιν
532 3057 626 3110 τοῦ
650 3057 786 3110 Θεοῦ
812 3059 926 3128 ἔχει
959 3075 971 3087 ο
1005 3061 1098 3111 καὶ
1121 3060 1346 3128 Ὥσπερ
1382 3062 1584 3126 οὐδεὶς
1617 3059 1742 3116 οἶδε
1776 3065 1882 3117 τὸν

304 3151 539 3217 Πατέρα
590 3153 643 3204 ει
691 3151 770 3218 μὴ
807 3153 839 3203 δ
886 3150 1042 3218 Υἱὸς,
1101 3152 1246 3205 οὐδὲ
1293 3153 1401 3206 τόν
1456 3155 1594 3208 Υἱὸν
1648 3157 1700 3208 εὶ
1732 3157 1816 3224 μὴ
1851 3160 1884 3212 ὀ

309 3241 532 3308 Πατὴρ,
563 3243 738 3304 οὕτω,
777 3242 962 3311 φησιν,
995 3242 1199 3308 οὐδεὶς
1232 3239 1358 3296 οἶδε
1393 3245 1463 3297 τὰ
1505 3245 1612 3299 τοῦ
1653 3249 1800 3302 Θεοῦ
1833 3251 1887 3302 εὶ

298 3331 389 3399 μὴ
419 3332 486 3385 τὸ
534 3332 780 3400 Πνεῦμα
816 3332 924 3386 τοῦ
967 3334 1140 3388 Θεοῦ.
1183 3336 1276 3388 Ἐκ
1337 3336 1394 3388 δὲ
1434 3338 1541 3390 τῶν
1583 3343 1885 3408 εἰρημένων

303 3424 367 3476 τὸ
437 3424 617 3477 κοινὸν
680 3425 778 3494 τῆς
836 3424 1050 3492 φύσεως
1095 3427 1480 3496 διδασκόμεθα.
1547 3430 1764 3504 Ἐπειδὴ
1830 3435 1886 3488 δὲ

301 3516 356 3568 oi
415 3517 595 3568 πᾶσαν
628 3517 1009 3586 ἀναισχυντίαν
1068 3519 1376 3582 νοσοῦντες,
1411 3521 1460 3574 οἱ
1495 3524 1589 3593 τῆς
1642 3526 1884 3593 Ἀρείου,

305 3608 471 3677 φημὶ,
505 3610 598 3660 καὶ
622 3609 888 3679 Εὐνομίου
915 3610 1156 3681 μαθηταὶ
1188 3612 1562 3683 βλασφημίας,
1592 3617 1752 3670 αὐτόν
1785 3638 1885 3686 φα-

307 3717 394 3752 σιν
417 3695 558 3752 εἶναι
592 3700 682 3752 τὸν
711 3699 844 3752 Θεὸν
877 3700 937 3753 τὸ
973 3701 1196 3771 Πνεῦμα
1227 3703 1320 3755 τοῦ
1368 3704 1525 3770 Θεοῦ,
1576 3707 1884 3775 ἀναγκαίως

305 3791 336 3842 ὀ
370 3789 638 3859 μακάριος
671 3789 880 3852 Παῦλος
903 3790 1144 3844 δείκνυσι
1177 3793 1236 3844 τὸ
1259 3793 1352 3846 τοῦ
1379 3793 1691 3865 Πνεῦματος
1723 3800 1889 3868 πρόσει

307 3894 458 3930 ωπον
483 3896 497 3908 ν
547 3878 743 3948 Ἡμεῖς
768 3879 896 3947 γὰρ,
923 3883 1106 3947 φησιν,
1135 3884 1206 3933 οὺ
1238 3884 1302 3933 τὸ
1339 3884 1581 3952 Πνεῦμα
1627 3885 1732 3938 τοῦ
1788 3887 1886 3939 κό-

305 3986 469 4039 σμου
499 3969 812 4038 ἐλάϐομεν,
843 3971 1004 4024 ἀλλὰ
1042 3973 1110 4026 τὸ
1163 3973 1404 4043 Πνεῦμα
1462 3976 1527 4029 τὸ
1577 3976 1645 4030 ἐκ
1713 3977 1883 4043 Θεοῦ,

306 4063 412 4114 ἵνα
437 4060 688 4130 εἰδῶμεν
721 4062 792 4114 τὰ
821 4062 940 4116 ὑπὸ
967 4063 1075 4118 τοῦ
1105 4065 1254 4119 Θεοῦ
1313 4067 1674 4136 χαρισθέντα
1721 4071 1884 4138 ἡμῖν,

306 4153 347 4206 ἃ
374 4154 472 4207 καὶ
502 4153 812 4221 λαλοῦμεν
862 4157 973 4208 οῦκ
1018 4156 1087 4209 ἐν
1140 4157 1442 4224 διδακτοῖς
1507 4161 1886 4228 ἀνθρωπίνης

307 4247 528 4314 σοερίας
555 4247 778 4314 λόγοις,
810 4245 969 4299 ἀλλὰ
997 4246 1296 4314 διδακτοῖς
1319 4251 1662 4318 Πνεύματος
1691 4251 1882 4321 ἁγίου,

307 4336 726 4405 πνευματικοῖς
748 4339 1121 4406 πνευματικὰ
1146 4341 1596 4409 συγκρίνοντες.
1620 4344 1887 4410 Ψυχικὸς

1989 1874 2047 1917 et
2076 1866 2178 1918 scit
2201 1880 2321 1934 qua:
2357 1863 2448 1918 Dei
2485 1875 2634 1928 sunt,
2673 1875 2733 1918 ut
2761 1866 2980 1921 animus
3059 1875 3272 1931 noster,
3309 1881 3428 1936 qua:
3471 1883 3569 1919 uo-

1989 1969 2100 2011 ειν-ι
2129 1965 2275 2011 sunt.
2313 1956 2468 2023 Quod
2489 1958 2546 2011 ‘si
2569 1958 2805 2012 scrutari
2844 1959 2910 2012 ad
2984 1959 3348 2027 ignorantiam
3371 1959 3563 2022 refers,

1993 2051 2096 2104 hoc
2121 2052 2282 2105 etiam
2310 2053 2376 2105 de
2401 2051 2562 2105 Patre
2593 2052 2698 2106 dici
2730 2052 3036 2120 comperies
3069 2069 3087 2107 :
3119 2051 3223 2117 Qui
3271 2052 3432 2117 enim,
3487 2054 3564 2105 in-

1988 2142 2125 2209 quit,
2149 2148 2315 2194 σοι-αα
2363 2150 2662 2206 scrutatur,
2711 2143 2850 2194 novit
2879 2144 3004 2211 quid
3060 2143 3278 2210 spiritus
3308 2145 3495 2196 sentiat
3521 2146 3564 2198 ³.

1987 2230 2140 2296 Quod
2165 2232 2210 2286 si
2245 2233 2700 2286 rerumomnium
2761 2231 2906 2288 Deus
2965 2248 3070 2286 non
3121 2249 3187 2288 ex
3251 2238 3562 2303 ignorantia

1987 2332 2280 2391 scrutatur,
2315 2323 2408 2377 sed
2441 2325 2598 2394 plane
2615 2326 2716 2379 scit
2738 2327 2915 2379 omnia
2951 2337 3238 2395 antequam
3271 2330 3420 2390 tiant,
3466 2342 3565 2380 nec

1989 2415 2222 2483 Spiritus
2247 2429 2468 2472 sanctus
2493 2427 2713 2486 propter
2745 2419 3106 2488 ignorantiam
3139 2428 3416 2472 scrutatur
3445 2433 3565 2487 pro-

1988 2508 2153 2562 funda
2179 2509 2292 2564 Dei.
2317 2510 2569 2578 Alioquin
2600 2513 2870 2580 quomodo
2893 2510 3165 2580 ignoranti
3183 2522 3444 2580 congruet
3472 2511 3561 2564 illa

1985 2603 2354 2671 comparatio:
2389 2601 2852 2668 Quemadmodum
2877 2605 3024 2658 novit
3063 2603 3286 2673 spiritus
3327 2602 3563 2657 hominis

1986 2708 2047 2746 ea
2082 2708 2202 2761 qua:
2260 2693 2313 2745 in
2365 2694 2479 2762 ipso
2530 2703 2676 2757 sunt,
2713 2693 2793 2746 sic
2829 2701 2884 2747 et
2911 2707 3031 2760 quae
3088 2703 3214 2746 sunt
3260 2691 3350 2744 Dei
3405 2707 3564 2745 nemo

1987 2784 2136 2839 novit
2166 2784 2270 2839 nisi
2300 2782 2535 2854 Spiritus
2560 2784 2686 2839 Dei?
2716 2785 2882 2838 Nosse
2904 2787 3048 2837 enim
3083 2791 3137 2837 et
3169 2783 3399 2838 scrutari
3428 2798 3564 2835 con-

1989 2875 2153 2930 traria
2184 2888 2332 2933 sunt.
2361 2877 2589 2931 Animus
2625 2886 2802 2931 autem
2829 2889 2932 2929 non
2961 2884 3236 2929 scrutatur
3293 2890 3410 2941 qua:
3462 2889 3560 2927 sua

1986 2977 2139 3032 sunt,
2170 2969 2264 3022 sed
2297 2968 2447 3021 novit
2500 2969 2742 3022 omnino.
2809 2968 2988 3033 Quare
3043 2965 3283 3034 Spiritus
3340 2972 3564 3018 sanctus

1985 3061 2303 3127 exquisitam
2321 3058 2480 3113 habet
2498 3059 2856 3127 cognitionem
2878 3059 2992 3112 Dei.
3010 3059 3096 3122 Et,
3111 3057 3563 3124 Quemadmodum

1989 3169 2137 3204 nemo
2188 3153 2328 3205 norit
2377 3151 2614 3214 Patrem,
2647 3153 2752 3205 nisi
2782 3150 2976 3216 Filius,
3005 3167 3163 3221 neque
3201 3149 3402 3203 Filium
3463 3151 3517 3203 ni
3548 3152 3564 3203 i

1990 3243 2154 3298 Pater
2185 3245 2229 3310 ⁵,
2258 3245 2333 3297 sic
2358 3260 2528 3303 nemo.
2576 3247 2769 3312 inquit,
2807 3246 2969 3308 novit,
3003 3261 3117 3313 qua:
3155 3243 3244 3297 Dei
3271 3252 3412 3308 sunt,
3463 3246 3562 3296 ili-ti

1988 3335 2218 3403 Spiritus
2244 3335 2340 3390 Dei
2373 3338 2415 3391 ⁸.
2449 3336 2522 3390 Ex
2559 3337 2641 3391 his
2671 3353 2790 3406 qua:
2852 3337 2990 3390 dicta
3024 3344 3174 3400 sunt,
3208 3336 3333 3402 quid
3359 3345 3565 3387 natura:

1988 3442 2276 3481 commune
2309 3428 2402 3492 sit,
2445 3426 2816 3495 intelligimus.
2875 3425 3072 3480 Verum
3137 3425 3413 3492 quoniam,
3471 3438 3563 3492 qut

1988 3520 2136 3574 omni
2170 3521 2516 3589 impudentia'
2542 3521 2728 3572 morbo
2757 3519 3045 3583 lalmrant(
3081 3517 3213 3570 istos
3287 3513 3565 3569 maledica:

1988 3610 2102 3663 Arii
2144 3619 2200 3664 et
2256 3610 2506 3662 Eunomii
2535 3611 2792 3663 doctrina:
2831 3609 3128 3676 discipulos
3184 3605 3353 3675 dico)
3385 3607 3562 3674 ipsum

1990 3701 2157 3755 Deum
2202 3715 2322 3756 esse
2383 3701 2567 3754 dicunt
2631 3699 2915 3769 Spiritum,
2949 3715 3054 3752 non
3100 3708 3279 3751 autem
3333 3712 3562 3766 persona

1989 3795 2326 3858 distinctum,
2390 3794 2705 3846 necessario
2777 3792 2970 3845 beatus
3020 3790 3222 3844 Paulus
3274 3804 3559 3860 personam

1989 3883 2224 3954 Spiritus
2258 3883 2490 3938 Ostendit
2519 3901 2530 3934 :
2565 3883 2680 3936 Nos
2711 3883 2871 3942 enim,
2915 3882 3190 3950 inquiens,
3216 3898 3320 3935 non
3373 3881 3558 3934 mundi

1987 3978 2227 4046 spiritum
2260 3978 2577 4043 accepimus,
2606 3975 2696 4030 sed
2730 3974 3009 4042 Spiritum,
3042 3974 3130 4043 qui
3153 3989 3218 4027 ex
3245 3974 3349 4027 Deo
3370 3983 3466 4038 est,
3503 3987 3558 4026 ut

1988 4071 2240 4135 sciamus,
2296 4086 2414 4139 qua:
2441 4088 2473 4123 a
2503 4069 2610 4124 Deo
2636 4072 2833 4124 donata
2884 4080 3007 4124 sunt
3042 4069 3210 4132 nobis,
3250 4086 3350 4122 non
3387 4070 3439 4123 in
3465 4071 3560 4122 do-

1987 4161 2087 4213 ctis
2110 4164 2354 4215 humanm
2379 4164 2646 4230 sapientia:
2680 4162 2867 4226 verbis,
2897 4163 2986 4216 sed
3005 4163 3058 4215 in
3092 4161 3330 4214 doctrina
3389 4160 3560 4227 Spiri-

1991 4262 2074 4306 tus
2131 4256 2323 4318 sancti,
2372 4255 2738 4323 spiritualibus
2793 4254 3098 4322 spiritualia
3165 4265 3557 4320 comparantes.

1989 4346 2249 4398 Animalis
2305 4359 2479 4399 autem
2531 4347 2684 4399 homo
2736 4363 2837 4399 non
2881 4347 3119 4415 percipit,
3154 4360 3268 4414 qua:
3291 4342 3562 4413 snatSpi-

309 4427 378 4480 δὲ
396 4427 707 4494 ἅνθρωπος
731 4430 802 4481 οὐ
820 4427 1054 4496 δέχεται
1083 4430 1154 4482 τὰ
1171 4430 1274 4484 τοῦ
1299 4433 1665 4501 Πνεῦματος.
1683 4437 1885 4502 Μωρία

1991 4438 2149 4498 ritus,
2183 4436 2409 4489 stultitia
2446 4438 2583 4491 enim
2646 4447 2720 4491 est
2767 4437 2870 4503 illi,
2928 4449 2974 4490 et
3023 4453 3124 4490 non
3165 4446 3328 4503 potest
3363 4439 3562 4490 intelli-

309 4519 419 4589 γὰρ
433 4517 591 4583 αὐτῷ
605 4519 756 4581 ἐστι,
781 4520 875 4571 καὶ
897 4521 968 4572 οὐ
982 4518 1234 4574 δύναται
1258 4520 1500 4590 γνῶναι,
1519 4523 1608 4577 ὅτι
1626 4543 1888 4595 πνευμα-

305 4609 482 4675 τικῶς
503 4611 913 4678 ἀνακρίνεται.
944 4611 1040 4678 Τίς
1062 4612 1171 4681 γὰρ
1191 4614 1344 4684 ἔγνω
1366 4617 1518 4671 νοῦν
1545 4620 1790 4687 Κυρίου,
1819 4621 1887 4686 ὃς

304 4700 667 4769 σινμόιϐάονει
701 4703 923 4767 αὺτόν;
956 4703 1156 4772 Ἡμεῖς
1179 4705 1246 4758 δὲ
1277 4707 1428 4762 νοῦν
1457 4710 1717 4776 Χριστοῦ
1747 4711 1885 4781 ἕχο-

299 4809 437 4865 μεν.
473 4793 684 4846 Οὐκοῦν
703 4793 765 4846 τὸ
798 4796 995 4861 είπεῖν,
1029 4798 1112 4850 ὅτι
1143 4799 1202 4851 οὐ
1227 4799 1288 4852 τὺ
1318 4800 1533 4870 πνεῦμα
1555 4801 1647 4854 τοῦ
1680 4803 1884 4874 κόσμου

303 4883 592 4954 ἐλάϐομεν,
622 4885 754 4938 ἀλλὰ
779 4886 838 4939 r’b
878 4887 1100 4958 Πνεῦμα
1126 4890 1186 4940 τὸ
1211 4891 1275 4941 ἐκ
1301 4889 1395 4943 τοῦ
1428 4890 1587 4957 Θεοῦ,
1642 4893 1884 4958 ἐδίδαξεν

303 4977 403 5046 οὺχ
438 4978 696 5046 ὁμογενὲς
719 4977 800 5048 τῷ
829 4981 1046 5049 κόσμῳ,
1099 4980 1235 5034 ἀλλὰ
1295 4983 1392 5052 τῆς
1438 4981 1588 5046 θείας
1642 4985 1886 5056 ὑπάρχον

303 5066 494 5125 οὐσίας
526 5067 587 5118 τὸ
616 5067 839 5137 Πνεῦμα
871 5069 932 5121 τὸ
955 5067 1110 5132 ἅγιον
1144 5085 1160 5102 υ
1189 5073 1282 5123 καὶ
1341 5073 1477 5141 πρὸς
1505 5072 1684 5142 τούτῳ
1718 5073 1889 5126 ἐδίδα-

304 5154 416 5221 ξεν,
462 5153 539 5221 ὡς
575 5158 636 5211 οὐ
668 5157 798 5226 περὶ
821 5156 916 5210 τοῦ
943 5158 1079 5212 Θεοῦ
1111 5161 1203 5213 καὶ
1251 5160 1462 5231 Πατρὸς
1507 5166 1744 5217 ποιεῖται
1794 5162 1886 5215 τὸν

301 5249 482 5316 λόγον,
508 5249 643 5302 ἀλλὰ
676 5251 804 5318 περὶ
837 5250 930 5302 τοῦ
963 5250 1120 5317 ἁγίου
1155 5252 1496 5323 Πνεύματος,
1529 5249 1589 5308 οὗ
1635 5255 1732 5324 τὴν
1788 5255 1887 5324 χά·

303 5359 390 5408 ριν
423 5341 793 5411 λαμϐάνουσιν
822 5344 870 5394 oi
901 5343 1268 5407 πιστεύοντες.
1300 5345 1392 5398 Διὸ
1425 5347 1490 5399 τὸ
1525 5347 1770 5416 Πνεῦμα
1804 5347 1871 5401 τὸ

297 5432 368 5486 ἐκ
394 5433 502 5486 τοῦ
535 5433 684 5488 Θεοῦ
707 5474 720 5498 ,
748 5429 870 5488 εἶπε
896 5435 1184 5503 διδάσκων,
1206 5438 1282 5501 ὡς
1310 5441 1374 5491 ὲκ
1399 5440 1493 5493 τοῦ
1529 5440 1738 5511 Πατρδς
1763 5440 1877 5512 ἔχει

375 5614 390 5642 ¹
435 5615 592 5673 Joan.
636 5635 724 5685 av,
779 5620 872 5673 96.
988 5623 1008 5652 ¹
1050 5619 1223 5676 lCor.
1283 5638 1343 5688 ιι,
1379 5625 1464 5680 10.

301 5685 491 5741 12-14.

613 5782 886 5844 Panos.
925 5759 1314 5871 Gn._cxxx.

1580 5631 1600 5662 ³
1631 5629 1786 5683 Rom.
1832 5645 1950 5696 \‘lll,
1987 5631 2078 5686 2‘1.

1985 4542 2124 4595 gere,
2149 4527 2278 4594 quia
2313 4527 2666 4595 spiritualiter
2706 4529 3004 4598 judicatur.
3038 4529 3168 4594 Quis
3235 4531 3372 4582 enim
3419 4531 3561 4582 novit

1984 4633 2188 4670 sensum
2228 4617 2458 4679 Domini,
2490 4629 2582 4671 aut
2611 4620 2726 4689 quis
2747 4620 3002 4674 instruxit
3029 4619 3188 4672 eum?
3229 4613 3347 4673 Nos
3383 4631 3559 4672 autem

1983 4726 2192 4763 sensum
2248 4709 2446 4766 Christi
2491 4711 2740 4765 habemus
2771 4711 2813 4765 '.
2857 4711 2992 4766 Cum
3025 4712 3190 4782 igitur
3239 4712 3402 4773 dicat,
3462 4727 3559 4765 nos

1985 4815 2091 4854 non
2128 4799 2310 4854 mundi
2342 4801 2592 4870 spiritum
2618 4801 2914 4869 accepisse,
2972 4801 3068 4855 sed
3133 4799 3415 4869 Spiritum,
3466 4800 3557 4868 qui

1987 4909 2053 4948 ex
2100 4893 2206 4948 Deo
2237 4905 2342 4960 est,
2408 4893 2676 4964 Spiritum
2727 4903 2977 4947 sanctum
3031 4909 3134 4948 non
3188 4893 3312 4948 huic
3363 4895 3563 4947 mundo

1983 4985 2354 5053 coniunctum,
2387 4988 2482 5041 sed
2509 4985 2759 5041 essentiaa
2783 4983 2940 5040 docet
2969 4999 3092 5038 esse
3117 4984 3334 5038 divinte.
3396 4982 3564 5037 Docet

1985 5086 2266 5142 μηνίει-ευ,
2297 5091 2354 5129 se
2388 5090 2492 5128 non
2522 5076 2588 5128 de
2615 5075 2722 5128 Deo
2752 5087 2806 5128 et
2840 5073 3001 5128 Patre
3034 5075 3204 5141 loqui,
3230 5078 3324 5128 sed
3351 5076 3418 5127 de
3442 5072 3564 5142 Spi-

1987 5166 2093 5218 ritu
2148 5175 2358 5226 sancto,
2416 5163 2570 5230 cujus
2629 5164 2858 5233 gratiam
2924 5167 3210 5218 credentes
3266 5163 3559 5232 accipiunt.

1985 5255 2192 5325 Itaque,
2232 5255 2512 5323 Spiritum,
2560 5258 2646 5324 qui
2677 5271 2741 5309 ea;
2801 5255 2906 5309 Deo
2957 5265 3056 5320 cst,
3108 5254 3302 5320 inquit,
3359 5255 3562 5308 ducens

1983 5362 2105 5403 eum
2132 5364 2160 5401 a
2197 5350 2354 5403 Patre
2387 5351 2680 5406 essentiam
2707 5350 2926 5414 habere,
2949 5360 3001 5402 et
3021 5361 3142 5405 esse
3159 5347 3305 5402 illius
3328 5358 3557 5408 natm-tr,

1988 5460 2094 5498 non
2129 5458 2192 5498 eo
2223 5445 2381 5499 inodo
2406 5460 2512 5514 quo
2571 5461 2658 5502 res
2695 5447 2846 5499 facta:
2879 5455 2934 5499 ct
2997 5453 3314 5514 procreata.
3363 5446 3459 5501 sed
3504 5457 3562 5501 nt

2195 5633 2215 5664 ‘
2255 5633 2441 5687 Matth.
2468 5651 2543 5700 si,
2574 5635 2667 5691 27.
2779 5638 2796 5668 '
2831 5639 2850 5692 Ι
2889 5638 3016 5694 Cor.
3071 5657 3132 5706 ll,
3174 5643 3259 5699 il.
3371 5646 3392 5676 ‘
3429 5648 3556 5704 ibid.

3145 5810 3228 5874 28
