4042 6208
332 294 446 360 871

1252 320 1261 329 ‘
1303 307 1674 367 PANOl’LlA
1720 306 2168 367 DOGMATICA.
2210 330 2279 343 -
2309 309 2456 368 'l'l'l‘.
2489 308 2635 369 XIV.

2866 258 2898 287 ο

3481 280 3593 369 87's

323 452 358 503 6
401 448 624 521 Κύριος.
684 453 1091 508 ΟΡΘΟΔΟΞΟΣ.
1140 457 1216 510 Οὐ
1252 457 1414 527 μόνον
1453 459 1784 532 εὐσεϐοὖμεν
1829 461 1901 516 λέ-

2020 442 2366 499 incarnatum
2427 448 2663 501 animam
2707 462 2924 519 quoque
2974 447 3237 504 habuisse
3294 449 3591 515 afﬁrmetis.

320 555 538 607 γοντες,
576 540 657 593 ὅτι
699 541 983 611 ὁμοούσιός
1027 545 1175 598 ἐστιν
1213 547 1242 599 6
1283 546 1411 612 Υἱὸς
1446 547 1527 618 τῷ
1570 550 1764 618 Πατρὶ,
1798 551 1911 605 ἀλλ’

322 631 413 685 ὅτι
447 633 539 686 καὶ
572 630 753 702 ψυχὴν
774 629 884 703 εἶχε
925 636 1246 706 σαρκωθείς.
1283 638 1446 691 Οὐδὲν
1475 638 1532 692 δὲ
1569 639 1711 711 μέγα
1739 645 1913 705 ποιεῖς

324 722 661 792 ἀρνούμενος
687 724 749 777 τὸ
774 726 1077 795 ὀμοούσιον.
1106 730 1155 794 εί
1174 730 1351 799 ψυχὴν
1388 732 1551 785 αὐτὸν
1576 732 1719 804 ἔχειν
1750 735 1908 805 ἀρνῇ.

220 832 227 839 ι
319 810 501 864 Τοῦτο
526 811 636 882 γάρ
668 814 814 865 ἐστιν
848 811 978 867 ἴδιον
1011 814 1121 868 τῶν
1155 816 1216 870 τὸ
1247 818 1555 889 ἑτερούσιον
1591 821 1686 874 καὶ⁸
1713 821 1775 874 τὸ
1819 822 1915 875 ἁν-

322 899 514 971 όμοιον
540 900 825 969 λεγόντων.
867 905 982 957 Ἵιά
1027 905 1135 975 γὰρ
1172 907 1422 980 παθητὴν
1469 910 1567 982 τὴν
1599 913 1787 965 οὐσίαν
1813 913 1909 967 τοῦ

322 990 666 1058 Μονογενοῦς
700 992 948 1051 εἴπωσιν.
980 994 1188 1065 ἄψυχον
1215 996 1454 1065 λέγουσι,
1494 1001 1588 1053 καὶ
1624 1004 1687 1055 ὲκ
1717 1004 1907 1058 τούτου

322 1081 794 1146 κατασκευάζουσι
816 1085 875 1136 τὶ,
906 1086 1175 1156 ἀνόμοιον.
1203 1090 1424 1143 Μαχεδ.
1460 1091 1598 1143 Ἀλλ’
1630 1094 1789 1162 ἡμεῖς
1823 1097 1911 1148 ἀν-

317 1173 509 1243 ὄμοιον
535 1175 634 1245 μὲν
662 1177 721 1228 οὐ
740 1176 989 1246 λέγομεν,
1012 1177 1216 1249 ἄψυχον
1243 1180 1733 1252 δὲλέγομενμὈρθ.
1751 1187 1910 1256 Ὁμοι-

320 1265 524 1334 λογεῖς,
570 1268 652 1320 ὅτι
696 1268 846 1338 παρὰ
886 1268 962 1337 τῷ
1005 1269 1220 1343 θανάτῳ
1261 1272 1462 1341 ἤρξατο
1499 1274 1782 1329 λυπεῖσθαι
1815 1279 1907 1332 καὶ

320 1357 634 1426 ἀδημονεῖν,
675 1358 752 1422 ὡς
790 1362 850 1413 ὲν
881 1361 960 1430 τῷ
992 1362 1133 1414 κατά
1166 1362 1442 1416 Ματθαῖον
1473 1364 1788 1437 Εὑαγγελίῳ
1820 1368 1909 1436 γέν

317 1458 593 1515 γραπται,
627 1447 723 1500 καὶ
764 1450 825 1501 ὲν
854 1449 934 1519 τῷ
970 1450 1112 1504 κατά
1136 1450 1381 1521 Μάρκον,
1416 1451 1654 1524 Ἰἰρξατο
1685 1454 1885 1525 θαμὸεῖ

320 1536 453 1591 σθαι
507 1539 600 1591 καὶ
655 1539 991 1610 ἀδημονεῖν;
1040 1542 1262 1596 Μακεδ.
1321 1543 1447 1596 Ναί.
1527 1545 1675 1612 Ὀρθ.
1755 1549 1907 1620 ’Δδη-

315 1627 481 1697 pcvel
526 1625 583 1679 δὲ
622 1627 718 1680 καὶ
746 1627 1102 1699 ὲκθαμϐεῖται
1141 1630 1333 1701 θεότης
1370 1633 1462 1686 τὸν
1500 1633 1810 1710 θάνατον,ἢ
1842 1639 1904 1692 τὸ

318 1721 531 1792 ἄψυχον
559 1719 753 1793 σῶμας
783 1724 1005 1777 Μακεδ.
1033 1726 1284 1797 Δηλονὸτι
1317 1728 1350 1797 ἡ
1393 1724 1584 1798 θεότης
1623 1746 1903 1801 σεσαρκω-

323 1812 486 1883 μένη.
529 1813 672 1881 Ὀρθ.
734 1813 1008 1885 ’Δνόμοιος
1061 1814 1169 1886 ἀρα
1210 1817 1244 1886 ἠ
1306 1816 1399 1870 τοῦ
1435 1817 1567 1870 Υἱοῦ
1601 1818 1793 1890 θεότης
1831 1823 1898 1892 τῇ

319 1903 420 1957 τοῦ
468 1904 681 1981 Πατρδς
722 1904 970 1976 θεότητι;
1026 1907 1248 1962 Μακεδ.
1301 1908 1393 1980 Μὴ
1437 1909 1681 1977 γένοιτοι
1752 1912 1899 1980 Ὀρθ.

318 1995 417 2048 Εἰ·
445 1996 703 2068 ἀδημονεῖ
755 1997 850 2051 καὶ
905 1998 1258 2070 ἐκθαμϐεῖται
1313 2000 1405 2053 τὸν
1475 2000 1729 2067 θάνατον,
1784 2002 1903 2067 πῶς

316 2085 548 2142 δύναται
595 2088 777 2160 ὅμοιος
830 2084 968 2144 εἶναι
1018 2092 1112 2145 καὶ
1163 2091 1580 2164 ἀπαράλλακτος
1629 2092 1707 2164 τῷ
1767 2096 1904 2166 μήτε

321 2178 701 2250 ἀδημονοῦντι,
740 2182 877 2253 μήτε
902 2181 1246 2253 λυπουμένῳ,
1271 2184 1410 2254 μήτε
1437 2183 1901 2255 ὲκθαμόουμένῳς

319 2271 550 2324 laud.
585 2273 802 2341 Ἐπειδὴ
837 2273 996 2344 σῶμα
1038 2272 1375 2345 ἀνθρώπινον
1416 2274 1593 2344 εσχιν.
1628 2274 1904 2346 ἀδημονεῐ.

324 2365 483 2433 Ὣρθ.
550 2361 720 2433 Σῶμα
752 2361 812 2415 δὲ
875 2360 1082 2432 ἄψυχον
1124 2361 1225 2413 οὐκ
1262 2359 1539 2430 ἀδημονεί,
1569 2357 1672 2413 οὐκ
1700 2360 1910 2433 ἐκθαμ-

304 2454 512 2517 ϐεῖται,
540 2453 602 2506 οὐ
635 2453 909 2507 λυπεῖται.
932 2449 1157 2505 Μακεδ.
1200 2449 1338 2502 Ἀλλ’
1362 2444 1478 2520 εἶχε
1509 2450 1742 2522 θεότητα
1787 2451 1912 2509 ἀντὶ

305 2543 414 2612 τῆς
456 2541 656 2612 ψυχῆς.
724 2540 871 2607 Ὀρθ.
944 2538 1018 2592 Τὸ
1096 2538 1256 2609 σῶμα
1317 2540 1490 2593 ἐποίει
1535 2540 1636 2610 τὴν
1678 2539 1910 2612 θεότητα

304 2630 732 2701 ὲκθαμὸεῖσθαι,
759 2629 794 2701 ἦ
829 2630 864 2699 ὴ
894 2628 1089 2700 θεότης
1133 2629 1194 2697 τὸ
1225 2630 1423 2701 σῶμα;
1454 2630 1678 2686 Μακεδ.
1704 2630 1804 2685 Διά
1845 2628 1909 2685 τὸ

304 2721 476 2792 σῶμα
511 2723 546 2794 ἡ
587 2721 782 2794 θεότης
823 2720 1193 2792 ἐξεθαμϐεῖτο.
1230 2720 1444 2791 Ὀρθόδ.
1485 2721 1764 2777 Ἐθολοῦτο
1812 2717 1906 2777 οὖν

302 2815 344 2884 ἡ
384 2813 578 2884 θεότης
611 2813 717 2867 ὑπὸ
768 2811 1054 2884 σώματος,
1109 2814 1187 2877 ὡς
1227 2814 1291 2867 τδ
1348 2813 1675 2885 ἡγεμονικὸν
1722 2812 1900 2886 ἡμῶν.

1977 553 1983 563 ·
2017 535 2510 594 ORTHODOXUS.
2549 537 2666 597 Non
2694 540 2855 596 modo
2877 541 3130 611 religiose
3155 542 3444 620 sentimus,
3467 558 3590 598 cum

2016 622 2164 678 Patri
2214 627 2735 683 consubstantialem
2782 643 2903 684 esse
2945 626 2985 682 F
2990 629 3140 682 ilium
3169 629 3330 685 :sed
3364 622 3435 701 et
3468 646 3598 701 cuni
3707 694 3717 701 _

2017 730 2141 769 eum
2180 717 2525 771 incarnatum
2557 720 2795 773 animam
2825 719 3083 775 habuisse
3116 719 3460 776 confitemur.
3487 697 3640 799 Νοῗςξ
3774 758 3791 779 ,—

2014 824 2124 878 que
2171 824 2300 863 vero
2339 811 2518 879 magni
2552 811 2683 880 quid
2731 810 2927 868 feceris
2964 813 3593 879 consubstantialitatem
3673 803 3677 806 ’

2016 915 2243 969 negans,
2269 901 2313 955 si
2336 902 2570 954 animam
2602 916 2725 954 eum
2753 901 2952 957 habere
2975 892 3277 972 negaveris.
3307 902 3420 957 Hoc
3444 904 3590 958 enini

2013 1007 2205 1047 eorum
2247 1001 2331 1048 est
2372 992 2672 1062 proprium,
2721 993 2818 1062 qui
2858 993 3181 1049 substantia:
3215 994 3589 1050 diversitatem

2013 1090 2068 1136 et
2094 1081 2593 1139 dissimilitudinem
2631 1093 2899 1139 asserunt.
2934 1084 3003 1139 Ut
3049 1087 3193 1160 enim
3226 1086 3589 1163 substantiam

2016 1174 2285 1246 Uaigeniti
2310 1176 2494 1232 dicant
2517 1192 2639 1231 esse
2665 1176 2963 1245 patibilem,
2984 1176 3338 1245 inanimatam
3365 1180 3484 1231 eam
3507 1176 3592 1236 di-

2012 1274 2165 1330 cunt,
2193 1273 2358 1335 atque
2390 1267 2515 1320 inde
2540 1267 3043 1322 dissimilitudinem
3079 1268 3404 1333 substantia:
3436 1246 3591 1331 coma-

2014 1356 2400 1411 miniscuntur.
2428 1355 2636 1411 Maced.
2660 1357 2772 1413 Nos
2793 1373 2922 1413 vero
2942 1358 3443 1427 dissimilitudinem
3465 1344 3590 1416 sub-

2007 1448 3398 1513 stantizenondicimus,sedanimacareredicimus.
3429 1450 3584 1507 Orta.
3636 1484 3639 1489 -
3696 1510 3699 1515 _
3806 1478 3811 1483 -

2006 1540 2291 1598 Faterisne
2319 1541 2600 1599 Christum
2627 1543 2679 1597 in
2701 1542 2892 1598 mortis
2916 1557 3089 1612 agone
3115 1543 3350 1612 coepisse
3380 1544 3589 1599 contri-

1992 1634 2142 1690 stari
2248 1641 2305 1688 et
2414 1640 2642 1689 moestus
2667 1649 2814 1699 esse,
2835 1641 2895 1688 ut
2912 1633 2968 1687 in
2991 1632 3284 1704 Evangelia
3302 1634 3584 1688 Mattliazus

2002 1724 2187 1787 habet.
2225 1723 2402 1796 Coepit
2437 1725 2749 1780 contristari
2805 1734 2857 1779 et
2927 1737 3156 1805 meestns
3199 1740 3354 1795 esse,
3407 1733 3463 1780 et
3525 1735 3585 1778 ut

2004 1813 2244 1873 Marcus.
2276 1814 2456 1885 Cmpit
2501 1830 2701 1885 pavere
2759 1822 2813 1869 et
2865 1814 3097 1870 taedere?
3128 1813 3338 1891 Maced.
3382 1813 3579 1869 Etiam.

2006 1906 2162 1962 Orth.
2196 1905 2391 1962 Utrum
2420 1916 2614 1961 tumsta
2636 1914 2722 1961 est
2752 1913 2806 1960 et
2831 1917 3060 1962 mortem
3105 1914 3264 1978 pavet
3294 1905 3577 1966 divinitas.

2006 2014 2074 2053 au
2109 2014 2311 2068 corpus
2336 1997 2897 2054 animatum?Maced.
2917 1998 3187 2055 Divinitas
3216 2005 3363 2053 certe
3392 1997 3578 2053 incarv

2006 2101 2155 2148 nata.
2190 2092 2344 2148 Orth.
2374 2090 2498 2146 Filii
2531 2093 2699 2161 igitur
2727 2090 2989 2146 divinitas
3027 2088 3316 2159 dissimilis
3343 2094 3428 2144 est
3456 2087 3577 2142 dci-
3690 2100 3699 2107 '

2005 2183 2101 2238 tati
2134 2182 2349 2237 Patris?
2386 2160 2595 2235 uaced.
2634 2178 2825 2235 Absit!
2860 2178 3045 2267 θαι,
3072 2177 3132 2234 Si
3172 2160 3368 2234 masta
3404 2182 3489 2232 est
3522 2182 3580 2267 et

1964 2280 2167 2340 "pavet
2198 2280 2452 2333 mortem,
2483 2271 2762 2343 quomodo
2788 2270 2988 2327 similis
3018 2285 3115 2341 per
3157 2269 3338 2324 omnia
3371 2267 3479 2323 erit
3523 2266 3576 2322 ei

1980 2350 2072 2419 qui
2116 2354 2219 2402 nec
2252 2348 2498 2418 angitur,
2529 2361 2639 2404 nec
2675 2349 3068 2415 contristatur,
3115 2363 3220 2405 nec
3267 2349 3534 2405 turbatur
3558 2357 3583 2404 ι

1980 2438 2188 2493 Macati.
2215 2437 2432 2508 Corpus
2453 2437 2738 2503 habuit,et
2765 2438 2975 2495 idcirco
3007 2441 3388 2499 contristatur.
3412 2442 3572 2500 Ott/3.

1979 2534 2049 2586 At
2067 2546 2268 2602 corpus
2287 2530 2409 2588 sine
2438 2531 2622 2585 anima
2641 2546 2750 2586 non
2784 2534 3023 2602 angitur,
3041 2548 3152 2588 non
3170 2533 3443 2598 turbatur,
3464 2550 3576 2591 non

1980 2622 2259 2679 tristatur?
2270 2620 2481 2677 Maced.
2508 2620 2615 2679 Sed
2645 2623 2767 2678 loco
2785 2623 2984 2678 anima:
3001 2624 3344 2681 divinitatem
3361 2625 3574 2682 habuit.

1980 2711 2134 2768 Orth.
2150 2713 2234 2768 An
2256 2728 2456 2782 corpus
2475 2713 2745 2769 divinitati
2767 2716 3019 2785 pavorem
3042 2716 3296 2781 incussit,
3315 2725 3410 2771 aut
3433 2717 3575 2771 divi-

1978 2805 2124 2861 nitas
2142 2804 2396 2875 corpori?
2427 2803 2886 2877 Haced.,Propter
2899 2823 3101 2877 corpus
3122 2808 3384 2866 divinitas
3399 2826 3573 2882 expa-

1979 2897 2250 2953 vescebat.
2269 2895 2424 2953 Orth.
2456 2896 2802 2952 Nimirumut
2828 2899 3169 2971 principatus
3187 2903 3352 2955 animi
3371 2903 3569 2964 nostri,

1977 2987 2053 3041 ita
2074 2994 2131 3042 et
2155 2986 2418 3043 divinitas
2441 3003 2472 3042 a
2503 3004 2735 3058 corpore
2768 2990 3120 3045 turbabatur.
3158 2989 3375 3046 Μαρια.
3410 2990 3573 3046 Absit

301 2902 531 2958 Μακεδ.
583 2903 675 2973 Μὴ
733 2903 944 2972 γένοιτο
996 2904 1205 2957 είπεῖνί
1290 2904 1440 2972 Ὀρθ.
1519 2903 1758 2976 Ἀνάγκη
1808 2900 1903 2959 οὖν

294 2996 490 3051 δοῦναι
520 2996 697 3069 ψυχὴν
742 2998 843 3068 τὴν
879 2996 1235 3069 θολουμένην.
1272 2996 1497 3053 Mazaca.
1530 2997 1624 3069 Μὴ
1655 2998 1898 3067 γένοιτοι

318 3089 471 3156 Ὀρθ.
537 3087 666 3152 Πῶς
737 3084 830 3143 οὖν
875 3087 1084 3160 ἀκούσῃ
1118 3086 1214 3142 τοῦ
1263 3089 1499 3158 ἀγγέλου
1543 3089 1792 3158 λέγοντος
1821 3087 1901 3163 τῷ

1994 3087 2038 3134 it
2068 3080 2395 3136 hocdicaml
2426 3080 2881 3137 0rth.Concedas
2907 3082 3074 3149 igitur
3090 3091 3307 3152 oportet
3327 3084 3569 3137 animam

311 3176 514 3249 Ἰωσήφ
534 3194 549 3209 ο
600 3197 619 3229 ι
649 3178 941 3250 Παράλασε
992 3178 1094 3251 τὴν
1151 3178 1364 3251 μητέρα
1414 3180 1511 3234 καὶ
1557 3180 1619 3233 τὸ
1664 3180 1896 3245 παιδίον,

1994 3171 2150 3228 fuisse
2161 3188 2283 3242 quae
2297 3172 2515 3226 turbata
2531 3180 2637 3228 est.
2662 3169 2873 3227 Haced.
2891 3172 3050 3229 Absit
3071 3173 3084 3226 !
3106 3171 3261 3229 Orth.
3280 3172 3569 3240 Quomodo

298 3269 402 3323 καὶ
453 3268 623 3339 φεῦγε
678 3271 759 3334 είς
818 3268 1130 3339 Αἴγυπτονο
1185 3270 1369 3344 μέλλει
1436 3270 1546 3342 γὰρ
1587 3271 1617 3323 ὁ
1654 3270 1898 3344 Ἡρώδης

1994 3279 2109 3334 :rgo
2152 3264 2407 3334 angelum
2450 3263 2646 3318 audies
2687 3260 2930 3334 Josepbo
2967 3262 3280 3320 dicentem:
3311 3282 3330 3316 ι
3364 3264 3570 3336 Accipe

293 3359 487 3431 ζητεῖν
516 3358 615 3431 τὴν
634 3359 813 3430 ψυχὴν
840 3359 936 3414 τοῦ
969 3361 1181 3416 παιδίου
1200 3378 1213 3391 ·
1238 3380 1256 3414 ι
1291 3363 1388 3416 καὶ
1419 3361 1611 3417 πάλιν·
1652 3380 1672 3414 ι
1715 3362 1900 3435 Ἐγερ-

1994 3371 2207 3411 merum
2232 3368 2286 3411 et
2310 3364 2541 3409 matrem
2575 3354 2718 3423 ejus,
2753 3363 2810 3409 et
2842 3354 2966 3426 fuge
3005 3357 3061 3411 in
3108 3354 3440 3428 Egyptum:
3475 3355 3568 3410 fu-

294 3447 415 3513 θεὶς
460 3448 747 3521 παράλαϐε
778 3448 1012 3521 Μαριὰμ
1045 3448 1144 3519 τὴν
1175 3450 1413 3518 γυναῖκά
1451 3467 1569 3514 σου,
1601 3451 1696 3504 καὶ
1736 3450 1898 3523 δεῦρο

2001 3464 2159 3503 urunt
2177 3455 2261 3503 est
2281 3449 2427 3517 enim
2444 3455 2504 3499 ut
2521 3442 2765 3502 Herodes
2781 3459 2991 3516 quaerat
3008 3449 3249 3502 animam
3282 3448 3462 3517 pueri‘
3508 3465 3559 3513 ς»

292 3541 381 3604 είς
428 3539 536 3610 γῆν
580 3540 827 3612 ’1σραήλ’
861 3540 1158 3612 τεθνήκασι
1207 3541 1318 3613 γὰρ
1366 3542 1417 3594 οί
1463 3541 1755 3612 ζητοῦντες
1797 3542 1896 3612 τὴν

1994 3552 2042 3595 et
2094 3541 2294 3595 iterum
2332 3558 2389 3592 ει
2439 3539 2617 3607 Surge
2653 3546 2706 3593 et
2749 3540 2939 3607 accipe
2990 3538 3214 3593 Mariam
3271 3538 3565 3607 conjugem

290 3631 478 3702 ψυχὴν
522 3630 618 3685 τοῦ
662 3631 878 3686 παιδίου
900 3646 914 3660 ·
943 3652 961 3683 ι
1017 3633 1113 3685 καὶ
1170 3632 1334 3697 αὐτὸς
1379 3633 1411 3686 6
1456 3632 1663 3703 Κύριος
1683 3632 1855 3700 ιλέγει
1876 3648 1893 3663 ·

1994 3645 2149 3693 .uam,
2175 3638 2229 3684 et
2257 3628 2392 3682 vade
2422 3629 2477 3683 in
2502 3640 2706 3684 terram
2728 3628 2896 3682 Israel
2928 3646 2941 3680 :
2973 3627 3223 3682 defuncti
3244 3637 3371 3682 sunt
3391 3628 3560 3689 enim,

298 3743 322 3777 ι
363 3722 506 3792 Ἐγώ
543 3724 660 3793 είμι
692 3723 722 3775 6
769 3723 973 3794 ποιμὴν
1023 3724 1051 3777 6
1101 3722 1300 3787 καλός·
1352 3725 1382 3777 ὀ
1419 3723 1625 3794 ποιμὴν
1660 3725 1689 3776 6
1732 3721 1895 3787 καλὸς

1994 3720 2068 3792 ιιιί
2098 3722 2416 3791 quaerebant
2443 3721 2682 3775 animam
2720 3722 2871 3789 pueri
2900 3722 2920 3752 '
2950 3736 2965 3785 ;
2997 3737 3016 3770 ι
3053 3725 3108 3773 et
3138 3717 3405 3773 Dominus
3443 3719 3562 3789 ipse

289 3816 393 3886 τὴν
430 3814 609 3886 ψυχὴν
632 3813 797 3867 αὐτοῦ
836 3814 1049 3885 τίθησιν
1093 3814 1234 3886 ὑπὲρ
1267 3812 1378 3869 τῶν
1405 3813 1758 3885 προόάτωνί
1798 3814 1895 3868 καὶ

1994 3809 2094 3864 iit:
2132 3826 2151 3860 ι
2183 3806 2297 3878 Ego
2340 3823 2460 3863 sum
2512 3806 2921 3877 pastor-bonus
2958 3825 2971 3860 :
3007 3806 3184 3860 bonus
3216 3813 3406 3873 pastor
3442 3806 3562 3858 ani-

288 3906 491 3961 πάλιν⁸
533 3924 553 3957 ι
588 3906 717 3958 Ὅτε
769 3905 930 3969 θέλω,
978 3905 1168 3976 τίθημι
1219 3904 1410 3976 αὐτὴν,
1446 3906 1543 3958 καὶ
1583 3905 1672 3958 ὅτε
1720 3904 1883 3967 θέλω.

1994 3915 2120 3955 nam
2153 3915 2307 3956 suam
2336 3900 2492 3969 ponit
2522 3914 2622 3970 pro
2643 3899 2841 3954 ovibus
2871 3912 2927 3965 8;
2955 3920 2972 3950 ο
2998 3906 3068 3951 .et
3099 3897 3297 3953 iterum
3324 3918 3338 3951 ι
3375 3915 3394 3948 ι
3420 3897 3561 3951 Cum

287 4000 559 4071 λαμϐάνω
586 3999 796 4069 αὑτήνς
821 4016 839 4049 ι
874 3996 1098 4053 Μακεδ.
1137 3995 1353 4067 Ἐπειδὴ
1381 3996 1476 4049 καὶ
1507 3997 1536 4048 6
1569 3995 1758 4066 Πατὴρ
1805 3994 1892 4048 λέ-

1994 3994 2120 4057 iolo,
2149 3999 2514 4057 ponoeam,et
2536 4006 2661 4049 cum
2678 3990 2824 4053 volo,
2844 4004 3064 4046 resumo
3081 4003 3199 4043 eam
3244 3990 3280 4042 ⁸.
3307 4006 3324 4039 ι
3352 3987 3559 4044 Maced.

287 4107 415 4160 γει,
449 4109 467 4141 ι
498 4088 610 4152 Td;
635 4087 929 4161 νεομηνίας
986 4087 1142 4159 ὑμῶν
1167 4087 1261 4141 καὶ
1286 4086 1355 4140 τὰ
1393 4085 1644 4139 Σάϐϐατα
1675 4087 1826 4157 μισεῖ
1852 4084 1886 4156 ἡ

1994 4082 2211 4150 Quando
2234 4097 2366 4139 vero
2386 4094 2441 4137 ct
2457 4082 2672 4138 Patrem
2699 4081 2953 4137 audimus
2980 4081 3314 4150 loquentem,
3382 4097 3399 4130 ι
3424 4076 3565 4133 Sab-

285 4182 442 4253 ψυχή
480 4197 607 4253 μου,
636 4199 655 4234 ι
701 4176 813 4253 ἄρα
852 4180 942 4236 διά
964 4179 1142 4234 κτοῦτο
1176 4180 1272 4234 καὶ
1310 4179 1403 4233 τὸν
1451 4179 1672 4247 Πατέρα
1709 4178 1890 4251 ψυχὴν

1994 4181 2101 4228 )ata
2114 4180 2170 4229 et
2193 4174 2513 4230 neomenias
2533 4181 2746 4228 vestras
2762 4171 2876 4227 odit
2894 4171 3078 4225 anima
3096 4185 3217 4224 mea
3248 4179 3291 4236 ⁸,
3323 4188 3341 4220 ι
3367 4168 3563 4226 idcune

285 4272 439 4344 ἒχειν
484 4273 747 4346 λέξομενς
784 4273 936 4342 Ὀρθ.
982 4271 1209 4345 Πρῶτον
1275 4270 1304 4324 6
1365 4272 1691 4342 παρήγαγες
1724 4270 1888 4342 ῥητὸν

1994 4272 2032 4320 2t
2073 4264 2252 4336 ipsum
2283 4262 2500 4321 Patrem
2544 4265 2783 4319 animam
2830 4263 3029 4320 habere
3071 4262 3366 4318 dicemus?
3400 4261 3560 4318 Ortlt.

285 4362 391 4415 οὐκ
419 4361 669 4433 ἐνόησας.
701 4363 778 4416 Οὐ
809 4362 921 4432 γὰρ
974 4360 1121 4431 ἔχεις
1154 4360 1360 4426 δεῖξαι,
1397 4360 1480 4423 ὅτι
1516 4360 1707 4431 Πατήρ
1737 4361 1887 4415 ἐστιν

1994 4354 2095 4411 Non
2111 4356 2472 4413 considerasti
2497 4372 2644 4417 eam,
2660 4371 2822 4425 quem
2847 4353 3127 4410 adduxisti
3157 4353 3359 4407 locum.
3376 4351 3567 4423 Neque

285 4455 319 4506 ὁ
349 4454 546 4522 λέγων.
578 4452 803 4508 Mazaca.
845 4452 1006 4506 ’Δλλά
1049 4452 1194 4516 τίνος
1246 4453 1397 4506 ἐστὶν
1429 4454 1463 4522 ἡ
1509 4453 1698 4523 φωνή;
1735 4453 1881 4521 Ὀρθ.

1994 4451 2124 4506 :nim
2163 4448 2550 4506 demonstrare
2587 4448 2792 4516 poteris
2820 4446 3035 4502 Patrem
3070 4460 3215 4509 esse,
3247 4444 3342 4514 qui
3377 4443 3568 4498 i8ib;l‘.0

284 4547 398 4599 Τοῦ
426 4544 554 4599 Υἱοῦ
584 4544 682 4598 τοῦ
711 4544 846 4600 Θεοῦ
887 4544 981 4598 τοῦ
1012 4544 1328 4616 είρηκότος’
1369 4564 1387 4596 ι
1420 4544 1605 4612 Ἔγνω
1636 4541 1764 4613 βοῦς
1791 4543 1884 4600 τὸν

1994 4548 2257 4610 .oqnatur.
2292 4536 2502 4592 Maced.
2549 4538 2720 4606 Cujus
2764 4553 2902 4607 ergo
2938 4542 3025 4592 est
3067 4551 3174 4591 vox
3218 4534 3363 4594 ista?
3402 4533 3561 4590 Ortla.

284 4639 636 4708 κτησάμενον
665 4638 852 4701 αὐτὸν,
886 4637 982 4690 καὶ
1009 4637 1129 4700 δνος
1170 4635 1268 4708 τὴν
1309 4637 1518 4708 φάτνην
1550 4635 1643 4689 τοῦ
1690 4635 1884 4710 κυρίου

1994 4632 2104 4688 F‘ilii
2160 4631 2277 4695 Dei,
2324 4631 2418 4701 qui
2458 4630 2638 4684 dixit:
2670 4629 2981 4699 «Cognovit
3034 4629 3135 4684 bos
3185 4640 3564 4698 possessorem

282 4728 482 4783 αὐτοῦ’
524 4728 740 4801 Ἰσραὴλ
772 4729 831 4782 δέ
867 4745 936 4798 με
970 4729 1074 4781 οὐκ
1104 4727 1269 4796 ἔγνω,
1315 4729 1412 4782 καὶ
1441 4731 1470 4782 6
1501 4727 1645 4792 λαός·
1672 4744 1776 4798 μου
1817 4728 1879 4783 οὐ

1994 4740 2165 4788 suum,
2195 4731 2251 4780 ct
2284 4724 2478 4780 asinus
2503 4738 2747 4792 praesepe
2780 4722 2987 4776 domini
3021 4721 3108 4776 sui
3139 4738 3154 4775 :
3180 4718 3351 4775 Israel
3381 4728 3565 4771 autem

283 4820 514 4891 συνῆκε.
537 4839 556 4871 ι
590 4819 815 4876 Haud.
863 4812 1034 4883 Οὗτος
1078 4813 1172 4872 οὖν
1224 4821 1372 4873 ἐστιν
1399 4821 1429 4872 ὁ
1466 4818 1673 4888 λέγων’
1719 4838 1739 4872 ι
1768 4819 1882 4884 Τὰς

1994 4832 2070 4873 me
2091 4831 2202 4871 non
2234 4815 2516 4887 cognovit,
2535 4823 2590 4869 et
2613 4814 3146 4884 populusmeusnon
3166 4808 3438 4864 intellexit
3470 4814 3506 4864 ⁵.
3539 4828 3559 4860 ι

281 4912 578 4984 νεομηνίας
654 4911 811 4983 ὑμῶν
869 4912 965 4966 καὶ
1013 4910 1084 4965 τὰ
1131 4911 1383 4965 Σάὸϐατα
1451 4912 1600 4981 μισεῖ
1645 4912 1678 4981 ἡ
1733 4911 1878 4984 ψυχὴ

1994 4906 2193 4963 Ilaced.
2231 4906 2460 4964 Hiccine
2486 4912 2574 4961 est
2603 4906 2695 4975 qui
2725 4906 2861 4960 dicit
2887 4924 2900 4959 :
2939 4923 2957 4956 ι
2981 4902 3310 4959 Neomeuias
3350 4911 3564 4956 vestras

286 5021 430 5077 μους
460 5023 479 5057 ι
523 5005 674 5073 Ὀρθ.
737 5004 849 5058 Καὶ
905 5004 1067 5059 πάνυ.
1116 5004 1249 5058 Τότε
1278 5004 1387 5075 γὰρ
1426 5003 1568 5057 αὐτὰ
1596 5002 1877 5074 ἐμίσησεν,

1994 5008 2037 5056 et
2063 4998 2304 5054 Sabbata
2343 5000 2458 5053 odit
2488 4997 2671 5051 anima
2712 4998 2908 5053 mea?»
2933 4993 3086 5052 Orth.
3126 4992 3271 5050 Sane
3316 4992 3561 5064 quidem.

284 5099 377 5152 ἅτε
408 5095 819 5168 ὲνηνθρώπησε,
850 5098 943 5150 καὶ
969 5096 1071 5167 τὴν
1105 5096 1312 5167 Καινὴν
1338 5096 1614 5168 Διαθήκην
1650 5094 1875 5150 διέθετο.

1994 5089 2120 5146 l‘um
2157 5088 2303 5144 enim
2337 5089 2451 5142 odit
2481 5103 2567 5149 ea,
2609 5088 2831 5157 quando
2863 5088 3184 5143 incarnatus
3228 5094 3337 5148 est,
3369 5092 3425 5143 et
3465 5084 3568 5139 fm-

284 5186 515 5243 Ηακεδ.
550 5188 661 5241 Καὶ
675 5183 789 5257 εἶχε
811 5186 1012 5258 ψυχὴν,
1037 5189 1127 5242 ὅτε
1161 5188 1318 5258 ὤφθη
1337 5187 1414 5253 τῷ
1450 5189 1682 5259 Ἰίσαῖιμ
1723 5189 1876 5258 Ἰ]ρῶ

1994 5181 2089 5237 ilus
2123 5194 2324 5234 novum
2363 5179 2619 5234 instituit.
2654 5178 2860 5235 Μαι-θα.
2899 5180 3060 5250 Atqui
3081 5179 3321 5232 animam
3352 5177 3566 5239 habuit,

285 5280 501 5350 ’Ὥσπερ
530 5279 636 5332 οὐκ
667 5277 784 5350 εἶχε
817 5282 1008 5352 χεῖρας
1036 5280 1132 5333 καὶ
1159 5279 1326 5343 πόδας
1360 5281 1725 5349 σωματικοὺς,
1752 5277 1876 5331 οὔτε

285 5372 395 5442 μὴν
429 5373 622 5443 ἱμάτια
666 5374 955 5444 σωματικά
996 5374 1106 5445 πρὸ
1135 5372 1243 5443 τῆς
1272 5372 1757 5442 ὲνανθρωπήσεως,
1788 5372 1876 5425 ὅτε

281 5465 472 5533 ἔλεγεν
494 5505 510 5528 ,
545 5484 565 5517 ι
598 5464 841 5533 Ὠρυξαν
885 5464 1076 5536 χεῖράς
1124 5480 1228 5535 μου
1279 5463 1374 5516 καὶ
1420 5463 1585 5525 πόδας
1624 5479 1746 5531 μου,
1783 5462 1879 5515 καὶ

281 5559 380 5611 ἐπὶ
425 5558 519 5611 τὸν
557 5556 850 5628 ἱματισμόν
893 5564 996 5625 μου
1042 5556 1233 5609 ἔϐαλον
1266 5555 1523 5625 κλὴρὸυς,
1552 5573 1570 5606 ι
1626 5553 1762 5607 ἀλλά
1807 5552 1877 5606 τὰ

387 5752 404 5780 ⁸
433 5752 624 5808 Matth.
660 5768 719 5814 tt,
755 5750 841 5804 15.
915 5751 935 5782 ²
966 5750 1101 5808 ibid.
1135 5751 1225 5808 20.
1297 5751 1317 5782 ³
1355 5749 1510 5808 Joan.
1543 5768 1596 5816 Χ,
1640 5751 1719 5814 Η.
1800 5750 1817 5779 ⁸
1860 5752 1901 5807 il

2027 5756 2111 5811 i3.
2184 5754 2204 5784 ³
2237 5753 2333 5807 ὕει.
2369 5768 2406 5820 t,
2445 5751 2525 5810 l5.

1982 5288 2106 5327 cum
2140 5271 2293 5326 Isaiae
2320 5272 2470 5326 visus
2491 5272 2613 5326 est?
2638 5270 2793 5327 Ortli.
2823 5269 3294 5339 Quemadmodum
3316 5284 3419 5324 nec
3449 5282 3567 5323 tua-

1985 5379 2108 5426 nus,
2139 5378 2240 5420 nec
2272 5363 2435 5434 pedes
2464 5379 2781 5434 corp-imos,
2818 5379 2993 5432 neque
3032 5361 3198 5416 etiam
3239 5362 3564 5416 vestimenta

1982 5469 2247 5525 corporea
2279 5456 2486 5520 habuit,
2507 5466 2632 5509 ante
2660 5454 3111 5517 incarnationem,
3139 5453 3362 5523 quando
3384 5452 3556 5511 dixit.
3664 5504 3677 5509 -

1987 5567 2007 5598 ι
2039 5544 2318 5601 Fuderunt
2342 5562 2536 5602 manus
2570 5562 2719 5599 ineas
2750 5555 2805 5599 et
2835 5543 3002 5614 pedes
3049 5558 3203 5599 meos
3237 5561 3252 5598 :
3298 5551 3355 5599 et
3398 5556 3564 5612 super

3452 5690 3489 5701 Ἀ

2602 5750 2622 5782 ⁸
2652 5749 2783 5805 ibid.
2819 5750 2870 5807 5.
