4036 6210
352 1505 356 1510 ι
441 1444 606 1496 homo
632 1441 837 1509 justus,
876 1438 969 1493 Dei
1008 1438 1169 1492 homo
1213 1437 1456 1490 dicitur:
1512 1434 1588 1487 ita
1625 1431 1807 1485 anima
1844 1430 2019 1499 justa,

340 2078 350 2085 ’
450 2077 633 2133 anima
664 2078 832 2137 hunc,
861 2092 1024 2146 quem
1065 2075 1317 2136 ostendo,
1355 2089 1575 2128 servum
1617 2086 1796 2126 meum
1835 2085 2027 2125 susce-

3581 255 3698 320 880

429 299 538 374 δῖε)
966 286 975 301 '
1671 284 2053 350 EUTHYMII
2094 279 2450 344 ZIGABENI

423 456 632 503 restem
656 440 1132 499 meam'miserunt
1165 435 1397 493 sortem'
1431 475 1445 498 ,
1472 455 1489 487 ι
1531 434 1623 487 sed
1664 450 1785 502 qum
1826 435 2008 484 futura
2039 467 2047 489 ι

2133 439 2370 493 ιέλλοντα
2399 428 2645 501 γίνεσθαι
2676 424 2863 493 ἔλεγεν
2883 438 2897 454 ⁸
2933 419 3078 474 οὓτω
3110 415 3206 469 καὶ
3232 412 3364 484 περὶ
3405 409 3585 481 ψυχῆς
3614 406 3708 461 λέ-

424 543 582 590 erant
610 532 983 604 pronuntiavit
1019 549 1034 584 :
1071 530 1150 583 sic
1197 527 1339 580 etde
1380 526 1560 579 anima
1587 525 1817 592 loquens
1833 510 2003 575 dixit}

2261 490 2424 580 sine"
2451 542 2472 577 ι
2502 524 2669 578 Μισεῖ
2698 522 2731 590 ἡ
2779 490 2927 587 ψυχή
2981 530 3106 585 μου.
3137 531 3159 562 ι
3211 506 3435 563 Μακεό.
3484 505 3713 574 Δῶμεν,
3798 490 3811 508 ’

432 647 451 679 ι
473 596 799 689 Odit-anima
819 640 957 677 mea.
991 642 1008 672 ι
1037 618 1243 673 Maced.
1280 617 1363 671 Sit
1397 632 1529 672 sane
1561 615 1679 669 Filii
1709 631 1811 668 vox
1847 613 1961 668 haec
1991 631 2005 669 :

2133 621 2256 691 ὶτιή
2307 616 2458 687 φωνὴ
2506 613 2599 667 τοῦ
2651 608 2782 664 lio?»
2835 610 2982 660 ἐστι’
3038 603 3113 674 μὴ
3177 599 3273 654 καὶ
3333 599 3424 651 ὅτε
3477 596 3713 662 ἔλεγεν,

429 716 679 787 nunquid
710 727 764 769 et
801 726 910 767 tum
960 711 1129 766 Filius
1160 712 1425 780 loquitur,
1462 724 1585 761 cum
1616 708 1749 759 dicit
1784 724 1796 759 :
1838 703 2011 759 «Ecce

2133 732 2136 764 :
2177 687 2306 764 ’ἰδοὺ
2337 711 2366 762 6
2401 709 2541 770 Παῖς
2592 721 2693 776 μου
2733 703 2763 754 6
2804 694 3087 766 ἀγαπητός
3123 710 3224 763 μου
3248 732 3263 755 ,
3312 691 3390 754 εἰς
3437 690 3495 740 ὂν
3543 687 3722 757 ηὐδό-

421 825 567 878 ~puer
614 823 768 861 meus
820 805 1075 867 dilectus,
1114 804 1166 856 in
1228 816 1386 871 quem
1445 797 1778 867 complacuit
1827 800 2012 850 anima

2133 820 2281 874 ιησεν
2311 804 2346 872 ἡ
2385 799 2531 870 ψυχή
2577 812 2706 867 μου’
2745 793 2899 863 θήσω
2934 788 2998 841 τὸ
3049 783 3278 855 ΙΙνεῦμὰ
3332 798 3433 851 μου
3472 779 3561 878 ἔπ’
3611 778 3725 832 αὖα

432 914 575 956 mea.
613 911 809 965 ponam
837 892 1102 963 Spiritum
1132 907 1311 946 meum
1349 904 1514 958 super
1546 888 1695 941 eum’
1730 885 1759 936 Ἰ
1790 904 1808 937 ι
1851 882 2010 939 Orth.

2133 868 2267 953 τὸν.»
2570 888 2716 938 ἐστιν
2760 885 2788 936 6
2820 881 3025 949 λέγωνς
3090 876 3248 943 Ὀρθ.
3312 871 3425 924 Οὐκ
3471 868 3627 921 ἔστιν
3686 869 3726 920 ὁ

433 990 649 1044 Patrem
673 989 786 1050 hic,
812 986 1174 1045 non'Filium,
1213 984 1360 1053 loqui
1404 983 1459 1036 in
1492 980 1747 1035 confesso
1778 984 1862 1031 est
1894 995 1906 1029 :
1934 985 2012 1029 at-

2133 984 2244 1046 Γὶὸς
2272 983 2301 1035 ὁ
2335 980 2531 1048 λέγων,
2557 976 2670 1029 ἀλλ’
2695 969 3146 1045 ὁμολογουμένως
3173 967 3203 1019 6
3231 964 3441 1033 Πατήρ.
3478 962 3559 1014 Οὐ
3599 960 3728 1030 μὴν

433 1093 617 1137 tamen
652 1097 760 1135 non
800 1077 945 1149 quod
984 1079 1221 1131 animam
1274 1077 1469 1129 habeat
1508 1074 1590 1129 sic
1632 1072 1873 1140 loquitur
1914 1068 2015 1120 Pa-

2133 1077 2193 1138 li;
2235 1073 2399 1135 αὐτὸς
2443 1070 2620 1140 ψυχὴν
2664 1067 2801 1137 ἔχων
2852 1061 3028 1117 ταῦτα
3077 1057 3258 1111 λαλεῖ·
3340 1052 3476 1108 ἀλλὰ
3525 1054 3729 1105 πᾶσαν

434 1180 543 1237 ter,
574 1171 669 1226 sed
710 1169 981 1236 cujusque
1023 1166 1199 1221 sancti
1246 1165 1506 1225 animam,
1562 1175 1718 1216 suam
1775 1158 2014 1211 animam

2133 1165 2296 1236 ξκυχὴν
2344 1162 2526 1230 ἁγίαν,
2555 1156 2748 1213 ἑαυτοῦ
2803 1154 2981 1225 ψυχὴν
3033 1150 3202 1217 λέγει.
3235 1148 3391 1208 Ἦτις
3428 1140 3524 1198 οὖν
3560 1143 3728 1212 ψυχὴ

360 1290 363 1291 ν
437 1263 594 1315 dicit.
628 1235 978 1327 Quaecunque
1028 1259 1194 1327 igitur
1231 1257 1411 1309 anima
1462 1253 1565 1308 sibi
1617 1248 2017 1319 complacucrit

2133 1235 2206 1319 ειςί
2250 1255 2342 1307 τὸν
2369 1252 2498 1306 Υἰὸν
2551 1249 2841 1319 ηὑδόκησε,
2889 1245 3026 1313 αῦτη
3081 1258 3204 1313 μου,
3254 1238 3451 1327 φησὶν,
3490 1235 3650 1288 ἔστιν
3684 1237 3728 1304 ,ἡ

439 1354 495 1406 in
521 1350 679 1413 Filio,
730 1350 855 1412 ista,
903 1349 1099 1417 inquit,
1148 1354 1229 1401 est
1272 1346 1455 1397 anima
1502 1357 1644 1397 mea.
1693 1338 1906 1394 Etenim
1960 1346 2021 1389 ut

2133 1345 2288 1415 ψυχή.
2326 1344 2414 1407 Ὠς
2445 1341 2555 1411 γὰρ
2579 1342 2607 1393 6
2638 1338 2843 1399 δίκαιος
2857 1334 3161 1404 ἄνθρωπος,
3195 1327 3286 1381 τοῦ
3320 1325 3455 1378 Θεοῦ
3489 1324 3729 1391 λέγεται

2126 1414 2430 1506 ἄνθρωπος’
2457 1431 2599 1484 οὕτω
2627 1429 2721 1482 καὶ
2753 1428 2786 1497 ἡ
2815 1425 2999 1479 δικαία
3028 1420 3175 1492 ψυχὴ
3197 1417 3290 1472 τοῦ
3318 1414 3453 1470 Θεοῦ
3486 1414 3727 1482 λέγεται

444 1534 537 1588 Dei
572 1506 753 1586 anima
800 1536 1148 1597 nuncupatur
1195 1536 1250 1581 et
1293 1535 1398 1580 est.
1442 1523 1651 1578 Maced.
1684 1521 1826 1588 Quid
1859 1521 2025 1597 igitur

2133 1528 2224 1580 καὶ
2250 1524 2364 1578 ἔστι
2402 1522 2572 1593 ψυχή.
2608 1517 2828 1575 Μακεὸ.
2859 1516 2924 1569 Τί
2964 1510 3055 1568 οὖν
3088 1514 3235 1565 ἐστιν
3276 1507 3521 1569 εὐδοκίας
3558 1506 3722 1572 Ὀρθ,

441 1636 527 1682 est
551 1596 1171 1694 beneplacitum?0rth.
1205 1619 1444 1673 Verbum
1491 1615 1833 1686 complacuit,
1894 1596 2024 1683 pro?

2138 1616 2199 1668 νυ
2223 1615 2507 1684 προφήτης
2542 1611 2769 1671 Ἡσαΐας
2797 1608 2856 1661 τὸ
2888 1605 3221 1674 ηὑδόκησε,
3268 1596 3717 1668 προσεδέξατο,

446 1720 610 1788 pheta
692 1716 862 1770 Isaias
908 1716 1301 1784 interpretatur
1355 1711 1603 1777 suscepit,
1641 1708 1733 1762 ubi
1788 1705 2019 1761 scribit:

2134 1701 2279 1770 εἶπε,
2319 1705 2518 1772 λέγων’
2566 1721 2584 1753 ι
2628 1698 2821 1755 Ἰακὼϐ
2851 1701 2880 1752 6
2904 1699 3033 1761 παῖς
3057 1713 3180 1768 μου,
3205 1691 3569 1763 ἀντιλήψομαι
3606 1690 3727 1743 a6-

451 1829 469 1860 ε
500 1808 670 1862 Jacob
700 1821 891 1861 servus
934 1821 1111 1866 meus,
1158 1802 1456 1871 suscipiam
1501 1816 1625 1854 eum
1663 1817 1675 1852 :
1706 1796 1875 1853 Israel
1907 1796 2022 1850 ele—

2133 1799 2254 1853 τοῖν
2294 1795 2510 1868 Ἰσραὴλ
2538 1796 2567 1848 6
2611 1792 2865 1854 ὲκλεκτῦς
2918 1807 3039 1861 μου,
3087 1785 3451 1859 προσεδέξατο
3477 1782 3648 1837 αὑτὸν
3676 1781 3727 1851 1;

447 1910 569 1954 ctus
592 1913 768 1961 meus,
799 1913 961 1967 quem
992 1897 1227 1965 benigne
1254 1892 1497 1961 suscepit
1527 1891 1712 1945 anima
1742 1903 1882 1943 mea.
1906 1887 2026 1941 Po-

2133 1890 2276 1959 ψυχή
2309 1904 2430 1958 μου*
2458 1886 2633 1939 ἔδωκα
2665 1885 2724 1937 τὸ
2761 1880 2986 1951 Πνεῦμά
3031 1896 3130 1947 μου
3163 1877 3249 1930 ἐπ’
3275 1876 3458 1928 αὐτόν.
3484 1893 3502 1926 ι
3546 1873 3726 1934 Ἠτες

448 1991 530 2044 sui
567 1990 832 2058 Spiritum
868 2003 1046 2041 meum
1074 2002 1239 2056 super
1264 2000 1412 2038 eum.
1445 2004 1463 2035 ι
1484 1982 1836 2051 Qumcunque
1858 1980 2026 2051 igitur

2133 1978 2224 2035 οὖν
2251 1980 2395 2051 ψυχὴ
2426 1981 2632 2044 τοῦτον,
2655 1979 2712 2032 ὃν
2739 1977 2984 2045 δείκνυμι
3015 1976 3141 2044 ὑμῖν
3184 1971 3349 2026 παῖδά
3376 1986 3497 2041 μου,
3541 1983 3727 2038 προσ-

2133 2072 2368 2136 εδέξατο,
2393 2072 2539 2142 ἀὕτη
2575 2089 2674 2142 μου
2712 2071 2828 2122 ἐστὶ
2862 2068 3029 2137 ψυχή.
3056 2062 3280 2118 Μακεδ.
3312 2062 3499 2131 Ἡμεῖς
3542 2072 3730 2111 κατα-

453 2168 551 2237 pit,
575 2181 638 2222 ea
672 2175 756 2221 est
788 2181 904 2221 mea
936 2166 1135 2220 anima.
1182 2162 1386 2217 Maced.
1423 2161 1532 2215 Nos
1581 2162 1879 2231 improprie
1924 2159 2028 2215 Pa—

2135 2160 2449 2229 χρηστικῶς
2491 2160 2582 2214 τὸν
2618 2161 2838 2229 Πατέρα
2880 2158 3107 2225 λέγομεν
3138 2150 3417 2237 εἰρηκέναι
3446 2148 3548 2218 τὴν
3595 2160 3729 2237 qiu-

459 2272 600 2319 trem
628 2264 729 2317 ista
767 2262 1008 2313 locutum
1045 2257 1215 2310 fuisse
1233 2254 1486 2308 dicimus.
1519 2251 1703 2319 Neque
1721 2247 1865 2302 enim
1891 2244 2037 2314 quod

2133 2252 2232 2321 νήν.
2279 2247 2417 2300 υῦτε
2463 2246 2571 2315 γὰρ
2618 2244 2793 2313 ψυχὴν
2840 2239 2978 2309 ἔχων
3024 2240 3052 2290 6
3095 2239 3288 2308 Πατὴρ
3336 2236 3516 2304 λέγει’
3561 2249 3582 2283 ι
3612 2232 3728 2294 Et;

457 2353 695 2408 animam
753 2349 977 2409 habeat,
1026 2345 1197 2399 dicit:
1239 2363 1256 2395 ‹
1287 2342 1344 2397 In
1390 2356 1498 2411 quo
1544 2340 1650 2394 sibi
1710 2331 2036 2405 complacuit

2133 2342 2173 2395 iv
2217 2339 2516 2411 ηὐδόκησεν
2547 2338 2580 2407 ἡ
2616 2334 2759 2403 ψυχή
2797 2348 2927 2402 μου’
2954 2351 2970 2381 ι
3013 2330 3161 2391 οὔτε,
3203 2329 3279 2392 ὡς
3314 2330 3377 2381 σὺ
3412 2328 3720 2397 νενόηκας,

458 2444 638 2498 anima
669 2457 828 2496 mea:
867 2458 885 2491 ι
914 2454 1088 2507 neque
1122 2436 1189 2490 de
1233 2436 1413 2488 anima
1457 2432 1737 2486 hominum
1774 2426 2037 2494 loquitur,

2133 2431 2247 2502 περὶ
2278 2430 2377 2500 τῆς
2417 2426 2526 2479 τῶν
2568 2421 2867 2493 ἀνθρώπων
2895 2418 3071 2489 ψυχῆς
3104 2418 3270 2485 λέγει.
3310 2418 3455 2483 Ὀρθ.
3486 2416 3719 2486 Δῶμεν,

459 2545 597 2592 uttu
651 2535 868 2605 quidem
916 2532 1220 2585 existimas.
1262 2526 1416 2581 Orth.
1459 2522 1757 2594 lmproprie
1799 2519 2038 2572 animam

2133 2523 2198 2575 ὃτι
2242 2513 2692 2589 καταχρηστικῶς
2747 2510 2963 2582 εἴρηται
3011 2507 3263 2580 περὶτοῦ
3304 2507 3546 2578 Πατρὸς’
3593 2501 3724 2576 ἄρα.

458 2629 606 2682 Patri
644 2625 808 2680 tribui
854 2622 1248 2678 concedamus.
1284 2614 1529 2685 nunquid
1559 2614 1709 2669 etde
1749 2609 1888 2664 Filio
1934 2608 2039 2661 im-

461 2716 719 2790 proprie?
751 2714 959 2768 Maced.
987 2712 1185 2764 Etiam.
1219 2706 1373 2763 Orth.
1408 2704 1548 2770 Quid
1572 2704 1617 2758 si
1655 2710 1836 2755 autem
1878 2698 2041 2752 Pater

463 2815 624 2864 homo
646 2810 882 2869 dicatur,
919 2813 974 2858 et
997 2805 1040 2858 si
1074 2801 1371 2871 improprie
1392 2798 1554 2851 Pater
1581 2796 1807 2857 dicitur,
1826 2807 1956 2847 num
1987 2796 2042 2845 et

461 2898 633 2953 Filius
656 2895 953 2964 improprie
997 2894 1161 2945 homo
1211 2888 1467 2943 dicetur?
1496 2884 1703 2941 Macati.
1732 2883 1850 2938 ‘Ubi
1901 2880 2040 2936 scri-

464 3002 612 3058 ptum
639 2995 723 3040 est
756 2983 975 3036 Patrem
1021 2981 1321 3050 improprie
1361 2992 1485 3032 esse
1529 2973 1840 3030 hominem?
1883 2970 2040 3027 Ortlt.

460 3078 626 3133 Filius

462 3171 571 3217 cat.
598 3160 806 3214 Maced.
850 3160 1054 3213 Locum
1100 3159 1235 3226 lege,
1270 3170 1379 3225 quo
1413 3155 1589 3224 ipsum
1634 3153 1908 3205 hominem
1950 3167 2041 3204 vo-

462 3262 571 3310 cat.
606 3254 757 3309 Orth.
783 3253 1015 3319 Quando
1068 3250 1224 3313 dicit,
1263 3266 1281 3299 ι
1324 3247 1499 3302 llomo
1527 3245 1748 3315 qttidam
1777 3243 1908 3297 fecit
1937 3259 2043 3297 nu-

463 3348 606 3418 ptias
638 3346 746 3399 lilio
777 3359 878 3399 suo
907 3352 950 3407 ³,
980 3362 996 3393 ι
1019 3343 1235 3412 qualem
1277 3338 1550 3392 hominem
1578 3334 1747 3389 dicit?
1782 3333 1846 3386 Et
1870 3348 2046 3402 quan-

463 3442 534 3495 do
592 3440 744 3502 dicit,
780 3455 798 3485 ι
830 3436 1005 3490 Homo
1027 3435 1252 3504 quidam
1290 3432 1558 3502 plantavit
1596 3430 1833 3489 vineam,
1868 3435 1919 3480 et
1965 3426 2047 3479 lo-

464 3532 743 3585 eavitcam
764 3528 1020 3599 agricolis
1049 3530 1091 3585 ⁸,
1126 3544 1143 3577 ι
1178 3526 1392 3594 qualem
1435 3521 1694 3589 intelligis
1727 3517 2048 3573 hominem?

463 3620 674 3676 Maced.
722 3622 777 3674 lu
825 3618 1087 3689 parabola
1123 3614 1367 3669 Patrem.
1399 3610 1553 3667 Orth.
1599 3611 1812 3680 Ergone
1856 3610 2044 3681 igitur,

464 3728 588 3766 cum
626 3714 680 3767 in
718 3712 995 3783 parabolis
1025 3710 1245 3763 Patrem
1290 3705 1439 3759 dicat
1470 3704 1843 3767 hominem,et
1875 3704 1929 3756 in
1965 3717 2050 3757 ea-

463 3807 586 3860 dem
618 3805 706 3857 illa
742 3803 998 3874 parabola
1036 3803 1274 3872 seipsum
1311 3799 1457 3853 dicat
1483 3796 1755 3851 hominem
1786 3802 1905 3864 post
1932 3810 2050 3848 ser—

464 3912 563 3952 vos
586 3897 836 3958 missum,
862 3892 1264 3962 Filiumipsnm
1307 3888 1603 3958 improprie
1646 3886 1921 3939 hominem
1970 3883 2048 3937 fa-

466 3996 616 4043 ctum
675 3987 845 4041 luisse
904 3983 1246 4039 dixerimus?
1288 3980 1496 4034 Maced.
1560 3978 1734 4031 Absit.
1782 3976 1937 4030 Ortlt.
1992 3976 2050 4028 Si

466 4096 597 4151 ergo
621 4079 956 4134 audierimus
977 4076 1168 4131 faciem
1199 4072 1400 4138 Patris,
1430 4087 1593 4142 quam
1622 4084 1915 4140 puerorum
1934 4082 2038 4119 an-

466 4173 570 4243 geli
605 4171 895 4226 videntzsi
932 4170 1061 4223 item
1107 4166 1449 4221 audierimus
1490 4163 1683 4218 faciem
1735 4160 1880 4223 Filii,
1929 4175 2053 4228 quae

468 4267 523 4319 in
554 4261 1121 4330 monteresplenduit,
1161 4268 1215 4314 et
1253 4272 1419 4328 quam
1463 4255 1714 4311 minister
1745 4252 2047 4307 Pontificis

474 4353 748 4423 percussit
774 4371 785 4404 :
823 4354 967 4406 itane
994 4350 1211 4421 pr0pria
1246 4348 1537 4416 utrobique
1556 4345 1952 4415 significatione
1972 4343 2067 4399 fas

470 4446 607 4499 ciem
638 4443 991 4512 accipiemus,
1023 4454 1115 4496 aut
1136 4442 1276 4496 hanc
1295 4438 1517 4509 quidem
1544 4437 1794 4507 corporis
1829 4434 2048 4498 faciem,

470 4539 618 4592 illam
651 4534 1369 4605 improprieappellabimus
1404 4529 1761 4598 faciem,qua:
1777 4527 2051 4597 csthypo-

472 4629 683 4686 stasis?
718 4626 926 4682 Maced.
955 4624 1213 4679 Omnium
1246 4637 1521 4677 consensu
1548 4621 1708 4675 aliter
1728 4618 1898 4680 Patri,
1943 4616 2050 4671 ali-

470 4730 554 4775 ter
599 4718 739 4773 Filio
784 4716 1066 4772 tribuitur.
1124 4713 1276 4769 Orth.
1311 4711 1428 4767 Non
1485 4727 1618 4781 ergo
1652 4711 1700 4767 si
1749 4708 2052 4777 improprie

472 4814 652 4868 anima
682 4812 852 4873 Patri.
887 4809 1151 4864 continuo
1175 4817 1227 4863 et
1250 4806 1388 4860 Filio
1419 4804 1719 4875 improprie
1765 4802 2048 4854 tribuitur.

473 4905 569 4961 Est
597 4904 711 4959 haec
730 4902 1154 4958 Manichaeorum
1192 4900 1408 4963 insania
1442 4938 1456 4959 ,
1490 4897 1689 4951 docere
1713 4894 1912 4948 Filium
1952 4892 2047 4947 Dei

470 5014 580 5053 non
612 4997 780 5052 fuisse
804 4996 1082 5050 hominem
1116 4993 1343 5047 factum.
1374 4989 1585 5044 Maced.
1618 4988 2049 5041 iiomincmcum

470 5090 673 5143 factum
698 5086 1069 5148 conﬁtemur;
1105 5085 1200 5139 sed
1240 5085 1480 5137 animant
1528 5078 1899 5146 assumpsisse
1941 5091 2050 5130 non

470 5182 621 5235 item.
660 5178 814 5234 Orth.
860 5176 977 5231 Non
1034 5176 1310 5229 hominem
1346 5174 1522 5228 solum
1569 5170 1681 5231 dic,
1720 5168 1814 5224 sed
1848 5176 1901 5221 et
1932 5181 2055 5219 car-

471 5286 593 5327 nem
619 5271 844 5326 factum.
877 5269 1064 5339 Neque
1096 5267 1245 5321 enim
1289 5267 1452 5319 homo
1495 5264 1674 5317 factus
1708 5268 1810 5321 cst,
1843 5258 1888 5312 si
1930 5271 2053 5311 cor-

470 5381 572 5434 pus
625 5364 927 5417 animatum
970 5376 1079 5415 non
1127 5358 1451 5428 assumpsit.
1495 5354 1704 5409 Maced.
1762 5352 1901 5418 Quid
1941 5347 2056 5402 ita?

474 5457 627 5512 Orlh.
650 5457 789 5523 Quia
822 5470 1026 5524 corpus
1060 5453 1335 5513 exanime,
1367 5449 1512 5519 quod
1542 5448 1612 5500 ab
1644 5446 1840 5499 anim-.e
1882 5442 2054 5495 ratio-

474 5549 614 5602 nalis
643 5545 1031 5623 conununioye
1076 5542 1389 5611 sejunctum
1425 5547 1530 5603 est,
1576 5552 1684 5590 non
1720 5542 1806 5590 est
1852 5547 2053 5600 cmpos

2119 2612 2215 2664 καὶ
2248 2611 2372 2681 περὶ
2400 2608 2493 2660 τοῦ
2530 2604 2657 2658 Υἱοῦ
2701 2600 3153 2672 καταχρηστικῶς
3193 2598 3440 2669 εἴρηται;
3476 2596 3720 2652 Mam.

2120 2701 2246 2755 Ναί.
2286 2700 2443 2778 ςΟρθ.
2482 2695 2606 2748 Ἐὰν
2665 2689 2757 2746 οὖν
2791 2693 2886 2746 καὶ
2953 2690 3236 2762 ἄνθρωπος
3268 2690 3489 2760 λέγηται
3519 2690 3552 2741 ὀ
3594 2688 3725 2741 Πα-

2120 2794 2245 2864 τὴρ,
2288 2788 2739 2861 καταχρηστικῶς
2771 2786 2987 2858 εἴρηται
3009 2802 3022 2814 ο
3058 2784 3152 2836 καὶ
3199 2784 3247 2835 εἰ
3282 2784 3408 2853 περὶ
3448 2782 3543 2834 τοῦ
3586 2781 3734 2834 Πα-

2121 2885 2265 2955 τρὸς,
2305 2879 2413 2953 ἆρα
2467 2881 2559 2933 καὶ
2606 2880 2696 2932 τὸν
2737 2879 2864 2931 ἰ’ἱὸν
2916 2874 3370 2945 καταχρηστικῶς
3414 2872 3719 2943 ἄνθρωπον

2122 2975 2375 3046 λέξομεν;
2419 2971 2639 3028 Μακεδ.
2687 2970 2797 3023 Ποῦ
2834 2969 3145 3038 γέγραπται
3190 2962 3647 3059 καταχρηστικῶς
3686 2966 3725 3016 ὀ

842 3073 957 3139 ipse
991 3071 1043 3122 in
1082 3068 1397 3136 Evangeliis
1432 3066 1710 3119 hominem
1738 3064 1919 3132 ipsum
1952 3076 2043 3115 vo-

2133 3067 2312 3138 [Ιατὴρ
2385 3064 2704 3133 ἄνθρωπος;
2778 3063 2934 3128 Ὀρθ.
3009 3059 3180 3121 Αὐτὸς
3230 3058 3259 3111 6
3298 3055 3430 3117 γιδξ
3462 3055 3533 3105 γὲν
3592 3057 3724 3117 τοῖς

2124 3157 2475 3226 Εὑαγγελίοις
2521 3155 2668 3222 λέγει
2716 3153 2887 3205 αὐτὸν·
2930 3151 3234 3220 ἄνθρωπον.
3280 3149 3497 3203 Haud.
3542 3147 3726 3201 Ἀνά-

2125 3250 2291 3318 γνωθί
2336 3267 2424 3321 μοι
2466 3247 2564 3300 ποῦ
2601 3246 2762 3299 αὐτὸν
2802 3245 2947 3313 λέγει
2994 3243 3302 3313 ἄνθρωπον.
3344 3242 3497 3308 Ὀρθ.
3534 3240 3724 3293 Ὅταν

2125 3342 2277 3411 λέγῃ,
2318 3360 2335 3390 ι
2370 3338 2688 3409 Ἀνθρωπος
2722 3354 2802 3398 τις
2855 3334 3077 3403 ἐποίησε
3115 3334 3327 3403 γάμους
3363 3331 3438 3401 τῷ
3475 3330 3577 3401 υἱῷ
3613 3331 3729 3384 αὐα-

2126 3432 2240 3494 τοῦ,
2264 3451 2281 3482 ι
2316 3432 2465 3483 ποῖον
2493 3429 2636 3497 λέγει
2671 3429 2988 3498 ἄνΟρωπον;
3026 3424 3137 3478 Καὶ
3165 3424 3293 3477 ὅταν
3321 3423 3485 3494 λέγῃ·
3523 3438 3546 3473 ι
3582 3422 3728 3475 'Av-

2129 3522 2346 3593 Ορωπός
2373 3539 2456 3583 τις
2486 3520 2783 3588 ἐφύτευσεν
2818 3516 3137 3587 ἀμπελῶνα,
3178 3516 3273 3567 καὶ
3305 3514 3510 3580 ἐξέδοτο
3545 3513 3730 3566 αὑτὸν

2128 3618 2424 3685 γεωργοῖς,
2464 3632 2481 3664 ι
2542 3617 2691 3666 ποῖον
2754 3614 2891 3673 νοεῖς
2963 3609 3288 3680 ἄνθρωπον;
3348 3603 3568 3659 Μακεδ.
3624 3604 3731 3657 Ἑν

2129 3705 2412 3777 παραϐολῇ
2450 3706 2541 3757 τὸν
2580 3704 2830 3773 Πατέρα.
2898 3703 3051 3768 Ὀρθ.
3109 3696 3259 3769 τΑρα
3288 3692 3402 3761 οὖν,
3433 3694 3624 3766 ἐπειδὴ
3654 3695 3728 3749 ἐν

2131 3800 2465 3871 παραϐολαῖς
2519 3797 2609 3850 τὸν
2662 3796 2883 3865 Πατέρα
2940 3795 3089 3862 λέγει
3143 3792 3450 3864 ἄνθρωπον,
3502 3788 3603 3841 καλ⁵
3656 3790 3729 3842 ὲν

2130 3892 2268 3962 αὐτῇ
2315 3893 2380 3960 τῇ
2433 3888 2716 3959 παραϐολῇ
2770 3888 2865 3939 καὶ
2908 3886 3097 3938 ἑαυτὸν
3150 3883 3386 3954 Χριστὸν
3430 3880 3733 3949 ἄνθρωπον

2136 3979 2275 4050 μετὰ
2320 3979 2445 4041 τοὺς
2477 3976 2699 4040 δούλους
2733 3974 3163 4044 ἀπεσταλμένον,
3214 3973 3461 4043 εἴποιμεν
3508 3968 3577 4023 ἂν
3621 3973 3737 4023 καὶ

2134 4070 2294 4123 αὐτὸν
2342 4068 2432 4121 τὸν
2492 4067 2619 4120 Υίὸν
2672 4064 3127 4136 καταχρηστικῶς
3196 4060 3734 4134 ὲνηνθρωπηκέναις

2132 4157 2353 4212 Μακεδ.
2408 4158 2499 4228 Μὴ
2550 4156 2793 4225 γένοιτοι
2865 4157 3020 4223 Ὄρθ.
3099 4155 3226 4207 Ἐὰν
3285 4153 3342 4206 δὲ
3391 4150 3739 4221 ἀκούσωμεν

2137 4250 2426 4321 πρόσωπον
2452 4248 2680 4321 Πατρδς,
2706 4248 2735 4302 ὃ
2769 4247 3056 4318 βλέπουσιν
3083 4246 3301 4315 ἄγγελοι
3328 4244 3436 4299 τῶν
3468 4244 3737 4310 παιδίων,

2136 4343 2212 4407 ὼς
2262 4344 2318 4396 ὲν
2351 4341 2705 4409 Εὐαγγελίοις
2752 4342 3097 4412 γέγραπταιο
3149 4338 3469 4409 ἀκούσωμεν
3509 4336 3569 4389 δὲ
3628 4339 3745 4392 καὶ

2096 4428 2434 4507 “πρὸσωπον
2473 4434 2623 4498 Υἱοῦ,
2672 4433 2700 4486 ὃ
2732 4433 2970 4503 ἔλαμψεν
3013 4433 3071 4484 ὲν
3120 4430 3198 4501 τῷ
3241 4430 3385 4500 ὄρει,
3416 4428 3510 4483 καὶ
3553 4429 3741 4499 ὲῤῥάς

2139 4547 2295 4584 πισεν
2330 4532 2357 4582 6
2386 4529 2663 4600 ὑπηρέτης
2684 4544 2699 4559 ·
2730 4526 2904 4589 οὕτως
2951 4524 3255 4595 ἀκούσομεν
3302 4523 3410 4576 τῶν
3455 4538 3747 4591 σημαινο-

2144 4620 2354 4690 μένων;
2383 4619 2415 4689 ἦ
2453 4618 2514 4671 τὺ
2550 4618 2648 4688 μὲν
2695 4617 2943 4686 σώματος
2993 4615 3318 4684 πρόσωπον,
3351 4613 3412 4664 τὸ
3446 4611 3502 4663 δὲ
3548 4628 3743 4663 κατα-

2141 4710 2451 4783 χρηστικῶς
2470 4711 2807 4781 ὀνομάσομεν
2832 4707 3141 4778 πρόσωπον,
3168 4706 3196 4759 ὃ
3224 4707 3370 4757 ἐστιν
3390 4703 3695 4766 ὑπόστασις
3720 4720 3745 4768 ;

2142 4797 2363 4852 Μακεδ.
2401 4796 2876 4868 Ὀμολογουμένως
2904 4795 3079 4859 ἄλλως
3109 4796 3202 4847 ἐπὶ
3234 4794 3329 4846 τοῦ
3360 4792 3595 4863 Πατρὸς,
3635 4795 3746 4847 καὶ

2144 4890 2318 4953 ἄλλως
2364 4890 2456 4943 ἐπὶ
2488 4888 2581 4942 τοῦ
2617 4887 2770 4946 Υἱοῦ.
2813 4887 2968 4954 Ὄρθ.
3014 4887 3127 4939 Οὐκ
3177 4885 3307 4957 ἄρα,
3341 4885 3434 4939 καὶ
3479 4886 3529 4937 et
3597 4886 3742 4957 περὶ

2144 4982 2238 5035 τοῦ
2278 4980 2487 5052 Πατρὸς
2529 4977 2983 5049 καταχρηστικῶς
3035 4978 3249 5048 εἴρηται
3298 4975 3478 5047 ψυχὴ,
3509 4975 3742 5041 πάντως

2148 5074 2239 5126 καὶ
2277 5072 2401 5142 περὶ
2442 5069 2537 5124 τοῦ
2586 5071 2747 5125 Υἱοῦ·
2793 5069 3110 5140 Μανιχαίων
3142 5069 3252 5141 γὰρ
3283 5069 3422 5138 αὕτη
3453 5070 3487 5138 ἡ
3530 5068 3739 5138 μανία,

2147 5166 2207 5217 τὸ
2238 5164 2413 5230 λέγειν
2446 5160 2521 5233 μὴ
2573 5159 3055 5232 ένηνθρωπηκέναι
3107 5157 3199 5210 τὸν
3254 5158 3383 5210 Υῐὸν
3426 5155 3520 5208 τοῦ
3571 5155 3739 5210 Θεοῦ.

2148 5255 2371 5310 Μακεδ.
2409 5250 3217 5325 Ἐνηνθρωπηκέναιλέγομενο
3252 5248 3365 5302 ἀλλ’
3393 5249 3517 5318 οὐχὶ
3553 5248 3741 5321 ψυχὴν

2151 5346 2448 5416 εἰληφέναι.
2489 5346 2643 5412 Ὀρθ.
2693 5343 2785 5414 Μὴ
2824 5341 2951 5411 λέγε
3013 5340 3494 5413 ὲνηνθρωπηκέναι
3550 5341 3737 5410 μόνον,

2151 5438 2287 5495 ἀλλὰ
2327 5437 2422 5492 καὶ
2455 5436 2848 5509 σεσαρκῶσθαι.
2887 5437 2949 5489 Εἰ
2983 5434 3091 5505 γὰρ
3121 5435 3221 5488 οὑκ
3252 5434 3445 5488 ἐλαϐεν
3491 5432 3737 5504 ἔμψυχον

2156 5532 2333 5600 σῶμα,
2368 5529 2490 5584 οὐδὲ
2536 5527 2941 5599 ὲνήνθρώπησε.
3001 5530 3086 5552 "'
3118 5524 3197 5551 η’
3286 5524 3372 5555 ""
3409 5523 3497 5555 ""
3574 5523 3727 5563 ἠδη·

3409 5523 3497 5555 pf.

559 5754 573 5785 ‘
618 5752 759 5808 Psal.
794 5771 905 5816 ut,
941 5754 1001 5806 Π
1045 5754 1125 5808 19.
1205 5754 1225 5782 ¹
1254 5753 1357 5805 lsa.
1399 5766 1528 5817 xui,
1574 5751 1621 5801 1.
1692 5750 1712 5779 ³
1751 5746 1939 5801 Matth.
1979 5761 2041 5799 xx

2141 5741 2195 5796 9..
2266 5742 2285 5772 ⁸
2319 5739 2505 5795 Matth.
2540 5751 2654 5804 ut,
2680 5737 2765 5791 εδ.

1248 5857 1372 5887 γνηκ
