4036 6210
370 327 478 392 881

1327 321 1708 404 PANOPLIA
1746 342 2208 406 DOGMAI‘ICA.
2247 372 2314 383 -
2343 347 2496 410 Tir.
2539 347 2692 408 xxv.

3524 351 3628 414 882

377 469 496 525 Ὅτι
530 471 691 543 σῶμα
718 472 947 544 ἄψυχον,
973 475 1032 529 τὸ
1067 477 1141 548 μὴ
1173 482 1508 553 κοινωνῆσαν
1549 484 1694 554 ψυχῇ
1739 485 1941 559 λογικῇ.

2054 491 2373 545 humanum.
2406 490 2518 545 Cur
2534 497 2714 545 autem
2735 490 2910 546 instar
2939 508 2956 542 ι
2983 490 3188 561 aspidis
3201 489 3382 546 surdae
3399 499 3449 544 et
3469 489 3630 546 obtu-

372 561 473 615 οὐκ
515 561 662 615 ἐστιν
701 563 1037 635 ἀνθρώπινον
1075 568 1252 639 σῶμα.
1293 572 1420 636 Πῶς
1466 573 1524 626 δὲ
1573 573 1648 637 ὡς
1685 595 1702 626 ι
1730 577 1956 642 ἀσπίδος

373 655 564 724 κωφῆς
609 653 702 707 καὶ
747 655 980 728 βυούσης
1025 658 1097 712 τά
1141 656 1256 714 ὦτα
1307 663 1496 731 αὐτῆς,
1541 666 1662 735 ἥτις
1691 668 1792 720 οὐκ
1841 671 1954 721 είσ-

373 743 672 799 ακούσεται
703 747 886 817 φωνῆς
934 749 1246 820 ἑπᾲδοντος,
1294 771 1312 805 ι
1359 754 1530 818 οὕτως
1576 756 1803 810 ἀκούετε
1859 757 1952 811 τοῦ

376 835 586 905 Πέτρου
615 836 864 905 λέγοντος
886 840 943 891 ὲν
966 843 1084 904 ταῖς
1099 842 1337 913 Πράξεσι
1360 845 1470 897 τῶν
1503 847 1835 908 ἀποστόλων,
1873 850 1954 902 ὅτι

382 946 398 977 ι
418 925 599 998 Οὖτεή
617 926 762 999 ψυχὴ
785 929 950 983 αύτοῦ
985 933 1309 1005 κατελείφθη
1338 936 1418 998 εἰς
1443 935 1591 1006 ᾅδου,
1619 938 1740 991 οὔτε
1768 941 1953 1011 ήσᾰρξ

374 1019 538 1072 αὑτοῦ
602 1014 711 1073 οἶδε
768 1021 1100 1093 διαφθοράνς
1157 1026 1267 1079 Καὶ
1323 1028 1351 1079 ὁ
1404 1033 1688 1100 προφήτης
1729 1034 1954 1098 ἰἰσαῖας

374 1108 503 1180 βοξυ
551 1129 568 1161 ι
609 1110 736 1163 Ἐὰν
776 1110 910 1164 δῶτε
943 1114 1074 1185 περὶ
1109 1115 1381 1187 ἁμαρτίας
1419 1118 1518 1188 τὴν
1556 1119 1731 1190 ψυχὴν
1776 1121 1948 1191 ὑμῶν,

369 1199 563 1269 ὄψεσθε
596 1201 813 1271 σπέρμα
844 1204 1190 1275 μακρόϐιον.»
1227 1208 1336 1260 Καὶ
1364 1207 1710 1278 βουλεύσεται
1745 1211 1951 1283 Κύριος

369 1291 429 1343 ὲν
462 1292 602 1362 χειρὶ
647 1292 809 1346 αὐτοῦ
844 1294 1061 1363 ἀφελεῖν
1102 1297 1195 1350 τοῦ
1229 1299 1392 1352 πόνου
1427 1300 1524 1371 τῆς
1556 1301 1734 1372 ψυχῆς
1764 1304 1949 1366 αὑτοῦ,

368 1382 538 1448 δεῖξαι
565 1382 714 1453 αύτῷ
744 1384 878 1453 φῶς,
915 1387 1008 1439 καὶ
1041 1387 1242 1442 πλάσαι
1288 1392 1354 1461 τῇ
1401 1391 1632 1456 συνέσει,
1661 1393 1950 1450 δικαιῶσαι

368 1471 575 1526 δίκαιον
609 1469 666 1526 εὖ
719 1473 1032 1530 δουλεύοντα
1090 1480 1304 1544 πολλοῖς
1324 1499 1338 1512 ·
1392 1483 1486 1536 καὶ
1530 1484 1629 1546 τὰς
1677 1485 1952 1557 ἁμαρτίας

370 1562 545 1616 αὐτῶν
578 1564 739 1628 αὐτὸς
783 1566 1004 1621 ἀνοίσει.
1038 1569 1138 1623 Διά
1164 1571 1321 1624 τοῦτο
1348 1573 1510 1636 αὐτὸς
1553 1573 1950 1646 κληρονομήσει

369 1653 630 1720 πολλοὺς,
677 1658 772 1710 καὶ
816 1657 1208 1732 τῶν⁶ίσχυρῶν
1247 1665 1426 1733 μεριεῖ
1478 1664 1668 1718 σκῦλα.
1709 1666 1848 1718 ’Λνθ⁹
1877 1660 1952 1718 ὧν

372 1745 641 1816 παρεδόθη
686 1749 767 1811 είς
819 1747 1048 1803 θάνατον
1100 1753 1133 1822 ἡ
1186 1751 1332 1823 ψυχὴ
1388 1755 1575 1819 αὐτοῦ,
1607 1757 1698 1809 καὶ⁵
1749 1757 1808 1809 ἐν
1837 1760 1952 1820 τοῖς

367 1831 588 1902 ἀνόμοις
632 1835 916 1907 ἐλογίσθη,
954 1841 1047 1893 καὶ
1090 1841 1250 1904 αὐτὸς
1284 1843 1554 1915 ἁμαρτίας
1601 1847 1808 1900 πολλῶν
1851 1849 1947 1901 ἀν-

367 1923 586 1994 ήνεγκε,
633 1927 728 1979 καὶ
784 1929 873 1982 διὰ
923 1930 1021 2002 τὴς
1072 1933 1300 2004 ἀνομίας
1357 1937 1536 1989 αὐτῶν
1601 1939 1892 2010 παρεδόθη.
1920 1959 1939 1992 ›

364 2013 588 2067 Haud.
629 2017 739 2069 Kal
770 2020 933 2089 ἡμεῖς
969 2020 1146 2090 ίσμεν,
1192 2023 1273 2076 ἂτι
1317 2026 1581 2097 πολλαχοῦ
1629 2029 1841 2099 εἴρηται
1887 2031 1946 2082 ἐν

363 2107 433 2178 τῇ
478 2105 690 2179 Γραφῇ,
741 2109 824 2164 ὅτι
870 2110 1048 2185 ψυχὴν
1094 2111 1269 2186 εἶχεν·
1301 2116 1439 2170 ἀλλὰ
1490 2119 1946 2191 καταχρηστικῶς

371 2211 607 2283 εἴρηται,
670 2214 764 2266 καὶ
811 2214 911 2267 οὐκ
955 2212 1208 2283 ἀληθείᾳ.
1275 2211 1428 2279 Ὀρθ.
1474 2210 1659 2263 Πάντα
1704 2205 1796 2262 οὖν
1845 2210 1945 2261 ὅσα

366 2301 582 2372 εἴρηται
622 2303 746 2372 περὶ
778 2302 944 2356 αὐτοῦ
983 2303 1318 2374 ἀνθρώπινα,
1346 2297 1456 2354 οἷον
1499 2300 1676 2371 ἀκοὴ,
1728 2300 1940 2370 ὅρασις,

364 2390 651 2462 ὄσφρησις,
680 2393 852 2463 φωνὴ,
868 2392 1074 2461 γεῦσις,
1089 2393 1246 2446 ὲπιθυ
1254 2394 1370 2463 μία,
1386 2392 1550 2463 λύπη,
1567 2392 1792 2462 θάμϐος,
1823 2394 1942 2462 ἀδη-

367 2482 544 2552 μονία,
585 2483 906 2552 περίπατος,
947 2483 1402 2555 καταχρηστικῶς
1436 2483 1686 2554 εἴρηται,
1719 2484 1814 2536 καὶ
1846 2485 1942 2535 οὐκ

361 2570 617 2640 ἀληθείῃ
653 2573 872 2626 Μακεδ.
910 2573 1095 2626 Πάντα
1127 2573 1298 2626 ταῦτα
1325 2573 1394 2626 τά
1421 2573 1788 2643 προειρημένα
1821 2573 1946 2640 ἀληα

361 2661 472 2722 θῶς
503 2663 736 2733 εἴρηται,
759 2663 904 2735 ψυχὴ
935 2665 990 2717 δὲ
1026 2663 1498 2736 καταχρηστικῶς.
1555 2665 1708 2731 Ὀρθ.
1761 2664 1870 2716 Kal
1915 2664 1944 2715 ὁ

361 2749 701 2815 καταξιώσας
729 2754 988 2808 κοπιῶντι
1015 2755 1090 2824 τῷ
1125 2754 1359 2825 σώματι,
1385 2756 1480 2809 καὶ
1506 2755 1563 2820 ἐξ
1596 2754 1818 2816 ὀστέων,
1853 2754 1946 2808 καὶ

359 2842 590 2911 νεύρων,
618 2845 714 2896 καὶ
747 2843 980 2912 φλεϐῶν,
1007 2847 1100 2898 καὶ
1119 2845 1413 2917 ἀρτηριῶν,
1435 2846 1529 2897 καὶ
1568 2845 1740 2899 ἄλλων
1769 2843 1944 2914 μελῶν

357 2931 456 2984 τοῦ
476 2932 721 3002 σώματος
739 2935 832 2986 καὶ
853 2935 1031 3004 μερῶν
1053 2936 1392 3006 συμπαγέντι
1413 2935 1698 3005 ὲνωθῆναι,
1715 2936 1813 2988 οὐκ
1829 2932 1943 3006 εἶχε

356 3022 566 3093 ψυχήν;
602 3024 819 3078 Μακεδ.
844 3025 908 3077 Τί
940 3025 1128 3096 χρείαν
1165 3023 1274 3095 εἶχε
1306 3026 1484 3096 ψυχῆς
1513 3027 1546 3095 ἡ
1579 3029 1738 3094 Ζωή;
1785 3027 1938 3093 Ὀρθ.

1979 1809 2023 1864 Β

2057 582 2230 636 rantis
2251 597 2411 638 aures
2444 598 2596 649 suas,
2629 598 2749 653 qua}
2779 598 2887 636 non
2924 581 3180 648 exaudiet
3210 596 3398 636 vocem
3440 581 3633 634 incan-

2056 673 2224 728 tantis
2253 679 2336 736 ⁸,»
2373 675 2447 728 ita
2472 690 2570 730 vos
2603 682 2656 730 et
2681 672 2903 730 Petrum
2945 673 3170 736 auditis,
3212 675 3266 727 in
3300 673 3456 727 Actis
3501 686 3658 740 apo-.
3747 741 3749 743 ι

2055 765 2320 818 stolorum
2348 765 2655 821 dicentem:
2683 785 2701 818 ι
2731 765 2848 820 Non
2881 766 3197 820 derelictam
3225 780 3347 820 esse
3376 764 3517 834 apud
3544 766 3633 818 ii»-

2055 855 2200 912 feros
2227 857 2462 911 animam
2495 858 2634 928 ejus,
2661 874 2838 928 neque
2859 873 3079 913 carnem
3106 857 3228 927 ejus
3252 856 3496 912 sensisse
3517 869 3636 909 eor-

2054 949 2394 1017 ruptionem’
2425 949 2449 1002 ?
2481 968 2498 1000 ›
2541 959 2596 1005 ει
2642 950 2836 1004 lsaiam
2863 949 3197 1004 clamantem
3236 965 3249 1000 :
3284 967 3301 999 ι
3337 947 3394 1002 Si
3427 947 3634 1001 dabitis

2055 1054 2153 1108 pro
2189 1049 2412 1108 peccato
2439 1040 2678 1093 animam
2715 1048 2970 1103 vostram,
2993 1038 3250 1094 videbitis
3287 1053 3478 1093 semen
3508 1038 3632 1091 lon-

2055 1146 2286 1200 gtevum.
2323 1130 2388 1182 Et
2417 1131 2530 1185 vult
2555 1129 2821 1185 Dominus
2853 1131 2907 1184 in
2937 1145 3101 1184 manu
3126 1130 3247 1198 ejus
3269 1128 3487 1184 auferre
3536 1129 3632 1183 do-

2055 1221 2222 1275 lorem
2255 1222 2450 1276 anima!
2479 1223 2619 1291 ejus,
2650 1221 2944 1277 ostendere
2975 1223 3023 1274 ei
3058 1222 3258 1282 lucem,
3296 1226 3349 1274 et
3391 1219 3630 1274 formare

2052 1308 2488 1380 intelligentiam,
2533 1312 2880 1365 innocentem
2949 1310 3162 1365 eﬂicere
3213 1309 3444 1378 justum,
3493 1308 3633 1361 bene

2054 1399 2380 1454 servientem
2413 1401 2638 1467 multis;
2673 1409 2727 1456 et
2759 1409 2981 1470 peccata
3003 1415 3191 1453 eorum
3217 1399 3332 1468 ipse
3368 1397 3656 1467 portabit-

2053 1489 2398 1560 Quapmptcr
2427 1492 2544 1560 ipse
2577 1492 2877 1561 possidebit
2910 1492 3133 1552 inultos,
3183 1500 3236 1546 et
3272 1489 3494 1543 fortium
3543 1489 3630 1542 di-

2053 1583 2202 1638 videt
2237 1585 2434 1654 spolia.
2471 1583 2578 1639 Pro
2598 1599 2664 1638 eo
2695 1592 2874 1639 autem
2909 1585 3052 1651 quod
3080 1583 3278 1637 tradita
3302 1582 3458 1636 estin
3482 1597 3632 1635 mor-

2053 1683 2158 1728 tem
2187 1676 2367 1728 auima
2412 1675 2556 1743 ejus.
2591 1683 2644 1729 ct
2676 1676 2819 1729 inter
2860 1676 3081 1744 iniquos
3124 1682 3408 1743 reputatus
3447 1681 3549 1739 est,
3576 1682 3630 1728 et

2052 1761 2166 1830 ipse
2191 1771 2413 1831 peccata
2447 1765 2744 1817 multorum
2778 1765 2924 1826 tulit,
2962 1772 3015 1817 et
3053 1772 3277 1833 propter
3307 1763 3630 1832 iniquitates

2046 1869 2236 1909 eorum
2289 1853 2521 1911 traditus
2565 1863 2649 1911 est
2682 1859 2720 1909 ³.
2753 1875 2770 1906 i
2822 1854 3031 1909 Maccd.
3097 1855 3314 1910 Scimus
3367 1870 3510 1925 saepe
3571 1856 3627 1909 in

2054 1945 2338 2016 Scriptura
2367 1947 2500 2012 dici,
2535 1948 2714 2017 ipsum
2750 1947 2950 2003 habere
2978 1947 3374 2012 animam,‘sed
3422 1948 3628 2017 impro-

2051 2038 2188 2108 prie,
2264 2053 2372 2092 non
2438 2055 2586 2104 vere,
2641 2039 2846 2092 dictum
2896 2049 3000 2096 est.
3067 2039 3220 2095 Ortli.
3277 2039 3627 2108 Qumcunque

2052 2129 2222 2199 igitur
2249 2130 2485 2183 humana
2515 2130 2582 2183 de
2614 2130 2754 2199 ipse
2771 2139 2902 2184 sunt
2930 2133 3099 2194 dicta,
3146 2133 3328 2200 qualia
3361 2139 3490 2184 sunt
3526 2143 3626 2184 au-

2053 2221 2228 2286 ditus,
2257 2221 2430 2284 visus,
2465 2220 2720 2281 olfactus,
2755 2235 2882 2280 vox,
2911 2230 3124 2287 gustus,
3154 2216 3625 2285 concupiscentia,

2051 2313 2226 2376 dolor,
2265 2321 2477 2381 stupor,
2510 2312 2776 2373 anxietas,
2810 2310 3199 2373 obambulatio,
3230 2310 3475 2372 figurate,
3512 2322 3622 2361 non

2052 2404 2292 2474 proprie,
2337 2403 2482 2456 dicta
2519 2401 2764 2456 fuerint?
2794 2399 3003 2454 Maced.
3051 2399 3163 2454 lino
3207 2415 3268 2454 ea
3298 2414 3418 2469 qua:
3462 2399 3622 2451 modo

2051 2497 2327 2551 recensita
2359 2503 2508 2559 sunt,
2543 2495 2725 2549 omnia
2760 2495 2979 2564 proprie
3004 2493 3108 2563 ipsi
3134 2501 3450 2561 competunt
3483 2508 3498 2544 :
3525 2491 3622 2543 sed

2050 2594 2235 2647 anima
2258 2592 2577 2662 improprie.
2611 2591 2745 2646 Orth
2798 2589 3068 2642 Nimirum
3094 2588 3186 2657 qui
3215 2586 3290 2639 illi
3326 2584 3645 2649 laboranti,

2051 2694 2227 2748 exque
2279 2678 2524 2741 ossibus,
2606 2675 2814 2736 nervis,
2877 2676 3052 2734 venis,
3107 2671 3324 2724 arteriis
3391 2668 3632 2736 aliisque

2051 2766 2313 2822 membris
2356 2773 2412 2820 et
2474 2763 2726 2833 partibus
2774 2769 3060 2829 compacto
3105 2757 3324 2826 corpori
3358 2771 3417 2810 se
3465 2754 3624 2808 unire

2049 2857 2308 2927 dignatus
2334 2865 2443 2920 est,
2478 2855 2526 2910 is
2545 2855 2784 2908 animam
2811 2867 2921 2906 non
2951 2849 3182 2905 habuit?
3209 2847 3416 2902 Maced.
3443 2845 3624 2911 Quor.—

2049 2964 2169 3004 sum
2188 2947 2310 3002 Vita
2336 2962 2473 3017 opus
2495 2944 2920 3000 habuitanima?
2951 2942 3102 2998 Orili.
3125 2940 3188 2994 Et
3210 2939 3338 3010 quid
3362 2937 3630 2992 carneilli-

2048 3054 2188 3109 opus
2216 3037 2339 3100 fuit,
2363 3037 2456 3106 qui
2497 3034 2746 3105 patribus
2786 3033 2993 3087 nostris
3016 3032 3178 3085 etiam
3207 3029 3414 3098 absque
3453 3042 3622 3082 carne

356 3115 422 3166 Τί
447 3114 710 3186 δὲχρείαν
747 3111 861 3186 εἶχε
903 3117 1003 3187 τῆς
1033 3116 1254 3188 σαρκὸς,
1298 3119 1327 3169 ὁ
1359 3117 1487 3170 ἄνευ
1523 3116 1725 3187 σαρκὸς
1755 3115 1941 3183 ὀφθεὶς

2049 3130 2200 3184 visus
2231 3127 2353 3183 est?
2378 3126 2589 3180 Maced.
2620 3123 2800 3180 Carne
2841 3138 2980 3193 opus
3018 3121 3232 3184 habuit,
3278 3127 3338 3174 ut
3371 3117 3619 3188 cruciﬁgi

355 3207 495 3278 πρὸς
539 3210 664 3272 τοὺς
697 3209 938 3280 πατέρας
967 3207 1160 3278 ήμῶν;
1202 3207 1422 3261 Μακεδ.
1469 3207 1563 3269 Εἰς
1604 3205 1665 3259 τὸ
1699 3223 1941 3278 σταυρω-

2050 3227 2256 3290 posset.
2292 3217 2446 3274 Orih.
2498 3216 2590 3271 Sic
2634 3216 2816 3269 anima
2857 3229 2995 3284 Opus
3045 3213 3259 3275 habuit,
3307 3220 3365 3265 ut
3412 3210 3616 3275 dolere,

356 3299 514 3369 θῆναι
539 3300 726 3370 χρείαν
766 3295 879 3369 εἶχε
914 3299 1136 3370 σαρκός.
1201 3300 1354 3366 Ὀρθ.
1407 3299 1517 3351 Καὶ
1551 3299 1628 3361 είς
1658 3297 1719 3349 τὸ
1770 3296 1944 3365 λυπη-

355 3393 536 3465 θῆναι,
573 3395 666 3446 καὶ
714 3393 1074 3465 ἀδημονῆσαι,
1123 3393 1218 3445 καὶ
1272 3389 1707 3461 ὲκθαμϐηθῆναι,
1742 3388 1836 3442 καὶ
1882 3389 1941 3441 ὲν

353 3483 486 3554 ᾅδου
529 3481 802 3553 γενέσθαι,
833 3483 1020 3553 χρείαν
1063 3478 1177 3552 εἶχε
1208 3481 1408 3552 ψυχῆς.
1459 3481 1629 3534 Τοῦτο
1665 3481 1774 3552 γάρ
1823 3482 1940 3533 ἐστι

359 3576 429 3628 τὸ
462 3573 708 3644 μορφὴν
722 3573 946 3628 δούλου
970 3573 1193 3640 λαϐὼν,
1224 3574 1285 3626 οὐ
1322 3574 1384 3626 τὸ
1415 3575 1474 3626 ὲν
1511 3573 1722 3643 σώματι
1764 3574 1939 3640 φανῆ-

352 3684 442 3719 ναι
473 3666 652 3737 μόνον,
679 3664 814 3719 ἀλλά
841 3665 934 3718 καὶ
957 3664 1018 3716 τὸ
1058 3664 1128 3718 τὰ
1154 3664 1300 3735 πάθη
1328 3665 1427 3732 τῆς
1453 3661 1695 3725 δουλείας
1724 3663 1930 3716 λαϐεῖν.

352 3758 575 3812 Μακεδ.
621 3756 854 3828 Μορφὴν
883 3755 1068 3809 δούλου
1093 3754 1271 3819 ἔλαϐε,
1317 3754 1496 3824 σάρκα
1549 3751 1747 3807 λαϐὼν.
1784 3753 1936 3820 Ὀρθ.

361 3849 432 3901 Ἥ
454 3847 637 3919 μορφὴ
665 3847 758 3900 τοῦ
782 3846 1124 3902 Θεοῦτελεία
1157 3848 1272 3900 ἐστὶ
1295 3847 1478 3918 μορφὴ
1510 3845 1643 3899 Θεοῦ
1666 3863 1679 3911 ;
1712 3845 1937 3900 Maiae-6.

359 3940 491 3994 Nai.
551 3941 704 4006 Ὀρθ.
753 3939 866 3993 Kal
913 3941 946 4010 ὴ
1016 3939 1198 4010 μορφὴ
1246 3937 1354 4009 ἄρα
1403 3936 1497 3992 τοῦ
1529 3937 1713 3990 δούλου
1762 3937 1941 3990 τελεία

353 4029 538 4100 μορφὴ
565 4031 656 4082 τοῦ
691 4029 877 4083 δούλου
916 4028 1054 4082 ὲστί.
1086 4028 1183 4082 Διά
1228 4027 1389 4081 τοῦτο
1426 4026 1536 4097 γὰρ
1565 4027 1659 4081 καὶ
1708 4026 1937 4098 Θάμὸος,

349 4120 448 4174 καὶ
497 4120 676 4191 λύπη,
723 4121 818 4174 καὶ
859 4118 1156 4190 ἀδημονία,
1197 4118 1287 4174 διὰ
1326 4119 1388 4172 τὸ
1423 4119 1632 4173 τελειαν
1671 4115 1811 4172 εἶναι
1842 4119 1940 4191 τὴν

347 4209 445 4264 τοῦ
490 4210 672 4264 δούλου
711 4211 945 4282 μορφήν.
991 4209 1103 4263 Καὶ
1155 4209 1315 4264 τοῦτό
1363 4211 1479 4263 ἐστι
1526 4210 1587 4262 τὸ
1640 4209 1935 4282 πρόϐατον,

346 4301 383 4356 ὃ
424 4302 664 4374 ζητήσας
712 4305 808 4358 καὶ
863 4301 1061 4375 εὑρὼν,
1107 4303 1202 4357 ἐπὶ
1251 4303 1360 4358 τῶν
1390 4303 1556 4375 ῶμων
1604 4303 1790 4376 φέρει,
1839 4303 1939 4357 οὐκ

345 4394 517 4448 ἀσκὸν
545 4393 912 4465 ἀψυχον,.ἀλλ’
959 4393 1202 4465 ἔμψυχον
1235 4394 1392 4461 ζῶον,
1443 4395 1740 4466 συγχωρῶν
1787 4394 1938 4466 αύτῷ

346 4484 494 4554 ἔχειν
534 4485 603 4538 τὰ
634 4484 816 4556 πάθη,
858 4484 919 4538 οὐ
952 4483 1021 4536 τὰ
1066 4483 1167 4552 τῆς
1213 4485 1517 4556 ἁμαρτίας,
1564 4485 1698 4539 ἀλλὰ
1728 4485 1799 4539 τά
1837 4485 1938 4558 τῆς
1968 4502 2010 4558 1)
2042 4499 2110 4556 de

345 4575 602 4645 φύσεωςο
656 4576 745 4630 ἴνα
804 4575 882 4648 μὴ
946 4576 1216 4646 φαντασία
1279 4577 1544 4649 νομισθῇ,
1591 4578 1686 4632 καὶ
1755 4579 1934 4633 Μανι-

343 4667 501 4736 χαίος
558 4667 722 4736 μανῇ.
751 4664 975 4720 Μακεδ.
1004 4665 1214 4736 Δῶμεν,
1242 4666 1324 4719 ὅτι
1355 4667 1485 4739 περὶ
1527 4666 1704 4738 ψυχῆς
1751 4665 1935 4730 καλῶς

343 4755 560 4824 λέγεις,
613 4755 702 4809 διὰ
738 4756 792 4808 τί
833 4757 928 4809 καὶ
975 4756 1256 4828 ὁμοούσιον
1301 4757 1488 4827 λέγετε
1537 4758 1627 4810 τὸν
1675 4758 1802 4812 Υίὸν
1853 4758 1933 4829 τῷ

347 4846 560 4917 Πατρί;
628 4847 780 4916 Ὀρθ.
843 4847 964 4900 ’Ότι
1000 4848 1058 4901 ὃν
1090 4848 1185 4903 ἐὰν
1210 4848 1370 4920 εἴπῃς
1401 4849 1557 4918 λόγον
1601 4850 1702 4920 τῆς
1744 4850 1932 4914 οὐσίας

348 4936 446 4990 τοῦ
478 4937 711 5008 Πατρὸς,
745 4937 932 4991 τοῦτον
973 4939 1136 4992 αὐτὸν
1181 4940 1272 4994 τὸν
1314 4941 1470 5010 λόγον
1502 4936 1640 4995 εἶναι
1672 4941 1931 5013 τιθέμεθα

349 5025 448 5078 καὶ
503 5026 600 5096 τῆς
651 5025 745 5079 τοῦ
815 5027 946 5080 Υἱοῦ
1012 5029 1216 5092 οὐσίας.
1274 5029 1499 5085 Mazaeo.
1557 5030 1717 5084 Ἀλλά
1774 5030 1930 5086 τοῦτο

345 5117 449 5170 οὐκ
505 5116 650 5171 ἔστιν
711 5118 1024 5189 όμοούσιον,
1071 5120 1207 5173 ἀλλὰ
1258 5120 1612 5199 ὁμοιοούσιον.
1659 5123 1812 5190 Ὀρθ.
1854 5122 1928 5177 Τὸ

346 5211 702 5282 ὁμοιοούσιον,
751 5213 815 5266 ἵν’
851 5211 1022 5276 οὕτως
1054 5213 1211 5276 εῐπω,
1243 5212 1500 5283 ἄγροικος
1546 5212 1706 5281 σοφία
1747 5212 1924 5265 ἐστίν·

343 5301 423 5365 ῶς
465 5303 558 5357 ἐὰν
586 5304 717 5376 λέγῃ
747 5322 832 5366 τις
874 5305 964 5358 τὸν
1012 5305 1314 5375 ὁμότροπον
1347 5305 1720 5377 ὁμοιότροπον,
1771 5304 1804 5376 ἢ
1836 5304 1928 5358 τὸν

341 5395 580 5466 ὁμογενῆ
617 5397 928 5468 ὁμοιογενῆ,
958 5397 990 5467 ἢ
1021 5397 1110 5451 τὸν
1138 5396 1391 5467 ὁμόδοξον
1421 5397 1747 5468 ὁμοιόδοξον,
1778 5397 1811 5468 ἢ
1835 5397 1926 5450 τὸν

340 5487 622 5559 ὁμόφρονα
654 5490 1001 5561 ὁμοιόφρονα.
1021 5489 1243 5544 Μακεδ.
1267 5488 1398 5544 Οὔκ·
1418 5489 1553 5544 ἀλλά
1592 5490 1652 5543 τὸ
1667 5491 1924 5561 (lyciam?

339 5594 483 5633 σιον
514 5580 608 5634 ἐπὶ
658 5581 1131 5653 τῶνάσωμάτων·
1164 5582 1224 5636 τὸ
1255 5582 1308 5635 δὲ
1343 5583 1666 5653 cummi-mer
1697 5582 1790 5637 ὲτιί
1817 5584 1924 5638 τῶν

2047 3310 2385 3375 contristari,
2423 3315 2482 3363 ut
2507 3322 2893 3378 expavescere,
2951 3314 3010 3359 ut
3048 3304 3190 3374 apud
3235 3303 3444 3358 inferos
3494 3315 3619 3355 esse

2049 3408 2254 3472 posset.
2291 3399 2407 3456 Hoc
2434 3407 2520 3454 est
2542 3399 2709 3462 enim,
2748 3399 2981 3467 formam
3013 3397 3144 3451 servi
3181 3395 3465 3462 accipiens,
3508 3406 3619 3445 non

2048 3494 2104 3548 in
2135 3507 2368 3562 corpore
2398 3491 2662 3545 duntaxat
2685 3503 2948 3560 apparere
2969 3529 2983 3550 ,
3015 3488 3108 3542 sed
3141 3484 3422 3540 servitutis
3451 3483 3616 3538 etiam

2048 3588 2333 3656 passiones
2365 3596 2667 3636 assumere.
2698 3579 2906 3632 Maced.
2947 3577 3198 3632 Formam
3230 3576 3369 3631 servi
3406 3590 3622 3629 assum-

2050 3676 2177 3745 psit,
2214 3673 2434 3744 quando
2459 3687 2679 3725 carnem
2719 3669 3040 3739 assumpsit.
3083 3667 3236 3721 Ortli.
3279 3665 3475 3719 Forma
3530 3665 3618 3718 Dci

2048 3773 2204 3821 estne
2231 3765 2468 3834 perfecta
2487 3762 2579 3816 Dei
2601 3761 2813 3815 forma?
2846 3758 3054 3813 Maced.
3073 3757 3269 3812 Etiam.
3303 3755 3457 3812 Orth.
3479 3755 3620 3824 Ergo

2045 3867 2099 3912 et
2124 3857 2295 3912 forma
2336 3859 2499 3918 servi,
2518 3852 2754 3924 perfecta
2774 3852 2916 3908 servi
2937 3850 3106 3904 forma
3123 3857 3227 3903 est.
3245 3847 3382 3902 Hinc
3398 3847 3542 3901 enim
3566 3853 3620 3900 et

2046 3956 2238 4018 stupor
2253 3954 2306 4001 et
2319 3945 2474 4001 dolor
2489 3953 2542 3999 et
2560 3959 2751 4014 angor,
2768 3942 2911 4013 quod
2928 3941 3098 3995 forma
3114 3939 3254 3994 servi
3271 3936 3509 4008 perfecta
3524 3936 3615 3991 sit.

2044 4042 2221 4111 Atque
2239 4041 2354 4095 haec
2369 4047 2453 4094 est
2469 4039 2588 4094 ovis
2606 4038 2697 4092 illa
2714 4051 2876 4107 quam
2892 4035 2983 4105 qui
2999 4033 3192 4103 quaerit
3212 4039 3264 4086 et
3287 4029 3514 4095 invenit,
3533 4044 3619 4083 su-

1996 4179 2002 4183 .
2047 4146 2142 4203 per
2159 4131 2417 4185 humeros
2436 4129 2559 4191 fert,
2575 4144 2684 4183 non
2705 4135 2762 4181 ut
2780 4141 2892 4182 rem
2911 4126 3150 4188 inanem,
3170 4122 3264 4179 sed
3279 4121 3479 4176 animal
3501 4119 3618 4175 ani-

2045 4229 2274 4285 matum,
2296 4221 2616 4292 permittens
2633 4220 2708 4274 illi
2744 4226 2801 4272 ut
2827 4218 3112 4288 passiones
3126 4215 3348 4278 habeat,
3365 4227 3474 4268 non
3497 4211 3618 4267 illas

2042 4313 2261 4383 quidem
2277 4313 2509 4383 peccati,
2529 4311 2623 4367 sed
2645 4321 2878 4365 naturae:
2904 4325 2972 4364 ne
2990 4307 3277 4378 phantasia
3297 4320 3420 4361 esse
3436 4305 3621 4360 existi-

2043 4412 2242 4468 metur,
2271 4403 2580 4458 etiusaniat
2602 4401 2956 4455 Manichacus.
2991 4397 3200 4452 Maced.
3239 4393 3620 4450 Concedamus

2330 4493 2510 4546 anima
2533 4491 2758 4562 pulchre
2779 4498 2833 4545 te
2862 4489 3170 4554 disserere;
3202 4484 3299 4542 sed
3329 4482 3459 4554 quid
3489 4496 3622 4536 cau-

2043 4601 2120 4643 sa:
2146 4592 2233 4642 est
2281 4598 2381 4639 cur
2402 4581 2926 4638 consubstantialem
2974 4577 3168 4632 Filium
3199 4575 3350 4629 Patri
3381 4572 3620 4628 dicatis?

2046 4677 2196 4734 Ortli.
2229 4676 2366 4744 Quia
2397 4689 2560 4748 quam
2591 4673 2796 4728 dixeris
2837 4686 2960 4726 csse
3003 4669 3270 4724 rationem
3300 4663 3620 4720 substantia:

2041 4768 2238 4836 Patris,
2278 4783 2397 4823 eam
2453 4769 2624 4836 ipsam
2658 4771 2712 4820 et
2763 4762 3082 4818 substanlire
3112 4758 3232 4815 Filii
3265 4772 3387 4812 esse
3424 4755 3621 4812 statui-

2043 4879 2185 4918 mus.
2215 4859 2423 4916 Maccd.
2459 4859 2567 4914 Sed
2601 4857 2730 4912 illud
2754 4873 2862 4912 non
2883 4864 2966 4912 est
2997 4848 3484 4912 consubstantiale,
3521 4846 3619 4902 sed

2042 4954 2348 5011 substantia
2392 4953 2588 5009 simile.
2643 4949 2796 5007 Orth.
2867 4947 3057 5003 Simile
3087 4942 3392 5001 substantia
3421 4949 3528 5008 est,
3560 4946 3621 4994 ut

2044 5048 2120 5104 ita
2150 5048 2351 5111 dicam,
2416 5044 2650 5116 agrestis
2699 5042 2966 5115 sapientia
3001 5059 3014 5095 :
3061 5046 3120 5094 ut
3155 5038 3202 5094 si
3232 5037 3357 5108 quis
3403 5033 3623 5101 dixerit,

2043 5135 2190 5207 quod
2220 5134 2361 5190 idem
2394 5134 2466 5188 sit
2495 5132 2657 5189 unius
2689 5133 2859 5186 moris
2904 5137 2957 5186 et
2990 5127 3184 5185 similis
3208 5126 3401 5191 moris,
3452 5124 3624 5178 idem-

2046 5240 2151 5295 que
2179 5222 2345 5276 unius
2379 5221 2597 5293 generis
2626 5231 2680 5276 et
2706 5220 2902 5277 similis
2952 5218 3188 5290 generis.
3242 5217 3406 5272 unius
3437 5215 3622 5286 gloriae

2041 5325 2096 5372 et
2127 5316 2322 5370 similis
2351 5315 2559 5385 gloriae,
2597 5314 2762 5370 unius
2805 5312 3090 5368 sententia:
3144 5321 3196 5366 et
3249 5309 3443 5365 similis
3493 5323 3620 5364 seu-

2042 5409 2244 5463 tcntiaa.
2278 5406 2487 5462 Maced.
2507 5407 2882 5478 Nequaquam,
2901 5403 2997 5461 sed
3015 5403 3315 5458 substantia
3348 5400 3525 5456 simile
3554 5397 3622 5454 de

2043 5501 2403 5569 incorporeis,
2435 5497 2886 5554 consubstantiaie
2926 5497 2993 5552 de
3034 5495 3359 5566 corporibus
3393 5492 3616 5546 dicitur.

2045 5589 2198 5646 Oxi/1.
2235 5588 2639 5660 Dixiagrcstem
2671 5601 2793 5641 esse
2823 5585 3144 5658 sapientiam
3172 5603 3184 5638 τ
3219 5584 3400 5655 potius
3422 5582 3620 5654 quippe

424 5789 440 5821 '
468 5788 608 5844 Psal.
638 5805 771 5858 ινιι,
805 5789 858 5857 5,
881 5790 934 5846 6.
1007 5792 1028 5824 ¹
1062 5788 1183 5844 Act.
1217 5803 1279 5856 ll,
1309 5787 1369 5843 5i
1399 5807 1413 5856 ;
1470 5787 1618 5845 Psal.
1651 5806 1741 5856 xv,
1777 5789 1863 5846 10.
1943 5789 1964 5822 ³
1989 5790 2090 5847 lsa.
2128 5811 2244 5865 Lm,
2275 5795 2466 5852 10-12.
