  <div class='ocr_page' id='page_1' title='image "/cluster/home/n/w/nwhite01/storage/ocr_20150623/130/hvd.32044073502387/448.png"; bbox 0 0 4042 6208; ppageno 0'>
   <div class='ocr_carea' id='block_1_1' title="bbox 323 307 433 370">
    <p class='ocr_par' dir='ltr' id='par_1_1' title="bbox 323 307 433 370">
     <span class='ocr_line' id='line_1_1' title="bbox 323 307 433 370; baseline 0 0"><span class='ocrx_word' id='word_1_1' title='bbox 323 307 433 370; x_wconf 62' lang='lat'><strong>835</strong></span> 
     </span>
    </p>
   </div>
   <div class='ocr_carea' id='block_1_2' title="bbox 1294 310 2652 381">
    <p class='ocr_par' dir='ltr' id='par_1_2' title="bbox 1294 310 2652 381">
     <span class='ocr_line' id='line_1_2' title="bbox 1294 310 2652 381; baseline 0.007 -10"><span class='ocrx_word' id='word_1_2' title='bbox 1294 312 1666 375; x_wconf 60' lang='lat' dir='ltr'><strong>PANOPLIA</strong></span> <span class='ocrx_word' id='word_1_3' title='bbox 1707 310 2163 374; x_wconf 67' lang='lat' dir='ltr'><strong>DOGMATiCA.</strong></span> <span class='ocrx_word' id='word_1_4' title='bbox 2202 339 2267 349; x_wconf 89' lang='grc'><strong><em>--</em></strong></span> <span class='ocrx_word' id='word_1_5' title='bbox 2307 312 2449 376; x_wconf 84' lang='grc' dir='ltr'><strong>ΤίΤ.</strong></span> <span class='ocrx_word' id='word_1_6' title='bbox 2497 316 2652 381; x_wconf 75' lang='lat' dir='ltr'><strong>XIV.</strong></span> 
     </span>
    </p>
   </div>
   <div class='ocr_carea' id='block_1_3' title="bbox 3490 327 3597 391">
    <p class='ocr_par' dir='ltr' id='par_1_3' title="bbox 3490 327 3597 391">
     <span class='ocr_line' id='line_1_3' title="bbox 3490 327 3597 391; baseline 0 0"><span class='ocrx_word' id='word_1_7' title='bbox 3490 327 3597 391; x_wconf 77' lang='lat'><strong>885</strong></span> 
     </span>
    </p>
   </div>
   <div class='ocr_carea' id='block_1_4' title="bbox 326 423 1912 505">
    <p class='ocr_par' dir='ltr' id='par_1_4' title="bbox 326 423 1911 498">
     <span class='ocr_line' id='line_1_4' title="bbox 326 423 1911 498; baseline 0.001 -22"><span class='ocrx_word' id='word_1_8' title='bbox 326 423 542 486; x_wconf 50' lang='grc' dir='ltr'>πικῶν</span> <span class='ocrx_word' id='word_1_9' title='bbox 580 423 775 488; x_wconf 78' lang='grc' dir='ltr'>οεῖκῶς</span> <span class='ocrx_word' id='word_1_10' title='bbox 826 426 947 495; x_wconf 72' lang='grc' dir='ltr'>μὲν,</span> <span class='ocrx_word' id='word_1_11' title='bbox 993 428 1075 480; x_wconf 75' lang='grc' dir='ltr'>ὅτι</span> <span class='ocrx_word' id='word_1_12' title='bbox 1121 428 1291 497; x_wconf 63' lang='grc' dir='ltr'>χωρῖς</span> <span class='ocrx_word' id='word_1_13' title='bbox 1350 426 1581 497; x_wconf 67' lang='grc' dir='ltr'><strong>ἀνδρόςο</strong></span> <span class='ocrx_word' id='word_1_14' title='bbox 1625 427 1911 498; x_wconf 75' lang='grc' dir='ltr'>ἀνθρωπι-</span> 
     </span>
    </p>
   </div>
   <div class='ocr_carea' id='block_1_5' title="bbox 2019 423 3593 505">
    <p class='ocr_par' dir='ltr' id='par_1_5' title="bbox 2019 428 3593 505">
     <span class='ocr_line' id='line_1_5' title="bbox 2019 428 3593 505; baseline 0.011 -28"><span class='ocrx_word' id='word_1_15' title='bbox 2019 429 2235 490; x_wconf 71' lang='lat' dir='ltr'><strong>dixerit.</strong></span> <span class='ocrx_word' id='word_1_16' title='bbox 2266 428 2488 489; x_wconf 85' lang='lat' dir='ltr'><strong>divino.</strong></span> <span class='ocrx_word' id='word_1_17' title='bbox 2531 432 2659 501; x_wconf 87' lang='lat' dir='ltr'><strong>quia</strong></span> <span class='ocrx_word' id='word_1_18' title='bbox 2700 448 2901 504; x_wconf 77' lang='lat' dir='ltr'><strong>absque</strong></span> <span class='ocrx_word' id='word_1_19' title='bbox 2945 434 3042 488; x_wconf 86' lang='lat' dir='ltr'><strong>viri</strong></span> <span class='ocrx_word' id='word_1_20' title='bbox 3088 451 3289 505; x_wconf 75' lang='lat' dir='ltr'><strong>opera;</strong></span> <span class='ocrx_word' id='word_1_21' title='bbox 3331 438 3593 504; x_wconf 79' lang='lat' dir='ltr'><strong>humano,</strong></span> 
     </span>
    </p>
   </div>
   <div class='ocr_carea' id='block_1_6' title="bbox 321 516 1908 590">
    <p class='ocr_par' dir='ltr' id='par_1_6' title="bbox 321 516 1908 590">
     <span class='ocr_line' id='line_1_6' title="bbox 321 516 1908 590; baseline 0.001 -20"><span class='ocrx_word' id='word_1_22' title='bbox 321 517 441 579; x_wconf 73' lang='grc' dir='ltr'>κιῖις</span> <span class='ocrx_word' id='word_1_23' title='bbox 491 516 568 580; x_wconf 74' lang='grc' dir='ltr'><strong>δὲ,</strong></span> <span class='ocrx_word' id='word_1_24' title='bbox 625 518 708 570; x_wconf 80' lang='grc' dir='ltr'><strong>ὅτι</strong></span> <span class='ocrx_word' id='word_1_25' title='bbox 764 517 916 589; x_wconf 79' lang='grc' dir='ltr'>νόμῳ</span> <span class='ocrx_word' id='word_1_26' title='bbox 980 519 1267 590; x_wconf 64' lang='grc' dir='ltr'>κυήσειιγ,</span> <span class='ocrx_word' id='word_1_27' title='bbox 1325 520 1524 588; x_wconf 65' lang='lat' dir='ltr'><strong>epeia);</strong></span> <span class='ocrx_word' id='word_1_28' title='bbox 1590 518 1773 583; x_wconf 76' lang='grc' dir='ltr'>ἄθεος.</span> <span class='ocrx_word' id='word_1_29' title='bbox 1839 519 1908 574; x_wconf 75' lang='grc' dir='ltr'><strong>Εἴ</strong></span> 
     </span>
    </p>
   </div>
   <div class='ocr_carea' id='block_1_7' title="bbox 319 606 1907 680">
    <p class='ocr_par' dir='ltr' id='par_1_7' title="bbox 319 606 1907 680">
     <span class='ocr_line' id='line_1_7' title="bbox 319 606 1907 680; baseline 0.002 -20"><span class='ocrx_word' id='word_1_30' title='bbox 319 623 412 668; x_wconf 81' lang='grc' dir='ltr'>τις</span> <span class='ocrx_word' id='word_1_31' title='bbox 461 606 865 663; x_wconf 80' lang='grc' dir='ltr'>διαπεπλάσθαι</span> <span class='ocrx_word' id='word_1_32' title='bbox 911 609 1004 664; x_wconf 82' lang='grc' dir='ltr'><strong>τὸν</strong></span> <span class='ocrx_word' id='word_1_33' title='bbox 1039 611 1350 680; x_wconf 77' lang='grc' dir='ltr'>ἄνθρωπον,</span> <span class='ocrx_word' id='word_1_34' title='bbox 1382 607 1484 663; x_wconf 80' lang='grc' dir='ltr'>εἶθ’</span> <span class='ocrx_word' id='word_1_35' title='bbox 1519 609 1907 665; x_wconf 72' lang='grc' dir='ltr'>ὁποδεδυκίναι</span> 
     </span>
    </p>
   </div>
   <div class='ocr_carea' id='block_1_8' title="bbox 323 698 1910 772">
    <p class='ocr_par' dir='ltr' id='par_1_8' title="bbox 323 698 1910 772">
     <span class='ocr_line' id='line_1_8' title="bbox 323 698 1910 772; baseline 0.003 -22"><span class='ocrx_word' id='word_1_36' title='bbox 323 699 478 765; x_wconf 72' lang='grc' dir='ltr'>λέγοι</span> <span class='ocrx_word' id='word_1_37' title='bbox 537 698 692 759; x_wconf 78' lang='grc' dir='ltr'>Θεὸν,</span> <span class='ocrx_word' id='word_1_38' title='bbox 760 698 1106 768; x_wconf 83' lang='grc' dir='ltr'>κατάκριτος.</span> <span class='ocrx_word' id='word_1_39' title='bbox 1170 701 1245 753; x_wconf 77' lang='grc' dir='ltr'><strong>υύ</strong></span> <span class='ocrx_word' id='word_1_40' title='bbox 1314 702 1410 771; x_wconf 64' lang='grc' dir='ltr'>γὰρ</span> <span class='ocrx_word' id='word_1_41' title='bbox 1466 702 1718 772; x_wconf 77' lang='grc' dir='ltr'>γέννησις</span> <span class='ocrx_word' id='word_1_42' title='bbox 1774 701 1910 756; x_wconf 80' lang='grc' dir='ltr'>Θεοῦ</span> 
     </span>
    </p>
   </div>
   <div class='ocr_carea' id='block_1_9' title="bbox 316 789 1912 861">
    <p class='ocr_par' dir='ltr' id='par_1_9' title="bbox 316 789 1912 861">
     <span class='ocr_line' id='line_1_9' title="bbox 316 789 1912 861; baseline 0.003 -20"><span class='ocrx_word' id='word_1_43' title='bbox 316 789 481 842; x_wconf 81' lang='grc' dir='ltr'>τοῦτό</span> <span class='ocrx_word' id='word_1_44' title='bbox 520 790 697 848; x_wconf 80' lang='grc' dir='ltr'>ἐστιν.</span> <span class='ocrx_word' id='word_1_45' title='bbox 741 789 877 842; x_wconf 82' lang='grc' dir='ltr'>ἀλλά</span> <span class='ocrx_word' id='word_1_46' title='bbox 920 789 1063 860; x_wconf 74' lang='grc' dir='ltr'>φυγὴ</span> <span class='ocrx_word' id='word_1_47' title='bbox 1109 792 1436 860; x_wconf 79' lang='grc' dir='ltr'>γεννήσεως.</span> <span class='ocrx_word' id='word_1_48' title='bbox 1476 790 1545 843; x_wconf 71' lang='grc' dir='ltr'><strong>Εἴ</strong></span> <span class='ocrx_word' id='word_1_49' title='bbox 1578 809 1663 855; x_wconf 89' lang='grc' dir='ltr'><strong>τις</strong></span> <span class='ocrx_word' id='word_1_50' title='bbox 1699 792 1912 861; x_wconf 84' lang='grc' dir='ltr'>εἰσάγει</span> 
     </span>
    </p>
   </div>
   <div class='ocr_carea' id='block_1_10' title="bbox 316 874 1911 955">
    <p class='ocr_par' dir='ltr' id='par_1_10' title="bbox 316 874 1911 955">
     <span class='ocr_line' id='line_1_10' title="bbox 316 874 1911 955; baseline 0.001 -20"><span class='ocrx_word' id='word_1_51' title='bbox 316 882 417 935; x_wconf 73' lang='grc' dir='ltr'>δύο</span> <span class='ocrx_word' id='word_1_52' title='bbox 453 881 634 944; x_wconf 82' lang='grc' dir='ltr'>Υίοὺς,</span> <span class='ocrx_word' id='word_1_53' title='bbox 661 874 757 933; x_wconf 66' lang='grc' dir='ltr'><strong>ἓν).</strong></span> <span class='ocrx_word' id='word_1_54' title='bbox 786 880 886 951; x_wconf 83' lang='grc' dir='ltr'><strong>μὲν</strong></span> <span class='ocrx_word' id='word_1_55' title='bbox 911 881 1002 934; x_wconf 85' lang='grc' dir='ltr'><strong>τὸν</strong></span> <span class='ocrx_word' id='word_1_56' title='bbox 1035 883 1097 933; x_wconf 84' lang='grc' dir='ltr'>ὲκ</span> <span class='ocrx_word' id='word_1_57' title='bbox 1123 881 1258 934; x_wconf 85' lang='grc' dir='ltr'>Θεοῦ</span> <span class='ocrx_word' id='word_1_58' title='bbox 1283 882 1377 934; x_wconf 70' lang='grc' dir='ltr'><strong>καὶ</strong></span> <span class='ocrx_word' id='word_1_59' title='bbox 1400 883 1634 952; x_wconf 79' lang='grc' dir='ltr'>Πατρὸς,</span> <span class='ocrx_word' id='word_1_60' title='bbox 1660 882 1911 955; x_wconf 80' lang='grc' dir='ltr'>δεύτερον</span> 
     </span>
    </p>
   </div>
   <div class='ocr_carea' id='block_1_11' title="bbox 313 969 1907 1041">
    <p class='ocr_par' dir='ltr' id='par_1_11' title="bbox 313 969 1907 1041">
     <span class='ocr_line' id='line_1_11' title="bbox 313 969 1907 1041; baseline 0.002 -19"><span class='ocrx_word' id='word_1_61' title='bbox 313 971 379 1022; x_wconf 75' lang='grc' dir='ltr'>δὲ</span> <span class='ocrx_word' id='word_1_62' title='bbox 411 971 502 1022; x_wconf 83' lang='grc' dir='ltr'><strong>τὸν</strong></span> <span class='ocrx_word' id='word_1_63' title='bbox 542 972 604 1022; x_wconf 84' lang='grc' dir='ltr'>ὲκ</span> <span class='ocrx_word' id='word_1_64' title='bbox 641 970 738 1038; x_wconf 84' lang='grc' dir='ltr'>τῆς</span> <span class='ocrx_word' id='word_1_65' title='bbox 780 969 1005 1041; x_wconf 76' lang='grc' dir='ltr'>μητρὸς,</span> <span class='ocrx_word' id='word_1_66' title='bbox 1043 970 1156 1023; x_wconf 84' lang='grc' dir='ltr'>ἀλλ’</span> <span class='ocrx_word' id='word_1_67' title='bbox 1189 970 1312 1041; x_wconf 68' lang='grc' dir='ltr'><strong>οὐχὶ</strong></span> <span class='ocrx_word' id='word_1_68' title='bbox 1343 972 1439 1026; x_wconf 77' lang='grc' dir='ltr'><strong>ἕνα</strong></span> <span class='ocrx_word' id='word_1_69' title='bbox 1472 973 1566 1025; x_wconf 77' lang='grc' dir='ltr'>καὶ</span> <span class='ocrx_word' id='word_1_70' title='bbox 1593 973 1685 1027; x_wconf 84' lang='grc' dir='ltr'><strong>τὸν</strong></span> <span class='ocrx_word' id='word_1_71' title='bbox 1724 972 1907 1036; x_wconf 80' lang='grc' dir='ltr'><strong>αὐτὸν,</strong></span> 
     </span>
    </p>
   </div>
   <div class='ocr_carea' id='block_1_12' title="bbox 315 1058 1907 1132">
    <p class='ocr_par' dir='ltr' id='par_1_12' title="bbox 315 1058 1907 1132">
     <span class='ocr_line' id='line_1_12' title="bbox 315 1058 1907 1132; baseline 0.003 -22"><span class='ocrx_word' id='word_1_72' title='bbox 315 1058 419 1111; x_wconf 76' lang='grc' dir='ltr'><strong>καὶ</strong></span> <span class='ocrx_word' id='word_1_73' title='bbox 466 1058 564 1127; x_wconf 82' lang='grc' dir='ltr'>τῆς</span> <span class='ocrx_word' id='word_1_74' title='bbox 611 1058 881 1120; x_wconf 76' lang='grc' dir='ltr'><strong>υἱοθεσίας</strong></span> <span class='ocrx_word' id='word_1_75' title='bbox 927 1058 1150 1112; x_wconf 70' lang='grc' dir='ltr'><strong>ἐκπέσοι</strong></span> <span class='ocrx_word' id='word_1_76' title='bbox 1189 1059 1287 1129; x_wconf 83' lang='grc' dir='ltr'><strong>τῆς</strong></span> <span class='ocrx_word' id='word_1_77' title='bbox 1327 1060 1745 1132; x_wconf 72' lang='grc' dir='ltr'><strong>ἐπηγγελμένης</strong></span> <span class='ocrx_word' id='word_1_78' title='bbox 1793 1065 1907 1126; x_wconf 83' lang='grc' dir='ltr'>τοῖς</span> 
     </span>
    </p>
   </div>
   <div class='ocr_carea' id='block_1_13' title="bbox 313 1148 1903 1222">
    <p class='ocr_par' dir='ltr' id='par_1_13' title="bbox 313 1148 1903 1222">
     <span class='ocr_line' id='line_1_13' title="bbox 313 1148 1903 1222; baseline 0.002 -20"><span class='ocrx_word' id='word_1_79' title='bbox 313 1149 498 1220; x_wconf 80' lang='grc' dir='ltr'><strong>ὀρθῶς</strong></span> <span class='ocrx_word' id='word_1_80' title='bbox 552 1148 883 1202; x_wconf 82' lang='grc' dir='ltr'><strong>πιστεύουσι.</strong></span> <span class='ocrx_word' id='word_1_81' title='bbox 939 1148 1134 1212; x_wconf 79' lang='grc' dir='ltr'>Φύσεις</span> <span class='ocrx_word' id='word_1_82' title='bbox 1179 1150 1278 1220; x_wconf 75' lang='grc' dir='ltr'><strong>μὲν</strong></span> <span class='ocrx_word' id='word_1_83' title='bbox 1330 1150 1439 1222; x_wconf 83' lang='grc' dir='ltr'>γὰρ</span> <span class='ocrx_word' id='word_1_84' title='bbox 1487 1150 1582 1204; x_wconf 75' lang='grc' dir='ltr'>δύο</span> <span class='ocrx_word' id='word_1_85' title='bbox 1628 1153 1760 1213; x_wconf 80' lang='grc' dir='ltr'>θεὸς</span> <span class='ocrx_word' id='word_1_86' title='bbox 1811 1153 1903 1206; x_wconf 69' lang='grc' dir='ltr'><strong>καὶ</strong></span> 
     </span>
    </p>
   </div>
   <div class='ocr_carea' id='block_1_14' title="bbox 314 1238 1902 1311">
    <p class='ocr_par' dir='ltr' id='par_1_14' title="bbox 314 1238 1902 1311">
     <span class='ocr_line' id='line_1_14' title="bbox 314 1238 1902 1311; baseline 0.003 -19"><span class='ocrx_word' id='word_1_87' title='bbox 314 1240 630 1310; x_wconf 71' lang='grc' dir='ltr'>ἄνθρωπος,</span> <span class='ocrx_word' id='word_1_88' title='bbox 661 1239 784 1291; x_wconf 78' lang='grc' dir='ltr'>ἐπεὶ</span> <span class='ocrx_word' id='word_1_89' title='bbox 815 1238 910 1292; x_wconf 71' lang='grc' dir='ltr'>καὶ</span> <span class='ocrx_word' id='word_1_90' title='bbox 939 1238 1084 1309; x_wconf 75' lang='grc' dir='ltr'>ψυχὴ</span> <span class='ocrx_word' id='word_1_91' title='bbox 1124 1240 1220 1293; x_wconf 79' lang='grc' dir='ltr'><strong>καὶ</strong></span> <span class='ocrx_word' id='word_1_92' title='bbox 1250 1240 1411 1311; x_wconf 82' lang='grc' dir='ltr'>σῶμα</span> <span class='ocrx_word' id='word_1_93' title='bbox 1462 1254 1477 1271; x_wconf 82' lang='grc'><strong><em>⁸</em></strong></span> <span class='ocrx_word' id='word_1_94' title='bbox 1615 1243 1719 1294; x_wconf 75' lang='grc' dir='ltr'>υἱοὶ</span> <span class='ocrx_word' id='word_1_95' title='bbox 1758 1243 1815 1296; x_wconf 81' lang='grc' dir='ltr'>δὲ</span> <span class='ocrx_word' id='word_1_96' title='bbox 1841 1243 1902 1297; x_wconf 82' lang='grc' dir='ltr'><strong>οὐ</strong></span> 
     </span>
    </p>
   </div>
   <div class='ocr_carea' id='block_1_15' title="bbox 307 1329 1905 1403">
    <p class='ocr_par' dir='ltr' id='par_1_15' title="bbox 307 1329 1905 1403">
     <span class='ocr_line' id='line_1_15' title="bbox 307 1329 1905 1403; baseline 0.003 -20"><span class='ocrx_word' id='word_1_97' title='bbox 307 1330 436 1394; x_wconf 77' lang='grc' dir='ltr'>δύο,</span> <span class='ocrx_word' id='word_1_98' title='bbox 474 1330 594 1382; x_wconf 80' lang='grc' dir='ltr'>οὐδὲ</span> <span class='ocrx_word' id='word_1_99' title='bbox 626 1329 767 1385; x_wconf 85' lang='grc' dir='ltr'>Θεοί.</span> <span class='ocrx_word' id='word_1_100' title='bbox 809 1330 942 1383; x_wconf 82' lang='grc' dir='ltr'><strong>Οὐδὲ</strong></span> <span class='ocrx_word' id='word_1_101' title='bbox 977 1329 1086 1402; x_wconf 81' lang='grc' dir='ltr'><strong>γάρ</strong></span> <span class='ocrx_word' id='word_1_102' title='bbox 1123 1329 1356 1384; x_wconf 80' lang='grc' dir='ltr'>ἐνταῦθα</span> <span class='ocrx_word' id='word_1_103' title='bbox 1390 1331 1483 1385; x_wconf 81' lang='grc' dir='ltr'><strong>δύο</strong></span> <span class='ocrx_word' id='word_1_104' title='bbox 1520 1331 1814 1403; x_wconf 79' lang='grc' dir='ltr'>ἄνθρωποι,</span> <span class='ocrx_word' id='word_1_105' title='bbox 1855 1335 1905 1387; x_wconf 85' lang='grc' dir='ltr'><strong>εί</strong></span> 
     </span>
    </p>
   </div>
   <div class='ocr_carea' id='block_1_16' title="bbox 314 1421 1908 1495">
    <p class='ocr_par' dir='ltr' id='par_1_16' title="bbox 314 1421 1908 1495">
     <span class='ocr_line' id='line_1_16' title="bbox 314 1421 1908 1495; baseline 0.001 -20"><span class='ocrx_word' id='word_1_106' title='bbox 314 1424 418 1476; x_wconf 67' lang='grc' dir='ltr'><strong>καὶ</strong></span> <span class='ocrx_word' id='word_1_107' title='bbox 442 1421 617 1486; x_wconf 79' lang='grc' dir='ltr'>οὕτως</span> <span class='ocrx_word' id='word_1_108' title='bbox 646 1425 675 1475; x_wconf 84' lang='grc' dir='ltr'><em>ὁ</em></span> <span class='ocrx_word' id='word_1_109' title='bbox 707 1422 916 1485; x_wconf 87' lang='grc' dir='ltr'>Παῦλος</span> <span class='ocrx_word' id='word_1_110' title='bbox 956 1422 1017 1475; x_wconf 75' lang='grc' dir='ltr'>τὸ</span> <span class='ocrx_word' id='word_1_111' title='bbox 1043 1423 1193 1486; x_wconf 70' lang='grc' dir='ltr'>ἐντὸς</span> <span class='ocrx_word' id='word_1_112' title='bbox 1233 1422 1324 1476; x_wconf 89' lang='grc' dir='ltr'><strong>τοῦ</strong></span> <span class='ocrx_word' id='word_1_113' title='bbox 1373 1423 1677 1495; x_wconf 84' lang='grc' dir='ltr'>ἀνθρώπου,</span> <span class='ocrx_word' id='word_1_114' title='bbox 1713 1428 1808 1477; x_wconf 75' lang='grc' dir='ltr'>καὶ</span> <span class='ocrx_word' id='word_1_115' title='bbox 1843 1424 1908 1478; x_wconf 77' lang='grc' dir='ltr'>τὸ</span> 
     </span>
    </p>
   </div>
   <div class='ocr_carea' id='block_1_17' title="bbox 312 1514 1897 1586">
    <p class='ocr_par' dir='ltr' id='par_1_17' title="bbox 312 1514 1897 1586">
     <span class='ocr_line' id='line_1_17' title="bbox 312 1514 1897 1586; baseline 0.002 -20"><span class='ocrx_word' id='word_1_116' title='bbox 312 1515 478 1577; x_wconf 70' lang='grc' dir='ltr'>ἐκτὸς</span> <span class='ocrx_word' id='word_1_117' title='bbox 526 1515 951 1586; x_wconf 78' lang='grc' dir='ltr'><strong>προσηγόρευσε.</strong></span> <span class='ocrx_word' id='word_1_118' title='bbox 1004 1514 1115 1568; x_wconf 76' lang='grc' dir='ltr'><strong>Καὶ</strong></span> <span class='ocrx_word' id='word_1_119' title='bbox 1165 1516 1214 1568; x_wconf 87' lang='grc' dir='ltr'><strong>εί</strong></span> <span class='ocrx_word' id='word_1_120' title='bbox 1260 1515 1339 1568; x_wconf 79' lang='grc' dir='ltr'><strong>δεῖ</strong></span> <span class='ocrx_word' id='word_1_121' title='bbox 1385 1514 1666 1585; x_wconf 78' lang='grc' dir='ltr'><strong>συντόμως</strong></span> <span class='ocrx_word' id='word_1_122' title='bbox 1701 1516 1897 1580; x_wconf 80' lang='grc' dir='ltr'>είπείν,</span> 
     </span>
    </p>
   </div>
   <div class='ocr_carea' id='block_1_18' title="bbox 274 1595 1902 1677">
    <p class='ocr_par' dir='ltr' id='par_1_18' title="bbox 274 1595 1902 1677">
     <span class='ocr_line' id='line_1_18' title="bbox 274 1595 1902 1677; baseline -0.001 -19"><span class='ocrx_word' id='word_1_123' title='bbox 274 1670 281 1677; x_wconf 20' lang='grc' dir='ltr'>θ</span> <span class='ocrx_word' id='word_1_124' title='bbox 312 1603 451 1658; x_wconf 80' lang='grc' dir='ltr'>ἄλλο</span> <span class='ocrx_word' id='word_1_125' title='bbox 469 1604 573 1674; x_wconf 81' lang='grc' dir='ltr'><strong>μὲν</strong></span> <span class='ocrx_word' id='word_1_126' title='bbox 598 1606 692 1657; x_wconf 77' lang='grc' dir='ltr'>καὶ</span> <span class='ocrx_word' id='word_1_127' title='bbox 720 1604 847 1659; x_wconf 70' lang='grc' dir='ltr'>ωλο</span> <span class='ocrx_word' id='word_1_128' title='bbox 865 1604 932 1657; x_wconf 80' lang='grc' dir='ltr'>τά</span> <span class='ocrx_word' id='word_1_129' title='bbox 958 1604 1016 1671; x_wconf 69' lang='grc' dir='ltr'>ἐξ</span> <span class='ocrx_word' id='word_1_130' title='bbox 1040 1595 1114 1657; x_wconf 80' lang='grc' dir='ltr'>ὧν</span> <span class='ocrx_word' id='word_1_131' title='bbox 1138 1607 1167 1658; x_wconf 86' lang='grc' dir='ltr'>ὁ</span> <span class='ocrx_word' id='word_1_132' title='bbox 1190 1605 1383 1674; x_wconf 80' lang='grc' dir='ltr'>Σωτὴρ</span> <span class='ocrx_word' id='word_1_133' title='bbox 1406 1604 1587 1675; x_wconf 74' lang='grc' dir='ltr'>(εἰπερ</span> <span class='ocrx_word' id='word_1_134' title='bbox 1609 1604 1684 1675; x_wconf 81' lang='grc' dir='ltr'><strong>μὴ</strong></span> <span class='ocrx_word' id='word_1_135' title='bbox 1709 1604 1902 1658; x_wconf 78' lang='grc' dir='ltr'>ταυτὸν</span> 
     </span>
    </p>
   </div>
   <div class='ocr_carea' id='block_1_19' title="bbox 309 1694 1902 1767">
    <p class='ocr_par' dir='ltr' id='par_1_19' title="bbox 309 1694 1902 1767">
     <span class='ocr_line' id='line_1_19' title="bbox 309 1694 1902 1767; baseline 0.001 -19"><span class='ocrx_word' id='word_1_136' title='bbox 309 1696 380 1748; x_wconf 74' lang='grc' dir='ltr'>τὸ</span> <span class='ocrx_word' id='word_1_137' title='bbox 406 1695 638 1766; x_wconf 81' lang='grc' dir='ltr'>ἀόρατον</span> <span class='ocrx_word' id='word_1_138' title='bbox 664 1694 741 1765; x_wconf 78' lang='grc' dir='ltr'>τῷ</span> <span class='ocrx_word' id='word_1_139' title='bbox 768 1694 973 1767; x_wconf 78' lang='grc' dir='ltr'>ὁρατῷ,</span> <span class='ocrx_word' id='word_1_140' title='bbox 1019 1696 1116 1749; x_wconf 85' lang='grc' dir='ltr'><strong>καὶ</strong></span> <span class='ocrx_word' id='word_1_141' title='bbox 1150 1696 1211 1749; x_wconf 83' lang='grc' dir='ltr'>τὸ</span> <span class='ocrx_word' id='word_1_142' title='bbox 1246 1697 1471 1766; x_wconf 79' lang='grc' dir='ltr'>ἄχρονον</span> <span class='ocrx_word' id='word_1_143' title='bbox 1512 1696 1589 1766; x_wconf 76' lang='grc' dir='ltr'>τῷ</span> <span class='ocrx_word' id='word_1_144' title='bbox 1630 1696 1735 1749; x_wconf 82' lang='grc' dir='ltr'><strong>ὑπὸ</strong></span> <span class='ocrx_word' id='word_1_145' title='bbox 1774 1695 1902 1766; x_wconf 79' lang='grc' dir='ltr'><strong>χρό-</strong></span> 
     </span>
    </p>
   </div>
   <div class='ocr_carea' id='block_1_20' title="bbox 312 1751 1980 1858">
    <p class='ocr_par' dir='ltr' id='par_1_20' title="bbox 312 1751 1980 1858">
     <span class='ocr_line' id='line_1_20' title="bbox 312 1751 1980 1858; baseline -0.001 -19"><span class='ocrx_word' id='word_1_146' title='bbox 312 1751 487 1853; x_wconf 52' lang='grc' dir='ltr'>νον),’</span> <span class='ocrx_word' id='word_1_147' title='bbox 511 1787 610 1838; x_wconf 78' lang='grc' dir='ltr'><strong>οὐκ</strong></span> <span class='ocrx_word' id='word_1_148' title='bbox 645 1751 812 1849; x_wconf 73' lang='grc' dir='ltr'><strong>ἀλλος⁵</strong></span> <span class='ocrx_word' id='word_1_149' title='bbox 836 1786 892 1838; x_wconf 80' lang='grc' dir='ltr'>δὲ</span> <span class='ocrx_word' id='word_1_150' title='bbox 917 1751 1036 1840; x_wconf 52' lang='grc' dir='ltr'>’καὶ</span> <span class='ocrx_word' id='word_1_151' title='bbox 1071 1787 1247 1851; x_wconf 77' lang='grc' dir='ltr'>ἄλλος’</span> <span class='ocrx_word' id='word_1_152' title='bbox 1402 1751 1629 1853; x_wconf 69' lang='grc' dir='ltr'>γένοιτο.</span> <span class='ocrx_word' id='word_1_153' title='bbox 1675 1785 1756 1839; x_wconf 82' lang='grc' dir='ltr'><strong>Τὰ</strong></span> <span class='ocrx_word' id='word_1_154' title='bbox 1778 1751 1902 1857; x_wconf 49' lang='grc' dir='ltr'>’γὰρ</span> <span class='ocrx_word' id='word_1_155' title='bbox 1944 1751 1980 1803; x_wconf 73' lang='lat' dir='ltr'>n</span> 
     </span>
    </p>
   </div>
   <div class='ocr_carea' id='block_1_21' title="bbox 311 1876 1188 1949">
    <p class='ocr_par' dir='ltr' id='par_1_21' title="bbox 311 1876 1188 1949">
     <span class='ocr_line' id='line_1_21' title="bbox 311 1876 1188 1949; baseline -0.002 -16"><span class='ocrx_word' id='word_1_156' title='bbox 311 1878 606 1949; x_wconf 67' lang='grc' dir='ltr'>ἀμφότερα</span> <span class='ocrx_word' id='word_1_157' title='bbox 635 1876 692 1931; x_wconf 80' lang='grc' dir='ltr'>ἒν</span> <span class='ocrx_word' id='word_1_158' title='bbox 728 1881 793 1949; x_wconf 80' lang='grc' dir='ltr'>τῇ</span> <span class='ocrx_word' id='word_1_159' title='bbox 836 1878 1136 1948; x_wconf 88' lang='grc' dir='ltr'>συγκράσει</span> <span class='ocrx_word' id='word_1_160' title='bbox 1170 1911 1188 1937; x_wconf 85' lang='grc'><strong>.</strong></span> 
     </span>
    </p>
   </div>
   <div class='ocr_carea' id='block_1_22' title="bbox 315 1968 1899 2039">
    <p class='ocr_par' dir='ltr' id='par_1_22' title="bbox 315 1968 1899 2039">
     <span class='ocr_line' id='line_1_22' title="bbox 315 1968 1899 2039; baseline 0 -20"><span class='ocrx_word' id='word_1_161' title='bbox 315 1971 616 2038; x_wconf 72' lang='grc' dir='ltr'>στήσαντος,</span> <span class='ocrx_word' id='word_1_162' title='bbox 666 1968 952 2037; x_wconf 80' lang='grc' dir='ltr'>ἀνθρώπου</span> <span class='ocrx_word' id='word_1_163' title='bbox 997 1968 1055 2022; x_wconf 82' lang='grc' dir='ltr'>δὲ</span> <span class='ocrx_word' id='word_1_164' title='bbox 1097 1968 1407 2034; x_wconf 82' lang='grc' dir='ltr'>θεωθέντος,</span> <span class='ocrx_word' id='word_1_165' title='bbox 1446 1969 1480 2039; x_wconf 79' lang='grc' dir='ltr'>ἢ</span> <span class='ocrx_word' id='word_1_166' title='bbox 1532 1970 1680 2031; x_wconf 84' lang='grc' dir='ltr'>ὅπως</span> <span class='ocrx_word' id='word_1_167' title='bbox 1717 1969 1783 2022; x_wconf 84' lang='grc' dir='ltr'>ἄν</span> <span class='ocrx_word' id='word_1_168' title='bbox 1814 1985 1899 2030; x_wconf 83' lang='grc' dir='ltr'><strong>τις</strong></span> 
     </span>
    </p>
   </div>
   <div class='ocr_carea' id='block_1_23' title="bbox 311 2057 1898 2129">
    <p class='ocr_par' dir='ltr' id='par_1_23' title="bbox 311 2057 1898 2129">
     <span class='ocr_line' id='line_1_23' title="bbox 311 2057 1898 2129; baseline -0.001 -18"><span class='ocrx_word' id='word_1_169' title='bbox 311 2058 629 2129; x_wconf 70' lang='grc' dir='ltr'>ὀνομάσειε.</span> <span class='ocrx_word' id='word_1_170' title='bbox 670 2060 830 2125; x_wconf 79' lang='grc' dir='ltr'>Λέγω</span> <span class='ocrx_word' id='word_1_171' title='bbox 867 2060 924 2112; x_wconf 80' lang='grc' dir='ltr'>δὲ</span> <span class='ocrx_word' id='word_1_172' title='bbox 967 2060 1096 2114; x_wconf 76' lang='grc' dir='ltr'>ἄλλο</span> <span class='ocrx_word' id='word_1_173' title='bbox 1131 2062 1223 2112; x_wconf 65' lang='grc' dir='ltr'><strong>κει)⁵</strong></span> <span class='ocrx_word' id='word_1_174' title='bbox 1252 2059 1380 2112; x_wconf 83' lang='grc' dir='ltr'>ἀλλο</span> <span class='ocrx_word' id='word_1_175' title='bbox 1430 2098 1446 2124; x_wconf 91' lang='grc'>,</span> <span class='ocrx_word' id='word_1_176' title='bbox 1593 2058 1832 2129; x_wconf 76' lang='grc' dir='ltr'>ἔμπαλιν</span> <span class='ocrx_word' id='word_1_177' title='bbox 1866 2057 1898 2127; x_wconf 76' lang='grc' dir='ltr'>ἢ</span> 
     </span>
    </p>
   </div>
   <div class='ocr_carea' id='block_1_24' title="bbox 314 2146 1902 2220">
    <p class='ocr_par' dir='ltr' id='par_1_24' title="bbox 314 2146 1902 2220">
     <span class='ocr_line' id='line_1_24' title="bbox 314 2146 1902 2220; baseline 0.001 -20"><span class='ocrx_word' id='word_1_178' title='bbox 314 2150 416 2201; x_wconf 67' lang='grc' dir='ltr'><strong>ἐπὶ</strong></span> <span class='ocrx_word' id='word_1_179' title='bbox 465 2149 565 2219; x_wconf 79' lang='grc' dir='ltr'><strong>τῆς</strong></span> <span class='ocrx_word' id='word_1_180' title='bbox 614 2146 841 2219; x_wconf 81' lang='grc' dir='ltr'>Τριάδος</span> <span class='ocrx_word' id='word_1_181' title='bbox 894 2149 1026 2219; x_wconf 75' lang='grc' dir='ltr'>ἔχει.</span> <span class='ocrx_word' id='word_1_182' title='bbox 1084 2151 1229 2203; x_wconf 85' lang='grc' dir='ltr'>Ἐκεῖ</span> <span class='ocrx_word' id='word_1_183' title='bbox 1283 2151 1384 2220; x_wconf 85' lang='grc' dir='ltr'>μὲν</span> <span class='ocrx_word' id='word_1_184' title='bbox 1431 2151 1539 2220; x_wconf 80' lang='grc' dir='ltr'><strong>γὰρ</strong></span> <span class='ocrx_word' id='word_1_185' title='bbox 1595 2150 1753 2213; x_wconf 79' lang='grc' dir='ltr'>ἄλλος</span> <span class='ocrx_word' id='word_1_186' title='bbox 1808 2148 1902 2202; x_wconf 80' lang='grc' dir='ltr'>καὶ</span> 
     </span>
    </p>
   </div>
   <div class='ocr_carea' id='block_1_25' title="bbox 315 2238 1900 2309">
    <p class='ocr_par' dir='ltr' id='par_1_25' title="bbox 315 2238 1900 2309">
     <span class='ocr_line' id='line_1_25' title="bbox 315 2238 1900 2309; baseline -0.002 -15"><span class='ocrx_word' id='word_1_187' title='bbox 315 2240 512 2303; x_wconf 78' lang='grc' dir='ltr'>ἄλλος,</span> <span class='ocrx_word' id='word_1_188' title='bbox 542 2239 630 2292; x_wconf 82' lang='grc' dir='ltr'>ἴνα</span> <span class='ocrx_word' id='word_1_189' title='bbox 660 2239 735 2309; x_wconf 81' lang='grc' dir='ltr'><strong>μὴ</strong></span> <span class='ocrx_word' id='word_1_190' title='bbox 766 2239 866 2303; x_wconf 81' lang='grc' dir='ltr'><strong>τὰς</strong></span> <span class='ocrx_word' id='word_1_191' title='bbox 905 2240 1231 2302; x_wconf 83' lang='grc' dir='ltr'><strong>ὑποστάσεις</strong></span> <span class='ocrx_word' id='word_1_192' title='bbox 1260 2240 1596 2309; x_wconf 79' lang='grc' dir='ltr'>συγχέωμεν·</span> <span class='ocrx_word' id='word_1_193' title='bbox 1634 2240 1735 2292; x_wconf 65' lang='grc' dir='ltr'><strong>οὐκ</strong></span> <span class='ocrx_word' id='word_1_194' title='bbox 1775 2238 1900 2291; x_wconf 75' lang='grc' dir='ltr'>ἄλλο</span> 
     </span>
    </p>
   </div>
   <div class='ocr_carea' id='block_1_26' title="bbox 314 2330 1848 2401">
    <p class='ocr_par' dir='ltr' id='par_1_26' title="bbox 314 2330 1848 2401">
     <span class='ocr_line' id='line_1_26' title="bbox 314 2330 1848 2401; baseline -0.001 -17"><span class='ocrx_word' id='word_1_195' title='bbox 314 2331 379 2384; x_wconf 74' lang='grc' dir='ltr'>δὲ</span> <span class='ocrx_word' id='word_1_196' title='bbox 410 2331 505 2384; x_wconf 77' lang='grc' dir='ltr'><strong>καὶ</strong></span> <span class='ocrx_word' id='word_1_197' title='bbox 533 2331 683 2394; x_wconf 81' lang='grc' dir='ltr'>ἄλλο,</span> <span class='ocrx_word' id='word_1_198' title='bbox 716 2331 773 2383; x_wconf 79' lang='grc' dir='ltr'>ἓν</span> <span class='ocrx_word' id='word_1_199' title='bbox 796 2330 903 2401; x_wconf 75' lang='grc' dir='ltr'><strong>γὰρ</strong></span> <span class='ocrx_word' id='word_1_200' title='bbox 929 2331 996 2384; x_wconf 83' lang='grc' dir='ltr'><strong>τὰ</strong></span> <span class='ocrx_word' id='word_1_201' title='bbox 1026 2332 1153 2401; x_wconf 79' lang='grc' dir='ltr'>τρία</span> <span class='ocrx_word' id='word_1_202' title='bbox 1182 2331 1274 2384; x_wconf 85' lang='grc' dir='ltr'>καί</span> <span class='ocrx_word' id='word_1_203' title='bbox 1302 2330 1499 2383; x_wconf 85' lang='grc' dir='ltr'>ταυτὸν</span> <span class='ocrx_word' id='word_1_204' title='bbox 1523 2333 1590 2400; x_wconf 81' lang='grc' dir='ltr'>τῇ</span> <span class='ocrx_word' id='word_1_205' title='bbox 1616 2330 1848 2400; x_wconf 87' lang='grc' dir='ltr'>θεότητι.</span> 
     </span>
    </p>
   </div>
   <div class='ocr_carea' id='block_1_27' title="bbox 1334 1876 1899 1948">
    <p class='ocr_par' dir='ltr' id='par_1_27' title="bbox 1334 1876 1899 1948">
     <span class='ocr_line' id='line_1_27' title="bbox 1334 1876 1899 1948; baseline 0 -18"><span class='ocrx_word' id='word_1_206' title='bbox 1334 1878 1469 1930; x_wconf 76' lang='grc' dir='ltr'>Θεοῦ</span> <span class='ocrx_word' id='word_1_207' title='bbox 1504 1878 1601 1947; x_wconf 82' lang='grc' dir='ltr'><strong>μὲν</strong></span> <span class='ocrx_word' id='word_1_208' title='bbox 1632 1876 1899 1948; x_wconf 77' lang='grc' dir='ltr'>ἐνανθρω-</span> 
     </span>
    </p>
   </div>
   <div class='ocr_carea' id='block_1_28' title="bbox 2015 521 3595 597">
    <p class='ocr_par' dir='ltr' id='par_1_28' title="bbox 2015 521 3595 597">
     <span class='ocr_line' id='line_1_28' title="bbox 2015 521 3595 597; baseline 0.009 -25"><span class='ocrx_word' id='word_1_209' title='bbox 2015 522 2137 588; x_wconf 81' lang='lat' dir='ltr'><strong>quia</strong></span> <span class='ocrx_word' id='word_1_210' title='bbox 2193 521 2418 576; x_wconf 82' lang='lat' dir='ltr'><strong>humani</strong></span> <span class='ocrx_word' id='word_1_211' title='bbox 2455 532 2754 594; x_wconf 87' lang='lat' dir='ltr'><strong>conceptus</strong></span> <span class='ocrx_word' id='word_1_212' title='bbox 2786 525 2929 596; x_wconf 72' lang='lat' dir='ltr'><strong>lege.</strong></span> <span class='ocrx_word' id='word_1_213' title='bbox 2962 542 3116 597; x_wconf 70' lang='lat' dir='ltr'><strong>(eque</strong></span> <span class='ocrx_word' id='word_1_214' title='bbox 3153 528 3347 585; x_wconf 85' lang='lat' dir='ltr'><strong>athetts</strong></span> <span class='ocrx_word' id='word_1_215' title='bbox 3394 539 3499 586; x_wconf 88' lang='lat' dir='ltr'><strong>est.</strong></span> <span class='ocrx_word' id='word_1_216' title='bbox 3537 530 3595 587; x_wconf 86' lang='lat' dir='ltr'><strong>Si</strong></span> 
     </span>
    </p>
   </div>
   <div class='ocr_carea' id='block_1_29' title="bbox 2018 606 3594 693">
    <p class='ocr_par' dir='ltr' id='par_1_29' title="bbox 2018 606 3594 693">
     <span class='ocr_line' id='line_1_29' title="bbox 2018 606 3594 693; baseline 0.012 -35"><span class='ocrx_word' id='word_1_217' title='bbox 2018 615 2140 682; x_wconf 75' lang='lat' dir='ltr'><strong>quis</strong></span> <span class='ocrx_word' id='word_1_218' title='bbox 2168 611 2459 668; x_wconf 84' lang='lat' dir='ltr'><strong>formatum</strong></span> <span class='ocrx_word' id='word_1_219' title='bbox 2515 615 2789 671; x_wconf 87' lang='lat' dir='ltr'><strong>hominem</strong></span> <span class='ocrx_word' id='word_1_220' title='bbox 2842 617 3033 681; x_wconf 82' lang='lat' dir='ltr'><strong>fuisse.</strong></span> <span class='ocrx_word' id='word_1_221' title='bbox 3085 606 3362 690; x_wconf 85' lang='lat' dir='ltr'><strong>Deumque</strong></span> <span class='ocrx_word' id='word_1_222' title='bbox 3406 631 3594 693; x_wconf 81' lang='lat' dir='ltr'><strong>postea</strong></span> 
     </span>
    </p>
   </div>
   <div class='ocr_carea' id='block_1_30' title="bbox 2024 697 3723 760">
    <p class='ocr_par' dir='ltr' id='par_1_30' title="bbox 2024 697 3723 760">
     <span class='ocr_line' id='line_1_30' title="bbox 2024 697 3723 760; baseline 0.005 -9"><span class='ocrx_word' id='word_1_223' title='bbox 2024 698 2261 752; x_wconf 82' lang='lat' dir='ltr'><strong>subiisse</strong></span> <span class='ocrx_word' id='word_1_224' title='bbox 2290 697 2458 760; x_wconf 80' lang='lat' dir='ltr'><strong>dicat,</strong></span> <span class='ocrx_word' id='word_1_225' title='bbox 2488 698 2825 753; x_wconf 80' lang='lat' dir='ltr'><strong>damnationi</strong></span> <span class='ocrx_word' id='word_1_226' title='bbox 2864 703 3136 757; x_wconf 79' lang='lat' dir='ltr'><strong>obnoxius</strong></span> <span class='ocrx_word' id='word_1_227' title='bbox 3169 713 3273 758; x_wconf 79' lang='lat' dir='ltr'><strong>est.</strong></span> <span class='ocrx_word' id='word_1_228' title='bbox 3308 704 3419 759; x_wconf 84' lang='lat' dir='ltr'><strong>lloc</strong></span> <span class='ocrx_word' id='word_1_229' title='bbox 3449 704 3598 760; x_wconf 74' lang='lat' dir='ltr'><strong>eniin</strong></span> <span class='ocrx_word' id='word_1_230' title='bbox 3704 716 3723 740; x_wconf 58' lang='grc' dir='ltr'><strong>τ</strong></span> 
     </span>
    </p>
   </div>
   <div class='ocr_carea' id='block_1_31' title="bbox 2025 785 3593 877">
    <p class='ocr_par' dir='ltr' id='par_1_31' title="bbox 2025 785 3593 877">
     <span class='ocr_line' id='line_1_31' title="bbox 2025 785 3593 877; baseline 0.006 -37"><span class='ocrx_word' id='word_1_231' title='bbox 2025 802 2134 842; x_wconf 89' lang='lat' dir='ltr'><strong>non</strong></span> <span class='ocrx_word' id='word_1_232' title='bbox 2166 785 2260 842; x_wconf 86' lang='lat' dir='ltr'><strong>Dei</strong></span> <span class='ocrx_word' id='word_1_233' title='bbox 2288 788 2577 877; x_wconf 61' lang='lat' dir='ltr'><strong>generatioll</strong></span> <span class='ocrx_word' id='word_1_234' title='bbox 2607 789 2790 853; x_wconf 82' lang='lat' dir='ltr'><strong>fuerit,</strong></span> <span class='ocrx_word' id='word_1_235' title='bbox 2820 790 2915 845; x_wconf 90' lang='lat' dir='ltr'><strong>sed</strong></span> <span class='ocrx_word' id='word_1_236' title='bbox 2948 795 3315 861; x_wconf 77' lang='lat' dir='ltr'><strong>generationis</strong></span> <span class='ocrx_word' id='word_1_237' title='bbox 3353 792 3498 865; x_wconf 77' lang='lat' dir='ltr'><strong>fuga.</strong></span> <span class='ocrx_word' id='word_1_238' title='bbox 3532 796 3593 849; x_wconf 79' lang='lat' dir='ltr'><strong>Si</strong></span> 
     </span>
    </p>
   </div>
   <div class='ocr_carea' id='block_1_32' title="bbox 2024 876 3593 947">
    <p class='ocr_par' dir='ltr' id='par_1_32' title="bbox 2024 876 3593 947">
     <span class='ocr_line' id='line_1_32' title="bbox 2024 876 3593 947; baseline 0.005 -18"><span class='ocrx_word' id='word_1_239' title='bbox 2024 879 2150 947; x_wconf 84' lang='lat' dir='ltr'><strong>quis</strong></span> <span class='ocrx_word' id='word_1_240' title='bbox 2177 876 2318 933; x_wconf 90' lang='lat' dir='ltr'><strong>duos</strong></span> <span class='ocrx_word' id='word_1_241' title='bbox 2353 877 2513 943; x_wconf 91' lang='lat' dir='ltr'><strong>ﬁlios,</strong></span> <span class='ocrx_word' id='word_1_242' title='bbox 2542 876 2772 933; x_wconf 81' lang='lat' dir='ltr'><strong>alterum</strong></span> <span class='ocrx_word' id='word_1_243' title='bbox 2809 895 2876 935; x_wconf 76' lang='lat' dir='ltr'><strong>ex</strong></span> <span class='ocrx_word' id='word_1_244' title='bbox 2910 880 3021 935; x_wconf 85' lang='lat' dir='ltr'><strong>Deo</strong></span> <span class='ocrx_word' id='word_1_245' title='bbox 3060 892 3114 937; x_wconf 90' lang='lat' dir='ltr'><strong>et</strong></span> <span class='ocrx_word' id='word_1_246' title='bbox 3144 880 3323 946; x_wconf 82' lang='lat' dir='ltr'><strong>Patre,</strong></span> <span class='ocrx_word' id='word_1_247' title='bbox 3352 885 3593 940; x_wconf 82' lang='lat' dir='ltr'><strong>alterum</strong></span> 
     </span>
    </p>
   </div>
   <div class='ocr_carea' id='block_1_33' title="bbox 2022 971 3591 1038">
    <p class='ocr_par' dir='ltr' id='par_1_33' title="bbox 2022 971 3591 1038">
     <span class='ocr_line' id='line_1_33' title="bbox 2022 971 3591 1038; baseline 0.004 -17"><span class='ocrx_word' id='word_1_248' title='bbox 2022 982 2088 1021; x_wconf 77' lang='lat' dir='ltr'><strong>ex</strong></span> <span class='ocrx_word' id='word_1_249' title='bbox 2118 974 2311 1026; x_wconf 89' lang='lat' dir='ltr'><strong>matre.</strong></span> <span class='ocrx_word' id='word_1_250' title='bbox 2344 981 2451 1019; x_wconf 87' lang='lat' dir='ltr'><strong>non</strong></span> <span class='ocrx_word' id='word_1_251' title='bbox 2485 974 2665 1022; x_wconf 90' lang='lat' dir='ltr'><strong>autem</strong></span> <span class='ocrx_word' id='word_1_252' title='bbox 2699 984 2866 1022; x_wconf 89' lang='lat' dir='ltr'><strong>unum</strong></span> <span class='ocrx_word' id='word_1_253' title='bbox 2890 976 3058 1038; x_wconf 87' lang='lat' dir='ltr'><strong>atque</strong></span> <span class='ocrx_word' id='word_1_254' title='bbox 3085 971 3334 1029; x_wconf 88' lang='lat' dir='ltr'><strong>eumdem</strong></span> <span class='ocrx_word' id='word_1_255' title='bbox 3363 971 3591 1029; x_wconf 63' lang='lat' dir='ltr'><strong>induxec</strong></span> 
     </span>
    </p>
   </div>
   <div class='ocr_carea' id='block_1_34' title="bbox 2024 1057 3588 1129">
    <p class='ocr_par' dir='ltr' id='par_1_34' title="bbox 2024 1057 3588 1129">
     <span class='ocr_line' id='line_1_34' title="bbox 2024 1057 3588 1129; baseline 0.003 -17"><span class='ocrx_word' id='word_1_256' title='bbox 2024 1062 2119 1121; x_wconf 81' lang='lat' dir='ltr'><strong>rit,</strong></span> <span class='ocrx_word' id='word_1_257' title='bbox 2156 1057 2202 1112; x_wconf 91' lang='lat' dir='ltr'><strong>is</strong></span> <span class='ocrx_word' id='word_1_258' title='bbox 2232 1058 2300 1112; x_wconf 83' lang='lat' dir='ltr'><strong>ab</strong></span> <span class='ocrx_word' id='word_1_259' title='bbox 2326 1073 2390 1113; x_wconf 73' lang='lat' dir='ltr'><strong>ea</strong></span> <span class='ocrx_word' id='word_1_260' title='bbox 2433 1073 2654 1128; x_wconf 75' lang='lat' dir='ltr'><strong>quoque</strong></span> <span class='ocrx_word' id='word_1_261' title='bbox 2690 1058 2922 1113; x_wconf 84' lang='lat' dir='ltr'><strong>ﬁliorum</strong></span> <span class='ocrx_word' id='word_1_262' title='bbox 2953 1059 3249 1129; x_wconf 80' lang='lat' dir='ltr'><strong>adeptione</strong></span> <span class='ocrx_word' id='word_1_263' title='bbox 3289 1062 3303 1091; x_wconf 87' lang='grc'>¹</span> <span class='ocrx_word' id='word_1_264' title='bbox 3351 1061 3588 1129; x_wconf 75' lang='lat' dir='ltr'><strong>ext-idat,</strong></span> 
     </span>
    </p>
   </div>
   <div class='ocr_carea' id='block_1_35' title="bbox 2024 1149 3591 1219">
    <p class='ocr_par' dir='ltr' id='par_1_35' title="bbox 2024 1149 3591 1219">
     <span class='ocr_line' id='line_1_35' title="bbox 2024 1149 3591 1219; baseline 0.003 -17"><span class='ocrx_word' id='word_1_265' title='bbox 2024 1164 2145 1217; x_wconf 72' lang='lat' dir='ltr'><strong>quze</strong></span> <span class='ocrx_word' id='word_1_266' title='bbox 2172 1158 2322 1204; x_wconf 88' lang='lat' dir='ltr'><strong>recte</strong></span> <span class='ocrx_word' id='word_1_267' title='bbox 2359 1149 2712 1204; x_wconf 87' lang='lat' dir='ltr'><strong>credentibus</strong></span> <span class='ocrx_word' id='word_1_268' title='bbox 2745 1151 3011 1219; x_wconf 88' lang='lat' dir='ltr'><strong>promissa</strong></span> <span class='ocrx_word' id='word_1_269' title='bbox 3032 1160 3133 1206; x_wconf 85' lang='lat' dir='ltr'><strong>est.</strong></span> <span class='ocrx_word' id='word_1_270' title='bbox 3168 1152 3425 1217; x_wconf 80' lang='lat' dir='ltr'><strong>Quamvis</strong></span> <span class='ocrx_word' id='word_1_271' title='bbox 3445 1154 3591 1207; x_wconf 82' lang='lat' dir='ltr'><strong>enim</strong></span> 
     </span>
    </p>
   </div>
   <div class='ocr_carea' id='block_1_36' title="bbox 2023 1240 3591 1311">
    <p class='ocr_par' dir='ltr' id='par_1_36' title="bbox 2023 1240 3591 1311">
     <span class='ocr_line' id='line_1_36' title="bbox 2023 1240 3591 1311; baseline 0.001 -17"><span class='ocrx_word' id='word_1_272' title='bbox 2023 1240 2145 1294; x_wconf 66' lang='lat' dir='ltr'><strong>dum</strong></span> <span class='ocrx_word' id='word_1_273' title='bbox 2174 1249 2384 1294; x_wconf 69' lang='lat' dir='ltr'><strong>natura:</strong></span> <span class='ocrx_word' id='word_1_274' title='bbox 2424 1242 2532 1294; x_wconf 89' lang='lat' dir='ltr'><strong>sint</strong></span> <span class='ocrx_word' id='word_1_275' title='bbox 2573 1240 2714 1294; x_wconf 89' lang='lat' dir='ltr'><strong>Deus</strong></span> <span class='ocrx_word' id='word_1_276' title='bbox 2757 1248 2810 1294; x_wconf 83' lang='lat' dir='ltr'><strong>et</strong></span> <span class='ocrx_word' id='word_1_277' title='bbox 2841 1241 3023 1301; x_wconf 79' lang='lat' dir='ltr'><strong>homo.</strong></span> <span class='ocrx_word' id='word_1_278' title='bbox 3054 1241 3255 1311; x_wconf 82' lang='lat' dir='ltr'><strong>quippe</strong></span> <span class='ocrx_word' id='word_1_279' title='bbox 3282 1244 3370 1311; x_wconf 80' lang='lat' dir='ltr'><strong>qui</strong></span> <span class='ocrx_word' id='word_1_280' title='bbox 3411 1244 3591 1297; x_wconf 74' lang='lat' dir='ltr'><strong>anima</strong></span> 
     </span>
    </p>
   </div>
   <div class='ocr_carea' id='block_1_37' title="bbox 2026 1329 3593 1399">
    <p class='ocr_par' dir='ltr' id='par_1_37' title="bbox 2026 1329 3593 1399">
     <span class='ocr_line' id='line_1_37' title="bbox 2026 1329 3593 1399; baseline 0.001 -13"><span class='ocrx_word' id='word_1_281' title='bbox 2026 1331 2096 1386; x_wconf 68' lang='lat' dir='ltr'><strong>sit</strong></span> <span class='ocrx_word' id='word_1_282' title='bbox 2114 1338 2177 1385; x_wconf 78' lang='lat' dir='ltr'><strong>et</strong></span> <span class='ocrx_word' id='word_1_283' title='bbox 2205 1345 2427 1398; x_wconf 90' lang='lat' dir='ltr'><strong>corpus,</strong></span> <span class='ocrx_word' id='word_1_284' title='bbox 2465 1344 2572 1382; x_wconf 91' lang='lat' dir='ltr'><strong>non</strong></span> <span class='ocrx_word' id='word_1_285' title='bbox 2609 1339 2789 1383; x_wconf 88' lang='lat' dir='ltr'><strong>tamen</strong></span> <span class='ocrx_word' id='word_1_286' title='bbox 2827 1330 2935 1383; x_wconf 91' lang='lat' dir='ltr'><strong>duo</strong></span> <span class='ocrx_word' id='word_1_287' title='bbox 2971 1329 3064 1384; x_wconf 82' lang='lat' dir='ltr'><strong>ﬁlii</strong></span> <span class='ocrx_word' id='word_1_288' title='bbox 3100 1338 3154 1385; x_wconf 83' lang='lat' dir='ltr'><strong>et</strong></span> <span class='ocrx_word' id='word_1_289' title='bbox 3184 1333 3255 1384; x_wconf 81' lang='lat' dir='ltr'><strong>dii</strong></span> <span class='ocrx_word' id='word_1_290' title='bbox 3290 1352 3301 1385; x_wconf 92' lang='lat'><strong>:</strong></span> <span class='ocrx_word' id='word_1_291' title='bbox 3334 1338 3593 1399; x_wconf 85' lang='lat' dir='ltr'><strong>quemad-</strong></span> 
     </span>
    </p>
   </div>
   <div class='ocr_carea' id='block_1_38' title="bbox 2031 1420 3595 1489">
    <p class='ocr_par' dir='ltr' id='par_1_38' title="bbox 2031 1420 3595 1489">
     <span class='ocr_line' id='line_1_38' title="bbox 2031 1420 3595 1489; baseline 0.001 -14"><span class='ocrx_word' id='word_1_292' title='bbox 2031 1422 2244 1475; x_wconf 76' lang='lat' dir='ltr'><strong>stodum</strong></span> <span class='ocrx_word' id='word_1_293' title='bbox 2291 1436 2359 1475; x_wconf 91' lang='lat' dir='ltr'><strong>ne</strong></span> <span class='ocrx_word' id='word_1_294' title='bbox 2394 1421 2481 1474; x_wconf 89' lang='lat' dir='ltr'><strong>hic</strong></span> <span class='ocrx_word' id='word_1_295' title='bbox 2517 1420 2733 1489; x_wconf 72' lang='lat' dir='ltr'><strong>quidem</strong></span> <span class='ocrx_word' id='word_1_296' title='bbox 2767 1422 2875 1475; x_wconf 87' lang='lat' dir='ltr'><strong>duo</strong></span> <span class='ocrx_word' id='word_1_297' title='bbox 2909 1421 3183 1485; x_wconf 81' lang='lat' dir='ltr'><strong>homines,</strong></span> <span class='ocrx_word' id='word_1_298' title='bbox 3207 1424 3423 1478; x_wconf 61' lang='lat' dir='ltr'><strong>tametsi</strong></span> <span class='ocrx_word' id='word_1_299' title='bbox 3451 1423 3595 1477; x_wconf 80' lang='lat' dir='ltr'><strong>Pau-</strong></span> 
     </span>
    </p>
   </div>
   <div class='ocr_carea' id='block_1_39' title="bbox 2026 1511 3591 1571">
    <p class='ocr_par' dir='ltr' id='par_1_39' title="bbox 2026 1511 3591 1571">
     <span class='ocr_line' id='line_1_39' title="bbox 2026 1511 3591 1571; baseline 0.002 -4"><span class='ocrx_word' id='word_1_300' title='bbox 2026 1511 2109 1569; x_wconf 87' lang='lat' dir='ltr'><strong>lus</strong></span> <span class='ocrx_word' id='word_1_301' title='bbox 2140 1515 2204 1567; x_wconf 86' lang='lat' dir='ltr'><strong>ad</strong></span> <span class='ocrx_word' id='word_1_302' title='bbox 2238 1513 2381 1567; x_wconf 91' lang='lat' dir='ltr'><strong>hunc</strong></span> <span class='ocrx_word' id='word_1_303' title='bbox 2412 1512 2631 1566; x_wconf 89' lang='lat' dir='ltr'><strong>modum</strong></span> <span class='ocrx_word' id='word_1_304' title='bbox 2671 1513 2940 1567; x_wconf 79' lang='lat' dir='ltr'><strong>internam</strong></span> <span class='ocrx_word' id='word_1_305' title='bbox 2967 1522 3021 1568; x_wconf 91' lang='lat' dir='ltr'><strong>et</strong></span> <span class='ocrx_word' id='word_1_306' title='bbox 3043 1522 3323 1569; x_wconf 72' lang='lat' dir='ltr'><strong>externam</strong></span> <span class='ocrx_word' id='word_1_307' title='bbox 3356 1515 3591 1571; x_wconf 82' lang='lat' dir='ltr'><strong>hominis</strong></span> 
     </span>
    </p>
   </div>
   <div class='ocr_carea' id='block_1_40' title="bbox 2023 1604 3697 1673">
    <p class='ocr_par' dir='ltr' id='par_1_40' title="bbox 2023 1604 3697 1673">
     <span class='ocr_line' id='line_1_40' title="bbox 2023 1604 3697 1673; baseline 0.002 -18"><span class='ocrx_word' id='word_1_308' title='bbox 2023 1611 2231 1673; x_wconf 85' lang='lat' dir='ltr'><strong>partem</strong></span> <span class='ocrx_word' id='word_1_309' title='bbox 2267 1604 2619 1672; x_wconf 76' lang='lat' dir='ltr'><strong>appellaverit</strong></span> <span class='ocrx_word' id='word_1_310' title='bbox 2671 1606 2711 1657; x_wconf 83' lang='lat'><strong>&#39;.</strong></span> <span class='ocrx_word' id='word_1_311' title='bbox 2743 1606 2937 1672; x_wconf 76' lang='lat' dir='ltr'><strong>Atque,</strong></span> <span class='ocrx_word' id='word_1_312' title='bbox 2977 1612 3034 1656; x_wconf 90' lang='lat' dir='ltr'><strong>ut</strong></span> <span class='ocrx_word' id='word_1_313' title='bbox 3074 1604 3265 1673; x_wconf 82' lang='lat' dir='ltr'><strong>paucis</strong></span> <span class='ocrx_word' id='word_1_314' title='bbox 3297 1620 3406 1658; x_wconf 84' lang='lat' dir='ltr'><strong>rem</strong></span> <span class='ocrx_word' id='word_1_315' title='bbox 3437 1620 3591 1660; x_wconf 80' lang='lat' dir='ltr'><strong>com-</strong></span> <span class='ocrx_word' id='word_1_316' title='bbox 3686 1623 3697 1629; x_wconf 86' lang='grc'><strong>·</strong></span> 
     </span>
    </p>
   </div>
   <div class='ocr_carea' id='block_1_41' title="bbox 2025 1694 3591 1765">
    <p class='ocr_par' dir='ltr' id='par_1_41' title="bbox 2025 1694 3591 1765">
     <span class='ocr_line' id='line_1_41' title="bbox 2025 1694 3591 1765; baseline -0.001 -17"><span class='ocrx_word' id='word_1_317' title='bbox 2025 1695 2253 1763; x_wconf 64' lang='grc' dir='ltr'>ρῖεςισι,</span> <span class='ocrx_word' id='word_1_318' title='bbox 2286 1694 2435 1747; x_wconf 85' lang='lat' dir='ltr'><strong>aliud</strong></span> <span class='ocrx_word' id='word_1_319' title='bbox 2464 1694 2682 1764; x_wconf 88' lang='lat' dir='ltr'><strong>quidem</strong></span> <span class='ocrx_word' id='word_1_320' title='bbox 2728 1702 2890 1763; x_wconf 88' lang='lat' dir='ltr'><strong>atque</strong></span> <span class='ocrx_word' id='word_1_321' title='bbox 2918 1694 3065 1747; x_wconf 85' lang='lat' dir='ltr'><strong>aliud</strong></span> <span class='ocrx_word' id='word_1_322' title='bbox 3093 1703 3226 1748; x_wconf 87' lang='lat' dir='ltr'><strong>sunt</strong></span> <span class='ocrx_word' id='word_1_323' title='bbox 3264 1710 3349 1761; x_wconf 83' lang='lat' dir='ltr'><strong>ea,</strong></span> <span class='ocrx_word' id='word_1_324' title='bbox 3384 1711 3449 1748; x_wconf 77' lang='lat' dir='ltr'><strong>ex</strong></span> <span class='ocrx_word' id='word_1_325' title='bbox 3473 1696 3591 1765; x_wconf 80' lang='lat' dir='ltr'><strong>qui-</strong></span> 
     </span>
    </p>
   </div>
   <div class='ocr_carea' id='block_1_42' title="bbox 2025 1788 3591 1858">
    <p class='ocr_par' dir='ltr' id='par_1_42' title="bbox 2025 1788 3591 1858">
     <span class='ocr_line' id='line_1_42' title="bbox 2025 1788 3591 1858; baseline -0.001 -15"><span class='ocrx_word' id='word_1_326' title='bbox 2025 1789 2128 1843; x_wconf 88' lang='lat' dir='ltr'><strong>bus</strong></span> <span class='ocrx_word' id='word_1_327' title='bbox 2161 1788 2430 1849; x_wconf 83' lang='lat' dir='ltr'><strong>Salvator,</strong></span> <span class='ocrx_word' id='word_1_328' title='bbox 2605 1789 2828 1858; x_wconf 81' lang='lat' dir='ltr'><strong>(quippe</strong></span> <span class='ocrx_word' id='word_1_329' title='bbox 2869 1803 2992 1841; x_wconf 90' lang='lat' dir='ltr'><strong>cum</strong></span> <span class='ocrx_word' id='word_1_330' title='bbox 3028 1803 3133 1840; x_wconf 90' lang='lat' dir='ltr'><strong>non</strong></span> <span class='ocrx_word' id='word_1_331' title='bbox 3170 1788 3309 1840; x_wconf 88' lang='lat' dir='ltr'><strong>idem</strong></span> <span class='ocrx_word' id='word_1_332' title='bbox 3341 1789 3410 1842; x_wconf 87' lang='lat' dir='ltr'><strong>sit</strong></span> <span class='ocrx_word' id='word_1_333' title='bbox 3447 1790 3591 1858; x_wconf 85' lang='lat' dir='ltr'><strong>quod</strong></span> 
     </span>
    </p>
   </div>
   <div class='ocr_carea' id='block_1_43' title="bbox 2020 1877 3590 1948">
    <p class='ocr_par' dir='ltr' id='par_1_43' title="bbox 2020 1877 3590 1948">
     <span class='ocr_line' id='line_1_43' title="bbox 2020 1877 3590 1948; baseline -0.001 -14"><span class='ocrx_word' id='word_1_334' title='bbox 2020 1880 2175 1934; x_wconf 86' lang='lat' dir='ltr'><strong>cerni</strong></span> <span class='ocrx_word' id='word_1_335' title='bbox 2208 1895 2317 1933; x_wconf 86' lang='lat' dir='ltr'><strong>non</strong></span> <span class='ocrx_word' id='word_1_336' title='bbox 2350 1887 2552 1948; x_wconf 78' lang='lat' dir='ltr'><strong>potest,</strong></span> <span class='ocrx_word' id='word_1_337' title='bbox 2594 1894 2716 1932; x_wconf 87' lang='lat' dir='ltr'><strong>cum</strong></span> <span class='ocrx_word' id='word_1_338' title='bbox 2748 1894 2815 1933; x_wconf 91' lang='lat' dir='ltr'><strong>eo</strong></span> <span class='ocrx_word' id='word_1_339' title='bbox 2845 1877 2988 1947; x_wconf 83' lang='lat' dir='ltr'><strong>quod</strong></span> <span class='ocrx_word' id='word_1_340' title='bbox 3025 1879 3079 1930; x_wconf 87' lang='lat' dir='ltr'><strong>in</strong></span> <span class='ocrx_word' id='word_1_341' title='bbox 3116 1886 3396 1946; x_wconf 83' lang='lat' dir='ltr'><strong>aspectum</strong></span> <span class='ocrx_word' id='word_1_342' title='bbox 3425 1879 3590 1944; x_wconf 80' lang='lat' dir='ltr'><strong>cadit;</strong></span> 
     </span>
    </p>
   </div>
   <div class='ocr_carea' id='block_1_44' title="bbox 2023 1968 3597 2041">
    <p class='ocr_par' dir='ltr' id='par_1_44' title="bbox 2023 1968 3597 2041">
     <span class='ocr_line' id='line_1_44' title="bbox 2023 1968 3597 2041; baseline -0.003 -15"><span class='ocrx_word' id='word_1_343' title='bbox 2023 1979 2069 2026; x_wconf 87' lang='lat' dir='ltr'><strong>et</strong></span> <span class='ocrx_word' id='word_1_344' title='bbox 2110 1970 2256 2041; x_wconf 88' lang='lat' dir='ltr'><strong>quod</strong></span> <span class='ocrx_word' id='word_1_345' title='bbox 2304 1971 2566 2039; x_wconf 80' lang='lat' dir='ltr'><strong>temporis</strong></span> <span class='ocrx_word' id='word_1_346' title='bbox 2617 1985 2812 2039; x_wconf 79' lang='lat' dir='ltr'><strong>expers</strong></span> <span class='ocrx_word' id='word_1_347' title='bbox 2852 1979 2968 2029; x_wconf 83' lang='lat' dir='ltr'><strong>est,</strong></span> <span class='ocrx_word' id='word_1_348' title='bbox 3010 1984 3133 2023; x_wconf 89' lang='lat' dir='ltr'><strong>cum</strong></span> <span class='ocrx_word' id='word_1_349' title='bbox 3176 1974 3240 2023; x_wconf 84' lang='lat' dir='ltr'><strong>eo</strong></span> <span class='ocrx_word' id='word_1_350' title='bbox 3273 1968 3418 2038; x_wconf 89' lang='lat' dir='ltr'><strong>quod</strong></span> <span class='ocrx_word' id='word_1_351' title='bbox 3462 1977 3597 2022; x_wconf 71' lang='lat' dir='ltr'><strong>tem~</strong></span> 
     </span>
    </p>
   </div>
   <div class='ocr_carea' id='block_1_45' title="bbox 2025 2060 3590 2132">
    <p class='ocr_par' dir='ltr' id='par_1_45' title="bbox 2025 2060 3590 2132">
     <span class='ocr_line' id='line_1_45' title="bbox 2025 2060 3590 2132; baseline 0.001 -18"><span class='ocrx_word' id='word_1_352' title='bbox 2025 2061 2143 2132; x_wconf 91' lang='lat' dir='ltr'><strong>pori</strong></span> <span class='ocrx_word' id='word_1_353' title='bbox 2173 2060 2394 2132; x_wconf 78' lang='lat' dir='ltr'><strong>subeSt)</strong></span> <span class='ocrx_word' id='word_1_354' title='bbox 2432 2077 2444 2111; x_wconf 92' lang='lat'><strong>:</strong></span> <span class='ocrx_word' id='word_1_355' title='bbox 2508 2069 2823 2116; x_wconf 87' lang='lat' dir='ltr'><strong>nontamen</strong></span> <span class='ocrx_word' id='word_1_356' title='bbox 2850 2062 2991 2115; x_wconf 89' lang='lat' dir='ltr'><strong>alius</strong></span> <span class='ocrx_word' id='word_1_357' title='bbox 3026 2069 3187 2130; x_wconf 89' lang='lat' dir='ltr'><strong>atque</strong></span> <span class='ocrx_word' id='word_1_358' title='bbox 3210 2061 3389 2116; x_wconf 84' lang='lat' dir='ltr'><strong>alius:</strong></span> <span class='ocrx_word' id='word_1_359' title='bbox 3425 2061 3590 2116; x_wconf 89' lang='lat' dir='ltr'><strong>absit.</strong></span> 
     </span>
    </p>
   </div>
   <div class='ocr_carea' id='block_1_46' title="bbox 2023 2152 3671 2218">
    <p class='ocr_par' dir='ltr' id='par_1_46' title="bbox 2023 2152 3671 2218">
     <span class='ocr_line' id='line_1_46' title="bbox 2023 2152 3671 2218; baseline 0.001 -13"><span class='ocrx_word' id='word_1_360' title='bbox 2023 2152 2199 2207; x_wconf 84' lang='lat' dir='ltr'><strong>Ambo</strong></span> <span class='ocrx_word' id='word_1_361' title='bbox 2227 2152 2371 2207; x_wconf 88' lang='lat' dir='ltr'><strong>enim</strong></span> <span class='ocrx_word' id='word_1_362' title='bbox 2404 2152 2518 2206; x_wconf 63' lang='lat' dir='ltr'><strong>haec</strong></span> <span class='ocrx_word' id='word_1_363' title='bbox 2539 2152 2879 2207; x_wconf 78' lang='lat' dir='ltr'><strong>connexione</strong></span> <span class='ocrx_word' id='word_1_364' title='bbox 2902 2168 3071 2206; x_wconf 90' lang='lat' dir='ltr'><strong>unum</strong></span> <span class='ocrx_word' id='word_1_365' title='bbox 3098 2161 3248 2218; x_wconf 88' lang='lat' dir='ltr'><strong>sunt,</strong></span> <span class='ocrx_word' id='word_1_366' title='bbox 3282 2153 3392 2209; x_wconf 93' lang='lat' dir='ltr'><strong>Deo</strong></span> <span class='ocrx_word' id='word_1_367' title='bbox 3424 2154 3590 2208; x_wconf 80' lang='lat' dir='ltr'><strong>nimi-</strong></span> <span class='ocrx_word' id='word_1_368' title='bbox 3666 2160 3671 2163; x_wconf 80' lang='grc'><strong><em>“</em></strong></span> 
     </span>
    </p>
   </div>
   <div class='ocr_carea' id='block_1_47' title="bbox 2023 2241 3592 2311">
    <p class='ocr_par' dir='ltr' id='par_1_47' title="bbox 2023 2241 3592 2311">
     <span class='ocr_line' id='line_1_47' title="bbox 2023 2241 3592 2311; baseline 0.001 -14"><span class='ocrx_word' id='word_1_369' title='bbox 2023 2258 2142 2297; x_wconf 90' lang='lat' dir='ltr'><strong>rum</strong></span> <span class='ocrx_word' id='word_1_370' title='bbox 2177 2242 2593 2303; x_wconf 83' lang='lat' dir='ltr'><strong>humanitatem,</strong></span> <span class='ocrx_word' id='word_1_371' title='bbox 2617 2248 2780 2311; x_wconf 85' lang='lat' dir='ltr'><strong>atque</strong></span> <span class='ocrx_word' id='word_1_372' title='bbox 2806 2241 3023 2297; x_wconf 87' lang='lat' dir='ltr'><strong>homine</strong></span> <span class='ocrx_word' id='word_1_373' title='bbox 3046 2242 3381 2300; x_wconf 73' lang='lat' dir='ltr'><strong>divinitatem</strong></span> <span class='ocrx_word' id='word_1_374' title='bbox 3412 2245 3592 2299; x_wconf 53' lang='lat' dir='ltr'><strong>suscib</strong></span> 
     </span>
    </p>
   </div>
   <div class='ocr_carea' id='block_1_48' title="bbox 2024 2331 3587 2401">
    <p class='ocr_par' dir='ltr' id='par_1_48' title="bbox 2024 2331 3587 2401">
     <span class='ocr_line' id='line_1_48' title="bbox 2024 2331 3587 2401; baseline 0.001 -16"><span class='ocrx_word' id='word_1_375' title='bbox 2024 2332 2229 2401; x_wconf 82' lang='lat' dir='ltr'><strong>piente,</strong></span> <span class='ocrx_word' id='word_1_376' title='bbox 2283 2340 2377 2386; x_wconf 83' lang='lat' dir='ltr'><strong>aut</strong></span> <span class='ocrx_word' id='word_1_377' title='bbox 2424 2346 2752 2400; x_wconf 89' lang='lat' dir='ltr'><strong>quocunque</strong></span> <span class='ocrx_word' id='word_1_378' title='bbox 2795 2331 3012 2386; x_wconf 89' lang='lat' dir='ltr'><strong>tandem</strong></span> <span class='ocrx_word' id='word_1_379' title='bbox 3048 2332 3268 2386; x_wconf 87' lang='lat' dir='ltr'><strong>nomine</strong></span> <span class='ocrx_word' id='word_1_380' title='bbox 3312 2333 3587 2401; x_wconf 85' lang='lat' dir='ltr'><strong>quispiam</strong></span> 
     </span>
    </p>
   </div>
   <div class='ocr_carea' id='block_1_49' title="bbox 328 2421 3575 2498">
    <p class='ocr_par' dir='ltr' id='par_1_49' title="bbox 328 2421 3575 2498">
     <span class='ocr_line' id='line_1_49' title="bbox 328 2421 3575 2498; baseline 0.001 -21"><span class='ocrx_word' id='word_1_381' title='bbox 328 2423 414 2477; x_wconf 85' lang='lat' dir='ltr'><strong>uti</strong></span> <span class='ocrx_word' id='word_1_382' title='bbox 472 2421 644 2476; x_wconf 87' lang='lat' dir='ltr'><strong>malit.</strong></span> <span class='ocrx_word' id='word_1_383' title='bbox 677 2421 846 2476; x_wconf 85' lang='lat' dir='ltr'><strong>Porro</strong></span> <span class='ocrx_word' id='word_1_384' title='bbox 878 2422 1027 2476; x_wconf 90' lang='lat' dir='ltr'><strong>aliud</strong></span> <span class='ocrx_word' id='word_1_385' title='bbox 1059 2429 1112 2477; x_wconf 90' lang='lat' dir='ltr'><strong>et</strong></span> <span class='ocrx_word' id='word_1_386' title='bbox 1141 2421 1291 2476; x_wconf 87' lang='lat' dir='ltr'><strong>aliud</strong></span> <span class='ocrx_word' id='word_1_387' title='bbox 1317 2422 1461 2486; x_wconf 88' lang='lat' dir='ltr'><strong>dico.</strong></span> <span class='ocrx_word' id='word_1_388' title='bbox 1497 2430 1692 2479; x_wconf 88' lang='lat' dir='ltr'><strong>contra</strong></span> <span class='ocrx_word' id='word_1_389' title='bbox 1724 2439 1888 2494; x_wconf 87' lang='lat' dir='ltr'><strong>quam</strong></span> <span class='ocrx_word' id='word_1_390' title='bbox 1925 2424 1978 2478; x_wconf 89' lang='lat' dir='ltr'><strong>in</strong></span> <span class='ocrx_word' id='word_1_391' title='bbox 2008 2425 2275 2480; x_wconf 86' lang='lat' dir='ltr'><strong>&#39;l‘rinitate</strong></span> <span class='ocrx_word' id='word_1_392' title='bbox 2301 2441 2390 2481; x_wconf 89' lang='lat' dir='ltr'><strong>res</strong></span> <span class='ocrx_word' id='word_1_393' title='bbox 2425 2426 2605 2480; x_wconf 85' lang='lat' dir='ltr'><strong>habet.</strong></span> <span class='ocrx_word' id='word_1_394' title='bbox 2639 2426 2751 2481; x_wconf 74' lang='lat' dir='ltr'><strong>llfic</strong></span> <span class='ocrx_word' id='word_1_395' title='bbox 2782 2429 2928 2483; x_wconf 90' lang='lat' dir='ltr'><strong>enim</strong></span> <span class='ocrx_word' id='word_1_396' title='bbox 2990 2429 3133 2483; x_wconf 88' lang='lat' dir='ltr'><strong>alius</strong></span> <span class='ocrx_word' id='word_1_397' title='bbox 3189 2438 3350 2498; x_wconf 87' lang='lat' dir='ltr'><strong>atque</strong></span> <span class='ocrx_word' id='word_1_398' title='bbox 3413 2429 3575 2491; x_wconf 75' lang='lat' dir='ltr'><strong>alius,</strong></span> 
     </span>
    </p>
   </div>
   <div class='ocr_carea' id='block_1_50' title="bbox 326 2512 3575 2587">
    <p class='ocr_par' dir='ltr' id='par_1_50' title="bbox 326 2512 3575 2587">
     <span class='ocr_line' id='line_1_50' title="bbox 326 2512 3575 2587; baseline 0.002 -19"><span class='ocrx_word' id='word_1_399' title='bbox 326 2529 401 2568; x_wconf 87' lang='lat' dir='ltr'><strong>ne</strong></span> <span class='ocrx_word' id='word_1_400' title='bbox 425 2523 698 2584; x_wconf 62' lang='lat' dir='ltr'><strong>person-is</strong></span> <span class='ocrx_word' id='word_1_401' title='bbox 725 2512 1300 2568; x_wconf 85' lang='lat' dir='ltr'><strong>confundamus:non</strong></span> <span class='ocrx_word' id='word_1_402' title='bbox 1328 2521 1515 2569; x_wconf 73' lang='lat' dir='ltr'><strong>autem</strong></span> <span class='ocrx_word' id='word_1_403' title='bbox 1548 2513 1699 2569; x_wconf 82' lang='lat' dir='ltr'><strong>aliud</strong></span> <span class='ocrx_word' id='word_1_404' title='bbox 1764 2525 1926 2584; x_wconf 84' lang='lat' dir='ltr'><strong>atque</strong></span> <span class='ocrx_word' id='word_1_405' title='bbox 1961 2516 2133 2578; x_wconf 82' lang='lat' dir='ltr'><strong>aliud,</strong></span> <span class='ocrx_word' id='word_1_406' title='bbox 2211 2518 2469 2584; x_wconf 89' lang='lat' dir='ltr'><strong>quoniam</strong></span> <span class='ocrx_word' id='word_1_407' title='bbox 2520 2518 2623 2570; x_wconf 88' lang='lat' dir='ltr'><strong>tria</strong></span> <span class='ocrx_word' id='word_1_408' title='bbox 2678 2519 2856 2587; x_wconf 84' lang='lat' dir='ltr'><strong>quoad</strong></span> <span class='ocrx_word' id='word_1_409' title='bbox 2910 2520 3253 2574; x_wconf 80' lang='lat' dir='ltr'><strong>divinitatem</strong></span> <span class='ocrx_word' id='word_1_410' title='bbox 3302 2536 3468 2575; x_wconf 89' lang='lat' dir='ltr'><strong>unum</strong></span> <span class='ocrx_word' id='word_1_411' title='bbox 3516 2530 3575 2576; x_wconf 89' lang='lat' dir='ltr'><strong>et</strong></span> 
     </span>
    </p>
   </div>
   <div class='ocr_carea' id='block_1_51' title="bbox 326 2605 657 2661">
    <p class='ocr_par' dir='ltr' id='par_1_51' title="bbox 326 2605 657 2661">
     <span class='ocr_line' id='line_1_51' title="bbox 326 2605 657 2661; baseline -0.012 0"><span class='ocrx_word' id='word_1_412' title='bbox 326 2605 475 2661; x_wconf 81' lang='lat' dir='ltr'><strong>idem</strong></span> <span class='ocrx_word' id='word_1_413' title='bbox 510 2614 657 2660; x_wconf 88' lang='lat' dir='ltr'><strong>sunt.</strong></span> 
     </span>
    </p>
   </div>
   <div class='ocr_carea' id='block_1_52' title="bbox 405 2686 1912 2768">
    <p class='ocr_par' dir='ltr' id='par_1_52' title="bbox 405 2690 1912 2763">
     <span class='ocr_line' id='line_1_52' title="bbox 405 2690 1912 2763; baseline -0.008 -11"><span class='ocrx_word' id='word_1_414' title='bbox 405 2697 476 2750; x_wconf 74' lang='lat' dir='ltr'><strong>Et</strong></span> <span class='ocrx_word' id='word_1_415' title='bbox 494 2712 600 2759; x_wconf 86' lang='grc' dir='ltr'>τις,</span> <span class='ocrx_word' id='word_1_416' title='bbox 630 2694 706 2757; x_wconf 84' lang='grc' dir='ltr'>ὡς</span> <span class='ocrx_word' id='word_1_417' title='bbox 732 2696 793 2748; x_wconf 84' lang='grc' dir='ltr'>ὲν</span> <span class='ocrx_word' id='word_1_418' title='bbox 823 2693 1077 2763; x_wconf 75' lang='grc' dir='ltr'><strong>προφήτῃ</strong></span> <span class='ocrx_word' id='word_1_419' title='bbox 1095 2731 1111 2753; x_wconf 84' lang='grc'>,</span> <span class='ocrx_word' id='word_1_420' title='bbox 1140 2692 1289 2761; x_wconf 81' lang='grc' dir='ltr'>λέγοι</span> <span class='ocrx_word' id='word_1_421' title='bbox 1320 2690 1461 2745; x_wconf 81' lang='grc' dir='ltr'><strong>κατᾶ</strong></span> <span class='ocrx_word' id='word_1_422' title='bbox 1492 2690 1652 2762; x_wconf 81' lang='grc' dir='ltr'>χάριν</span> <span class='ocrx_word' id='word_1_423' title='bbox 1681 2692 1912 2763; x_wconf 74' lang='grc' dir='ltr'><strong>ἐνηργη-</strong></span> 
     </span>
    </p>
   </div>
   <div class='ocr_carea' id='block_1_53' title="bbox 2019 2686 3581 2768">
    <p class='ocr_par' dir='ltr' id='par_1_53' title="bbox 2082 2686 3581 2768">
     <span class='ocr_line' id='line_1_53' title="bbox 2082 2686 3581 2768; baseline 0.009 -27"><span class='ocrx_word' id='word_1_424' title='bbox 2082 2686 2138 2743; x_wconf 90' lang='lat' dir='ltr'><strong>Si</strong></span> <span class='ocrx_word' id='word_1_425' title='bbox 2166 2688 2289 2759; x_wconf 89' lang='lat' dir='ltr'><strong>quis</strong></span> <span class='ocrx_word' id='word_1_426' title='bbox 2314 2687 2657 2746; x_wconf 81' lang='lat' dir='ltr'><strong>divinitatem</strong></span> <span class='ocrx_word' id='word_1_427' title='bbox 2688 2691 2744 2747; x_wconf 87' lang='lat' dir='ltr'><strong>in</strong></span> <span class='ocrx_word' id='word_1_428' title='bbox 2774 2707 2863 2758; x_wconf 91' lang='lat' dir='ltr'><strong>eo,</strong></span> <span class='ocrx_word' id='word_1_429' title='bbox 2893 2693 3044 2749; x_wconf 85' lang='lat' dir='ltr'><strong>velut</strong></span> <span class='ocrx_word' id='word_1_430' title='bbox 3070 2710 3125 2749; x_wconf 87' lang='grc' dir='ltr'><strong>ιιι</strong></span> <span class='ocrx_word' id='word_1_431' title='bbox 3158 2697 3444 2768; x_wconf 81' lang='lat' dir='ltr'><strong>propheta,</strong></span> <span class='ocrx_word' id='word_1_432' title='bbox 3484 2713 3581 2768; x_wconf 85' lang='lat' dir='ltr'><strong>per</strong></span> 
     </span>
    </p>
   </div>
   <div class='ocr_carea' id='block_1_54' title="bbox 330 2779 1912 2854">
    <p class='ocr_par' dir='ltr' id='par_1_54' title="bbox 330 2781 1912 2854">
     <span class='ocr_line' id='line_1_54' title="bbox 330 2781 1912 2854; baseline -0.003 -12"><span class='ocrx_word' id='word_1_433' title='bbox 330 2787 519 2851; x_wconf 81' lang='grc' dir='ltr'>κέναι,</span> <span class='ocrx_word' id='word_1_434' title='bbox 562 2784 701 2840; x_wconf 83' lang='grc' dir='ltr'>ἀλλὰ</span> <span class='ocrx_word' id='word_1_435' title='bbox 760 2782 835 2854; x_wconf 79' lang='grc' dir='ltr'><strong>μὴ</strong></span> <span class='ocrx_word' id='word_1_436' title='bbox 865 2784 986 2838; x_wconf 79' lang='grc' dir='ltr'>κατ’</span> <span class='ocrx_word' id='word_1_437' title='bbox 1029 2782 1215 2837; x_wconf 73' lang='grc' dir='ltr'>οὐσίαν</span> <span class='ocrx_word' id='word_1_438' title='bbox 1254 2781 1526 2851; x_wconf 79' lang='grc' dir='ltr'>συνῆφθαί</span> <span class='ocrx_word' id='word_1_439' title='bbox 1562 2798 1627 2845; x_wconf 36' lang='grc' dir='ltr'>τε,</span> <span class='ocrx_word' id='word_1_440' title='bbox 1655 2783 1750 2834; x_wconf 76' lang='grc' dir='ltr'><strong>καὶ</strong></span> <span class='ocrx_word' id='word_1_441' title='bbox 1789 2800 1912 2837; x_wconf 88' lang='grc' dir='ltr'>συν-</span> 
     </span>
    </p>
   </div>
   <div class='ocr_carea' id='block_1_55' title="bbox 2019 2779 3577 2854">
    <p class='ocr_par' dir='ltr' id='par_1_55' title="bbox 2019 2779 3577 2851">
     <span class='ocr_line' id='line_1_55' title="bbox 2019 2779 3577 2851; baseline 0.006 -19"><span class='ocrx_word' id='word_1_442' title='bbox 2019 2779 2241 2850; x_wconf 70' lang='lat' dir='ltr'><strong>gratiam</strong></span> <span class='ocrx_word' id='word_1_443' title='bbox 2297 2786 2575 2851; x_wconf 88' lang='lat' dir='ltr'><strong>operatam</strong></span> <span class='ocrx_word' id='word_1_444' title='bbox 2624 2781 2816 2848; x_wconf 88' lang='lat' dir='ltr'><strong>fuisse,</strong></span> <span class='ocrx_word' id='word_1_445' title='bbox 2867 2798 2978 2839; x_wconf 88' lang='lat' dir='ltr'><strong>non</strong></span> <span class='ocrx_word' id='word_1_446' title='bbox 3036 2794 3217 2841; x_wconf 87' lang='lat' dir='ltr'><strong>autem</strong></span> <span class='ocrx_word' id='word_1_447' title='bbox 3275 2787 3577 2843; x_wconf 87' lang='lat' dir='ltr'><strong>secundum</strong></span> 
     </span>
    </p>
   </div>
   <div class='ocr_carea' id='block_1_56' title="bbox 328 2872 1912 2947">
    <p class='ocr_par' dir='ltr' id='par_1_56' title="bbox 328 2873 1912 2945">
     <span class='ocr_line' id='line_1_56' title="bbox 328 2873 1912 2945; baseline -0.004 -13"><span class='ocrx_word' id='word_1_448' title='bbox 328 2876 619 2942; x_wconf 82' lang='grc' dir='ltr'>άπτεσθαι,</span> <span class='ocrx_word' id='word_1_449' title='bbox 650 2873 736 2945; x_wconf 73' lang='grc' dir='ltr'><strong>εἴη</strong></span> <span class='ocrx_word' id='word_1_450' title='bbox 764 2874 915 2938; x_wconf 76' lang='grc' dir='ltr'>κενὸς</span> <span class='ocrx_word' id='word_1_451' title='bbox 940 2874 1039 2945; x_wconf 85' lang='grc' dir='ltr'>τῆς</span> <span class='ocrx_word' id='word_1_452' title='bbox 1066 2873 1371 2945; x_wconf 88' lang='grc' dir='ltr'>κρείττονος</span> <span class='ocrx_word' id='word_1_453' title='bbox 1390 2873 1685 2944; x_wconf 75' lang='grc' dir='ltr'><strong>ἐνεργείας,</strong></span> <span class='ocrx_word' id='word_1_454' title='bbox 1718 2874 1912 2943; x_wconf 79' lang='grc' dir='ltr'>μᾶλλον</span> 
     </span>
    </p>
   </div>
   <div class='ocr_carea' id='block_1_57' title="bbox 2019 2872 3576 2947">
    <p class='ocr_par' dir='ltr' id='par_1_57' title="bbox 2019 2872 3576 2947">
     <span class='ocr_line' id='line_1_57' title="bbox 2019 2872 3576 2947; baseline 0.004 -20"><span class='ocrx_word' id='word_1_455' title='bbox 2019 2872 2301 2927; x_wconf 77' lang='lat' dir='ltr'><strong>essentiam</strong></span> <span class='ocrx_word' id='word_1_456' title='bbox 2331 2873 2634 2943; x_wconf 85' lang='lat' dir='ltr'><strong>copulatam</strong></span> <span class='ocrx_word' id='word_1_457' title='bbox 2668 2873 2838 2931; x_wconf 91' lang='lat' dir='ltr'><strong>fuisse</strong></span> <span class='ocrx_word' id='word_1_458' title='bbox 2874 2884 3038 2947; x_wconf 89' lang='lat' dir='ltr'><strong>atque</strong></span> <span class='ocrx_word' id='word_1_459' title='bbox 3069 2877 3311 2947; x_wconf 88' lang='lat' dir='ltr'><strong>copulari</strong></span> <span class='ocrx_word' id='word_1_460' title='bbox 3360 2878 3576 2942; x_wconf 77' lang='lat' dir='ltr'><strong>dixerit.</strong></span> 
     </span>
    </p>
   </div>
   <div class='ocr_carea' id='block_1_58' title="bbox 325 2962 1912 3039">
    <p class='ocr_par' dir='ltr' id='par_1_58' title="bbox 325 2962 1912 3039">
     <span class='ocr_line' id='line_1_58' title="bbox 325 2962 1912 3039; baseline -0.004 -16"><span class='ocrx_word' id='word_1_461' title='bbox 325 2970 389 3023; x_wconf 70' lang='lat' dir='ltr'><strong>sa</strong></span> <span class='ocrx_word' id='word_1_462' title='bbox 436 2968 650 3039; x_wconf 81' lang='grc' dir='ltr'><strong>πλήρης</strong></span> <span class='ocrx_word' id='word_1_463' title='bbox 697 2966 795 3035; x_wconf 82' lang='grc' dir='ltr'>τῆς</span> <span class='ocrx_word' id='word_1_464' title='bbox 836 2965 1103 3028; x_wconf 72' lang='grc' dir='ltr'>ἐναντίας.</span> <span class='ocrx_word' id='word_1_465' title='bbox 1153 2965 1221 3029; x_wconf 71' lang='grc' dir='ltr'>Εἴ</span> <span class='ocrx_word' id='word_1_466' title='bbox 1249 2981 1332 3028; x_wconf 88' lang='grc' dir='ltr'>τις</span> <span class='ocrx_word' id='word_1_467' title='bbox 1370 2963 1446 3034; x_wconf 79' lang='grc' dir='ltr'><strong>μὴ</strong></span> <span class='ocrx_word' id='word_1_468' title='bbox 1492 2965 1783 3036; x_wconf 79' lang='grc' dir='ltr'><strong>προσκυνεῖ</strong></span> <span class='ocrx_word' id='word_1_469' title='bbox 1824 2962 1912 3017; x_wconf 80' lang='grc' dir='ltr'><strong>τὸν</strong></span> 
     </span>
    </p>
   </div>
   <div class='ocr_carea' id='block_1_59' title="bbox 2019 2962 3579 3039">
    <p class='ocr_par' dir='ltr' id='par_1_59' title="bbox 2019 2963 3579 3030">
     <span class='ocr_line' id='line_1_59' title="bbox 2019 2963 3579 3030; baseline 0.006 -15"><span class='ocrx_word' id='word_1_470' title='bbox 2019 2976 2042 3015; x_wconf 78' lang='lat' dir='ltr'><strong>s</strong></span> <span class='ocrx_word' id='word_1_471' title='bbox 2079 2964 2444 3030; x_wconf 63' lang='lat' dir='ltr'><strong>prastantiori</strong></span> <span class='ocrx_word' id='word_1_472' title='bbox 2509 2963 2697 3021; x_wconf 78' lang='lat' dir='ltr'><strong>afﬂatu</strong></span> <span class='ocrx_word' id='word_1_473' title='bbox 2738 2982 2948 3022; x_wconf 83' lang='lat' dir='ltr'><strong>vacuus</strong></span> <span class='ocrx_word' id='word_1_474' title='bbox 2992 2968 3082 3030; x_wconf 85' lang='lat' dir='ltr'><strong>sit.</strong></span> <span class='ocrx_word' id='word_1_475' title='bbox 3143 2970 3254 3024; x_wconf 90' lang='lat' dir='ltr'><strong>imo</strong></span> <span class='ocrx_word' id='word_1_476' title='bbox 3299 2970 3579 3025; x_wconf 87' lang='lat' dir='ltr'><strong>contrario</strong></span> 
     </span>
    </p>
   </div>
   <div class='ocr_carea' id='block_1_60' title="bbox 335 3044 1912 3129">
    <p class='ocr_par' dir='ltr' id='par_1_60' title="bbox 335 3044 1912 3129">
     <span class='ocr_line' id='line_1_60' title="bbox 335 3044 1912 3129; baseline -0.003 -16"><span class='ocrx_word' id='word_1_477' title='bbox 335 3044 768 3129; x_wconf 59' lang='lat' dir='ltr'><strong>Emaupwpswv,</strong></span> <span class='ocrx_word' id='word_1_478' title='bbox 821 3054 1069 3125; x_wconf 76' lang='grc' dir='ltr'>ἀνάθεμα</span> <span class='ocrx_word' id='word_1_479' title='bbox 1114 3053 1278 3117; x_wconf 72' lang='grc' dir='ltr'>ἔστω,</span> <span class='ocrx_word' id='word_1_480' title='bbox 1337 3055 1431 3107; x_wconf 83' lang='grc' dir='ltr'><strong>καὶ</strong></span> <span class='ocrx_word' id='word_1_481' title='bbox 1478 3053 1722 3124; x_wconf 77' lang='grc' dir='ltr'><strong>τετάχθω</strong></span> <span class='ocrx_word' id='word_1_482' title='bbox 1778 3054 1912 3125; x_wconf 84' lang='grc' dir='ltr'><strong>μετά</strong></span> 
     </span>
    </p>
   </div>
   <div class='ocr_carea' id='block_1_61' title="bbox 2019 3044 3576 3129">
    <p class='ocr_par' dir='ltr' id='par_1_61' title="bbox 2019 3049 3576 3122">
     <span class='ocr_line' id='line_1_61' title="bbox 2019 3049 3576 3122; baseline 0.003 -16"><span class='ocrx_word' id='word_1_483' title='bbox 2019 3049 2319 3121; x_wconf 76' lang='lat' dir='ltr'><strong>impleatur.</strong></span> <span class='ocrx_word' id='word_1_484' title='bbox 2346 3051 2404 3107; x_wconf 88' lang='lat' dir='ltr'><strong>Si</strong></span> <span class='ocrx_word' id='word_1_485' title='bbox 2427 3053 2552 3122; x_wconf 89' lang='lat' dir='ltr'><strong>quis</strong></span> <span class='ocrx_word' id='word_1_486' title='bbox 2574 3053 2898 3109; x_wconf 81' lang='lat' dir='ltr'><strong>cruciﬁxum</strong></span> <span class='ocrx_word' id='word_1_487' title='bbox 2922 3070 3029 3108; x_wconf 90' lang='lat' dir='ltr'><strong>non</strong></span> <span class='ocrx_word' id='word_1_488' title='bbox 3053 3054 3264 3119; x_wconf 85' lang='lat' dir='ltr'><strong>adorat,</strong></span> <span class='ocrx_word' id='word_1_489' title='bbox 3286 3056 3576 3114; x_wconf 88' lang='lat' dir='ltr'><strong>anathema</strong></span> 
     </span>
    </p>
   </div>
   <div class='ocr_carea' id='block_1_62' title="bbox 336 3135 1912 3216">
    <p class='ocr_par' dir='ltr' id='par_1_62' title="bbox 336 3145 1912 3216">
     <span class='ocr_line' id='line_1_62' title="bbox 336 3145 1912 3216; baseline -0.002 -13"><span class='ocrx_word' id='word_1_490' title='bbox 336 3149 450 3203; x_wconf 84' lang='grc' dir='ltr'>τῶν</span> <span class='ocrx_word' id='word_1_491' title='bbox 480 3147 797 3202; x_wconf 84' lang='grc' dir='ltr'>θεοκτόνων.</span> <span class='ocrx_word' id='word_1_492' title='bbox 971 3146 1040 3201; x_wconf 73' lang='lat' dir='ltr'><strong>Et</strong></span> <span class='ocrx_word' id='word_1_493' title='bbox 1064 3163 1147 3208; x_wconf 90' lang='grc' dir='ltr'><strong>τις</strong></span> <span class='ocrx_word' id='word_1_494' title='bbox 1178 3146 1239 3210; x_wconf 73' lang='grc' dir='ltr'><strong>ἐξ</strong></span> <span class='ocrx_word' id='word_1_495' title='bbox 1265 3145 1442 3214; x_wconf 70' lang='grc' dir='ltr'>ἔργων</span> <span class='ocrx_word' id='word_1_496' title='bbox 1473 3146 1912 3216; x_wconf 74' lang='grc' dir='ltr'><strong>τετελειωμένον,</strong></span> 
     </span>
    </p>
   </div>
   <div class='ocr_carea' id='block_1_63' title="bbox 2019 3135 3580 3216">
    <p class='ocr_par' dir='ltr' id='par_1_63' title="bbox 2019 3141 3580 3214">
     <span class='ocr_line' id='line_1_63' title="bbox 2019 3141 3580 3214; baseline 0.003 -17"><span class='ocrx_word' id='word_1_497' title='bbox 2019 3141 2106 3206; x_wconf 77' lang='lat' dir='ltr'><strong>sit,</strong></span> <span class='ocrx_word' id='word_1_498' title='bbox 2148 3146 2314 3211; x_wconf 78' lang='lat' dir='ltr'><strong>atque</strong></span> <span class='ocrx_word' id='word_1_499' title='bbox 2367 3142 2421 3197; x_wconf 92' lang='lat' dir='ltr'><strong>in</strong></span> <span class='ocrx_word' id='word_1_500' title='bbox 2464 3158 2653 3198; x_wconf 89' lang='lat' dir='ltr'><strong>eorum</strong></span> <span class='ocrx_word' id='word_1_501' title='bbox 2689 3143 2782 3214; x_wconf 90' lang='lat' dir='ltr'><strong>qui</strong></span> <span class='ocrx_word' id='word_1_502' title='bbox 2818 3143 2987 3200; x_wconf 90' lang='lat' dir='ltr'><strong>Deum</strong></span> <span class='ocrx_word' id='word_1_503' title='bbox 3036 3145 3433 3202; x_wconf 85' lang='lat' dir='ltr'><strong>interemerunt</strong></span> <span class='ocrx_word' id='word_1_504' title='bbox 3477 3162 3580 3201; x_wconf 85' lang='lat' dir='ltr'><strong>nu-</strong></span> 
     </span>
    </p>
   </div>
   <div class='ocr_carea' id='block_1_64' title="bbox 338 3233 1912 3309">
    <p class='ocr_par' dir='ltr' id='par_1_64' title="bbox 338 3236 1912 3309">
     <span class='ocr_line' id='line_1_64' title="bbox 338 3236 1912 3309; baseline -0.002 -17"><span class='ocrx_word' id='word_1_505' title='bbox 338 3240 374 3309; x_wconf 74' lang='grc' dir='ltr'>ἤ</span> <span class='ocrx_word' id='word_1_506' title='bbox 408 3237 548 3309; x_wconf 75' lang='grc' dir='ltr'>μετὰ</span> <span class='ocrx_word' id='word_1_507' title='bbox 582 3238 646 3291; x_wconf 79' lang='grc' dir='ltr'>τὸ</span> <span class='ocrx_word' id='word_1_508' title='bbox 668 3237 967 3307; x_wconf 80' lang='grc' dir='ltr'><strong>βάπτισμα,</strong></span> <span class='ocrx_word' id='word_1_509' title='bbox 994 3236 1028 3306; x_wconf 79' lang='grc' dir='ltr'><strong>ἢ</strong></span> <span class='ocrx_word' id='word_1_510' title='bbox 1061 3236 1200 3306; x_wconf 81' lang='grc' dir='ltr'>μετά</span> <span class='ocrx_word' id='word_1_511' title='bbox 1226 3236 1325 3306; x_wconf 82' lang='grc' dir='ltr'><strong>τὴν</strong></span> <span class='ocrx_word' id='word_1_512' title='bbox 1357 3237 1420 3289; x_wconf 81' lang='grc' dir='ltr'>ὲκ</span> <span class='ocrx_word' id='word_1_513' title='bbox 1447 3237 1657 3307; x_wconf 82' lang='grc' dir='ltr'>νεκρῶν</span> <span class='ocrx_word' id='word_1_514' title='bbox 1682 3236 1912 3289; x_wconf 82' lang='grc' dir='ltr'>ἀνάστα-</span> 
     </span>
    </p>
   </div>
   <div class='ocr_carea' id='block_1_65' title="bbox 2019 3233 3581 3309">
    <p class='ocr_par' dir='ltr' id='par_1_65' title="bbox 2019 3233 3581 3308">
     <span class='ocr_line' id='line_1_65' title="bbox 2019 3233 3581 3308; baseline 0.004 -21"><span class='ocrx_word' id='word_1_515' title='bbox 2019 3248 2217 3287; x_wconf 87' lang='lat' dir='ltr'><strong>merum</strong></span> <span class='ocrx_word' id='word_1_516' title='bbox 2244 3233 2574 3289; x_wconf 78' lang='lat' dir='ltr'><strong>aseribatur.</strong></span> <span class='ocrx_word' id='word_1_517' title='bbox 2605 3233 2661 3288; x_wconf 91' lang='lat' dir='ltr'><strong>Si</strong></span> <span class='ocrx_word' id='word_1_518' title='bbox 2685 3235 2810 3305; x_wconf 90' lang='lat' dir='ltr'><strong>quis</strong></span> <span class='ocrx_word' id='word_1_519' title='bbox 2835 3251 2957 3290; x_wconf 90' lang='lat' dir='ltr'><strong>eum</strong></span> <span class='ocrx_word' id='word_1_520' title='bbox 3000 3252 3066 3291; x_wconf 79' lang='lat' dir='ltr'><strong>ex</strong></span> <span class='ocrx_word' id='word_1_521' title='bbox 3091 3237 3350 3308; x_wconf 82' lang='lat' dir='ltr'><strong>operibus</strong></span> <span class='ocrx_word' id='word_1_522' title='bbox 3406 3237 3581 3307; x_wconf 82' lang='lat' dir='ltr'><strong>perfe-</strong></span> 
     </span>
    </p>
   </div>
   <div class='ocr_carea' id='block_1_66' title="bbox 285 3324 1912 3399">
    <p class='ocr_par' dir='ltr' id='par_1_66' title="bbox 285 3327 1912 3399">
     <span class='ocr_line' id='line_1_66' title="bbox 285 3327 1912 3399; baseline -0.004 -13"><span class='ocrx_word' id='word_1_523' title='bbox 285 3382 292 3386; x_wconf 94' lang='lat'><strong>.</strong></span> <span class='ocrx_word' id='word_1_524' title='bbox 341 3347 430 3384; x_wconf 86' lang='grc' dir='ltr'><strong>σιν</strong></span> <span class='ocrx_word' id='word_1_525' title='bbox 460 3330 731 3393; x_wconf 74' lang='grc' dir='ltr'><strong>υἱοθεσίας</strong></span> <span class='ocrx_word' id='word_1_526' title='bbox 760 3328 1022 3399; x_wconf 70' lang='grc' dir='ltr'><strong>ἠξιῶσθαι</strong></span> <span class='ocrx_word' id='word_1_527' title='bbox 1048 3328 1217 3396; x_wconf 81' lang='grc' dir='ltr'>λέγοι,</span> <span class='ocrx_word' id='word_1_528' title='bbox 1254 3327 1624 3398; x_wconf 50' lang='grc' dir='ltr'>ηθάπεκοῦς</span> <span class='ocrx_word' id='word_1_529' title='bbox 1656 3329 1912 3398; x_wconf 80' lang='grc' dir='ltr'>Ἕλληνες</span> 
     </span>
    </p>
   </div>
   <div class='ocr_carea' id='block_1_67' title="bbox 2019 3324 3580 3399">
    <p class='ocr_par' dir='ltr' id='par_1_67' title="bbox 2019 3324 3580 3396">
     <span class='ocr_line' id='line_1_67' title="bbox 2019 3324 3580 3396; baseline 0.003 -15"><span class='ocrx_word' id='word_1_530' title='bbox 2019 3332 2158 3381; x_wconf 80' lang='lat' dir='ltr'><strong>ctum</strong></span> <span class='ocrx_word' id='word_1_531' title='bbox 2177 3324 2367 3387; x_wconf 88' lang='lat' dir='ltr'><strong>fuisse,</strong></span> <span class='ocrx_word' id='word_1_532' title='bbox 2386 3333 2482 3379; x_wconf 89' lang='lat' dir='ltr'><strong>aut</strong></span> <span class='ocrx_word' id='word_1_533' title='bbox 2503 3333 2627 3396; x_wconf 89' lang='lat' dir='ltr'><strong>post</strong></span> <span class='ocrx_word' id='word_1_534' title='bbox 2647 3326 3001 3396; x_wconf 88' lang='lat' dir='ltr'><strong>baptismum,</strong></span> <span class='ocrx_word' id='word_1_535' title='bbox 3017 3329 3100 3383; x_wconf 87' lang='lat' dir='ltr'><strong>vel</strong></span> <span class='ocrx_word' id='word_1_536' title='bbox 3124 3330 3580 3385; x_wconf 86' lang='lat' dir='ltr'><strong>resurrectionem</strong></span> 
     </span>
    </p>
   </div>
   <div class='ocr_carea' id='block_1_68' title="bbox 336 3419 1204 3492">
    <p class='ocr_par' dir='ltr' id='par_1_68' title="bbox 336 3419 1204 3492">
     <span class='ocr_line' id='line_1_68' title="bbox 336 3419 1204 3492; baseline -0.001 -18"><span class='ocrx_word' id='word_1_537' title='bbox 336 3420 800 3492; x_wconf 81' lang='grc' dir='ltr'>παρεγγράπτους</span> <span class='ocrx_word' id='word_1_538' title='bbox 833 3419 1143 3488; x_wconf 75' lang='grc' dir='ltr'><strong>εἰσάγωσιν</strong></span> <span class='ocrx_word' id='word_1_539' title='bbox 1186 3455 1204 3481; x_wconf 89' lang='grc'><strong>,</strong></span> 
     </span>
    </p>
   </div>
   <div class='ocr_carea' id='block_1_69' title="bbox 332 3504 1919 3579">
    <p class='ocr_par' dir='ltr' id='par_1_69' title="bbox 332 3504 1919 3579">
     <span class='ocr_line' id='line_1_69' title="bbox 332 3504 1919 3579; baseline -0.001 -20"><span class='ocrx_word' id='word_1_540' title='bbox 332 3505 450 3577; x_wconf 70' lang='grc' dir='ltr'>γὰρ</span> <span class='ocrx_word' id='word_1_541' title='bbox 503 3506 803 3577; x_wconf 72' lang='grc' dir='ltr'>ἠργμένον,</span> <span class='ocrx_word' id='word_1_542' title='bbox 847 3507 882 3579; x_wconf 73' lang='grc' dir='ltr'><strong>ἢ</strong></span> <span class='ocrx_word' id='word_1_543' title='bbox 938 3505 1274 3579; x_wconf 86' lang='grc' dir='ltr'>προκόπτον,</span> <span class='ocrx_word' id='word_1_544' title='bbox 1328 3504 1363 3577; x_wconf 76' lang='grc' dir='ltr'>ἢ</span> <span class='ocrx_word' id='word_1_545' title='bbox 1414 3507 1816 3575; x_wconf 75' lang='grc' dir='ltr'>τιλειούμινον,</span> <span class='ocrx_word' id='word_1_546' title='bbox 1858 3506 1919 3558; x_wconf 74' lang='grc' dir='ltr'><strong>οὐ</strong></span> 
     </span>
    </p>
   </div>
   <div class='ocr_carea' id='block_1_70' title="bbox 330 3596 1924 3672">
    <p class='ocr_par' dir='ltr' id='par_1_70' title="bbox 330 3596 1924 3672">
     <span class='ocr_line' id='line_1_70' title="bbox 330 3596 1924 3672; baseline -0.003 -19"><span class='ocrx_word' id='word_1_547' title='bbox 330 3599 498 3665; x_wconf 72' lang='grc' dir='ltr'>Θεὸς,</span> <span class='ocrx_word' id='word_1_548' title='bbox 551 3599 656 3654; x_wconf 78' lang='grc' dir='ltr'>κᾶν</span> <span class='ocrx_word' id='word_1_549' title='bbox 710 3601 800 3655; x_wconf 81' lang='grc' dir='ltr'>διὰ</span> <span class='ocrx_word' id='word_1_550' title='bbox 852 3601 954 3672; x_wconf 80' lang='grc' dir='ltr'><strong>τὴν</strong></span> <span class='ocrx_word' id='word_1_551' title='bbox 1005 3600 1149 3654; x_wconf 86' lang='grc' dir='ltr'><strong>κατά</strong></span> <span class='ocrx_word' id='word_1_552' title='bbox 1202 3598 1404 3671; x_wconf 80' lang='grc' dir='ltr'>μικρὸν</span> <span class='ocrx_word' id='word_1_553' title='bbox 1455 3598 1727 3662; x_wconf 80' lang='grc' dir='ltr'>ἀνάδειξιν</span> <span class='ocrx_word' id='word_1_554' title='bbox 1782 3596 1924 3649; x_wconf 80' lang='grc' dir='ltr'>οὓτω</span> 
     </span>
    </p>
   </div>
   <div class='ocr_carea' id='block_1_71' title="bbox 2011 3504 3583 3577">
    <p class='ocr_par' dir='ltr' id='par_1_71' title="bbox 2011 3504 3583 3577">
     <span class='ocr_line' id='line_1_71' title="bbox 2011 3504 3583 3577; baseline -0.004 -13"><span class='ocrx_word' id='word_1_555' title='bbox 2011 3509 2232 3564; x_wconf 88' lang='lat' dir='ltr'><strong>modum</strong></span> <span class='ocrx_word' id='word_1_556' title='bbox 2265 3523 2402 3577; x_wconf 90' lang='lat' dir='ltr'><strong>quos</strong></span> <span class='ocrx_word' id='word_1_557' title='bbox 2423 3507 2597 3562; x_wconf 67' lang='lat' dir='ltr'><strong>Graeci</strong></span> <span class='ocrx_word' id='word_1_558' title='bbox 2620 3506 2963 3575; x_wconf 89' lang='lat' dir='ltr'><strong>aseriptitios</strong></span> <span class='ocrx_word' id='word_1_559' title='bbox 2984 3505 3275 3568; x_wconf 81' lang='lat' dir='ltr'><strong>inducunt,</strong></span> <span class='ocrx_word' id='word_1_560' title='bbox 3294 3504 3583 3559; x_wconf 77' lang='lat' dir='ltr'><strong>anathema</strong></span> 
     </span>
    </p>
   </div>
   <div class='ocr_carea' id='block_1_72' title="bbox 2011 3595 3584 3667">
    <p class='ocr_par' dir='ltr' id='par_1_72' title="bbox 2011 3595 3584 3667">
     <span class='ocr_line' id='line_1_72' title="bbox 2011 3595 3584 3667; baseline -0.005 -13"><span class='ocrx_word' id='word_1_561' title='bbox 2011 3600 2105 3654; x_wconf 86' lang='lat' dir='ltr'><strong>sit.</strong></span> <span class='ocrx_word' id='word_1_562' title='bbox 2136 3597 2325 3667; x_wconf 84' lang='lat' dir='ltr'><strong>Neque</strong></span> <span class='ocrx_word' id='word_1_563' title='bbox 2355 3600 2501 3651; x_wconf 90' lang='lat' dir='ltr'><strong>enim</strong></span> <span class='ocrx_word' id='word_1_564' title='bbox 2532 3597 2610 3658; x_wconf 88' lang='lat' dir='ltr'><strong>id,</strong></span> <span class='ocrx_word' id='word_1_565' title='bbox 2634 3596 2781 3665; x_wconf 91' lang='lat' dir='ltr'><strong>quod</strong></span> <span class='ocrx_word' id='word_1_566' title='bbox 2822 3595 3039 3648; x_wconf 87' lang='lat' dir='ltr'><strong>initium</strong></span> <span class='ocrx_word' id='word_1_567' title='bbox 3078 3595 3291 3656; x_wconf 87' lang='lat' dir='ltr'><strong>habuit,</strong></span> <span class='ocrx_word' id='word_1_568' title='bbox 3335 3601 3430 3645; x_wconf 90' lang='lat' dir='ltr'><strong>aut</strong></span> <span class='ocrx_word' id='word_1_569' title='bbox 3459 3608 3584 3661; x_wconf 85' lang='lat' dir='ltr'><strong>pro-</strong></span> 
     </span>
    </p>
   </div>
   <div class='ocr_carea' id='block_1_73' title="bbox 1355 3417 1912 3491">
    <p class='ocr_par' dir='ltr' id='par_1_73' title="bbox 1355 3419 1912 3491">
     <span class='ocr_line' id='line_1_73' title="bbox 1355 3419 1912 3491; baseline 0.002 -18"><span class='ocrx_word' id='word_1_570' title='bbox 1355 3420 1605 3491; x_wconf 84' lang='grc' dir='ltr'>ἀνάθεμα</span> <span class='ocrx_word' id='word_1_571' title='bbox 1646 3419 1802 3475; x_wconf 73' lang='grc' dir='ltr'>ἔστω.</span> <span class='ocrx_word' id='word_1_572' title='bbox 1840 3420 1912 3474; x_wconf 75' lang='grc' dir='ltr'><strong>Τὸ</strong></span> 
     </span>
    </p>
   </div>
   <div class='ocr_carea' id='block_1_74' title="bbox 2019 3417 3695 3491">
    <p class='ocr_par' dir='ltr' id='par_1_74' title="bbox 2019 3417 3695 3491">
     <span class='ocr_line' id='line_1_74' title="bbox 2019 3417 3695 3491; baseline 0.004 -21"><span class='ocrx_word' id='word_1_573' title='bbox 2019 3431 2040 3470; x_wconf 76' lang='lat' dir='ltr'><strong>a</strong></span> <span class='ocrx_word' id='word_1_574' title='bbox 2067 3417 2322 3473; x_wconf 87' lang='lat' dir='ltr'><strong>mortuis.</strong></span> <span class='ocrx_word' id='word_1_575' title='bbox 2367 3419 2423 3471; x_wconf 92' lang='lat' dir='ltr'><strong>in</strong></span> <span class='ocrx_word' id='word_1_576' title='bbox 2474 3417 2644 3471; x_wconf 88' lang='lat' dir='ltr'><strong>ﬁlium</strong></span> <span class='ocrx_word' id='word_1_577' title='bbox 2677 3418 2995 3486; x_wconf 87' lang='lat' dir='ltr'><strong>adoptatum</strong></span> <span class='ocrx_word' id='word_1_578' title='bbox 3043 3419 3281 3477; x_wconf 84' lang='lat' dir='ltr'><strong>dixerit.</strong></span> <span class='ocrx_word' id='word_1_579' title='bbox 3318 3422 3583 3491; x_wconf 84' lang='lat' dir='ltr'><strong>quemad—</strong></span> <span class='ocrx_word' id='word_1_580' title='bbox 3688 3482 3695 3488; x_wconf 57' lang='grc'>,</span> 
     </span>
    </p>
   </div>
   <div class='ocr_carea' id='block_1_75' title="bbox 334 3689 1924 3763">
    <p class='ocr_par' dir='ltr' id='par_1_75' title="bbox 334 3689 1924 3763">
     <span class='ocr_line' id='line_1_75' title="bbox 334 3689 1924 3763; baseline -0.002 -20"><span class='ocrx_word' id='word_1_581' title='bbox 334 3691 589 3763; x_wconf 77' lang='grc' dir='ltr'>λέγηται.</span> <span class='ocrx_word' id='word_1_582' title='bbox 623 3693 689 3746; x_wconf 75' lang='lat' dir='ltr'><strong>El</strong></span> <span class='ocrx_word' id='word_1_583' title='bbox 714 3709 800 3755; x_wconf 89' lang='grc' dir='ltr'><strong>τις</strong></span> <span class='ocrx_word' id='word_1_584' title='bbox 831 3690 1219 3746; x_wconf 77' lang='grc' dir='ltr'>ἀποτεθεῖσθαι</span> <span class='ocrx_word' id='word_1_585' title='bbox 1262 3689 1363 3744; x_wconf 88' lang='grc' dir='ltr'>νῦν</span> <span class='ocrx_word' id='word_1_586' title='bbox 1392 3689 1495 3761; x_wconf 74' lang='grc' dir='ltr'><strong>τὴν</strong></span> <span class='ocrx_word' id='word_1_587' title='bbox 1541 3689 1707 3756; x_wconf 84' lang='grc' dir='ltr'>ἀγίαν</span> <span class='ocrx_word' id='word_1_588' title='bbox 1742 3689 1924 3757; x_wconf 74' lang='grc' dir='ltr'>σάρκα</span> 
     </span>
    </p>
   </div>
   <div class='ocr_carea' id='block_1_76' title="bbox 336 3779 1922 3855">
    <p class='ocr_par' dir='ltr' id='par_1_76' title="bbox 336 3779 1922 3855">
     <span class='ocr_line' id='line_1_76' title="bbox 336 3779 1922 3855; baseline -0.004 -18"><span class='ocrx_word' id='word_1_589' title='bbox 336 3783 510 3853; x_wconf 81' lang='grc' dir='ltr'><strong>λέγοι,</strong></span> <span class='ocrx_word' id='word_1_590' title='bbox 548 3784 641 3837; x_wconf 80' lang='grc' dir='ltr'>καὶ</span> <span class='ocrx_word' id='word_1_591' title='bbox 672 3784 889 3855; x_wconf 78' lang='grc' dir='ltr'>γυμνὴν</span> <span class='ocrx_word' id='word_1_592' title='bbox 914 3779 1052 3837; x_wconf 73' lang='grc' dir='ltr'>εἶναι</span> <span class='ocrx_word' id='word_1_593' title='bbox 1087 3784 1188 3852; x_wconf 83' lang='grc' dir='ltr'><strong>τὴν</strong></span> <span class='ocrx_word' id='word_1_594' title='bbox 1236 3782 1469 3852; x_wconf 73' lang='grc' dir='ltr'>θεότητα</span> <span class='ocrx_word' id='word_1_595' title='bbox 1497 3780 1597 3835; x_wconf 84' lang='grc' dir='ltr'><strong>τοῦ</strong></span> <span class='ocrx_word' id='word_1_596' title='bbox 1643 3779 1922 3850; x_wconf 76' lang='grc' dir='ltr'>σώματος,</span> 
     </span>
    </p>
   </div>
   <div class='ocr_carea' id='block_1_77' title="bbox 337 3870 1924 3947">
    <p class='ocr_par' dir='ltr' id='par_1_77' title="bbox 337 3870 1924 3947">
     <span class='ocr_line' id='line_1_77' title="bbox 337 3870 1924 3947; baseline -0.004 -16"><span class='ocrx_word' id='word_1_597' title='bbox 337 3877 480 3931; x_wconf 77' lang='grc' dir='ltr'><strong>ἀλλὰ</strong></span> <span class='ocrx_word' id='word_1_598' title='bbox 528 3876 606 3947; x_wconf 76' lang='grc' dir='ltr'><strong>μὴ</strong></span> <span class='ocrx_word' id='word_1_599' title='bbox 656 3878 796 3947; x_wconf 82' lang='grc' dir='ltr'><strong>μετά</strong></span> <span class='ocrx_word' id='word_1_600' title='bbox 849 3877 945 3930; x_wconf 88' lang='grc' dir='ltr'><strong>τοῦ</strong></span> <span class='ocrx_word' id='word_1_601' title='bbox 989 3876 1424 3947; x_wconf 84' lang='grc' dir='ltr'>προσλήμματος</span> <span class='ocrx_word' id='word_1_602' title='bbox 1478 3872 1576 3928; x_wconf 76' lang='grc' dir='ltr'><strong>καὶ</strong></span> <span class='ocrx_word' id='word_1_603' title='bbox 1628 3870 1792 3938; x_wconf 77' lang='grc' dir='ltr'>εἶναι,</span> <span class='ocrx_word' id='word_1_604' title='bbox 1829 3875 1924 3926; x_wconf 77' lang='grc' dir='ltr'>καὶ</span> 
     </span>
    </p>
   </div>
   <div class='ocr_carea' id='block_1_78' title="bbox 337 3965 1925 4045">
    <p class='ocr_par' dir='ltr' id='par_1_78' title="bbox 337 3965 1925 4045">
     <span class='ocr_line' id='line_1_78' title="bbox 337 3965 1925 4045; baseline -0.005 -18"><span class='ocrx_word' id='word_1_605' title='bbox 337 3974 516 4045; x_wconf 64' lang='grc' dir='ltr'>ἥξειν,</span> <span class='ocrx_word' id='word_1_606' title='bbox 559 3974 634 4042; x_wconf 79' lang='grc' dir='ltr'><strong>μὴ</strong></span> <span class='ocrx_word' id='word_1_607' title='bbox 664 3973 768 4027; x_wconf 82' lang='grc' dir='ltr'>ἴδοι</span> <span class='ocrx_word' id='word_1_608' title='bbox 798 3971 897 4043; x_wconf 75' lang='grc' dir='ltr'><strong>τὴν</strong></span> <span class='ocrx_word' id='word_1_609' title='bbox 938 3970 1098 4037; x_wconf 72' lang='grc' dir='ltr'>δόξαν</span> <span class='ocrx_word' id='word_1_610' title='bbox 1124 3971 1225 4041; x_wconf 81' lang='grc' dir='ltr'>τῆς</span> <span class='ocrx_word' id='word_1_611' title='bbox 1250 3969 1559 4043; x_wconf 78' lang='grc' dir='ltr'>παρουσίας</span> <span class='ocrx_word' id='word_1_612' title='bbox 1598 3967 1787 4021; x_wconf 88' lang='grc' dir='ltr'>αὑτοῦ.</span> <span class='ocrx_word' id='word_1_613' title='bbox 1818 3965 1925 4021; x_wconf 86' lang='grc' dir='ltr'><strong>Ποῦ</strong></span> 
     </span>
    </p>
   </div>
   <div class='ocr_carea' id='block_1_79' title="bbox 337 4057 1922 4134">
    <p class='ocr_par' dir='ltr' id='par_1_79' title="bbox 337 4057 1922 4134">
     <span class='ocr_line' id='line_1_79' title="bbox 337 4057 1922 4134; baseline -0.004 -17"><span class='ocrx_word' id='word_1_614' title='bbox 337 4066 457 4134; x_wconf 81' lang='grc' dir='ltr'><strong>γὰρ</strong></span> <span class='ocrx_word' id='word_1_615' title='bbox 503 4065 566 4117; x_wconf 80' lang='grc' dir='ltr'>τὸ</span> <span class='ocrx_word' id='word_1_616' title='bbox 599 4064 764 4133; x_wconf 83' lang='grc' dir='ltr'>σῶμα</span> <span class='ocrx_word' id='word_1_617' title='bbox 812 4061 930 4130; x_wconf 85' lang='grc' dir='ltr'>νῦν,</span> <span class='ocrx_word' id='word_1_618' title='bbox 959 4063 1010 4115; x_wconf 78' lang='grc' dir='ltr'><strong>εί</strong></span> <span class='ocrx_word' id='word_1_619' title='bbox 1046 4061 1122 4133; x_wconf 74' lang='grc' dir='ltr'>μὴ</span> <span class='ocrx_word' id='word_1_620' title='bbox 1158 4061 1297 4131; x_wconf 82' lang='grc' dir='ltr'><strong>μετά</strong></span> <span class='ocrx_word' id='word_1_621' title='bbox 1343 4060 1439 4115; x_wconf 88' lang='grc' dir='ltr'><strong>τοῦ</strong></span> <span class='ocrx_word' id='word_1_622' title='bbox 1485 4057 1922 4131; x_wconf 74' lang='grc' dir='ltr'>προσλαϐόντος;</span> 
     </span>
    </p>
   </div>
   <div class='ocr_carea' id='block_1_80' title="bbox 337 4147 1927 4225">
    <p class='ocr_par' dir='ltr' id='par_1_80' title="bbox 337 4147 1927 4225">
     <span class='ocr_line' id='line_1_80' title="bbox 337 4147 1927 4225; baseline -0.006 -15"><span class='ocrx_word' id='word_1_623' title='bbox 337 4157 404 4210; x_wconf 81' lang='grc' dir='ltr'><strong>οὐ</strong></span> <span class='ocrx_word' id='word_1_624' title='bbox 450 4155 560 4225; x_wconf 78' lang='grc' dir='ltr'>γὰρ</span> <span class='ocrx_word' id='word_1_625' title='bbox 602 4154 668 4224; x_wconf 79' lang='grc' dir='ltr'>δὴ</span> <span class='ocrx_word' id='word_1_626' title='bbox 707 4153 847 4207; x_wconf 81' lang='grc' dir='ltr'><strong>κατά</strong></span> <span class='ocrx_word' id='word_1_627' title='bbox 885 4154 1014 4216; x_wconf 79' lang='grc' dir='ltr'>τοὺς</span> <span class='ocrx_word' id='word_1_628' title='bbox 1066 4152 1384 4222; x_wconf 87' lang='grc' dir='ltr'>Μανιχαίων</span> <span class='ocrx_word' id='word_1_629' title='bbox 1425 4150 1629 4220; x_wconf 81' lang='grc' dir='ltr'>λήρους</span> <span class='ocrx_word' id='word_1_630' title='bbox 1676 4148 1754 4218; x_wconf 85' lang='grc' dir='ltr'>τῷ</span> <span class='ocrx_word' id='word_1_631' title='bbox 1790 4147 1927 4218; x_wconf 77' lang='grc' dir='ltr'>ἡλίῳ</span> 
     </span>
    </p>
   </div>
   <div class='ocr_carea' id='block_1_81' title="bbox 339 4240 1925 4315">
    <p class='ocr_par' dir='ltr' id='par_1_81' title="bbox 339 4240 1925 4315">
     <span class='ocr_line' id='line_1_81' title="bbox 339 4240 1925 4315; baseline -0.003 -16"><span class='ocrx_word' id='word_1_632' title='bbox 339 4245 773 4310; x_wconf 70' lang='grc' dir='ltr'>ὲναποτέθσιται,</span> <span class='ocrx_word' id='word_1_633' title='bbox 842 4246 929 4297; x_wconf 79' lang='grc' dir='ltr'>ἴνα</span> <span class='ocrx_word' id='word_1_634' title='bbox 995 4244 1205 4315; x_wconf 82' lang='grc' dir='ltr'>τιμηθῇ</span> <span class='ocrx_word' id='word_1_635' title='bbox 1260 4244 1349 4297; x_wconf 86' lang='grc' dir='ltr'>διά</span> <span class='ocrx_word' id='word_1_636' title='bbox 1413 4242 1515 4312; x_wconf 80' lang='grc' dir='ltr'>τῆς</span> <span class='ocrx_word' id='word_1_637' title='bbox 1575 4240 1837 4312; x_wconf 83' lang='grc' dir='ltr'>ἀτιμίας·</span> <span class='ocrx_word' id='word_1_638' title='bbox 1889 4240 1925 4310; x_wconf 75' lang='grc' dir='ltr'>ἢ</span> 
     </span>
    </p>
   </div>
   <div class='ocr_carea' id='block_1_82' title="bbox 339 4331 1929 4405">
    <p class='ocr_par' dir='ltr' id='par_1_82' title="bbox 339 4331 1929 4405">
     <span class='ocr_line' id='line_1_82' title="bbox 339 4331 1929 4405; baseline 0.001 -15"><span class='ocrx_word' id='word_1_639' title='bbox 339 4338 427 4399; x_wconf 72' lang='grc' dir='ltr'><strong>εἰς</strong></span> <span class='ocrx_word' id='word_1_640' title='bbox 472 4335 565 4388; x_wconf 78' lang='grc' dir='ltr'><strong>τὸν</strong></span> <span class='ocrx_word' id='word_1_641' title='bbox 604 4335 744 4405; x_wconf 73' lang='grc' dir='ltr'>ἀέρα</span> <span class='ocrx_word' id='word_1_642' title='bbox 785 4335 946 4405; x_wconf 76' lang='grc' dir='ltr'>ἐχέθη</span> <span class='ocrx_word' id='word_1_643' title='bbox 995 4336 1093 4387; x_wconf 77' lang='grc' dir='ltr'><strong>καὶ</strong></span> <span class='ocrx_word' id='word_1_644' title='bbox 1138 4333 1380 4401; x_wconf 76' lang='grc' dir='ltr'>διελύθη,</span> <span class='ocrx_word' id='word_1_645' title='bbox 1413 4334 1489 4395; x_wconf 85' lang='grc' dir='ltr'>ὡς</span> <span class='ocrx_word' id='word_1_646' title='bbox 1522 4332 1707 4402; x_wconf 82' lang='grc' dir='ltr'>φωνῆς</span> <span class='ocrx_word' id='word_1_647' title='bbox 1742 4331 1929 4405; x_wconf 76' lang='grc' dir='ltr'>φύσις,</span> 
     </span>
    </p>
   </div>
   <div class='ocr_carea' id='block_1_83' title="bbox 339 4396 1912 4482">
    <p class='ocr_par' dir='ltr' id='par_1_83' title="bbox 339 4396 1912 4482">
     <span class='ocr_line' id='line_1_83' title="bbox 339 4396 1912 4482; baseline -0.006 -16"><span class='ocrx_word' id='word_1_648' title='bbox 339 4396 440 4466; x_wconf 78' lang='grc' dir='ltr'>καὶ</span> <span class='ocrx_word' id='word_1_649' title='bbox 469 4411 638 4482; x_wconf 82' lang='grc' dir='ltr'>ὀδμῆς</span> <span class='ocrx_word' id='word_1_650' title='bbox 673 4396 850 4481; x_wconf 53' lang='lat' dir='ltr'><strong>bene}</strong></span> <span class='ocrx_word' id='word_1_651' title='bbox 882 4396 971 4463; x_wconf 78' lang='grc' dir='ltr'><strong>καὶ</strong></span> <span class='ocrx_word' id='word_1_652' title='bbox 1005 4409 1292 4480; x_wconf 84' lang='grc' dir='ltr'><strong>ἀστραπῆς</strong></span> <span class='ocrx_word' id='word_1_653' title='bbox 1321 4396 1675 4478; x_wconf 77' lang='grc' dir='ltr'><strong>δρόμοςόὑχ’</strong></span> <span class='ocrx_word' id='word_1_654' title='bbox 1694 4396 1912 4475; x_wconf 79' lang='grc' dir='ltr'>ἱσταμέ-</span> 
     </span>
    </p>
   </div>
   <div class='ocr_carea' id='block_1_84' title="bbox 2019 4396 2843 4482">
    <p class='ocr_par' dir='ltr' id='par_1_84' title="bbox 2019 4399 2843 4472">
     <span class='ocr_line' id='line_1_84' title="bbox 2019 4399 2843 4472; baseline -0.007 -15"><span class='ocrx_word' id='word_1_655' title='bbox 2019 4403 2168 4472; x_wconf 77' lang='lat' dir='ltr'><strong>iuxta</strong></span> <span class='ocrx_word' id='word_1_656' title='bbox 2200 4401 2618 4456; x_wconf 70' lang='lat' dir='ltr'><strong>Manichaeorum</strong></span> <span class='ocrx_word' id='word_1_657' title='bbox 2654 4399 2843 4453; x_wconf 85' lang='lat' dir='ltr'><strong>deliria</strong></span> 
     </span>
    </p>
   </div>
   <div class='ocr_carea' id='block_1_85' title="bbox 339 4493 1919 4571">
    <p class='ocr_par' dir='ltr' id='par_1_85' title="bbox 339 4493 1919 4571">
     <span class='ocr_line' id='line_1_85' title="bbox 339 4493 1919 4571; baseline -0.005 -17"><span class='ocrx_word' id='word_1_658' title='bbox 339 4517 462 4571; x_wconf 86' lang='grc' dir='ltr'>νης.</span> <span class='ocrx_word' id='word_1_659' title='bbox 506 4499 616 4553; x_wconf 87' lang='grc' dir='ltr'><strong>Ποῦ</strong></span> <span class='ocrx_word' id='word_1_660' title='bbox 655 4499 710 4552; x_wconf 76' lang='grc' dir='ltr'>δὲ</span> <span class='ocrx_word' id='word_1_661' title='bbox 759 4499 852 4553; x_wconf 80' lang='grc' dir='ltr'>καὶ</span> <span class='ocrx_word' id='word_1_662' title='bbox 895 4499 957 4551; x_wconf 76' lang='grc' dir='ltr'>τὸ</span> <span class='ocrx_word' id='word_1_663' title='bbox 1003 4498 1389 4569; x_wconf 78' lang='grc' dir='ltr'>ψηλαφηθῆναι</span> <span class='ocrx_word' id='word_1_664' title='bbox 1434 4495 1596 4550; x_wconf 71' lang='grc' dir='ltr'>αὐτὸν</span> <span class='ocrx_word' id='word_1_665' title='bbox 1642 4496 1779 4565; x_wconf 85' lang='grc' dir='ltr'>μετὰ</span> <span class='ocrx_word' id='word_1_666' title='bbox 1820 4493 1919 4565; x_wconf 81' lang='grc' dir='ltr'><strong>τὴν</strong></span> 
     </span>
    </p>
   </div>
   <div class='ocr_carea' id='block_1_86' title="bbox 340 4582 1920 4660">
    <p class='ocr_par' dir='ltr' id='par_1_86' title="bbox 340 4582 1920 4660">
     <span class='ocr_line' id='line_1_86' title="bbox 340 4582 1920 4660; baseline -0.007 -16"><span class='ocrx_word' id='word_1_667' title='bbox 340 4590 658 4653; x_wconf 84' lang='grc' dir='ltr'>ἀνάστασιν,</span> <span class='ocrx_word' id='word_1_668' title='bbox 688 4589 721 4660; x_wconf 79' lang='grc' dir='ltr'>ἢ</span> <span class='ocrx_word' id='word_1_669' title='bbox 751 4588 1083 4660; x_wconf 76' lang='grc' dir='ltr'>ὀφθήσεσθαί</span> <span class='ocrx_word' id='word_1_670' title='bbox 1117 4604 1246 4640; x_wconf 84' lang='grc' dir='ltr'>ποτε</span> <span class='ocrx_word' id='word_1_671' title='bbox 1277 4586 1381 4639; x_wconf 67' lang='grc' dir='ltr'>ὑπὸ</span> <span class='ocrx_word' id='word_1_672' title='bbox 1420 4585 1528 4639; x_wconf 83' lang='grc' dir='ltr'><strong>τῶν</strong></span> <span class='ocrx_word' id='word_1_673' title='bbox 1557 4582 1920 4652; x_wconf 81' lang='grc' dir='ltr'>ἑκκεντησάν-</span> 
     </span>
    </p>
   </div>
   <div class='ocr_carea' id='block_1_87' title="bbox 340 4672 1920 4752">
    <p class='ocr_par' dir='ltr' id='par_1_87' title="bbox 340 4672 1920 4752">
     <span class='ocr_line' id='line_1_87' title="bbox 340 4672 1920 4752; baseline -0.006 -16"><span class='ocrx_word' id='word_1_674' title='bbox 340 4700 482 4749; x_wconf 74' lang='grc' dir='ltr'>τωνς</span> <span class='ocrx_word' id='word_1_675' title='bbox 519 4681 710 4752; x_wconf 85' lang='grc' dir='ltr'>θεότης</span> <span class='ocrx_word' id='word_1_676' title='bbox 757 4680 865 4751; x_wconf 87' lang='grc' dir='ltr'><strong>γάρ</strong></span> <span class='ocrx_word' id='word_1_677' title='bbox 914 4678 1036 4732; x_wconf 85' lang='grc' dir='ltr'>καθ’</span> <span class='ocrx_word' id='word_1_678' title='bbox 1081 4678 1280 4743; x_wconf 79' lang='grc' dir='ltr'>ἑαυτὴν</span> <span class='ocrx_word' id='word_1_679' title='bbox 1329 4677 1579 4748; x_wconf 85' lang='grc' dir='ltr'>ἀόρατος.</span> <span class='ocrx_word' id='word_1_680' title='bbox 1624 4673 1761 4726; x_wconf 86' lang='grc' dir='ltr'>Ἀλλ’</span> <span class='ocrx_word' id='word_1_681' title='bbox 1801 4672 1920 4743; x_wconf 78' lang='grc' dir='ltr'>ἥξει</span> 
     </span>
    </p>
   </div>
   <div class='ocr_carea' id='block_1_88' title="bbox 343 4763 1921 4845">
    <p class='ocr_par' dir='ltr' id='par_1_88' title="bbox 343 4763 1921 4845">
     <span class='ocr_line' id='line_1_88' title="bbox 343 4763 1921 4845; baseline -0.007 -20"><span class='ocrx_word' id='word_1_682' title='bbox 343 4773 449 4845; x_wconf 77' lang='grc' dir='ltr'><strong>μὲν</strong></span> <span class='ocrx_word' id='word_1_683' title='bbox 484 4771 622 4843; x_wconf 84' lang='grc' dir='ltr'>μετὰ</span> <span class='ocrx_word' id='word_1_684' title='bbox 654 4770 749 4824; x_wconf 89' lang='grc' dir='ltr'><strong>τοῦ</strong></span> <span class='ocrx_word' id='word_1_685' title='bbox 788 4768 1060 4841; x_wconf 81' lang='grc' dir='ltr'>σώματος,</span> <span class='ocrx_word' id='word_1_686' title='bbox 1098 4769 1173 4832; x_wconf 82' lang='grc' dir='ltr'>ὡς</span> <span class='ocrx_word' id='word_1_687' title='bbox 1203 4767 1334 4837; x_wconf 81' lang='grc' dir='ltr'>ὲμδς</span> <span class='ocrx_word' id='word_1_688' title='bbox 1368 4767 1546 4834; x_wconf 86' lang='grc' dir='ltr'>λόγος,</span> <span class='ocrx_word' id='word_1_689' title='bbox 1590 4763 1827 4826; x_wconf 88' lang='grc' dir='ltr'>τοιοῦτος</span> <span class='ocrx_word' id='word_1_690' title='bbox 1863 4763 1921 4815; x_wconf 78' lang='grc' dir='ltr'>δὲ</span> 
     </span>
    </p>
   </div>
   <div class='ocr_carea' id='block_1_89' title="bbox 341 4852 1914 4933">
    <p class='ocr_par' dir='ltr' id='par_1_89' title="bbox 341 4852 1914 4933">
     <span class='ocr_line' id='line_1_89' title="bbox 341 4852 1914 4933; baseline -0.008 -18"><span class='ocrx_word' id='word_1_691' title='bbox 341 4859 454 4926; x_wconf 71' lang='grc' dir='ltr'>οἷος</span> <span class='ocrx_word' id='word_1_692' title='bbox 480 4862 633 4933; x_wconf 77' lang='grc' dir='ltr'>ὤφθη</span> <span class='ocrx_word' id='word_1_693' title='bbox 667 4864 780 4924; x_wconf 84' lang='grc' dir='ltr'>τοῖς</span> <span class='ocrx_word' id='word_1_694' title='bbox 809 4860 1076 4930; x_wconf 79' lang='grc' dir='ltr'>μαθηταῖς</span> <span class='ocrx_word' id='word_1_695' title='bbox 1111 4861 1167 4912; x_wconf 81' lang='grc' dir='ltr'>ὲν</span> <span class='ocrx_word' id='word_1_696' title='bbox 1205 4857 1283 4927; x_wconf 83' lang='grc' dir='ltr'>τῷ</span> <span class='ocrx_word' id='word_1_697' title='bbox 1314 4858 1451 4929; x_wconf 67' lang='lat' dir='ltr'><strong>opst,</strong></span> <span class='ocrx_word' id='word_1_698' title='bbox 1495 4856 1528 4926; x_wconf 84' lang='grc' dir='ltr'>ἢ</span> <span class='ocrx_word' id='word_1_699' title='bbox 1566 4852 1914 4924; x_wconf 84' lang='grc' dir='ltr'>παρεδείχοη,</span> 
     </span>
    </p>
   </div>
   <div class='ocr_carea' id='block_1_90' title="bbox 343 4943 1918 5022">
    <p class='ocr_par' dir='ltr' id='par_1_90' title="bbox 343 4943 1918 5022">
     <span class='ocr_line' id='line_1_90' title="bbox 343 4943 1918 5022; baseline -0.006 -18"><span class='ocrx_word' id='word_1_700' title='bbox 343 4950 724 5022; x_wconf 78' lang='grc' dir='ltr'><strong>ὑπερνικὼσης</strong></span> <span class='ocrx_word' id='word_1_701' title='bbox 768 4950 828 5003; x_wconf 83' lang='grc' dir='ltr'><strong>τδ</strong></span> <span class='ocrx_word' id='word_1_702' title='bbox 872 4950 1093 5021; x_wconf 89' lang='grc' dir='ltr'>σαρκίον</span> <span class='ocrx_word' id='word_1_703' title='bbox 1140 4948 1238 5019; x_wconf 82' lang='grc' dir='ltr'>τῆς</span> <span class='ocrx_word' id='word_1_704' title='bbox 1287 4946 1552 5017; x_wconf 86' lang='grc' dir='ltr'>θεότητος.</span> <span class='ocrx_word' id='word_1_705' title='bbox 1601 4945 1811 5014; x_wconf 82' lang='grc' dir='ltr'>Ὠσπερ</span> <span class='ocrx_word' id='word_1_706' title='bbox 1860 4943 1918 4996; x_wconf 78' lang='grc' dir='ltr'>δὲ</span> 
     </span>
    </p>
   </div>
   <div class='ocr_carea' id='block_1_91' title="bbox 340 5033 1919 5111">
    <p class='ocr_par' dir='ltr' id='par_1_91' title="bbox 340 5033 1919 5111">
     <span class='ocr_line' id='line_1_91' title="bbox 340 5033 1919 5111; baseline -0.005 -16"><span class='ocrx_word' id='word_1_707' title='bbox 340 5041 520 5095; x_wconf 88' lang='grc' dir='ltr'>ταῦτα</span> <span class='ocrx_word' id='word_1_708' title='bbox 547 5040 777 5111; x_wconf 85' lang='grc' dir='ltr'>λέγομεν</span> <span class='ocrx_word' id='word_1_709' title='bbox 809 5038 1305 5109; x_wconf 79' lang='grc' dir='ltr'>ἀποσκευαζόμενοι</span> <span class='ocrx_word' id='word_1_710' title='bbox 1338 5038 1435 5107; x_wconf 82' lang='grc' dir='ltr'><strong>τὴν</strong></span> <span class='ocrx_word' id='word_1_711' title='bbox 1468 5036 1745 5099; x_wconf 82' lang='grc' dir='ltr'>ὑπόνοιαν,</span> <span class='ocrx_word' id='word_1_712' title='bbox 1775 5033 1919 5087; x_wconf 77' lang='grc' dir='ltr'>οὕτω</span> 
     </span>
    </p>
   </div>
   <div class='ocr_carea' id='block_1_92' title="bbox 344 5126 1788 5205">
    <p class='ocr_par' dir='ltr' id='par_1_92' title="bbox 344 5126 1788 5205">
     <span class='ocr_line' id='line_1_92' title="bbox 344 5126 1788 5205; baseline -0.005 -17"><span class='ocrx_word' id='word_1_713' title='bbox 344 5135 574 5188; x_wconf 78' lang='grc' dir='ltr'>κάκεῖνα</span> <span class='ocrx_word' id='word_1_714' title='bbox 601 5135 883 5205; x_wconf 76' lang='grc' dir='ltr'>γράφομεν</span> <span class='ocrx_word' id='word_1_715' title='bbox 905 5131 1272 5205; x_wconf 79' lang='grc' dir='ltr'>διορθούμενοι</span> <span class='ocrx_word' id='word_1_716' title='bbox 1295 5131 1392 5202; x_wconf 79' lang='grc' dir='ltr'><strong>τὴν</strong></span> <span class='ocrx_word' id='word_1_717' title='bbox 1418 5126 1788 5198; x_wconf 84' lang='grc' dir='ltr'>καινοτομίαν.</span> 
     </span>
    </p>
   </div>
   <div class='ocr_carea' id='block_1_93' title="bbox 2012 3679 3583 3752">
    <p class='ocr_par' dir='ltr' id='par_1_93' title="bbox 2012 3679 3583 3752">
     <span class='ocr_line' id='line_1_93' title="bbox 2012 3679 3583 3752; baseline -0.003 -14"><span class='ocrx_word' id='word_1_718' title='bbox 2012 3684 2144 3745; x_wconf 89' lang='lat' dir='ltr'><strong>ﬁcit.</strong></span> <span class='ocrx_word' id='word_1_719' title='bbox 2177 3693 2277 3738; x_wconf 76' lang='lat' dir='ltr'><strong>aut</strong></span> <span class='ocrx_word' id='word_1_720' title='bbox 2321 3683 2620 3752; x_wconf 87' lang='lat' dir='ltr'><strong>perﬁcitur,</strong></span> <span class='ocrx_word' id='word_1_721' title='bbox 2664 3681 2807 3735; x_wconf 89' lang='lat' dir='ltr'><strong>Deus</strong></span> <span class='ocrx_word' id='word_1_722' title='bbox 2839 3688 2925 3735; x_wconf 88' lang='lat' dir='ltr'><strong>est</strong></span> <span class='ocrx_word' id='word_1_723' title='bbox 2962 3696 2977 3729; x_wconf 89' lang='lat'><strong>:</strong></span> <span class='ocrx_word' id='word_1_724' title='bbox 3029 3681 3247 3734; x_wconf 83' lang='lat' dir='ltr'><strong>tametsi</strong></span> <span class='ocrx_word' id='word_1_725' title='bbox 3284 3680 3397 3733; x_wconf 65' lang='lat' dir='ltr'><strong>haec</strong></span> <span class='ocrx_word' id='word_1_726' title='bbox 3424 3679 3490 3733; x_wconf 82' lang='lat' dir='ltr'><strong>de</strong></span> <span class='ocrx_word' id='word_1_727' title='bbox 3515 3693 3583 3734; x_wconf 88' lang='lat' dir='ltr'><strong>eo</strong></span> 
     </span>
    </p>
   </div>
   <div class='ocr_carea' id='block_1_94' title="bbox 2013 3767 3579 3840">
    <p class='ocr_par' dir='ltr' id='par_1_94' title="bbox 2013 3767 3579 3840">
     <span class='ocr_line' id='line_1_94' title="bbox 2013 3767 3579 3840; baseline -0.006 -11"><span class='ocrx_word' id='word_1_728' title='bbox 2013 3773 2222 3829; x_wconf 89' lang='lat' dir='ltr'><strong>idcirco</strong></span> <span class='ocrx_word' id='word_1_729' title='bbox 2268 3772 2546 3835; x_wconf 86' lang='lat' dir='ltr'><strong>dicantur,</strong></span> <span class='ocrx_word' id='word_1_730' title='bbox 2576 3771 2720 3840; x_wconf 90' lang='lat' dir='ltr'><strong>quod</strong></span> <span class='ocrx_word' id='word_1_731' title='bbox 2768 3769 3031 3840; x_wconf 82' lang='lat' dir='ltr'><strong>paulatim</strong></span> <span class='ocrx_word' id='word_1_732' title='bbox 3080 3783 3202 3823; x_wconf 88' lang='lat' dir='ltr'><strong>sese</strong></span> <span class='ocrx_word' id='word_1_733' title='bbox 3240 3767 3579 3837; x_wconf 81' lang='lat' dir='ltr'><strong>patefecerit.</strong></span> 
     </span>
    </p>
   </div>
   <div class='ocr_carea' id='block_1_95' title="bbox 2014 3859 3578 3934">
    <p class='ocr_par' dir='ltr' id='par_1_95' title="bbox 2014 3859 3578 3934">
     <span class='ocr_line' id='line_1_95' title="bbox 2014 3859 3578 3934; baseline -0.005 -15"><span class='ocrx_word' id='word_1_734' title='bbox 2014 3862 2073 3919; x_wconf 85' lang='lat' dir='ltr'><strong>Si</strong></span> <span class='ocrx_word' id='word_1_735' title='bbox 2120 3864 2245 3934; x_wconf 92' lang='lat' dir='ltr'><strong>quis</strong></span> <span class='ocrx_word' id='word_1_736' title='bbox 2288 3868 2534 3917; x_wconf 88' lang='lat' dir='ltr'><strong>sanctam</strong></span> <span class='ocrx_word' id='word_1_737' title='bbox 2592 3875 2815 3915; x_wconf 87' lang='lat' dir='ltr'><strong>carnem</strong></span> <span class='ocrx_word' id='word_1_738' title='bbox 2874 3874 3023 3914; x_wconf 89' lang='lat' dir='ltr'><strong>nunc</strong></span> <span class='ocrx_word' id='word_1_739' title='bbox 3068 3859 3372 3928; x_wconf 79' lang='lat' dir='ltr'><strong>depositam</strong></span> <span class='ocrx_word' id='word_1_740' title='bbox 3432 3871 3578 3919; x_wconf 87' lang='lat' dir='ltr'><strong>esse.</strong></span> 
     </span>
    </p>
   </div>
   <div class='ocr_carea' id='block_1_96' title="bbox 2013 3946 3578 4021">
    <p class='ocr_par' dir='ltr' id='par_1_96' title="bbox 2013 3946 3578 4021">
     <span class='ocr_line' id='line_1_96' title="bbox 2013 3946 3578 4021; baseline -0.004 -14"><span class='ocrx_word' id='word_1_741' title='bbox 2013 3952 2329 4021; x_wconf 87' lang='lat' dir='ltr'><strong>nudamque</strong></span> <span class='ocrx_word' id='word_1_742' title='bbox 2382 3965 2447 4005; x_wconf 90' lang='lat' dir='ltr'><strong>ac</strong></span> <span class='ocrx_word' id='word_1_743' title='bbox 2499 3964 2734 4020; x_wconf 89' lang='lat' dir='ltr'><strong>corpore</strong></span> <span class='ocrx_word' id='word_1_744' title='bbox 2783 3963 3015 4002; x_wconf 82' lang='lat' dir='ltr'><strong>vacuam</strong></span> <span class='ocrx_word' id='word_1_745' title='bbox 3062 3946 3402 4001; x_wconf 79' lang='lat' dir='ltr'><strong>divinitatem</strong></span> <span class='ocrx_word' id='word_1_746' title='bbox 3434 3960 3578 4011; x_wconf 88' lang='lat' dir='ltr'><strong>esse,</strong></span> 
     </span>
    </p>
   </div>
   <div class='ocr_carea' id='block_1_97' title="bbox 2013 4045 3583 4110">
    <p class='ocr_par' dir='ltr' id='par_1_97' title="bbox 2013 4045 3583 4110">
     <span class='ocr_line' id='line_1_97' title="bbox 2013 4045 3583 4110; baseline -0.005 -10"><span class='ocrx_word' id='word_1_747' title='bbox 2013 4059 2124 4101; x_wconf 84' lang='lat' dir='ltr'><strong>non</strong></span> <span class='ocrx_word' id='word_1_748' title='bbox 2152 4051 2334 4097; x_wconf 85' lang='lat' dir='ltr'><strong>autem</strong></span> <span class='ocrx_word' id='word_1_749' title='bbox 2380 4056 2506 4095; x_wconf 90' lang='lat' dir='ltr'><strong>cum</strong></span> <span class='ocrx_word' id='word_1_750' title='bbox 2558 4047 2842 4110; x_wconf 88' lang='lat' dir='ltr'><strong>assumpta</strong></span> <span class='ocrx_word' id='word_1_751' title='bbox 2875 4053 3062 4100; x_wconf 83' lang='lat' dir='ltr'><strong>carne,</strong></span> <span class='ocrx_word' id='word_1_752' title='bbox 3097 4046 3152 4092; x_wconf 89' lang='lat' dir='ltr'><strong>et</strong></span> <span class='ocrx_word' id='word_1_753' title='bbox 3184 4052 3329 4099; x_wconf 66' lang='lat'><strong>€850.</strong></span> <span class='ocrx_word' id='word_1_754' title='bbox 3365 4045 3419 4092; x_wconf 91' lang='lat' dir='ltr'><strong>et</strong></span> <span class='ocrx_word' id='word_1_755' title='bbox 3449 4053 3583 4092; x_wconf 62' lang='lat' dir='ltr'><strong>veno</strong></span> 
     </span>
    </p>
   </div>
   <div class='ocr_carea' id='block_1_98' title="bbox 2016 4125 3582 4196">
    <p class='ocr_par' dir='ltr' id='par_1_98' title="bbox 2016 4125 3582 4196">
     <span class='ocr_line' id='line_1_98' title="bbox 2016 4125 3582 4196; baseline -0.006 -7"><span class='ocrx_word' id='word_1_756' title='bbox 2016 4146 2191 4189; x_wconf 90' lang='lat' dir='ltr'><strong>turam</strong></span> <span class='ocrx_word' id='word_1_757' title='bbox 2238 4145 2361 4187; x_wconf 89' lang='lat' dir='ltr'><strong>esse</strong></span> <span class='ocrx_word' id='word_1_758' title='bbox 2410 4130 2634 4193; x_wconf 79' lang='lat' dir='ltr'><strong>dixerit,</strong></span> <span class='ocrx_word' id='word_1_759' title='bbox 2682 4129 2950 4183; x_wconf 86' lang='lat' dir='ltr'><strong>adventus</strong></span> <span class='ocrx_word' id='word_1_760' title='bbox 3000 4125 3148 4181; x_wconf 89' lang='lat' dir='ltr'><strong>illius</strong></span> <span class='ocrx_word' id='word_1_761' title='bbox 3204 4126 3431 4196; x_wconf 79' lang='lat' dir='ltr'><strong>gloriam</strong></span> <span class='ocrx_word' id='word_1_762' title='bbox 3471 4140 3582 4180; x_wconf 90' lang='lat' dir='ltr'><strong>non</strong></span> 
     </span>
    </p>
   </div>
   <div class='ocr_carea' id='block_1_99' title="bbox 2016 4214 3581 4287">
    <p class='ocr_par' dir='ltr' id='par_1_99' title="bbox 2016 4214 3581 4287">
     <span class='ocr_line' id='line_1_99' title="bbox 2016 4214 3581 4287; baseline -0.005 -10"><span class='ocrx_word' id='word_1_763' title='bbox 2016 4230 2225 4278; x_wconf 85' lang='lat' dir='ltr'><strong>cernat.</strong></span> <span class='ocrx_word' id='word_1_764' title='bbox 2268 4218 2373 4274; x_wconf 87' lang='lat' dir='ltr'><strong>Ubi</strong></span> <span class='ocrx_word' id='word_1_765' title='bbox 2401 4219 2545 4274; x_wconf 90' lang='lat' dir='ltr'><strong>enim</strong></span> <span class='ocrx_word' id='word_1_766' title='bbox 2575 4233 2721 4273; x_wconf 88' lang='lat' dir='ltr'><strong>nunc</strong></span> <span class='ocrx_word' id='word_1_767' title='bbox 2769 4233 2970 4287; x_wconf 90' lang='lat' dir='ltr'><strong>corpus</strong></span> <span class='ocrx_word' id='word_1_768' title='bbox 3007 4215 3191 4280; x_wconf 87' lang='lat' dir='ltr'><strong>fuerit,</strong></span> <span class='ocrx_word' id='word_1_769' title='bbox 3219 4214 3321 4271; x_wconf 90' lang='lat' dir='ltr'><strong>nisi</strong></span> <span class='ocrx_word' id='word_1_770' title='bbox 3353 4230 3475 4269; x_wconf 90' lang='lat' dir='ltr'><strong>cum</strong></span> <span class='ocrx_word' id='word_1_771' title='bbox 3518 4226 3581 4269; x_wconf 76' lang='lat' dir='ltr'><strong>ea</strong></span> 
     </span>
    </p>
   </div>
   <div class='ocr_carea' id='block_1_100' title="bbox 2022 4305 3584 4381">
    <p class='ocr_par' dir='ltr' id='par_1_100' title="bbox 2022 4305 3584 4381">
     <span class='ocr_line' id='line_1_100' title="bbox 2022 4305 3584 4381; baseline -0.006 -14"><span class='ocrx_word' id='word_1_772' title='bbox 2022 4319 2243 4373; x_wconf 87' lang='lat' dir='ltr'><strong>natura,</strong></span> <span class='ocrx_word' id='word_1_773' title='bbox 2273 4327 2304 4365; x_wconf 90' lang='lat' dir='ltr'><strong>a</strong></span> <span class='ocrx_word' id='word_1_774' title='bbox 2340 4326 2445 4381; x_wconf 90' lang='lat' dir='ltr'><strong>qua</strong></span> <span class='ocrx_word' id='word_1_775' title='bbox 2475 4315 2816 4379; x_wconf 87' lang='lat' dir='ltr'><strong>assumptum</strong></span> <span class='ocrx_word' id='word_1_776' title='bbox 2849 4306 2971 4362; x_wconf 77' lang='lat' dir='ltr'><strong>est?</strong></span> <span class='ocrx_word' id='word_1_777' title='bbox 3016 4305 3130 4360; x_wconf 74' lang='lat' dir='ltr'><strong>Non</strong></span> <span class='ocrx_word' id='word_1_778' title='bbox 3175 4306 3319 4360; x_wconf 89' lang='lat' dir='ltr'><strong>enim</strong></span> <span class='ocrx_word' id='word_1_779' title='bbox 3374 4305 3584 4361; x_wconf 88' lang='lat' dir='ltr'><strong>scilicet</strong></span> 
     </span>
    </p>
   </div>
   <div class='ocr_carea' id='block_1_101' title="bbox 3002 4394 3581 4466">
    <p class='ocr_par' dir='ltr' id='par_1_101' title="bbox 3002 4394 3581 4466">
     <span class='ocr_line' id='line_1_101' title="bbox 3002 4394 3581 4466; baseline -0.009 -14"><span class='ocrx_word' id='word_1_780' title='bbox 3002 4396 3105 4452; x_wconf 90' lang='lat' dir='ltr'><strong>soli</strong></span> <span class='ocrx_word' id='word_1_781' title='bbox 3141 4394 3453 4466; x_wconf 89' lang='lat' dir='ltr'><strong>impositum</strong></span> <span class='ocrx_word' id='word_1_782' title='bbox 3475 4403 3581 4458; x_wconf 89' lang='lat' dir='ltr'><strong>est,</strong></span> 
     </span>
    </p>
   </div>
   <div class='ocr_carea' id='block_1_102' title="bbox 2019 4488 3583 4563">
    <p class='ocr_par' dir='ltr' id='par_1_102' title="bbox 2019 4488 3583 4563">
     <span class='ocr_line' id='line_1_102' title="bbox 2019 4488 3583 4563; baseline -0.005 -16"><span class='ocrx_word' id='word_1_783' title='bbox 2019 4502 2078 4547; x_wconf 88' lang='lat' dir='ltr'><strong>ut</strong></span> <span class='ocrx_word' id='word_1_784' title='bbox 2108 4509 2203 4563; x_wconf 88' lang='lat' dir='ltr'><strong>per</strong></span> <span class='ocrx_word' id='word_1_785' title='bbox 2238 4494 2479 4549; x_wconf 88' lang='lat' dir='ltr'><strong>dedecus</strong></span> <span class='ocrx_word' id='word_1_786' title='bbox 2511 4492 2810 4545; x_wconf 89' lang='lat' dir='ltr'><strong>honoretur</strong></span> <span class='ocrx_word' id='word_1_787' title='bbox 2842 4508 2854 4542; x_wconf 94' lang='lat'><strong>:</strong></span> <span class='ocrx_word' id='word_1_788' title='bbox 2890 4496 2983 4542; x_wconf 80' lang='lat' dir='ltr'><strong>aut</strong></span> <span class='ocrx_word' id='word_1_789' title='bbox 3021 4488 3074 4541; x_wconf 89' lang='lat' dir='ltr'><strong>iu</strong></span> <span class='ocrx_word' id='word_1_790' title='bbox 3102 4503 3282 4542; x_wconf 86' lang='lat' dir='ltr'><strong>aerem</strong></span> <span class='ocrx_word' id='word_1_791' title='bbox 3326 4488 3505 4541; x_wconf 90' lang='lat' dir='ltr'><strong>fusum</strong></span> <span class='ocrx_word' id='word_1_792' title='bbox 3528 4493 3583 4539; x_wconf 86' lang='lat' dir='ltr'><strong>ct</strong></span> 
     </span>
    </p>
   </div>
   <div class='ocr_carea' id='block_1_103' title="bbox 2016 4575 3583 4649">
    <p class='ocr_par' dir='ltr' id='par_1_103' title="bbox 2016 4575 3583 4649">
     <span class='ocr_line' id='line_1_103' title="bbox 2016 4575 3583 4649; baseline -0.006 -12"><span class='ocrx_word' id='word_1_793' title='bbox 2016 4584 2344 4639; x_wconf 91' lang='lat' dir='ltr'><strong>dissolutum</strong></span> <span class='ocrx_word' id='word_1_794' title='bbox 2369 4592 2476 4649; x_wconf 90' lang='lat' dir='ltr'><strong>est,</strong></span> <span class='ocrx_word' id='word_1_795' title='bbox 2506 4593 2564 4637; x_wconf 91' lang='lat' dir='ltr'><strong>ut</strong></span> <span class='ocrx_word' id='word_1_796' title='bbox 2594 4583 2742 4638; x_wconf 89' lang='lat' dir='ltr'><strong>vocis</strong></span> <span class='ocrx_word' id='word_1_797' title='bbox 2772 4591 2989 4645; x_wconf 89' lang='lat' dir='ltr'><strong>natura,</strong></span> <span class='ocrx_word' id='word_1_798' title='bbox 3021 4588 3075 4636; x_wconf 88' lang='lat' dir='ltr'><strong>ct</strong></span> <span class='ocrx_word' id='word_1_799' title='bbox 3099 4578 3285 4634; x_wconf 85' lang='lat' dir='ltr'><strong>odoris</strong></span> <span class='ocrx_word' id='word_1_800' title='bbox 3313 4575 3500 4642; x_wconf 80' lang='lat' dir='ltr'><strong>ﬂuxio,</strong></span> <span class='ocrx_word' id='word_1_801' title='bbox 3527 4583 3583 4630; x_wconf 85' lang='lat' dir='ltr'><strong>et</strong></span> 
     </span>
    </p>
   </div>
   <div class='ocr_carea' id='block_1_104' title="bbox 2020 4665 3579 4745">
    <p class='ocr_par' dir='ltr' id='par_1_104' title="bbox 2020 4665 3579 4745">
     <span class='ocr_line' id='line_1_104' title="bbox 2020 4665 3579 4745; baseline -0.008 -16"><span class='ocrx_word' id='word_1_802' title='bbox 2020 4674 2252 4745; x_wconf 75' lang='lat' dir='ltr'><strong>fulguris</strong></span> <span class='ocrx_word' id='word_1_803' title='bbox 2304 4688 2502 4728; x_wconf 88' lang='lat' dir='ltr'><strong>cursus</strong></span> <span class='ocrx_word' id='word_1_804' title='bbox 2556 4672 2781 4727; x_wconf 88' lang='lat' dir='ltr'><strong>minime</strong></span> <span class='ocrx_word' id='word_1_805' title='bbox 2833 4668 3213 4727; x_wconf 87' lang='lat' dir='ltr'><strong>consistentis.</strong></span> <span class='ocrx_word' id='word_1_806' title='bbox 3268 4666 3369 4721; x_wconf 89' lang='lat' dir='ltr'><strong>Ubi</strong></span> <span class='ocrx_word' id='word_1_807' title='bbox 3412 4665 3579 4720; x_wconf 89' lang='lat' dir='ltr'><strong>etiam</strong></span> 
     </span>
    </p>
   </div>
   <div class='ocr_carea' id='block_1_105' title="bbox 2016 4755 3579 4835">
    <p class='ocr_par' dir='ltr' id='par_1_105' title="bbox 2016 4755 3579 4835">
     <span class='ocr_line' id='line_1_105' title="bbox 2016 4755 3579 4835; baseline -0.007 -17"><span class='ocrx_word' id='word_1_808' title='bbox 2016 4764 2151 4818; x_wconf 91' lang='lat' dir='ltr'><strong>illud</strong></span> <span class='ocrx_word' id='word_1_809' title='bbox 2200 4778 2465 4835; x_wconf 82' lang='lat' dir='ltr'><strong>ponemus</strong></span> <span class='ocrx_word' id='word_1_810' title='bbox 2537 4763 2683 4835; x_wconf 83' lang='lat' dir='ltr'><strong>quod</strong></span> <span class='ocrx_word' id='word_1_811' title='bbox 2754 4764 2871 4832; x_wconf 89' lang='lat' dir='ltr'><strong>ipse</strong></span> <span class='ocrx_word' id='word_1_812' title='bbox 2934 4769 3057 4832; x_wconf 88' lang='lat' dir='ltr'><strong>post</strong></span> <span class='ocrx_word' id='word_1_813' title='bbox 3123 4755 3579 4813; x_wconf 85' lang='lat' dir='ltr'><strong>resurrectionem</strong></span> 
     </span>
    </p>
   </div>
   <div class='ocr_carea' id='block_1_106' title="bbox 2020 4845 3579 4917">
    <p class='ocr_par' dir='ltr' id='par_1_106' title="bbox 2020 4845 3579 4917">
     <span class='ocr_line' id='line_1_106' title="bbox 2020 4845 3579 4917; baseline -0.008 -7"><span class='ocrx_word' id='word_1_814' title='bbox 2020 4863 2306 4911; x_wconf 86' lang='lat' dir='ltr'><strong>contactus</strong></span> <span class='ocrx_word' id='word_1_815' title='bbox 2342 4854 2513 4911; x_wconf 90' lang='lat' dir='ltr'><strong>fuisse</strong></span> <span class='ocrx_word' id='word_1_816' title='bbox 2556 4855 2820 4910; x_wconf 88' lang='lat' dir='ltr'><strong>scribitur</strong></span> <span class='ocrx_word' id='word_1_817' title='bbox 2874 4860 2920 4917; x_wconf 81' lang='grc'><strong>³,</strong></span> <span class='ocrx_word' id='word_1_818' title='bbox 2971 4863 3067 4906; x_wconf 90' lang='lat' dir='ltr'><strong>aut</strong></span> <span class='ocrx_word' id='word_1_819' title='bbox 3098 4850 3166 4905; x_wconf 90' lang='lat' dir='ltr'><strong>ab</strong></span> <span class='ocrx_word' id='word_1_820' title='bbox 3197 4850 3283 4909; x_wconf 88' lang='lat' dir='ltr'><strong>iis.</strong></span> <span class='ocrx_word' id='word_1_821' title='bbox 3322 4862 3353 4901; x_wconf 92' lang='lat' dir='ltr'><strong>a</strong></span> <span class='ocrx_word' id='word_1_822' title='bbox 3379 4845 3579 4917; x_wconf 83' lang='lat' dir='ltr'><strong>quibus</strong></span> 
     </span>
    </p>
   </div>
   <div class='ocr_carea' id='block_1_107' title="bbox 2021 4934 3625 5013">
    <p class='ocr_par' dir='ltr' id='par_1_107' title="bbox 2021 4934 3625 5013">
     <span class='ocr_line' id='line_1_107' title="bbox 2021 4934 3625 5013; baseline -0.007 -18"><span class='ocrx_word' id='word_1_823' title='bbox 2021 4941 2269 4996; x_wconf 78' lang='lat' dir='ltr'><strong>conﬁxus</strong></span> <span class='ocrx_word' id='word_1_824' title='bbox 2284 4949 2370 4995; x_wconf 89' lang='lat' dir='ltr'><strong>est</strong></span> <span class='ocrx_word' id='word_1_825' title='bbox 2395 4942 2418 4974; x_wconf 70' lang='grc' dir='ltr'><strong>δ</strong></span> <span class='ocrx_word' id='word_1_826' title='bbox 2448 4982 2463 5005; x_wconf 86' lang='grc'>,</span> <span class='ocrx_word' id='word_1_827' title='bbox 2488 4942 2785 5013; x_wconf 89' lang='lat' dir='ltr'><strong>aliquando</strong></span> <span class='ocrx_word' id='word_1_828' title='bbox 2813 4938 3121 4995; x_wconf 75' lang='lat' dir='ltr'><strong>videbitur?</strong></span> <span class='ocrx_word' id='word_1_829' title='bbox 3142 4937 3404 4990; x_wconf 80' lang='lat' dir='ltr'><strong>Divinitas</strong></span> <span class='ocrx_word' id='word_1_830' title='bbox 3436 4934 3578 4988; x_wconf 86' lang='lat' dir='ltr'><strong>enim</strong></span> <span class='ocrx_word' id='word_1_831' title='bbox 3620 4998 3625 5005; x_wconf 22' lang='grc' dir='ltr'>δ</span> 
     </span>
    </p>
   </div>
   <div class='ocr_carea' id='block_1_108' title="bbox 2017 5026 3581 5103">
    <p class='ocr_par' dir='ltr' id='par_1_108' title="bbox 2017 5026 3581 5103">
     <span class='ocr_line' id='line_1_108' title="bbox 2017 5026 3581 5103; baseline -0.008 -16"><span class='ocrx_word' id='word_1_832' title='bbox 2017 5048 2113 5103; x_wconf 86' lang='lat' dir='ltr'><strong>per</strong></span> <span class='ocrx_word' id='word_1_833' title='bbox 2149 5048 2208 5087; x_wconf 88' lang='lat' dir='ltr'><strong>se</strong></span> <span class='ocrx_word' id='word_1_834' title='bbox 2242 5032 2528 5086; x_wconf 89' lang='lat' dir='ltr'><strong>oculorum</strong></span> <span class='ocrx_word' id='word_1_835' title='bbox 2583 5032 2833 5087; x_wconf 84' lang='lat' dir='ltr'><strong>obtutum</strong></span> <span class='ocrx_word' id='word_1_836' title='bbox 2882 5029 3037 5099; x_wconf 76' lang='lat' dir='ltr'><strong>fugit.</strong></span> <span class='ocrx_word' id='word_1_837' title='bbox 3072 5026 3272 5083; x_wconf 71' lang='lat' dir='ltr'><strong>Verum</strong></span> <span class='ocrx_word' id='word_1_838' title='bbox 3301 5038 3428 5080; x_wconf 89' lang='lat' dir='ltr'><strong>cum</strong></span> <span class='ocrx_word' id='word_1_839' title='bbox 3457 5036 3581 5077; x_wconf 83' lang='lat' dir='ltr'><strong>cor-</strong></span> 
     </span>
    </p>
   </div>
   <div class='ocr_carea' id='block_1_109' title="bbox 2019 5120 3577 5195">
    <p class='ocr_par' dir='ltr' id='par_1_109' title="bbox 2019 5120 3577 5195">
     <span class='ocr_line' id='line_1_109' title="bbox 2019 5120 3577 5195; baseline -0.008 -17"><span class='ocrx_word' id='word_1_840' title='bbox 2019 5137 2150 5195; x_wconf 89' lang='lat' dir='ltr'><strong>pore</strong></span> <span class='ocrx_word' id='word_1_841' title='bbox 2177 5123 2416 5192; x_wconf 83' lang='lat' dir='ltr'><strong>quidem,</strong></span> <span class='ocrx_word' id='word_1_842' title='bbox 2454 5129 2515 5176; x_wconf 89' lang='lat' dir='ltr'><strong>ut</strong></span> <span class='ocrx_word' id='word_1_843' title='bbox 2548 5122 2748 5189; x_wconf 85' lang='lat' dir='ltr'><strong>sentio,</strong></span> <span class='ocrx_word' id='word_1_844' title='bbox 2783 5120 2997 5184; x_wconf 84' lang='lat' dir='ltr'><strong>veniet;</strong></span> <span class='ocrx_word' id='word_1_845' title='bbox 3034 5120 3161 5173; x_wconf 84' lang='lat' dir='ltr'><strong>talis</strong></span> <span class='ocrx_word' id='word_1_846' title='bbox 3206 5127 3406 5182; x_wconf 87' lang='lat' dir='ltr'><strong>autem,</strong></span> <span class='ocrx_word' id='word_1_847' title='bbox 3440 5126 3577 5183; x_wconf 79' lang='lat' dir='ltr'><strong>qua-</strong></span> 
     </span>
    </p>
   </div>
   <div class='ocr_carea' id='block_1_110' title="bbox 343 5208 3579 5296">
    <p class='ocr_par' dir='ltr' id='par_1_110' title="bbox 343 5208 3579 5296">
     <span class='ocr_line' id='line_1_110' title="bbox 343 5208 3579 5296; baseline -0.006 -16"><span class='ocrx_word' id='word_1_848' title='bbox 343 5225 416 5280; x_wconf 89' lang='lat' dir='ltr'><strong>lis</strong></span> <span class='ocrx_word' id='word_1_849' title='bbox 443 5225 733 5296; x_wconf 87' lang='lat' dir='ltr'><strong>diseipulis</strong></span> <span class='ocrx_word' id='word_1_850' title='bbox 754 5228 810 5280; x_wconf 88' lang='lat' dir='ltr'><strong>in</strong></span> <span class='ocrx_word' id='word_1_851' title='bbox 846 5234 1030 5281; x_wconf 89' lang='lat' dir='ltr'><strong>monte</strong></span> <span class='ocrx_word' id='word_1_852' title='bbox 1066 5225 1338 5296; x_wconf 87' lang='lat' dir='ltr'><strong>apparuit,</strong></span> <span class='ocrx_word' id='word_1_853' title='bbox 1368 5231 1464 5277; x_wconf 90' lang='lat' dir='ltr'><strong>aut</strong></span> <span class='ocrx_word' id='word_1_854' title='bbox 1502 5222 1678 5278; x_wconf 88' lang='lat' dir='ltr'><strong>obiter</strong></span> <span class='ocrx_word' id='word_1_855' title='bbox 1702 5228 1961 5276; x_wconf 88' lang='lat' dir='ltr'><strong>ostensus</strong></span> <span class='ocrx_word' id='word_1_856' title='bbox 1996 5225 2081 5273; x_wconf 89' lang='lat' dir='ltr'><strong>est</strong></span> <span class='ocrx_word' id='word_1_857' title='bbox 2124 5224 2172 5280; x_wconf 78' lang='grc' dir='ltr'><strong>σ,</strong></span> <span class='ocrx_word' id='word_1_858' title='bbox 2208 5215 2496 5272; x_wconf 75' lang='lat' dir='ltr'><strong>divinitate</strong></span> <span class='ocrx_word' id='word_1_859' title='bbox 2526 5230 2745 5272; x_wconf 83' lang='lat' dir='ltr'><strong>carnem</strong></span> <span class='ocrx_word' id='word_1_860' title='bbox 2775 5221 3088 5284; x_wconf 83' lang='lat' dir='ltr'><strong>superante.</strong></span> <span class='ocrx_word' id='word_1_861' title='bbox 3115 5208 3579 5278; x_wconf 82' lang='lat' dir='ltr'><strong>Quemadmodum</strong></span> 
     </span>
    </p>
   </div>
   <div class='ocr_carea' id='block_1_111' title="bbox 342 5300 3580 5387">
    <p class='ocr_par' dir='ltr' id='par_1_111' title="bbox 342 5300 3580 5387">
     <span class='ocr_line' id='line_1_111' title="bbox 342 5300 3580 5387; baseline -0.006 -15"><span class='ocrx_word' id='word_1_862' title='bbox 342 5324 528 5372; x_wconf 76' lang='lat' dir='ltr'><strong>autem</strong></span> <span class='ocrx_word' id='word_1_863' title='bbox 559 5315 673 5371; x_wconf 65' lang='lat' dir='ltr'><strong>hac</strong></span> <span class='ocrx_word' id='word_1_864' title='bbox 722 5317 1041 5373; x_wconf 74' lang='lat' dir='ltr'><strong>amolienda:</strong></span> <span class='ocrx_word' id='word_1_865' title='bbox 1086 5315 1422 5387; x_wconf 85' lang='lat' dir='ltr'><strong>suspicionis</strong></span> <span class='ocrx_word' id='word_1_866' title='bbox 1467 5326 1637 5369; x_wconf 88' lang='lat' dir='ltr'><strong>causa</strong></span> <span class='ocrx_word' id='word_1_867' title='bbox 1674 5311 1931 5376; x_wconf 80' lang='lat' dir='ltr'><strong>dicimus,</strong></span> <span class='ocrx_word' id='word_1_868' title='bbox 1971 5310 2052 5367; x_wconf 88' lang='lat' dir='ltr'><strong>sic</strong></span> <span class='ocrx_word' id='word_1_869' title='bbox 2080 5308 2171 5363; x_wconf 85' lang='lat' dir='ltr'><strong>illa</strong></span> <span class='ocrx_word' id='word_1_870' title='bbox 2205 5321 2426 5378; x_wconf 87' lang='lat' dir='ltr'><strong>quoque</strong></span> <span class='ocrx_word' id='word_1_871' title='bbox 2459 5305 2771 5379; x_wconf 75' lang='lat' dir='ltr'><strong>corrigendi</strong></span> <span class='ocrx_word' id='word_1_872' title='bbox 2799 5306 2927 5364; x_wconf 82' lang='lat' dir='ltr'><strong>novi</strong></span> <span class='ocrx_word' id='word_1_873' title='bbox 2968 5304 3174 5362; x_wconf 85' lang='lat' dir='ltr'><strong>erroris</strong></span> <span class='ocrx_word' id='word_1_874' title='bbox 3216 5300 3399 5357; x_wconf 88' lang='lat' dir='ltr'><strong>studio</strong></span> <span class='ocrx_word' id='word_1_875' title='bbox 3438 5300 3580 5355; x_wconf 81' lang='lat' dir='ltr'><strong>scri-</strong></span> 
     </span>
    </p>
   </div>
   <div class='ocr_carea' id='block_1_112' title="bbox 343 5408 552 5466">
    <p class='ocr_par' dir='ltr' id='par_1_112' title="bbox 343 5408 552 5466">
     <span class='ocr_line' id='line_1_112' title="bbox 343 5408 552 5466; baseline -0.005 0"><span class='ocrx_word' id='word_1_876' title='bbox 343 5408 552 5466; x_wconf 81' lang='lat' dir='ltr'><strong>bimus.</strong></span> 
     </span>
    </p>
   </div>
   <div class='ocr_carea' id='block_1_113' title="bbox 405 5683 823 5754">
    <p class='ocr_par' dir='ltr' id='par_1_113' title="bbox 405 5683 823 5754">
     <span class='ocr_line' id='line_1_113' title="bbox 405 5683 823 5754; baseline 0.01 -16"><span class='ocrx_word' id='word_1_877' title='bbox 405 5683 426 5754; x_wconf 52' lang='grc' dir='ltr'><strong>ί</strong></span> <span class='ocrx_word' id='word_1_878' title='bbox 462 5685 667 5754; x_wconf 79' lang='lat' dir='ltr'><strong>Ephes.</strong></span> <span class='ocrx_word' id='word_1_879' title='bbox 698 5704 736 5750; x_wconf 84' lang='lat' dir='ltr'><strong>t,</strong></span> <span class='ocrx_word' id='word_1_880' title='bbox 775 5693 823 5747; x_wconf 85' lang='lat'><strong>5.</strong></span> 
     </span>
    </p>
   </div>
   <div class='ocr_carea' id='block_1_114' title="bbox 329 5753 814 5826">
    <p class='ocr_par' dir='ltr' id='par_1_114' title="bbox 329 5753 814 5826">
     <span class='ocr_line' id='line_1_114' title="bbox 329 5753 814 5826; baseline 0.012 -17"><span class='ocrx_word' id='word_1_881' title='bbox 329 5754 357 5787; x_wconf 88' lang='grc'><strong><em>⁸</em></strong></span> <span class='ocrx_word' id='word_1_882' title='bbox 377 5753 572 5814; x_wconf 74' lang='lat' dir='ltr'><strong>Matth.</strong></span> <span class='ocrx_word' id='word_1_883' title='bbox 601 5774 735 5826; x_wconf 80' lang='lat' dir='ltr'><strong>xvn,</strong></span> <span class='ocrx_word' id='word_1_884' title='bbox 756 5763 814 5815; x_wconf 57' lang='grc' dir='ltr'>ξ.</span> 
     </span>
    </p>
   </div>
   <div class='ocr_carea' id='block_1_115' title="bbox 947 5688 2398 5763">
    <p class='ocr_par' dir='ltr' id='par_1_115' title="bbox 947 5688 2398 5763">
     <span class='ocr_line' id='line_1_115' title="bbox 947 5688 2398 5763; baseline 0.003 -18"><span class='ocrx_word' id='word_1_885' title='bbox 947 5692 967 5723; x_wconf 80' lang='grc'>⁸</span> <span class='ocrx_word' id='word_1_886' title='bbox 1002 5690 1021 5745; x_wconf 90' lang='lat' dir='ltr'><strong>l</strong></span> <span class='ocrx_word' id='word_1_887' title='bbox 1051 5689 1176 5748; x_wconf 89' lang='lat' dir='ltr'><strong>Cor.</strong></span> <span class='ocrx_word' id='word_1_888' title='bbox 1207 5705 1297 5758; x_wconf 79' lang='lat' dir='ltr'><strong>xv,</strong></span> <span class='ocrx_word' id='word_1_889' title='bbox 1331 5688 1434 5756; x_wconf 61' lang='grc' dir='ltr'><strong>δεῖς</strong></span> <span class='ocrx_word' id='word_1_890' title='bbox 1473 5691 1518 5748; x_wconf 87' lang='grc' dir='ltr'><strong>ΙΙ</strong></span> <span class='ocrx_word' id='word_1_891' title='bbox 1547 5692 1675 5751; x_wconf 88' lang='lat' dir='ltr'><strong>Cor.</strong></span> <span class='ocrx_word' id='word_1_892' title='bbox 1703 5707 1782 5759; x_wconf 79' lang='lat' dir='ltr'><strong>tv,</strong></span> <span class='ocrx_word' id='word_1_893' title='bbox 1824 5691 1925 5761; x_wconf 67' lang='grc' dir='ltr'><strong>ιδ,</strong></span> <span class='ocrx_word' id='word_1_894' title='bbox 1954 5691 2159 5763; x_wconf 79' lang='lat' dir='ltr'><strong>Ephes.</strong></span> <span class='ocrx_word' id='word_1_895' title='bbox 2191 5712 2278 5763; x_wconf 84' lang='lat' dir='ltr'><strong>ut,</strong></span> <span class='ocrx_word' id='word_1_896' title='bbox 2312 5695 2398 5751; x_wconf 76' lang='lat'><strong>16.</strong></span> 
     </span>
    </p>
   </div>
   <div class='ocr_carea' id='block_1_116' title="bbox 2508 5686 3595 5764">
    <p class='ocr_par' dir='ltr' id='par_1_116' title="bbox 2508 5686 3595 5764">
     <span class='ocr_line' id='line_1_116' title="bbox 2508 5686 3595 5764; baseline -0.003 -16"><span class='ocrx_word' id='word_1_897' title='bbox 2508 5691 2528 5723; x_wconf 86' lang='grc'>³</span> <span class='ocrx_word' id='word_1_898' title='bbox 2564 5693 2699 5749; x_wconf 89' lang='lat' dir='ltr'><strong>Luc.</strong></span> <span class='ocrx_word' id='word_1_899' title='bbox 2729 5708 2879 5764; x_wconf 72' lang='lat' dir='ltr'><strong>xxnv,</strong></span> <span class='ocrx_word' id='word_1_900' title='bbox 2908 5692 3001 5750; x_wconf 75' lang='lat'><strong>59.</strong></span> <span class='ocrx_word' id='word_1_901' title='bbox 3122 5691 3142 5727; x_wconf 71' lang='grc'>⁸</span> <span class='ocrx_word' id='word_1_902' title='bbox 3174 5691 3346 5750; x_wconf 81' lang='lat' dir='ltr'><strong>Zacb.</strong></span> <span class='ocrx_word' id='word_1_903' title='bbox 3378 5706 3480 5761; x_wconf 80' lang='lat' dir='ltr'><strong>xu,</strong></span> <span class='ocrx_word' id='word_1_904' title='bbox 3506 5686 3595 5746; x_wconf 78' lang='grc' dir='ltr'><strong>ιο.</strong></span> 
     </span>
    </p>
   </div>
  </div>
