4036 6210
486 267 586 330 537

1716 266 2094 329 EUTIIYMI'I
2132 266 2492 327 ZIGABENI

3609 269 3726 331 888

554 409 611 466 Si
646 411 770 481 quis
802 425 1023 465 carnem
1070 422 1098 461 a
1146 406 1287 460 calo
1319 403 1688 470 descendisse,
1723 416 1831 458 non
1867 414 2045 458 autem

2217 405 2284 458 Εῐ
2300 422 2381 467 τις
2404 405 2551 473 λέγοι
2581 404 2681 474 τὴν
2709 403 2885 476 σάρκα
2914 405 2971 471 ἐξ
3000 404 3229 478 ούρανοῦ
3271 404 3728 478 κατεληλυθέναι,

486 502 614 555 hinc
644 511 807 571 atque
842 517 870 554 a
904 500 1060 554 nobis
1086 512 1207 552 esse
1236 496 1457 559 dixerit,
1490 494 1701 549 etiamsi
1732 509 1899 564 supra
1927 495 2049 561 nos,

488 593 777 644 anathema
812 593 899 644 sit.
924 587 1055 639 Illud
1082 585 1249 650 enim,
1280 582 1546 637 Secundus
1571 583 1724 638 homo
1751 582 1814 636 de
1836 583 1962 637 caelo
2005 586 2047 650 ¹,

489 693 563 745 et,
598 679 786 746 Qualis
833 679 1075 738 cwlestis,
1128 674 1258 727 tales
1300 683 1349 729 et
1398 674 1623 727 cwlestes
1678 684 1697 713 ²
1725 692 1740 740 ;
1771 682 1845 738 et,
1883 672 2049 728 Nemo

488 773 723 827 ascendit
763 773 816 824 in
844 770 1050 826 culum.
1092 770 1198 821 nisi
1228 768 1317 836 qui
1341 766 1604 821 descendit
1627 766 1692 820 de
1719 767 1845 821 caelo
1872 764 1921 818 F
1924 767 2048 820 ilius

488 865 713 918 hominis
761 870 813 929 ³,
849 870 903 915 et
936 861 982 916 si
1012 860 1142 929 quid
1175 859 1322 912 aliud
1367 859 1611 929 ejusdem
1646 860 1884 928 generis,
1922 873 2048 928 pro~

491 963 609 1024 pter
641 954 898 1006 unionem
929 966 1051 1005 cum
1086 949 1294 1003 caelesti
1338 949 1445 1002 diei
1482 949 1902 1004 existimandum
1928 957 2048 1005 est:

485 1040 945 1112 quemadmodum
989 1047 1042 1093 et
1064 1038 1218 1100 illud,
1244 1037 1348 1092 Per
1379 1038 1655 1092 Christum
1702 1040 1885 1093 omnia
1909 1039 2050 1093 facta

483 1148 606 1189 esse
651 1133 671 1162 ⁸
702 1172 716 1197 ,
750 1140 803 1186 et
834 1130 1097 1186 Christum
1137 1130 1188 1181 in
1217 1129 1461 1183 cordibus
1495 1130 1677 1183 vestris
1724 1130 1959 1185 habitare
1994 1144 2047 1195 δ,

482 1239 592 1277 non
630 1221 934 1277 secundum
985 1220 1039 1273 id
1089 1219 1205 1284 Dei,
1254 1219 1397 1288 quod
1446 1219 1620 1272 oculis
1654 1220 1917 1283 cernitur,
1954 1220 2049 1273 sed

483 1314 782 1369 secundum
808 1312 883 1376 id,
909 1310 1052 1381 quod
1081 1311 1355 1364 intellectu
1388 1310 1709 1379 percipitur,
1749 1312 2051 1366 commistis

483 1403 754 1465 videlicet,
787 1411 846 1456 ut
900 1402 1137 1463 naturis,
1192 1401 1266 1453 ita
1301 1401 1465 1455 etiam
1516 1402 1849 1467 nominibus,
1886 1409 2050 1469 atque

483 1494 554 1545 ob
581 1492 943 1545 aretissimam
997 1490 1442 1556 coniunctionem
1505 1489 1647 1543 inter
1696 1505 1754 1543 se
1802 1490 2041 1544 vicissim

478 1580 937 1635 commeantibus.

554 1671 611 1724 Si
663 1670 787 1739 quis
838 1671 892 1723 in
948 1669 1222 1723 hominem
1278 1679 1459 1724 mente
1522 1677 1794 1723 carentem
1845 1677 2047 1740 sperat,

480 1778 669 1816 amens
703 1761 952 1831 profecto
992 1770 1098 1821 est.
1132 1777 1232 1816 nec
1262 1762 1483 1832 dignus,
1513 1762 1600 1814 cui
1634 1762 1777 1815 omni
1804 1777 1867 1815 ex
1901 1770 2050 1831 parte

2161 1762 2292 1823 iuri,
2345 1762 2439 1814 xui
2475 1763 2575 1815 οὐκ
2624 1762 2772 1827 ἄξιος
2818 1762 2953 1824 ὅλως

480 1854 631 1907 salus
689 1852 964 1907 afferatur.
1015 1852 1148 1905 Nam
1205 1852 1353 1922 quod
1403 1864 1741 1920 assumptum
1806 1868 1911 1905 non
1942 1862 2047 1915 est,

477 1948 787 2004 curationis
837 1955 919 2000 est
954 1960 1154 2014 expers
1190 1963 1202 1997 :
1238 1943 1384 2013 quod
1442 1952 1621 1995 autem
1683 1942 1792 1993 Deo
1837 1944 2050 1995 unitum

479 2047 587 2104 est,
632 2040 735 2092 hoc
777 2053 999 2108 quoque
1050 2037 1283 2091 salutem
1322 2036 1701 2103 consequitur.
1738 2033 1794 2086 Si
1830 2033 2057 2086 dimidia

479 2142 692 2188 tantum
750 2146 817 2184 ex
857 2138 1012 2198 parte
1063 2128 1307 2183 Adamus
1350 2129 1537 2197 lapsus
1565 2134 1672 2188 est,
1715 2125 2057 2179 dimidiatum

480 2238 700 2292 quoque
734 2221 807 2275 sit
845 2220 989 2289 quod
1022 2226 1369 2287 assumptum
1419 2225 1537 2281 est,
1567 2225 1620 2270 et
1652 2218 1796 2285 quod
1828 2217 2058 2269 salutem

481 2313 712 2381 accipit;
761 2312 805 2365 si
860 2319 1042 2363 autem
1090 2317 1240 2363 totus
1277 2309 1545 2378 peccavit,
1584 2310 1683 2362 toti
1717 2323 1934 2376 quoque
1968 2321 2062 2376 ge-

480 2403 597 2456 nito
631 2401 817 2455 unitus
849 2407 953 2461 est,
991 2410 1155 2467 atque
1188 2398 1337 2453 omni
1371 2414 1437 2452 ex
1471 2406 1626 2466 parte
1657 2398 1892 2452 salutem
1927 2410 2059 2448 con—

483 2490 749 2558 sequitur.
777 2489 1047 2553 Quocirca
1079 2502 1147 2541 ne
1189 2486 1483 2555 perfectam
1515 2486 1747 2539 salutem
1773 2485 1863 2538 isti
1898 2484 2058 2537 nobis

480 2580 779 2642 invideant,
809 2589 901 2631 aut
936 2594 1060 2632 ossa
1106 2580 1306 2637 solum,
1350 2585 1402 2630 et
1432 2592 1650 2638 nervos,
1684 2587 1847 2645 atque
1879 2577 2060 2630 homi-

480 2672 568 2726 nis
600 2672 869 2740 picturam
904 2669 1175 2723 Salvatori
1208 2669 1476 2722 tribuant.
1504 2668 1637 2721 Nam
1661 2668 1711 2721 si
1738 2669 1853 2738 ipse
1881 2668 2059 2720 inani-

479 2771 662 2816 matus
698 2763 860 2815 homo
890 2769 997 2823 cst,
1030 2761 1133 2814 hoc
1180 2761 1345 2814 etiam
1391 2760 1577 2813 Ariani
1629 2762 1804 2822 aiunt,
1840 2768 1896 2812 ut
1928 2775 2056 2827 pas-

480 2856 693 2908 sionem
727 2853 1001 2907 divinitati
1037 2853 1306 2915 tribuant,
1507 2859 1765 2920 tanquam
1804 2852 2057 2905 videlicet

478 2946 623 3015 quod
670 2960 871 3012 corpus
902 2957 1100 3009 movet,
1135 2946 1279 2999 idem
1320 2960 1540 3014 quoque
1572 2946 1829 3013 patiatur.
1875 2942 1928 2995 Si
1960 2957 2057 2995 au-

478 3046 587 3091 tem
645 3038 917 3090 animatus
950 3037 1191 3106 quidem,
1238 3053 1425 3090 verum
1464 3036 1667 3090 mentis
1696 3050 1914 3103 expers,
1948 3049 2057 3104 quo

476 3128 697 3181 tandem
754 3128 915 3181 modo
966 3128 1205 3181 hominis
1254 3144 1451 3181 nomen
1503 3125 1843 3181 sustinebit?
1876 3127 2058 3193 Neque

475 3219 620 3272 enim
678 3218 843 3271 homo
890 3218 1089 3269 animal
1120 3226 1202 3270 est
1256 3225 1435 3270 mente
1467 3232 1682 3270 carens.
1714 3218 1889 3285 Atque
1922 3215 2055 3268 illud

475 3326 702 3365 necesse
734 3318 839 3373 est,
867 3317 925 3362 ut
960 3308 1170 3379 species
1194 3308 1411 3377 quidem
1444 3316 1495 3361 et
1522 3308 1671 3360 larva
1699 3308 1933 3360 humana
1959 3306 2052 3369 sit,

476 3401 657 3455 anima
687 3410 866 3455 autem
903 3404 1027 3470 equi
1069 3400 1399 3468 cuiuspiam,
1447 3407 1542 3451 aut
1570 3399 1747 3459 bovis,
1779 3407 1872 3450 aut
1911 3397 2052 3451 alius

2148 498 2282 551 ἀλλά
2329 498 2402 569 μὴ
2446 495 2693 549 ἐντεῦθεν
2726 492 2863 548 εἶναι
2889 496 2982 549 xui
3012 499 3140 567 παρ’
3171 497 3347 566 ἡμῶν,
3382 500 3432 550 εἰ
3463 499 3557 550 xui
3584 497 3737 569 ὑπὲρ

2149 590 2295 660 ἡμᾶς
2329 588 2458 656 (45),
2494 586 2741 657 ἀνάθεμα
2777 586 2935 639 ἔστω.
2976 587 3047 638 T6
3080 587 3209 657 γὰρ,
3240 587 3293 639 Ὁ
3320 586 3597 655 δεύτερος
3626 588 3737 639 ἇν-

2148 684 2377 749 θρωπος
2400 680 2467 742 ἐξ
2487 677 2764 745 οὐρανοῦ,
2793 677 2887 730 xui
2910 672 3043 743 02ος
3065 680 3098 729 ό
3123 678 3507 745 ἐπουράνιος,
3534 678 3740 732 τοιοῦε-
3790 732 3801 745 ε

2149 789 2237 825 τοι
2266 771 2361 825 καὶ
2387 772 2440 822 οἱ
2468 769 2828 837 ἑποιψάνιοι,
2856 769 2968 829 xui,
3000 768 3209 833 Οὐδεὶς
3240 769 3613 837 ἀναϐέϐηκεν
3644 772 3741 834 εἰς

2150 860 2257 913 τὸν
2288 858 2565 927 οὐρανὸν,
2592 859 2646 910 ει
2670 856 2756 925 μὴ
2799 860 2831 909 ό
2860 857 2927 909 ἐκ
2966 857 3071 909 τοῦ
3108 857 3367 923 οὐρανοῦ
3401 860 3672 923 καταϐὰς
3704 860 3742 911 ὁ

2160 950 2291 1014 Υἱὸς
2338 948 2445 1002 τοῦ
2487 949 2820 1015 ἀνθρώπου,
2854 948 2948 1000 xui
2992 948 3045 998 εἴ
3089 965 3139 999 τι
3194 947 3321 1001 ἄλλο
3365 948 3597 1010 τοιοῦτο,
3648 966 3745 1001 νο·-

2156 1040 2375 1109 μιστέον
2414 1038 2667 1106 λέγεσθαι
2709 1038 2797 1090 διὰ
2836 1037 2932 1107 τὴν
2981 1038 3119 1108 πρὸς
3166 1037 3256 1091 τὸν
3302 1039 3552 1109 οὐράνιον
3592 1039 3743 1090 ἔνω-

2154 1147 2237 1183 σιν
2280 1165 2296 1191 .
2464 1130 2650 1199 ῶσπερ
2688 1132 2783 1182 xui
2824 1130 2884 1182 τὸ
2938 1130 3028 1182 διὰ
3072 1128 3307 1201 Χριστοῦ
3344 1130 3628 1198 γεγονέναι
3671 1133 3748 1182 τὰ

2153 1224 2361 1285 πάντα,
2417 1224 2510 1276 xui
2560 1221 2859 1275 κατοικεῖν
2915 1222 3173 1289 Χριστὸν
3201 1222 3270 1274 ἐν
3292 1220 3419 1286 ταῖς
3460 1222 3741 1289 καρδίαις

2153 1313 2337 1382 ὑμῶν,
2378 1314 2437 1366 ού
2476 1313 2617 1366 κατά
2648 1313 2710 1366 τὸ
2752 1314 3071 1383 φαινόμενον
3108 1312 3202 1366 τοῦ
3240 1313 3374 1364 Θεοῦ
3412 1352 3427 1373 ,
3598 1313 3751 1365 ἀλλὰ

2152 1401 2295 1454 κατά
2331 1402 2393 1453 τὸ
2422 1401 2728 1471 νοούμενον,
2765 1403 3106 1472 κιρναμένων
3140 1403 3325 1472 ῶσπερ
3351 1403 3460 1455 τῶν
3493 1402 3744 1472 φύσεων,

2152 1490 2293 1543 οὕτω
2331 1491 2395 1563 δὴ
2442 1491 2533 1542 xui
2572 1492 2680 1543 τῶν
2728 1490 3002 1560 κλήσεων,
3046 1492 3139 1543 xui
3182 1491 3604 1562 περιχωρουσῶν
3655 1493 3746 1554 εἰς

2154 1581 2386 1651 ἀλλήλας
2408 1581 2484 1651 τῷ
2512 1581 2653 1651 λόγῳ
2681 1581 2778 1650 τῆς
2808 1582 3103 1651 συμφυΐας.

2223 1671 2291 1724 Εἴ
2306 1688 2389 1734 τις
2415 1673 2493 1733 εἰς
2520 1672 2678 1724 ἄνουν
2709 1671 2993 1741 ἄνθρωπον
3022 1672 3279 1740 ἤλπικεν,
3312 1672 3540 1742 ἀνόητκ
3561 1673 3749 1732 ὅντως

3166 1761 3453 1826 σώζεσθαι.
3502 1762 3576 1815 T6
3618 1763 3745 1832 γὰρ

2153 1849 2567 1920 ἀπρόσληπτον,
2615 1849 3004 1920 ἀθεράπευτον·
3042 1850 3070 1903 ὃ
3114 1851 3170 1903 δὲ
3204 1852 3404 1919 ἥνωται
3463 1850 3542 1920 τῷ
3586 1851 3742 1921 Θεῷ,

2150 1942 2308 1993 τοῦτο
2334 1944 2427 1993 xui
2460 1939 2709 2003 σώζεται.
2736 1943 2799 1995 Εἰ
2822 1942 3027 2012 ἥμισυς
3190 1944 3448 1995 ἔπταισεν
3477 1948 3505 1996 ὁ
3540 1945 3748 2017 Ἀδὰμ,

2158 2032 2328 2100 ἥμισυ
2357 2031 2452 2083 xui
2483 2030 2545 2082 τὸ
2578 2031 3049 2101 προσειλημμένον
3078 2033 3173 2085 xui
3214 2034 3273 2085 τὸ
3308 2033 3637 2104 σωζόμενον.
3679 2036 3753 2092 El

2157 2123 2212 2174 δὲ
2245 2122 2366 2185 ὅλος
2388 2163 2404 2189 ,
2588 2123 2693 2193 ὅλῳ
2728 2124 2808 2193 τῷ
2838 2124 3149 2192 γεννηθέντι
3183 2127 3418 2195 ἥνωται,
3465 2128 3559 2180 xui
3600 2128 3754 2192 ὅλως

2161 2212 2409 2277 σώζεται.
2616 2215 2708 2285 Μὴ
2754 2217 2930 2269 τοίνυν
2981 2216 3422 2285 βασκαινέτωσαν
3467 2220 3600 2288 ἡμῖν
3639 2222 3755 2289 τῆς

2160 2305 2455 2367 παντελοῦς
2507 2306 2809 2376 σωτηρίας,
2857 2308 2989 2376 μηδὲ
3032 2308 3164 2359 ὀστᾶ
3206 2308 3395 2377 μόνον,
3440 2311 3534 2361 xui
3572 2309 3756 2379 νεῦρα

2158 2397 2252 2450 xui
2284 2398 2601 2467 ζωγραφίαν
2627 2397 2909 2468 ἀνθρώπου
2940 2397 3016 2467 τῷ
3046 2400 3255 2469 Σωτῆρι
3285 2399 3753 2469 περιτιθέτωσαν.

2158 2488 2222 2540 Ei
2255 2488 2354 2557 μὲν
2385 2488 2502 2558 γὰρ
2524 2488 2728 2557 ἄψυχος
2761 2491 2789 2541 6
2820 2489 3123 2559 ἄνθρωπος.
3158 2488 3315 2541 τοῦτο
3354 2492 3447 2542 xui
3470 2492 3758 2560 Ἀρειανσι

2158 2580 2425 2647 λέγουσιν,
2458 2581 2522 2632 ἵν’
2548 2583 2638 2633 ἐπὶ
2661 2581 2760 2650 τὴν
2790 2581 3017 2650 θεότητα
3046 2582 3107 2634 τὸ
3126 2583 3296 2645 πάθος
3324 2583 3643 2651 ἐνέγκωσιν,
3671 2584 3757 2647 ὡς

2156 2669 2251 2721 τοῦ
2286 2669 2560 2732 κινοῦντος
2592 2669 2653 2721 τὸ
2690 2671 2847 2739 σῶμα
2867 2711 2880 2732 ,
2916 2670 3105 2723 τούτου
3139 2673 3233 2724 xui
3424 2687 3753 2740 πασχοντος.

2158 2760 2219 2812 Ei
2240 2761 2296 2812 δὲ
2329 2760 2589 2830 ἔμψυχος,
2622 2763 2669 2813 εἰ
2708 2760 2806 2831 μὲν
2831 2762 2892 2814 οὐ
2923 2762 3126 2832 νοερὸς,
3155 2763 3273 2828 πῶς
3301 2765 3394 2817 xui
3422 2763 3751 2834 ἀνθρωπος;

2156 2852 2218 2903 οὐ
2261 2851 2368 2921 γὰρ
2416 2850 2576 2905 ἄνουν
2632 2850 2770 2915 ζῶον
2823 2854 2850 2904 6
2908 2851 3210 2923 ἄνθρωπος.
3262 2854 3374 2906 Καὶ
3418 2855 3633 2922 ἀνάγκη
3686 2856 3755 2906 τὸ

2159 2943 2341 3012 σχῆμα
2369 2944 2466 3012 μὲν
2494 2942 2831 3014 ἀνθρώπειον
2857 2939 2993 2995 εἶναι
3154 2944 3247 2997 xui
3268 2944 3366 3015 τὴν
3392 2945 3618 3015 σκηνὴν,
3644 2945 3754 3014 τὴν

2156 3031 2405 3103 δὲψυχην
2429 3033 2595 3085 ἵππου
2629 3033 2793 3097 τινος,
2828 3032 2860 3101 ἢ
2905 3031 3045 3102 βοὸς,
3070 3034 3102 3103 ἢ
3130 3033 3289 3087 ἄλλου
3326 3033 3436 3085 τῶν
3474 3034 3750 3102 ἀνοήτων.

2158 3121 2329 3174 Τοῦτο
2357 3121 2487 3189 γοῦν
2526 3121 2677 3174 ἔσται
2714 3124 2808 3175 xui
2836 3122 2898 3175 τὸ
2937 3124 3259 3193 σωζόμενονο
3294 3124 3389 3177 xui
3419 3122 3755 3192 διεψεύσθην

2159 3211 2269 3279 ἐγὼ
2288 3212 2439 3284 παρά
2472 3213 2570 3283 τῆς
2595 3213 2874 3283 ἀληθείας.
2908 3216 3066 3271 ἀλλου
3089 3214 3430 3285 τιμηθέντος,
3461 3214 3620 3277 ἄλλος
3646 3230 3756 3283 με-

2158 3303 2431 3372 γαλαυχού
2441 3321 2614 3373 μενος.
2645 3305 2705 3357 Εἰ
2724 3305 2781 3357 δὲ
2806 3305 3011 3376 νοερὸς,
3034 3306 3148 3359 ἀλλ’
3169 3307 3269 3359 οὐκ
3289 3307 3453 3378 ἄνους
3476 3306 3505 3356 6
3529 3306 3757 3376 ἄνθρω-

2163 3412 2282 3458 πος,
2316 3395 2718 3448 παυσάσθωσαν
2755 3397 2922 3457 ὅντως
2958 3398 3383 3466 ἀνοηταίνοντες-

476 3495 732 3549 animalis
767 3502 1004 3549 mentem
1051 3508 1160 3547 non
1213 3493 1488 3546 habentis.
1534 3492 1613 3545 Ac
1656 3490 1886 3561 proinde
1918 3490 2050 3544 illud
2090 3505 2310 3559 quoque
2349 3494 2480 3553 erit,
2523 3491 2613 3544 cui
2662 3491 2814 3546 salus
2862 3490 3121 3545 alieratur
3148 3510 3160 3543 :
3192 3502 3356 3559 atque
3392 3509 3497 3563 ego
3523 3494 3593 3547 ab
3625 3494 3760 3561 ipsa

475 3587 717 3644 Veritate
758 3588 984 3643 delusus
1030 3604 1174 3649 sum,
1213 3598 1269 3641 ut
1302 3588 1415 3655 qui,
1455 3588 1561 3641 alio
1599 3588 1806 3642 honore
1848 3584 2063 3651 aﬂ'ecto,
2102 3586 2219 3653 ipse
2242 3586 2466 3655 glorier,
2499 3599 2694 3654 meque
2731 3587 2954 3655 jactem.
2988 3586 3045 3640 Si
3085 3596 3264 3643 autem
3318 3589 3516 3645 mentis
3572 3590 3758 3658 parti-

474 3701 624 3755 eeps,
656 3700 767 3739 non
800 3694 977 3738 autem
1014 3690 1194 3736 mente
1226 3698 1422 3737 carens
1456 3683 1619 3737 homo
1653 3688 1759 3745 est,
1794 3673 2047 3750 de‘sipere
2082 3695 2210 3735 vere
2233 3695 2297 3733 ac
2319 3682 2519 3735 mentis
2547 3680 2729 3750 inopia
2755 3682 3005 3737 laborare
3034 3683 3307 3738 desinant.

544 3778 631 3839 Αι,
698 3776 897 3845 inquit,
968 3775 1227 3830 divinitas
1286 3777 1489 3829 mentis
1552 3776 1672 3830 loco
1727 3774 2053 3830 suﬂiciebat.

476 3868 612 3934 Quid
650 3879 831 3922 autem
867 3868 973 3921 hoc
1018 3863 1085 3921 ad
1125 3864 1248 3921 me?
1279 3866 1545 3922 Divinitas
1590 3867 1735 3921 enim
1769 3882 1893 3921 eum
1935 3866 2053 3921 sola

472 3975 639 4013 carne
669 3959 832 4012 homo
860 3973 971 4012 non
1000 3966 1105 4019 est,
1137 3959 1247 4012 imo
1282 3974 1381 4013 nec
1412 3971 1536 4011 cum
1567 3960 1683 4012 sola
1719 3959 1923 4021 anima,
1948 3971 2050 4011 nec

473 4064 596 4101 cum
622 4056 874 4118 utraque,
902 4049 945 4104 si
973 4065 1124 4105 mens
1149 4051 1310 4117 absit,
1341 4066 1463 4121 quae
1491 4051 1654 4105 etiam
1687 4051 1860 4120 magis
1884 4044 2047 4104 homo

470 4140 687 4194 censeri
710 4136 892 4194 debet.
918 4136 1284 4205 Quamobrem
1320 4148 1495 4196 totum
1538 4141 1813 4199 hominem
1846 4142 2043 4203 retine,

474 4241 540 4278 ac
579 4226 920 4282 divinitatem
967 4229 1224 4301 adiunge,
1278 4242 1337 4285 ut
1368 4247 1453 4286 me
1497 4232 1657 4300 plene
1711 4245 1775 4285 ac
1809 4232 2052 4301 perfecte

474 4313 745 4368 beneﬁcio
801 4317 1037 4373 afﬁcias.

1112 4414 1197 4470 Ea:
1220 4419 1423 4469 eadem.

549 4510 641 4572 At,
674 4509 876 4580 inquis,
905 4508 1014 4563 duo
1040 4507 1278 4577 perfecta
1306 4523 1412 4561 non
1448 4508 1709 4577 capiebat.
1742 4510 1861 4560 Non
1884 4521 2014 4560 sane
2039 4522 2053 4570 ;
2091 4494 2132 4546 ί)

470 4603 745 4673 siquidem
780 4616 1046 4667 corporeo
1083 4599 1245 4653 modo
1296 4614 1408 4653 rem
1438 4600 1739 4668 expendas.
1775 4599 1880 4652 Vas
1910 4601 2055 4651 enim

479 4694 642 4749 unius
668 4693 833 4749 modii
861 4706 1032 4764 capax
1068 4692 1206 4745 duos
1229 4689 1439 4744 modios
1476 4690 1699 4742 minime
1728 4690 2054 4756 continebit,

478 4799 583 4838 nec
613 4784 860 4855 corporis
897 4782 1059 4838 unius
1108 4782 1258 4837 locus
1306 4781 1414 4836 duo
1464 4792 1560 4836 aut
1607 4781 1758 4850 plura
1801 4794 2051 4847 corpora.

477 4874 535 4927 Si
580 4886 759 4930 autem
817 4884 874 4929 ut
920 4874 1277 4945 intelligihilia
1325 4882 1380 4928 et
1412 4874 1734 4941 incorporea
1766 4886 1827 4925 ea
1867 4872 2051 4925 consi-

474 4972 657 5037 deres,
708 4972 838 5027 illud
886 4974 1277 5033 animadverte,
1320 4971 1465 5042 quod
1507 4972 1647 5024 idem
1681 4970 1819 5040 ipse,
1852 4977 1906 5023 et
1931 4968 2053 5022 ani-

472 5078 647 5131 mum,
673 5073 729 5117 et
751 5063 1038 5130 rationem,
1069 5073 1125 5118 et
1150 5074 1409 5129 mentem,
1436 5074 1489 5118 et
1514 5062 1777 5133 Spiritum
1801 5071 2051 5117 sanctum

472 5154 737 5221 continui,
763 5167 926 5224 atque
952 5157 1116 5211 etiam
1149 5164 1276 5209 ante
1309 5170 1393 5208 me
1422 5154 1661 5208 mundus
1691 5154 1778 5207 hic
1810 5153 1939 5223 (hoc
1968 5162 2051 5206 est

473 5244 621 5312 quod
656 5260 719 5299 ex
750 5246 894 5301 visib
920 5244 1065 5299 libus
1101 5252 1156 5299 et
1202 5243 1565 5298 invisibilibus
1595 5241 1755 5297 rebus
1787 5242 2048 5310 constat),

474 5333 714 5400 Patrem,
752 5334 948 5390 Filium
998 5344 1055 5390 et
1101 5334 1359 5403 Spiritum
1404 5343 1675 5388 sanctum.
1720 5333 1845 5388 Haec
1897 5333 2044 5387 enim

476 5441 691 5493 eumn,
743 5443 865 5496 qua:
920 5428 972 5481 in
1010 5427 1344 5483 intellectum
1373 5425 1607 5490 cadunt,
1637 5434 1829 5479 natura
1862 5436 1966 5487 est,
1993 5433 2049 5477 ut

473 5517 799 5586 incorporeo
838 5527 1000 5588 atque
1045 5516 1303 5571 invisibili
1348 5518 1547 5583 modo,
1596 5525 1653 5572 et
1692 5518 1836 5571 inter
1881 5532 1941 5571 se
1996 5526 2051 5571 et

474 5623 601 5662 cum
631 5610 952 5677 corporibus
988 5611 1343 5674 misceantur,
1382 5607 1827 5678 quandoquidem
1847 5619 1903 5662 et
1932 5609 2051 5677 plu-

550 5699 570 5733 ⁸
612 5702 788 5759 lCor.
827 5722 920 5773 xv,
962 5708 1048 5761 47.
1163 5708 1182 5737 ²
1231 5705 1363 5759 ibid.
1403 5704 1491 5757 48.
1604 5706 1808 5761 ’Joan.
1846 5721 1927 5773 tu,
1972 5705 2053 5761 15.

2242 3771 2380 3824 Ἀλλ’
2410 3772 2598 3841 ἢρκει,
2629 3774 2812 3842 φησιν,
2845 3775 2876 3842 ἠ
2907 3772 3095 3842 θεότης
3128 3774 3246 3825 ἀντὶ
3275 3772 3368 3826 τοῦ
3405 3771 3515 3825 νοῦ.
3554 3772 3622 3824 Τί
3648 3769 3758 3827 οὖν

2159 3864 2293 3935 πρὸς
2320 3863 2418 3932 ἐμὲ
2451 3862 2639 3929 τοῦτο;
2673 3863 2875 3934 Θεότης
2906 3866 3013 3935 γὰρ
3044 3866 3180 3934 μετὰ
3220 3866 3419 3936 σαρκὸς
3453 3865 3620 3934 μόνης
3641 3866 3761 3920 οῦκ

2156 3957 2457 4026 ἄνθρωπος,
2494 3956 2609 4009 ἀλλ’
2645 3956 2765 4009 οὐδὲ
2797 3956 2974 4027 ψυχῆς
3019 3958 3214 4029 μόνης,
3256 3959 3375 4012 οὐδὲ
3415 3960 3762 4029 ἀμφοτέρων

2152 4051 2319 4120 χωρὶς
2356 4049 2449 4101 τοῦ
2484 4048 2599 4112 νοῦ,
2637 4048 2666 4101 ὃ
2699 4048 2792 4100 xui
2831 4048 3029 4117 μᾶλλον
3062 4049 3371 4120 ἄνθρωπος.
3570 4051 3763 4119 Τήρει

2154 4139 2245 4195 οῦν
2273 4141 2363 4192 τὸν
2400 4140 2685 4207 ἄνθρωπον
2709 4140 2861 4207 ὅλον,
2901 4141 2995 4193 xui
3027 4141 3178 4211 μίξον
3214 4142 3313 4212 τὴν
3352 4141 3614 4211 θεότητα,
3652 4142 3764 4194 ἵνα

2159 4251 2225 4304 με
2262 4233 2461 4296 τελέως
2498 4233 2814 4304 εὐεργετῇς,

2705 4412 2806 4468 Ἐκ
2847 4412 2957 4481 τῆς
2996 4410 3211 4481 αὐτῆς.

2243 4504 2384 4559 *Δλὶθ
2412 4506 2512 4557 οὐκ
2533 4506 2752 4575 ἐχώρει,
2775 4505 2931 4575 φησι,
2946 4506 3041 4559 δύο
3062 4508 3263 4560 τέλεια.
3282 4506 3414 4560 Οὐδὲ
3438 4509 3566 4576 γὰρ,
3584 4511 3768 4583 εἴπερ

2166 4596 2495 4667 σωματικῶς
2559 4600 2808 4661 σκοπεῖς.
2859 4596 3109 4666 Ἀγγείον
3151 4597 3259 4668 γὰρ
3311 4600 3631 4669 μεδιμναίον
3688 4608 3759 4656 οὐ

2164 4690 2404 4760 χωρήσει
2429 4688 2766 4758 διμὲδιμνον,
2798 4689 2919 4742 οὐδὲ
2956 4688 3209 4759 σώματος
3239 4690 3356 4753 ἑνὸς
3391 4692 3552 4753 τύπος
3585 4693 3687 4749 δύο
3722 4698 3760 4766 ἢ

2162 4780 2332 4832 πλείω
2360 4778 2625 4847 σώματα·
2651 4780 2699 4831 εί
2724 4777 2781 4829 δὲ
2811 4777 2886 4841 ὡς
2916 4780 3082 4848 νοητά
3104 4779 3199 4831 xui
3237 4779 3523 4849 ἀσώματα,
3548 4785 3763 4839 σκόπει

2161 4873 2243 4924 ὅτι
2292 4871 2385 4923 xui
2422 4870 2625 4940 ψυχὴν,
2661 4871 2755 4923 xui
2802 4871 2983 4939 λόγον,
3043 4873 3140 4925 xui
3180 4871 3328 4937 νοῦν,
3377 4874 3470 4925 xui
3517 4875 3759 4945 Πνεῦμα

2162 4961 2319 5030 ἅγιον
2359 4963 2387 5016 6
2427 4963 2590 5025 αὐτὸς
2628 4964 2903 5034 ἐχώρησα.
2940 4964 3036 5016 xui
3070 4964 3175 5032 πρὸ
3214 4963 3351 5034 ἐμοῦ
3373 4966 3466 5017 τὸν
3498 4967 3754 5038 Πατέρα,

2162 5057 2256 5108 xui
2290 5054 2379 5109 τὸν
2413 5055 2564 5122 Υἱὸν,
2592 5055 2686 5108 xui
2713 5057 2775 5108 τδ
2806 5056 2965 5123 ἅγιον
2999 5056 3245 5124 Πνεῦμα,
3278 5058 3306 5109 6
3334 5056 3539 5125 κόσμος
3561 5052 3749 5127 οὗτος,

2158 5149 2219 5202 τὸ
2256 5149 2318 5212 ἐξ
2345 5149 2559 5219 ὁρατῶν
2590 5149 2733 5218 λέγω
2763 5151 2858 5203 xui.
2896 5151 3147 5227 ἀοράτων
3198 5151 3473 5222 σύστημα.
3502 5154 3749 5226 Τοιαύτη

2156 5244 2264 5312 γὰρ
2294 5243 2329 5313 ἡ
2355 5242 2466 5296 τῶν
2491 5243 2696 5313 νοητῶν
2736 5244 2919 5313 φύσις,
2946 5248 3256 5316 ἁσωμάτως
3275 5247 3371 5300 xui
3402 5247 3744 5318 ἀμερίττως,

2156 5338 2252 5389 xui
2289 5336 2561 5407 ἀλλήλοις,
2601 5340 2694 5389 xui.
2725 5338 2941 5406 σώμασι
2976 5339 3290 5408 μίγνυσθαι.
3311 5341 3469 5393 Ἐπεὶ
3498 5342 3595 5393 xui
3632 5359 3745 5409 φωο

2154 5429 2243 5479 vui
2277 5427 2492 5492 πλείους
2538 5430 2677 5499 ἀκοῇ
2730 5430 2830 5499 μιᾷ
2883 5431 3150 5501 χωρηταὶ,
3185 5430 3279 5483 xui
3325 5430 3481 5500 ὄψεις
3528 5432 3742 5483 πολλῶν

2154 5521 2268 5583 τοῖς
2301 5522 2486 5584 αὐτοῖς
2527 5525 2767 5591 ὁρατοῖς,
2803 5525 2897 5576 xui
2934 5525 3260 5594 ὀσφραντοίς
3289 5526 3581 5595 ὄσφρησις.
3614 5523 3739 5577 οὔτε

2157 5611 2267 5666 τῶν
2312 5613 2617 5684 αἰσθήσεων
2674 5617 3200 5686 στενοχωρουμένων
3252 5618 3345 5671 ὑπ’
3401 5615 3735 5689 ἀλλήλωι,ῆ

2165 5708 2185 5739 ⁸
2225 5708 2383 5764 Joan.
2420 5725 2457 5776 ι,
2489 5712 2542 5766 5.
2652 5712 2673 5742 ⁸
2706 5710 2908 5783 Ephes.
2938 5729 3019 5780 tu,
3048 5715 3129 5768 l7.
