4036 6210
328 284 438 346 ess

1249 290 1622 352 PANOPLIA
1657 291 2110 360 DOGMATICA.
2148 317 2219 336 -·-
2257 299 2387 359 TIT
2448 299 2599 366 XIV.

3463 308 3571 372 890

327 397 751 464 ἐκθλιϐομένων,
781 397 903 452 οὔτε
949 402 1054 455 τῶν
1088 403 1359 472 αἰσθητῶν
1387 406 1791 478 ἐλαττουμένων
1823 413 1898 478 τῷ

2003 413 2201 467 rimum
2227 431 2419 471 vocum
2447 420 2596 472 auris
2621 435 2723 474 una
2756 435 2922 490 capax
2945 432 3050 486 est,
3073 434 3127 480 et
3160 427 3447 482 multorum
3473 447 3569 486 ora

328 489 391 536 πει
406 487 527 554 ήθει
555 487 657 557 τῆς
689 488 1050 560 ἀντιλήψεως.

2002 505 2195 559 iisdem
2237 511 2500 577 aspectari
2541 512 2714 564 oculis
2747 523 3003 581 possunt,
3039 519 3341 587 odoresque
3369 520 3568 577 olfactu

324 581 516 681 eodem
540 580 766 650 percipi,
797 582 868 636 ita
903 593 958 637 ut
991 600 1092 639 nec
1125 601 1318 644 sensus
1345 599 1534 645 mutuo
1561 592 2010 663 comprimantur,
2044 595 2128 650 vel
2156 599 2515 654 extrudantur
2542 643 2556 666 ,
2589 619 2687 657 uec
2720 620 2804 658 res
2838 580 3064 663 sensiles
3104 611 3174 665 ob
3209 580 3573 681 perceptionis

323 671 536 738 eopiam
569 673 982 731 imminuantur.

390 781 502 835 Ποῦ
548 781 604 834 δὲ
647 783 743 835 καὶ
791 781 996 845 τέλειος
1047 783 1173 848 νοῦς
1230 787 1522 852 ἀνθρώπου
1564 787 1597 857 ἦ
1649 789 1902 856 ἀγγέλου,

320 870 602 940 συγκρίσει
633 869 905 941 θεότητος,
951 871 1038 923 ἵνα
1066 872 1126 924 τὸ
1154 873 1340 944 ἕτερον
1371 874 1591 945 ἐκθλιϐῇ
1630 877 1901 947 παρουσίᾳ

319 962 410 1014 τοῦ
447 961 718 1032 μείζονος
742 960 864 1013 οὐδὲ
894 961 1001 1032 γὰρ
1023 962 1164 1033 αύγή
1193 981 1244 1015 τι
1413 964 1549 1034 πρὸς
1576 965 1747 1035 ἥλιον,
1781 966 1900 1019 οὐδὲ

318 1053 457 1116 νοτὶς
480 1051 634 1122 όλίγη
671 1051 806 1124 πρὸς
840 1052 1110 1122 ποταμὸν,
1154 1054 1240 1106 ἴνα
1270 1053 1336 1107 τὰ
1379 1055 1551 1124 μικρά
1589 1056 1900 1126 προανέλω-

319 1159 419 1213 μεν
447 1182 462 1204 ,
609 1141 759 1194 οίκου
798 1142 897 1212 μὲν
927 1143 1120 1213 αὐγὴν,
1156 1144 1260 1214 γῆς
1293 1144 1350 1197 δὲ
1391 1145 1592 1209 νοτίδα,
1627 1147 1722 1200 καὶ
1757 1144 1901 1200 οὕτω

316 1232 541 1303 χωρηθῇ
573 1231 640 1285 τά
675 1232 844 1302 μείζω
877 1233 971 1285 καὶ
1006 1233 1328 1304 τελεώτερα.
1365 1234 1489 1300 Πῶς
1515 1236 1624 1306 γὰρ
1660 1239 1901 1308 χωρήσει

317 1323 411 1376 δύο
441 1323 638 1384 τέλεια,
673 1318 822 1387 οἶκος
853 1325 953 1394 μὲν
983 1325 1157 1395 αὐγὴν
1189 1328 1286 1380 καὶ
1317 1327 1490 1396 ἥλιον,
1527 1328 1601 1398 γῆ
1631 1329 1686 1382 δὲ
1720 1329 1900 1383 νοτίδα

318 1415 412 1468 καὶ
447 1414 709 1484 ποταμὸν,
749 1415 906 1468 τοῦτο
945 1415 1384 1488 διασκεφώρεθω
1422 1418 1516 1472 καὶ
1556 1418 1664 1490 γὰρ
1699 1419 1900 1490 πολλῆς

316 1505 486 1569 ὄντως
521 1506 582 1559 τὸ
612 1508 842 1577 πρᾶγμα
866 1507 1146 1578 φροντίδος
1173 1507 1339 1572 ἀξιον.
1373 1511 1444 1563 Ἢ
1476 1511 1789 1578 ἀγνοοῦσιν,
1818 1512 1899 1565 ὅτι

285 1589 378 1649 ’τὸ
416 1599 550 1668 πρός
591 1615 643 1650 τι
683 1598 887 1651 τέλειον
929 1598 1064 1669 πρὸς
1116 1599 1301 1669 ἕτερον
1345 1602 1552 1666 ἀτελὲς,
1602 1603 1677 1666 ὼς
1713 1603 1899 1674 βουνὸς

320 1690 458 1758 πρὸς
493 1689 636 1760 ὅρος,
676 1691 770 1744 καὶ
810 1691 1006 1754 κόκκος
1053 1693 1256 1756 νάπυος
1307 1695 1443 1766 πρὸς
1489 1695 1720 1766 κύαμον,
1773 1698 1808 1768 ἡ
1845 1715 1899 1750 τι

318 1776 448 1833 ἄλλο
488 1781 594 1833 τῶν
639 1781 898 1851 μειζόνων
940 1785 1288 1854 σπερμάτων,
1335 1786 1438 1838 κᾶν
1477 1788 1585 1839 τῶν
1620 1790 1900 1857 ὁμογενῶν

320 1873 506 1941 μεῖζον
538 1871 785 1942 λέγηται·
819 1872 945 1926 εἰδὲ
974 1873 1174 1942 βούλει,
1205 1876 1301 1928 καὶ
1329 1875 1559 1945 ἄγγελος
1580 1879 1716 1942 πρὸς
1745 1880 1896 1946 Θεὸν,

317 1960 413 2016 καὶ
451 1963 589 2035 πρὸς
626 1963 855 2032 ἄγγελον
893 1964 1208 2035 ἀνθρωπος;
1249 1967 1463 2020 Τέλειον
1501 1963 1596 2021 οὖν
1637 1969 1901 2040 ἡμέτερος

315 2053 462 2120 νοῦς,
494 2055 587 2108 καὶ
611 2056 962 2126 ἡγεμονικὸν,
1001 2056 1134 2110 ἀλλὰ
1165 2056 1342 2128 ψυχῆς
1377 2059 1469 2112 καὶ
1499 2058 1767 2129 σώματος,
1801 2061 1899 2132 οὐχ

2074 787 2193 843 1am
2224 805 2356 845 vero
2383 807 2622 860 quonam
2658 802 2821 861 pacto
2868 808 3025 848 mens
3053 793 3310 858 hominis,
3350 803 3444 849 aut
3475 812 3578 851 an-

2001 881 2127 952 geli,
2163 883 2208 938 si
2251 898 2375 936 cum
2420 883 2707 938 divinitate
2756 892 3128 953 comparetur,
3182 886 3424 956 perfecta
3467 888 3577 944 dici

1999 981 2184 1041 queat,
2211 981 2270 1026 ut
2299 974 2527 1027 alterum
2560 974 2681 1028 loco
2711 974 2906 1028 cedere
2935 983 3163 1043 cogatur
3194 975 3414 1044 majoris
3441 992 3578 1045 pras-

1999 1064 2215 1118 sentia?
2246 1061 2432 1132 Neque
2459 1064 2602 1118 enim
2651 1065 2910 1133 splendor
2950 1065 3181 1133 aliquid,
3224 1065 3268 1120 si
3304 1082 3428 1119 cum
3464 1067 3578 1121 sole

1998 1156 2336 1217 eoul’eratur,
2369 1171 2470 1210 nec
2645 1155 2843 1208 humor
2872 1155 3124 1224 exiguus,
3160 1155 3205 1209 si
3236 1171 3358 1210 cum
3389 1156 3578 1222 ﬂuvio;

2000 1252 2060 1298 ut
2100 1260 2223 1313 qua:
2261 1260 2428 1314 parva
2480 1251 2609 1299 sunt
2645 1245 2796 1313 prius
2846 1245 3295 1308 submoveamus,
3343 1261 3374 1300 ε
3414 1245 3580 1299 domo

1999 1333 2373 1406 splendorem,
2403 1351 2434 1390 e
2469 1344 2614 1388 terra
2648 1335 2957 1399 humorem,
3006 1342 3170 1402 atque
3209 1334 3282 1386 ita
3313 1349 3432 1403 qua:
3462 1349 3578 1386 ma-

1992 1430 2116 1500 jora
2155 1437 2284 1485 sunt
2319 1438 2370 1483 et
2414 1427 2740 1498 perfectiora
2795 1427 3106 1495 capiantur.
3146 1426 3392 1492 Quonam
3432 1426 3578 1480 enim

1999 1523 2162 1575 modo
2194 1523 2304 1574 duo
2327 1519 2566 1590 perfecta
2591 1519 2972 1583 continebunt,
3009 1519 3134 1572 hinc
3163 1534 3352 1588 nempe
3383 1518 3581 1573 domus

1998 1611 2347 1680 Splendorcm
2383 1618 2438 1664 et
2473 1609 2666 1670 solem,
2703 1609 2828 1662 hinc
2866 1624 3084 1663 rursum
3117 1618 3261 1662 terra
3291 1609 3580 1661 humorem

1997 1705 2050 1751 et
2095 1695 2342 1760 ﬂuvium,
2389 1697 2493 1750 hoc
2536 1695 2992 1758 consideremus;
3031 1711 3228 1765 magna
3276 1700 3417 1749 enim
3454 1710 3581 1764 pro-

1999 1786 2146 1842 fecto
2174 1801 2307 1841 cura
2337 1794 2392 1840 et
2426 1786 2906 1840 animadversione
2941 1801 3030 1840 res
3060 1786 3224 1854 digna
3269 1793 3376 1839 est.
3409 1786 3490 1836 Au
3522 1785 3582 1837 il-

2000 1878 2092 1932 lud
2133 1893 2229 1932 eos
2271 1876 2428 1946 fugit,
2478 1876 2622 1946 quod
2677 1892 2763 1930 res
2815 1877 3028 1942 eadem,
3072 1891 3196 1945 quae
3231 1890 3356 1929 cum
3397 1874 3580 1943 aliqua

1998 1969 2196 2022 collata
2222 1967 2462 2038 perfecta
2499 1977 2604 2030 est,
2634 1967 2862 2022 alterius
2892 1967 3103 2022 ratione
3133 1965 3451 2036 imperfecta
3485 1966 3578 2029 sit,

2001 2067 2061 2111 ut
2105 2059 2262 2112 collis
2303 2073 2430 2112 cum
2473 2067 2660 2112 monte
2703 2057 2961 2122 collatus,
2995 2065 3048 2111 et
3096 2071 3326 2127 granum
3370 2055 3580 2124 sinapis

318 2147 508 2209 ἅπλῶς
539 2147 767 2211 τέλειον,
807 2147 944 2201 Θεοῦ
979 2148 1034 2200 δὲ
1070 2148 1254 2202 δοῦλον
1287 2150 1382 2203 καὶ
1417 2152 1744 2222 ὑποχείριον,
1786 2152 1898 2206 ἀλλ’

2003 2164 2129 2202 cum
2163 2148 2304 2214 faba,
2335 2157 2428 2202 aut
2456 2149 2564 2201 alio
2593 2148 2852 2217 quopiam
2882 2147 3076 2216 majori
3107 2147 3337 2209 semine,
3363 2145 3578 2200 etiamsi

316 2235 378 2290 ού
406 2237 854 2308 συνηγεμονικὸν,
883 2237 1002 2290 οὐδὲ
1028 2237 1312 2309 ὁμότιμον.
1343 2239 1495 2292 Ἐπεὶ
1522 2241 1616 2293 καὶ
1644 2241 1902 2310 Μωῦσῆς,

316 2325 517 2396 Φαραὼ
536 2326 632 2395 μὲν
657 2325 794 2389 θεὸς,
819 2325 954 2379 Θεοῦ
975 2327 1030 2379 δὲ
1055 2327 1327 2398 Θεράπων,
1363 2329 1439 2392 ὠς
1462 2330 1898 2400 ἀναγέγραπται·

317 2418 413 2470 καὶ
448 2419 675 2488 ἀστέρες
705 2417 875 2471 νύκτα
915 2419 1014 2488 μὲν
1053 2419 1488 2490 περιλάμπουσιν
1515 2459 1533 2482 .
1676 2423 1810 2492 ἡλίῳ
1845 2423 1904 2477 δὲ

319 2510 683 2578 κρύπτονται,
710 2509 812 2572 ὡς,
845 2509 965 2580 μηδ’
995 2511 1077 2562 ὃτι
1107 2511 1276 2573 εἰσιν,
1308 2511 1489 2581 ἡμέρᾳ
1518 2511 1899 2582 γνωρίζεσθαιο

318 2598 416 2651 καὶ
453 2597 674 2668 λαμπάς
703 2597 856 2669 ὀλίγη
904 2600 1117 2672 μεγάλῃ
1153 2602 1397 2670 πυρκαῖᾷ
1577 2605 1900 2674 προσχωρή-

319 2703 491 2751 σασα,
524 2685 650 2739 οὔτε
686 2687 1012 2748 ἀπόλλυται,
1048 2687 1172 2739 οὗτε
1203 2687 1472 2756 φαίνεται,
1509 2688 1633 2740 οὔτε
1671 2691 1899 2760 χωρίζε-

316 2794 409 2828 ται
471 2812 488 2838 ,
654 2778 769 2830 ἀλλ’
809 2778 929 2830 ὅλον
972 2779 1087 2830 ἐστὶ
1131 2778 1374 2848 πυρκαϊὰ
1423 2813 1439 2839 ,

315 2865 532 2934 ἔχοντος
565 2866 973 2938 ὲκνικήσαντος.

1598 2779 1692 2832 τοῦ
1730 2781 1900 2850 ὑπερο

2003 2240 2094 2303 iis,
2124 2254 2244 2308 quae
2271 2238 2517 2306 ejusdem
2557 2246 2687 2292 sunt
2711 2238 2951 2307 generis,
2987 2238 3166 2306 majus
3189 2236 3405 2291 dicatur
3433 2253 3446 2288 :
3480 2251 3580 2290 an-

2002 2331 2156 2400 gelus
2181 2330 2346 2383 etiam
2391 2330 2435 2383 si
2471 2329 2546 2382 ita
2590 2329 2764 2391 lubet,
2813 2343 2937 2381 cum
2976 2327 3110 2390 Deo,
3155 2335 3209 2381 et
3249 2326 3412 2380 homo
3455 2339 3580 2380 cum

2005 2419 2238 2486 angelo?
2259 2417 2531 2483 Quocirca
2555 2433 2710 2473 mens
2737 2425 2950 2478 nostra,
2978 2416 3220 2486 perlecta
3243 2415 3332 2468 illa
3359 2415 3580 2484 quidem

2004 2517 2110 2572 εει,
2155 2516 2209 2564 ει
2245 2509 2615 2579 principatum
2661 2515 2832 2571 tenet,
2878 2523 3068 2562 verum
3126 2508 3184 2561 in
3235 2505 3474 2560 animam
3525 2513 3580 2560 et

2005 2615 2244 2670 corpus;
2276 2615 2385 2654 non
2417 2608 2600 2656 autem
2648 2601 2970 2670 simpliciter
3001 2598 3280 2669 perfecta;
3317 2597 3409 2653 Dei
3450 2611 3582 2652 vero

2007 2707 2165 2747 serva
2201 2701 2257 2746 et
2308 2692 2525 2746 subdita
2575 2699 2681 2754 est,
2718 2707 2825 2744 non
2875 2690 3220 2760 principatus
3255 2690 3426 2749 socia,
3481 2703 3579 2742 nec

2005 2781 2123 2848 pari
2161 2780 2372 2835 honore
2407 2779 2655 2849 praadita.
2685 2779 3142 2848 Quandoquidem
3171 2778 3334 2833 etiam
3375 2775 3579 2837 Moses,

2008 2869 2309 2925 Pharaonis
2331 2871 2552 2940 quidem
2575 2870 2711 2926 deus
2756 2873 2798 2932 ',
2818 2870 2912 2924 Dei
2939 2878 3120 2924 autem
3149 2866 3389 2923 famulus
3410 2873 3496 2921 est
3535 2872 3579 2929 ¹,

316 2963 379 3008 ιιι
427 2954 654 3010 Litteris
709 2957 888 3010 sacris
933 2957 1211 3026 proditum
1265 2956 1534 3023 habetur;
1577 2965 1633 3012 et
1672 2959 1844 3012 stellae
1879 2969 2093 3014 noctem
2130 2961 2445 3028 illustrant,
2480 2977 2510 3014 a
2539 2962 2656 3016 sole
2687 2971 2867 3016 autem
2898 2961 3269 3027 occultantur,
3301 2961 3375 3014 ita
3406 2967 3465 3013 ut
3494 2959 3579 3012 in-

315 3049 494 3103 terdiu
537 3065 608 3105 ne
643 3065 739 3106 eas
795 3051 1016 3120 quidem
1067 3064 1190 3104 esse
1247 3051 1472 3120 agnosd
1525 3051 1740 3120 possit;
1795 3060 1858 3127 et.
1901 3054 2097 3124 exigua
2145 3056 2370 3109 lucerna
2419 3070 2618 3124 magno
2669 3054 2938 3109 accedens
2993 3069 3228 3108 accenso
3281 3068 3435 3123 rogo,
3482 3067 3578 3108 nec

314 3142 707 3210 exstinguitur,
739 3157 842 3196 nec
869 3142 1033 3206 lucet,
1081 3155 1184 3194 nec
1223 3140 1584 3211 disjungitur,
1619 3142 1716 3197 sed
1758 3149 1936 3196 totum
1975 3157 2143 3214 rogus
2181 3153 2268 3200 est
2311 3158 2377 3198 ac
2406 3143 2647 3210 ﬂamma,
2690 3151 2990 3213 superante
3033 3143 3293 3197 nimirum
3329 3157 3396 3198 eo
3435 3141 3578 3212 quod

313 3232 667 3300 praestantius
696 3239 798 3287 est.

398 3323 560 3376 Ἀλλά
610 3323 955 3393 κατάκριτος,
1006 3323 1193 3392 φησιν,
1242 3323 1270 3375 ό
1308 3322 1576 3392 ἡμέτερος
1621 3322 1765 3384 νοῦς.
1820 3322 1886 3374 Τί

2066 3322 2138 3374 At
2166 3336 2318 3376 mens
2345 3330 2554 3386 nostra,
2578 3321 2775 3391 inquit,
2807 3321 3065 3376 damnata
3085 3330 3189 3377 cst.
3223 3321 3364 3388 Quid
3388 3333 3572 3383 autem

313 3413 404 3465 δαὶ
437 3414 470 3482 ἡ
507 3413 674 3482 σάρξς
726 3413 788 3465 ού
841 3413 1208 3483 κατάκριτος;
1267 3413 1336 3464 Ἢ
1381 3412 1476 3464 καὶ
1517 3412 1722 3482 ταύτην
1756 3414 1884 3466 ἀπο-

1999 3412 2161 3466 caro?
2212 3427 2396 3467 annon
2453 3411 2746 3466 damnata?
2799 3411 2983 3479 Quare
3041 3422 3137 3467 aut
3182 3415 3322 3470 hanc
3363 3431 3579 3487 quoque

317 3504 584 3556 σκεύασαι
613 3503 701 3556 διὰ
721 3504 819 3574 τὴν
849 3503 1141 3575 ἁμαρτίαν.
1177 3503 1209 3572 ἦ
1241 3504 1493 3556 κάκεῖνον
1660 3499 1900 3566 πρόσαγε

317 3593 407 3645 διὰ
437 3592 537 3662 τὴν
591 3594 886 3664 σωτηρίαν.
925 3595 988 3646 El
1021 3595 1081 3646 τὸ
1127 3596 1311 3664 χεῖρον
1359 3591 1779 3662 προσείληπται,
1829 3590 1897 3644 ἵν’

318 3685 556 3755 ἀγιασθῇ
590 3684 679 3738 διὰ
709 3685 808 3754 τῆς
841 3684 1190 3756 σαρκώσεως,
1238 3684 1301 3736 τὸ
1336 3685 1585 3753 κρεῖττον
1615 3682 1677 3734 οὐ
1727 3698 1897 3750 προσ-

315 3776 678 3847 ληφθήσεται,
711 3778 778 3829 ἵν’
815 3777 1046 3846 ἀγιασθῇ
1078 3775 1167 3829 διὰ
1196 3775 1295 3844 τῆς
1321 3773 1820 3844 ὲνανθρωπήσεως;
1849 3773 1904 3825 εί.

317 3873 349 3922 ὁ
381 3869 548 3937 πηλὸς
581 3868 838 3938 ἐζυμώθη
893 3869 986 3921 καὶ
1013 3868 1131 3920 νέον
1173 3865 1403 3936 φύραμα
1444 3865 1688 3932 γέγονεν,
1730 3857 1776 3916 ὦ
1820 3879 1902 3916 σο-

318 3961 434 4028 φοὶ,
474 3962 508 4030 ἡ
541 3958 706 4012 εἰκὼν
749 3961 810 4012 οὐ
845 3959 1251 4030 ζυμωθὴσεται,
1291 3957 1386 4011 καὶ
1419 3955 1557 4028 πρὸς
1597 3954 1730 4008 Θεὺν
1769 3955 1900 4008 ἀνα-

320 4049 655 4120 κραθήσεται
712 4083 729 4107 ,
884 4048 1152 4102 θεωθείσα
1183 4046 1274 4101 διὰ
1322 4047 1422 4117 τῆς
1463 4045 1899 4115 θεότητος;·Κά-·

319 4142 470 4193 κεῖνο
505 4141 562 4194 δὲ
746 4139 1156 4210 προσθήσομενο
1190 4140 1239 4191 εί
1268 4137 1586 4191 διέπτυσται
1625 4136 1843 4198 πάντως
1871 4134 1900 4189 ὁ

319 4229 444 4293 νοῦς
476 4232 550 4293 ὡς
584 4229 954 4300 ἀμαρτητικὸς
980 4229 1076 4283 καὶ
1105 4229 1457 4299 κατάκριτος,
1494 4226 1588 4279 καὶ
1615 4226 1706 4280 διὰ
1742 4225 1902 4279 τοῦτο

319 4321 483 4391 σῶμα
539 4323 638 4390 μὲν
687 4320 1108 4392 προσείληπται,
1166 4319 1292 4384 νοῦς
1338 4320 1396 4373 δὲ
1449 4317 1898 4390 παραλέλειπται,

323 4410 622 4481 συγγνώμη
665 4413 778 4474 τοῖς
811 4410 1063 4464 πταίουσι
1102 4410 1230 4480 περὶ
1258 4409 1405 4464 νοῦν.
1453 4409 1745 4480 Μαρτυρία
1791 4409 1900 4481 γὰρ

319 4498 460 4551 Θεοῦ
505 4497 644 4552 κατά
689 4499 750 4553 σὲ
943 4499 1129 4568 σαφῶς
1161 4499 1330 4564 ἔδειξε
1360 4499 1423 4552 τὸ
1463 4499 1561 4569 τῆς
1603 4498 1901 4566 θεραπείας

318 4590 604 4644 ἀδύνατον.
637 4592 792 4644 Εἴπω
835 4589 896 4644 τὸ
943 4591 1160 4661 μεῖζονο
1189 4590 1276 4642 ’σὺ
1321 4589 1421 4661 μὲν
1464 4589 1554 4642 διὰ
1587 4587 1748 4642 τοῦτο
1779 4590 1899 4642 ἀτι-

2001 3508 2223 3570 propter
2268 3511 2553 3570 peccatum
2594 3501 2792 3570 abjice,
2849 3509 2943 3555 aut
2986 3503 3135 3556 illam
3170 3506 3334 3572 etiam
3360 3513 3577 3576 propter

1999 3591 2228 3644 salutem
2261 3592 2517 3660 adjunge.
2551 3591 2608 3645 Si
2649 3589 2797 3659 quod
2831 3591 3074 3646 deterius
3104 3601 3209 3656 est,
3235 3603 3577 3664 assumptum

1999 3687 2106 3743 est,
2158 3687 2220 3733 ut
2272 3695 2370 3748 per
2433 3679 2870 3734 incarnationem
2922 3681 3337 3750 sanctiﬁcetur;
3369 3699 3578 3752 annon,

1999 3769 2144 3838 quod
2169 3769 2525 3838 praestantius
2551 3780 2656 3834 est,
2690 3778 3025 3834 assumetur,
3055 3779 3113 3824 ut
3133 3786 3228 3840 per
3267 3773 3576 3829 humanita-

2001 3859 2072 3914 tis
2126 3862 2530 3928 susceptionem
2589 3861 2882 3917 sanctitate
2947 3860 3259 3916 afliciatur?
3303 3862 3359 3918 Si
3403 3865 3576 3921 lutum

2001 3948 2384 4004 fermentatum
2429 3960 2593 4016 est,o
2632 3951 2910 4021 sapientes
2965 3951 3088 4016 viri,
3132 3967 3198 4007 ac
3251 3970 3392 4010 nova
3439 3971 3576 4011 con-

2001 4042 2213 4110 spersio
2239 4043 2452 4097 exstitit
2523 4042 2568 4110 ³,
2623 4042 2803 4113 imago
2838 4043 2956 4112 ipsa
2994 4058 3100 4097 non
3132 4043 3576 4115 fermentabitur,

1999 4143 2052 4186 et
2075 4148 2200 4187 eum
2226 4132 2336 4188 Deo
2365 4134 2780 4204 temperabitur,
2809 4149 2903 4203 per
2925 4133 3268 4191 divinitatem
3304 4137 3577 4196 deiﬁcatai

1999 4225 2143 4290 Quin
2172 4224 2278 4279 hoc
2330 4240 2548 4295 quoque
2585 4225 2913 4296 adjiciemus
2941 4243 2954 4278 :
2988 4228 3034 4282 si
3067 4243 3245 4292 mens,
3293 4236 3356 4283 ut
3382 4215 3574 4301 pecca-

1999 4317 2110 4370 trix
2143 4323 2199 4372 et
2228 4316 2505 4382 damnata,
2555 4318 2781 4373 omnino
2829 4326 3014 4388 spreta
3040 4327 3095 4374 et
3127 4319 3332 4390 rejecta
3370 4331 3476 4388 est,
3505 4322 3582 4379 ob

1998 4421 2230 4477 eamque
2258 4422 2482 4462 causam
2533 4408 2740 4464 omissa
2773 4418 2958 4465 mente
2989 4425 3194 4481 corpus
3230 4420 3576 4482 assumptum

1998 4505 2104 4563 est,
2137 4499 2346 4569 ignosci
2410 4499 2601 4569 utique
2640 4515 2740 4569 par
2773 4508 2857 4556 est
2887 4501 2976 4566 iis,
3017 4503 3112 4572 qui
3157 4502 3304 4558 circa
3339 4513 3576 4560 mentem

1999 4599 2245 4656 peccant.
2295 4587 2388 4643 Dei
2447 4589 2593 4644 enim
2643 4591 2986 4657 testimonio,
3030 4592 3098 4648 de
3147 4601 3240 4646 tua
3279 4595 3574 4662 sententia,

322 4682 539 4753 μάξεις,
606 4675 652 4736 ὦ
719 4682 985 4752 βέλτιστε,
1048 4681 1140 4734 τὸν
1194 4680 1326 4752 ἐμὸν
1365 4680 1490 4736 νοῦν
1553 4680 1649 4751 (ὡς
1698 4697 1898 4750 σαρκο-

1999 4689 2187 4750 aperte
2206 4682 2646 4736 demonstratum
2673 4693 2778 4747 est,
2807 4699 2926 4739 eam
2958 4686 3109 4740 nulla
3144 4686 3358 4740 ratione
3390 4687 3574 4742 curari

317 4773 545 4844 λὰτρης,
564 4772 723 4844 εἴπερ
745 4772 1203 4843 ἀνθρωπολάτρης
1219 4771 1332 4840 ἐγώ
1376 4799 1394 4826 ς
1517 4770 1603 4825 τνα
1626 4772 1892 4844 συνδήσῃς

318 4869 454 4921 Θεὸν
481 4868 617 4940 πρὸς
644 4867 844 4939 σάρκα,
865 4865 947 4928 ,ὡς
978 4865 1078 4918 οὐκ
1125 4863 1298 4928 ἄλλως
1322 4863 1544 4933 δεθῆναι
1577 4863 1893 4934 δυνάμενον,

319 4959 416 5011 καὶ
465 4959 552 5012 διὰ
595 4957 752 5012 τοῦτο
798 4954 1034 5026 ὲξαιρεῖς
1081 4953 1143 5006 τὸ
1189 4953 1521 5024 μεσότοιχον.
1573 4955 1632 5006 ’0
1663 4955 1721 5007 δὲ
1763 4955 1896 5023 ὲμὺς

317 5047 477 5113 λόγος
518 5047 622 5111 τίς,
656 5046 748 5099 τοῦ
781 5043 1112 5114 ἀφιλοσόφου
1145 5042 1239 5094 καὶ
1280 5042 1646 5108 ἀπαιδεύτους
1685 5044 1714 5094 ὁ
1769 5041 1893 5104 νοῦς

318 5139 400 5209 τῷ
427 5138 505 5192 νοτ
533 5139 806 5209 μίγνυται,
851 5136 926 5199 ὡς
977 5135 1258 5205 ἐγγυτέρῳ
1303 5134 1396 5187 καὶ
1430 5134 1760 5204 οἰκειοτέρῳ,
1799 5133 1894 5185 καὶ

318 5232 409 5285 διὰ
443 5231 632 5284 τούτου
663 5231 825 5302 σαρκὶ
863 5226 1238 5299 μεσιτεύοντος
1417 5226 1630 5296 θεότητι
1663 5226 1757 5280 καὶ
1791 5244 1894 5280 πα-

319 5337 531 5392 χυτητι.

393 5582 490 5644 Τίς
531 5582 586 5635 δὲ
631 5580 725 5634 καὶ
766 5582 794 5634 ὁ
837 5579 994 5648 λόγος
1039 5575 1222 5637 αὐτοῖς
1268 5575 1366 5644 τῆς
1411 5554 1890 5644 ἐνανορωπήσεῶς,

407 5756 422 5786 ⁸
451 5751 616 5810 Exod.
655 5769 744 5816 vn,
771 5755 816 5807 l.
929 5751 948 5780 ¹
987 5762 1102 5803 tus.
1143 5765 1182 5814 ι,
1219 5750 1301 5804 15.
1413 5751 1433 5779 ⁴
1462 5750 1482 5804 l
1512 5751 1642 5806 Cor.
1669 5768 1722 5818 ν,
1757 5750 1810 5805 7.

929 5751 948 5780 ¹
987 5762 1102 5803 ws.
1143 5765 1182 5814 ι,
1219 5749 1301 5804 15.

2000 4788 2182 4842 posse.
2237 4772 2493 4829 Dicamne
2539 4775 2685 4844 quod
2725 4776 2903 4843 majus
2937 4778 3051 4833 est?
3073 4775 3154 4832 'l'u
3194 4777 3433 4848 quidem.
3477 4793 3573 4848 op-

1992 4862 2123 4915 time
2151 4860 2235 4914 vir
2275 4861 2552 4930 (tanquam
2580 4862 2898 4929 sarcolatra,
2920 4861 3185 4931 siquidem
3216 4877 3316 4931 ego
3344 4862 3573 4916 antliro—

1991 4951 2204 5020 polatra
2231 4955 2399 5018 sum),
2429 4950 2636 5006 idcirco
2667 4961 2906 5016 mentem,
2935 4967 3110 5007 meam
3146 4953 3474 5012 contemnis.
3511 4963 3572 5008 ut

1993 5042 2163 5096 Deum
2190 5057 2314 5097 cum
2347 5057 2515 5096 carne
2537 5041 2817 5098 devincias
2978 5043 3203 5114 perinde
3226 5051 3390 5114 atque
3413 5045 3572 5100 aliter

1992 5133 2220 5201 astringi
2267 5141 2524 5204 nequeat,
2569 5135 2639 5188 ob
2664 5133 2827 5206 idque
2873 5135 3258 5190 intermedium
3306 5135 3567 5204 parietem

1994 5223 2140 5276 tollis
2185 5227 2224 5277 ⁸.
2237 5223 2357 5277 Mea
2375 5228 2554 5277 autem
2574 5223 2736 5289 ratio,
2757 5223 2857 5278 hoc
2869 5230 2974 5287 est,
2995 5223 3231 5279 hominis
3246 5224 3468 5279 minime
3489 5239 3572 5279 sa-

1995 5311 2190 5378 pientis
2219 5317 2274 5364 et
2289 5310 2512 5376 eruditi,
2550 5327 2797 5382 quaenam
2829 5313 2951 5367 est?
2972 5311 3124 5367 Mens
3139 5313 3327 5376 menti,
3350 5321 3410 5367 ut
3438 5329 3567 5384 pro-

1995 5397 2267 5466 piuquiori
2285 5404 2338 5452 et
2358 5397 2745 5468 conjunctiori,
2766 5400 3034 5469 jungitur,
3049 5415 3111 5453 ac
3139 5414 3235 5468 per
3249 5414 3368 5454 eam
3387 5401 3562 5464 carni,

1995 5486 2135 5540 inter
2157 5485 2493 5540 divinitatem
2525 5496 2580 5542 et
2605 5488 2788 5542 carnis
2820 5487 3014 5540 molem
3041 5526 3056 5550 ,
3091 5488 3564 5544 iutervenientem.

2064 5576 2237 5631 Porro
2265 5585 2468 5644 autem,
2500 5593 2662 5650 quam
2701 5577 3057 5636 humanitatis
3098 5589 3418 5650 assumpta,
3454 5581 3562 5648 vel,

1916 5751 1940 5784 ⁸
1969 5749 2171 5822 Ephes.
2207 5767 2266 5820 tt,
2301 5753 2385 5809 Η.
