4042 6208
531 283 633 347 891‘

536 435 596 480 ut
625 427 725 496 ipsi
759 427 1077 497 loquuntur,
1114 429 1530 490 incarnationis.
1586 449 1806 489 causam
1853 439 2086 494 aﬂ'erant

2203 437 2419 506 ἴδωμεν,
2457 437 2631 489 εῖτουν
2674 437 3022 508 σαρκώςεως,

533 518 839 572 videamus.
874 518 1153 588 Siquidem
1187 530 1243 572 ut
1277 520 1416 573 Deus
1441 523 1642 591 alioqui
1677 526 2092 597 incomprehen-

532 607 742 669 sibilis,
773 610 1280 677 comprehendatur,
1325 625 1387 664 ac
1429 615 1530 665 sub
1565 630 1750 676 carne,
1784 621 1939 686 quasi
1982 623 2100 676 velo

530 699 788 768 quodam,
829 713 950 749 cum
991 697 1302 752 hominibus
1343 710 1607 761 versetur,
1641 705 1773 757 scita
1817 722 1948 760 sane
1975 708 2090 764 haec

486 852 488 856 τ
530 787 668 854 ipsis
689 788 842 856 larva
867 795 971 850 est,
1002 796 1056 840 et
1085 789 1391 857 hypocrisis
1420 791 1599 844 fabula
1623 812 1634 846 :
1657 801 1712 846 ut
1745 795 1957 850 interim
1991 815 2094 852 non

528 877 703 928 dicam
724 861 841 930 alio
873 893 1087 946 quoilue
1117 879 1274 931 modo
1300 881 1412 934 fieri
1442 884 1705 960 potuisse,
1728 895 1783 938 ut
1811 889 2092 942 uobiscum

517 977 874 1038 versaretur,
928 967 1381 1036 quemadmodum
1427 975 1578 1040 prius
1608 976 1657 1027 in
1693 976 1834 1044 ignis
1871 981 2007 1032 rubo
2055 986 2091 1043 ί,

524 1065 578 1108 et
603 1056 774 1110 forma
811 1060 1046 1113 humana
1093 1063 1133 1113 '.
1167 1061 1222 1112 Si
1257 1071 1434 1114 autem
1498 1073 1556 1116 ut
1601 1066 1764 1119 simili
1796 1085 1890 1136 per
1918 1072 2098 1127 simile

524 1147 864 1221 sanctiﬁcato
901 1149 1102 1215 peccati
1158 1149 1557 1205 damnationem
1600 1158 1792 1219 solvat,
1833 1162 2084 1226 profecto

522 1237 975 1303 quemadmodum
1030 1254 1201 1314 carne
1241 1251 1461 1310 propter
1493 1258 1710 1299 carnem
1756 1248 2090 1315 damnatam,

521 1339 574 1379 et
621 1327 798 1379 anima
855 1338 1072 1398 propter
1135 1331 1368 1383 animam
1401 1348 1538 1401 Opus
1567 1335 1775 1399 habuit,
1813 1339 1884 1391 ita
1927 1344 2090 1394 etiam

520 1428 702 1472 mente
727 1428 943 1487 propter
963 1430 1224 1486 mentem,
1271 1432 1455 1492 utpote
1486 1441 1606 1495 qua:
1639 1426 1690 1479 in
1744 1428 1952 1482 Adamn
1981 1448 2088 1485 non

520 1506 696 1558 solum
771 1513 1110 1576 peccaverit,
1173 1513 1266 1566 sed
1321 1516 1592 1583 etprima
1657 1517 1846 1571 aliccta
1903 1519 2088 1587 fuerit,

519 1597 977 1661 quemadmodum
1010 1603 1203 1656 medici
1238 1603 1292 1656 in
1321 1607 1529 1659 morbis
1575 1607 1896 1675 loquuntur.
1934 1609 2088 1675 Quod

1753 292 2135 353 EUTiinili
2177 291 2536 352 ZiGAiiETU

3671 307 3823 370 892

3074 441 3149 504 ὼς
3201 441 3354 496 αὐτοὶ
3400 444 3671 512 λέγουσιν.
3724 449 3814 504 ΕΙ

2203 525 2302 594 μὲν
2346 526 2431 578 ἵνα
2460 526 2681 596 χωρηθῇ
2710 527 2861 590 Θεὸς,
2906 527 3080 591 ἄλλως
3111 529 3396 601 ἀχὼρητος
3426 534 3521 596 ὢν,
3557 539 3653 590 καὶ
3702 540 3810 603 ὡς

2201 615 2305 668 ὑπὸ
2335 619 2792 688 παραπετάσματι
2821 621 2887 687 τῇ
2921 620 3083 690 σαρκὶ
3114 624 3224 684 τοῖς
3271 623 3579 695 ἀνθρώποις
3610 647 3807 700 προσ..

2197 708 2450 778 ομιλήσῃ,
2504 710 2711 778 κομψὸν
2769 711 2829 762 τὸ
2881 715 3221 780 προσωπεῖον
3282 716 3494 781 αὐτοῖς,
3563 723 3655 773 καὶ
3721 724 3815 775 τὸ·

2195 797 2378 866 δράμα
2399 799 2498 867 τῆς
2527 800 2867 870 ὑποκρίσεως
2891 820 2906 834 ο
2941 804 3026 856 ἵνα
3065 805 3137 875 μὴ
3179 805 3322 874 λέγω
3354 808 3434 860 ὅτι
3479 811 3573 864 καὶ
3600 814 3805 878 ἄλλως

2195 890 2454 959 ὁμιλῆσαι
2499 893 2630 961 ἡμῖν
2678 888 2788 945 οἷόν
2826 912 2884 946 τε
2917 891 3006 965 ἦν,
3057 895 3246 968 ὥσπερ
3298 902 3355 952 ὲν
3409 900 3556 972 βάτῳ
3602 907 3801 976 τυρὸς

2197 980 2289 1032 καὶ
2325 979 2650 1052 ἀνθρωπίνῳ
2701 983 2827 1036 εἴδει
3025 987 3084 1040 τὸ
3130 989 3414 1061 πρότερον.
3474 995 3535 1047 Εἰ
3582 995 3638 1048 δὲ
3689 998 3798 1050 ἵνα

2187 1069 2324 1143 λύσῃ
2375 1071 2435 1123 τὺ
2490 1072 2808 1142 κατάκριμα
2852 1078 2952 1146 τῆς
3007 1078 3280 1148 ἁμαρτίας
3341 1081 3420 1151 τῷ
3480 1084 3651 1153 ὁμοίῳ
3718 1089 3795 1140 τὸ

2187 1160 2369 1228 ὅμοιον
2403 1162 2659 1228 ἁγιάσας,
2685 1162 2874 1234 ὥσπερ
2898 1168 3101 1236 σαρκὸς
3131 1168 3317 1239 ἐδέησε
3343 1171 3432 1224 διὰ
3458 1173 3558 1242 τὴν
3595 1175 3802 1246 σάρκα

2186 1251 2629 1322 κατακριθεῖσαν,
2667 1254 2758 1305 καὶ
2798 1255 2977 1326 ψυχῆς
3005 1257 3091 1310 διὰ
3133 1259 3232 1330 τὴν
3262 1261 3459 1332 ψυχὴν,
3507 1264 3650 1317 οὕτω
3681 1270 3793 1320 καὶ

2185 1339 2274 1394 νοῦ
2304 1342 2391 1394 διὰ
2419 1342 2510 1394 τὸν
2551 1342 2692 1406 νοῦν,
2725 1345 2785 1397 ού
2835 1347 3138 1401 πταίσαντα
3175 1351 3334 1418 μόνον
3364 1353 3421 1403 ὲν
3448 1353 3526 1422 τῷ
3569 1356 3781 1426 ’Δδὲμη

2186 1433 2322 1487 ἀλλὰ
2346 1434 2439 1487 καὶ
2462 1435 2988 1506 πρωτοπαθήσαντα,
3011 1438 3199 1512 ὥσπερ
3222 1445 3269 1494 oi
3302 1444 3476 1514 ἰατροὶ
3522 1445 3790 1512 λέγουσιν

2187 1525 2278 1576 ἐπὶ
2308 1525 2416 1577 τῶν
2441 1527 2909 1597 ἁῤῥωστημᾶτων.
2943 1531 3005 1584 Ὃ
3031 1531 3138 1602 γάρ
3162 1532 3260 1603 τὴν
3284 1535 3505 1606 ἐντολὴν
3532 1537 3783 1601 ὲδὲξλτο,

2184 1614 2338 1667 τοῦτο
2379 1616 2473 1668 καὶ
2509 1616 2607 1686 τὴν
2652 1618 2867 1688 ἐντολὴν
2899 1620 2998 1673 ούκ
3045 1622 3328 1689 ἐφύλαξεν⁶
3360 1625 3387 1676 ὃ
3423 1626 3479 1677 δὲ
3506 1628 3605 1678 ούκ
3637 1629 3785 1695 ἐφύ-

518 1686 664 1739 euim
701 1691 1012 1743 mandatum
1055 1695 1284 1761 accepit,
1316 1694 1419 1748 hoc
1459 1697 1715 1750 mandato
1752 1714 1967 1769 quoque
1991 1703 2086 1755 mi-

2185 1705 2347 1768 λαξε,
2391 1705 2549 1758 τοῦτο
2595 1707 2690 1760 καὶ
2892 1686 3206 1780 παράϐασιν
3232 1686 3593 1784 -ὲτόλμησεψ
3638 1686 3784 1770 δ’δὲ

518 1775 665 1828 nime
720 1777 900 1844 paruit
952 1780 1146 1848 :quod
1199 1790 1377 1835 autem
1443 1784 1664 1838 minime
1724 1790 1934 1854 paruit,
1983 1791 2085 1844 hoc

516 1862 680 1915 etiam
712 1879 775 1918 eo
804 1867 1045 1920 audacia:
1067 1883 1414 1938 progressum
1451 1882 1556 1935 est,
1587 1881 1642 1926 ut
1676 1876 1808 1928 illud
1834 1878 2080 1946 violaret;

515 1953 658 2020 quod
715 1962 892 2008 autem
928 1957 1164 2021 violavit,
1200 1959 1300 2013 hoc
1332 1961 1382 2014 in
1423 1962 1613 2030 primis
1654 1979 1871 2034 quoque
1909 1970 2082 2024 salute

2188 1797 2422 1868 παρέϐη,
2465 1797 2622 1850 τοῦτο
2670 1801 2762 1852 καὶ
2810 1803 3083 1872 σωτηρίας
3136 1804 3302 1856 ἐδεῖτο
3354 1807 3621 1875 μάλιστα;
3649 1809 3676 1859 ὂ
3713 1809 3782 1861 δὲ

2186 1886 2286 1955 τῆς
2334 1889 2603 1960 σωτηρίας
2636 1889 2823 1956 ἐδεῖτο,
2854 1892 3010 1945 τοῦτο
3036 1894 3131 1946 καὶ
3158 1895 3506 1967 προσελήφθη
3528 1913 3542 1926 ·
3575 1901 3605 1951 ὁ
3642 1898 3782 1963 νοῦς

2187 1973 2294 2045 ἄρα
2324 1977 2737 2047 προσείληπται,

512 2043 820 2113 indigebat;
846 2047 985 2114 quod
1017 2058 1194 2101 autem
1221 2051 1395 2104 salute
1423 2053 1715 2120 indigebat,
1745 2055 1846 2109 hoc
1879 2059 2040 2112 etiam
2071 2043 2411 2134 assumptum
2428 2076 2508 2121 est
2532 2086 2546 2132 ;
2569 2043 2655 2120 vita
2681 2068 2757 2129 ﬁt,
2785 2077 2844 2122 ut
2876 2085 3029 2125 mens
3057 2080 3333 2142 assumpta
3356 2075 3445 2129 sit.

585 2133 698 2186 Hoc
755 2150 930 2197 nunc,
978 2138 1142 2190 velint
1212 2141 1422 2203 nolint,
1468 2140 1899 2199 demonstratum
1961 2157 2079 2212 est,

511 2225 873 2291 geometricis,
920 2234 977 2278 ut
1024 2228 1124 2296 ipsi
1173 2229 1345 2290 aiunt,
1389 2247 1450 2284 ac
1499 2237 1831 2292 necessariis
1863 2239 2091 2292 demon-

511 2311 890 2367 strationibus.
953 2313 1031 2366 Tu
1091 2332 1218 2368 vero
1256 2319 1479 2386 prinde
1529 2320 1701 2388 facis,
1744 2339 1806 2379 ac
1854 2327 1921 2386 si.
1962 2328 2088 2382 ltcso

510 2400 752 2456 hominis
776 2405 961 2469 oculo,
993 2421 1052 2459 ac
1096 2406 1230 2476 pede
1263 2409 1490 2479 insuper
1531 2412 1760 2477 oll‘enso,
1819 2417 1938 2484 pedi
1967 2418 2088 2486 qui-

509 2492 632 2544 dem
666 2492 990 2548 medicinam
1033 2496 1343 2562 adhibcres,
1391 2503 1610 2555 oculum
1649 2515 1825 2558 autem
1873 2508 2086 2562 incura-

509 2587 624 2634 tum
679 2583 1015 2654 relinqueres
1048 2598 1200 2652 taut,
1233 2605 1358 2644 cum
1408 2594 1583 2660 pictor
1645 2596 1849 2665 aliquid
1907 2600 2084 2654 minus

511 2680 660 2727 recte
713 2675 1002 2744 pinxisset,
1063 2681 1334 2749 picturam
1377 2684 1596 2752 quidem
1636 2687 1971 2751 immutat-cs,
2002 2691 2084 2759 pi-

507 2771 713 2817 ctorem
766 2775 972 2832 autem,
1036 2771 1185 2826 velut
1227 2789 1454 2830 munere
1491 2791 1592 2830 suo
1620 2786 1768 2834 recte
1814 2779 2081 2845 functum,

508 2855 843 2919 prmterires.

1139 3076 1216 3132 Ex
1249 3084 1451 3132 eadem.

572 3214 726 3282 Quod
758 3212 827 3274 si.
863 3211 952 3267 his
990 3210 1289 3265 rationibus
1321 3209 1579 3280 prohibiti
1626 3225 1690 3264 eo
1736 3209 2077 3277 confugiunt,

505 3317 564 3362 ιιι
617 3307 808 3370 Deum,
867 3312 1071 3358 remota
1127 3306 1292 3357 etiam
1331 3312 1535 3362 mente,
1582 3301 1789 3354 homini
1846 3302 2075 3354 salutem

505 3399 696 3454 afferre
757 3411 916 3466 posse
945 3395 1149 3457 dicant,
1186 3397 1372 3461 utique
1424 3393 1601 3461 potuit
1649 3393 1836 3454 etiam,
1871 3403 2076 3445 remota

505 3502 664 3543 carne
703 3501 801 3556 per
855 3485 1022 3539 solam
1066 3485 1396 3538 voluntatem
1423 3522 1438 3543 ,
1484 3483 1939 3553 quemadmodum
1975 3485 2077 3536 alia

505 3592 717 3647 quoque
741 3578 922 3630 omnia
957 3576 1093 3630 citra
1145 3575 1390 3643 corporis
1423 3589 1642 3643 operam
1675 3584 1934 3642 operatus
1970 3586 2074 3638 est,

506 3683 547 3723 et
567 3678 847 3735 operatur.
869 3669 1047 3733 Quare
1069 3681 1193 3719 cum
1225 3673 1406 3718 mente
1433 3679 1651 3719 carnem
1685 3679 1901 3732 quoque
1926 3667 2075 3732 tolle,

505 3772 552 3813 ut
592 3762 748 3830 plena
767 3771 820 3812 et
855 3759 1091 3826 perfecta
1117 3757 1207 3810 tibi
1237 3757 1309 3810 sit
1345 3756 1642 3810 temeritas.
1673 3755 1778 3810 Sed
1812 3757 2020 3810 Scilicet
2045 3773 2074 3810 a

504 3857 675 3908 littera
711 3853 1080 3918 decipiuntur,
1115 3859 1508 3917 proptereaque
1531 3848 1598 3901 ad
1633 3863 1849 3902 carnem
1885 3865 2077 3902 accur-

505 3955 651 4009 runt,
699 3943 997 4011 Scriptura:
1060 3940 1509 3994 consuetudinem
1565 3941 1914 4008 ignorantes:
1972 3956 2074 3993 nos

502 4035 605 4089 hoc
666 4047 879 4102 quoque
933 4047 1026 4085 eos
1071 4030 1408 4084 docebimus.
1441 4029 1572 4083 Nam
1633 4031 1774 4097 quod
1826 4031 2074 4084 Christus

501 4121 706 4191 passim
751 4121 809 4174 in
862 4119 1160 4188 Scriptura,
1213 4121 1398 4181 homo,
1428 4126 1483 4171 et
1517 4117 1684 4172 Filius
1714 4119 1946 4173 hominis
1979 4135 2073 4188 ap-

503 4212 756 4279 pelletur,
788 4209 919 4278 quid
955 4209 1094 4278 apud
1126 4223 1220 4261 eos
1248 4223 1675 4262 commemorare
1705 4216 1920 4273 attinet,
1945 4227 2070 4279 qut-

506 4300 608 4354 bus
639 4298 740 4352 hoc
769 4297 1041 4367 cognitum
1075 4305 1159 4351 est
1194 4305 1247 4350 et
1272 4299 1650 4366 exploratum?

575 4378 732 4443 Quod
763 4381 806 4432 si
872 4381 1000 4434 huic
1035 4381 1154 4433 loco
1202 4381 1536 4447 innituntur,
1585 4381 1810 4436 Verbum
1846 4398 1968 4434 caro
1996 4380 2086 4448 fa-

2231 4385 2291 4437 El
2335 4385 2390 4438 δὲ
2437 4387 2857 4456 διισχυρίζονται
2896 4389 2972 4460 τῷ
3037 4427 3054 4453 ,

504 4477 645 4522 ctum
680 4480 779 4533 est,
815 4479 876 4523 ιι
919 4470 1171 4524 habitavit
1213 4472 1266 4524 in
1305 4472 1454 4526 nobis
1505 4481 1551 4536 ³,
1593 4475 1664 4527 ob
1696 4472 1880 4542 idque,
1912 4479 1971 4524 ut
1995 4487 2090 4525 su-

504 4570 652 4617 tores
686 4577 808 4633 quae
847 4561 900 4615 in
932 4562 1168 4630 pellibus
1199 4564 1472 4620 crassiora
1491 4572 1642 4628 sunt,
1688 4565 1763 4617 ita
1789 4565 1914 4634 ipsi,
1947 4563 2090 4632 quod

503 4656 558 4712 in
581 4650 800 4710 homine
824 4654 1338 4725 praestantissimum
1364 4662 1469 4718 est,
1506 4655 1802 4734 abradunt,
1837 4663 1893 4709 ut
1924 4656 2091 4708 Deum

509 4763 636 4800 cum
687 4762 853 4801 carne
906 4746 1287 4813 conglutinent
1321 4764 1332 4799 :
1366 4754 1578 4816 tempus
1624 4755 1710 4801 est
1762 4757 1819 4800 ut
1858 4748 1961 4816 ipsi
2006 4747 2092 4801 di-

513 4847 663 4899 cant,
696 4839 941 4892 carnium
967 4853 1186 4907 quoque
1217 4838 1480 4891 duntaxat
1528 4837 1695 4891 Deum
1741 4853 1865 4892 esse
1900 4837 2091 4906 Deum,

511 4942 626 4994 non
685 4937 862 4980 autem
908 4929 1072 4980 etiam
1142 4928 1471 4989 animarum,
1529 4927 1788 4996 quoniam
1827 4930 2093 4998 scriptum

508 5025 618 5080 est,
670 5015 819 5070 Sicut
872 5017 1064 5070 dediin
1115 5019 1164 5072 ei
1211 5028 1518 5084 potestatem
1571 5020 1741 5072 omnis
1783 5021 1962 5072 carnis
2020 5026 2092 5086 t;

520 5115 584 5177 α,
611 5107 693 5161 Ad
729 5120 776 5162 te
807 5112 976 5162 omnis
1009 5125 1134 5163 caro
1161 5110 1322 5163 veniet
1359 5112 1378 5141 ³
1425 5127 1440 5175 ;
1479 5117 1553 5175 et,
1585 5108 1870 5163 Benedicat
1927 5111 2095 5166 omnis

509 5216 633 5254 cura
663 5201 863 5254 nomini
923 5210 1104 5253 sancto
1141 5200 1256 5269 ejus
1295 5208 1316 5237 ⁸
1343 5217 1356 5265 ;
1401 5201 1504 5255 hoc
1536 5209 1639 5265 est,
1669 5201 1851 5254 omnis
1883 5201 2049 5255 homo
2079 5221 2093 5258 :

509 5301 606 5347 aut
635 5309 849 5349 rursum
871 5301 1051 5363 patres
1078 5299 1298 5347 nostros
1319 5291 1673 5361 incorporeos
1703 5299 1757 5346 et
1789 5291 2096 5347 invisibiles

512 5382 568 5437 in
595 5381 887 5454 Egyptum
911 5383 1281 5447 desecendisse,
1309 5384 1589 5452 solamque
1609 5381 1830 5453 Josepbi
1851 5383 2092 5437 animam

511 5487 545 5526 ο
573 5473 855 5530 Pharaone
914 5476 970 5530 in
1003 5476 1222 5529 vincula
1251 5473 1559 5543 cmijectam
1593 5472 1790 5538 fuisse,
1833 5476 2094 5543 quoniam

514 5565 778 5633 scriptum
821 5574 906 5621 est
947 5582 961 5620 :
1007 5563 1074 5619 In
1130 5565 1466 5635 septuaginta
1521 5565 1749 5634 quinque
1815 5563 2094 5618 animabus

2256 2157 2297 2206 Τ
2301 2155 2423 2208 οὖτο
2461 2158 2554 2209 νῦν
2584 2160 2972 2223 ἀποδέδεικται,
3004 2162 3106 2214 κᾶν
3141 2163 3213 2234 μὴ
3245 2164 3565 2232 βούλωνται,
3617 2187 3774 2238 γεω-

2193 2250 2496 2314 μετρικαῖς,
2550 2249 2625 2312 ὣς
2668 2267 2830 2317 φασιν
2887 2253 3059 2310 αὐτοὶ.
3107 2255 3199 2306 καὶ
3250 2256 3585 2324 ἀναγκαίαις
3626 2271 3774 2313 am-

2188 2332 2404 2400 δείξεσι.
2466 2338 2538 2390 Σὺ
2591 2339 2645 2390 δὲ
2688 2342 2860 2402 ποιεῖς
2903 2341 3305 2412 παραπλήσιον,
3357 2345 3546 2416 ὥσπερ
3593 2348 3659 2401 ἃν
3724 2354 3778 2402 εἰ

2186 2426 2461 2496 ὀφθαλμοῦ
2506 2427 2788 2499 ἀνθρώπου
2843 2431 3171 2494 πταίσαντος
3231 2434 3327 2485 καὶ
3379 2437 3542 2498 ποδὸς
3599 2454 3776 2498 πρίσ-

2187 2516 2527 2578 πταίσαντος,
2553 2519 2645 2569 τὸν
2677 2519 2812 2572 πόδα
2839 2520 2938 2590 μὲν
2966 2521 3318 2591 ἐθεράπευες,
3351 2522 3444 2576 τὸν
3473 2524 3532 2576 δὲ
3565 2525 3780 2594 ὀφθαλ-

2188 2609 2287 2678 μὸν
2341 2609 2714 2679 ἀθεράπευτον
2764 2613 2913 2673 είας·
2949 2612 2981 2681 ἢ
3013 2608 3304 2682 ζωγράφου
3353 2630 3407 2665 τι
3459 2614 3537 2684 μὴ
3583 2615 3778 2678 καλῶς

2185 2698 2510 2768 γράψαντος,
2540 2698 2601 2751 τὸ
2636 2699 2734 2768 μὲν
2762 2701 2969 2769 γραφὲν
3001 2703 3322 2771 μετεποίεις,
3350 2702 3441 2756 τὸν
3463 2703 3521 2757 δὲ
3550 2704 3772 2775 ζωγρά-

2185 2805 2282 2857 φον
2313 2789 2386 2851 ὠς
2431 2789 2796 2860 κατορθοῦντα
2844 2792 3195 2862 παρέτρεχες.

2725 3078 2817 3133 Ἕκ
2854 3081 2965 3149 τῆς
3008 3083 3221 3156 αὐτῆς.

2255 3211 2315 3262 ΕΞ
2364 3211 2419 3262 δὲ
2474 3212 2578 3263 ὑπὸ
2625 3213 2831 3266 τούτων
2881 3217 3245 3288 ἐξειργόμενοι
3297 3225 3405 3276 τῶν
3454 3228 3762 3298 λογισμῶν,

2185 3303 2630 3368 καταφεύγουσιν
2656 3306 2747 3356 ἐπὶ
2793 3307 2851 3358 τὸ
2880 3306 3105 3363 δυνατὸν
3131 3307 3265 3365 εἶναι
3289 3313 3433 3385 Θεῷ,
3465 3320 3563 3370 καὶ
3587 3322 3764 3391 χωρὶς

2180 3390 2293 3455 νοῦ,
2328 3393 2500 3442 σῶσαι
2535 3395 2625 3444 τὸν
2653 3393 2959 3463 ἄνθρωπον,
2993 3399 3219 3454 δυνατὸν
3241 3401 3304 3472 δή
3333 3421 3436 3457 που
3466 3409 3562 3459 καὶ
3589 3390 3762 3479 χωρὶς

2182 3482 2404 3551 σαρκὸς,
2448 3483 2595 3551 μόνῳ
2645 3485 2724 3553 τῷ
2768 3485 3076 3554 βούλεσθαι,
3110 3489 3299 3560 ὥσπερ
3353 3495 3447 3547 καὶ
3495 3497 3566 3550 τὰ
3624 3499 3760 3554 illa

2181 3573 2355 3626 πάντα
2376 3577 2610 3642 ἐνεργεῖ,
2635 3579 2727 3628 καὶ
2747 3578 3053 3646 ἐνήργηκεν
3078 3583 3406 3652 ἀσωμάτως.
3427 3588 3628 3644 Ἀνελε
3661 3591 3757 3648 οὖν

2179 3667 2317 3734 μετά
2344 3666 2440 3718 τοῦ
2467 3667 2558 3720 νοῦ
2586 3669 2678 3720 καὶ
2707 3667 2804 3740 τὴν
2834 3672 3035 3740 σάρκα,
3061 3673 3127 3727 ἵν’
3220 3693 3303 3730 σοι
3335 3679 3545 3733 τέλειον
3569 3683 3630 3735 τὸ
3657 3686 3756 3754 τῆς

2177 3759 2456 3820 ἀπονοίας.
2491 3759 2633 3811 ’Δλλ’
2663 3761 2980 3816 ἀπατῶνται
3007 3765 3112 3818 ὑπὸ
3138 3767 3231 3819 τοῦ
3274 3771 3634 3839 γράμματος,
3657 3778 3752 3828 καὶ
3795 3782 3804 3791 ”

2175 3845 2264 3898 διὰ
2317 3848 2476 3901 τοῦτο
2520 3852 2583 3919 τῇ
2631 3853 2794 3919 σαρκὶ
2841 3859 3261 3926 προστρέχουσι,
3310 3859 3410 3929 τὴν
3463 3865 3752 3934 συνήθειαν

2173 3937 2272 4001 τῆς
2317 3939 2538 4010 Γραφῆς
2582 3943 2921 4009 ἀγνοοῦντες.
2959 3947 3151 4015 Ἡμεῖς
3202 3949 3401 4013 αὐτοὺς
3451 3955 3546 4005 καὶ
3591 3957 3750 4009 τοῦτο

2172 4027 2474 4096 διδάξομεν.
2509 4031 2630 4083 Ὀτι
2668 4034 2769 4101 μὲν
2801 4051 2908 4104 γαρ
2948 4041 3223 4108 πανταχοῦ
3252 4042 3350 4109 τῆς
3390 4042 3430 4094 Γ
3436 4047 3621 4116 ραφῆς
3650 4050 3745 4101 (iv.

2173 4117 2388 4186 θρωπος
2422 4125 2516 4175 καὶ
2550 4125 2678 4187 Υἱὸς
2716 4128 3005 4198 ἀνθρώπου
3045 4134 3540 4206 προσαγορεύεται,
3567 4139 3622 4190 τί
3663 4139 3750 4193 δεῖ

2175 4215 2308 4282 πρὸς
2345 4215 2550 4280 εἰδότας
2592 4227 2684 4271 καὶ
2719 4221 2928 4288 λέγειν;

3226 4395 3292 4448 Ὀ
3345 4399 3542 4468 Λόγος
3585 4399 3741 4467 σὰρξ

2160 4472 2417 4542 ἐγένετο,
2470 4475 2571 4528 καὶ
2603 4476 2956 4541 ἐσκήνωσεν
3001 4481 3073 4533 ἐν
3106 4481 3266 4550 ἡμῖν,
3301 4487 3394 4539 καὶ
3440 4488 3530 4540 διὰ
3583 4489 3747 4542 τοῦτο

2166 4563 2476 4633 περιξέουσι
2527 4564 2618 4618 τοῦ
2668 4565 2959 4638 ἀνθρώπου
3007 4570 3070 4623 τὸ
3125 4571 3429 4640 κάλλιστον,
3471 4576 3662 4648 ὥσπερ
3694 4581 3746 4630 οἱ

2166 4655 2382 4715 σκυτεῖς
2427 4653 2494 4706 τὰ
2539 4654 2820 4726 παχύτερα
2857 4657 2964 4710 τῶν
2997 4659 3282 4729 δερμάτων
3316 4698 3333 4723 ,
3487 4667 3576 4720 ἵνα
3607 4667 3743 4721 Θεὸν

2167 4745 2329 4814 σαρκὶ
2375 4745 2836 4816 συγκολλήσωσιν,
2873 4747 2987 4818 ὥρα
3034 4748 3216 4816 λέγειν
3254 4754 3451 4817 αὐτοὺς
3482 4757 3578 4810 καί
3611 4775 3744 4827 σαρ-

2163 4835 2275 4888 κῶν
2309 4835 2483 4905 μόνων
2669 4837 2760 4890 τὸν
2796 4837 2927 4890 Θεὸν
2975 4835 3112 4890 εἶναι
3142 4841 3295 4905 Θεὸν,
3339 4842 3452 4896 ἀλλ’
3493 4846 3614 4914 οὐχὶ
3645 4849 3742 4900 καὶ

2161 4925 2369 4996 ψυχῶν,
2424 4927 2510 4980 διὰ
2559 4927 2622 4981 τὸ
2668 4928 2999 4998 γεγράφθαι,
3052 4930 3258 4998 Καθὼς
3305 4933 3534 5000 ἔδωκας
3581 4936 3745 5002 αὐτῷ

2160 5017 2451 5080 ἐξουσίαν
2495 5018 2698 5086 πάσης
2749 5021 3010 5088 σαρκὸς,
3067 5024 3181 5086 καὶ,
3230 5025 3385 5091 Πρὸς
3442 5028 3521 5080 σὲ
3574 5028 3745 5084 πᾶσα

2163 5109 2321 5175 σὰρξ
2359 5108 2513 5177 ἣξει,
2550 5111 2644 5164 καὶ
2679 5113 3014 5181 Εὑλογειτω
3038 5113 3206 5167 πᾶσα
3237 5115 3391 5184 σὰρξ
3434 5117 3502 5171 τὸ
3555 5119 3746 5188 ὄνομα

2161 5201 2228 5254 τὸ
2277 5202 2446 5270 ἄτιον
2482 5202 2689 5267 αὑτοῦ,
2719 5202 2862 5255 τοῦτ’
2892 5203 3005 5258 ἐστι
3037 5207 3141 5269 πᾶς
3169 5206 3452 5278 ἄνθρωπος
3473 5225 3488 5237 ⁸
3518 5209 3552 5280 ἢ
3586 5211 3747 5264 πάλιν

2161 5293 2502 5361 ἀσωμάτους,
2538 5293 2930 5363 καὶίάοράτους
2960 5296 3393 5368 καταϐεϐηκέναι
3425 5291 3552 5363 τους
3581 5303 3748 5355 πατέ-

2165 5393 2262 5447 ρας
2287 5377 2443 5446 ἡμῶν
2482 5378 2561 5439 είς
2598 5377 2894 5446 Αἴγυπτον,
2924 5382 3016 5435 καὶ
3052 5383 3150 5454 τὴν
3185 5384 3362 5454 ψυχὴν
3405 5387 3500 5439 τοῦ
3550 5389 3746 5458 Ἰωσὴφ

2158 5467 2401 5550 δεδέσθαι
2442 5467 2610 5538 μόνην
2650 5469 2755 5522 ὑπὸ
2798 5471 2892 5523 τοῦ
2930 5473 3128 5542 Φαραὼ
3163 5506 3180 5532 ν
3319 5475 3409 5528 διὰ
3437 5477 3499 5530 τὸ
3536 5479 3745 5550 γεγράο

2159 5533 2313 5626 φθᾶι,
2359 5533 2461 5611 τι]ιὲ
2495 5533 2901 5628 ἐϐδομήκοντα
2936 5533 3114 5617 πέκτε
3145 5565 3371 5634 ψυχαῖς
3400 5533 3746 5637 κατέδησαν

585 5732 602 5762 ⁸
635 5731 804 5787 Exod.
840 5747 930 5796 ιιι,
962 5730 1016 5785 2.
1094 5731 1114 5761 ¹
1145 5731 1280 5786 Gen.
1310 5745 1469 5800 xvut,
1501 5731 1523 5786 l
1563 5746 1679 5800 sqq.
1760 5730 1780 5761 ³
1807 5727 1962 5783 Joan.
2000 5743 2038 5795 ι,
2067 5730 2086 5784 1

2227 5712 2436 5782 ‘VJoan.
2463 5743 2588 5797 xvn,
2609 5729 2662 5782 2.
2738 5729 2758 5760 '
2779 5729 2918 5786 Psal.
2952 5749 3096 5799 Lvtv,
3117 5735 3169 5792 3.
3247 5734 3423 5793 ‘Psai.
3453 5754 3627 5808 cxuv,
3645 5735 3736 5792 21.
