4036 6210
549 263 657 331 903

1804 256 2191 319 EUTHYMII
2218 258 2583 320 ZIGABENI

3740 265 3865 328 931

549 373 849 444 perfectum
918 382 1265 443 augmentum
1339 371 1516 426 varias
1547 375 1735 424 aetates
1799 368 2009 435 induat,
2077 377 2135 422 ut

2263 370 2505 439 ῖυομένην
2564 370 2667 433 τὰς
2719 370 2958 439 ἡλικίας,
3006 372 3093 425 ἵνα
3140 374 3210 427 τὶ
3266 373 3428 427 λοιπὰ
3477 375 3578 444 τῆς
3634 378 3865 444 τροπῆς

550 465 788 533 reliquas
814 466 1138 519 mutationes
1193 463 1531 518 omittamus.
1566 460 1745 528 Atque
1776 460 1844 513 ita
1877 467 2136 529 sequetur

552 568 609 607 ut
670 554 868 608 falsum
898 558 970 609 sit
1007 556 1373 624 Evangelium,
1404 564 1461 609 et
1491 553 1666 607 inanis
1700 552 2033 621 praedicatio,
2083 560 2139 606 et

551 646 710 697 stulta
764 646 916 697 lides.
970 643 1432 710 Quemadmodum
1500 642 1663 706 igitur
1718 655 1935 695 carnem
1984 654 2140 692 assu-

558 748 715 786 mens
744 745 981 787 mutatus
1015 751 1118 787 non
1154 743 1257 800 est,
1290 735 1369 788 sic
1400 742 1634 786 mentem
1688 731 1989 796 suscipiens
2031 743 2138 782 non

549 834 634 877 est
665 824 1006 881 immutatus.

1053 941 1138 993 Ex
1170 943 1353 993 eadem
1382 938 1641 992 oratione.

625 1031 682 1085 Si
713 1032 907 1086 divina:
937 1033 1289 1085 humanitatis
1310 1028 1664 1100 assumptioni
1689 1037 1925 1082 mentem
1963 1026 2140 1080 fuisse

551 1135 707 1193 putat
769 1126 1182 1194 impedimento,
1239 1136 1290 1179 et
1324 1123 1577 1177 libentius
1610 1136 1732 1176 eam
1794 1120 1912 1174 sine
1962 1128 2143 1172 mente

556 1220 722 1271 Deum
748 1219 1028 1272 existimat
1065 1217 1449 1285 assumpsisse,
1483 1229 1609 1283 ergo
1649 1213 1767 1268 sine
1811 1220 1991 1267 mente
2016 1225 2138 1265 esse

554 1308 766 1362 beatius
800 1309 1117 1362 arbitratur.

1054 1420 1138 1473 Ex
1165 1421 1348 1474 eadem
1382 1421 1643 1473 oratione.
1752 1492 1755 1493 ν

630 1512 760 1567 Utra
792 1514 961 1581 magis
1007 1514 1247 1581 prepria,
1308 1529 1425 1580 qua:
1462 1511 1568 1565 Deo
1593 1510 2033 1579 coniungeretur,
2056 1510 2144 1561 in-

559 1616 715 1659 γϐιιιει
750 1616 854 1671 CSI,
888 1622 1143 1659 crassane
1180 1616 1504 1673 terrenaque
1539 1618 1687 1669 caro,
1716 1619 1784 1657 an
1818 1617 1990 1664 lﬂBllS,
2027 1615 2147 1669 (“HR

561 1712 661 1751 nec
691 1706 891 1752 tactum
940 1714 1039 1753 nec
1074 1698 1298 1768 ﬁguram
1334 1697 1565 1751 admittit
1595 1695 1619 1749 ‘l

1020 1813 1104 1867 Ex
1155 1813 1334 1867 eadem
1394 1815 1652 1867 oratione.

639 1909 695 1962 Si
731 1924 828 1961 nos
863 1907 1111 1961 homines
1135 1922 1344 1968 sumus.
1373 1908 1488 1960 ovis
1517 1907 1604 1958 illa
1637 1920 1756 1974 qua:
1781 1905 2151 1969 aberraverat,

562 2013 619 2058 et
642 2002 687 2055 is
709 2002 798 2071 qui
818 2017 935 2054 eam
965 1999 1189 2061 invenit,
1214 2010 1297 2053 est
1323 1997 1494 2054 Filius
1534 2000 1624 2052 Dei
1651 2014 1666 2063 ;
1700 1998 1952 2066 quoniam
1984 2008 2150 2051 totam

564 2091 799 2157 reduxit,
838 2101 1002 2144 totam
1038 2090 1202 2144 etiam
1235 2089 1550 2157 assumpsit.
1580 2089 1686 2143 Nec
1715 2088 1859 2158 quod
1900 2089 2038 2141 intra
2093 2088 2151 2141 il-

568 2184 675 2238 lam
704 2193 843 2247 erat,
894 2184 1133 2251 reliquit,
1176 2182 1317 2251 quod
1350 2191 1528 2235 autent
1583 2180 1716 2234 loris
1763 2181 2017 2247 gestavit,
2072 2180 2147 2244 id,

568 2275 715 2344 quod
772 2276 885 2329 vult
940 2274 1255 2344 Apollinarii
1293 2273 1584 2328 dementia.
1617 2272 1770 2337 Quod
1812 2282 1988 2326 autem
2031 2286 2152 2339 pas-

573 2366 708 2419 toris
739 2366 978 2419 humeris
1042 2373 1338 2434 gestatum,
1372 2367 1476 2417 hoc
1527 2371 1637 2427 est,
1696 2360 1906 2414 Domini
1948 2360 2152 2413 Divini-

572 2459 666 2512 tati
692 2457 993 2511 adhibitum
1031 2468 1135 2525 est,
1188 2458 1241 2513 id
1282 2474 1445 2513 unum
1475 2472 1595 2512 cum
1628 2456 1746 2525 ipso
1778 2470 1878 2525 per
1931 2470 2154 2511 assum-

585 2551 822 2621 ptioneui
859 2552 1111 2605 elicitum
1143 2562 1244 2607 est.

1060 2733 1145 2789 Ex
1179 2735 1358 2789 eadem
1390 2737 1644 2792 oratione.

643 2832 931 2885 Dominum
992 2827 1045 2881 in
1090 2827 1270 2880 servili
1321 2826 1487 2894 figura
1549 2821 2152 2895 apparuisscconcedit.

568 2924 769 2978 Servus
809 2924 988 2990 igitur,
1036 2921 1190 2989 cujus
1221 2918 1445 2987 ﬁguram
1476 2917 1731 2971 Dominus
1761 2916 1956 2980 induit,
2016 2915 2158 2966 inte-

567 3030 661 3084 ger
693 3024 832 3078 erat,
868 3031 935 3067 an
973 3013 1250 3067 mutilatus
1278 3013 1370 3065 ?id
1399 3021 1503 3075 est,
1526 3026 1813 3081 corpusne,
1831 3020 1883 3064 et
1913 3008 2150 3062 animam

2239 462 2514 532 ἐάσωμεν,
2546 465 2638 516 καὶ
2660 463 2805 517 οὕτω
2831 466 3026 533 ψευδὲς
3048 467 3169 521 κατ’
3190 467 3353 521 αὐτὸν
3388 468 3755 539 δειχθήσεται
3798 472 3867 521 τὶ

2241 553 2591 622 Εὑαγγὲλιον,
2645 557 2740 608 καὶ
2804 558 2960 610 κενὸν
3008 560 3068 613 τὸ
3107 561 3400 631 κήρυγμα.
3434 563 3533 613 καὶ
3555 563 3783 629 ματαία
3828 565 3863 631 ὴ

2241 648 2447 710 πίστις.
2502 649 2641 701 Ἀλλ’
2673 649 2862 719 ὥσπερ
2887 652 2944 702 ὲν
2993 654 3159 722 σαρκὶ
3210 658 3504 722 γενόμενος
3532 656 3644 707 οὐκ
3685 656 3864 725 ὲτράο

2242 755 2341 807 πη,
2374 738 2546 802 οὕτως
2578 740 2698 794 οὐδὲ
2728 741 2820 794 τὸν
2844 742 2969 795 νοῦν
2994 744 3444 815 παραδεξάμενος
3465 746 3783 818 ἠλλοιώθη.

2700 940 2799 993 Ἐκ
2825 939 2932 993 τοῦ
2962 941 3151 995 αὐτοῦ
3179 944 3387 1009 λόῖυυ.

2317 1033 2811 1104 ’Ὡσπερὲμπόδιον
2841 1036 3059 1101 ἡγεῖται
3099 1036 3189 1087 τὸν
3236 1035 3360 1088 νοῦν
3400 1038 3501 1107 τῆς
3535 1039 3701 1103 θείας
3761 1043 3855 1094 ἐνα-

2246 1127 2676 1197 ανορωπήσεως,
2703 1127 2799 1177 καὶ
2835 1127 3297 1198 προσφιλέστερον
3321 1128 3535 1200 νομίζει
3582 1133 3673 1202 τῷ
3728 1134 3854 1204 Θεῷ

2244 1216 2304 1269 τὸ
2323 1216 2571 1286 ἀνόητον,
2601 1217 2800 1271 οὐκοῦν
2820 1222 3291 1292 μακαρ.στὸτερον
3306 1223 3478 1277 οἴεται
3502 1227 3565 1279 τὸ
3593 1230 3679 1297 μὴ
3704 1229 3852 1299 ἔχειν

2246 1325 2338 1362 νου
2345 1327 2372 1360 ν
2377 1347 2393 1362 ο

2694 1421 2788 1476 Ἐκ
2814 1424 2919 1477 τοῦ
2953 1425 3141 1480 αὑτοῦ
3159 1427 3366 1495 λόγου.

2321 1511 2386 1563 Τί
2410 1507 2503 1565 οὖν
2529 1513 2862 1582 οἰκειότερον
2894 1516 3148 1588 εὑρεθείη
3174 1520 3311 1587 πρὸς
3334 1520 3396 1573 τὸ
3436 1528 3848 1596 συναρμοσθῆ-

2249 1622 2339 1658 ναι
2372 1604 2515 1673 Θεῷ,
2547 1604 2609 1657 τὸ
2643 1610 2790 1675 παχὺ
2825 1610 2918 1660 καὶ
2944 1611 3148 1676 γεῶδες
3173 1611 3274 1681 τῆς
3304 1614 3511 1683 σαρκὸς
3560 1615 3593 1685 ἦ
3629 1619 3696 1670 τὸ
3721 1622 3852 1672 ἀνευ

2182 1747 2223 1801 Β
2256 1698 2355 1767 φές
2382 1714 2441 1749 τε
2507 1698 2601 1751 καὶ
2630 1688 3040 1768 ἀσχημάτιστον
3074 1702 3170 1756 τοῦ
3206 1707 3321 1767 νοός
3348 1722 3365 1771 ;

2688 1813 2789 1866 Ἐκ
2825 1814 2932 1868 τοῦ
2970 1816 3159 1870 αὑτοῦ
3185 1820 3396 1888 λόγου.

2324 1904 2498 1972 Εἴπερ
2536 1904 2700 1974 ἡμεῖς
2730 1907 2779 1958 οξ
2805 1905 3091 1976 ἄνθρωποι
3125 1909 3186 1961 τὸ
3235 1912 3674 1984 πεπλανημένον
3716 1920 3857 1988 πρό-

2254 1995 2419 2047 6ατόν
2447 1998 2638 2065 ἐσμεν,
2672 1999 2700 2050 ὁ
2722 1997 2779 2051 δὲ
2808 1998 2988 2070 εὑρὼν
3021 2001 3184 2055 τοῦτο
3243 2006 3453 2075 ποιμὴν
3497 2010 3526 2060 ὁ
3571 2010 3675 2063 τοῦ
3714 2012 3853 2066 Θεοῦ

2256 2087 2403 2152 Υἱὸς,
2427 2088 2618 2160 ἐπειδὴ
2646 2090 2767 2143 ὅλον
2798 2093 3164 2162 ἀπεφοῐτησε,
3202 2097 3297 2150 καὶ
3364 2099 3487 2153 ὅλον
3532 2102 3709 2156 πάλιν
3754 2107 3856 2157 ἂν·

2255 2177 2421 2231 ἐλαϐε
2443 2197 2457 2211 ·
2504 2181 2601 2233 καὶ
2633 2181 2695 2233 οὗ
2725 2181 2786 2235 τὸ
2818 2182 2919 2252 μὲν
2959 2185 3238 2239 ἐντόσοιον
3272 2191 3667 2258 καταλέλοιπε,
3688 2196 3751 2247 τὸ
3795 2197 3855 2249 δὲ

2255 2270 2411 2333 ἐκτὸς
2449 2270 2778 2336 ἐϐάστασεν,
2836 2273 2983 2345 ὼςή
3046 2275 3142 2329 τοῦ
3212 2277 3640 2354 Ἀπολλιναρίου
3693 2287 3857 2340 ἄνοια

2258 2362 2531 2432 βούλεται.
2576 2365 2749 2419 Τοῦτο
2812 2366 2869 2419 δὲ
2926 2369 2985 2420 ὲν
3029 2372 3144 2433 τοῖς
3201 2371 3376 2442 ὤμοις
3432 2376 3532 2429 τοῦ
3575 2380 3853 2447 ποιμένος

2259 2455 2588 2525 βασταχϐὲν,
2623 2459 2913 2513 τουτέστιν
2948 2462 3008 2513 ὲν
3030 2464 3097 2533 τῇ
3125 2463 3347 2535 θεότητι
3377 2468 3476 2521 τοῦ
3505 2470 3727 2539 Κυρίου
3755 2489 3856 2540 γε·

2256 2550 2504 2616 νόμενον,
2540 2548 2600 2604 ἒν
2654 2552 2793 2621 πρὸς
2840 2555 3051 2607 ἐκεῖνον
3083 2556 3175 2609 διὰ
3234 2560 3336 2629 τῇς
3380 2560 3723 2632 ἀναλήψεως
3756 2567 3855 2634 γέ-

2258 2657 2440 2708 γονεν.

2688 2734 2792 2788 Ἐκ
2824 2736 2931 2790 τοῦ
2979 2738 3171 2792 αὐτοῦ
3208 2742 3417 2812 λόγου.

2329 2826 2432 2881 Τὸν
2451 2827 2657 2898 Κύριόν
2680 2846 2851 2899 φησιν
2874 2832 2933 2885 ἐν
2957 2834 3189 2905 δουλικῴ
3208 2838 3448 2906 φανῆναι
3466 2840 3547 2910 τῷ
3571 2844 3854 2911 σχήματι.

2258 2915 2409 2991 Ἀρα
2438 2920 2466 2971 ὁ
2495 2922 2703 2987 δοῦλος,
2734 2916 2797 2977 οῦ
2828 2924 2888 2978 τὸ
2912 2926 3102 2994 σχῆμα
3131 2930 3302 2981 ὑπέδυ
3335 2933 3364 2984 ὁ
3392 2932 3626 3001 Κύριος,
3654 2939 3858 3005 ἄρτιος

2258 3006 2405 3083 ἦν,ἥ
2438 3013 2994 3085 ἠκρωτηριασμένος,
3031 3021 3283 3071 τουτέστι
3316 3022 3485 3091 σῶμα
3544 3028 3644 3077 καὶ
3668 3030 3857 3097 ψυχὴν

569 3110 820 3177 rationis,
850 3124 946 3163 seu
977 3108 1169 3162 mentis
1208 3114 1510 3174 compotem
1542 3104 1816 3158 habebat?
1873 3102 1918 3156 si
1975 3102 2153 3168 aliqua

2263 3102 2506 3170 λογικὴν,
2556 3105 2678 3174 ἦτοι
2730 3106 2926 3177 νοερὰν
2986 3111 3372 3179 κεκτημένοςς
3439 3115 3501 3166 Εἰ
3584 3120 3690 3185 μὲν
3756 3119 3855 3172 οὖν

568 3202 759 3255 harum
784 3202 1014 3268 partium
1051 3212 1275 3252 mancus
1304 3205 1443 3261 erat,
1498 3194 1551 3248 id
1613 3195 1922 3260 ostendant,
1979 3208 2156 3260 neque

566 3294 710 3348 enim
745 3292 979 3345 animam
1023 3290 1246 3343 rationis
1280 3297 1552 3357 expertem
1587 3286 1794 3352 habuit,
1844 3286 1934 3354 qui
1967 3300 2157 3353 pecca-

570 3394 742 3447 verat,
780 3383 934 3452 cujus
975 3382 1089 3449 ipse
1116 3380 1343 3434 formam
1369 3377 1625 3445 suscepit.
1654 3376 1748 3431 Sin
1778 3386 1895 3430 erat
1926 3378 2156 3445 integer,

568 3485 625 3529 et
650 3475 917 3542 integrum
951 3475 1081 3528 illud
1126 3473 1248 3538 fuit,
1285 3476 1429 3541 quod
1454 3479 1791 3538 assumptum
1816 3478 1922 3523 Cal.
1970 3470 2037 3521 At
2060 3468 2159 3522 ho-

574 3580 682 3632 mo,
717 3568 919 3633 inquit,
986 3581 1091 3620 nou
1123 3575 1261 3626 erat,
1322 3564 1415 3617 sed
1463 3562 1617 3630 quasi
1651 3562 1830 3624 homo,
1890 3560 2014 3629 quia
2049 3576 2155 3613 non

569 3670 686 3714 erat
720 3659 961 3727 ejusdem
1021 3673 1141 3712 cunt
1177 3658 1398 3709 homine
1439 3656 1713 3719 essentize,
1768 3661 2027 3721 quantum
2088 3654 2153 3705 ad

571 3761 803 3806 tuentem
834 3750 1160 3820 pertinet.Si
1182 3748 1423 3817 ejusdem
1460 3763 1564 3800 non
1595 3758 1711 3801 erat
1732 3746 2002 3809 essentia‘,
2029 3758 2157 3811 ergo

580 3843 826 3897 diversm.
861 3844 1098 3907 Quorum
1131 3847 1313 3892 autem
1349 3838 1601 3892 essentia:
1639 3837 1773 3887 ratio
1801 3833 2035 3895 diversa,
2066 3834 2162 3884 ho-

573 3948 691 3987 rum
726 3946 826 3986 nec
862 3932 1049 3985 eadem
1087 3939 1280 3982 natura
1309 3942 1407 3982 nec
1457 3942 1676 3981 nomen.
1734 3925 1915 3991 Quare
1942 3924 1987 3979 si
2011 3923 2156 3977 aliud

572 4025 698 4095 quid
733 4039 832 4094 per
853 4023 1145 4077 essentiam
1169 4030 1308 4083 erat,
1341 4035 1449 4075 non
1474 4028 1654 4073 autem
1687 4018 1868 4081 homo,
1899 4017 2002 4071 nisi
2028 4031 2161 4085 qua-

573 4121 734 4167 tenus
764 4111 1002 4181 speeiem
1056 4119 1108 4165 et
1138 4111 1362 4181 ﬁguram
1406 4110 1639 4164 hominis
1694 4106 2039 4176 praeferebat,
2100 4121 2158 4160 re

574 4215 752 4257 autem
798 4219 927 4257 vera
967 4205 1263 4258 secundum
1306 4212 1552 4257 naturam
1587 4203 1832 4257 diversus
1899 4209 2039 4262 erat,
2090 4212 2157 4253 ex

572 4293 658 4347 his
702 4295 989 4365 colligitur,
1033 4295 1153 4349 [icta
1185 4295 1546 4363 simulataque
1572 4293 1757 4358 fuisse,
1783 4307 1902 4361 qua)
1937 4293 1999 4342 ad
2032 4287 2162 4343 Uni-

2259 3194 2791 3266 ἡκρωτηριασμένος
2843 3200 2925 3251 ἐνὶ
2975 3202 3204 3268 τούτων,
3255 3204 3487 3268 δειξάτω
3523 3210 3730 3262 τοῦτο·
3788 3215 3852 3264 οὗ

2259 3289 2367 3355 γὰρ
2392 3287 2589 3355 ἄλογον
2614 3288 2794 3360 ψυχὴν
2813 3289 2960 3359 εἶχεν
2990 3294 3018 3344 ὁ
3053 3295 3386 3366 ἁμαρτήσας
3426 3298 3630 3369 Ἀδὰμ,
3659 3299 3726 3356 οῦ
3753 3306 3852 3375 τὴν

2265 3379 2482 3449 μορφὴν
2513 3382 2802 3447 ἀνεδέξατο
2822 3399 2837 3411 ’
2873 3387 2921 3437 εἰ
2964 3386 3020 3438 δὲ
3052 3388 3265 3457 ἄρτιος,
3295 3390 3489 3460 ἄρτιον
3525 3394 3643 3463 ἄρα
3666 3401 3763 3450 καὶ
3791 3402 3852 3452 τὸ

2263 3472 2627 3543 πρόσλημμα.
2668 3476 2810 3529 Ἀλλ’
2835 3478 2936 3530 οὐκ
2980 3478 3296 3551 ἄνθρωπος,
3350 3486 3546 3554 φησιν,
3599 3484 3699 3559 ἦν,
3733 3492 3851 3544 ἀλλ’

2260 3565 2335 3628 ὡς
2365 3567 2677 3635 ἅνθρωπος,
2713 3570 2848 3623 διότι
2899 3573 2996 3642 οὐχ
3027 3575 3316 3644 ὁμοούσισς
3357 3573 3425 3647 ἦν
3456 3580 3537 3646 τῷ
3565 3582 3849 3655 ἀνθρώπῳ

2263 3657 2407 3711 κατὰ
2432 3660 2521 3710 τὸν
2557 3660 2703 3714 νοῦν.
2746 3663 2811 3716 El
2839 3663 2913 3734 μὴ
2966 3667 3273 3734 ὀμοούσ;ος,
3306 3670 3659 3741 ἑτεροούσιος
3710 3680 3839 3729 πάι..

2259 3766 2392 3812 τως.
2423 3746 2526 3803 Ὧν
2556 3753 2612 3805 δὲ
2642 3757 2669 3807 ὁ
2691 3753 2849 3821 λόγος
2876 3754 2977 3825 τῆξ
3008 3759 3197 3821 οὐσίας
3226 3760 3437 3832 ἕτερος,
3472 3767 3687 3818 τούτων
3720 3768 3841 3821 οὕτς

2260 3845 2293 3913 ἡ
2334 3844 2497 3912 φύσις
2528 3846 2706 3917 κοινὴ,
2738 3847 2919 3919 οὓτεή
2960 3850 3176 3920 κλῆσις.
3218 3854 3280 3906 Εἰ
3316 3854 3409 3907 οῦν
3453 3857 3588 3911 ἄλλο
3616 3877 3674 3913 τι
3708 3866 3847 3915 κατᾷ

2260 3936 2361 4005 τὴν
2387 3936 2578 3989 οὐσίαν
2605 3933 2693 4007 ἦν,
2744 3940 2839 3991 καὶ
2876 3941 2976 3994 οὐκ
3017 3941 3328 4013 ἄνθρωπος,
3378 3947 3516 4000 ἀλλὰ
3552 3950 3724 4021 μέχρι
3757 3955 3849 4006 τοῦ

2242 4028 2596 4120 ,φαινομένου
2657 4031 3117 4102 κατ’.ἄνθρωπον
3174 4037 3611 4109 ἐσχηματίζετο,
3664 4052 3731 4117 τῇ
3790 4048 3845 4101 δὲ

2261 4120 2495 4192 ἀληθείᾳ
2541 4122 2686 4174 κατὰ
2710 4123 2811 4193 τὴν
2845 4124 3008 4193 φύσιν
3043 4128 3421 4196 παρήλλακτο,
3450 4137 3848 4204 συνομολογεῖο

2260 4234 2349 4269 ται
2385 4215 2622 4282 τούτοις,
2650 4218 2734 4270 ὅτι
2765 4219 2988 4289 δόκησις
3023 4216 3111 4291 ἧν,
3143 4226 3237 4276 καὶ
3268 4225 3530 4297 ἁπατηλὴ
3565 4234 3846 4296 eumsi;

2260 4326 2346 4373 τις
2385 4313 2419 4379 ὴ
2452 4310 2548 4362 ἐπὶ
2619 4310 2725 4380 γῆς
2767 4313 3015 4366 πολιτεία
3048 4318 3198 4368 πᾶσαι
3229 4317 3327 4386 τῆς
3371 4320 3848 4393 ὲνανθρωπήσεινς

571 4388 738 4457 geniti
772 4390 937 4441 vitam
966 4390 1471 4459 humanitatemque
1507 4398 1839 4457 assumptum
1890 4395 2153 4455 spectant,

2264 4400 2357 4455 τοῦ
2405 4404 2748 4471 Μυνογενοῦς
2796 4406 2904 4458 ἀπὸ
2945 4409 3255 4476 γεννήσεως
3311 4412 3477 4481 μέχρι
3523 4388 3628 4484 τῆς
3666 4388 3847 4487 ταφῆς

574 4479 643 4534 ab
697 4489 822 4535 ortu
870 4480 1011 4551 ejus,
1057 4497 1229 4550 usque
1267 4483 1331 4536 ad
1362 4482 1692 4551 sepulturam
1716 4488 1770 4535 et
1802 4477 2157 4533 iesurieetio-

573 4586 718 4628 nem.

1073 4662 1155 4716 Ea:
1187 4661 1367 4717 eadem
1405 4665 1664 4718 oratione.
2019 4717 2027 4725 ,

642 4754 747 4821 Qui
773 4756 917 4826 quod
945 4756 1180 4811 maxime
1208 4754 1491 4826 pt'Opt‘ium
1555 4766 1639 4811 est
1691 4755 1949 4822 hominis,
1998 4755 2049 4810 id
2079 4765 2161 4811 est

575 4856 837 4916 mentem,
862 4848 1063 4914 aufert,
1121 4848 1173 4904 id
1202 4852 1340 4918 quod
1398 4850 1661 4918 reliquum
1714 4860 1817 4911 est,
1855 4849 2158 4917 jumentum

571 4940 832 5008 05tendit;
856 4941 1167 5012 juinentum
1203 4952 1383 4997 autem
1416 4958 1521 4996 non
1544 4952 1626 4997 est
1661 4942 1823 4995 homo

1071 5057 1156 5110 Ea:
1188 5062 1372 5111 eadem
1427 5060 1689 5111 oratione.

651 5147 750 5214 Si,
806 5136 1260 5217 quemadmodum
1315 5152 1490 5221 inquit
1543 5152 1957 5222 Apollinarius,
2009 5168 2164 5209 mens

576 5239 810 5296 hominis
863 5243 1040 5297 divina
1101 5254 1293 5298 natura
1348 5247 1488 5299 iacta
1553 5255 1721 5309 esset,
1791 5244 2162 5314 magnitudine

568 5334 811 5401 ‘a:quales
836 5345 888 5389 et
911 5351 1067 5403 pares
1100 5337 1241 5392 inter
1281 5352 1339 5391 se
1369 5347 1554 5392 essent
1589 5337 1844 5392 divinitas
1886 5348 1939 5392 et
2005 5352 2161 5392 mens

579 5427 838 5481 humana.
870 5428 1022 5494 Quod
1053 5431 1199 5484 enim
1229 5431 1411 5485 locum
1440 5432 1618 5499 explet
1644 5431 1893 5497 alterius,
1951 5430 2163 5500 aequale

576 5513 654 5569 illi
688 5527 788 5570 est.
833 5517 926 5572 Sin
970 5519 1255 5576 divinitate
1286 5537 1438 5577 mens
1486 5533 1569 5577 est
1593 5521 1838 5587 inferior,
1870 5522 1921 5576 id
1948 5521 2163 5590 quodin

580 5619 700 5657 eam
765 5621 1085 5665 conversum
1121 5619 1232 5676 est,
1295 5612 1347 5667 in
1386 5612 1627 5667 deterius
1677 5621 1760 5667 est
1846 5621 2166 5667 commuta-

580 5701 716 5750 tum.

2263 4497 2479 4568 καὶτῆς
2504 4500 2878 4561 ἀναστάσεως.

2696 4651 2791 4703 Ἐκ
2838 4652 2948 4706 τοῦ
2985 4654 3176 4707 αὐτοῦ
3213 4656 3425 4725 λόγου.

2346 4745 2405 4797 '0
2437 4744 2497 4797 τὸ
2523 4744 2866 4814 κυριώτατον
2900 4748 3157 4818 ἀφαιρῶν
3181 4750 3279 4803 τοῦ
3326 4752 3653 4820 ἀνθρώπου,
3688 4758 3848 4813 τοῦτο

2262 4838 2321 4892 δέ
2354 4841 2471 4890 ἐστι
2500 4838 2645 4903 νοῦς,
2705 4840 2905 4909 κτῆνος
2955 4842 3320 4898 ἀποδείκνυσι
3371 4846 3432 4899 τὸ
3491 4848 3845 4921 λειπόμενον.

2264 4932 2339 4985 Τὸ
2368 4931 2425 4985 δὲ
2457 4932 2656 5002 κτῆνος
2684 4934 2787 4986 οὐκ
2819 4934 3137 5004 ἄνθρωπος.

2698 5049 2794 5101 Ἐκ
2845 5050 2952 5103 τοῦ
2986 5050 3177 5103 αὐτοῦ
3204 5050 3412 5121 λόγου.

2337 5140 2532 5210 Εἴπερ,
2558 5139 2739 5201 καθώς
2763 5158 2930 5212 φησιν
2952 5145 2981 5194 ὀ
3018 5143 3450 5213 Ἀπολλινάριος,
3474 5146 3605 5212 νοῦς
3639 5152 3841 5218 ἀνθ,ιὼ-

2269 5249 2369 5287 που
2401 5237 2433 5305 ἡ
2464 5234 2584 5287 Θεία.
2617 5234 2780 5305 φύσις
2813 5235 3056 5303 ἐγένετο,
3090 5238 3391 5309 ῑσομεγέθη
3436 5241 3620 5295 ταῦτα
3660 5244 3731 5296 ἂν
3766 5246 3843 5313 εἴη

2265 5326 2538 5395 ἀλλήλοις.
2563 5328 2660 5379 καὶ
2686 5327 2995 5391 ἱσοστάσια,
3032 5328 3225 5400 θεότης
3272 5332 3368 5383 καὶ
3401 5331 3529 5395 νοῦς
3570 5333 3847 5403 ἀνθρώπια

2266 5435 2374 5481 νος.
2408 5420 2482 5470 Τὸ
2528 5420 2639 5488 γὰρ
2684 5419 3038 5488 ἀναπληροῦν
3064 5422 3232 5477 τόπον
3268 5424 3415 5487 τινὸς
3470 5427 3588 5477 ἴσον
3623 5428 3741 5481 ἐστι
3775 5429 3847 5497 τῷ

2268 5511 2527 5564 ἐνδέον-ει.
2557 5512 2620 5563 Εἰ
2685 5511 2745 5563 δὲ
2806 5514 3236 5585 καταδεέστερον
3292 5518 3321 5569 δ
3356 5518 3485 5580 νοῦς
3532 5524 3693 5590 παρὰ
3754 5506 3847 5589 τὴν

2269 5605 2520 5674 θεότητα,
2555 5606 2583 5657 ὁ
2612 5605 2775 5657 τοῦτο
2808 5605 2865 5669 ὲξ
2890 5607 3103 5662 ἐκείνου
3139 5609 3439 5682 γενόμενος
3482 5613 3630 5679 πρὸς
3663 5614 3724 5667 τὸ
3760 5616 3845 5667 2:3-

2267 5698 2578 5770 τελέστερον
2612 5698 2903 5770 ἠλλοιώθη.
