4042 6208
303 328 412 395 903

1246 318 1624 384 PANOPLIA
1664 321 2127 385 DOGMATICA.
2158 348 2228 360 -
2252 323 2397 386 ΤΙΤ.
2441 324 2599 386 XIV.

3444 284 3554 390 sto
3586 314 3589 315 ί

311 456 412 523 την
452 433 519 503 διδ
555 446 721 502 αὐτοῦ
769 446 1066 517 γενομένην
1106 446 1207 517 τῆς
1259 443 1536 517 ἁμαρτίας
1585 445 1753 517 ἤγουν
1788 443 1887 515 τῆς

1996 467 2326 539 pulsionem;
2357 472 2411 521 et
2439 462 2601 518 siculi
2626 461 2809 525 verba,
2851 477 2870 513 ι
2907 461 3112 517 factum
3132 477 3252 521 esse
3272 476 3551 537 peccatum

312 542 560 612 κατάρας
606 538 948 609 ἀπαλλαγὴν,
990 538 1083 591 καὶ
1126 536 1212 602 τὸ,
1250 554 1270 589 ι
1308 535 1567 591 Γενέσθαι
1613 536 1888 609 ἁμαρτίαν

312 635 452 704 ὑπὲρ
499 631 657 704 ήμῶν
693 632 786 685 τὸν
843 632 917 703 μὴ
944 630 1141 699 γνόντα
1176 629 1475 702 ἁμαρτίαν,
1519 648 1538 682 ι
1573 631 1633 684 οὺ
1659 629 1759 701 τὴν
1790 630 1890 701 τῆς

313 723 657 792 δικαιοσύνης
672 722 926 794 σημαίνει
947 722 1153 792 τροπὴν
1175 722 1467 792 (ἄτρεπτον
1484 721 1591 792 γὰρ
1622 720 1683 775 τὸ
1711 721 1887 786 Θείον,

318 816 411 868 καὶ
440 813 817 877 ἀναλλοίωτον,
848 811 922 874 ὡς
948 808 1039 863 διὰ
1084 808 1181 863 τοῦ
1225 811 1506 880 προφήτου
1536 809 1665 879 βοᾷ·
1707 827 1724 860 ι
1749 808 1890 877 Ἐγώ

318 908 457 975 εἰμι,
494 905 588 958 καὶ.
616 903 717 957 οὐκ
741 901 1043 972 ἠλλοίωμαι
1062 940 1075 963 ,
1109 900 1156 971 ι)
1178 901 1314 955 ἀλλά
1341 902 1441 971 τὴν
1470 900 1577 953 τῶν
1608 901 1893 971 ἡμετέρων

319 994 735 1067 ἁμαρτημάτων
758 976 1054 1062 ἀνάληψιν·
1084 1010 1104 1045 ι
1141 992 1245 1046 Ἴδε
1277 990 1406 1062 γάρ,
1435 991 1618 1061 φησιν,
1638 993 1666 1044 6
1699 991 1893 1060 ’Λμνὸς

317 1086 418 1140 τοῦ
454 1083 613 1151 Θεοῦ,
648 1083 725 1137 ἴδε
751 1085 778 1137 6
806 1084 977 1153 αῐρων
1006 1082 1108 1153 τήν
1151 1081 1424 1152 ἁμαρτίαν
1476 1079 1572 1134 τοῦ
1606 1080 1835 1150 κόσμου·
1869 1099 1888 1131 ι

319 1176 467 1231 οὕτω
485 1178 567 1242 τὸ,
599 1192 619 1226 t
641 1174 698 1227 ὀ
724 1174 895 1243 Λόγος
918 1172 1056 1245 σάρξ
1081 1172 1318 1241 ἐγένετο,
1348 1189 1368 1223 ι
1397 1172 1459 1224 οὐ
1488 1170 1588 1241 τὴν
1610 1170 1895 1223 ἀλλοίωσιν

323 1267 476 1335 λέγει
512 1265 614 1334 τῆς
657 1264 938 1335 Θεότητος,
970 1264 1107 1318 ἀλλά
1132 1263 1232 1333 τῆς
1289 1261 1637 1332 ἀνθρωπίνης
1680 1263 1896 1331 φύσεως

326 1358 600 1426 ἀνάληψιν
625 1372 640 1388 ⁸
669 1356 767 1427 τὴν
804 1355 1011 1425 ἄφατον
1040 1354 1150 1425 γὰρ
1187 1354 1283 1408 τοῦ
1320 1354 1456 1407 Θεοῦ
1489 1353 1897 1424 φιλανθρωπίαν

326 1450 358 1502 ὁ
378 1446 765 1516 εὐαγγελιστὴς
797 1445 1105 1517 κηρύττων,
1126 1445 1200 1505 ὡς
1231 1443 1473 1506 ἐδίδαξεν
1511 1444 1586 1505 ὡς
1608 1444 1637 1494 ὁ
1664 1443 1724 1494 εν
1754 1443 1898 1513 ἀρχῇ

325 1556 404 1611 ὣν
439 1593 455 1619 ,
565 1555 660 1609 καὶ
693 1555 823 1619 Θεὸς
844 1554 940 1621 ὢν,
977 1555 1071 1607 καὶ
1098 1552 1235 1626 πρὸς
1272 1552 1368 1605 τὸν
1396 1551 1527 1605 Θεὸν
1554 1549 1652 1613 ὢν,
1674 1552 1770 1604 καὶ
1804 1551 1900 1603 ού-

326 1646 523 1699 δέποτε
552 1646 627 1719 μὴ
656 1645 753 1709 ὢν,
789 1648 817 1700 6
836 1645 1245 1717 δημιουργήσας
1275 1643 1480 1704 πάντα.
1509 1642 1539 1695 6
1570 1640 1638 1695 τά
1676 1642 1750 1713 μὴ
1771 1640 1903 1696 ὄντα

1988 574 2086 630 pro
2109 558 2263 613 nobis
2288 570 2412 612 eum
2447 554 2536 623 qui
2565 562 2844 623 peccatum
2896 569 3002 610 non
3032 567 3260 623 noverat
3314 564 3360 623 ι,
3403 576 3420 610 ι
3458 575 3567 613 ne.

1990 664 2259 721 quaquam
2294 647 2519 719 iustitia:
2552 645 2909 701 mutationem
2944 646 3254 725 signiﬁcant
3283 648 3383 719 (est
3410 652 3556 719 enim
3656 710 3659 711 ν

1991 740 2314 798 invertibilis
2347 740 2484 795 Deus
2509 747 2563 793 et
2592 736 2961 801 immutabilis,
2994 737 3151 793 sicuti
3181 753 3279 807 per
3324 742 3560 810 pmphes
3594 782 3604 788 ς
3648 735 3675 751 ³

1993 846 2103 890 tam
2131 832 2358 888 clamat:
2390 848 2409 882 ι
2442 829 2554 900 Ego
2582 843 2721 893 sum,
2751 837 2927 882 etnon
2952 838 3129 884 mutor
3172 834 3221 894 ³,
3256 831 3411 900 ἠεεά
3428 846 3563 902 ρους-

1993 939 2241 982 catorum
2286 932 2593 978 nostrorum
2636 916 3097 988 assumptionem:
3133 941 3151 973 ι
3192 912 3343 978 Ἐορε
3372 925 3516 979 enim
3541 966 3559 990 ,

1994 1017 2089 1083 ait,
2127 1016 2312 1087 Agnus
2344 1013 2458 1078 Dei,
2489 1026 2617 1067 ecce
2643 1013 2732 1081 qui
2761 1011 2899 1065 tollit
2927 1021 3208 1081 peccatum
3230 1003 3413 1068 mundi
3442 1024 3463 1053 ³
3493 1034 3511 1083 ;
3538 1036 3558 1070 ι

1996 1109 2104 1170 sic,
2146 1107 2386 1175 inquam,
2430 1103 2615 1165 dictio,
2653 1121 2672 1154 ι
2708 1100 2941 1156 Verbum
2980 1118 3107 1156 caro
3155 1104 3353 1158 factum
3401 1100 3505 1169 est,
3532 1126 3554 1159 ι

1998 1211 2102 1249 ιιοιι
2133 1192 2486 1247 mutationem
2510 1191 2643 1245 dicit
2684 1190 2930 1253 Deitatis,
2954 1193 3047 1245 sed
3076 1193 3324 1249 humanae
3356 1186 3562 1249 natura:
3638 1246 3645 1251 _
3714 1252 3717 1253 ν

2001 1284 2452 1353 assumptiouem.
2495 1280 2740 1349 Namque
2782 1274 3109 1349 ineﬂ‘abilem
3149 1279 3421 1350 Deiaerga
3466 1286 3567 1340 ho-

2004 1375 2177 1427 mines
2228 1372 2548 1425 cliaritatem
2605 1368 2901 1439 prmdieare
2955 1368 3143 1431 volens
3168 1371 3512 1441 evangelista
3547 1412 3565 1436 ,
3628 1367 3633 1371 ’

2007 1472 2292 1532 postquam
2307 1461 2511 1525 docuit,
2795 1472 2917 1511 eum
2944 1458 3032 1526 qui
3069 1458 3137 1512 ab
3169 1458 3322 1514 initio
3347 1471 3487 1527 erat,
3516 1473 3572 1516 et

2005 1554 2095 1621 qui
2128 1551 2268 1607 Deus
2289 1561 2427 1616 erat,
2448 1561 2503 1606 et
2526 1551 2616 1620 qui
2658 1550 2798 1619 apud
2834 1544 3171 1621 Demuietjat',
3203 1536 3257 1605 et
3291 1551 3382 1619 qui
3427 1543 3570 1607 nun-

2005 1655 2307 1710 quamnon
2343 1642 2557 1708 fuerat,
2601 1641 2693 1708 qui
2742 1639 2921 1692 omnia
2954 1620 3275 1707 crearerat,
3323 1642 3413 1711 qui
3461 1659 3569 1698 non

332 1730 416 1791 εις
437 1732 498 1782 τὸ
525 1724 664 1781 εἶναι
689 1730 947 1800 ποιήσας,
977 1732 1009 1802 ή
1032 1731 1168 1802 ζωὴ,
1199 1733 1259 1785 τὸ
1282 1731 1401 1800 φῶς
1421 1730 1484 1785 τὸ
1517 1732 1792 1804 ἀληθινὸν,
1820 1733 1901 1806 τὴι

1996 1739 2315 1796 exsistentia
2343 1741 2409 1794 ad
2447 1739 2820 1794 exsistendum
2863 1746 3128 1799 traxerat,
3170 1732 3261 1806 Qui
3301 1734 3408 1788 rita
3451 1732 3593 1787 erat.

335 1820 593 1891 φθαρτὴν
618 1820 849 1874 ἀνέλαϐε
872 1821 1057 1890 φύσιν,
1071 1824 1166 1876 καὶ
1187 1822 1255 1876 τὰ
1268 1822 1375 1877 τῶν
1396 1802 1702 1897 ἀνθρώπων
1719 1802 1901 1897 ᾠκειιίι

1996 1843 2050 1890 et
2076 1833 2168 1889 lux
2195 1846 2357 1897 vera;
2390 1831 2502 1895 hic,
2538 1832 2633 1894 ait,
2665 1829 3092 1883 hominum’suas
3120 1802 3247 1880 fecit
3270 1824 3579 1899 passiones,
3642 1820 3649 1827 ⁶

334 1928 473 1964 σατο
520 1910 687 1983 πάθη,
723 1913 822 1984 τὴν
868 1914 977 1967 τῶν
1038 1915 1344 1987 ἀνθρώπων
1394 1918 1920 1990 πραγματευόμενος

332 2003 634 2073 σωτηρίαν.
664 2004 775 2057 Καὶ
800 2004 1066 2074 μειζόνως
1088 2006 1253 2060 αὑτοῦ
1276 2006 1447 2072 δεῖξαι
1465 2008 1568 2078 τῆς
1595 2008 1920 2079 εὐεργεσίας

329 2091 392 2144 τ’)
425 2091 658 2161 μέγεθος
687 2092 973 2165 ἐθελήσας,
998 2096 1060 2147 οὐ
1089 2096 1191 2167 τῆς
1214 2096 1397 2167 ψυχῆς
1424 2098 1797 2169 ἐμνημόνευσε
1816 2098 1920 2168 τῆς

328 2182 629 2251 ἀθανάτου,
667 2185 805 2240 ἀλλά
835 2188 933 2257 τῆς
972 2188 1178 2260 σαρκὸς
1202 2190 1301 2261 τῆς
1337 2189 1607 2262 παθητῆς,
1637 2192 1737 2262 τῆς
1786 2191 1916 2262 θνη-

327 2275 451 2345 τῆς,
483 2275 586 2344 τῆς
620 2275 1011 2349 φθειρομένης.
1061 2277 1163 2348 τῆς
1205 2278 1271 2331 ἐκ
1315 2277 1488 2349 πηλοῦ
1518 2278 1915 2350 γεγενημένην

327 2366 423 2419 καὶ
445 2366 557 2421 ἀπὸ
597 2368 693 2421 τοῦ
728 2369 930 2439 μέρους
962 2368 1059 2441 τὴν
1086 2372 1271 2423 πᾶσαν
1302 2371 1465 2439 φύσιν
1511 2370 1807 2441 ἐδήλωσεν,
1840 2370 1918 2431 ὡς

330 2461 608 2528 μαρτυρεῖ
647 2458 717 2512 τά
765 2460 1124 2530 ἐπαγόμεναο
1165 2448 1285 2514 ι”Ο
1330 2461 1503 2530 Λόγος
1545 2461 1677 2533 γὰρ,
1726 2461 1913 2531 φησιν,

333 2547 472 2619 σὰρξ
499 2548 739 2617 ἐγένετο,
773 2551 868 2603 καὶ
888 2552 1202 2622 ἐσκήνωσεν
1225 2554 1283 2606 ὲν
1310 2555 1463 2624 ἡμῖν.
1495 2572 1513 2604 ι

401 2657 630 2729 Ἕτερος
668 2660 726 2714 δὲ
758 2662 785 2714 ὁ
810 2663 1143 2734 κατοικήσας
1181 2662 1324 2717 κατὰ
1345 2663 1438 2715 τὸν
1479 2662 1637 2732 λόγον
1672 2665 1770 2735 τῆς
1809 2666 1910 2736 φύ-

324 2768 487 2812 σεως,
514 2751 609 2803 καὶ
631 2750 821 2824 ἔτερος
841 2755 869 2807 6
896 2753 1043 2824 ναός.
1059 2755 1149 2807 Διὸ
1169 2754 1265 2807 καὶ
1292 2757 1404 2818 τοῖς
1435 2756 1711 2821 Ἰουδαίοις
1735 2756 1910 2826 ἐλεγεο

328 2861 347 2891 ‹
378 2840 593 2893 Λύσατε
625 2841 715 2897 τὸν
760 2842 889 2896 ναὸν
940 2844 1149 2911 τοῦτον,
1200 2846 1297 2899 καὶ
1349 2847 1406 2901 ὲν
1452 2850 1632 2919 τρισὶν
1675 2849 1915 2921 ἡμέραις

322 2931 506 3001 ἐγερῶ
538 2932 717 2987 αὐτόν.
750 2952 768 2984 ι
791 2933 961 3000 Λύσις
988 2935 1045 2988 δὲ
1076 2936 1170 2990 τοῦ
1196 2937 1352 3002 ναοῦ,
1380 2939 1561 3009 ψυχῆς
1588 2941 1682 2993 καὶ
1721 2941 1910 3012 σώμα-

321 3040 416 3087 τος
451 3024 485 3095 ἡ
523 3022 827 3090 διάζευξις·
872 3026 1101 3091 θάνατος
1140 3029 1248 3102 γάρ
1277 3030 1395 3083 ἐστι
1451 3029 1627 3100 ψυχῆς
1659 3032 1768 3085 ἀπὸ
1802 3030 1911 3086 σώ-

325 3132 499 3184 ματος
522 3116 872 3190 ἀναχώρησις
888 3134 904 3151 ο
929 3119 1125 3174 οὐκοῦν
1150 3121 1250 3192 τήν
1289 3121 1445 3175 λύσιν
1471 3123 1566 3177 τοῦ
1597 3123 1724 3178 ναοῦ
1755 3127 1784 3179 6
1807 3124 1910 3196 τῆς

324 3206 508 3277 ψυχῆς
544 3209 839 3280 ἐργάζεται
870 3212 1181 3284 χωρισμόςο
1234 3215 1282 3267 εί
1311 3214 1490 3269 τοίνυν
1533 3216 1774 3269 Ἰουδαῖοι
1817 3216 1909 3270 τὸν

323 3297 456 3351 ναὸν
505 3297 703 3353 ἔλυσαν
742 3301 966 3373 σταυρῷ
1013 3303 1107 3357 καὶ
1155 3303 1373 3376 θανάτῳ
1427 3306 1905 3377 παραδεδωκότες,

323 3388 481 3453 λύσις
504 3390 561 3443 δὲ
592 3391 723 3445 ναοῦ
745 3391 854 3445 τῶν
876 3393 1242 3465 συνημμένων
1271 3396 1628 3469 όιχωρισμὸς,
1650 3399 1679 3457 6
1698 3396 1754 3451 δὲ
1775 3397 1909 3463 Θεὸς

322 3480 498 3548 Λόγος
533 3479 721 3536 τοῦτον
767 3481 1001 3538 λυθέντα
1055 3485 1346 3557 ἀνέστησε,
1392 3488 1562 3558 σαφὲς
1590 3484 1746 3561 οἶμαι
1794 3492 1908 3556 τοῖς

321 3570 615 3641 ἔμφροσιν,
651 3571 728 3637 ὡς
759 3574 862 3627 οὐκ
906 3575 1112 3647 ἄψυχον
1145 3577 1268 3632 οὐδὲ
1290 3574 1484 3646 ἄνουν,
1532 3580 1669 3635 ἀλλά
1701 3580 1907 3636 τέλειον

319 3659 615 3730 ἄνθρωπον
647 3663 676 3715 6
704 3662 839 3728 Θεὸς
877 3664 1171 3721 ἀνελάϐετο
1194 3668 1369 3737 Λόγος
1390 3688 1404 3702 ο
1440 3672 1490 3724 εἰ
1524 3671 1631 3743 γὰρ
1658 3672 1781 3726 ἀντὶ
1807 3672 1907 3743 τῆς

318 3749 591 3805 ἀθανάτου
616 3751 816 3824 ψυχῆς,
842 3756 899 3808 ὲν
926 3755 1005 3827 τῷ
1036 3758 1403 3828 ἀναληφθέντι
1439 3760 1656 3832 σώματι
1683 3763 1905 3831 γέγονεν

317 3841 347 3893 ὁ
390 3841 525 3901 Θεὸς
547 3844 739 3914 Λόγος,
772 3840 925 3899 εἶπεν
956 3847 1023 3902 ἂν
1061 3852 1176 3912 τοῖς
1218 3849 1520 3917 Ἰουδαίοις
1561 3853 1776 3908 Λύσατέ
1810 3873 1903 3921 με,

326 3933 425 3987 xal
462 3935 522 3987 ἐν
575 3936 752 4006 τρισὶν
798 3937 1036 4008 ἡμέραις
1068 3941 1482 4014 ἀναστήσομαιυ
1542 3945 1637 3999 νῦν
1662 3946 1718 4000 δὲ
1756 3947 1900 4001 διδά-

320 4038 491 4086 σκων,
523 4023 616 4075 καὶ
651 4023 745 4077 τοῦ
785 4025 914 4079 ναοῦ
948 4028 1011 4081 τὸ
1037 4029 1337 4100 τηνικαῦτα
1365 4034 1427 4085 τὸ
1470 4033 1683 4105 θνητὸν,
1713 4036 1810 4089 καὶ
1840 4036 1903 4090 τὸ

313 4112 543 4166 δυνατὸν
575 4113 675 4183 τῆς
708 4114 1026 4188 ἐνοικούσης
1071 4119 1359 4190 Θεότητος,
1412 4142 1431 4174 ι
1476 4124 1710 4189 Λύσατε,
1743 4126 1899 4195 φησι,

306 4204 408 4257 τὸν
434 4202 562 4256 ναὸν
604 4204 826 4268 τοῦτον,
875 4209 970 4260 καὶ
1002 4211 1060 4262 ὲν
1104 4212 1280 4281 τρισὶν
1322 4214 1558 4285 ήμέραις
1592 4216 1770 4288 ἐγερῶ
1796 4216 1897 4270 αύ-

310 4294 406 4348 τόν
426 4314 439 4325 ·
473 4316 492 4348 ι
520 4300 583 4352 ού
615 4299 725 4371 γὰρ
760 4300 1097 4371 ὲγὼ,φησὶν,
1126 4304 1217 4374 ὑφ’
1247 4306 1401 4377 ὑμῶν
1427 4308 1751 4379 λυθήσομαι,
1781 4310 1896 4365 ἀλλ’

1996 1925 2122 1981 dum
2165 1922 2443 1979 hominum
2470 1921 2700 1976 salutem
2732 1902 3076 1993 operaretur.
3111 1913 3356 1995 (lupique
3397 1913 3576 1967 adhue
3616 1922 3623 1927 '

1999 2018 2172 2090 magis
2230 2015 2611 2073 beneﬁciorum
2672 2011 2817 2066 illius
2881 1990 3576 2079 magnitudinemdemon-

1998 2116 2175 2162 strare
2198 2106 2377 2167 vellet,
2405 2117 2748 2173 nequaquam
2775 2101 2843 2155 de
2874 2096 3167 2153 immortali
3192 2096 3377 2173 auima‘
3406 2092 3573 2147 verba

1998 2201 2145 2265 fecit,
2177 2200 2269 2254 sed
2310 2199 2376 2253 de
2398 2172 2640 2267 passibili
2670 2209 2856 2258 carne,
2881 2190 3094 2246 mortali
3125 2197 3179 2244 et
3207 2172 3570 2258 corruptibili,

1998 2306 2062 2345 ex
2094 2291 2222 2344 limo
2246 2287 2433 2353 facta;
2482 2293 2645 2355 atque
2682 2299 2711 2337 a
2756 2290 2911 2353 parte
2961 2289 3127 2334 totam
3173 2285 3423 2331 naturam
3472 2275 3572 2329 de-

1998 2379 2260 2442 claravit,
2301 2387 2360 2431 ut
2384 2374 2667 2444 sequentia
2698 2382 2971 2427 testantur
3006 2388 3019 2423 :
3057 2386 3077 2419 (
3116 2367 3351 2422 Verbum
3383 2364 3525 2419 enim
3552 2405 3569 2428 ,

1998 2470 2214 2539 inquit,
2287 2482 2417 2522 caro
2473 2465 2674 2520 factum
2735 2471 2868 2528 est,
2933 2471 2986 2514 et
3044 2459 3308 2513 habitavit
3360 2458 3412 2512 iu
3469 2471 3569 2510 no—

1997 2560 2230 2617 bis‘.»

2066 2673 2220 2731 Alius
2246 2686 2377 2727 vero
2407 2670 2454 2726 is
2478 2677 2622 2733 erat,
2667 2666 2756 2736 qui
2801 2665 2965 2720 modo
3022 2662 3251 2717 naturali
3301 2661 3574 2717 inhabita-

2000 2765 2111 2830 bat,
2149 2763 2294 2818 aliud
2327 2775 2454 2817 vero
2489 2757 2770 2828 templum.
2804 2755 2984 2823 Quare
3014 2762 3069 2808 et
3098 2751 3300 2807 ludatis
3349 2750 3568 2806 aiebat:

2003 2874 2023 2910 ι
2060 2855 2265 2913 Solvite
2313 2851 2570 2923 templum
2607 2849 2730 2915 hoc,
2752 2856 2806 2902 et
2847 2859 2947 2915 ego
2992 2846 3167 2899 tribus
3195 2843 3387 2899 diebus
3421 2842 3574 2897 exci-

1999 2948 2126 3004 tabo
2149 2945 2297 3001 illud.
2357 2948 2399 2998 ⁸.
2439 2961 2459 2997 ι
2498 2939 2878 3012 Τοιιιριίιινοτο
2909 2936 3110 2992 solutio
3140 2943 3260 2990 erat
3292 2934 3492 2990 anima:
3539 2951 3572 2990 a

1998 3051 2225 3109 corpore
2257 3033 2577 3092 dissolutio:
2598 3046 2724 3086 nam
2751 3043 2901 3086 mors
2932 3037 3019 3085 est
3042 3027 3239 3081 animae
3279 3040 3309 3080 a
3338 3039 3574 3096 corpore

1954 3106 1972 3127 λ
1999 3106 2265 3188 recessus.
2297 3129 2440 3199 Ergo
2478 3125 2660 3195 templi
2710 3122 3034 3179 solutionem
3078 3127 3337 3190 operatur
3377 3118 3574 3173 anima:

1997 3240 2027 3277 a
2055 3236 2281 3293 corpore
2315 3217 2609 3286 separatio.
2651 3213 2820 3286 Igitur
2870 3212 2915 3268 si
2955 3209 3126 3266 Judmi
3171 3208 3428 3280 templum
3468 3208 3577 3262 sol-

1999 3323 2231 3379 verunt,
2283 3309 2430 3367 cruci
2485 3307 2757 3375 mortique
2815 3304 3093 3360 tradentes
3129 3341 3143 3368 ,
3203 3300 3406 3357 solutio
3446 3315 3576 3354 vero

1999 3403 2182 3475 templi
2230 3400 2640 3469 coniunctorum
2686 3394 2960 3467 separatio
2998 3392 3101 3447 fuit
3133 3432 3147 3456 ,
3216 3391 3358 3446 Deus
3392 3398 3573 3445 autem

2001 3496 2234 3553 Verbum
2268 3497 2369 3549 hoc
2398 3491 2719 3548 dissolutum
2785 3486 3138 3542 resuscitavit
3164 3524 3180 3549 ,
3226 3482 3575 3553 exploratum

2000 3587 2234 3647 arbitror
2272 3599 2396 3639 esse
2447 3580 2827 3651 prudentibus,
2884 3592 2989 3631 non
3051 3576 3346 3629 iuauimem
3400 3589 3577 3644 neque

2000 3688 2179 3735 mente
2223 3682 2521 3736 carentem,
2548 3672 2642 3726 sed
2693 3669 2996 3739 perfectum
3054 3666 3332 3722 hominem
3389 3681 3417 3718 a
3465 3666 3577 3720 Deo

2004 3769 2177 3823 Verbo
2213 3773 2547 3832 assumptum
2610 3759 2796 3813 fuisse.
2857 3756 2990 3811 Nam
3033 3755 3079 3810 si
3132 3769 3229 3825 pro
3279 3755 3575 3809 immortali

1999 3859 2202 3922 anima,
2240 3854 2293 3909 in
2337 3860 2621 3918 assumpto
2669 3862 2896 3916 corpore
2932 3845 3074 3900 Deus
3121 3843 3354 3898 Verbum
3407 3842 3577 3895 exsti-

2002 3952 2190 4013 tisset,
2221 3945 2411 4013 utique
2443 3940 2645 3997 ludatis
2694 3938 2924 3994 dixisset
2972 3954 2986 3992 :
3026 3934 3315 3990 Dissolvite
3356 3950 3461 3999 me,
3521 3944 3577 3987 et

2000 4041 2180 4096 triduo
2211 4048 2511 4105 resurgam.
2546 4030 2701 4086 Nunc
2723 4042 2857 4085 vero
2887 4042 3009 4083 cum
3037 4027 3255 4090 doceat,
3285 4033 3340 4080 et
3389 4023 3574 4093 templi

1998 4133 2142 4187 illius
2159 4127 2629 4188 mortalitatem,et
2640 4119 2995 4177 inhabitantis
3010 4118 3235 4175 Deitatis
3250 4116 3545 4188 potentiam
3557 4155 3573 4177 ,

2003 4243 2024 4279 ι
2065 4222 2292 4287 Solvite,
2324 4218 2529 4288 inquit,
2548 4215 2810 4286 templum
2844 4214 2970 4278 hoc,
2997 4218 3051 4266 et
3082 4225 3182 4283 ego
3218 4209 3399 4265 triduo
3424 4206 3577 4263 exci-

2000 4317 2124 4373 tabo
2151 4314 2297 4370 illud.
2341 4330 2359 4364 ι
2403 4310 2523 4366 Non
2547 4309 2693 4365 enim
2725 4321 2850 4377 ego,
2880 4306 2994 4370 ait,
3029 4319 3059 4360 ιι
3089 4303 3244 4359 vobis
3276 4301 3571 4366 dissolvar,

311 4389 343 4441 6
370 4388 602 4458 ληφθεὶς
639 4392 732 4444 ὑπ’
781 4391 918 4463 ἐμοῦ
960 4396 1117 4458 ναός·
1152 4398 1246 4449 καὶ
1279 4390 1434 4463 οὗτος
1462 4400 1520 4454 δὲ
1563 4401 1772 4464 λύεται,
1808 4404 1896 4457 ἵνα

1998 4410 2092 4466 sed
2123 4413 2456 4471 assumptum
2491 4418 2521 4457 a
2551 4415 2637 4457 me
2670 4400 2968 4470 templum;
3024 4407 3077 4451 et
3105 4398 3210 4453 hoc
3240 4398 3456 4465 quidem
3488 4395 3576 4466 ip-

309 4479 626 4550 κρείττονος
668 4483 1024 4549 ἀναστάσεως
1077 4487 1383 4561 ἀπολαύσῃ,
1436 4490 1525 4543 ἴνα
1560 4492 1658 4563 τὴν
1692 4494 1893 4566 θνητὴν

1998 4517 2118 4560 sum
2149 4500 2222 4554 ita
2249 4494 2563 4553 dissolvitur
2594 4533 2608 4556 ,
2644 4503 2702 4546 ut
2735 4491 2961 4547 meliore
2995 4489 3395 4555 resurrectione
3422 4498 3584 4559 post-

307 4570 584 4640 ἀπόθηται
617 4573 800 4641 φύσιν,
839 4576 926 4629 ἵνα
949 4577 1051 4647 τὴν
1078 4579 1289 4651 φθορὰν
1320 4584 1655 4653 ἀποδύσηται
1684 4589 1777 4640 καὶ
1797 4588 1893 4658 τὴν

1997 4610 2059 4651 ea
2102 4593 2335 4654 fruatur,
2367 4597 2424 4641 ut
2451 4583 2739 4641 mortalem
2770 4583 3007 4649 deponat
3043 4591 3321 4646 naturam,
3357 4589 3415 4633 ut
3447 4592 3576 4633 cor-

304 4661 625 4732 ἀφθαρσίαν
662 4666 974 4737 ἐνδύσηται,
1000 4670 1088 4723 ἵνα
1120 4672 1216 4726 τοῦ
1257 4674 1490 4728 θανάτου
1521 4677 1798 4751 καταλύσῃ
1832 4680 1892 4732 τὸ

1996 4664 2300 4736 ruptionem
2354 4672 2519 4720 exuat
2576 4672 2632 4719 et
2682 4663 2876 4720 induat
2939 4662 3405 4732 incorruptionem
3436 4698 3452 4724 ,
3511 4671 3576 4717 ut

302 4754 533 4823 κράτος,
571 4755 658 4808 ἵνα
683 4757 788 4811 τῶν
822 4763 1240 4831 κεκοιμημένων
1261 4766 1491 4837 ἀπαρχὴ
1520 4769 1767 4841 γένηται,
1804 4774 1889 4825 ἵνα

1996 4758 2186 4812 mortis
2247 4756 2538 4826 imperium
2601 4756 2873 4821 destruat,
2921 4765 2983 4810 ut
3032 4754 3123 4808 tiat
3182 4752 3579 4809 dormientium

304 4843 477 4907 λύσας
508 4845 607 4915 τῆς
633 4849 838 4920 φθορᾶς
866 4852 978 4932 τάς*
1001 4853 1197 4919 ὠδῖνας
1228 4857 1517 4929 ἀναδειχθῇ
1542 4862 1649 4913 τῶν
1679 4865 1889 4932 νεκρῶν

304 4935 678 5004 πρωτότοκος,
708 4942 801 4994 καὶ
829 4927 917 4996 διά
954 4927 1052 5015 τῆς
1076 4947 1284 5013 οἰκείας
1322 4927 1672 5016 ἀναστάσεως
1726 4927 1887 5023 εὐαγ-

306 5024 590 5097 γελίσηται
621 5030 721 5096 τὴν
746 5032 965 5088 πάντων
994 5035 1300 5108 ἀνθρώπων
1322 5041 1635 5096 ἀνάστασιν.

746 5216 842 5270 Ἐκ
871 5218 979 5273 τοῦ
1020 5222 1208 5279 αὑτοῦ
1238 5226 1450 5297 λόγου.

377 5303 496 5363 Ὀτι
529 5307 585 5363 δὲ
616 5309 792 5364 ταῦτα
817 5311 990 5377 οὕτως
1024 5316 1160 5387 ἔχει,
1198 5324 1474 5391 μαρτυρεί
1507 5325 1618 5378 τῶν
1649 5328 1889 5383 ἀποστό-

295 5401 409 5455 λων
456 5404 487 5453 ὁ
542 5407 843 5475 κορυφαῖος
889 5409 947 5462 ἐν
977 5413 1099 5475 ταῖς
1145 5413 1388 5484 Πράξεσι
1429 5418 1628 5488 λέγων,
1663 5421 1746 5476 ὅτι
1784 5424 1888 5477 οὐκ

291 5495 695 5589 ἐγκατελείφθη
747 5501 782 5569 ή
828 5500 975 5573 ψυχὴ
1017 5505 1187 5559 αὐτοῦ
1216 5508 1300 5573 είς
1345 5508 1504 5582 ᾅδου,
1535 5514 1658 5568 οὐδὲ
1684 5518 1716 5587 ή
1747 5519 1885 5589 σὰρξ

296 5585 469 5641 αὖτοῦ
514 5583 624 5642 οἶδε
668 5591 993 5663 διαφθοράν.
1026 5598 1198 5664 Λύσις
1247 5604 1543 5674 τοιγαροῦν
1590 5583 1881 5677 τοῦνναοῇῧ,

1993 4851 2271 4921 primitiae,
2333 4859 2394 4904 ut
2447 4848 2820 4919 corruptionis
2881 4846 3162 4902 doloribus
3219 4843 3415 4900 solutis
3475 4858 3578 4912 ap-

1994 4953 2185 5014 pareat
2214 4953 2554 4997 mortuorum
2592 4939 3013 5010 primogenitus.
3057 4948 3111 4993 et
3140 4937 3359 5008 propria
3391 4946 3587 4991 resurd

1993 5037 2236 5092 rectione
2279 5034 2525 5089 omnium
2588 5034 2869 5088 hominum
2936 5031 3393 5087 resurrectionem
3451 5044 3579 5101 por-

1993 5130 2201 5184 tendat.

2489 5220 2572 5273 Ea:
2604 5220 2785 5274 eadem
2815 5219 3077 5274 oratione.

2064 5310 2217 5376 Quod
2264 5319 2447 5365 autem
2478 5311 2595 5365 haec
2641 5311 2715 5365 ita
2748 5326 2808 5365 se
2863 5310 3116 5371 habeant,
3155 5315 3392 5363 testatur
3443 5321 3579 5377 apo-

1990 5407 2255 5460 stolarum
2283 5406 2540 5475 princeps
2570 5405 2625 5459 in
2651 5406 2876 5460 Actibus
2908 5405 3118 5472 dicens,
3143 5417 3253 5458 non
3287 5401 3455 5458 fuisse
3483 5404 3587 5459 tle--

1993 5496 2235 5550 relictam
2283 5495 2521 5551 animam
2565 5496 2684 5566 ejus
2728 5496 2780 5551 in
2834 5494 3075 5557 inferno,
3119 5508 3298 5566 neque
3354 5509 3576 5550 carnem

1986 5589 2108 5660 ejus
2130 5589 2328 5645 vidisse
2349 5590 2756 5660 corruptionem
2776 5589 2819 5644 '.
2860 5586 3072 5659 Templi
3104 5605 3234 5661 ergo
3263 5588 3464 5645 solutio
3494 5597 3579 5642 est

370 5792 385 5822 ⁸
432 5788 477 5843 ll
506 5789 633 5845 Cor.
670 5809 720 5853 ι’,
749 5791 840 5845 9.1.
906 5794 926 5823 ¹
959 5792 1187 5849 Malach.
1216 5809 1299 5857 ιιι,
1324 5795 1377 5850 6.
1453 5794 1657 5857 'Joan.
1700 5816 1739 5863 ι,
1772 5801 1864 5858 ΞΕ).

1996 5802 2144 5861 loau.
2176 5822 2231 5883 ι..
2258 5804 2343 5861 Η.
2418 5806 2437 5836 ⁸
2464 5801 2619 5860 Joan.
2649 5818 2684 5857 ιι
2706 5843 2720 5867 .
2753 5800 2839 5858 l9.
2907 5802 2928 5834 '
2959 5802 3081 5860 Act.
3115 5820 3177 5869 ιι,
3199 5801 3289 5855 27.
