  <div class='ocr_page' id='page_1' title='image "/cluster/home/n/w/nwhite01/storage/ocr_20150623/130/hvd.32044073502387/461.png"; bbox 0 0 4036 6210; ppageno 0'>
   <div class='ocr_carea' id='block_1_1' title="bbox 497 281 597 350">
    <p class='ocr_par' dir='ltr' id='par_1_1' title="bbox 497 281 597 350">
     <span class='ocr_line' id='line_1_1' title="bbox 497 281 597 350; baseline 0.04 -5"><span class='ocrx_word' id='word_1_1' title='bbox 497 281 597 350; x_wconf 68' lang='grc'><strong>921</strong></span> 
     </span>
    </p>
   </div>
   <div class='ocr_carea' id='block_1_2' title="bbox 1706 276 2490 346">
    <p class='ocr_par' dir='ltr' id='par_1_2' title="bbox 1706 276 2490 346">
     <span class='ocr_line' id='line_1_2' title="bbox 1706 276 2490 346; baseline 0 -1"><span class='ocrx_word' id='word_1_2' title='bbox 1706 285 2089 346; x_wconf 83' lang='lat' dir='ltr'><strong>EUTllYMII</strong></span> <span class='ocrx_word' id='word_1_3' title='bbox 2128 276 2490 346; x_wconf 70' lang='lat' dir='ltr'><strong>ZIGABENI</strong></span> 
     </span>
    </p>
   </div>
   <div class='ocr_carea' id='block_1_3' title="bbox 3639 281 3755 350">
    <p class='ocr_par' dir='ltr' id='par_1_3' title="bbox 3639 281 3755 350">
     <span class='ocr_line' id='line_1_3' title="bbox 3639 281 3755 350; baseline 0.009 -2"><span class='ocrx_word' id='word_1_4' title='bbox 3639 281 3755 350; x_wconf 74' lang='lat'><strong>912</strong></span> 
     </span>
    </p>
   </div>
   <div class='ocr_carea' id='block_1_4' title="bbox 496 403 2072 483">
    <p class='ocr_par' dir='ltr' id='par_1_4' title="bbox 496 403 2062 480">
     <span class='ocr_line' id='line_1_4' title="bbox 496 403 2062 480; baseline -0.008 -10"><span class='ocrx_word' id='word_1_5' title='bbox 496 417 692 471; x_wconf 77' lang='lat' dir='ltr'><strong>anima:</strong></span> <span class='ocrx_word' id='word_1_6' title='bbox 731 427 759 466; x_wconf 93' lang='lat' dir='ltr'><strong>a</strong></span> <span class='ocrx_word' id='word_1_7' title='bbox 794 424 1019 480; x_wconf 87' lang='lat' dir='ltr'><strong>corpore</strong></span> <span class='ocrx_word' id='word_1_8' title='bbox 1048 406 1318 478; x_wconf 74' lang='lat' dir='ltr'><strong>separatio</strong></span> <span class='ocrx_word' id='word_1_9' title='bbox 1354 421 1367 469; x_wconf 91' lang='lat'>;</span> <span class='ocrx_word' id='word_1_10' title='bbox 1417 403 1766 474; x_wconf 65' lang='lat' dir='ltr'><strong>vicissimque</strong></span> <span class='ocrx_word' id='word_1_11' title='bbox 1813 415 2062 458; x_wconf 87' lang='lat' dir='ltr'><strong>resurre-</strong></span> 
     </span>
    </p>
   </div>
   <div class='ocr_carea' id='block_1_5' title="bbox 2176 403 3746 483">
    <p class='ocr_par' dir='ltr' id='par_1_5' title="bbox 2176 407 3746 483">
     <span class='ocr_line' id='line_1_5' title="bbox 2176 407 3746 483; baseline 0.004 -20"><span class='ocrx_word' id='word_1_12' title='bbox 2176 409 2342 480; x_wconf 63' lang='grc' dir='ltr'>ξιυχῆς</span> <span class='ocrx_word' id='word_1_13' title='bbox 2375 410 2468 462; x_wconf 70' lang='grc' dir='ltr'>καὶ</span> <span class='ocrx_word' id='word_1_14' title='bbox 2496 407 2746 478; x_wconf 85' lang='grc' dir='ltr'>σώματος</span> <span class='ocrx_word' id='word_1_15' title='bbox 2771 409 3083 480; x_wconf 87' lang='grc' dir='ltr'>χωρισμός·</span> <span class='ocrx_word' id='word_1_16' title='bbox 3111 410 3205 464; x_wconf 72' lang='grc' dir='ltr'>καὶ</span> <span class='ocrx_word' id='word_1_17' title='bbox 3230 410 3394 465; x_wconf 88' lang='grc' dir='ltr'>πάλιν</span> <span class='ocrx_word' id='word_1_18' title='bbox 3426 413 3746 483; x_wconf 77' lang='grc' dir='ltr'>ἀνάστασις,</span> 
     </span>
    </p>
   </div>
   <div class='ocr_carea' id='block_1_6' title="bbox 495 496 2067 574">
    <p class='ocr_par' dir='ltr' id='par_1_6' title="bbox 495 496 2067 574">
     <span class='ocr_line' id='line_1_6' title="bbox 495 496 2067 574; baseline -0.009 -10"><span class='ocrx_word' id='word_1_19' title='bbox 495 511 603 565; x_wconf 87' lang='lat' dir='ltr'><strong>etio</strong></span> <span class='ocrx_word' id='word_1_20' title='bbox 633 516 716 564; x_wconf 90' lang='lat' dir='ltr'><strong>est</strong></span> <span class='ocrx_word' id='word_1_21' title='bbox 748 507 813 560; x_wconf 85' lang='lat' dir='ltr'><strong>ad</strong></span> <span class='ocrx_word' id='word_1_22' title='bbox 853 502 1124 574; x_wconf 82' lang='lat' dir='ltr'><strong>propriam</strong></span> <span class='ocrx_word' id='word_1_23' title='bbox 1171 512 1392 554; x_wconf 87' lang='lat' dir='ltr'><strong>carnem</strong></span> <span class='ocrx_word' id='word_1_24' title='bbox 1435 496 1660 552; x_wconf 89' lang='lat' dir='ltr'><strong>reditus.</strong></span> <span class='ocrx_word' id='word_1_25' title='bbox 1715 496 1772 551; x_wconf 90' lang='lat' dir='ltr'><strong>Si</strong></span> <span class='ocrx_word' id='word_1_26' title='bbox 1809 511 1968 568; x_wconf 77' lang='lat' dir='ltr'><strong>ergo,</strong></span> <span class='ocrx_word' id='word_1_27' title='bbox 2013 507 2067 552; x_wconf 86' lang='grc' dir='ltr'><strong>ιιι</strong></span> 
     </span>
    </p>
   </div>
   <div class='ocr_carea' id='block_1_7' title="bbox 495 588 2065 664">
    <p class='ocr_par' dir='ltr' id='par_1_7' title="bbox 495 588 2065 664">
     <span class='ocr_line' id='line_1_7' title="bbox 495 588 2065 664; baseline -0.008 -8"><span class='ocrx_word' id='word_1_28' title='bbox 495 603 765 658; x_wconf 60' lang='lat' dir='ltr'><strong>haereseos</strong></span> <span class='ocrx_word' id='word_1_29' title='bbox 816 592 1151 664; x_wconf 78' lang='lat' dir='ltr'><strong>antesignani</strong></span> <span class='ocrx_word' id='word_1_30' title='bbox 1211 590 1384 652; x_wconf 86' lang='lat' dir='ltr'><strong>aiunt.</strong></span> <span class='ocrx_word' id='word_1_31' title='bbox 1443 588 1655 644; x_wconf 89' lang='lat' dir='ltr'><strong>animas</strong></span> <span class='ocrx_word' id='word_1_32' title='bbox 1708 588 1845 643; x_wconf 89' lang='lat' dir='ltr'><strong>duas</strong></span> <span class='ocrx_word' id='word_1_33' title='bbox 1894 604 2065 644; x_wconf 86' lang='lat' dir='ltr'><strong>unus-</strong></span> 
     </span>
    </p>
   </div>
   <div class='ocr_carea' id='block_1_8' title="bbox 493 680 2060 762">
    <p class='ocr_par' dir='ltr' id='par_1_8' title="bbox 493 680 2060 762">
     <span class='ocr_line' id='line_1_8' title="bbox 493 680 2060 762; baseline -0.01 -14"><span class='ocrx_word' id='word_1_34' title='bbox 493 694 722 762; x_wconf 87' lang='lat' dir='ltr'><strong>quisque</strong></span> <span class='ocrx_word' id='word_1_35' title='bbox 755 690 916 744; x_wconf 92' lang='lat' dir='ltr'><strong>bomo</strong></span> <span class='ocrx_word' id='word_1_36' title='bbox 947 687 1103 742; x_wconf 90' lang='lat' dir='ltr'><strong>habet</strong></span> <span class='ocrx_word' id='word_1_37' title='bbox 1126 725 1140 751; x_wconf 95' lang='lat'><strong>,</strong></span> <span class='ocrx_word' id='word_1_38' title='bbox 1164 682 1382 736; x_wconf 89' lang='lat' dir='ltr'><strong>vitalem</strong></span> <span class='ocrx_word' id='word_1_39' title='bbox 1409 681 1686 736; x_wconf 90' lang='lat' dir='ltr'><strong>scilicetet</strong></span> <span class='ocrx_word' id='word_1_40' title='bbox 1721 680 2060 744; x_wconf 67' lang='lat' dir='ltr'><strong>rationalem,</strong></span> 
     </span>
    </p>
   </div>
   <div class='ocr_carea' id='block_1_9' title="bbox 493 771 2058 847">
    <p class='ocr_par' dir='ltr' id='par_1_9' title="bbox 493 771 2058 847">
     <span class='ocr_line' id='line_1_9' title="bbox 493 771 2058 847; baseline -0.009 -9"><span class='ocrx_word' id='word_1_41' title='bbox 493 795 546 838; x_wconf 90' lang='lat' dir='ltr'><strong>et</strong></span> <span class='ocrx_word' id='word_1_42' title='bbox 579 797 644 837; x_wconf 90' lang='lat' dir='ltr'><strong>ne</strong></span> <span class='ocrx_word' id='word_1_43' title='bbox 673 795 800 835; x_wconf 89' lang='lat' dir='ltr'><strong>caro</strong></span> <span class='ocrx_word' id='word_1_44' title='bbox 826 777 1040 847; x_wconf 87' lang='lat' dir='ltr'><strong>quidem</strong></span> <span class='ocrx_word' id='word_1_45' title='bbox 1067 775 1271 844; x_wconf 86' lang='lat' dir='ltr'><strong>absque</strong></span> <span class='ocrx_word' id='word_1_46' title='bbox 1297 772 1446 826; x_wconf 81' lang='lat' dir='ltr'><strong>vitali</strong></span> <span class='ocrx_word' id='word_1_47' title='bbox 1483 772 1662 825; x_wconf 85' lang='lat' dir='ltr'><strong>anima</strong></span> <span class='ocrx_word' id='word_1_48' title='bbox 1701 771 1926 842; x_wconf 81' lang='lat' dir='ltr'><strong>cogitari</strong></span> <span class='ocrx_word' id='word_1_49' title='bbox 1963 789 2058 825; x_wconf 65' lang='lat' dir='ltr'><strong>un.</strong></span> 
     </span>
    </p>
   </div>
   <div class='ocr_carea' id='block_1_10' title="bbox 493 861 2062 941">
    <p class='ocr_par' dir='ltr' id='par_1_10' title="bbox 493 861 2062 941">
     <span class='ocr_line' id='line_1_10' title="bbox 493 861 2062 941; baseline -0.007 -16"><span class='ocrx_word' id='word_1_50' title='bbox 493 887 652 941; x_wconf 90' lang='lat' dir='ltr'><strong>quam</strong></span> <span class='ocrx_word' id='word_1_51' title='bbox 669 876 840 939; x_wconf 85' lang='lat' dir='ltr'><strong>potest</strong></span> <span class='ocrx_word' id='word_1_52' title='bbox 863 883 878 933; x_wconf 89' lang='lat'><strong>;</strong></span> <span class='ocrx_word' id='word_1_53' title='bbox 904 882 1025 920; x_wconf 80' lang='lat' dir='ltr'><strong>uani</strong></span> <span class='ocrx_word' id='word_1_54' title='bbox 1044 878 1258 931; x_wconf 87' lang='lat' dir='ltr'><strong>corpus,</strong></span> <span class='ocrx_word' id='word_1_55' title='bbox 1281 877 1384 916; x_wconf 92' lang='lat' dir='ltr'><strong>non</strong></span> <span class='ocrx_word' id='word_1_56' title='bbox 1409 875 1558 926; x_wconf 88' lang='lat' dir='ltr'><strong>caro,</strong></span> <span class='ocrx_word' id='word_1_57' title='bbox 1589 861 1785 931; x_wconf 87' lang='lat' dir='ltr'><strong>inquit,</strong></span> <span class='ocrx_word' id='word_1_58' title='bbox 1809 861 1950 930; x_wconf 90' lang='lat' dir='ltr'><strong>quod</strong></span> <span class='ocrx_word' id='word_1_59' title='bbox 1979 871 2062 914; x_wconf 90' lang='lat' dir='ltr'><strong>est</strong></span> 
     </span>
    </p>
   </div>
   <div class='ocr_carea' id='block_1_11' title="bbox 496 953 2060 1034">
    <p class='ocr_par' dir='ltr' id='par_1_11' title="bbox 496 953 2060 1034">
     <span class='ocr_line' id='line_1_11' title="bbox 496 953 2060 1034; baseline -0.008 -18"><span class='ocrx_word' id='word_1_60' title='bbox 496 960 818 1034; x_wconf 68' lang='lat' dir='ltr'><strong>huiusmodi,</strong></span> <span class='ocrx_word' id='word_1_61' title='bbox 852 957 1152 1028; x_wconf 85' lang='lat' dir='ltr'><strong>appellatur</strong></span> <span class='ocrx_word' id='word_1_62' title='bbox 1178 971 1193 1020; x_wconf 89' lang='lat'><strong>;</strong></span> <span class='ocrx_word' id='word_1_63' title='bbox 1218 955 1328 1009; x_wconf 92' lang='lat' dir='ltr'><strong>etsi</strong></span> <span class='ocrx_word' id='word_1_64' title='bbox 1369 954 1566 1008; x_wconf 83' lang='lat' dir='ltr'><strong>Petrus</strong></span> <span class='ocrx_word' id='word_1_65' title='bbox 1598 953 1694 1020; x_wconf 85' lang='lat' dir='ltr'><strong>ait,</strong></span> <span class='ocrx_word' id='word_1_66' title='bbox 1730 968 1833 1008; x_wconf 92' lang='lat' dir='ltr'><strong>non</strong></span> <span class='ocrx_word' id='word_1_67' title='bbox 1861 969 2060 1023; x_wconf 87' lang='lat' dir='ltr'><strong>corpus</strong></span> 
     </span>
    </p>
   </div>
   <div class='ocr_carea' id='block_1_12' title="bbox 493 1043 2062 1117">
    <p class='ocr_par' dir='ltr' id='par_1_12' title="bbox 493 1043 2062 1117">
     <span class='ocr_line' id='line_1_12' title="bbox 493 1043 2062 1117; baseline -0.006 -12"><span class='ocrx_word' id='word_1_68' title='bbox 493 1051 728 1117; x_wconf 76' lang='lat' dir='ltr'><strong>Dou&#39;ttni,</strong></span> <span class='ocrx_word' id='word_1_69' title='bbox 765 1048 858 1103; x_wconf 92' lang='lat' dir='ltr'><strong>sed</strong></span> <span class='ocrx_word' id='word_1_70' title='bbox 912 1043 1121 1100; x_wconf 82' lang='lat' dir='ltr'><strong>Domini</strong></span> <span class='ocrx_word' id='word_1_71' title='bbox 1177 1056 1399 1098; x_wconf 87' lang='lat' dir='ltr'><strong>carnem</strong></span> <span class='ocrx_word' id='word_1_72' title='bbox 1447 1043 1588 1096; x_wconf 83' lang='lat' dir='ltr'><strong>haud</strong></span> <span class='ocrx_word' id='word_1_73' title='bbox 1636 1043 1837 1097; x_wconf 85' lang='lat' dir='ltr'><strong>vidisse</strong></span> <span class='ocrx_word' id='word_1_74' title='bbox 1879 1057 2062 1096; x_wconf 86' lang='lat' dir='ltr'><strong>corru-</strong></span> 
     </span>
    </p>
   </div>
   <div class='ocr_carea' id='block_1_13' title="bbox 491 1134 2056 1212">
    <p class='ocr_par' dir='ltr' id='par_1_13' title="bbox 491 1134 2056 1212">
     <span class='ocr_line' id='line_1_13' title="bbox 491 1134 2056 1212; baseline -0.004 -18"><span class='ocrx_word' id='word_1_75' title='bbox 491 1145 751 1212; x_wconf 71' lang='lat' dir='ltr'><strong>ptionem,</strong></span> <span class='ocrx_word' id='word_1_76' title='bbox 785 1154 958 1210; x_wconf 92' lang='lat' dir='ltr'><strong>neque</strong></span> <span class='ocrx_word' id='word_1_77' title='bbox 987 1138 1222 1192; x_wconf 90' lang='lat' dir='ltr'><strong>animam</strong></span> <span class='ocrx_word' id='word_1_78' title='bbox 1255 1136 1372 1205; x_wconf 83' lang='lat' dir='ltr'><strong>ejus</strong></span> <span class='ocrx_word' id='word_1_79' title='bbox 1396 1137 1444 1189; x_wconf 92' lang='lat' dir='ltr'><strong>in</strong></span> <span class='ocrx_word' id='word_1_80' title='bbox 1470 1135 1683 1189; x_wconf 79' lang='lat' dir='ltr'><strong>inferno</strong></span> <span class='ocrx_word' id='word_1_81' title='bbox 1706 1134 2056 1200; x_wconf 89' lang='lat' dir='ltr'><strong>derelictam,</strong></span> 
     </span>
    </p>
   </div>
   <div class='ocr_carea' id='block_1_14' title="bbox 490 1228 2056 1300">
    <p class='ocr_par' dir='ltr' id='par_1_14' title="bbox 490 1228 2056 1300">
     <span class='ocr_line' id='line_1_14' title="bbox 490 1228 2056 1300; baseline -0.003 -13"><span class='ocrx_word' id='word_1_82' title='bbox 490 1249 619 1288; x_wconf 82' lang='lat' dir='ltr'><strong>sane</strong></span> <span class='ocrx_word' id='word_1_83' title='bbox 647 1241 862 1288; x_wconf 87' lang='lat' dir='ltr'><strong>constat</strong></span> <span class='ocrx_word' id='word_1_84' title='bbox 891 1231 1106 1285; x_wconf 88' lang='lat' dir='ltr'><strong>vitalem</strong></span> <span class='ocrx_word' id='word_1_85' title='bbox 1133 1229 1317 1300; x_wconf 91' lang='lat' dir='ltr'><strong>(quam</strong></span> <span class='ocrx_word' id='word_1_86' title='bbox 1363 1228 1635 1297; x_wconf 91' lang='lat' dir='ltr'><strong>quomodo</strong></span> <span class='ocrx_word' id='word_1_87' title='bbox 1682 1238 1930 1282; x_wconf 90' lang='lat' dir='ltr'><strong>astruant</strong></span> <span class='ocrx_word' id='word_1_88' title='bbox 1968 1244 2056 1283; x_wconf 87' lang='lat' dir='ltr'><strong>ne-</strong></span> 
     </span>
    </p>
   </div>
   <div class='ocr_carea' id='block_1_15' title="bbox 443 1302 2062 1391">
    <p class='ocr_par' dir='ltr' id='par_1_15' title="bbox 443 1302 2062 1391">
     <span class='ocr_line' id='line_1_15' title="bbox 443 1302 2062 1391; baseline -0.002 -15"><span class='ocrx_word' id='word_1_89' title='bbox 443 1302 448 1306; x_wconf 20' lang='grc'><strong><em>⁵</em></strong></span> <span class='ocrx_word' id='word_1_90' title='bbox 489 1323 622 1391; x_wconf 81' lang='lat' dir='ltr'><strong>scio)</strong></span> <span class='ocrx_word' id='word_1_91' title='bbox 663 1323 943 1377; x_wconf 75' lang='lat' dir='ltr'><strong>exstitisse</strong></span> <span class='ocrx_word' id='word_1_92' title='bbox 982 1323 1034 1374; x_wconf 92' lang='lat' dir='ltr'><strong>in</strong></span> <span class='ocrx_word' id='word_1_93' title='bbox 1099 1334 1262 1372; x_wconf 88' lang='lat' dir='ltr'><strong>carne</strong></span> <span class='ocrx_word' id='word_1_94' title='bbox 1304 1328 1558 1384; x_wconf 88' lang='lat' dir='ltr'><strong>corrupta</strong></span> <span class='ocrx_word' id='word_1_95' title='bbox 1615 1319 1852 1372; x_wconf 88' lang='lat' dir='ltr'><strong>animam</strong></span> <span class='ocrx_word' id='word_1_96' title='bbox 1881 1358 1894 1384; x_wconf 88' lang='lat'><strong>,</strong></span> <span class='ocrx_word' id='word_1_97' title='bbox 1943 1320 2062 1373; x_wconf 88' lang='lat' dir='ltr'><strong>sine</strong></span> 
     </span>
    </p>
   </div>
   <div class='ocr_carea' id='block_1_16' title="bbox 488 1409 2059 1482">
    <p class='ocr_par' dir='ltr' id='par_1_16' title="bbox 488 1409 2059 1482">
     <span class='ocr_line' id='line_1_16' title="bbox 488 1409 2059 1482; baseline 0.001 -16"><span class='ocrx_word' id='word_1_98' title='bbox 488 1430 590 1482; x_wconf 90' lang='lat' dir='ltr'><strong>qua</strong></span> <span class='ocrx_word' id='word_1_99' title='bbox 624 1429 690 1468; x_wconf 93' lang='lat' dir='ltr'><strong>ne</strong></span> <span class='ocrx_word' id='word_1_100' title='bbox 723 1413 1129 1481; x_wconf 80' lang='lat' dir='ltr'><strong>caro&#39;qnidem,</strong></span> <span class='ocrx_word' id='word_1_101' title='bbox 1191 1418 1248 1463; x_wconf 93' lang='lat' dir='ltr'><strong>ut</strong></span> <span class='ocrx_word' id='word_1_102' title='bbox 1293 1409 1466 1474; x_wconf 92' lang='lat' dir='ltr'><strong>aiunt,</strong></span> <span class='ocrx_word' id='word_1_103' title='bbox 1520 1410 1904 1476; x_wconf 87' lang='lat' dir='ltr'><strong>appellaretur.</strong></span> <span class='ocrx_word' id='word_1_104' title='bbox 1955 1413 2059 1468; x_wconf 88' lang='lat' dir='ltr'><strong>lm-</strong></span> 
     </span>
    </p>
   </div>
   <div class='ocr_carea' id='block_1_17' title="bbox 497 1496 2071 1567">
    <p class='ocr_par' dir='ltr' id='par_1_17' title="bbox 497 1496 2071 1567">
     <span class='ocr_line' id='line_1_17' title="bbox 497 1496 2071 1567; baseline 0 -15"><span class='ocrx_word' id='word_1_105' title='bbox 497 1499 742 1554; x_wconf 86' lang='lat' dir='ltr'><strong>mortalis</strong></span> <span class='ocrx_word' id='word_1_106' title='bbox 768 1507 946 1552; x_wconf 88' lang='lat' dir='ltr'><strong>autem</strong></span> <span class='ocrx_word' id='word_1_107' title='bbox 988 1505 1041 1552; x_wconf 92' lang='lat' dir='ltr'><strong>et</strong></span> <span class='ocrx_word' id='word_1_108' title='bbox 1085 1496 1394 1563; x_wconf 85' lang='lat' dir='ltr'><strong>rationalis,</strong></span> <span class='ocrx_word' id='word_1_109' title='bbox 1451 1496 1539 1551; x_wconf 92' lang='lat' dir='ltr'><strong>cui</strong></span> <span class='ocrx_word' id='word_1_110' title='bbox 1584 1496 1879 1550; x_wconf 71' lang='lat' dir='ltr'><strong>animantis</strong></span> <span class='ocrx_word' id='word_1_111' title='bbox 1930 1499 2071 1567; x_wconf 73' lang='lat' dir='ltr'><strong>regi-</strong></span> 
     </span>
    </p>
   </div>
   <div class='ocr_carea' id='block_1_18' title="bbox 493 1586 2071 1652">
    <p class='ocr_par' dir='ltr' id='par_1_18' title="bbox 493 1586 2071 1652">
     <span class='ocr_line' id='line_1_18' title="bbox 493 1586 2071 1652; baseline 0 -10"><span class='ocrx_word' id='word_1_112' title='bbox 493 1605 615 1642; x_wconf 77' lang='lat' dir='ltr'><strong>men</strong></span> <span class='ocrx_word' id='word_1_113' title='bbox 671 1597 758 1642; x_wconf 84' lang='lat' dir='ltr'><strong>est</strong></span> <span class='ocrx_word' id='word_1_114' title='bbox 814 1587 1184 1652; x_wconf 86' lang='lat' dir='ltr'><strong>commissum,</strong></span> <span class='ocrx_word' id='word_1_115' title='bbox 1239 1602 1343 1642; x_wconf 92' lang='lat' dir='ltr'><strong>non</strong></span> <span class='ocrx_word' id='word_1_116' title='bbox 1399 1596 1478 1642; x_wconf 90' lang='lat' dir='ltr'><strong>est</strong></span> <span class='ocrx_word' id='word_1_117' title='bbox 1526 1586 1578 1641; x_wconf 95' lang='lat' dir='ltr'><strong>in</strong></span> <span class='ocrx_word' id='word_1_118' title='bbox 1640 1586 1852 1643; x_wconf 79' lang='lat' dir='ltr'><strong>inferno</strong></span> <span class='ocrx_word' id='word_1_119' title='bbox 1909 1588 2071 1643; x_wconf 88' lang='lat' dir='ltr'><strong>dere-</strong></span> 
     </span>
    </p>
   </div>
   <div class='ocr_carea' id='block_1_19' title="bbox 494 1680 2067 1750">
    <p class='ocr_par' dir='ltr' id='par_1_19' title="bbox 494 1680 2067 1750">
     <span class='ocr_line' id='line_1_19' title="bbox 494 1680 2067 1750; baseline 0.001 -16"><span class='ocrx_word' id='word_1_120' title='bbox 494 1683 648 1742; x_wconf 84' lang='lat' dir='ltr'><strong>licta.</strong></span> <span class='ocrx_word' id='word_1_121' title='bbox 698 1681 792 1734; x_wconf 82' lang='lat' dir='ltr'><strong>sed</strong></span> <span class='ocrx_word' id='word_1_122' title='bbox 848 1680 912 1733; x_wconf 86' lang='lat' dir='ltr'><strong>ad</strong></span> <span class='ocrx_word' id='word_1_123' title='bbox 950 1696 1100 1734; x_wconf 82' lang='lat' dir='ltr'><strong>suam</strong></span> <span class='ocrx_word' id='word_1_124' title='bbox 1139 1681 1302 1734; x_wconf 83' lang='lat' dir='ltr'><strong>rediit</strong></span> <span class='ocrx_word' id='word_1_125' title='bbox 1349 1695 1567 1735; x_wconf 86' lang='lat' dir='ltr'><strong>carnem</strong></span> <span class='ocrx_word' id='word_1_126' title='bbox 1605 1699 1618 1736; x_wconf 91' lang='lat'>:</span> <span class='ocrx_word' id='word_1_127' title='bbox 1653 1680 1884 1750; x_wconf 91' lang='lat' dir='ltr'><strong>ideoque</strong></span> <span class='ocrx_word' id='word_1_128' title='bbox 1952 1681 2067 1736; x_wconf 60' lang='grc' dir='ltr'><strong>[τοι</strong></span> 
     </span>
    </p>
   </div>
   <div class='ocr_carea' id='block_1_20' title="bbox 497 1769 2072 1842">
    <p class='ocr_par' dir='ltr' id='par_1_20' title="bbox 497 1769 2072 1842">
     <span class='ocr_line' id='line_1_20' title="bbox 497 1769 2072 1842; baseline 0.003 -18"><span class='ocrx_word' id='word_1_129' title='bbox 497 1783 609 1825; x_wconf 79' lang='lat' dir='ltr'><strong>stra</strong></span> <span class='ocrx_word' id='word_1_130' title='bbox 641 1781 910 1840; x_wconf 77' lang='lat' dir='ltr'><strong>unguntur</strong></span> <span class='ocrx_word' id='word_1_131' title='bbox 953 1769 1027 1833; x_wconf 81' lang='lat' dir='ltr'><strong>lii,</strong></span> <span class='ocrx_word' id='word_1_132' title='bbox 1077 1771 1167 1837; x_wconf 90' lang='lat' dir='ltr'><strong>qui</strong></span> <span class='ocrx_word' id='word_1_133' title='bbox 1224 1770 1462 1824; x_wconf 88' lang='lat' dir='ltr'><strong>inanime</strong></span> <span class='ocrx_word' id='word_1_134' title='bbox 1507 1778 1562 1824; x_wconf 87' lang='lat' dir='ltr'><strong>et</strong></span> <span class='ocrx_word' id='word_1_135' title='bbox 1600 1771 1825 1826; x_wconf 86' lang='lat' dir='ltr'><strong>rationis</strong></span> <span class='ocrx_word' id='word_1_136' title='bbox 1875 1785 2072 1842; x_wconf 56' lang='lat' dir='ltr'><strong>aspera</strong></span> 
     </span>
    </p>
   </div>
   <div class='ocr_carea' id='block_1_21' title="bbox 495 1861 2072 1932">
    <p class='ocr_par' dir='ltr' id='par_1_21' title="bbox 495 1861 2072 1932">
     <span class='ocr_line' id='line_1_21' title="bbox 495 1861 2072 1932; baseline 0.003 -18"><span class='ocrx_word' id='word_1_137' title='bbox 495 1865 660 1919; x_wconf 80' lang='lat' dir='ltr'><strong>fuisse</strong></span> <span class='ocrx_word' id='word_1_138' title='bbox 685 1865 871 1926; x_wconf 87' lang='lat' dir='ltr'><strong>dicunt</strong></span> <span class='ocrx_word' id='word_1_139' title='bbox 906 1862 996 1915; x_wconf 85' lang='lat' dir='ltr'><strong>Dei</strong></span> <span class='ocrx_word' id='word_1_140' title='bbox 1035 1863 1192 1917; x_wconf 84' lang='lat' dir='ltr'><strong>Verbi</strong></span> <span class='ocrx_word' id='word_1_141' title='bbox 1233 1863 1516 1932; x_wconf 90' lang='lat' dir='ltr'><strong>templum.</strong></span> <span class='ocrx_word' id='word_1_142' title='bbox 1559 1861 1668 1918; x_wconf 82' lang='lat' dir='ltr'><strong>Nos</strong></span> <span class='ocrx_word' id='word_1_143' title='bbox 1697 1874 1876 1918; x_wconf 89' lang='lat' dir='ltr'><strong>autem</strong></span> <span class='ocrx_word' id='word_1_144' title='bbox 1909 1864 2072 1920; x_wconf 89' lang='lat' dir='ltr'><strong>Petro</strong></span> 
     </span>
    </p>
   </div>
   <div class='ocr_carea' id='block_1_22' title="bbox 493 1951 2074 2024">
    <p class='ocr_par' dir='ltr' id='par_1_22' title="bbox 493 1951 2074 2024">
     <span class='ocr_line' id='line_1_22' title="bbox 493 1951 2074 2024; baseline 0.002 -17"><span class='ocrx_word' id='word_1_145' title='bbox 493 1951 856 2010; x_wconf 79' lang='lat' dir='ltr'><strong>assentiemur</strong></span> <span class='ocrx_word' id='word_1_146' title='bbox 896 1953 1008 2023; x_wconf 65' lang='lat' dir='ltr'><strong>&#39;qui</strong></span> <span class='ocrx_word' id='word_1_147' title='bbox 1054 1967 1107 2009; x_wconf 90' lang='lat' dir='ltr'><strong>et</strong></span> <span class='ocrx_word' id='word_1_148' title='bbox 1153 1969 1371 2008; x_wconf 83' lang='lat' dir='ltr'><strong>carnem</strong></span> <span class='ocrx_word' id='word_1_149' title='bbox 1419 1955 1674 2022; x_wconf 85' lang='lat' dir='ltr'><strong>praedicat</strong></span> <span class='ocrx_word' id='word_1_150' title='bbox 1727 1957 2074 2024; x_wconf 87' lang='lat' dir='ltr'><strong>corruptione</strong></span> 
     </span>
    </p>
   </div>
   <div class='ocr_carea' id='block_1_23' title="bbox 492 2046 2071 2117">
    <p class='ocr_par' dir='ltr' id='par_1_23' title="bbox 492 2046 2071 2117">
     <span class='ocr_line' id='line_1_23' title="bbox 492 2046 2071 2117; baseline 0 -16"><span class='ocrx_word' id='word_1_151' title='bbox 492 2059 792 2117; x_wconf 77' lang='lat' dir='ltr'><strong>expertem,</strong></span> <span class='ocrx_word' id='word_1_152' title='bbox 824 2056 876 2099; x_wconf 88' lang='lat' dir='ltr'><strong>et</strong></span> <span class='ocrx_word' id='word_1_153' title='bbox 913 2047 1151 2099; x_wconf 87' lang='lat' dir='ltr'><strong>animam</strong></span> <span class='ocrx_word' id='word_1_154' title='bbox 1199 2046 1250 2099; x_wconf 93' lang='lat' dir='ltr'><strong>in</strong></span> <span class='ocrx_word' id='word_1_155' title='bbox 1302 2046 1514 2100; x_wconf 79' lang='lat' dir='ltr'><strong>inferno</strong></span> <span class='ocrx_word' id='word_1_156' title='bbox 1564 2061 1673 2100; x_wconf 89' lang='lat' dir='ltr'><strong>non</strong></span> <span class='ocrx_word' id='word_1_157' title='bbox 1728 2047 2071 2116; x_wconf 85' lang='lat' dir='ltr'><strong>derelictam,</strong></span> 
     </span>
    </p>
   </div>
   <div class='ocr_carea' id='block_1_24' title="bbox 493 2137 2070 2206">
    <p class='ocr_par' dir='ltr' id='par_1_24' title="bbox 493 2137 2070 2206">
     <span class='ocr_line' id='line_1_24' title="bbox 493 2137 2070 2206; baseline 0.003 -16"><span class='ocrx_word' id='word_1_158' title='bbox 493 2140 585 2193; x_wconf 89' lang='lat' dir='ltr'><strong>sed</strong></span> <span class='ocrx_word' id='word_1_159' title='bbox 620 2138 870 2192; x_wconf 87' lang='lat' dir='ltr'><strong>reducent</strong></span> <span class='ocrx_word' id='word_1_160' title='bbox 901 2147 1065 2206; x_wconf 88' lang='lat' dir='ltr'><strong>atque</strong></span> <span class='ocrx_word' id='word_1_161' title='bbox 1107 2137 1172 2190; x_wconf 91' lang='lat' dir='ltr'><strong>ad</strong></span> <span class='ocrx_word' id='word_1_162' title='bbox 1231 2151 1431 2205; x_wconf 87' lang='lat' dir='ltr'><strong>corpus</strong></span> <span class='ocrx_word' id='word_1_163' title='bbox 1480 2152 1639 2190; x_wconf 90' lang='lat' dir='ltr'><strong>suum</strong></span> <span class='ocrx_word' id='word_1_164' title='bbox 1696 2138 2070 2194; x_wconf 87' lang='lat' dir='ltr'><strong>recollectam.</strong></span> 
     </span>
    </p>
   </div>
   <div class='ocr_carea' id='block_1_25' title="bbox 493 2229 2076 2296">
    <p class='ocr_par' dir='ltr' id='par_1_25' title="bbox 493 2229 2076 2296">
     <span class='ocr_line' id='line_1_25' title="bbox 493 2229 2076 2296; baseline 0.004 -16"><span class='ocrx_word' id='word_1_165' title='bbox 493 2230 778 2284; x_wconf 72' lang='lat' dir='ltr'><strong>Credimus</strong></span> <span class='ocrx_word' id='word_1_166' title='bbox 817 2230 978 2283; x_wconf 88' lang='lat' dir='ltr'><strong>etiam</strong></span> <span class='ocrx_word' id='word_1_167' title='bbox 1012 2229 1241 2282; x_wconf 87' lang='lat' dir='ltr'><strong>Domino</strong></span> <span class='ocrx_word' id='word_1_168' title='bbox 1275 2229 1373 2296; x_wconf 87' lang='lat' dir='ltr'><strong>ipsi</strong></span> <span class='ocrx_word' id='word_1_169' title='bbox 1421 2229 1624 2284; x_wconf 88' lang='lat' dir='ltr'><strong>dicenti</strong></span> <span class='ocrx_word' id='word_1_170' title='bbox 1660 2247 1673 2282; x_wconf 89' lang='lat'><strong>:</strong></span> <span class='ocrx_word' id='word_1_171' title='bbox 1715 2248 1732 2282; x_wconf 79' lang='grc' dir='ltr'>ι</span> <span class='ocrx_word' id='word_1_172' title='bbox 1767 2229 1962 2286; x_wconf 86' lang='lat' dir='ltr'><strong>Tristis</strong></span> <span class='ocrx_word' id='word_1_173' title='bbox 1995 2243 2076 2288; x_wconf 90' lang='lat' dir='ltr'><strong>est</strong></span> 
     </span>
    </p>
   </div>
   <div class='ocr_carea' id='block_1_26' title="bbox 494 2321 2075 2390">
    <p class='ocr_par' dir='ltr' id='par_1_26' title="bbox 494 2321 2075 2390">
     <span class='ocr_line' id='line_1_26' title="bbox 494 2321 2075 2390; baseline 0.003 -16"><span class='ocrx_word' id='word_1_174' title='bbox 494 2324 671 2376; x_wconf 79' lang='lat' dir='ltr'><strong>anima</strong></span> <span class='ocrx_word' id='word_1_175' title='bbox 721 2335 839 2375; x_wconf 88' lang='lat' dir='ltr'><strong>mea</strong></span> <span class='ocrx_word' id='word_1_176' title='bbox 882 2335 1054 2390; x_wconf 87' lang='lat' dir='ltr'><strong>usque</strong></span> <span class='ocrx_word' id='word_1_177' title='bbox 1093 2321 1158 2374; x_wconf 91' lang='lat' dir='ltr'><strong>ad</strong></span> <span class='ocrx_word' id='word_1_178' title='bbox 1204 2331 1431 2375; x_wconf 88' lang='lat' dir='ltr'><strong>mortem</strong></span> <span class='ocrx_word' id='word_1_179' title='bbox 1505 2323 1558 2388; x_wconf 83' lang='grc'><strong>¹;</strong></span> <span class='ocrx_word' id='word_1_180' title='bbox 1610 2338 1628 2373; x_wconf 74' lang='grc' dir='ltr'><strong>ι</strong></span> <span class='ocrx_word' id='word_1_181' title='bbox 1674 2337 1796 2375; x_wconf 88' lang='lat' dir='ltr'><strong>nant</strong></span> <span class='ocrx_word' id='word_1_182' title='bbox 1842 2325 2075 2378; x_wconf 72' lang='lat' dir='ltr'><strong>tristitia:</strong></span> 
     </span>
    </p>
   </div>
   <div class='ocr_carea' id='block_1_27' title="bbox 493 2412 2072 2483">
    <p class='ocr_par' dir='ltr' id='par_1_27' title="bbox 493 2412 2072 2483">
     <span class='ocr_line' id='line_1_27' title="bbox 493 2412 2072 2483; baseline 0.002 -17"><span class='ocrx_word' id='word_1_183' title='bbox 493 2429 708 2467; x_wconf 89' lang='lat' dir='ltr'><strong>sensum</strong></span> <span class='ocrx_word' id='word_1_184' title='bbox 743 2428 866 2482; x_wconf 90' lang='lat' dir='ltr'><strong>pars</strong></span> <span class='ocrx_word' id='word_1_185' title='bbox 917 2423 1103 2466; x_wconf 88' lang='lat' dir='ltr'><strong>nostra</strong></span> <span class='ocrx_word' id='word_1_186' title='bbox 1155 2412 1437 2466; x_wconf 89' lang='lat' dir='ltr'><strong>rationalis</strong></span> <span class='ocrx_word' id='word_1_187' title='bbox 1467 2413 1690 2483; x_wconf 83' lang='lat' dir='ltr'><strong>excipit.</strong></span> <span class='ocrx_word' id='word_1_188' title='bbox 1742 2414 1894 2480; x_wconf 88' lang='lat' dir='ltr'><strong>Quod</strong></span> <span class='ocrx_word' id='word_1_189' title='bbox 1942 2416 1986 2468; x_wconf 92' lang='lat' dir='ltr'><strong>si</strong></span> <span class='ocrx_word' id='word_1_190' title='bbox 2023 2418 2072 2468; x_wconf 86' lang='lat' dir='ltr'><strong>in</strong></span> 
     </span>
    </p>
   </div>
   <div class='ocr_carea' id='block_1_28' title="bbox 495 2501 2075 2575">
    <p class='ocr_par' dir='ltr' id='par_1_28' title="bbox 495 2501 2075 2575">
     <span class='ocr_line' id='line_1_28' title="bbox 495 2501 2075 2575; baseline 0.002 -19"><span class='ocrx_word' id='word_1_191' title='bbox 495 2501 694 2559; x_wconf 86' lang='lat' dir='ltr'><strong>mentis</strong></span> <span class='ocrx_word' id='word_1_192' title='bbox 739 2505 856 2559; x_wconf 89' lang='lat' dir='ltr'><strong>loco</strong></span> <span class='ocrx_word' id='word_1_193' title='bbox 906 2503 1046 2559; x_wconf 87' lang='lat' dir='ltr'><strong>Deus</strong></span> <span class='ocrx_word' id='word_1_194' title='bbox 1092 2503 1330 2557; x_wconf 84' lang='lat' dir='ltr'><strong>Verbum</strong></span> <span class='ocrx_word' id='word_1_195' title='bbox 1374 2505 1680 2571; x_wconf 74' lang='lat' dir='ltr'><strong>eXsistens,</strong></span> <span class='ocrx_word' id='word_1_196' title='bbox 1726 2509 1924 2561; x_wconf 89' lang='lat' dir='ltr'><strong>mentis</strong></span> <span class='ocrx_word' id='word_1_197' title='bbox 1954 2523 2075 2575; x_wconf 85' lang='lat' dir='ltr'><strong>pas-</strong></span> 
     </span>
    </p>
   </div>
   <div class='ocr_carea' id='block_1_29' title="bbox 494 2595 2072 2666">
    <p class='ocr_par' dir='ltr' id='par_1_29' title="bbox 494 2595 2072 2666">
     <span class='ocr_line' id='line_1_29' title="bbox 494 2595 2072 2666; baseline 0.001 -16"><span class='ocrx_word' id='word_1_198' title='bbox 494 2597 673 2650; x_wconf 82' lang='lat' dir='ltr'><strong>siones</strong></span> <span class='ocrx_word' id='word_1_199' title='bbox 693 2596 1028 2666; x_wconf 78' lang='lat' dir='ltr'><strong>excipiebat,</strong></span> <span class='ocrx_word' id='word_1_200' title='bbox 1054 2596 1243 2666; x_wconf 88' lang='lat' dir='ltr'><strong>utique</strong></span> <span class='ocrx_word' id='word_1_201' title='bbox 1272 2598 1442 2664; x_wconf 88' lang='lat' dir='ltr'><strong>ipsum</strong></span> <span class='ocrx_word' id='word_1_202' title='bbox 1470 2595 1703 2651; x_wconf 86' lang='lat' dir='ltr'><strong>Verbum</strong></span> <span class='ocrx_word' id='word_1_203' title='bbox 1730 2597 2072 2661; x_wconf 87' lang='lat' dir='ltr'><strong>tristabatur,</strong></span> 
     </span>
    </p>
   </div>
   <div class='ocr_carea' id='block_1_30' title="bbox 496 2686 2074 2759">
    <p class='ocr_par' dir='ltr' id='par_1_30' title="bbox 496 2686 2074 2759">
     <span class='ocr_line' id='line_1_30' title="bbox 496 2686 2074 2759; baseline 0.003 -20"><span class='ocrx_word' id='word_1_204' title='bbox 496 2686 790 2750; x_wconf 88' lang='lat' dir='ltr'><strong>metuebat,</strong></span> <span class='ocrx_word' id='word_1_205' title='bbox 830 2686 1140 2756; x_wconf 81' lang='lat' dir='ltr'><strong>ignorabat,</strong></span> <span class='ocrx_word' id='word_1_206' title='bbox 1175 2687 1542 2756; x_wconf 81' lang='lat' dir='ltr'><strong>agonizabat,</strong></span> <span class='ocrx_word' id='word_1_207' title='bbox 1586 2697 1638 2742; x_wconf 86' lang='lat' dir='ltr'><strong>et</strong></span> <span class='ocrx_word' id='word_1_208' title='bbox 1684 2688 1928 2759; x_wconf 83' lang='lat' dir='ltr'><strong>angelica</strong></span> <span class='ocrx_word' id='word_1_209' title='bbox 1973 2705 2074 2756; x_wconf 90' lang='lat' dir='ltr'><strong>ope</strong></span> 
     </span>
    </p>
   </div>
   <div class='ocr_carea' id='block_1_31' title="bbox 494 2775 2075 2852">
    <p class='ocr_par' dir='ltr' id='par_1_31' title="bbox 494 2775 2075 2852">
     <span class='ocr_line' id='line_1_31' title="bbox 494 2775 2075 2852; baseline 0.004 -22"><span class='ocrx_word' id='word_1_210' title='bbox 494 2775 921 2831; x_wconf 83' lang='lat' dir='ltr'><strong>coniortabatnr.</strong></span> <span class='ocrx_word' id='word_1_211' title='bbox 954 2776 1071 2830; x_wconf 82' lang='lat' dir='ltr'><strong>Jam</strong></span> <span class='ocrx_word' id='word_1_212' title='bbox 1120 2777 1165 2832; x_wconf 88' lang='lat' dir='ltr'><strong>si</strong></span> <span class='ocrx_word' id='word_1_213' title='bbox 1193 2783 1305 2833; x_wconf 72' lang='lat' dir='ltr'><strong>lucc</strong></span> <span class='ocrx_word' id='word_1_214' title='bbox 1331 2795 1546 2848; x_wconf 92' lang='lat' dir='ltr'><strong>quoque</strong></span> <span class='ocrx_word' id='word_1_215' title='bbox 1578 2780 1760 2834; x_wconf 91' lang='lat' dir='ltr'><strong>dicant</strong></span> <span class='ocrx_word' id='word_1_216' title='bbox 1797 2781 2075 2852; x_wconf 81' lang='lat' dir='ltr'><strong>Apollina-</strong></span> 
     </span>
    </p>
   </div>
   <div class='ocr_carea' id='block_1_32' title="bbox 498 2870 2075 2940">
    <p class='ocr_par' dir='ltr' id='par_1_32' title="bbox 498 2870 2075 2940">
     <span class='ocr_line' id='line_1_32' title="bbox 498 2870 2075 2940; baseline 0.003 -18"><span class='ocrx_word' id='word_1_217' title='bbox 498 2871 662 2922; x_wconf 69' lang='lat' dir='ltr'><strong>riana:</strong></span> <span class='ocrx_word' id='word_1_218' title='bbox 688 2870 931 2924; x_wconf 76' lang='lat' dir='ltr'><strong>stultitizc</strong></span> <span class='ocrx_word' id='word_1_219' title='bbox 972 2870 1232 2936; x_wconf 76' lang='lat' dir='ltr'><strong>lneredes,</strong></span> <span class='ocrx_word' id='word_1_220' title='bbox 1254 2873 1286 2924; x_wconf 91' lang='lat' dir='ltr'><strong>ii</strong></span> <span class='ocrx_word' id='word_1_221' title='bbox 1317 2873 1559 2940; x_wconf 80' lang='lat' dir='ltr'><strong>profecto</strong></span> <span class='ocrx_word' id='word_1_222' title='bbox 1583 2889 1704 2926; x_wconf 85' lang='lat' dir='ltr'><strong>eum</strong></span> <span class='ocrx_word' id='word_1_223' title='bbox 1751 2873 1952 2929; x_wconf 81' lang='lat' dir='ltr'><strong>Christi</strong></span> <span class='ocrx_word' id='word_1_224' title='bbox 1981 2876 2075 2928; x_wconf 89' lang='lat' dir='ltr'><strong>ho-</strong></span> 
     </span>
    </p>
   </div>
   <div class='ocr_carea' id='block_1_33' title="bbox 494 2961 2070 3031">
    <p class='ocr_par' dir='ltr' id='par_1_33' title="bbox 494 2961 2070 3031">
     <span class='ocr_line' id='line_1_33' title="bbox 494 2961 2070 3031; baseline 0.005 -19"><span class='ocrx_word' id='word_1_225' title='bbox 494 2961 668 3015; x_wconf 85' lang='lat' dir='ltr'><strong>slibus</strong></span> <span class='ocrx_word' id='word_1_226' title='bbox 694 2962 825 3015; x_wconf 86' lang='lat' dir='ltr'><strong>Ario</strong></span> <span class='ocrx_word' id='word_1_227' title='bbox 857 2971 1017 3031; x_wconf 89' lang='lat' dir='ltr'><strong>atque</strong></span> <span class='ocrx_word' id='word_1_228' title='bbox 1279 2963 1544 3018; x_wconf 77' lang='lat' dir='ltr'><strong>Eunomia</strong></span> <span class='ocrx_word' id='word_1_229' title='bbox 1568 2966 2070 3021; x_wconf 81' lang='lat' dir='ltr'><strong>collocentur.Natu</strong></span> 
     </span>
    </p>
   </div>
   <div class='ocr_carea' id='block_1_34' title="bbox 492 3053 2142 3123">
    <p class='ocr_par' dir='ltr' id='par_1_34' title="bbox 492 3053 2142 3123">
     <span class='ocr_line' id='line_1_34' title="bbox 492 3053 2142 3123; baseline 0.004 -19"><span class='ocrx_word' id='word_1_230' title='bbox 492 3067 724 3120; x_wconf 90' lang='lat' dir='ltr'><strong>quorum</strong></span> <span class='ocrx_word' id='word_1_231' title='bbox 763 3069 864 3123; x_wconf 87' lang='lat' dir='ltr'><strong>par</strong></span> <span class='ocrx_word' id='word_1_232' title='bbox 916 3062 1000 3108; x_wconf 88' lang='lat' dir='ltr'><strong>est</strong></span> <span class='ocrx_word' id='word_1_233' title='bbox 1046 3053 1384 3123; x_wconf 69' lang='lat' dir='ltr'><strong>blasphemia</strong></span> <span class='ocrx_word' id='word_1_234' title='bbox 1416 3096 1430 3121; x_wconf 91' lang='lat'><strong>,</strong></span> <span class='ocrx_word' id='word_1_235' title='bbox 1477 3057 1670 3110; x_wconf 89' lang='lat' dir='ltr'><strong>horum</strong></span> <span class='ocrx_word' id='word_1_236' title='bbox 1734 3074 1897 3112; x_wconf 90' lang='lat' dir='ltr'><strong>unam</strong></span> <span class='ocrx_word' id='word_1_237' title='bbox 1952 3077 2074 3117; x_wconf 86' lang='lat' dir='ltr'><strong>csse</strong></span> <span class='ocrx_word' id='word_1_238' title='bbox 2102 3058 2142 3111; x_wconf 71' lang='grc'><strong>(1</strong></span> 
     </span>
    </p>
   </div>
   <div class='ocr_carea' id='block_1_35' title="bbox 492 3142 2073 3213">
    <p class='ocr_par' dir='ltr' id='par_1_35' title="bbox 492 3142 2073 3213">
     <span class='ocr_line' id='line_1_35' title="bbox 492 3142 2073 3213; baseline 0.006 -18"><span class='ocrx_word' id='word_1_239' title='bbox 492 3142 842 3198; x_wconf 79' lang='lat' dir='ltr'><strong>sodalitatem</strong></span> <span class='ocrx_word' id='word_1_240' title='bbox 869 3159 1082 3213; x_wconf 69' lang='lat' dir='ltr'><strong>aequum</strong></span> <span class='ocrx_word' id='word_1_241' title='bbox 1114 3156 1218 3199; x_wconf 90' lang='lat' dir='ltr'><strong>est.</strong></span> <span class='ocrx_word' id='word_1_242' title='bbox 1269 3145 1376 3199; x_wconf 85' lang='lat' dir='ltr'><strong>Nos</strong></span> <span class='ocrx_word' id='word_1_243' title='bbox 1402 3163 1530 3201; x_wconf 82' lang='lat' dir='ltr'><strong>vero</strong></span> <span class='ocrx_word' id='word_1_244' title='bbox 1564 3149 1849 3203; x_wconf 89' lang='lat' dir='ltr'><strong>Dominum</strong></span> <span class='ocrx_word' id='word_1_245' title='bbox 1891 3152 2073 3206; x_wconf 86' lang='lat' dir='ltr'><strong>dicen-</strong></span> 
     </span>
    </p>
   </div>
   <div class='ocr_carea' id='block_1_36' title="bbox 494 3233 2070 3306">
    <p class='ocr_par' dir='ltr' id='par_1_36' title="bbox 494 3233 2070 3306">
     <span class='ocr_line' id='line_1_36' title="bbox 494 3233 2070 3306; baseline 0.006 -22"><span class='ocrx_word' id='word_1_246' title='bbox 494 3243 602 3286; x_wconf 89' lang='lat' dir='ltr'><strong>tem</strong></span> <span class='ocrx_word' id='word_1_247' title='bbox 679 3233 966 3288; x_wconf 86' lang='lat' dir='ltr'><strong>audiamus</strong></span> <span class='ocrx_word' id='word_1_248' title='bbox 1020 3250 1033 3286; x_wconf 89' lang='lat'><strong>:</strong></span> <span class='ocrx_word' id='word_1_249' title='bbox 1092 3252 1109 3285; x_wconf 83' lang='grc' dir='ltr'><strong>ι</strong></span> <span class='ocrx_word' id='word_1_250' title='bbox 1196 3233 1530 3290; x_wconf 86' lang='lat' dir='ltr'><strong>Potestatem</strong></span> <span class='ocrx_word' id='word_1_251' title='bbox 1592 3236 1764 3291; x_wconf 90' lang='lat' dir='ltr'><strong>habeo</strong></span> <span class='ocrx_word' id='word_1_252' title='bbox 1837 3241 2070 3306; x_wconf 81' lang='lat' dir='ltr'><strong>ponendi</strong></span> 
     </span>
    </p>
   </div>
   <div class='ocr_carea' id='block_1_37' title="bbox 499 3325 2074 3392">
    <p class='ocr_par' dir='ltr' id='par_1_37' title="bbox 499 3325 2074 3392">
     <span class='ocr_line' id='line_1_37' title="bbox 499 3325 2074 3392; baseline 0.006 -16"><span class='ocrx_word' id='word_1_253' title='bbox 499 3325 736 3377; x_wconf 89' lang='lat' dir='ltr'><strong>animam</strong></span> <span class='ocrx_word' id='word_1_254' title='bbox 793 3339 991 3389; x_wconf 90' lang='lat' dir='ltr'><strong>meam,</strong></span> <span class='ocrx_word' id='word_1_255' title='bbox 1041 3334 1095 3378; x_wconf 88' lang='lat' dir='ltr'><strong>et</strong></span> <span class='ocrx_word' id='word_1_256' title='bbox 1147 3334 1468 3392; x_wconf 86' lang='lat' dir='ltr'><strong>potestatem</strong></span> <span class='ocrx_word' id='word_1_257' title='bbox 1523 3325 1695 3380; x_wconf 76' lang='lat' dir='ltr'><strong>balteo</strong></span> <span class='ocrx_word' id='word_1_258' title='bbox 1732 3330 1926 3384; x_wconf 84' lang='lat' dir='ltr'><strong>iterum</strong></span> <span class='ocrx_word' id='word_1_259' title='bbox 1981 3347 2074 3385; x_wconf 78' lang='lat' dir='ltr'><strong>su-</strong></span> 
     </span>
    </p>
   </div>
   <div class='ocr_carea' id='block_1_38' title="bbox 500 3416 2074 3491">
    <p class='ocr_par' dir='ltr' id='par_1_38' title="bbox 500 3416 2074 3491">
     <span class='ocr_line' id='line_1_38' title="bbox 500 3416 2074 3491; baseline 0.008 -23"><span class='ocrx_word' id='word_1_260' title='bbox 500 3416 679 3470; x_wconf 89' lang='lat' dir='ltr'><strong>mendi</strong></span> <span class='ocrx_word' id='word_1_261' title='bbox 716 3431 873 3482; x_wconf 87' lang='lat' dir='ltr'><strong>eam;</strong></span> <span class='ocrx_word' id='word_1_262' title='bbox 911 3431 1068 3471; x_wconf 91' lang='lat' dir='ltr'><strong>nemo</strong></span> <span class='ocrx_word' id='word_1_263' title='bbox 1104 3416 1242 3470; x_wconf 93' lang='lat' dir='ltr'><strong>tollit</strong></span> <span class='ocrx_word' id='word_1_264' title='bbox 1274 3431 1390 3470; x_wconf 87' lang='lat' dir='ltr'><strong>eam</strong></span> <span class='ocrx_word' id='word_1_265' title='bbox 1433 3433 1460 3470; x_wconf 94' lang='lat' dir='ltr'><strong>a</strong></span> <span class='ocrx_word' id='word_1_266' title='bbox 1488 3433 1572 3472; x_wconf 92' lang='lat' dir='ltr'><strong>me</strong></span> <span class='ocrx_word' id='word_1_267' title='bbox 1621 3419 1665 3473; x_wconf 82' lang='grc'><strong>⁸.</strong></span> <span class='ocrx_word' id='word_1_268' title='bbox 1698 3439 1715 3471; x_wconf 72' lang='grc' dir='ltr'><strong>ι</strong></span> <span class='ocrx_word' id='word_1_269' title='bbox 1740 3420 1984 3491; x_wconf 72' lang='lat' dir='ltr'><strong>Namque</strong></span> <span class='ocrx_word' id='word_1_270' title='bbox 2007 3439 2074 3480; x_wconf 82' lang='lat' dir='ltr'><strong>ex</strong></span> 
     </span>
    </p>
   </div>
   <div class='ocr_carea' id='block_1_39' title="bbox 501 3501 2072 3584">
    <p class='ocr_par' dir='ltr' id='par_1_39' title="bbox 501 3501 2072 3584">
     <span class='ocr_line' id='line_1_39' title="bbox 501 3501 2072 3584; baseline 0.006 -22"><span class='ocrx_word' id='word_1_271' title='bbox 501 3509 846 3563; x_wconf 89' lang='lat' dir='ltr'><strong>sermonibus</strong></span> <span class='ocrx_word' id='word_1_272' title='bbox 898 3508 991 3564; x_wconf 83' lang='lat' dir='ltr'><strong>his</strong></span> <span class='ocrx_word' id='word_1_273' title='bbox 1033 3509 1290 3566; x_wconf 89' lang='lat' dir='ltr'><strong>discimus</strong></span> <span class='ocrx_word' id='word_1_274' title='bbox 1360 3511 1523 3564; x_wconf 91' lang='lat' dir='ltr'><strong>alium</strong></span> <span class='ocrx_word' id='word_1_275' title='bbox 1577 3527 1698 3566; x_wconf 87' lang='lat' dir='ltr'><strong>esse</strong></span> <span class='ocrx_word' id='word_1_276' title='bbox 1740 3515 1829 3584; x_wconf 92' lang='lat' dir='ltr'><strong>qui</strong></span> <span class='ocrx_word' id='word_1_277' title='bbox 1885 3501 2072 3584; x_wconf 89' lang='lat' dir='ltr'><strong>ponit,</strong></span> 
     </span>
    </p>
   </div>
   <div class='ocr_carea' id='block_1_40' title="bbox 499 3599 2076 3676">
    <p class='ocr_par' dir='ltr' id='par_1_40' title="bbox 499 3599 2076 3676">
     <span class='ocr_line' id='line_1_40' title="bbox 499 3599 2076 3676; baseline 0.008 -25"><span class='ocrx_word' id='word_1_278' title='bbox 499 3599 640 3652; x_wconf 89' lang='lat' dir='ltr'><strong>aliud</strong></span> <span class='ocrx_word' id='word_1_279' title='bbox 672 3599 812 3668; x_wconf 90' lang='lat' dir='ltr'><strong>quod</strong></span> <span class='ocrx_word' id='word_1_280' title='bbox 846 3610 923 3655; x_wconf 91' lang='lat' dir='ltr'><strong>est</strong></span> <span class='ocrx_word' id='word_1_281' title='bbox 945 3601 1174 3671; x_wconf 91' lang='lat' dir='ltr'><strong>positum</strong></span> <span class='ocrx_word' id='word_1_282' title='bbox 1201 3617 1216 3667; x_wconf 87' lang='lat'><strong>;</strong></span> <span class='ocrx_word' id='word_1_283' title='bbox 1253 3601 1528 3672; x_wconf 89' lang='lat' dir='ltr'><strong>Deumque</strong></span> <span class='ocrx_word' id='word_1_284' title='bbox 1550 3618 1669 3658; x_wconf 84' lang='lat' dir='ltr'><strong>esse</strong></span> <span class='ocrx_word' id='word_1_285' title='bbox 1700 3606 1788 3675; x_wconf 91' lang='lat' dir='ltr'><strong>qui</strong></span> <span class='ocrx_word' id='word_1_286' title='bbox 1819 3609 1989 3676; x_wconf 79' lang='lat' dir='ltr'><strong>ponit,</strong></span> <span class='ocrx_word' id='word_1_287' title='bbox 2023 3619 2076 3664; x_wconf 91' lang='lat' dir='ltr'><strong>et</strong></span> 
     </span>
    </p>
   </div>
   <div class='ocr_carea' id='block_1_41' title="bbox 503 3693 2069 3769">
    <p class='ocr_par' dir='ltr' id='par_1_41' title="bbox 503 3693 2069 3769">
     <span class='ocr_line' id='line_1_41' title="bbox 503 3693 2069 3769; baseline 0.008 -25"><span class='ocrx_word' id='word_1_288' title='bbox 503 3693 591 3761; x_wconf 93' lang='lat' dir='ltr'><strong>qui</strong></span> <span class='ocrx_word' id='word_1_289' title='bbox 630 3693 795 3747; x_wconf 89' lang='lat' dir='ltr'><strong>sumit</strong></span> <span class='ocrx_word' id='word_1_290' title='bbox 826 3711 839 3760; x_wconf 90' lang='lat'><strong>;</strong></span> <span class='ocrx_word' id='word_1_291' title='bbox 874 3693 1108 3746; x_wconf 92' lang='lat' dir='ltr'><strong>animam</strong></span> <span class='ocrx_word' id='word_1_292' title='bbox 1135 3702 1312 3747; x_wconf 89' lang='lat' dir='ltr'><strong>autem</strong></span> <span class='ocrx_word' id='word_1_293' title='bbox 1351 3704 1403 3747; x_wconf 90' lang='lat' dir='ltr'><strong>et</strong></span> <span class='ocrx_word' id='word_1_294' title='bbox 1427 3695 1656 3762; x_wconf 87' lang='lat' dir='ltr'><strong>positam</strong></span> <span class='ocrx_word' id='word_1_295' title='bbox 1683 3708 1735 3750; x_wconf 87' lang='lat' dir='ltr'><strong>et</strong></span> <span class='ocrx_word' id='word_1_296' title='bbox 1761 3710 2069 3769; x_wconf 89' lang='lat' dir='ltr'><strong>sumptam;</strong></span> 
     </span>
    </p>
   </div>
   <div class='ocr_carea' id='block_1_42' title="bbox 499 3783 2076 3852">
    <p class='ocr_par' dir='ltr' id='par_1_42' title="bbox 499 3783 2076 3852">
     <span class='ocr_line' id='line_1_42' title="bbox 499 3783 2076 3852; baseline 0.009 -16"><span class='ocrx_word' id='word_1_297' title='bbox 499 3793 553 3836; x_wconf 90' lang='lat' dir='ltr'><strong>ct</strong></span> <span class='ocrx_word' id='word_1_298' title='bbox 586 3783 675 3837; x_wconf 89' lang='lat' dir='ltr'><strong>Dei</strong></span> <span class='ocrx_word' id='word_1_299' title='bbox 707 3784 926 3852; x_wconf 86' lang='lat' dir='ltr'><strong>quidem</strong></span> <span class='ocrx_word' id='word_1_300' title='bbox 969 3799 1088 3838; x_wconf 88' lang='lat' dir='ltr'><strong>esse</strong></span> <span class='ocrx_word' id='word_1_301' title='bbox 1125 3793 1470 3852; x_wconf 87' lang='lat' dir='ltr'><strong>potestatem,</strong></span> <span class='ocrx_word' id='word_1_302' title='bbox 1505 3788 1737 3841; x_wconf 87' lang='lat' dir='ltr'><strong>animam</strong></span> <span class='ocrx_word' id='word_1_303' title='bbox 1769 3799 1946 3845; x_wconf 93' lang='lat' dir='ltr'><strong>autem</strong></span> <span class='ocrx_word' id='word_1_304' title='bbox 1975 3797 2076 3851; x_wconf 88' lang='lat' dir='ltr'><strong>sub</strong></span> 
     </span>
    </p>
   </div>
   <div class='ocr_carea' id='block_1_43' title="bbox 515 3876 1158 3942">
    <p class='ocr_par' dir='ltr' id='par_1_43' title="bbox 515 3876 1158 3942">
     <span class='ocr_line' id='line_1_43' title="bbox 515 3876 1158 3942; baseline 0.002 -18"><span class='ocrx_word' id='word_1_305' title='bbox 515 3887 578 3924; x_wconf 64' lang='grc' dir='ltr'>(ιιι</span> <span class='ocrx_word' id='word_1_306' title='bbox 611 3882 874 3942; x_wconf 84' lang='lat' dir='ltr'><strong>potcslatc</strong></span> <span class='ocrx_word' id='word_1_307' title='bbox 906 3876 1158 3928; x_wconf 84' lang='lat' dir='ltr'><strong>locatam.</strong></span> 
     </span>
    </p>
   </div>
   <div class='ocr_carea' id='block_1_44' title="bbox 489 3986 2070 4060">
    <p class='ocr_par' dir='ltr' id='par_1_44' title="bbox 489 3986 2070 4060">
     <span class='ocr_line' id='line_1_44' title="bbox 489 3986 2070 4060; baseline -0.004 -16"><span class='ocrx_word' id='word_1_308' title='bbox 489 3989 743 4060; x_wconf 79' lang='lat' dir='ltr'><strong>Ejusdem</strong></span> <span class='ocrx_word' id='word_1_309' title='bbox 807 4004 869 4042; x_wconf 75' lang='lat' dir='ltr'><strong>rx</strong></span> <span class='ocrx_word' id='word_1_310' title='bbox 924 3989 1162 4042; x_wconf 82' lang='lat' dir='ltr'><strong>oratione</strong></span> <span class='ocrx_word' id='word_1_311' title='bbox 1215 4004 1375 4055; x_wconf 79' lang='lat' dir='ltr'><strong>quam</strong></span> <span class='ocrx_word' id='word_1_312' title='bbox 1430 3986 1710 4042; x_wconf 78' lang='lat' dir='ltr'><strong>Theodosio</strong></span> <span class='ocrx_word' id='word_1_313' title='bbox 1758 3986 2070 4052; x_wconf 79' lang='lat' dir='ltr'><strong>imperatori</strong></span> 
     </span>
    </p>
   </div>
   <div class='ocr_carea' id='block_1_45' title="bbox 1120 4061 1463 4128">
    <p class='ocr_par' dir='ltr' id='par_1_45' title="bbox 1120 4061 1463 4128">
     <span class='ocr_line' id='line_1_45' title="bbox 1120 4061 1463 4128; baseline 0.003 -16"><span class='ocrx_word' id='word_1_314' title='bbox 1120 4061 1463 4128; x_wconf 80' lang='lat' dir='ltr'><strong>nuncupavit.</strong></span> 
     </span>
    </p>
   </div>
   <div class='ocr_carea' id='block_1_46' title="bbox 495 4172 2068 4244">
    <p class='ocr_par' dir='ltr' id='par_1_46' title="bbox 495 4172 2068 4244">
     <span class='ocr_line' id='line_1_46' title="bbox 495 4172 2068 4244; baseline 0.001 -15"><span class='ocrx_word' id='word_1_315' title='bbox 495 4173 635 4229; x_wconf 91' lang='lat' dir='ltr'><strong>Sunt</strong></span> <span class='ocrx_word' id='word_1_316' title='bbox 681 4175 774 4244; x_wconf 92' lang='lat' dir='ltr'><strong>qui</strong></span> <span class='ocrx_word' id='word_1_317' title='bbox 831 4189 1052 4230; x_wconf 82' lang='lat' dir='ltr'><strong>carnem</strong></span> <span class='ocrx_word' id='word_1_318' title='bbox 1109 4172 1286 4229; x_wconf 89' lang='lat' dir='ltr'><strong>Verbo</strong></span> <span class='ocrx_word' id='word_1_319' title='bbox 1336 4175 1544 4230; x_wconf 86' lang='lat' dir='ltr'><strong>unitam</strong></span> <span class='ocrx_word' id='word_1_320' title='bbox 1585 4175 1766 4231; x_wconf 86' lang='lat' dir='ltr'><strong>anima</strong></span> <span class='ocrx_word' id='word_1_321' title='bbox 1838 4177 2068 4232; x_wconf 91' lang='lat' dir='ltr'><strong>rationis</strong></span> 
     </span>
    </p>
   </div>
   <div class='ocr_carea' id='block_1_47' title="bbox 492 4266 2070 4338">
    <p class='ocr_par' dir='ltr' id='par_1_47' title="bbox 492 4266 2070 4338">
     <span class='ocr_line' id='line_1_47' title="bbox 492 4266 2070 4338; baseline 0.003 -19"><span class='ocrx_word' id='word_1_322' title='bbox 492 4266 761 4336; x_wconf 88' lang='lat' dir='ltr'><strong>participe</strong></span> <span class='ocrx_word' id='word_1_323' title='bbox 790 4266 1106 4322; x_wconf 89' lang='lat' dir='ltr'><strong>destitutam</strong></span> <span class='ocrx_word' id='word_1_324' title='bbox 1134 4267 1403 4331; x_wconf 85' lang='lat' dir='ltr'><strong>arbitrati,</strong></span> <span class='ocrx_word' id='word_1_325' title='bbox 1431 4267 1672 4324; x_wconf 86' lang='lat' dir='ltr'><strong>Verbum</strong></span> <span class='ocrx_word' id='word_1_326' title='bbox 1721 4285 1885 4323; x_wconf 89' lang='lat' dir='ltr'><strong>carne</strong></span> <span class='ocrx_word' id='word_1_327' title='bbox 1909 4312 1923 4332; x_wconf 85' lang='lat'><strong>,</strong></span> <span class='ocrx_word' id='word_1_328' title='bbox 1951 4285 2070 4338; x_wconf 68' lang='lat' dir='ltr'><strong>quae</strong></span> 
     </span>
    </p>
   </div>
   <div class='ocr_carea' id='block_1_48' title="bbox 2168 499 3747 573">
    <p class='ocr_par' dir='ltr' id='par_1_48' title="bbox 2168 499 3747 573">
     <span class='ocr_line' id='line_1_48' title="bbox 2168 499 3747 573; baseline 0.008 -22"><span class='ocrx_word' id='word_1_329' title='bbox 2168 502 2305 573; x_wconf 65' lang='grc' dir='ltr'>πρὸς</span> <span class='ocrx_word' id='word_1_330' title='bbox 2337 500 2435 569; x_wconf 82' lang='grc' dir='ltr'>τὴν</span> <span class='ocrx_word' id='word_1_331' title='bbox 2467 499 2644 570; x_wconf 84' lang='grc' dir='ltr'>σάρκα</span> <span class='ocrx_word' id='word_1_332' title='bbox 2673 499 2771 570; x_wconf 79' lang='grc' dir='ltr'>τὴν</span> <span class='ocrx_word' id='word_1_333' title='bbox 2800 500 3010 552; x_wconf 76' lang='grc' dir='ltr'>οἰκείαν</span> <span class='ocrx_word' id='word_1_334' title='bbox 3039 500 3297 564; x_wconf 75' lang='grc' dir='ltr'><strong>ἐπάνοδος</strong></span> <span class='ocrx_word' id='word_1_335' title='bbox 3318 519 3331 532; x_wconf 92' lang='grc'><strong>·</strong></span> <span class='ocrx_word' id='word_1_336' title='bbox 3370 504 3420 556; x_wconf 84' lang='grc' dir='ltr'><strong>εί</strong></span> <span class='ocrx_word' id='word_1_337' title='bbox 3439 503 3646 571; x_wconf 78' lang='grc' dir='ltr'>τοίνυν,</span> <span class='ocrx_word' id='word_1_338' title='bbox 3671 507 3747 563; x_wconf 72' lang='grc' dir='ltr'>ὥς</span> 
     </span>
    </p>
   </div>
   <div class='ocr_carea' id='block_1_49' title="bbox 2163 590 3745 664">
    <p class='ocr_par' dir='ltr' id='par_1_49' title="bbox 2163 590 3745 664">
     <span class='ocr_line' id='line_1_49' title="bbox 2163 590 3745 664; baseline 0.003 -19"><span class='ocrx_word' id='word_1_339' title='bbox 2163 609 2324 664; x_wconf 78' lang='grc' dir='ltr'>φασιν</span> <span class='ocrx_word' id='word_1_340' title='bbox 2343 593 2394 645; x_wconf 81' lang='grc' dir='ltr'><strong>οἱ</strong></span> <span class='ocrx_word' id='word_1_341' title='bbox 2425 591 2525 661; x_wconf 80' lang='grc' dir='ltr'>τῆς</span> <span class='ocrx_word' id='word_1_342' title='bbox 2551 590 2818 662; x_wconf 83' lang='grc' dir='ltr'>αἱρέσεως</span> <span class='ocrx_word' id='word_1_343' title='bbox 2845 591 3170 657; x_wconf 81' lang='grc' dir='ltr'><strong>προστάται,</strong></span> <span class='ocrx_word' id='word_1_344' title='bbox 3201 590 3379 661; x_wconf 74' lang='grc' dir='ltr'>ψυχὰς</span> <span class='ocrx_word' id='word_1_345' title='bbox 3407 592 3500 646; x_wconf 87' lang='grc' dir='ltr'>δύο</span> <span class='ocrx_word' id='word_1_346' title='bbox 3521 596 3631 649; x_wconf 83' lang='grc' dir='ltr'>τῶν</span> <span class='ocrx_word' id='word_1_347' title='bbox 3657 597 3745 648; x_wconf 62' lang='grc' dir='ltr'><strong>ἀν⁴</strong></span> 
     </span>
    </p>
   </div>
   <div class='ocr_carea' id='block_1_50' title="bbox 2161 680 3743 757">
    <p class='ocr_par' dir='ltr' id='par_1_50' title="bbox 2161 680 3743 757">
     <span class='ocr_line' id='line_1_50' title="bbox 2161 680 3743 757; baseline 0.004 -22"><span class='ocrx_word' id='word_1_348' title='bbox 2161 683 2394 754; x_wconf 83' lang='grc' dir='ltr'>θρώπων</span> <span class='ocrx_word' id='word_1_349' title='bbox 2432 683 2664 746; x_wconf 72' lang='grc' dir='ltr'>ἕκαστος</span> <span class='ocrx_word' id='word_1_350' title='bbox 2691 683 2826 753; x_wconf 78' lang='grc' dir='ltr'>ἔχει,</span> <span class='ocrx_word' id='word_1_351' title='bbox 2851 683 2952 751; x_wconf 88' lang='grc' dir='ltr'><strong>τήν</strong></span> <span class='ocrx_word' id='word_1_352' title='bbox 2980 699 3040 734; x_wconf 90' lang='grc' dir='ltr'><strong>τε</strong></span> <span class='ocrx_word' id='word_1_353' title='bbox 3073 680 3334 753; x_wconf 83' lang='grc' dir='ltr'><strong>ζωτικὴν,</strong></span> <span class='ocrx_word' id='word_1_354' title='bbox 3367 687 3462 738; x_wconf 71' lang='grc' dir='ltr'>καὶ</span> <span class='ocrx_word' id='word_1_355' title='bbox 3481 686 3581 757; x_wconf 81' lang='grc' dir='ltr'>τὴν</span> <span class='ocrx_word' id='word_1_356' title='bbox 3609 687 3743 756; x_wconf 86' lang='grc' dir='ltr'>λογι.</span> 
     </span>
    </p>
   </div>
   <div class='ocr_carea' id='block_1_51' title="bbox 2168 773 3754 849">
    <p class='ocr_par' dir='ltr' id='par_1_51' title="bbox 2168 773 3754 849">
     <span class='ocr_line' id='line_1_51' title="bbox 2168 773 3754 849; baseline 0.003 -22"><span class='ocrx_word' id='word_1_357' title='bbox 2168 775 2288 844; x_wconf 79' lang='grc' dir='ltr'>κὴν,</span> <span class='ocrx_word' id='word_1_358' title='bbox 2319 775 2413 827; x_wconf 75' lang='grc' dir='ltr'><strong>καὶ</strong></span> <span class='ocrx_word' id='word_1_359' title='bbox 2455 775 2593 845; x_wconf 81' lang='grc' dir='ltr'>σὰρξ</span> <span class='ocrx_word' id='word_1_360' title='bbox 2625 775 2753 828; x_wconf 78' lang='grc' dir='ltr'>ἄνευ</span> <span class='ocrx_word' id='word_1_361' title='bbox 2789 773 2967 844; x_wconf 75' lang='grc' dir='ltr'>ψυχῆς</span> <span class='ocrx_word' id='word_1_362' title='bbox 3004 774 3104 828; x_wconf 86' lang='grc' dir='ltr'>οὑκ</span> <span class='ocrx_word' id='word_1_363' title='bbox 3131 774 3196 828; x_wconf 78' lang='grc' dir='ltr'><strong>ἄν</strong></span> <span class='ocrx_word' id='word_1_364' title='bbox 3232 793 3362 829; x_wconf 79' lang='grc' dir='ltr'>ποτε</span> <span class='ocrx_word' id='word_1_365' title='bbox 3403 777 3620 849; x_wconf 80' lang='grc' dir='ltr'><strong>νοηθείη</strong></span> <span class='ocrx_word' id='word_1_366' title='bbox 3651 779 3754 848; x_wconf 75' lang='grc' dir='ltr'>τῆς</span> 
     </span>
    </p>
   </div>
   <div class='ocr_carea' id='block_1_52' title="bbox 2170 865 3758 937">
    <p class='ocr_par' dir='ltr' id='par_1_52' title="bbox 2170 865 3758 937">
     <span class='ocr_line' id='line_1_52' title="bbox 2170 865 3758 937; baseline 0.003 -19"><span class='ocrx_word' id='word_1_367' title='bbox 2170 865 2402 935; x_wconf 77' lang='grc' dir='ltr'><strong>ζωτικῆς</strong></span> <span class='ocrx_word' id='word_1_368' title='bbox 2462 865 2649 936; x_wconf 81' lang='grc' dir='ltr'>(σῶμα</span> <span class='ocrx_word' id='word_1_369' title='bbox 2673 866 2804 937; x_wconf 82' lang='grc' dir='ltr'>γὰρ,</span> <span class='ocrx_word' id='word_1_370' title='bbox 2834 867 2948 920; x_wconf 82' lang='grc' dir='ltr'>ἀλλ’</span> <span class='ocrx_word' id='word_1_371' title='bbox 2979 869 3038 920; x_wconf 84' lang='grc' dir='ltr'>ού</span> <span class='ocrx_word' id='word_1_372' title='bbox 3074 866 3231 936; x_wconf 78' lang='grc' dir='ltr'>σὰρξ,</span> <span class='ocrx_word' id='word_1_373' title='bbox 3253 867 3405 936; x_wconf 75' lang='grc' dir='ltr'>φησὶ,</span> <span class='ocrx_word' id='word_1_374' title='bbox 3423 868 3482 920; x_wconf 84' lang='grc' dir='ltr'>τὸ</span> <span class='ocrx_word' id='word_1_375' title='bbox 3506 869 3758 922; x_wconf 82' lang='grc' dir='ltr'>τοιοῦτον</span> 
     </span>
    </p>
   </div>
   <div class='ocr_carea' id='block_1_53' title="bbox 2169 956 3760 1030">
    <p class='ocr_par' dir='ltr' id='par_1_53' title="bbox 2169 956 3760 1030">
     <span class='ocr_line' id='line_1_53' title="bbox 2169 956 3760 1030; baseline 0.004 -23"><span class='ocrx_word' id='word_1_376' title='bbox 2169 956 2684 1027; x_wconf 86' lang='grc' dir='ltr'>προσαγορεύεται)·</span> <span class='ocrx_word' id='word_1_377' title='bbox 2705 959 2912 1028; x_wconf 81' lang='grc' dir='ltr'>Πέτρος</span> <span class='ocrx_word' id='word_1_378' title='bbox 2938 959 2993 1012; x_wconf 82' lang='grc' dir='ltr'><strong>δὲ</strong></span> <span class='ocrx_word' id='word_1_379' title='bbox 3021 959 3144 1030; x_wconf 75' lang='grc' dir='ltr'>ἔφη,</span> <span class='ocrx_word' id='word_1_380' title='bbox 3173 959 3234 1012; x_wconf 82' lang='grc' dir='ltr'>οὐ</span> <span class='ocrx_word' id='word_1_381' title='bbox 3257 959 3319 1012; x_wconf 81' lang='grc' dir='ltr'><strong>τὸ</strong></span> <span class='ocrx_word' id='word_1_382' title='bbox 3344 959 3498 1030; x_wconf 84' lang='grc' dir='ltr'>σῶμα</span> <span class='ocrx_word' id='word_1_383' title='bbox 3519 960 3614 1013; x_wconf 88' lang='grc' dir='ltr'>τοῦ</span> <span class='ocrx_word' id='word_1_384' title='bbox 3640 963 3726 1014; x_wconf 81' lang='grc' dir='ltr'><strong>Κυ</strong></span> <span class='ocrx_word' id='word_1_385' title='bbox 3749 992 3760 1001; x_wconf 87' lang='lat'><strong><em>-</em></strong></span> 
     </span>
    </p>
   </div>
   <div class='ocr_carea' id='block_1_54' title="bbox 2173 1048 3758 1121">
    <p class='ocr_par' dir='ltr' id='par_1_54' title="bbox 2173 1048 3758 1121">
     <span class='ocr_line' id='line_1_54' title="bbox 2173 1048 3758 1121; baseline 0.004 -22"><span class='ocrx_word' id='word_1_386' title='bbox 2173 1048 2310 1117; x_wconf 86' lang='grc' dir='ltr'>ρίου,</span> <span class='ocrx_word' id='word_1_387' title='bbox 2347 1048 2481 1101; x_wconf 78' lang='grc' dir='ltr'>ἀλλὰ</span> <span class='ocrx_word' id='word_1_388' title='bbox 2515 1050 2615 1118; x_wconf 87' lang='grc' dir='ltr'><strong>τὴν</strong></span> <span class='ocrx_word' id='word_1_389' title='bbox 2653 1049 2834 1119; x_wconf 81' lang='grc' dir='ltr'><strong>σάρκα</strong></span> <span class='ocrx_word' id='word_1_390' title='bbox 2865 1050 2961 1103; x_wconf 88' lang='grc' dir='ltr'><strong>τοῦ</strong></span> <span class='ocrx_word' id='word_1_391' title='bbox 3000 1050 3207 1121; x_wconf 78' lang='grc' dir='ltr'>Κυρίου</span> <span class='ocrx_word' id='word_1_392' title='bbox 3242 1051 3314 1121; x_wconf 81' lang='grc' dir='ltr'>μὴ</span> <span class='ocrx_word' id='word_1_393' title='bbox 3363 1051 3488 1103; x_wconf 83' lang='grc' dir='ltr'>ἰδεῖν</span> <span class='ocrx_word' id='word_1_394' title='bbox 3525 1052 3758 1120; x_wconf 69' lang='grc' dir='ltr'>διαφθο-</span> 
     </span>
    </p>
   </div>
   <div class='ocr_carea' id='block_1_55' title="bbox 2173 1136 3758 1212">
    <p class='ocr_par' dir='ltr' id='par_1_55' title="bbox 2173 1136 3758 1212">
     <span class='ocr_line' id='line_1_55' title="bbox 2173 1136 3758 1212; baseline 0.004 -23"><span class='ocrx_word' id='word_1_395' title='bbox 2173 1136 2293 1207; x_wconf 81' lang='grc' dir='ltr'>ρὰν,</span> <span class='ocrx_word' id='word_1_396' title='bbox 2336 1137 2431 1191; x_wconf 77' lang='grc' dir='ltr'><strong>καὶ</strong></span> <span class='ocrx_word' id='word_1_397' title='bbox 2460 1139 2558 1208; x_wconf 78' lang='grc' dir='ltr'>τὴν</span> <span class='ocrx_word' id='word_1_398' title='bbox 2594 1138 2773 1210; x_wconf 77' lang='grc' dir='ltr'>ψυχὴν</span> <span class='ocrx_word' id='word_1_399' title='bbox 2815 1141 2981 1194; x_wconf 83' lang='grc' dir='ltr'>αὐτοῦ</span> <span class='ocrx_word' id='word_1_400' title='bbox 3034 1141 3108 1212; x_wconf 82' lang='grc' dir='ltr'>μὴ</span> <span class='ocrx_word' id='word_1_401' title='bbox 3137 1142 3635 1211; x_wconf 73' lang='grc' dir='ltr'><strong>ἐγκαταλειφθῆναι</strong></span> <span class='ocrx_word' id='word_1_402' title='bbox 3673 1147 3758 1207; x_wconf 81' lang='grc' dir='ltr'><strong>είς</strong></span> 
     </span>
    </p>
   </div>
   <div class='ocr_carea' id='block_1_56' title="bbox 2170 1227 3756 1305">
    <p class='ocr_par' dir='ltr' id='par_1_56' title="bbox 2170 1227 3756 1305">
     <span class='ocr_line' id='line_1_56' title="bbox 2170 1227 3756 1305; baseline 0.004 -26"><span class='ocrx_word' id='word_1_403' title='bbox 2170 1227 2321 1297; x_wconf 78' lang='grc' dir='ltr'>ᾅδου·</span> <span class='ocrx_word' id='word_1_404' title='bbox 2356 1227 2578 1298; x_wconf 73' lang='grc' dir='ltr'>εὔδηλον</span> <span class='ocrx_word' id='word_1_405' title='bbox 2609 1230 2684 1305; x_wconf 75' lang='grc' dir='ltr'>ὡς</span> <span class='ocrx_word' id='word_1_406' title='bbox 2717 1231 2816 1300; x_wconf 85' lang='grc' dir='ltr'><strong>τὴν</strong></span> <span class='ocrx_word' id='word_1_407' title='bbox 2839 1231 2936 1302; x_wconf 85' lang='grc' dir='ltr'>μὲν</span> <span class='ocrx_word' id='word_1_408' title='bbox 2968 1231 3227 1302; x_wconf 77' lang='grc' dir='ltr'>ζωτικὴν,</span> <span class='ocrx_word' id='word_1_409' title='bbox 3268 1233 3334 1302; x_wconf 83' lang='grc' dir='ltr'><strong>ἢν</strong></span> <span class='ocrx_word' id='word_1_410' title='bbox 3357 1234 3457 1285; x_wconf 82' lang='grc' dir='ltr'>οὐκ</span> <span class='ocrx_word' id='word_1_411' title='bbox 3483 1228 3756 1297; x_wconf 82' lang='grc' dir='ltr'><strong>οἷδ’ὄπως</strong></span> 
     </span>
    </p>
   </div>
   <div class='ocr_carea' id='block_1_57' title="bbox 2169 1315 3756 1391">
    <p class='ocr_par' dir='ltr' id='par_1_57' title="bbox 2169 1315 3756 1391">
     <span class='ocr_line' id='line_1_57' title="bbox 2169 1315 3756 1391; baseline 0.005 -25"><span class='ocrx_word' id='word_1_412' title='bbox 2169 1317 2436 1384; x_wconf 81' lang='grc' dir='ltr'>λέγουσιν,</span> <span class='ocrx_word' id='word_1_413' title='bbox 2466 1315 2665 1390; x_wconf 75' lang='grc' dir='ltr'>εἷχενή</span> <span class='ocrx_word' id='word_1_414' title='bbox 2701 1320 3061 1391; x_wconf 83' lang='grc' dir='ltr'><strong>διαφθαρεῖσα</strong></span> <span class='ocrx_word' id='word_1_415' title='bbox 3099 1321 3258 1391; x_wconf 78' lang='grc' dir='ltr'>σὰρξ,</span> <span class='ocrx_word' id='word_1_416' title='bbox 3302 1317 3369 1391; x_wconf 75' lang='grc' dir='ltr'><strong>ἧς</strong></span> <span class='ocrx_word' id='word_1_417' title='bbox 3392 1323 3523 1375; x_wconf 80' lang='grc' dir='ltr'>ἄνευ</span> <span class='ocrx_word' id='word_1_418' title='bbox 3550 1323 3656 1374; x_wconf 81' lang='grc' dir='ltr'>οὐκ</span> <span class='ocrx_word' id='word_1_419' title='bbox 3686 1324 3756 1376; x_wconf 81' lang='grc' dir='ltr'>ἂν</span> 
     </span>
    </p>
   </div>
   <div class='ocr_carea' id='block_1_58' title="bbox 2169 1409 3758 1482">
    <p class='ocr_par' dir='ltr' id='par_1_58' title="bbox 2169 1409 3758 1482">
     <span class='ocr_line' id='line_1_58' title="bbox 2169 1409 3758 1482; baseline 0.005 -23"><span class='ocrx_word' id='word_1_420' title='bbox 2169 1409 2662 1482; x_wconf 83' lang='grc' dir='ltr'><strong>προσαγορευθείη,</strong></span> <span class='ocrx_word' id='word_1_421' title='bbox 2695 1409 2769 1472; x_wconf 84' lang='grc' dir='ltr'>ὥς</span> <span class='ocrx_word' id='word_1_422' title='bbox 2798 1427 2954 1478; x_wconf 83' lang='grc' dir='ltr'>φασι,</span> <span class='ocrx_word' id='word_1_423' title='bbox 2988 1411 3155 1481; x_wconf 79' lang='grc' dir='ltr'>σάρξ·</span> <span class='ocrx_word' id='word_1_424' title='bbox 3191 1413 3224 1482; x_wconf 80' lang='grc' dir='ltr'>ὴ</span> <span class='ocrx_word' id='word_1_425' title='bbox 3271 1412 3326 1464; x_wconf 79' lang='grc' dir='ltr'><strong>δὲ</strong></span> <span class='ocrx_word' id='word_1_426' title='bbox 3361 1413 3635 1476; x_wconf 80' lang='grc' dir='ltr'>ἀθάνατος</span> <span class='ocrx_word' id='word_1_427' title='bbox 3661 1417 3758 1467; x_wconf 81' lang='grc' dir='ltr'>καὶ</span> 
     </span>
    </p>
   </div>
   <div class='ocr_carea' id='block_1_59' title="bbox 2174 1494 3754 1572">
    <p class='ocr_par' dir='ltr' id='par_1_59' title="bbox 2174 1494 3754 1572">
     <span class='ocr_line' id='line_1_59' title="bbox 2174 1494 3754 1572; baseline -0.009 -15"><span class='ocrx_word' id='word_1_428' title='bbox 2174 1501 2365 1572; x_wconf 80' lang='grc' dir='ltr'>λογικὴ</span> <span class='ocrx_word' id='word_1_429' title='bbox 2404 1497 2500 1552; x_wconf 74' lang='grc' dir='ltr'><strong>καὶ</strong></span> <span class='ocrx_word' id='word_1_430' title='bbox 2529 1497 2623 1550; x_wconf 92' lang='grc' dir='ltr'><strong>τοῦ</strong></span> <span class='ocrx_word' id='word_1_431' title='bbox 2654 1495 2793 1559; x_wconf 76' lang='grc' dir='ltr'><strong>ζώου</strong></span> <span class='ocrx_word' id='word_1_432' title='bbox 2839 1495 2937 1564; x_wconf 87' lang='grc' dir='ltr'><strong>τὴν</strong></span> <span class='ocrx_word' id='word_1_433' title='bbox 2972 1494 3268 1566; x_wconf 80' lang='grc' dir='ltr'>ἠγεμονίαν</span> <span class='ocrx_word' id='word_1_434' title='bbox 3313 1494 3754 1562; x_wconf 81' lang='grc' dir='ltr'>πεπιστευμένη,</span> 
     </span>
    </p>
   </div>
   <div class='ocr_carea' id='block_1_60' title="bbox 2163 1585 3753 1661">
    <p class='ocr_par' dir='ltr' id='par_1_60' title="bbox 2163 1585 3753 1661">
     <span class='ocr_line' id='line_1_60' title="bbox 2163 1585 3753 1661; baseline -0.009 -11"><span class='ocrx_word' id='word_1_435' title='bbox 2163 1595 2223 1650; x_wconf 86' lang='grc' dir='ltr'>οὐ</span> <span class='ocrx_word' id='word_1_436' title='bbox 2255 1590 2582 1661; x_wconf 80' lang='grc' dir='ltr'><strong>κατελείφθη</strong></span> <span class='ocrx_word' id='word_1_437' title='bbox 2607 1591 2685 1652; x_wconf 87' lang='grc' dir='ltr'><strong>είς</strong></span> <span class='ocrx_word' id='word_1_438' title='bbox 2707 1588 2856 1659; x_wconf 74' lang='grc' dir='ltr'>ᾅδου,</span> <span class='ocrx_word' id='word_1_439' title='bbox 2882 1587 3015 1642; x_wconf 82' lang='grc' dir='ltr'>ἀλλὰ</span> <span class='ocrx_word' id='word_1_440' title='bbox 3038 1587 3172 1658; x_wconf 73' lang='grc' dir='ltr'>πρὸς</span> <span class='ocrx_word' id='word_1_441' title='bbox 3207 1585 3306 1654; x_wconf 78' lang='grc' dir='ltr'><strong>τὴν</strong></span> <span class='ocrx_word' id='word_1_442' title='bbox 3333 1585 3542 1636; x_wconf 78' lang='grc' dir='ltr'><strong>οἰκείαν</strong></span> <span class='ocrx_word' id='word_1_443' title='bbox 3576 1586 3753 1636; x_wconf 74' lang='grc' dir='ltr'>ἐπανο</span> 
     </span>
    </p>
   </div>
   <div class='ocr_carea' id='block_1_61' title="bbox 2163 1673 3751 1758">
    <p class='ocr_par' dir='ltr' id='par_1_61' title="bbox 2163 1673 3751 1758">
     <span class='ocr_line' id='line_1_61' title="bbox 2163 1673 3751 1758; baseline -0.011 -17"><span class='ocrx_word' id='word_1_444' title='bbox 2163 1688 2266 1758; x_wconf 79' lang='grc' dir='ltr'><strong>ἧκε</strong></span> <span class='ocrx_word' id='word_1_445' title='bbox 2332 1684 2543 1754; x_wconf 85' lang='grc' dir='ltr'>σάρκα·</span> <span class='ocrx_word' id='word_1_446' title='bbox 2607 1684 2702 1733; x_wconf 69' lang='grc' dir='ltr'>καὶ</span> <span class='ocrx_word' id='word_1_447' title='bbox 2762 1681 2937 1749; x_wconf 82' lang='grc' dir='ltr'><strong>μάτην</strong></span> <span class='ocrx_word' id='word_1_448' title='bbox 2990 1675 3402 1746; x_wconf 83' lang='grc' dir='ltr'>ἀδολεσχοῦσιν,</span> <span class='ocrx_word' id='word_1_449' title='bbox 3461 1673 3672 1743; x_wconf 69' lang='grc' dir='ltr'>ἄψυχον</span> <span class='ocrx_word' id='word_1_450' title='bbox 3716 1677 3751 1744; x_wconf 84' lang='grc' dir='ltr'>ἢ</span> 
     </span>
    </p>
   </div>
   <div class='ocr_carea' id='block_1_62' title="bbox 2164 1766 3751 1838">
    <p class='ocr_par' dir='ltr' id='par_1_62' title="bbox 2164 1766 3751 1838">
     <span class='ocr_line' id='line_1_62' title="bbox 2164 1766 3751 1838; baseline -0.008 -5"><span class='ocrx_word' id='word_1_451' title='bbox 2164 1780 2324 1833; x_wconf 76' lang='grc' dir='ltr'>ἄνουν</span> <span class='ocrx_word' id='word_1_452' title='bbox 2354 1775 2448 1828; x_wconf 92' lang='grc' dir='ltr'>τοῦ</span> <span class='ocrx_word' id='word_1_453' title='bbox 2495 1769 2632 1826; x_wconf 88' lang='grc' dir='ltr'>Θεοῦ</span> <span class='ocrx_word' id='word_1_454' title='bbox 2681 1771 2855 1837; x_wconf 81' lang='grc' dir='ltr'>Λόγου</span> <span class='ocrx_word' id='word_1_455' title='bbox 2891 1768 2982 1822; x_wconf 80' lang='grc' dir='ltr'>τὸν</span> <span class='ocrx_word' id='word_1_456' title='bbox 3026 1768 3151 1821; x_wconf 79' lang='grc' dir='ltr'>ναὸν</span> <span class='ocrx_word' id='word_1_457' title='bbox 3217 1766 3751 1838; x_wconf 78' lang='grc' dir='ltr'><strong>προσαγορεύοντες.</strong></span> 
     </span>
    </p>
   </div>
   <div class='ocr_carea' id='block_1_63' title="bbox 2175 1857 3752 1938">
    <p class='ocr_par' dir='ltr' id='par_1_63' title="bbox 2175 1857 3752 1938">
     <span class='ocr_line' id='line_1_63' title="bbox 2175 1857 3752 1938; baseline -0.009 -17"><span class='ocrx_word' id='word_1_458' title='bbox 2175 1870 2366 1938; x_wconf 80' lang='grc' dir='ltr'><strong>⁹Ιῐμεῖς</strong></span> <span class='ocrx_word' id='word_1_459' title='bbox 2388 1866 2445 1918; x_wconf 85' lang='grc' dir='ltr'><strong>δὲ</strong></span> <span class='ocrx_word' id='word_1_460' title='bbox 2476 1864 2667 1934; x_wconf 81' lang='grc' dir='ltr'><strong>Πέτρῳ</strong></span> <span class='ocrx_word' id='word_1_461' title='bbox 2696 1860 2961 1931; x_wconf 78' lang='grc' dir='ltr'>ἑψόμεθα,</span> <span class='ocrx_word' id='word_1_462' title='bbox 2986 1860 3081 1912; x_wconf 62' lang='grc' dir='ltr'><strong>καλ⁹</strong></span> <span class='ocrx_word' id='word_1_463' title='bbox 3104 1859 3282 1928; x_wconf 80' lang='grc' dir='ltr'>σάρκα</span> <span class='ocrx_word' id='word_1_464' title='bbox 3312 1857 3638 1927; x_wconf 82' lang='grc' dir='ltr'>κηρύττοντι</span> <span class='ocrx_word' id='word_1_465' title='bbox 3674 1859 3752 1926; x_wconf 81' lang='grc' dir='ltr'>μὴ</span> 
     </span>
    </p>
   </div>
   <div class='ocr_carea' id='block_1_64' title="bbox 2163 1948 3756 2028">
    <p class='ocr_par' dir='ltr' id='par_1_64' title="bbox 2163 1948 3756 2028">
     <span class='ocr_line' id='line_1_64' title="bbox 2163 1948 3756 2028; baseline -0.009 -15"><span class='ocrx_word' id='word_1_466' title='bbox 2163 1958 2460 2028; x_wconf 82' lang='grc' dir='ltr'>δεξαμένην</span> <span class='ocrx_word' id='word_1_467' title='bbox 2486 1954 2804 2025; x_wconf 75' lang='grc' dir='ltr'>διαφθορὰν,</span> <span class='ocrx_word' id='word_1_468' title='bbox 2842 1953 2935 2005; x_wconf 77' lang='grc' dir='ltr'>καὶ</span> <span class='ocrx_word' id='word_1_469' title='bbox 2971 1950 3150 2020; x_wconf 78' lang='grc' dir='ltr'>ψυχὴν</span> <span class='ocrx_word' id='word_1_470' title='bbox 3185 1951 3258 2020; x_wconf 83' lang='grc' dir='ltr'>μὴ</span> <span class='ocrx_word' id='word_1_471' title='bbox 3289 1948 3756 2018; x_wconf 77' lang='grc' dir='ltr'>καταλειφθεῖσαν</span> 
     </span>
    </p>
   </div>
   <div class='ocr_carea' id='block_1_65' title="bbox 2166 2040 3754 2121">
    <p class='ocr_par' dir='ltr' id='par_1_65' title="bbox 2166 2040 3754 2121">
     <span class='ocr_line' id='line_1_65' title="bbox 2166 2040 3754 2121; baseline -0.006 -17"><span class='ocrx_word' id='word_1_472' title='bbox 2166 2053 2243 2114; x_wconf 87' lang='grc' dir='ltr'>εἰς</span> <span class='ocrx_word' id='word_1_473' title='bbox 2271 2050 2416 2121; x_wconf 71' lang='grc' dir='ltr'>ᾅδου,</span> <span class='ocrx_word' id='word_1_474' title='bbox 2459 2047 2574 2101; x_wconf 79' lang='grc' dir='ltr'>ἀλλ’</span> <span class='ocrx_word' id='word_1_475' title='bbox 2607 2043 3008 2098; x_wconf 77' lang='grc' dir='ltr'>ἐπανελθοῦσαν</span> <span class='ocrx_word' id='word_1_476' title='bbox 3040 2043 3132 2096; x_wconf 70' lang='grc' dir='ltr'><strong>καὶ</strong></span> <span class='ocrx_word' id='word_1_477' title='bbox 3176 2042 3254 2112; x_wconf 82' lang='grc' dir='ltr'>τῷ</span> <span class='ocrx_word' id='word_1_478' title='bbox 3305 2040 3493 2111; x_wconf 76' lang='grc' dir='ltr'>οἰκείῳ</span> <span class='ocrx_word' id='word_1_479' title='bbox 3533 2040 3754 2111; x_wconf 81' lang='grc' dir='ltr'>σώματι</span> 
     </span>
    </p>
   </div>
   <div class='ocr_carea' id='block_1_66' title="bbox 2173 2132 3755 2209">
    <p class='ocr_par' dir='ltr' id='par_1_66' title="bbox 2173 2132 3755 2209">
     <span class='ocr_line' id='line_1_66' title="bbox 2173 2132 3755 2209; baseline -0.008 -13"><span class='ocrx_word' id='word_1_480' title='bbox 2173 2140 2563 2209; x_wconf 78' lang='grc' dir='ltr'>συναφθεῖσαν·</span> <span class='ocrx_word' id='word_1_481' title='bbox 2595 2134 2921 2205; x_wconf 80' lang='grc' dir='ltr'>πιστεύομεν</span> <span class='ocrx_word' id='word_1_482' title='bbox 2949 2134 3005 2186; x_wconf 81' lang='grc' dir='ltr'>δὲ</span> <span class='ocrx_word' id='word_1_483' title='bbox 3036 2135 3130 2186; x_wconf 75' lang='grc' dir='ltr'>καὶ</span> <span class='ocrx_word' id='word_1_484' title='bbox 3163 2132 3312 2203; x_wconf 85' lang='grc' dir='ltr'>αύτῷ</span> <span class='ocrx_word' id='word_1_485' title='bbox 3340 2133 3416 2203; x_wconf 83' lang='grc' dir='ltr'>τῷ</span> <span class='ocrx_word' id='word_1_486' title='bbox 3439 2133 3632 2202; x_wconf 81' lang='grc' dir='ltr'>Κυρίῳ</span> <span class='ocrx_word' id='word_1_487' title='bbox 3667 2133 3755 2184; x_wconf 76' lang='grc' dir='ltr'><strong>λὲο</strong></span> 
     </span>
    </p>
   </div>
   <div class='ocr_carea' id='block_1_67' title="bbox 2171 2223 3750 2300">
    <p class='ocr_par' dir='ltr' id='par_1_67' title="bbox 2171 2223 3750 2300">
     <span class='ocr_line' id='line_1_67' title="bbox 2171 2223 3750 2300; baseline -0.007 -15"><span class='ocrx_word' id='word_1_488' title='bbox 2171 2249 2347 2300; x_wconf 89' lang='grc' dir='ltr'>γοντι·</span> <span class='ocrx_word' id='word_1_489' title='bbox 2385 2250 2402 2282; x_wconf 83' lang='grc' dir='ltr'><strong>ι</strong></span> <span class='ocrx_word' id='word_1_490' title='bbox 2428 2228 2730 2300; x_wconf 76' lang='grc' dir='ltr'>Περίλυπός</span> <span class='ocrx_word' id='word_1_491' title='bbox 2753 2230 2901 2279; x_wconf 77' lang='grc' dir='ltr'>ἐστιν</span> <span class='ocrx_word' id='word_1_492' title='bbox 2927 2228 2961 2296; x_wconf 81' lang='grc' dir='ltr'><strong>ἡ</strong></span> <span class='ocrx_word' id='word_1_493' title='bbox 2995 2225 3140 2295; x_wconf 71' lang='grc' dir='ltr'>ψυχή</span> <span class='ocrx_word' id='word_1_494' title='bbox 3178 2242 3278 2295; x_wconf 91' lang='grc' dir='ltr'>μου</span> <span class='ocrx_word' id='word_1_495' title='bbox 3305 2224 3409 2286; x_wconf 75' lang='grc' dir='ltr'><strong>ἓως</strong></span> <span class='ocrx_word' id='word_1_496' title='bbox 3433 2223 3693 2277; x_wconf 86' lang='grc' dir='ltr'>θανάτου.</span> <span class='ocrx_word' id='word_1_497' title='bbox 3732 2244 3750 2274; x_wconf 77' lang='grc' dir='ltr'>ι</span> 
     </span>
    </p>
   </div>
   <div class='ocr_carea' id='block_1_68' title="bbox 2173 2316 3757 2394">
    <p class='ocr_par' dir='ltr' id='par_1_68' title="bbox 2173 2316 3757 2394">
     <span class='ocr_line' id='line_1_68' title="bbox 2173 2316 3757 2394; baseline -0.006 -19"><span class='ocrx_word' id='word_1_498' title='bbox 2173 2323 2214 2375; x_wconf 88' lang='grc' dir='ltr'>Τ</span> <span class='ocrx_word' id='word_1_499' title='bbox 2218 2324 2283 2392; x_wconf 84' lang='grc' dir='ltr'>ἧς</span> <span class='ocrx_word' id='word_1_500' title='bbox 2309 2322 2418 2394; x_wconf 83' lang='grc' dir='ltr'>γὰρ</span> <span class='ocrx_word' id='word_1_501' title='bbox 2446 2321 2622 2390; x_wconf 81' lang='grc' dir='ltr'>λύπης</span> <span class='ocrx_word' id='word_1_502' title='bbox 2646 2318 2742 2390; x_wconf 79' lang='grc' dir='ltr'><strong>τὴν</strong></span> <span class='ocrx_word' id='word_1_503' title='bbox 2765 2317 3013 2388; x_wconf 73' lang='grc' dir='ltr'>αἴσθησιν</span> <span class='ocrx_word' id='word_1_504' title='bbox 3043 2317 3100 2368; x_wconf 83' lang='grc' dir='ltr'>τὸ</span> <span class='ocrx_word' id='word_1_505' title='bbox 3131 2318 3188 2368; x_wconf 80' lang='grc' dir='ltr'>ἐν</span> <span class='ocrx_word' id='word_1_506' title='bbox 3214 2319 3348 2386; x_wconf 78' lang='grc' dir='ltr'>ἡμῖν</span> <span class='ocrx_word' id='word_1_507' title='bbox 3375 2316 3592 2383; x_wconf 81' lang='grc' dir='ltr'>λογικὸν</span> <span class='ocrx_word' id='word_1_508' title='bbox 3612 2316 3757 2367; x_wconf 83' lang='grc' dir='ltr'>ὑπο-</span> 
     </span>
    </p>
   </div>
   <div class='ocr_carea' id='block_1_69' title="bbox 2171 2406 3759 2483">
    <p class='ocr_par' dir='ltr' id='par_1_69' title="bbox 2171 2406 3759 2483">
     <span class='ocr_line' id='line_1_69' title="bbox 2171 2406 3759 2483; baseline -0.005 -16"><span class='ocrx_word' id='word_1_509' title='bbox 2171 2413 2416 2483; x_wconf 82' lang='grc' dir='ltr'>δέχεται·</span> <span class='ocrx_word' id='word_1_510' title='bbox 2452 2414 2501 2464; x_wconf 86' lang='grc' dir='ltr'><strong>εί</strong></span> <span class='ocrx_word' id='word_1_511' title='bbox 2551 2412 2608 2464; x_wconf 81' lang='grc' dir='ltr'>δὲ</span> <span class='ocrx_word' id='word_1_512' title='bbox 2651 2410 2771 2464; x_wconf 74' lang='grc' dir='ltr'>ἀντὶ</span> <span class='ocrx_word' id='word_1_513' title='bbox 2808 2407 2896 2460; x_wconf 91' lang='grc' dir='ltr'>νοῦ</span> <span class='ocrx_word' id='word_1_514' title='bbox 2937 2408 2965 2460; x_wconf 89' lang='grc' dir='ltr'>ὁ</span> <span class='ocrx_word' id='word_1_515' title='bbox 2996 2407 3126 2471; x_wconf 83' lang='grc' dir='ltr'>Θεὸς</span> <span class='ocrx_word' id='word_1_516' title='bbox 3171 2408 3340 2474; x_wconf 82' lang='grc' dir='ltr'>Λόγος</span> <span class='ocrx_word' id='word_1_517' title='bbox 3373 2406 3664 2478; x_wconf 81' lang='grc' dir='ltr'>ὑπάρχων,</span> <span class='ocrx_word' id='word_1_518' title='bbox 3688 2409 3759 2459; x_wconf 68' lang='grc' dir='ltr'>τὰ</span> 
     </span>
    </p>
   </div>
   <div class='ocr_carea' id='block_1_70' title="bbox 2172 2493 3760 2571">
    <p class='ocr_par' dir='ltr' id='par_1_70' title="bbox 2172 2493 3760 2571">
     <span class='ocr_line' id='line_1_70' title="bbox 2172 2493 3760 2571; baseline -0.006 -14"><span class='ocrx_word' id='word_1_519' title='bbox 2172 2501 2266 2557; x_wconf 87' lang='grc' dir='ltr'>τοῦ</span> <span class='ocrx_word' id='word_1_520' title='bbox 2293 2501 2390 2558; x_wconf 92' lang='grc' dir='ltr'><strong>νοῦ</strong></span> <span class='ocrx_word' id='word_1_521' title='bbox 2419 2501 2740 2571; x_wconf 84' lang='grc' dir='ltr'>κατεδὲχετο</span> <span class='ocrx_word' id='word_1_522' title='bbox 2778 2497 2946 2568; x_wconf 86' lang='grc' dir='ltr'>πάθη,</span> <span class='ocrx_word' id='word_1_523' title='bbox 2981 2497 3144 2559; x_wconf 85' lang='grc' dir='ltr'>αὐτὸς</span> <span class='ocrx_word' id='word_1_524' title='bbox 3182 2493 3249 2567; x_wconf 79' lang='grc' dir='ltr'>ἦν</span> <span class='ocrx_word' id='word_1_525' title='bbox 3278 2499 3306 2550; x_wconf 86' lang='grc' dir='ltr'>ὁ</span> <span class='ocrx_word' id='word_1_526' title='bbox 3334 2497 3620 2566; x_wconf 79' lang='grc' dir='ltr'>λυπηθεὶς,</span> <span class='ocrx_word' id='word_1_527' title='bbox 3661 2499 3760 2549; x_wconf 77' lang='grc' dir='ltr'><strong>καὶ</strong></span> 
     </span>
    </p>
   </div>
   <div class='ocr_carea' id='block_1_71' title="bbox 2173 2589 3758 2665">
    <p class='ocr_par' dir='ltr' id='par_1_71' title="bbox 2173 2589 3758 2665">
     <span class='ocr_line' id='line_1_71' title="bbox 2173 2589 3758 2665; baseline -0.006 -18"><span class='ocrx_word' id='word_1_528' title='bbox 2173 2592 2452 2665; x_wconf 64' lang='grc' dir='ltr'>φοϐηθεὶς,</span> <span class='ocrx_word' id='word_1_529' title='bbox 2491 2593 2583 2646; x_wconf 78' lang='grc' dir='ltr'>καὶ</span> <span class='ocrx_word' id='word_1_530' title='bbox 2623 2592 2920 2660; x_wconf 81' lang='grc' dir='ltr'>ἀγνοήσας,</span> <span class='ocrx_word' id='word_1_531' title='bbox 2948 2589 3042 2640; x_wconf 80' lang='grc' dir='ltr'><strong>καὶ</strong></span> <span class='ocrx_word' id='word_1_532' title='bbox 3090 2589 3422 2655; x_wconf 76' lang='grc' dir='ltr'>ἀγωνιάσας,</span> <span class='ocrx_word' id='word_1_533' title='bbox 3457 2589 3552 2640; x_wconf 80' lang='grc' dir='ltr'><strong>καὶ</strong></span> <span class='ocrx_word' id='word_1_534' title='bbox 3581 2589 3758 2654; x_wconf 76' lang='grc' dir='ltr'>ἀγγε-</span> 
     </span>
    </p>
   </div>
   <div class='ocr_carea' id='block_1_72' title="bbox 2170 2678 3759 2757">
    <p class='ocr_par' dir='ltr' id='par_1_72' title="bbox 2170 2678 3759 2757">
     <span class='ocr_line' id='line_1_72' title="bbox 2170 2678 3759 2757; baseline -0.004 -20"><span class='ocrx_word' id='word_1_535' title='bbox 2170 2688 2296 2757; x_wconf 79' lang='grc' dir='ltr'>λικῇ</span> <span class='ocrx_word' id='word_1_536' title='bbox 2321 2684 2606 2755; x_wconf 70' lang='grc' dir='ltr'>συμμαχίᾳ.</span> <span class='ocrx_word' id='word_1_537' title='bbox 2636 2682 2862 2754; x_wconf 80' lang='grc' dir='ltr'>ρωσθείς</span> <span class='ocrx_word' id='word_1_538' title='bbox 2885 2699 2896 2712; x_wconf 89' lang='grc'><strong>·</strong></span> <span class='ocrx_word' id='word_1_539' title='bbox 2928 2684 2976 2732; x_wconf 85' lang='grc' dir='ltr'><strong>εί</strong></span> <span class='ocrx_word' id='word_1_540' title='bbox 3009 2680 3064 2732; x_wconf 72' lang='grc' dir='ltr'>δὲ</span> <span class='ocrx_word' id='word_1_541' title='bbox 3093 2678 3380 2732; x_wconf 69' lang='grc' dir='ltr'>καὶταῦτα</span> <span class='ocrx_word' id='word_1_542' title='bbox 3408 2681 3678 2750; x_wconf 80' lang='grc' dir='ltr'>φήσουσιν</span> <span class='ocrx_word' id='word_1_543' title='bbox 3707 2681 3759 2730; x_wconf 81' lang='grc' dir='ltr'><strong>οἱ</strong></span> 
     </span>
    </p>
   </div>
   <div class='ocr_carea' id='block_1_73' title="bbox 2174 2767 3758 2847">
    <p class='ocr_par' dir='ltr' id='par_1_73' title="bbox 2174 2767 3758 2847">
     <span class='ocr_line' id='line_1_73' title="bbox 2174 2767 3758 2847; baseline -0.019 -6"><span class='ocrx_word' id='word_1_544' title='bbox 2174 2778 2270 2847; x_wconf 77' lang='grc' dir='ltr'><strong>τῆς</strong></span> <span class='ocrx_word' id='word_1_545' title='bbox 2317 2772 2690 2843; x_wconf 85' lang='grc' dir='ltr'>Ἀπολιναρίου</span> <span class='ocrx_word' id='word_1_546' title='bbox 2753 2768 3139 2841; x_wconf 84' lang='grc' dir='ltr'>ματαιολογίας</span> <span class='ocrx_word' id='word_1_547' title='bbox 3191 2767 3559 2836; x_wconf 79' lang='grc' dir='ltr'>κληρονόμοι,</span> <span class='ocrx_word' id='word_1_548' title='bbox 3614 2770 3758 2835; x_wconf 69' lang='grc' dir='ltr'>μετὰ</span> 
     </span>
    </p>
   </div>
   <div class='ocr_carea' id='block_1_74' title="bbox 2187 2857 3752 2938">
    <p class='ocr_par' dir='ltr' id='par_1_74' title="bbox 2187 2857 3752 2938">
     <span class='ocr_line' id='line_1_74' title="bbox 2187 2857 3752 2938; baseline -0.006 -19"><span class='ocrx_word' id='word_1_549' title='bbox 2187 2867 2398 2938; x_wconf 86' lang='grc' dir='ltr'>Ἀρείου</span> <span class='ocrx_word' id='word_1_550' title='bbox 2421 2866 2514 2918; x_wconf 73' lang='grc' dir='ltr'>καὶ</span> <span class='ocrx_word' id='word_1_551' title='bbox 2540 2863 2803 2933; x_wconf 83' lang='grc' dir='ltr'>Εύνομίου</span> <span class='ocrx_word' id='word_1_552' title='bbox 2828 2861 2934 2914; x_wconf 82' lang='grc' dir='ltr'>τῶν</span> <span class='ocrx_word' id='word_1_553' title='bbox 2961 2860 3337 2931; x_wconf 73' lang='grc' dir='ltr'>χριστομάχων</span> <span class='ocrx_word' id='word_1_554' title='bbox 3359 2857 3752 2927; x_wconf 84' lang='grc' dir='ltr'>ταχθήτωσαν·</span> 
     </span>
    </p>
   </div>
   <div class='ocr_carea' id='block_1_75' title="bbox 2175 2943 3760 3028">
    <p class='ocr_par' dir='ltr' id='par_1_75' title="bbox 2175 2943 3760 3028">
     <span class='ocr_line' id='line_1_75' title="bbox 2175 2943 3760 3028; baseline -0.009 -16"><span class='ocrx_word' id='word_1_555' title='bbox 2175 2953 2249 3012; x_wconf 81' lang='grc' dir='ltr'>ὧν</span> <span class='ocrx_word' id='word_1_556' title='bbox 2282 2959 2390 3028; x_wconf 84' lang='grc' dir='ltr'>γὰρ</span> <span class='ocrx_word' id='word_1_557' title='bbox 2444 2959 2534 3025; x_wconf 86' lang='grc' dir='ltr'>ἴση</span> <span class='ocrx_word' id='word_1_558' title='bbox 2589 2957 2621 3025; x_wconf 82' lang='grc' dir='ltr'>ἡ</span> <span class='ocrx_word' id='word_1_559' title='bbox 2676 2952 3014 3023; x_wconf 71' lang='grc' dir='ltr'>βλασφημία,</span> <span class='ocrx_word' id='word_1_560' title='bbox 3047 2949 3250 3002; x_wconf 86' lang='grc' dir='ltr'>τούτων</span> <span class='ocrx_word' id='word_1_561' title='bbox 3287 2949 3416 3019; x_wconf 83' lang='grc' dir='ltr'>μίαν</span> <span class='ocrx_word' id='word_1_562' title='bbox 3466 2943 3606 3000; x_wconf 80' lang='grc' dir='ltr'>εἶναι</span> <span class='ocrx_word' id='word_1_563' title='bbox 3658 2948 3760 3018; x_wconf 76' lang='grc' dir='ltr'>τὴν</span> 
     </span>
    </p>
   </div>
   <div class='ocr_carea' id='block_1_76' title="bbox 2180 3039 3760 3122">
    <p class='ocr_par' dir='ltr' id='par_1_76' title="bbox 2180 3039 3760 3122">
     <span class='ocr_line' id='line_1_76' title="bbox 2180 3039 3760 3122; baseline -0.009 -17"><span class='ocrx_word' id='word_1_564' title='bbox 2180 3051 2419 3122; x_wconf 79' lang='grc' dir='ltr'>ἑταιρίαν</span> <span class='ocrx_word' id='word_1_565' title='bbox 2447 3049 2655 3101; x_wconf 87' lang='grc' dir='ltr'>δίκαιον</span> <span class='ocrx_word' id='word_1_566' title='bbox 2700 3063 2713 3078; x_wconf 95' lang='grc'><strong>·</strong></span> <span class='ocrx_word' id='word_1_567' title='bbox 2817 3045 2980 3114; x_wconf 79' lang='grc' dir='ltr'>ἡμεῖς</span> <span class='ocrx_word' id='word_1_568' title='bbox 2999 3042 3052 3094; x_wconf 70' lang='grc' dir='ltr'>δὲ</span> <span class='ocrx_word' id='word_1_569' title='bbox 3079 3041 3405 3109; x_wconf 83' lang='grc' dir='ltr'>ἀκούσωμεν</span> <span class='ocrx_word' id='word_1_570' title='bbox 3423 3039 3519 3091; x_wconf 87' lang='grc' dir='ltr'><strong>τοῦ</strong></span> <span class='ocrx_word' id='word_1_571' title='bbox 3547 3039 3760 3108; x_wconf 65' lang='grc' dir='ltr'>Κυρίου</span> 
     </span>
    </p>
   </div>
   <div class='ocr_carea' id='block_1_77' title="bbox 2180 3133 3764 3207">
    <p class='ocr_par' dir='ltr' id='par_1_77' title="bbox 2180 3133 3764 3207">
     <span class='ocr_line' id='line_1_77' title="bbox 2180 3133 3764 3207; baseline -0.008 -11"><span class='ocrx_word' id='word_1_572' title='bbox 2180 3144 2429 3207; x_wconf 80' lang='grc' dir='ltr'>λέγοντος</span> <span class='ocrx_word' id='word_1_573' title='bbox 2450 3159 2461 3173; x_wconf 93' lang='grc'><strong>·</strong></span> <span class='ocrx_word' id='word_1_574' title='bbox 2493 3161 2510 3192; x_wconf 83' lang='grc' dir='ltr'><strong>ι</strong></span> <span class='ocrx_word' id='word_1_575' title='bbox 2549 3137 2826 3203; x_wconf 81' lang='grc' dir='ltr'>Ἐξουσίαν</span> <span class='ocrx_word' id='word_1_576' title='bbox 2855 3135 2961 3204; x_wconf 83' lang='grc' dir='ltr'><strong>ἔχω</strong></span> <span class='ocrx_word' id='word_1_577' title='bbox 2987 3134 3156 3186; x_wconf 85' lang='grc' dir='ltr'>θεῖναι</span> <span class='ocrx_word' id='word_1_578' title='bbox 3184 3133 3280 3203; x_wconf 72' lang='grc' dir='ltr'>τὴν</span> <span class='ocrx_word' id='word_1_579' title='bbox 3302 3133 3480 3202; x_wconf 75' lang='grc' dir='ltr'>ψυχήν</span> <span class='ocrx_word' id='word_1_580' title='bbox 3510 3149 3638 3202; x_wconf 82' lang='grc' dir='ltr'>μου,</span> <span class='ocrx_word' id='word_1_581' title='bbox 3664 3133 3764 3186; x_wconf 81' lang='grc' dir='ltr'><strong>καὶ</strong></span> 
     </span>
    </p>
   </div>
   <div class='ocr_carea' id='block_1_78' title="bbox 2180 3223 3764 3301">
    <p class='ocr_par' dir='ltr' id='par_1_78' title="bbox 2180 3223 3764 3301">
     <span class='ocr_line' id='line_1_78' title="bbox 2180 3223 3764 3301; baseline -0.008 -14"><span class='ocrx_word' id='word_1_582' title='bbox 2180 3233 2427 3301; x_wconf 73' lang='grc' dir='ltr'>ἐξουσίαν</span> <span class='ocrx_word' id='word_1_583' title='bbox 2457 3230 2563 3301; x_wconf 79' lang='grc' dir='ltr'><strong>ἔχω</strong></span> <span class='ocrx_word' id='word_1_584' title='bbox 2587 3229 2746 3282; x_wconf 85' lang='grc' dir='ltr'>πάλιν</span> <span class='ocrx_word' id='word_1_585' title='bbox 2770 3228 2955 3280; x_wconf 76' lang='grc' dir='ltr'>λαϐεῖν</span> <span class='ocrx_word' id='word_1_586' title='bbox 2980 3227 3152 3296; x_wconf 80' lang='grc' dir='ltr'>αὑτήν</span> <span class='ocrx_word' id='word_1_587' title='bbox 3177 3241 3193 3255; x_wconf 89' lang='grc'><strong>·</strong></span> <span class='ocrx_word' id='word_1_588' title='bbox 3221 3223 3391 3288; x_wconf 73' lang='grc' dir='ltr'>οὐδεὶς</span> <span class='ocrx_word' id='word_1_589' title='bbox 3420 3223 3567 3294; x_wconf 83' lang='grc' dir='ltr'>αῐρει</span> <span class='ocrx_word' id='word_1_590' title='bbox 3591 3223 3764 3293; x_wconf 77' lang='grc' dir='ltr'>αὐτὴν</span> 
     </span>
    </p>
   </div>
   <div class='ocr_carea' id='block_1_79' title="bbox 2181 3314 3760 3394">
    <p class='ocr_par' dir='ltr' id='par_1_79' title="bbox 2181 3314 3760 3394">
     <span class='ocr_line' id='line_1_79' title="bbox 2181 3314 3760 3394; baseline -0.008 -16"><span class='ocrx_word' id='word_1_591' title='bbox 2181 3326 2273 3380; x_wconf 82' lang='grc' dir='ltr'><strong>ἀπ’</strong></span> <span class='ocrx_word' id='word_1_592' title='bbox 2297 3322 2451 3394; x_wconf 78' lang='grc' dir='ltr'>ἐμοῦ.</span> <span class='ocrx_word' id='word_1_593' title='bbox 2479 3340 2499 3373; x_wconf 68' lang='grc' dir='ltr'><strong>ι</strong></span> <span class='ocrx_word' id='word_1_594' title='bbox 2540 3320 2635 3373; x_wconf 84' lang='grc' dir='ltr'><strong>Ἐκ</strong></span> <span class='ocrx_word' id='word_1_595' title='bbox 2663 3321 2770 3390; x_wconf 76' lang='grc' dir='ltr'><strong>γὰρ</strong></span> <span class='ocrx_word' id='word_1_596' title='bbox 2799 3319 2906 3371; x_wconf 83' lang='grc' dir='ltr'><strong>τῶν</strong></span> <span class='ocrx_word' id='word_1_597' title='bbox 2937 3318 3110 3384; x_wconf 86' lang='grc' dir='ltr'>λόγων</span> <span class='ocrx_word' id='word_1_598' title='bbox 3136 3316 3340 3368; x_wconf 86' lang='grc' dir='ltr'>τούτων</span> <span class='ocrx_word' id='word_1_599' title='bbox 3371 3314 3760 3388; x_wconf 74' lang='grc' dir='ltr'>μαθησόμεθα,</span> 
     </span>
    </p>
   </div>
   <div class='ocr_carea' id='block_1_80' title="bbox 2180 3408 3766 3487">
    <p class='ocr_par' dir='ltr' id='par_1_80' title="bbox 2180 3408 3766 3487">
     <span class='ocr_line' id='line_1_80' title="bbox 2180 3408 3766 3487; baseline -0.006 -17"><span class='ocrx_word' id='word_1_600' title='bbox 2180 3418 2254 3481; x_wconf 84' lang='grc' dir='ltr'>ὡς</span> <span class='ocrx_word' id='word_1_601' title='bbox 2290 3419 2476 3487; x_wconf 69' lang='grc' dir='ltr'>ἕτερος</span> <span class='ocrx_word' id='word_1_602' title='bbox 2504 3414 2601 3484; x_wconf 81' lang='grc' dir='ltr'>μὲν</span> <span class='ocrx_word' id='word_1_603' title='bbox 2630 3414 2658 3465; x_wconf 88' lang='grc' dir='ltr'><strong>ό</strong></span> <span class='ocrx_word' id='word_1_604' title='bbox 2687 3411 2880 3475; x_wconf 72' lang='grc' dir='ltr'>τιθεὶς,</span> <span class='ocrx_word' id='word_1_605' title='bbox 2917 3411 3104 3481; x_wconf 69' lang='grc' dir='ltr'>ἕτερον</span> <span class='ocrx_word' id='word_1_606' title='bbox 3127 3410 3184 3462; x_wconf 84' lang='grc' dir='ltr'><strong>δὲ</strong></span> <span class='ocrx_word' id='word_1_607' title='bbox 3221 3408 3280 3462; x_wconf 82' lang='grc' dir='ltr'><strong>τὸ</strong></span> <span class='ocrx_word' id='word_1_608' title='bbox 3313 3408 3636 3479; x_wconf 82' lang='grc' dir='ltr'>τιθέμενον·</span> <span class='ocrx_word' id='word_1_609' title='bbox 3670 3409 3766 3462; x_wconf 79' lang='grc' dir='ltr'>καὶ</span> 
     </span>
    </p>
   </div>
   <div class='ocr_carea' id='block_1_81' title="bbox 2183 3489 3767 3579">
    <p class='ocr_par' dir='ltr' id='par_1_81' title="bbox 2183 3489 3767 3579">
     <span class='ocr_line' id='line_1_81' title="bbox 2183 3489 3767 3579; baseline -0.007 -17"><span class='ocrx_word' id='word_1_610' title='bbox 2183 3509 2312 3572; x_wconf 78' lang='grc' dir='ltr'>Θεὸς</span> <span class='ocrx_word' id='word_1_611' title='bbox 2347 3508 2442 3579; x_wconf 78' lang='grc' dir='ltr'>μὲν</span> <span class='ocrx_word' id='word_1_612' title='bbox 2471 3510 2497 3560; x_wconf 88' lang='grc' dir='ltr'>ὁ</span> <span class='ocrx_word' id='word_1_613' title='bbox 2519 3489 2688 3569; x_wconf 62' lang='lat' dir='ltr'><strong>mea;</strong></span> <span class='ocrx_word' id='word_1_614' title='bbox 2715 3505 2809 3558; x_wconf 75' lang='grc' dir='ltr'><strong>και</strong></span> <span class='ocrx_word' id='word_1_615' title='bbox 2828 3503 3140 3572; x_wconf 74' lang='grc' dir='ltr'>λαμϐάνων,</span> <span class='ocrx_word' id='word_1_616' title='bbox 3168 3501 3314 3571; x_wconf 77' lang='grc' dir='ltr'>ψυχὴ</span> <span class='ocrx_word' id='word_1_617' title='bbox 3343 3500 3399 3553; x_wconf 80' lang='grc' dir='ltr'><strong>δὲ</strong></span> <span class='ocrx_word' id='word_1_618' title='bbox 3433 3503 3468 3571; x_wconf 83' lang='grc' dir='ltr'><strong>ή</strong></span> <span class='ocrx_word' id='word_1_619' title='bbox 3499 3499 3767 3570; x_wconf 78' lang='grc' dir='ltr'>τιθεμένη</span> 
     </span>
    </p>
   </div>
   <div class='ocr_carea' id='block_1_82' title="bbox 2183 3590 3762 3670">
    <p class='ocr_par' dir='ltr' id='par_1_82' title="bbox 2183 3590 3762 3670">
     <span class='ocr_line' id='line_1_82' title="bbox 2183 3590 3762 3670; baseline -0.008 -16"><span class='ocrx_word' id='word_1_620' title='bbox 2183 3602 2276 3654; x_wconf 73' lang='grc' dir='ltr'>καὶ</span> <span class='ocrx_word' id='word_1_621' title='bbox 2303 3597 2721 3670; x_wconf 77' lang='grc' dir='ltr'>λαμϐανομένη·</span> <span class='ocrx_word' id='word_1_622' title='bbox 2757 3596 2848 3648; x_wconf 73' lang='grc' dir='ltr'><strong>καὶ</strong></span> <span class='ocrx_word' id='word_1_623' title='bbox 2875 3593 3005 3657; x_wconf 80' lang='grc' dir='ltr'>Θεὸς</span> <span class='ocrx_word' id='word_1_624' title='bbox 3042 3594 3137 3663; x_wconf 78' lang='grc' dir='ltr'>μὲν</span> <span class='ocrx_word' id='word_1_625' title='bbox 3169 3593 3267 3663; x_wconf 81' lang='grc' dir='ltr'><strong>τὴν</strong></span> <span class='ocrx_word' id='word_1_626' title='bbox 3302 3590 3556 3657; x_wconf 79' lang='grc' dir='ltr'>ἐξουσίαν</span> <span class='ocrx_word' id='word_1_627' title='bbox 3601 3590 3762 3661; x_wconf 79' lang='grc' dir='ltr'>ἔχων,</span> 
     </span>
    </p>
   </div>
   <div class='ocr_carea' id='block_1_83' title="bbox 2183 3684 3619 3764">
    <p class='ocr_par' dir='ltr' id='par_1_83' title="bbox 2183 3684 3619 3764">
     <span class='ocr_line' id='line_1_83' title="bbox 2183 3684 3619 3764; baseline -0.008 -20"><span class='ocrx_word' id='word_1_628' title='bbox 2183 3692 2326 3764; x_wconf 67' lang='grc' dir='ltr'>ψυχὴ</span> <span class='ocrx_word' id='word_1_629' title='bbox 2353 3692 2409 3745; x_wconf 80' lang='grc' dir='ltr'>δὲ</span> <span class='ocrx_word' id='word_1_630' title='bbox 2503 3689 2608 3744; x_wconf 79' lang='grc' dir='ltr'><strong>ὑπό</strong></span> <span class='ocrx_word' id='word_1_631' title='bbox 2633 3688 2729 3760; x_wconf 80' lang='grc' dir='ltr'><strong>τὴν</strong></span> <span class='ocrx_word' id='word_1_632' title='bbox 2753 3686 2997 3754; x_wconf 73' lang='grc' dir='ltr'>ἐξουσίαν</span> <span class='ocrx_word' id='word_1_633' title='bbox 3029 3684 3246 3754; x_wconf 76' lang='grc' dir='ltr'>εκείνην</span> <span class='ocrx_word' id='word_1_634' title='bbox 3284 3684 3619 3754; x_wconf 75' lang='grc' dir='ltr'>τεταγμένη.</span> 
     </span>
    </p>
   </div>
   <div class='ocr_carea' id='block_1_84' title="bbox 2180 3982 3776 4065">
    <p class='ocr_par' dir='ltr' id='par_1_84' title="bbox 2180 3982 3776 4065">
     <span class='ocr_line' id='line_1_84' title="bbox 2180 3982 3776 4065; baseline 0.001 -28"><span class='ocrx_word' id='word_1_635' title='bbox 2180 3985 2288 4038; x_wconf 82' lang='grc' dir='ltr'><strong>Ίωῦ</strong></span> <span class='ocrx_word' id='word_1_636' title='bbox 2319 3987 2505 4039; x_wconf 84' lang='grc' dir='ltr'>αὐτοῦ</span> <span class='ocrx_word' id='word_1_637' title='bbox 2541 3987 2610 4039; x_wconf 73' lang='grc' dir='ltr'>ἐκ</span> <span class='ocrx_word' id='word_1_638' title='bbox 2656 3986 2762 4039; x_wconf 85' lang='grc' dir='ltr'><strong>τοῦ</strong></span> <span class='ocrx_word' id='word_1_639' title='bbox 2792 3988 2942 4054; x_wconf 80' lang='grc' dir='ltr'>πρὸς</span> <span class='ocrx_word' id='word_1_640' title='bbox 2993 3986 3100 4038; x_wconf 81' lang='grc' dir='ltr'><strong>τὸν</strong></span> <span class='ocrx_word' id='word_1_641' title='bbox 3135 3982 3409 4065; x_wconf 65' lang='grc' dir='ltr'>βασιλέα</span> <span class='ocrx_word' id='word_1_642' title='bbox 3443 3983 3776 4038; x_wconf 74' lang='grc' dir='ltr'><strong>Θεοδόσιον</strong></span> 
     </span>
    </p>
   </div>
   <div class='ocr_carea' id='block_1_85' title="bbox 2712 4072 3245 4124">
    <p class='ocr_par' dir='ltr' id='par_1_85' title="bbox 2712 4072 3245 4124">
     <span class='ocr_line' id='line_1_85' title="bbox 2712 4072 3245 4124; baseline 0 -15"><span class='ocrx_word' id='word_1_643' title='bbox 2712 4072 3245 4124; x_wconf 56' lang='grc' dir='ltr'>προσφωνητικου.</span> 
     </span>
    </p>
   </div>
   <div class='ocr_carea' id='block_1_86' title="bbox 2245 4171 3771 4242">
    <p class='ocr_par' dir='ltr' id='par_1_86' title="bbox 2245 4171 3771 4242">
     <span class='ocr_line' id='line_1_86' title="bbox 2245 4171 3771 4242; baseline -0.001 -18"><span class='ocrx_word' id='word_1_644' title='bbox 2245 4172 2364 4224; x_wconf 78' lang='grc' dir='ltr'>Εἰσί</span> <span class='ocrx_word' id='word_1_645' title='bbox 2402 4189 2545 4236; x_wconf 84' lang='grc' dir='ltr'>τινες</span> <span class='ocrx_word' id='word_1_646' title='bbox 2570 4175 2618 4226; x_wconf 77' lang='grc' dir='ltr'><strong>οἳ</strong></span> <span class='ocrx_word' id='word_1_647' title='bbox 2657 4172 2923 4241; x_wconf 79' lang='grc' dir='ltr'>τητᾶσθαι</span> <span class='ocrx_word' id='word_1_648' title='bbox 2954 4174 3176 4237; x_wconf 79' lang='grc' dir='ltr'>λέγουσι</span> <span class='ocrx_word' id='word_1_649' title='bbox 3202 4171 3381 4242; x_wconf 75' lang='grc' dir='ltr'>ψυχῆς</span> <span class='ocrx_word' id='word_1_650' title='bbox 3408 4172 3644 4240; x_wconf 63' lang='grc' dir='ltr'>λογικῆς</span> 
     </span>
    </p>
   </div>
   <div class='ocr_carea' id='block_1_87' title="bbox 2175 4264 3776 4339">
    <p class='ocr_par' dir='ltr' id='par_1_87' title="bbox 2175 4264 3776 4339">
     <span class='ocr_line' id='line_1_87' title="bbox 2175 4264 3776 4339; baseline -0.006 -16"><span class='ocrx_word' id='word_1_651' title='bbox 2175 4269 2470 4323; x_wconf 83' lang='grc' dir='ltr'>ἐνωθείσαν</span> <span class='ocrx_word' id='word_1_652' title='bbox 2502 4269 2578 4338; x_wconf 79' lang='grc' dir='ltr'>τῷ</span> <span class='ocrx_word' id='word_1_653' title='bbox 2597 4267 2756 4338; x_wconf 80' lang='grc' dir='ltr'>Λόγῳ</span> <span class='ocrx_word' id='word_1_654' title='bbox 2780 4267 2980 4339; x_wconf 82' lang='grc' dir='ltr'>σάρκα.</span> <span class='ocrx_word' id='word_1_655' title='bbox 3003 4267 3172 4336; x_wconf 55' lang='grc' dir='ltr'>Σαρκλ</span> <span class='ocrx_word' id='word_1_656' title='bbox 3198 4267 3307 4336; x_wconf 83' lang='grc' dir='ltr'><strong>γάρ</strong></span> <span class='ocrx_word' id='word_1_657' title='bbox 3340 4283 3444 4320; x_wconf 80' lang='grc' dir='ltr'>που</span> <span class='ocrx_word' id='word_1_658' title='bbox 3474 4266 3650 4336; x_wconf 83' lang='grc' dir='ltr'>μόνην</span> <span class='ocrx_word' id='word_1_659' title='bbox 3675 4264 3776 4334; x_wconf 77' lang='grc' dir='ltr'><strong>τήν</strong></span> 
     </span>
    </p>
   </div>
   <div class='ocr_carea' id='block_1_88' title="bbox 486 4354 2072 4434">
    <p class='ocr_par' dir='ltr' id='par_1_88' title="bbox 486 4354 2070 4422">
     <span class='ocr_line' id='line_1_88' title="bbox 486 4354 2070 4422; baseline 0.006 -16"><span class='ocrx_word' id='word_1_660' title='bbox 486 4354 705 4408; x_wconf 85' lang='lat' dir='ltr'><strong>vitalem</strong></span> <span class='ocrx_word' id='word_1_661' title='bbox 734 4365 944 4410; x_wconf 86' lang='lat' dir='ltr'><strong>tantum</strong></span> <span class='ocrx_word' id='word_1_662' title='bbox 974 4367 1028 4412; x_wconf 83' lang='lat' dir='ltr'><strong>et</strong></span> <span class='ocrx_word' id='word_1_663' title='bbox 1078 4359 1337 4414; x_wconf 90' lang='lat' dir='ltr'><strong>sensilem</strong></span> <span class='ocrx_word' id='word_1_664' title='bbox 1387 4359 1687 4414; x_wconf 83' lang='lat' dir='ltr'><strong>motionem</strong></span> <span class='ocrx_word' id='word_1_665' title='bbox 1729 4360 1919 4415; x_wconf 81' lang='lat' dir='ltr'><strong>sortita</strong></span> <span class='ocrx_word' id='word_1_666' title='bbox 1978 4360 2070 4422; x_wconf 86' lang='lat' dir='ltr'><strong>sit,</strong></span> 
     </span>
    </p>
   </div>
   <div class='ocr_carea' id='block_1_89' title="bbox 2176 4354 3779 4434">
    <p class='ocr_par' dir='ltr' id='par_1_89' title="bbox 2181 4360 3779 4432">
     <span class='ocr_line' id='line_1_89' title="bbox 2181 4360 3779 4432; baseline -0.002 -18"><span class='ocrx_word' id='word_1_667' title='bbox 2181 4363 2419 4432; x_wconf 81' lang='grc' dir='ltr'>ζωτικήν</span> <span class='ocrx_word' id='word_1_668' title='bbox 2452 4379 2509 4414; x_wconf 87' lang='grc' dir='ltr'><strong>τε</strong></span> <span class='ocrx_word' id='word_1_669' title='bbox 2534 4364 2628 4416; x_wconf 76' lang='grc' dir='ltr'>καὶ</span> <span class='ocrx_word' id='word_1_670' title='bbox 2651 4361 2980 4431; x_wconf 75' lang='grc' dir='ltr'>αἰσθητικὴν</span> <span class='ocrx_word' id='word_1_671' title='bbox 3011 4361 3252 4432; x_wconf 82' lang='grc' dir='ltr'>λαχούσῃ</span> <span class='ocrx_word' id='word_1_672' title='bbox 3284 4360 3502 4430; x_wconf 82' lang='grc' dir='ltr'>κίνησιν</span> <span class='ocrx_word' id='word_1_673' title='bbox 3540 4361 3779 4429; x_wconf 77' lang='grc' dir='ltr'>ἀμφιεν-</span> 
     </span>
    </p>
   </div>
   <div class='ocr_carea' id='block_1_90' title="bbox 491 4447 2068 4508">
    <p class='ocr_par' dir='ltr' id='par_1_90' title="bbox 491 4447 2068 4508">
     <span class='ocr_line' id='line_1_90' title="bbox 491 4447 2068 4508; baseline 0.003 -6"><span class='ocrx_word' id='word_1_674' title='bbox 491 4447 746 4502; x_wconf 88' lang='lat' dir='ltr'><strong>indtttum</strong></span> <span class='ocrx_word' id='word_1_675' title='bbox 797 4447 1187 4504; x_wconf 88' lang='lat' dir='ltr'><strong>introducunt:</strong></span> <span class='ocrx_word' id='word_1_676' title='bbox 1243 4459 1409 4504; x_wconf 88' lang='lat' dir='ltr'><strong>totam</strong></span> <span class='ocrx_word' id='word_1_677' title='bbox 1471 4467 1601 4506; x_wconf 82' lang='lat' dir='ltr'><strong>vero</strong></span> <span class='ocrx_word' id='word_1_678' title='bbox 1647 4454 1848 4508; x_wconf 90' lang='lat' dir='ltr'><strong>mentis</strong></span> <span class='ocrx_word' id='word_1_679' title='bbox 1897 4463 1951 4508; x_wconf 91' lang='lat' dir='ltr'><strong>et</strong></span> <span class='ocrx_word' id='word_1_680' title='bbox 1990 4454 2068 4506; x_wconf 89' lang='lat' dir='ltr'><strong>in-</strong></span> 
     </span>
    </p>
   </div>
   <div class='ocr_carea' id='block_1_91' title="bbox 490 4539 2072 4616">
    <p class='ocr_par' dir='ltr' id='par_1_91' title="bbox 490 4539 2072 4616">
     <span class='ocr_line' id='line_1_91' title="bbox 490 4539 2072 4616; baseline 0.002 -20"><span class='ocrx_word' id='word_1_681' title='bbox 490 4539 784 4611; x_wconf 82' lang='lat' dir='ltr'><strong>telligentis</strong></span> <span class='ocrx_word' id='word_1_682' title='bbox 833 4540 1030 4598; x_wconf 63' lang='lat' dir='ltr'><strong>anima:</strong></span> <span class='ocrx_word' id='word_1_683' title='bbox 1059 4542 1169 4597; x_wconf 84' lang='lat' dir='ltr'><strong>vim</strong></span> <span class='ocrx_word' id='word_1_684' title='bbox 1211 4543 1600 4614; x_wconf 75' lang='lat' dir='ltr'><strong>energiamque</strong></span> <span class='ocrx_word' id='word_1_685' title='bbox 1651 4543 1938 4616; x_wconf 80' lang='lat' dir='ltr'><strong>Unigenito</strong></span> <span class='ocrx_word' id='word_1_686' title='bbox 1986 4557 2072 4599; x_wconf 87' lang='lat' dir='ltr'><strong>at-</strong></span> 
     </span>
    </p>
   </div>
   <div class='ocr_carea' id='block_1_92' title="bbox 494 4632 2068 4704">
    <p class='ocr_par' dir='ltr' id='par_1_92' title="bbox 494 4632 2068 4704">
     <span class='ocr_line' id='line_1_92' title="bbox 494 4632 2068 4704; baseline 0.002 -18"><span class='ocrx_word' id='word_1_687' title='bbox 494 4632 742 4687; x_wconf 88' lang='lat' dir='ltr'><strong>tribuunt</strong></span> <span class='ocrx_word' id='word_1_688' title='bbox 764 4649 780 4701; x_wconf 84' lang='lat'><strong>;</strong></span> <span class='ocrx_word' id='word_1_689' title='bbox 821 4632 979 4688; x_wconf 78' lang='lat' dir='ltr'><strong>fateri</strong></span> <span class='ocrx_word' id='word_1_690' title='bbox 1028 4633 1175 4690; x_wconf 83' lang='lat' dir='ltr'><strong>enim</strong></span> <span class='ocrx_word' id='word_1_691' title='bbox 1200 4673 1216 4699; x_wconf 95' lang='lat'><strong>,</strong></span> <span class='ocrx_word' id='word_1_692' title='bbox 1259 4636 1447 4690; x_wconf 88' lang='lat' dir='ltr'><strong>nescio</strong></span> <span class='ocrx_word' id='word_1_693' title='bbox 1483 4636 1759 4704; x_wconf 85' lang='lat' dir='ltr'><strong>quomodo</strong></span> <span class='ocrx_word' id='word_1_694' title='bbox 1788 4646 2068 4700; x_wconf 82' lang='lat' dir='ltr'><strong>verentur,</strong></span> 
     </span>
    </p>
   </div>
   <div class='ocr_carea' id='block_1_93' title="bbox 494 4724 2072 4801">
    <p class='ocr_par' dir='ltr' id='par_1_93' title="bbox 494 4724 2072 4801">
     <span class='ocr_line' id='line_1_93' title="bbox 494 4724 2072 4801; baseline 0.005 -23"><span class='ocrx_word' id='word_1_695' title='bbox 494 4724 728 4780; x_wconf 80' lang='lat' dir='ltr'><strong>Verbum</strong></span> <span class='ocrx_word' id='word_1_696' title='bbox 759 4727 908 4782; x_wconf 89' lang='lat' dir='ltr'><strong>carni</strong></span> <span class='ocrx_word' id='word_1_697' title='bbox 953 4727 1226 4791; x_wconf 69' lang='lat' dir='ltr'><strong>humanae,</strong></span> <span class='ocrx_word' id='word_1_698' title='bbox 1259 4727 1436 4782; x_wconf 90' lang='lat' dir='ltr'><strong>anima</strong></span> <span class='ocrx_word' id='word_1_699' title='bbox 1461 4728 1799 4801; x_wconf 77' lang='lat' dir='ltr'><strong>intelligente</strong></span> <span class='ocrx_word' id='word_1_700' title='bbox 1830 4729 2072 4797; x_wconf 60' lang='lat' dir='ltr'><strong>perfecte</strong></span> 
     </span>
    </p>
   </div>
   <div class='ocr_carea' id='block_1_94' title="bbox 491 4817 2072 4878">
    <p class='ocr_par' dir='ltr' id='par_1_94' title="bbox 491 4817 2072 4878">
     <span class='ocr_line' id='line_1_94' title="bbox 491 4817 2072 4878; baseline 0.003 -6"><span class='ocrx_word' id='word_1_701' title='bbox 491 4827 546 4873; x_wconf 79' lang='grc' dir='ltr'>ει</span> <span class='ocrx_word' id='word_1_702' title='bbox 594 4817 891 4874; x_wconf 81' lang='lat' dir='ltr'><strong>informate</strong></span> <span class='ocrx_word' id='word_1_703' title='bbox 954 4821 1256 4876; x_wconf 86' lang='lat' dir='ltr'><strong>secundum</strong></span> <span class='ocrx_word' id='word_1_704' title='bbox 1331 4831 1585 4876; x_wconf 86' lang='lat' dir='ltr'><strong>naturam</strong></span> <span class='ocrx_word' id='word_1_705' title='bbox 1643 4823 1856 4876; x_wconf 81' lang='grc' dir='ltr'>υηὶῑιιιη</span> <span class='ocrx_word' id='word_1_706' title='bbox 1929 4838 2072 4878; x_wconf 77' lang='lat' dir='ltr'><strong>CSSC.</strong></span> 
     </span>
    </p>
   </div>
   <div class='ocr_carea' id='block_1_95' title="bbox 499 4909 2070 4984">
    <p class='ocr_par' dir='ltr' id='par_1_95' title="bbox 499 4909 2070 4984">
     <span class='ocr_line' id='line_1_95' title="bbox 499 4909 2070 4984; baseline 0.004 -22"><span class='ocrx_word' id='word_1_707' title='bbox 499 4909 718 4978; x_wconf 87' lang='lat' dir='ltr'><strong>Verum,</strong></span> <span class='ocrx_word' id='word_1_708' title='bbox 763 4912 892 4967; x_wconf 90' lang='lat' dir='ltr'><strong>dum</strong></span> <span class='ocrx_word' id='word_1_709' title='bbox 951 4912 1022 4968; x_wconf 85' lang='lat' dir='ltr'><strong>ita</strong></span> <span class='ocrx_word' id='word_1_710' title='bbox 1075 4914 1551 4984; x_wconf 87' lang='lat' dir='ltr'><strong>philosophantur,</strong></span> <span class='ocrx_word' id='word_1_711' title='bbox 1589 4915 1828 4984; x_wconf 60' lang='lat' dir='ltr'><strong>antiqua:</strong></span> <span class='ocrx_word' id='word_1_712' title='bbox 1857 4925 1911 4970; x_wconf 91' lang='lat' dir='ltr'><strong>et</strong></span> <span class='ocrx_word' id='word_1_713' title='bbox 1943 4918 2070 4970; x_wconf 89' lang='lat' dir='ltr'><strong>olim</strong></span> 
     </span>
    </p>
   </div>
   <div class='ocr_carea' id='block_1_96' title="bbox 496 5001 2076 5079">
    <p class='ocr_par' dir='ltr' id='par_1_96' title="bbox 496 5001 2076 5079">
     <span class='ocr_line' id='line_1_96' title="bbox 496 5001 2076 5079; baseline 0.005 -23"><span class='ocrx_word' id='word_1_714' title='bbox 496 5001 709 5059; x_wconf 65' lang='lat' dir='ltr'><strong>traditae</strong></span> <span class='ocrx_word' id='word_1_715' title='bbox 744 5003 866 5059; x_wconf 76' lang='lat' dir='ltr'><strong>ﬁdei</strong></span> <span class='ocrx_word' id='word_1_716' title='bbox 889 5005 1157 5062; x_wconf 88' lang='lat' dir='ltr'><strong>rationem</strong></span> <span class='ocrx_word' id='word_1_717' title='bbox 1188 5007 1418 5063; x_wconf 87' lang='lat' dir='ltr'><strong>omnino</strong></span> <span class='ocrx_word' id='word_1_718' title='bbox 1459 5009 1762 5079; x_wconf 77' lang='lat' dir='ltr'><strong>negligunt,</strong></span> <span class='ocrx_word' id='word_1_719' title='bbox 1799 5019 1850 5063; x_wconf 81' lang='lat' dir='ltr'><strong>ct</strong></span> <span class='ocrx_word' id='word_1_720' title='bbox 1881 5009 2076 5064; x_wconf 89' lang='lat' dir='ltr'><strong>volun-</strong></span> 
     </span>
    </p>
   </div>
   <div class='ocr_carea' id='block_1_97' title="bbox 493 5095 2077 5171">
    <p class='ocr_par' dir='ltr' id='par_1_97' title="bbox 493 5095 2077 5171">
     <span class='ocr_line' id='line_1_97' title="bbox 493 5095 2077 5171; baseline 0.006 -22"><span class='ocrx_word' id='word_1_721' title='bbox 493 5095 620 5151; x_wconf 92' lang='lat' dir='ltr'><strong>tatis</strong></span> <span class='ocrx_word' id='word_1_722' title='bbox 669 5110 783 5152; x_wconf 68' lang='lat' dir='ltr'><strong>sum</strong></span> <span class='ocrx_word' id='word_1_723' title='bbox 826 5096 1037 5167; x_wconf 82' lang='lat' dir='ltr'><strong>judicio</strong></span> <span class='ocrx_word' id='word_1_724' title='bbox 1089 5100 1230 5155; x_wconf 80' lang='lat' dir='ltr'><strong>male</strong></span> <span class='ocrx_word' id='word_1_725' title='bbox 1289 5116 1424 5155; x_wconf 92' lang='lat' dir='ltr'><strong>sano</strong></span> <span class='ocrx_word' id='word_1_726' title='bbox 1461 5103 1562 5171; x_wconf 91' lang='lat' dir='ltr'><strong>(ut</strong></span> <span class='ocrx_word' id='word_1_727' title='bbox 1611 5102 1753 5171; x_wconf 90' lang='lat' dir='ltr'><strong>quod</strong></span> <span class='ocrx_word' id='word_1_728' title='bbox 1811 5102 2077 5158; x_wconf 86' lang='lat' dir='ltr'><strong>humanas</strong></span> 
     </span>
    </p>
   </div>
   <div class='ocr_carea' id='block_1_98' title="bbox 494 5194 2075 5270">
    <p class='ocr_par' dir='ltr' id='par_1_98' title="bbox 494 5194 2075 5270">
     <span class='ocr_line' id='line_1_98' title="bbox 494 5194 2075 5270; baseline 0.006 -26"><span class='ocrx_word' id='word_1_729' title='bbox 494 5199 701 5245; x_wconf 89' lang='lat' dir='ltr'><strong>tantmn</strong></span> <span class='ocrx_word' id='word_1_730' title='bbox 738 5194 976 5250; x_wconf 84' lang='lat' dir='ltr'><strong>rationes</strong></span> <span class='ocrx_word' id='word_1_731' title='bbox 1015 5205 1070 5250; x_wconf 89' lang='lat' dir='ltr'><strong>et</strong></span> <span class='ocrx_word' id='word_1_732' title='bbox 1102 5195 1449 5266; x_wconf 85' lang='lat' dir='ltr'><strong>conjecturas</strong></span> <span class='ocrx_word' id='word_1_733' title='bbox 1479 5198 1634 5266; x_wconf 83' lang='lat' dir='ltr'><strong>sequi</strong></span> <span class='ocrx_word' id='word_1_734' title='bbox 1682 5199 1876 5270; x_wconf 90' lang='lat' dir='ltr'><strong>soleat)</strong></span> <span class='ocrx_word' id='word_1_735' title='bbox 1911 5214 2075 5267; x_wconf 74' lang='lat' dir='ltr'><strong>prave</strong></span> 
     </span>
    </p>
   </div>
   <div class='ocr_carea' id='block_1_99' title="bbox 494 5281 2077 5361">
    <p class='ocr_par' dir='ltr' id='par_1_99' title="bbox 494 5281 2077 5361">
     <span class='ocr_line' id='line_1_99' title="bbox 494 5281 2077 5361; baseline 0.007 -27"><span class='ocrx_word' id='word_1_736' title='bbox 494 5281 690 5349; x_wconf 83' lang='lat' dir='ltr'><strong>innixi.</strong></span> <span class='ocrx_word' id='word_1_737' title='bbox 741 5299 901 5342; x_wconf 84' lang='lat' dir='ltr'><strong>secns</strong></span> <span class='ocrx_word' id='word_1_738' title='bbox 951 5302 1113 5356; x_wconf 84' lang='lat' dir='ltr'><strong>quam</strong></span> <span class='ocrx_word' id='word_1_739' title='bbox 1148 5302 1338 5343; x_wconf 89' lang='lat' dir='ltr'><strong>revera</strong></span> <span class='ocrx_word' id='word_1_740' title='bbox 1387 5300 1725 5359; x_wconf 88' lang='lat' dir='ltr'><strong>oportuerat,</strong></span> <span class='ocrx_word' id='word_1_741' title='bbox 1781 5292 1997 5361; x_wconf 88' lang='lat' dir='ltr'><strong>sapiunt</strong></span> <span class='ocrx_word' id='word_1_742' title='bbox 2024 5299 2077 5345; x_wconf 89' lang='lat' dir='ltr'><strong>et</strong></span> 
     </span>
    </p>
   </div>
   <div class='ocr_carea' id='block_1_100' title="bbox 495 5377 2078 5456">
    <p class='ocr_par' dir='ltr' id='par_1_100' title="bbox 495 5377 2078 5456">
     <span class='ocr_line' id='line_1_100' title="bbox 495 5377 2078 5456; baseline 0.006 -27"><span class='ocrx_word' id='word_1_743' title='bbox 495 5386 762 5433; x_wconf 80' lang='lat' dir='ltr'><strong>sentiunt.</strong></span> <span class='ocrx_word' id='word_1_744' title='bbox 794 5377 860 5433; x_wconf 85' lang='lat' dir='ltr'><strong>Et</strong></span> <span class='ocrx_word' id='word_1_745' title='bbox 897 5395 1168 5450; x_wconf 66' lang='lat' dir='ltr'><strong>quaenam,</strong></span> <span class='ocrx_word' id='word_1_746' title='bbox 1207 5382 1456 5446; x_wconf 87' lang='lat' dir='ltr'><strong>obsecro,</strong></span> <span class='ocrx_word' id='word_1_747' title='bbox 1491 5384 1762 5456; x_wconf 78' lang='lat' dir='ltr'><strong>dogmatis</strong></span> <span class='ocrx_word' id='word_1_748' title='bbox 1790 5387 1952 5455; x_wconf 84' lang='lat' dir='ltr'><strong>hujus</strong></span> <span class='ocrx_word' id='word_1_749' title='bbox 1993 5393 2078 5440; x_wconf 88' lang='lat' dir='ltr'><strong>est</strong></span> 
     </span>
    </p>
   </div>
   <div class='ocr_carea' id='block_1_101' title="bbox 493 5468 2078 5542">
    <p class='ocr_par' dir='ltr' id='par_1_101' title="bbox 493 5468 2078 5542">
     <span class='ocr_line' id='line_1_101' title="bbox 493 5468 2078 5542; baseline 0.009 -23"><span class='ocrx_word' id='word_1_750' title='bbox 493 5468 671 5525; x_wconf 74' lang='lat' dir='ltr'><strong>ratio?</strong></span> <span class='ocrx_word' id='word_1_751' title='bbox 720 5470 927 5528; x_wconf 85' lang='lat' dir='ltr'><strong>Dicam.</strong></span> <span class='ocrx_word' id='word_1_752' title='bbox 964 5472 1316 5529; x_wconf 82' lang='lat' dir='ltr'><strong>Mediatorem</strong></span> <span class='ocrx_word' id='word_1_753' title='bbox 1354 5474 1444 5529; x_wconf 87' lang='lat' dir='ltr'><strong>Dei</strong></span> <span class='ocrx_word' id='word_1_754' title='bbox 1484 5485 1539 5531; x_wconf 90' lang='lat' dir='ltr'><strong>et</strong></span> <span class='ocrx_word' id='word_1_755' title='bbox 1563 5495 1565 5498; x_wconf 60' lang='grc' dir='ltr'><strong>ί</strong></span> <span class='ocrx_word' id='word_1_756' title='bbox 1593 5477 1875 5532; x_wconf 79' lang='lat' dir='ltr'><strong>hominum</strong></span> <span class='ocrx_word' id='word_1_757' title='bbox 1897 5479 1936 5542; x_wconf 82' lang='grc'>³,</span> <span class='ocrx_word' id='word_1_758' title='bbox 1975 5479 2078 5535; x_wconf 85' lang='lat' dir='ltr'><strong>hoc</strong></span> 
     </span>
    </p>
   </div>
   <div class='ocr_carea' id='block_1_102' title="bbox 573 5683 2106 5765">
    <p class='ocr_par' dir='ltr' id='par_1_102' title="bbox 573 5683 2106 5765">
     <span class='ocr_line' id='line_1_102' title="bbox 573 5683 2106 5765; baseline 0.01 -28"><span class='ocrx_word' id='word_1_759' title='bbox 573 5683 590 5714; x_wconf 75' lang='lat'><strong>‘</strong></span> <span class='ocrx_word' id='word_1_760' title='bbox 627 5684 814 5739; x_wconf 73' lang='lat' dir='ltr'><strong>Matth.</strong></span> <span class='ocrx_word' id='word_1_761' title='bbox 855 5707 998 5759; x_wconf 66' lang='grc' dir='ltr'>χχι-ι,</span> <span class='ocrx_word' id='word_1_762' title='bbox 1034 5693 1126 5748; x_wconf 81' lang='grc'><strong>58.</strong></span> <span class='ocrx_word' id='word_1_763' title='bbox 1192 5694 1212 5724; x_wconf 85' lang='grc'><strong><em>²</em></strong></span> <span class='ocrx_word' id='word_1_764' title='bbox 1237 5693 1396 5748; x_wconf 81' lang='lat' dir='ltr'><strong>Joan.</strong></span> <span class='ocrx_word' id='word_1_765' title='bbox 1435 5713 1486 5761; x_wconf 85' lang='lat' dir='ltr'><strong>x,</strong></span> <span class='ocrx_word' id='word_1_766' title='bbox 1526 5696 1611 5751; x_wconf 69' lang='lat'><strong>18.</strong></span> <span class='ocrx_word' id='word_1_767' title='bbox 1688 5699 1706 5730; x_wconf 86' lang='grc'>³</span> <span class='ocrx_word' id='word_1_768' title='bbox 1748 5698 1930 5753; x_wconf 80' lang='lat' dir='ltr'><strong>l&#39;l&#39;im.</strong></span> <span class='ocrx_word' id='word_1_769' title='bbox 1963 5714 2018 5765; x_wconf 85' lang='lat' dir='ltr'><strong>ll,</strong></span> <span class='ocrx_word' id='word_1_770' title='bbox 2053 5699 2106 5752; x_wconf 82' lang='lat'><strong>5.</strong></span> 
     </span>
    </p>
   </div>
   <div class='ocr_carea' id='block_1_103' title="bbox 2183 4451 3776 4527">
    <p class='ocr_par' dir='ltr' id='par_1_103' title="bbox 2183 4451 3776 4527">
     <span class='ocr_line' id='line_1_103' title="bbox 2183 4451 3776 4527; baseline -0.002 -20"><span class='ocrx_word' id='word_1_771' title='bbox 2183 4457 2369 4518; x_wconf 82' lang='grc' dir='ltr'>νύντες</span> <span class='ocrx_word' id='word_1_772' title='bbox 2399 4456 2492 4509; x_wconf 79' lang='grc' dir='ltr'>τὸν</span> <span class='ocrx_word' id='word_1_773' title='bbox 2511 4455 2705 4524; x_wconf 82' lang='grc' dir='ltr'>Λόγον,</span> <span class='ocrx_word' id='word_1_774' title='bbox 2734 4455 3148 4527; x_wconf 57' lang='grc' dir='ltr'>παραςέρουσιν</span> <span class='ocrx_word' id='word_1_775' title='bbox 3175 4456 3255 4516; x_wconf 84' lang='grc' dir='ltr'>εἰς</span> <span class='ocrx_word' id='word_1_776' title='bbox 3290 4453 3523 4521; x_wconf 85' lang='grc' dir='ltr'>κόσμον,</span> <span class='ocrx_word' id='word_1_777' title='bbox 3553 4453 3655 4522; x_wconf 79' lang='grc' dir='ltr'><strong>τὴν</strong></span> <span class='ocrx_word' id='word_1_778' title='bbox 3681 4451 3776 4504; x_wconf 88' lang='grc' dir='ltr'>νοῦ</span> 
     </span>
    </p>
   </div>
   <div class='ocr_carea' id='block_1_104' title="bbox 2183 4551 3780 4623">
    <p class='ocr_par' dir='ltr' id='par_1_104' title="bbox 2183 4551 3780 4623">
     <span class='ocr_line' id='line_1_104' title="bbox 2183 4551 3780 4623; baseline -0.001 -17"><span class='ocrx_word' id='word_1_779' title='bbox 2183 4555 2273 4606; x_wconf 58' lang='grc' dir='ltr'><strong>καῖ</strong></span> <span class='ocrx_word' id='word_1_780' title='bbox 2293 4551 2476 4623; x_wconf 78' lang='grc' dir='ltr'>ψυχῆς</span> <span class='ocrx_word' id='word_1_781' title='bbox 2506 4553 2791 4623; x_wconf 73' lang='grc' dir='ltr'>ἐνέργειαν</span> <span class='ocrx_word' id='word_1_782' title='bbox 2815 4553 3183 4616; x_wconf 73' lang='grc' dir='ltr'>ἀπονέμοντες</span> <span class='ocrx_word' id='word_1_783' title='bbox 3207 4551 3285 4621; x_wconf 84' lang='grc' dir='ltr'>τῷ</span> <span class='ocrx_word' id='word_1_784' title='bbox 3309 4552 3636 4616; x_wconf 82' lang='grc' dir='ltr'>Μονογενεῖ.</span> <span class='ocrx_word' id='word_1_785' title='bbox 3663 4552 3780 4605; x_wconf 69' lang='grc' dir='ltr'><strong>Καρ</strong></span> 
     </span>
    </p>
   </div>
   <div class='ocr_carea' id='block_1_105' title="bbox 2182 4642 3778 4717">
    <p class='ocr_par' dir='ltr' id='par_1_105' title="bbox 2182 4642 3778 4717">
     <span class='ocr_line' id='line_1_105' title="bbox 2182 4642 3778 4717; baseline 0.001 -19"><span class='ocrx_word' id='word_1_786' title='bbox 2182 4647 2557 4717; x_wconf 83' lang='grc' dir='ltr'>ταπεφρίκασι</span> <span class='ocrx_word' id='word_1_787' title='bbox 2591 4648 2720 4717; x_wconf 83' lang='grc' dir='ltr'>γὰρ,</span> <span class='ocrx_word' id='word_1_788' title='bbox 2754 4645 2857 4700; x_wconf 80' lang='grc' dir='ltr'><strong>οὐκ</strong></span> <span class='ocrx_word' id='word_1_789' title='bbox 2889 4642 2985 4698; x_wconf 78' lang='grc' dir='ltr'>οἶδ’</span> <span class='ocrx_word' id='word_1_790' title='bbox 3020 4646 3194 4709; x_wconf 81' lang='grc' dir='ltr'>ὅπως,</span> <span class='ocrx_word' id='word_1_791' title='bbox 3225 4644 3544 4715; x_wconf 78' lang='grc' dir='ltr'>ψυχωθείσῃ</span> <span class='ocrx_word' id='word_1_792' title='bbox 3579 4644 3778 4714; x_wconf 78' lang='grc' dir='ltr'>λογικῇ</span> 
     </span>
    </p>
   </div>
   <div class='ocr_carea' id='block_1_106' title="bbox 2178 4739 3778 4812">
    <p class='ocr_par' dir='ltr' id='par_1_106' title="bbox 2178 4739 3778 4812">
     <span class='ocr_line' id='line_1_106' title="bbox 2178 4739 3778 4812; baseline -0.002 -20"><span class='ocrx_word' id='word_1_793' title='bbox 2178 4740 2323 4810; x_wconf 74' lang='grc' dir='ltr'>ψυχῇ</span> <span class='ocrx_word' id='word_1_794' title='bbox 2367 4744 2433 4812; x_wconf 86' lang='grc' dir='ltr'><strong>τῇ</strong></span> <span class='ocrx_word' id='word_1_795' title='bbox 2465 4740 2786 4812; x_wconf 81' lang='grc' dir='ltr'>ἀνθρωπίνῃ</span> <span class='ocrx_word' id='word_1_796' title='bbox 2835 4740 3000 4809; x_wconf 73' lang='grc' dir='ltr'>σαρκὶ</span> <span class='ocrx_word' id='word_1_797' title='bbox 3027 4740 3170 4793; x_wconf 72' lang='grc' dir='ltr'>κατὰ</span> <span class='ocrx_word' id='word_1_798' title='bbox 3204 4740 3367 4808; x_wconf 78' lang='grc' dir='ltr'>φύσιν</span> <span class='ocrx_word' id='word_1_799' title='bbox 3399 4739 3647 4806; x_wconf 77' lang='grc' dir='ltr'>ἡνῶσθαι</span> <span class='ocrx_word' id='word_1_800' title='bbox 3684 4740 3778 4792; x_wconf 65' lang='grc' dir='ltr'><strong>τὸν</strong></span> 
     </span>
    </p>
   </div>
   <div class='ocr_carea' id='block_1_107' title="bbox 2181 4829 3778 4902">
    <p class='ocr_par' dir='ltr' id='par_1_107' title="bbox 2181 4829 3778 4902">
     <span class='ocr_line' id='line_1_107' title="bbox 2181 4829 3778 4902; baseline -0.003 -16"><span class='ocrx_word' id='word_1_801' title='bbox 2181 4833 2354 4901; x_wconf 79' lang='grc' dir='ltr'>Λόγον</span> <span class='ocrx_word' id='word_1_802' title='bbox 2387 4833 2677 4902; x_wconf 77' lang='grc' dir='ltr'>ὁμολογεῖν</span> <span class='ocrx_word' id='word_1_803' title='bbox 2698 4849 2711 4861; x_wconf 92' lang='grc'><strong>·</strong></span> <span class='ocrx_word' id='word_1_804' title='bbox 2753 4831 2855 4900; x_wconf 75' lang='grc' dir='ltr'>τῆς</span> <span class='ocrx_word' id='word_1_805' title='bbox 2891 4830 2990 4900; x_wconf 85' lang='grc' dir='ltr'><strong>μὲν</strong></span> <span class='ocrx_word' id='word_1_806' title='bbox 3022 4829 3232 4883; x_wconf 80' lang='grc' dir='ltr'>ἄνωθέν</span> <span class='ocrx_word' id='word_1_807' title='bbox 3261 4847 3319 4882; x_wconf 86' lang='grc' dir='ltr'><strong>τε</strong></span> <span class='ocrx_word' id='word_1_808' title='bbox 3348 4830 3442 4882; x_wconf 76' lang='grc' dir='ltr'>καὶ</span> <span class='ocrx_word' id='word_1_809' title='bbox 3471 4830 3778 4900; x_wconf 68' lang='grc' dir='ltr'>ἀρχαιοτά-</span> 
     </span>
    </p>
   </div>
   <div class='ocr_carea' id='block_1_108' title="bbox 2182 4921 3783 4995">
    <p class='ocr_par' dir='ltr' id='par_1_108' title="bbox 2182 4921 3783 4995">
     <span class='ocr_line' id='line_1_108' title="bbox 2182 4921 3783 4995; baseline -0.003 -17"><span class='ocrx_word' id='word_1_810' title='bbox 2182 4943 2280 4995; x_wconf 87' lang='grc' dir='ltr'><strong>της</strong></span> <span class='ocrx_word' id='word_1_811' title='bbox 2311 4926 2548 4986; x_wconf 81' lang='grc' dir='ltr'>πίστεως</span> <span class='ocrx_word' id='word_1_812' title='bbox 2570 4923 2669 4995; x_wconf 82' lang='grc' dir='ltr'><strong>τὴν</strong></span> <span class='ocrx_word' id='word_1_813' title='bbox 2699 4923 3004 4993; x_wconf 82' lang='grc' dir='ltr'>παράδοσιν</span> <span class='ocrx_word' id='word_1_814' title='bbox 3032 4924 3217 4992; x_wconf 82' lang='grc' dir='ltr'>ὀλίγου</span> <span class='ocrx_word' id='word_1_815' title='bbox 3247 4921 3535 4984; x_wconf 86' lang='grc' dir='ltr'>παντελῶς</span> <span class='ocrx_word' id='word_1_816' title='bbox 3561 4922 3783 4985; x_wconf 75' lang='grc' dir='ltr'><strong>ἀξιοῦν-</strong></span> 
     </span>
    </p>
   </div>
   <div class='ocr_carea' id='block_1_109' title="bbox 2183 5016 3780 5088">
    <p class='ocr_par' dir='ltr' id='par_1_109' title="bbox 2183 5016 3780 5088">
     <span class='ocr_line' id='line_1_109' title="bbox 2183 5016 3780 5088; baseline -0.002 -18"><span class='ocrx_word' id='word_1_817' title='bbox 2183 5036 2272 5081; x_wconf 87' lang='grc' dir='ltr'><strong>τες</strong></span> <span class='ocrx_word' id='word_1_818' title='bbox 2303 5018 2486 5085; x_wconf 85' lang='grc' dir='ltr'>λόγου,</span> <span class='ocrx_word' id='word_1_819' title='bbox 2506 5017 2726 5088; x_wconf 83' lang='grc' dir='ltr'>θελήσει</span> <span class='ocrx_word' id='word_1_820' title='bbox 2751 5017 2807 5070; x_wconf 70' lang='grc' dir='ltr'><strong>δὲ</strong></span> <span class='ocrx_word' id='word_1_821' title='bbox 2841 5016 2980 5088; x_wconf 80' lang='grc' dir='ltr'>μόνῃ</span> <span class='ocrx_word' id='word_1_822' title='bbox 3012 5019 3078 5088; x_wconf 83' lang='grc' dir='ltr'>τῇ</span> <span class='ocrx_word' id='word_1_823' title='bbox 3113 5017 3256 5070; x_wconf 68' lang='grc' dir='ltr'>κατὰ</span> <span class='ocrx_word' id='word_1_824' title='bbox 3283 5017 3426 5086; x_wconf 71' lang='grc' dir='ltr'>σφᾶς</span> <span class='ocrx_word' id='word_1_825' title='bbox 3453 5016 3660 5078; x_wconf 75' lang='grc' dir='ltr'>αὐτοὺς</span> <span class='ocrx_word' id='word_1_826' title='bbox 3686 5019 3780 5068; x_wconf 73' lang='grc' dir='ltr'><strong>καὶ</strong></span> 
     </span>
    </p>
   </div>
   <div class='ocr_carea' id='block_1_110' title="bbox 2183 5109 3776 5182">
    <p class='ocr_par' dir='ltr' id='par_1_110' title="bbox 2183 5109 3776 5182">
     <span class='ocr_line' id='line_1_110' title="bbox 2183 5109 3776 5182; baseline -0.001 -19"><span class='ocrx_word' id='word_1_827' title='bbox 2183 5114 2294 5174; x_wconf 80' lang='grc' dir='ltr'>τοῖς</span> <span class='ocrx_word' id='word_1_828' title='bbox 2334 5109 2701 5182; x_wconf 82' lang='grc' dir='ltr'>ἀνθρωπίνοις</span> <span class='ocrx_word' id='word_1_829' title='bbox 2751 5109 2862 5163; x_wconf 88' lang='grc' dir='ltr'>δεῖν</span> <span class='ocrx_word' id='word_1_830' title='bbox 2915 5109 3146 5163; x_wconf 75' lang='grc' dir='ltr'>ἕπεσθαι</span> <span class='ocrx_word' id='word_1_831' title='bbox 3189 5110 3502 5178; x_wconf 84' lang='grc' dir='ltr'>λογισμοῖς,</span> <span class='ocrx_word' id='word_1_832' title='bbox 3541 5109 3776 5178; x_wconf 80' lang='grc' dir='ltr'>ἀμαθῶς</span> 
     </span>
    </p>
   </div>
   <div class='ocr_carea' id='block_1_111' title="bbox 2181 5202 3768 5275">
    <p class='ocr_par' dir='ltr' id='par_1_111' title="bbox 2181 5202 3768 5275">
     <span class='ocr_line' id='line_1_111' title="bbox 2181 5202 3768 5275; baseline -0.001 -19"><span class='ocrx_word' id='word_1_833' title='bbox 2181 5206 2286 5275; x_wconf 83' lang='grc' dir='ltr'>ῄρη</span> <span class='ocrx_word' id='word_1_834' title='bbox 2297 5204 2472 5272; x_wconf 81' lang='grc' dir='ltr'>μένοι,</span> <span class='ocrx_word' id='word_1_835' title='bbox 2493 5204 2588 5258; x_wconf 76' lang='grc' dir='ltr'><strong>καὶ</strong></span> <span class='ocrx_word' id='word_1_836' title='bbox 2612 5204 2944 5275; x_wconf 80' lang='grc' dir='ltr'>φρονοῦντες</span> <span class='ocrx_word' id='word_1_837' title='bbox 2965 5202 3184 5272; x_wconf 80' lang='grc' dir='ltr'>ἀληθῶς</span> <span class='ocrx_word' id='word_1_838' title='bbox 3208 5204 3341 5273; x_wconf 75' lang='grc' dir='ltr'>παρ’</span> <span class='ocrx_word' id='word_1_839' title='bbox 3364 5203 3394 5255; x_wconf 78' lang='grc' dir='ltr'><strong>ὃ</strong></span> <span class='ocrx_word' id='word_1_840' title='bbox 3416 5205 3501 5256; x_wconf 88' lang='grc' dir='ltr'><strong>δεῖ</strong></span> <span class='ocrx_word' id='word_1_841' title='bbox 3522 5205 3768 5272; x_wconf 74' lang='grc' dir='ltr'>φρονεῖν.</span> 
     </span>
    </p>
   </div>
   <div class='ocr_carea' id='block_1_112' title="bbox 2184 5296 3773 5366">
    <p class='ocr_par' dir='ltr' id='par_1_112' title="bbox 2184 5296 3773 5366">
     <span class='ocr_line' id='line_1_112' title="bbox 2184 5296 3773 5366; baseline -0.003 -14"><span class='ocrx_word' id='word_1_842' title='bbox 2184 5298 2292 5352; x_wconf 77' lang='grc' dir='ltr'><strong>Καὶ</strong></span> <span class='ocrx_word' id='word_1_843' title='bbox 2326 5298 2408 5359; x_wconf 85' lang='grc' dir='ltr'><strong>τίς</strong></span> <span class='ocrx_word' id='word_1_844' title='bbox 2447 5301 2476 5353; x_wconf 81' lang='grc' dir='ltr'>ὁ</span> <span class='ocrx_word' id='word_1_845' title='bbox 2502 5298 2661 5364; x_wconf 81' lang='grc' dir='ltr'>λόγος</span> <span class='ocrx_word' id='word_1_846' title='bbox 2701 5297 2888 5360; x_wconf 78' lang='grc' dir='ltr'>αὐτοῖς</span> <span class='ocrx_word' id='word_1_847' title='bbox 2932 5296 3029 5350; x_wconf 87' lang='grc' dir='ltr'><strong>τοῦ</strong></span> <span class='ocrx_word' id='word_1_848' title='bbox 3063 5297 3273 5350; x_wconf 84' lang='grc' dir='ltr'>τοιοῦδε</span> <span class='ocrx_word' id='word_1_849' title='bbox 3324 5297 3626 5366; x_wconf 83' lang='grc' dir='ltr'>δόγματος,</span> <span class='ocrx_word' id='word_1_850' title='bbox 3665 5298 3773 5363; x_wconf 70' lang='grc' dir='ltr'><strong>ἐγὼ</strong></span> 
     </span>
    </p>
   </div>
   <div class='ocr_carea' id='block_1_113' title="bbox 2183 5388 3777 5459">
    <p class='ocr_par' dir='ltr' id='par_1_113' title="bbox 2183 5388 3777 5459">
     <span class='ocr_line' id='line_1_113' title="bbox 2183 5388 3777 5459; baseline -0.001 -18"><span class='ocrx_word' id='word_1_851' title='bbox 2183 5389 2397 5458; x_wconf 68' lang='grc' dir='ltr'>φράσω.</span> <span class='ocrx_word' id='word_1_852' title='bbox 2433 5390 2538 5444; x_wconf 83' lang='grc' dir='ltr'>Τὸν</span> <span class='ocrx_word' id='word_1_853' title='bbox 2565 5388 2700 5444; x_wconf 88' lang='grc' dir='ltr'>Θεοῦ</span> <span class='ocrx_word' id='word_1_854' title='bbox 2745 5389 2975 5459; x_wconf 82' lang='grc' dir='ltr'>μεσίτην</span> <span class='ocrx_word' id='word_1_855' title='bbox 3015 5391 3106 5441; x_wconf 68' lang='grc' dir='ltr'><strong>καὶ</strong></span> <span class='ocrx_word' id='word_1_856' title='bbox 3135 5388 3410 5459; x_wconf 78' lang='grc' dir='ltr'>ἀνθρώπω</span> <span class='ocrx_word' id='word_1_857' title='bbox 3425 5409 3463 5450; x_wconf 78' lang='grc' dir='ltr'><strong>ι,</strong></span> <span class='ocrx_word' id='word_1_858' title='bbox 3506 5391 3651 5442; x_wconf 84' lang='grc' dir='ltr'>κατὰ</span> <span class='ocrx_word' id='word_1_859' title='bbox 3684 5390 3777 5448; x_wconf 69' lang='grc' dir='ltr'><strong>τὰς</strong></span> 
     </span>
    </p>
   </div>
   <div class='ocr_carea' id='block_1_114' title="bbox 2185 5481 3776 5554">
    <p class='ocr_par' dir='ltr' id='par_1_114' title="bbox 2185 5481 3776 5554">
     <span class='ocr_line' id='line_1_114' title="bbox 2185 5481 3776 5554; baseline 0.001 -22"><span class='ocrx_word' id='word_1_860' title='bbox 2185 5482 2434 5552; x_wconf 68' lang='grc' dir='ltr'>Γραφᾶς,</span> <span class='ocrx_word' id='word_1_861' title='bbox 2469 5483 2790 5544; x_wconf 74' lang='grc' dir='ltr'>συγκεῖσθαι</span> <span class='ocrx_word' id='word_1_862' title='bbox 2819 5500 3004 5553; x_wconf 76' lang='grc' dir='ltr'>φαμεν</span> <span class='ocrx_word' id='word_1_863' title='bbox 3043 5483 3106 5536; x_wconf 78' lang='grc' dir='ltr'>ἐκ</span> <span class='ocrx_word' id='word_1_864' title='bbox 3137 5499 3197 5535; x_wconf 85' lang='grc' dir='ltr'><strong>τε</strong></span> <span class='ocrx_word' id='word_1_865' title='bbox 3223 5483 3320 5554; x_wconf 78' lang='grc' dir='ltr'><strong>τῆς</strong></span> <span class='ocrx_word' id='word_1_866' title='bbox 3348 5481 3472 5536; x_wconf 73' lang='grc' dir='ltr'>καθ’</span> <span class='ocrx_word' id='word_1_867' title='bbox 3505 5483 3656 5552; x_wconf 74' lang='grc' dir='ltr'>ἡμᾶς</span> <span class='ocrx_word' id='word_1_868' title='bbox 3684 5485 3776 5535; x_wconf 84' lang='grc' dir='ltr'>άν-</span> 
     </span>
    </p>
   </div>
  </div>
