4042 6208
355 329 478 394 913

1305 330 1681 390 PANOPLIA
1723 332 2178 396 DOGMATICA.
2214 362 2283 370 -
2321 339 2468 397 TlT.
2513 339 2666 403 MV.

3517 336 3621 400 9Ῑὶ

363 479 727 553 Ορωπότητος
766 476 985 539 τελείως
1013 477 1243 548 ἐχούσης
1278 477 1420 530 κατά
1467 477 1556 529 τὸν
1591 476 1720 530 ἴδιον
1770 479 1946 546 λόγον,

2065 491 2137 533 est
2167 482 2464 550 Christum.
2493 496 2558 534 ex
2592 464 2924 533 humanitate
2974 479 3212 533 numeris
3254 479 3503 534 omnibus
3534 495 3622 534 se-

365 575 473 626 aca‘t
520 576 581 625 ὲκ
633 571 727 624 τοῦ
783 569 1084 639 πεφηνότος
1135 570 1198 622 ὲκ
1246 568 1380 620 Θεοῦ
1429 568 1570 622 κατά
1601 571 1760 638 φύσιν
1795 569 1947 634 Υἱοῦ,

365 663 620 718 τουτέστι
643 662 738 715 τοῦ
768 660 1122 729 Μονογενοῦς.
1156 661 1622 730 Διαϐεὸαιούμεθα
1651 662 1706 714 δὲ
1737 662 1951 716 σύνοδον

373 757 482 826 μέν
512 773 648 819 τινα,
679 755 773 806 καὶ
814 753 912 822 τὴν
959 753 1097 823 ὑπὲρ
1129 752 1284 820 λόγον
1308 754 1632 823 συνδρομὴν,
1659 756 1737 815 είς
1759 755 1952 807 ἕνωσιν

369 850 577 902 ἀνίσων
619 865 678 900 τε
714 846 804 899 καὶ
833 845 1098 914 ἀνομοίων
1128 845 1440 914 πεπρᾶχθαι
1480 845 1858 915 φύσεων.“Ενα
1897 847 1954 900 δ’

370 936 472 993 οὖν
523 940 669 1007 ὅμως
734 934 993 1006 Χριστὸν,
1033 936 1127 988 καὶ
1170 936 1374 1008 Κύριον
1413 937 1638 1008 Ἰησοῦν,
1678 937 1770 990 καὶ
1826 938 1952 991 Υἱὸν

370 1029 741 1101 ὀνομάζεσθαι
798 1027 1253 1099 ἐπιγινώσκομεν,
1291 1031 1348 1080 ὲν
1405 1029 1589 1100 ταυτῷ
1635 1033 1729 1084 καὶ
1784 1031 1959 1102 ὑπάρ-

371 1141 563 1194 χοντα,
597 1123 690 1175 καὶ
739 1120 1026 1190 νοούμενον
1069 1121 1202 1173 Θεόν
1247 1139 1305 1173 τε
1352 1120 1488 1191 ὁμοῦ
1520 1123 1614 1174 καὶ
1647 1122 1953 1194 ἄνθρωπον.

386 1215 782 1268 ’Λδιάσπαστον
820 1213 875 1266 δὲ
916 1213 1196 1275 παντελῶς
1224 1211 1322 1283 τὴν
1353 1212 1544 1268 ἕνωσιν
1572 1214 1848 1285 διατηρεῖν
1877 1218 1957 1268 εἰ·

373 1305 636 1375 θίσμεθα,
664 1304 755 1356 τὸν
783 1303 945 1357 αὑτὸν
981 1299 1119 1356 εἶναι
1154 1304 1246 1357 καὶ
1277 1305 1561 1375 Μονογενῆ
1587 1305 1957 1370 πιστεύοντες,

375 1397 477 1450 καὶ
526 1395 892 1465 πρωτότοκονο
944 1394 1220 1464 Μονογενῆ
1275 1393 1391 1463 μὲν,
1423 1394 1498 1457 ὡς
1555 1394 1688 1448 Θεοῦ
1748 1396 1960 1466 Πατρὸς

373 1489 574 1557 Λόγον,
617 1488 710 1540 καὶ
738 1488 801 1538 ἐκ
833 1485 931 1557 τῆς
959 1486 1144 1549 οὐσίας
1180 1487 1345 1538 αὑτοῦ
1386 1487 1667 1557 πεφηνότα
1689 1505 1702 1518 ο
1737 1489 1952 1558 πρωτό-

372 1599 540 1634 τοκον
577 1582 621 1632 δ’
652 1575 742 1642 αὖ,
773 1579 906 1631 καθὸ
940 1580 1164 1647 γέγονεν
1192 1578 1496 1648 ἄνθρωπος,
1533 1579 1628 1631 καὶ
1656 1581 1712 1631 ἐν
1738 1578 1956 1642 πολλοῖς

373 1672 868 1741 ἀδελφοῖς.”Ωσπερ
904 1670 1012 1740 γάρ
1045 1665 1123 1733 εἷς
1170 1673 1286 1722 ἐστι
1319 1669 1453 1731 Θεὸς
1480 1672 1508 1722 ὁ
1537 1669 1747 1740 Πατὴρ,
1792 1670 1851 1734 ἐξ
1892 1663 1954 1722 οὗ

2056 573 2287 625 eundum
2331 575 2600 640 propriam
2660 573 2920 627 rationem
2983 576 3217 641 perfecta
3275 583 3327 626 ct
3377 573 3617 625 absoluta

2058 663 2395 730 naturalique
2442 664 2531 717 Dei
2569 663 2728 729 Filio,
2773 666 2873 718 hoc
2914 674 2994 718 est
3027 662 3334 733 Unigenito,
3359 665 3622 725 constitu—

2060 765 2196 818 tum,
2235 754 2530 825 Scripturis
2564 757 2947 811 convenienter
2975 738 3346 826 praedicamus.
3377 755 3624 809 Allirmm

2061 861 2179 900 mus
2215 854 2396 901 autem
2425 857 2642 900 naturas
2667 848 2933 918 dispares,
2960 861 3024 900 ac
3049 846 3189 901 inter
3227 861 3286 901 se
3313 830 3621 907 dissimiles,

2059 939 2290 1006 quadam
2344 939 2579 994 coitione
2625 949 2677 994 et
2720 955 2985 994 concursu
3015 939 3104 1007 qni
3155 939 3332 993 verbis
3366 939 3622 1007 explicari

2061 1045 2163 1083 non
2197 1039 2392 1098 potest,
2419 1031 2468 1083 in
2497 1046 2662 1084 unum
2693 1031 3033 1086 convenisse.
3061 1030 3418 1098 Agnoscitnus
3449 1039 3622 1083 tamen

2056 1136 2239 1178 unum.
2392 1121 2760 1186 Christum,et
2786 1121 3067 1175 Dominum
3100 1119 3304 1184 Jesum,
3338 1131 3391 1172 et
3425 1120 3620 1172 Filium

2055 1220 2342 1278 vocatum;
2384 1214 2578 1283 quippe
2609 1227 2728 1267 cum
2752 1212 2911 1267 simul
2940 1210 3080 1264 Deus
3106 1221 3159 1264 et
3196 1213 3356 1264 homo
3399 1212 3623 1266 exsistat

2058 1306 2332 1376 mentique
2380 1322 2438 1362 se
2494 1307 2705 1361 olle-rat.
2735 1306 2948 1360 Etenim
2992 1308 3119 1359 uuio
3176 1307 3259 1359 illa
3305 1317 3626 1360 naturarum

2058 1415 2229 1468 usque
2285 1401 2421 1454 adeo
2473 1401 2746 1455 individua
2809 1401 3182 1469 indivulsaque
3233 1411 3317 1455 est
3361 1411 3418 1454 ut
3463 1419 3627 1456 unum

2061 1489 2417 1558 eumdemqne
2479 1491 2814 1560 unigenitum
2873 1492 3034 1545 simul
3096 1503 3150 1545 et
3213 1492 3626 1561 primogenitum

2061 1579 2382 1632 credamus:
2419 1579 2750 1648 unigenitum
2787 1581 3024 1649 quidem,
3053 1590 3304 1650 tanquam
3341 1582 3430 1634 Dei
3457 1581 3630 1634 Patris

2061 1669 2319 1733 Verbum,
2347 1685 2409 1723 ex
2438 1670 2580 1725 illius
2605 1669 2908 1726 substantia
2953 1685 3134 1724 natum
3159 1689 3172 1738 ;
3208 1672 3626 1741 primogenitum

371 1765 448 1816 τὰ
483 1765 657 1816 πάντα
680 1779 692 1791 ·
725 1761 869 1814 οὕτω
894 1761 985 1814 καὶ
1011 1756 1092 1824 εἷς
1125 1761 1328 1830 Κύριος
1366 1759 1572 1831 Ἰησοῦς
1602 1759 1856 1830 Χριστὸς,
1883 1760 1961 1814 δι’

2065 1774 2206 1828 vero,
2241 1770 2504 1829 quatenus
2551 1763 2692 1816 inter
2726 1763 2921 1817 multos
2949 1764 3148 1817 fratres
3195 1765 3353 1830 homo
3383 1764 3629 1818 exstitit:

374 1854 442 1912 οὗ
467 1857 534 1909 τά
562 1858 756 1909 πάντα.
785 1854 917 1907 Θεὸν
946 1855 1054 1922 γὰρ
1083 1853 1210 1907 ὄντα
1239 1853 1380 1906 κατὰ
1409 1852 1567 1920 φύσιν
1599 1853 1958 1920 ἐπιγινώσκο-

379 1967 486 2018 μεν
523 1949 613 2000 τὸν
653 1948 718 2000 δι’
751 1940 812 2000 οὗ
839 1946 907 1998 τὰ
938 1947 1135 2010 πάντα,
1165 1945 1358 2013 Λόγον,
1387 1945 1479 1998 καὶ
1511 1947 1558 1998 εἰ
1584 1944 1772 2013 γέγονε
1803 1943 1960 2015 σάρξ,

377 2037 662 2090 τουτέστιν
687 2035 993 2103 ἄνθρωπος.

2059 1851 2490 1920 quandoquidem
2538 1861 2595 1905 ut
2652 1868 2788 1908 unus
2848 1864 2932 1908 est
2985 1852 3128 1908 Deus
3180 1854 3361 1916 Pater,
3407 1870 3469 1908 ex
3528 1870 3634 1920 quo

2057 1941 2270 2009 omnia;
2303 1944 2373 1997 ita
2415 1959 2554 1997 unus
2583 1959 2797 2013 quoque
2832 1954 2918 2000 est
2957 1945 3219 2000 Dominus
3269 1945 3427 2000 Jesns
3482 1946 3636 1999 Chri-

2058 2042 2192 2095 stus,
2224 2048 2318 2102 per
2365 2049 2522 2103 quem
2576 2036 2755 2089 omnia
2807 2036 2845 2090 ¹.
2882 2036 3014 2090 Nam
3074 2035 3306 2090 Verbum
3355 2037 3505 2098 illud,
3542 2053 3635 2105 per

378 2129 528 2197 quod
571 2129 748 2181 omnia
796 2132 1120 2190 consistunt,
1153 2124 1450 2179 secundum
1493 2133 1740 2177 naturam
1782 2125 1945 2178 Deum
1987 2125 2393 2188 csseuovimus,
2431 2127 2642 2181 etiamsi
2684 2142 2832 2193 caro,
2905 2128 3006 2182 hoc
3061 2138 3144 2182 est
3215 2123 3632 2194 homolactum

381 2231 490 2276 est.

611 2312 749 2365 Ἀλλ’
780 2311 895 2366 οὔτι
925 2329 1026 2364 που
1055 2310 1258 2381 σφόδρα
1285 2312 1403 2373 ταῖς
1431 2310 1487 2361 ὲν
1512 2311 1642 2379 ἡμῖν
1671 2309 1798 2378 περὶ
1835 2306 1954 2361 τού-

381 2425 480 2462 του
529 2405 710 2472 δόξαις
755 2407 824 2459 τά
869 2405 1095 2457 ἐκείνων
1149 2403 1650 2474 συμφέρεται.Ἔνα
1700 2401 1799 2472 μὲν
1852 2401 1960 2471 γὰρ

381 2497 835 2570 ὁμολογουμένως
903 2496 1298 2566 παραδέχονται
1364 2495 1458 2548 καὶ
1518 2494 1673 2546 αὐτοὶ
1754 2491 1960 2563 Ἰησοῦν

383 2591 644 2663 Χριστὸν,
676 2587 1055 2659 παρωθοῦνται
1088 2588 1144 2640 δὲ
1173 2587 1313 2648 λίαν,
1346 2586 1419 2648 ὡς
1447 2585 1702 2648 δυσσεὸὲς
1728 2585 1808 2637 ὅτι
1855 2584 1960 2654 μά-

383 2685 566 2746 λιστα,
594 2680 944 2750 καταδιιστᾷν
985 2681 1064 2741 είς
1107 2677 1201 2731 δύο
1246 2677 1337 2730 τὸν
1371 2677 1736 2748 Ἐμμανουήλ.
1770 2678 1962 2747 Ψυχῆς

383 2774 435 2828 δ’
461 2768 555 2827 οῦν
582 2773 731 2842 ὅμως
758 2769 859 2839 τῆς
888 2768 1236 2840 ἀνθρωπίνης
1281 2768 1375 2820 καλ⁵
1403 2768 1626 2839 λογικῆς
1653 2768 1754 2838 τὴν
1785 2767 1963 2838 σάρκα

387 2862 728 2933 χωρίσαντες
772 2859 865 2912 καὶ
908 2857 1309 2928 γυμνώσαντες,
1348 2856 1586 2927 ἡνῶσθαι
1627 2874 1790 2925 φασιν
1823 2859 1961 2930 αὐτῇ

387 2957 482 3010 τὸν
511 2957 575 3007 ὲκ
604 2952 739 3007 Θεοῦ
769 2953 966 3020 Λόγον·
995 2950 1283 3021 ἐξεύρηται
1308 2949 1365 3002 δέ
1396 2966 1479 3012 τις
1515 2949 1696 3012 αὐτοῖς
1744 2951 1836 3002 καὶ
1877 2968 1966 3004 πι-

389 3043 572 3108 θανὸς,
619 3043 692 3105 ὡς
737 3039 962 3104 οἴονται,
1002 3039 1135 3109 πρὸς
1169 3038 1325 3090 τοῦτο
1365 3037 1541 3104 λόγος.
1578 3037 1658 3091 Τὰ
1703 3038 1811 3110 γάρ
1858 3056 1962 3105 τοι,

2343 2307 2846 2373 Οιειετιιιη,εοιιυιιι
2899 2309 3041 2364 dicta
3089 2325 3210 2364 cmn
3281 2314 3480 2365 nostris
3531 2329 3633 2366 non

2066 2399 2199 2454 satis
2231 2407 2552 2469 congruunt.
2598 2398 2728 2459 Nam
2777 2410 2832 2454 et
2870 2400 2970 2471 ipsi
2995 2417 3209 2472 quoque
3246 2419 3410 2457 unum
3462 2404 3634 2457 solum

2067 2492 2334 2547 Christum
2401 2504 2588 2562 aperte
2652 2496 3010 2560 constituunt,
3070 2504 3123 2549 et
3182 2510 3344 2548 unum
3422 2495 3636 2549 Emma-

2067 2584 2279 2639 nuelcm
2326 2585 2379 2638 in
2433 2586 2568 2640 duos
2621 2584 2900 2650 divellere,
2953 2596 3205 2654 tanquam
3253 2601 3363 2642 rem
3426 2601 3635 2641 summa

2067 2689 2188 2730 cum
2230 2676 2509 2750 impietate
2550 2675 2915 2745 coniunctam,
2957 2690 3304 2746 summopere
3347 2673 3639 2732 exsecran-

2071 2776 2159 2820 tur
2193 2785 2206 2821 :
2237 2768 2331 2822 sed
2363 2766 2601 2822 Verbum
2655 2768 2870 2822 interim
2901 2769 3075 2832 carni,
3109 2784 3228 2838 quae
3256 2769 3511 2835 humana,
3536 2771 3638 2824 hoc

2069 2871 2170 2924 est,
2198 2862 2407 2915 ratione
2438 2860 2661 2930 praedita
2713 2861 2892 2914 anima
2943 2871 3104 2914 exuta
3156 2861 3518 2928 destitulaque
3546 2862 3636 2924 sit,

2071 2952 2276 3005 unitum
2307 2951 2631 3020 praadicant;
2661 2960 2714 3007 et
2744 2967 2842 3006 cur
2883 2954 3022 3006 istud
3067 2952 3360 3021 pra-dicare
3383 2951 3634 3016 debeant,

2071 3040 2332 3095 rationem
2366 3042 2653 3095 admodum
2679 3041 3018 3110 plausibilem
3049 3042 3380 3111 comperisse
3397 3057 3456 3096 se
3483 3053 3640 3096 autu.

389 3137 559 3206 φασὶ,
605 3135 745 3189 κατὰ
798 3133 1047 3186 σύνθεσιν
1099 3132 1234 3202 πρὸς
1283 3131 1400 3194 ἐνὸς
1447 3130 1652 3184 τελείου
1707 3133 1962 3185 σύστασιν

2073 3141 2240 3185 mant.
2271 3131 2438 3186 Aiunt
2465 3131 2770 3201 enim,qtt:e
2802 3133 2870 3186 ad
2917 3133 3076 3187 unius
3117 3131 3342 3201 perfecti
3381 3135 3643 3186 constitu-

392 3225 908 3297 συνδεδραμηκότα,
947 3223 1088 3295 μέρη
1116 3240 1174 3274 τε
1264 3223 1359 3276 καὶ
1384 3221 1444 3286 ἐξ
1486 3224 1691 3276 ἀτελῶν
1736 3223 1965 3294 δρᾶσθαι

391 3319 564 3389 φιλεῖ·
593 3316 687 3370 τοῦ
724 3317 946 3378 τελείως
994 3315 1208 3385 ἔχοντος
1255 3314 1376 3368 καθ’
1407 3314 1602 3377 ἑαυτὸ,
1638 3316 1732 3368 καὶ
1782 3314 1857 3378 ὡς
1908 3315 1966 3368 ἐν

397 3410 506 3480 ἰδίᾳ
540 3409 720 3478 φύσει,
757 3410 857 3477 τῆς
896 3408 960 3458 ὲκ
990 3404 1169 3475 μερῶν
1198 3405 1498 3470 συνθέσεως
1533 3403 1593 3458 οὐ
1621 3404 1961 3475 δεδεημένου.

395 3501 710 3570 Τοιγάρτοι,
752 3498 904 3566 φασὶ,
970 3494 1327 3566 παραιτητέον
1392 3494 1634 3559 εἰκότως,
1682 3493 1965 3563 ἄνθρωπον

393 3589 580 3644 δοῦναι
613 3588 838 3652 τέλειον,
869 3586 960 3639 τὸν
990 3585 1353 3639 συνενωθέντα
1384 3584 1464 3654 τῷ
1497 3585 1654 3655 Λόγῳ
1698 3584 1846 3650 ναὸν,
1879 3585 1968 3638 ἵνα

391 3683 493 3736 καὶ
526 3683 558 3750 ἡ
593 3681 787 3744 ἒνωσις
833 3720 848 3742 ,
883 3680 1026 3750 ἥπερ
1058 3677 1123 3731 ἂν
1169 3678 1262 3729 ἐπὶ
1295 3676 1517 3746 Χριστῷ
1563 3679 1736 3728 νοοῖτο
1781 3675 1967 3745 τυχὺν,

395 3771 604 3843 ἀκριϐῆ
633 3789 692 3823 τε
742 3770 838 3823 καὶ
871 3769 1189 3840 ἀδιάϐλητον
1238 3768 1330 3820 τὸν
1385 3767 1471 3818 ἐπ’
1498 3767 1665 3837 αὐτῆς
1695 3766 1969 3830 ἁποσὼζοι

391 3863 574 3930 λόγον.
617 3862 725 3916 Καὶ
781 3862 885 3931 μὴν
931 3862 1149 3916 κάκεῖνο
1200 3857 1485 3930 προσθεῖεν
1531 3857 1617 3920 ἂν,
1647 3857 1834 3928 ὥσπερ
1877 3852 1969 3910 οὖν

390 3955 634 4027 ⁴ιιγοῦμαι
692 3996 707 4020 ,
731 3953 911 4006 πάλιν.
941 3952 1002 4004 Et
1028 3951 1134 4021 γὰρ
1165 3948 1224 4014 ἐξ
1253 3949 1542 4020 ἀνθρώπου
1564 3947 1790 4017 τελείου,
1810 3949 1966 4017 φασὶ,

392 4044 492 4097 καὶ
521 4042 613 4096 τοῦ
649 4042 714 4097 ὲκ
743 4040 836 4095 τοῦ
867 4041 1079 4112 Πατρὸς
1116 4040 1266 4104 ὄντος
1291 4040 1468 4108 Λόγου
1498 4040 1743 4110 φήσομεν
1825 4034 1964 4091 εἶναι

390 4137 487 4191 τὸν
521 4133 888 4206 Ἐμμανουήλ,
921 4133 981 4186 οὐ
1046 4133 1218 4203 βραχὺ
1274 4132 1334 4185 τὸ
1390 4129 1584 4200 δεῖμα,
1646 4129 1844 4200 μᾶλλον
1907 4130 1963 4182 δὲ

389 4225 726 4294 ἀδιάφυκτον
792 4225 891 4295 ήδη
930 4240 1047 4286 πως
1111 4223 1463 4290 ἀναφανεῖται
1523 4220 1728 4282 λοιπὸν,
1762 4218 1821 4270 τὸ
1868 4218 1961 4270 καὶ

390 4314 710 4385 ἀδουλήτως
755 4314 866 4366 δεῖν
911 4312 1004 4366 δύο
1051 4312 1146 4382 μὲν
1177 4312 1345 4377 υἱοὺς,
1391 4311 1662 4380 Χριστοὺς
1703 4303 1835 4362 δἀὗ
1871 4309 1963 4361 δύο

392 4408 613 4476 φρονεῖν
655 4422 716 4457 τε
763 4406 858 4458 καὶ
907 4404 1106 4473 λέγειν.
1136 4398 1269 4456 Εἶτα
1301 4403 1354 4456 τί
1379 4401 1590 4464 τούτοις
1632 4400 1962 4471 ὰντεροῦμεν

2074 3222 2274 3276 tionem
2318 3235 2416 3299 per
2463 3221 2909 3290 compositionem
2965 3231 3322 3283 concurrunt,
3352 3236 3414 3274 ea
3463 3231 3642 3290 partes

2071 3327 2192 3368 esse
2208 3324 2260 3369 et
2283 3315 2720 3384 imperfectorum
2747 3320 3010 3372 rationem
3043 3316 3288 3371 obtinere
3312 3333 3325 3379 ;
3354 3332 3476 3370 nam
3501 3317 3641 3384 quod

2071 3405 2369 3472 perfectum
2401 3416 2484 3460 est
2510 3422 2603 3477 per
2642 3423 2720 3473 se,
2751 3417 2912 3478 atque
2939 3417 2997 3460 ut
3047 3408 3102 3461 in
3159 3407 3372 3476 propria
3427 3418 3640 3469 natura,

2073 3511 2177 3548 non
2221 3509 2355 3564 opus
2413 3497 2594 3560 habet,
2632 3506 2692 3550 ut
2745 3497 2813 3551 ad
2862 3496 3140 3566 partialem
3197 3495 3640 3563 compositionem

2068 3586 2250 3639 veniat
2280 3604 2292 3638 :
2327 3594 2489 3654 atque
2515 3587 2636 3641 ideo
2661 3587 2960 3640 cavendum
2988 3599 3110 3640 esse
3161 3586 3351 3639 sedqu
3403 3601 3469 3640 ne
3509 3597 3644 3639 tem-

2065 3677 2236 3747 plum,
2266 3679 2410 3745 quod
2443 3676 2620 3732 Verbo
2648 3678 2860 3732 unitum
2897 3686 3001 3741 est,
3036 3677 3336 3747 perfectum
3368 3678 3638 3730 hominem

2067 3769 2342 3824 exsdtisse
2388 3771 3039 3835 concedentes,exaetam
3093 3770 3238 3824 illam
3288 3769 3447 3824 unius
3475 3773 3644 3823 ratio-

2068 3874 2210 3923 nem,
2239 3875 2360 3927 qua:
2399 3860 2451 3914 in
2474 3859 2691 3916 Christo
2738 3861 3002 3914 accidisse
3048 3860 3405 3928 dignoscitur,
3436 3862 3642 3914 meritse

2067 3950 2346 4002 calumniae
2393 3965 2749 4020 exponamus.
2784 3951 2920 4017 Quin
2977 3959 3032 4004 et
3082 3951 3210 4005 illud
3263 3966 3477 4020 quoque
3540 3951 3643 4005 huc

2073 4040 2379 4109 adjecturos
2410 4042 2687 4110 suspicor;
2728 4054 2940 4110 nempe,
2966 4041 3010 4096 si
3038 4055 3104 4094 ex
3135 4042 3349 4095 homine
3383 4041 3641 4108 perfecto,

2072 4141 2125 4184 et
2150 4129 2241 4184 Dei
2273 4131 2452 4186 Patris
2487 4131 2659 4186 Verbo
2717 4132 3126 4187 Emmanuelem
3178 4132 3449 4186 coaluisse
3495 4132 3645 4185 dica-

2065 4236 2206 4285 mus,
2241 4222 2294 4276 in
2327 4222 2456 4277 illud
2487 4237 2584 4278 nos
2630 4233 2683 4278 et
2727 4239 3003 4294 magnum,
3036 4233 3084 4279 et
3121 4224 3280 4294 plane
3332 4225 3646 4280 inevitabile

2061 4311 2358 4378 periculum
2385 4321 2644 4386 venturos
2675 4327 2814 4376 esse,
2837 4323 2894 4366 ut
2925 4313 3006 4368 vel
3041 4314 3192 4368 inviti
3216 4314 3349 4368 duos
3373 4314 3642 4381 Christos,

2061 4411 2115 4456 et
2147 4403 2284 4458 duos
2336 4403 2518 4460 itidem
2563 4403 2700 4460 ﬁlios
2756 4415 2942 4461 tenere
2986 4416 3040 4460 et
3087 4406 3331 4476 proﬁteri
3365 4423 3643 4476 cogamur.

389 4473 587 4567 ἡμεῖς
635 4495 860 4564 Πρῶτον
891 4497 1008 4566 μὲν,
1038 4495 1118 4549 δτι
1143 4493 1244 4564 τῆς
1277 4495 1510 4557 πίστεως
1538 4493 1637 4564 τὴν
1660 4490 1830 4554 οὕτως
1861 4494 1962 4562 ἀρ-

2065 4493 2226 4560 Cedo,
2260 4496 2385 4564 quid
2447 4512 2545 4552 nos
2603 4499 2668 4551 ad
2729 4499 2840 4553 haec
2884 4473 3647 4567 respondebimus?Apprime

395 4587 722 4661 χαιοτάτην,
745 4587 840 4642 καὶ
877 4583 936 4650 ἐξ
963 4585 1142 4639 αὐτῶν
1174 4585 1286 4639 τῶν
1325 4585 1494 4652 ἁγίων
1540 4584 1853 4638 ἀποστόλων
1894 4586 1973 4639 δι-

395 4682 641 4752 ήκουσαν
669 4680 749 4743 είς
778 4678 924 4747 ἡμᾶς
957 4676 1272 4748 παράδοσιν,
1306 4677 1366 4728 οὐ
1408 4678 1530 4739 ταῖς
1561 4676 1930 4748 ὑπερμέτροις

395 4769 708 4842 ἀκριδείαις
729 4767 1015 4822 καταλύειν
1082 4767 1253 4834 ἀξιον,
1281 4763 1404 4820 οὕτε
1430 4767 1536 4838 μὴν
1558 4771 1677 4832 ταῖς
1707 4770 1785 4831 εἰς
1808 4769 1975 4840 ἄκρον

396 4860 652 4932 ἑρεύναις
697 4859 990 4937 ὑποφέρειν
1033 4857 1103 4910 τὰ
1170 4857 1311 4926 ὑπὲρ
1358 4857 1500 4922 νοῦν,
1531 4857 1644 4912 ἀλλ’
1669 4857 1789 4910 οὐδὲ
1821 4859 1978 4928 ἥκειν

395 4949 482 5016 εἰς
528 4953 694 5022 μέσον
741 4949 936 5022 οἷάπερ
960 4951 1113 5014 τινὰς
1154 4949 1407 5020 ὁριστὰς,
1454 4949 1547 5001 καὶ
1595 4947 1981 5020 ῥιψοκινδύνως

396 5046 694 5114 λέγοντας,
740 5045 815 5108 ὡς
868 5044 928 5096 τὸ
971 5044 1118 5097 δεῖνα
1166 5041 1266 5120 μὲν
1313 5040 1510 5112 ὀρθῶς,
1541 5039 1602 5092 τὸ
1637 5041 1782 5094 δεῖνα
1830 5039 1874 5093 δ’
1911 5035 1978 5093 αὖ

397 5138 608 5208 ἑτέρως
638 5137 802 5207 ἔχειν.
821 5135 1018 5207 Ἐχρῆν
1052 5135 1250 5206 δήπου,
1273 5133 1369 5185 καὶ
1395 5128 1462 5202 ἦν
1489 5132 1710 5202 ἄμεινον
1743 5129 1978 5202 ἀληθῶς,

400 5229 701 5298 ἀπονέμειν
738 5228 940 5298 μᾶλλον
993 5227 1071 5298 τῷ
1101 5227 1361 5295 πανσόφῳ
1389 5225 1509 5295 Θεῴ
1546 5224 1654 5277 τῶν
1691 5223 1834 5276 ἰδίων
1865 5222 1982 5277 δια-

401 5323 651 5391 σκέψεων
698 5322 798 5392 τὴν
847 5322 986 5388 ὁδὸν,
1023 5321 1117 5375 καὶ
1149 5319 1224 5392 μὴ
1250 5324 1362 5383 τοῖς
1399 5314 1457 5373 εὖ
1495 5317 1638 5389 ἔχειν
1671 5319 1802 5390 παρ’
1832 5317 1980 5388 αὑτῴ

399 5412 905 5484 δεδοκιμασμένοις,
975 5413 1205 5477 ἀνοσίως
1266 5413 1551 5482 ἐπιτιμᾷν.
1609 5411 1980 5480 ’Λκουσόμεθα

2071 4583 2348 4652 indignum
2381 4593 2503 4635 esse
2562 4593 2662 4633 nos
2687 4577 3120 4648 antiquissimam
3153 4579 3277 4634 ﬁdei
3305 4580 3648 4634 traditionem

2070 4673 2184 4747 (ut'
2217 4689 2338 4744 qua:
2376 4672 2443 4728 ab
2473 4673 2604 4742 ipsis
2655 4671 2861 4727 sanctis
2892 4671 3147 4740 apostolis
3184 4672 3422 4741 profecta
3449 4673 3515 4726 ad
3551 4686 3647 4725 nos

2070 4781 2239 4837 usque
2258 4767 2538 4836 pervenit)
2565 4772 2782 4835 propter
2807 4763 3052 4818 curiosas
3090 4761 3348 4831 quasdam
3374 4776 3436 4814 ac
3459 4777 3648 4830 super-

2071 4871 2338 4912 vacaneas
2383 4856 2625 4912 rationes
2670 4870 2733 4908 ac
2783 4854 3202 4924 disceptationes
3254 4853 3527 4918 deserere,
3567 4856 3646 4908 vel

2072 4948 2253 5003 nimiis
2280 4947 2720 5018 inquisitionibus
2753 4948 3000 4999 humana:
3026 4944 3221 4998 mentis
3249 4943 3462 5014 Captum
3489 4960 3649 5000 exce-

2069 5039 2250 5094 dentia
2277 5038 2582 5106 subjicere;
2747 5034 2830 5089 vel
2860 5034 2912 5088 in
2942 5034 3174 5088 medium
3222 5035 3445 5089 exsilire
3482 5035 3643 5088 veluti

2065 5131 2296 5201 iudices,
2329 5139 2387 5182 ut
2419 5139 2603 5182 nostro
2642 5142 2827 5192 sensu,
2861 5134 3168 5194 contempto
3199 5127 3457 5196 periculo,
3491 5129 3646 5193 quid-

2070 5224 2152 5276 vis
2189 5220 2492 5284 metientes,
2521 5219 2764 5273 dieamus
2795 5236 2808 5272 :
2839 5213 2951 5272 lloe
2994 5227 3138 5271 recte
3191 5233 3247 5270 se
3303 5219 3482 5281 habet,
3517 5217 3645 5271 illud

2073 5326 2199 5363 vero
2221 5322 2405 5363 secus.
2426 5306 2636 5374 Quanto
2680 5307 2872 5372 satius,
2909 5317 3218 5375 quantoque
3269 5305 3451 5360 utilius
3484 5306 3642 5369 foret,

2070 5400 2466 5470 sapientissimo
2488 5398 2595 5453 Deo
2627 5398 2975 5452 consiliorum
3023 5412 3241 5452 suorum
3293 5396 3529 5450 rationes
3557 5399 3638 5451 in-

401 5504 514 5575 γάρ
542 5504 792 5573 λέγοντος
823 5504 1068 5574 ἐναργῶς
1088 5521 1100 5532 ·
1135 5522 1154 5556 ι
1182 5504 1256 5556 Οὐ
1283 5503 1392 5574 γάρ
1417 5505 1554 5556 εἰσιν
1587 5505 1642 5557 αἱ
1667 5502 1851 5572 βουλαί
1881 5519 1962 5572 μοι

2073 5504 2218 5562 legre
2247 5491 2579 5562 permittere,
2615 5500 2669 5545 et
2694 5504 2755 5544 ea
2791 5505 2909 5559 qua:
2950 5489 3051 5560 ipsi
3083 5489 3462 5560 probatissima
3498 5503 3642 5552 sunt,

403 5596 596 5664 ὥσπερ
628 5595 685 5648 αἱ
717 5594 904 5665 βουλαῖς⁵
930 5595 1104 5666 ὑμῶν,
1136 5595 1256 5650 οὐδὲ
1297 5594 1487 5664 ὥσπερ
1519 5595 1573 5649 αἱ
1605 5596 1712 5649 ὁδοὶ
1743 5595 1895 5664 ὑμῶν
1928 5611 1959 5646 α

2071 5587 2232 5654 impie
2255 5602 2357 5640 non
2384 5587 2794 5655 reprehendere,
2833 5586 3124 5654 praesertim
3148 5599 3268 5640 eum
3298 5584 3440 5637 illmn
3461 5596 3644 5654 aperte

480 5716 499 5751 ⁸
526 5718 548 5774 ι
574 5716 700 5772 Cor.
733 5731 847 5784 vm,
868 5718 921 5775 6.
