4042 6208
479 286 586 351 915

1685 287 2067 348 ΕυΤιιΥλιιι
2107 288 2276 350 ZlGA
2293 287 2463 347 ΒΕΝΙ

3626 298 3745 360 916

480 436 847 499 dicentem,et
896 432 1053 502 quasi
1086 431 1515 499 expostulantcm
1552 428 1869 480 audiamus:
1896 446 1913 478 ι
1940 425 2053 482 Non

2153 426 2258 479 ὁδοί
2294 444 2393 495 μου
2414 440 2427 453 ⁸
2482 424 2598 478 ἁλλ’
2624 426 2701 490 ὡς
2731 427 2922 496 ἀπέχει
2966 427 2994 478 ό
3027 428 3254 499 οὐρανὸς
3302 429 3410 482 ἀπὸ
3450 431 3544 501 τῆς
3578 431 3695 500 γῆς
3725 472 3742 493 ,

481 537 606 581 sunt
640 525 860 580 consilia
895 512 1011 578 mea
1042 522 1175 576 sicut
1197 520 1417 575 consilia
1452 528 1652 583 vestra,
1680 534 1777 573 nec
1804 519 1900 573 via:
1925 534 2055 573 meae

482 629 541 672 ut
566 618 666 672 vim
701 627 894 671 vestra:
919 632 931 666 :
960 614 1053 667 sed
1108 612 1251 666 sicut
1290 612 1454 665 distat
1503 610 1700 665 malum
1733 628 1761 664 a
1789 620 1954 674 terra,
1982 616 2052 664 ita

481 714 581 765 viae
606 726 785 764 mezea
816 710 916 762 viis
955 708 1172 770 vestris,
1196 716 1252 759 ct
1294 704 1649 774 cogitationes
1681 720 1811 759 mea:
1843 722 1870 757 a
1902 707 2051 775 cogi~

483 802 773 855 nationibus
805 801 995 854 vestris
1046 801 1081 851 ³.
1115 817 1133 848 ι

774 891 952 956 Quare
991 890 1118 945 licet
1153 891 1434 957 templum,
1468 887 1609 956 quod
1638 885 1816 942 Verbo
1844 888 2050 941 unitum

482 995 585 1051 est,
624 984 799 1037 anima
831 984 1068 1036 humana
1098 983 1394 1050 perlectum
1425 991 1478 1034 et
1524 980 1874 1034 informatum
1903 988 2054 1032 certo

480 1078 787 1149 credamus,
828 1090 933 1127 non
987 1076 1121 1128 duos
1175 1084 1352 1127 tamen
1410 1072 1551 1126 ﬁlios
1612 1073 1920 1133 adoramus,
1956 1083 2054 1122 nec

478 1173 613 1224 duos
645 1168 894 1222 Cbristos
923 1167 1287 1237 agnoscimus.
1316 1163 1385 1221 Ut
1419 1164 1561 1218 enim
1596 1162 1807 1215 tametsi
1839 1160 2055 1213 Emma-

426 1306 429 1309 .
481 1262 692 1315 nuelem
751 1273 813 1325 ex
872 1258 984 1311 sola
1041 1271 1205 1311 carne
1239 1265 1293 1308 ct
1332 1255 1421 1307 Dei
1471 1253 1644 1306 Patris
1681 1247 2052 1315 Verbo,juxta

482 1352 796 1421 opinionem
861 1365 1020 1416 quam
1078 1347 1153 1401 illi
1212 1340 2052 1414 complectuntur,compositum

482 1449 748 1501 statuant,
810 1436 954 1490 nulla
987 1436 1159 1489 adhuc
1194 1443 1373 1487 tamen
1426 1434 1633 1486 ratione
1666 1431 1768 1484 huc
1806 1430 1881 1483 illi
1913 1427 2055 1497 adigi

481 1542 542 1583 se
580 1534 914 1597 paterentur,
960 1534 1017 1577 ut
1039 1538 1201 1577 carne
1238 1536 1505 1581 seorsum.
1530 1529 1587 1574 et
1618 1519 1905 1588 Unigenito
1931 1531 2053 1569 rur-

480 1634 600 1671 sum
632 1632 874 1670 seorsum
930 1614 1126 1684 posito,
1172 1614 1305 1667 duos
1344 1611 1588 1664 Cbristos
1636 1608 2050 1677 proﬁterentur;

2152 516 2325 580 οὕτως
2350 518 2543 587 ἀπέχει
2576 520 2609 588 ἡ
2638 519 2755 582 ὁδός
2789 536 2892 588 μου
2920 520 3028 574 ἁπδ
3055 522 3163 574 τῶν
3181 522 3315 574 ὁδῶν
3345 523 3517 592 ὑμῶν,
3537 524 3643 577 καὶ
3670 525 3743 576 τὰ

2154 607 2489 677 διανοήματα
2524 608 2677 678 ὑμῶν
2709 608 2815 661 ἀπὸ
2850 609 2947 679 τῆς
2975 611 3211 673 διανοίας
3249 630 3370 682 μου.
3404 632 3423 664 ι

2380 878 2538 940 Υίούς
2598 879 2653 930 δὲ
2680 878 2796 931 οὔτι
2833 896 2935 931 που
2972 878 3063 931 δύο
3102 883 3571 949 προσκυνήσομεν,
3606 882 3743 934 ἀλλ’

2153 971 2273 1023 οὐδὲ
2304 972 2571 1041 Χριστούς
2603 972 2832 1040 ἐροῦμεν
2852 969 2963 1029 δύο,
2987 970 3090 1022 κᾶν
3116 970 3426 1039 ἐψυχῶσθαι
3460 972 3738 1024 πιστεύω-

2156 1079 2255 1130 μεν
2277 1062 2420 1131 ψυχῇ
2445 1063 2634 1132 λογικῇ
2663 1061 2752 1114 τὸν
2779 1061 3047 1115 ὲνωθέντα
3069 1062 3146 1131 τῷ
3178 1063 3336 1131 Λόγῳ
3364 1064 3739 1133 ναόν.Ὧσπερ

2152 1155 2288 1223 γὰρ,
2316 1154 2457 1206 κατὰ
2481 1171 2543 1221 γε
2575 1154 2634 1205 τὸ
2681 1154 2910 1215 ἐκείνοις
2937 1149 2995 1206 εὖ
3028 1154 3170 1223 ἔχειν
3200 1153 3410 1215 δοκοῦν,
3448 1155 3551 1207 κᾶν
3589 1157 3641 1206 εἱ
3675 1158 3740 1208 ὲιι

2157 1246 2323 1315 μόνης
2348 1243 2558 1312 λέγοιτο
2675 1244 2776 1311 τῆς
2806 1243 3027 1313 σαρκὸς,
3055 1243 3252 1296 καὶτοῦ
3270 1245 3335 1295 ὲκ
3356 1244 3489 1296 Θεοῦ
3520 1245 3740 1315 Πατρὺς

2154 1335 2459 1404 πεφηνότος
2508 1334 2705 1400 Λόγου,
2736 1333 2910 1396 οὐδεὶς
2950 1335 3145 1396 αὐτοὺς
3183 1334 3463 1387 ἀναπείσει
3504 1337 3737 1405 τρόπος,

2153 1424 2259 1479 ἁνὰ
2291 1424 2453 1495 μέρος
2480 1424 2577 1495 τὴν
2613 1424 2790 1494 σάρκα
2822 1424 3088 1489 τιθέντας,
3124 1425 3216 1476 καὶ
3241 1426 3342 1477 ἀνὰ
3378 1426 3544 1495 μέρος
3568 1426 3741 1479 αὐτὸν

2154 1514 2456 1584 Μονογενῆ,
2484 1514 2652 1568 δυάδα
2702 1514 2758 1566 δὲ
2797 1514 3045 1584 Χριστῶν
3083 1514 3365 1582 ὁμολογεῖν
3388 1531 3399 1542 ·
3432 1513 3579 1565 οὕτω
3636 1516 3740 1566 κᾶν

2154 1608 2219 1675 τῇ
2242 1604 2362 1658 καθ’
2390 1607 2539 1673 ἡμᾶς
2576 1605 2956 1674 ἁνθρωπό;ητι
2983 1603 3201 1666 τελείως
3230 1604 3353 1673 ὲχοῦ
3366 1620 3450 1675 σῃ,
3495 1605 3646 1657 κατὰ
3672 1621 3736 1672 γε

482 1711 559 1763 ita
589 1724 685 1763 nos
737 1722 966 1775 quoque,
1000 1704 1247 1774 quamvis
1300 1702 1395 1755 Dei
1438 1700 1693 1765 Verbum,
1731 1700 2052 1753 humanitati

2153 1696 2244 1749 τὸν
2271 1697 2370 1768 τῆς
2404 1696 2538 1760 ἰδίας
2585 1696 2798 1765 φύσεως
2849 1695 3026 1763 λόγον,
3058 1696 3219 1748 οἱονεὶ
3254 1696 3647 1765 συνενηνέχθαι
3678 1713 3737 1748 τε

408 1832 415 1833 ί
482 1812 684 1856 nostra:
718 1799 1009 1854 secundum
1038 1796 1266 1866 propria:
1299 1805 1501 1848 natura:
1536 1794 1800 1847 rationem
1833 1791 2053 1846 omnino

482 1892 722 1963 perfecte
775 1892 1007 1952 unitum,
1052 1887 1415 1956 ineﬂ‘abilique
1482 1900 1546 1939 ac
1606 1884 2056 1952 incomprehenso

482 1984 645 2053 plane
676 1983 833 2039 modo
875 1982 1140 2034 sociatum
1179 1979 1531 2041 aiiirmamus,
1583 1992 1686 2030 non
1719 1978 1852 2032 duos
1876 1988 2051 2028 tamen

482 2074 625 2129 ﬁlios
678 2082 855 2127 mente
904 2070 1261 2139 concipimus,
1296 2070 1391 2123 sed
1458 2084 1620 2121 unum
1678 2069 2052 2136 eunnlemquc,

484 2165 575 2234 qui
609 2163 824 2232 quidem
875 2169 1067 2213 natura
1112 2160 1251 2213 Deus
1301 2157 1593 2222 exsistens,
1624 2166 1807 2225 utpote
1845 2171 1909 2211 ex
1962 2155 2051 2208 Dei

485 2264 542 2310 et
573 2253 751 2308 Patris
785 2252 1088 2305 substantia
1128 2258 1298 2312 ortus,
1331 2257 1385 2300 et
1436 2248 1490 2300 in
1554 2247 1817 2299 extremis
1873 2245 2053 2299 smculi

488 2345 819 2415 temporibus
879 2343 1039 2396 homo
1088 2339 1265 2394 factus
1325 2343 1370 2398 ’,
1411 2348 1469 2393 et
1512 2353 1577 2391 ex
1633 2352 1787 2391 sacra
1838 2338 2054 2406 deipara

484 2438 709 2507 Virgine
738 2442 916 2496 natus,
944 2448 1066 2486 cum
1098 2448 1127 2483 a
1160 2428 1338 2494 nobis,
1381 2437 1493 2482 tum
1540 2429 1608 2481 ab
1665 2428 1797 2497 ipsis
1841 2440 2056 2496 quoque

482 2528 690 2581 sanctis
728 2523 954 2593 angelis,
989 2519 1284 2575 secundum
1341 2518 1647 2589 Scripturas
1704 2523 1751 2583 ³,
1783 2519 1977 2572 colitur
2002 2527 2056 2572 et

486 2618 763 2671 adorator.

728 2707 880 2774 Quod
932 2707 976 2762 si
1018 2705 1253 2760 dixerint
1281 2720 1450 2776 genus
1486 2713 1731 2761 nostrum
1766 2703 1882 2759 solo
1922 2703 2052 2759 Uni-

484 2802 652 2871 geniti
707 2803 940 2855 adventu
996 2799 1293 2869 indiguisse
1356 2810 1519 2869 atque
1558 2799 1679 2853 ideo
1710 2799 1881 2865 illum,
1912 2797 2053 2867 quod

482 2897 552 2949 ab
590 2896 656 2948 iis
686 2896 777 2963 qui
807 2895 860 2947 in
906 2895 1066 2949 terris
1103 2894 1323 2964 degunt,
1363 2894 1535 2957 cerni,
1588 2892 1869 2961 amiceque
1932 2906 2053 2945 cum

480 2987 791 3042 hominibus
818 2986 1148 3050 conversari,
1186 2996 1241 3038 et
1267 2987 1388 3041 vita:
1420 2986 1746 3056 evangeliea:
1792 2984 1930 3037 viain
1961 2998 2055 3037 no-

480 3079 567 3133 bis
598 3084 1014 3147 prazmonstrare
1066 3077 1245 3151 vellet,
1268 3051 1664 3144 dispensatoria
1694 3077 1927 3144 quadam
1962 3090 2054 3128 ra-
2088 3051 2129 3107 (ἶ

481 3172 633 3226 tione
655 3168 824 3223 solam
864 3182 1090 3221 carnem
1133 3168 1288 3222 nobis
1321 3167 1555 3221 similem
1610 3167 1848 3221 induisse
1879 3165 2054 3235 (Deus

482 3276 718 3329 namque
753 3262 1047 3314 secundum
1074 3274 1224 3313 suam
1246 3268 1489 3312 naturam
1509 3259 1610 3312 sub
1646 3264 1922 3326 aspectum
1948 3271 2052 3309 non

482 3352 688 3422 cadit),
729 3352 803 3404 illi
845 3350 1238 3404 incarnationis
1289 3364 1511 3417 scopum
1557 3364 1614 3402 se
1638 3348 1906 3417 ignorare,
1944 3361 2056 3400 ma-

483 3458 758 3514 gnumque
824 3443 956 3497 illud
1011 3443 1230 3512 pietatis
1264 3442 1577 3517 mysterium
1630 3444 1650 3472 ⁸
1692 3456 1915 3510 prorsus
1944 3456 2050 3493 non

483 3534 808 3606 intelligere,
833 3544 1018 3604 aperte
1052 3535 1365 3588 ostendunt.
1394 3533 1525 3586 Nam
1553 3533 1597 3588 si
1634 3530 1957 3601 Unigenitus
1988 3541 2053 3583 ea

483 3628 657 3683 solum
692 3633 756 3682 de
806 3642 967 3682 causa
1016 3627 1349 3694 incarnatus,
1372 3626 1472 3679 hoc
1521 3634 1623 3690 est,
1662 3625 1821 3679 homo
1883 3624 2056 3678 factus

483 3731 712 3788 est,quo
737 3721 804 3773 ab
848 3719 914 3773 iis
932 3718 1022 3787 qui
1060 3718 1113 3771 in
1154 3717 1311 3771 terris
1352 3726 1564 3770 aetatem
1600 3725 1785 3784 agunt,
1814 3716 2055 3783 conspici

484 3821 687 3882 posset,
717 3811 960 3880 nihilque
1008 3810 1153 3864 aliud
1210 3818 1471 3879 przeterea
1503 3809 1771 3863 commodi
1800 3807 1945 3861 illius
1975 3807 2056 3860 iu-

484 3903 731 3957 carnatio
760 3902 1006 3955 humanae
1050 3911 1251 3954 natura:
1298 3901 1476 3953 attulit
1507 3919 1519 3954 :
1549 3915 1645 3953 cur
1686 3898 1898 3952 illorum
1930 3914 2052 3951 sen-

484 3995 668 4049 lentim
712 3994 1057 4049 subscribere
1226 4008 1328 4045 non
1360 3992 1561 4060 pigeat,
1591 3990 1679 4058 qui
1712 3990 2051 4057 pbantastica

485 4097 694 4141 tantum
752 4102 917 4140 carne
966 4099 1020 4141 et
1054 4098 1280 4152 corpore
1312 4083 1541 4137 Verbum
1584 4082 2050 4147 indutum,neque

488 4179 541 4229 in
580 4177 812 4232 hominis
844 4186 1056 4241 natura,
1091 4175 1182 4227 sed
1212 4174 1262 4227 in
1299 4173 1535 4227 hominis
1567 4180 1775 4226 tantum
1809 4171 2063 4226 similitu-

489 4268 615 4321 dine
655 4268 705 4319 in
739 4268 897 4321 terris
930 4265 1250 4334 apparuisse
1284 4263 1631 4318 fabulantur?
1659 4264 1852 4318 Verum
1887 4278 2061 4331 quan-

2154 1788 2250 1840 καὶ
2282 1785 2525 1857 ἡνῶσθαι
2570 1785 2815 1854 λέγωμεν
2846 1785 3177 1855 ἀπορρήτους
3208 1800 3267 1836 τε
3305 1784 3401 1836 καὶ
3431 1784 3568 1854 ὑπὲρ
3610 1784 3737 1836 νοῦν

2153 1879 2245 1931 τὸν
2288 1879 2351 1931 ὲκ
2393 1876 2528 1929 Θεοῦ
2570 1876 2761 1944 Λόγον,
2798 1877 2895 1945 οὐχ
2925 1877 3056 1927 υίῶν
3080 1875 3244 1929 δυάδα
3270 1876 3561 1946 νοήσομεν,
3604 1876 3737 1928 ἁλλ’

2156 1969 2252 2021 ἕνα
2279 1970 2373 2021 καὶ
2406 1968 2496 2020 τὸν
2524 1967 2707 2030 αὐτὸν,
2740 1966 2901 2034 φύσει
2941 1968 3039 2036 μὲν
3071 1969 3198 2022 ὄντα
3229 1967 3383 2031 Θεὸν,
3409 1968 3503 2019 καὶ
3550 1967 3613 2031 ἐξ
3641 1967 3737 2019 αὐ-

2155 2060 2254 2129 τῆς
2285 2060 2560 2129 πεφηνότα
2603 2058 2704 2127 τῆς
2749 2058 2934 2121 οὐσίας
2964 2059 3059 2112 τοῦ
3093 2058 3226 2111 Θεοῦ
3274 2060 3365 2112 καὶ
3400 2059 3647 2130 Πατρός’
3677 2062 3734 2111 ὲν
3828 2080 3833 2082 -

2154 2149 2403 2218 ἐσχάτοις
2432 2149 2488 2201 δὲ
2513 2149 2606 2201 τοῦ
2635 2150 2828 2212 αἰῶνος
2858 2152 3069 2220 καιροῖς
3103 2151 3390 2221 γενόμενον
3416 2150 3729 2220 ἄνθρωπον,

2156 2243 2251 2295 καὶ
2282 2242 2370 2294 διὰ
2410 2242 2507 2311 τῆς
2545 2242 2708 2309 ἁγίας
2737 2244 2832 2295 καὶ
2861 2243 3123 2296 Θεοτόκου
3160 2244 3432 2314 Παρθένου
3466 2261 3733 2314 γεγεννη-

2159 2331 2336 2402 μένον,
2373 2332 2468 2384 καὶ
2499 2332 2636 2402 πρός
2667 2350 2725 2385 τε
2757 2333 2914 2403 ἡμῶν
2945 2334 3123 2388 αὐτῶν
3154 2335 3247 2387 καὶ
3283 2336 3389 2385 τῶν
3421 2335 3596 2404 ἁγίων
3628 2336 3730 2403 ἀγ·

2156 2423 2329 2492 γέλων
2364 2423 2858 2494 προσκυνούμενον,
2893 2426 3035 2479 κατὰ
3060 2425 3157 2488 τὰς
3184 2426 3424 2495 Γραφὰς.

2368 2712 2429 2764 Ei
2459 2711 2516 2764 δὲ
2545 2709 2609 2781 δὴ
2637 2713 2810 2779 φαῖεν,
2842 2710 2925 2763 ὅτι
2957 2711 3124 2780 μόνης
3157 2708 3255 2778 μὲν
3292 2707 3464 2760 ἐδεῖτο
3487 2708 3560 2759 τὰ
3591 2706 3731 2760 καθ’

2155 2806 2302 2876 ἡμᾶς
2346 2805 2443 2873 τῆς
2487 2800 2582 2854 τοῦ
2630 2800 2967 2869 Μονογενοῦς
3013 2799 3340 2869 ἐπιδημίας·
3372 2797 3638 2868 ἐθελήσας
3675 2798 3731 2850 δὲ

2155 2896 2386 2965 ὀφθῆναι
2411 2897 2525 2956 τοῖς
2552 2894 2643 2947 ἐπὶ
2672 2895 2794 2964 γῆς.
2819 2896 2912 2947 καὶ
2934 2891 3241 2962 ἀνθρώποις
3273 2892 3728 2959 συναναστραφῆ-

2155 3005 2262 3051 ναι,
2294 2983 2613 3057 παραδεῖξαι
2654 3002 2715 3037 τε
2755 2987 2890 3055 ἡμῖν
2936 2984 3037 3053 τῆς
3084 2983 3379 3053 ἁγγελικῆς
3453 2982 3724 3043 πολιτείας

2155 3079 2252 3149 τὴν
2285 3077 2421 3141 ὁδὸν,
2453 3076 2807 3146 οἰκονομικῶς
2828 3077 3135 3145 ἠμπίσχετο
3202 3074 3301 3145 τὴν
3329 3073 3520 3142 ὁμοίαν
3596 3076 3727 3143 ἡμῖν

2155 3172 2335 3241 σάρκα
2382 3167 2463 3238 (τὸ
2489 3169 2596 3238 γάρ
2624 3184 2705 3221 τοι
2748 3167 2902 3219 Θεῖον
2933 3166 3072 3219 κατὰ
3100 3165 3261 3233 φύσιν
3295 3164 3429 3217 ἰδίαν
3460 3163 3561 3233 οὐχ
3595 3164 3727 3233 δρα-

2154 3263 2288 3328 τόν)’
2327 3260 2655 3330 ἠγνοηκότες
2694 3257 2989 3312 ἁλώσονται
3011 3260 3109 3327 τῆς
3140 3256 3603 3326 ἐνανθρωπήσεως
3637 3255 3725 3307 τὸν

2161 3353 2381 3417 σκοπὸν,
2398 3350 2491 3403 καὶ
2508 3351 2779 3412 συνιέντες
2798 3348 3047 3417 οὐδαμῶς
3074 3348 3133 3399 τὸ
3158 3348 3298 3416 μέγα
3322 3346 3418 3414 τῆς
3445 3345 3722 3407 εὐσεϐείας

2163 3442 2479 3512 μυστήριον.
2507 3441 2569 3492 Ei
2615 3439 2721 3509 γὰρ
2760 3438 2824 3509 δὴ
2868 3439 3034 3508 μόνην
3062 3438 3177 3509 ἔχει
3210 3439 3305 3509 τὴν
3341 3440 3599 3509 ἀφορμὴν
3630 3439 3721 3492 τοῦ

2156 3534 2383 3605 ὀφθῆναι
2413 3538 2525 3597 τοῖς
2558 3535 2651 3586 ἐπὶ
2683 3535 2785 3605 γῆς
2820 3534 2913 3586 τοῦ
2963 3535 3299 3602 Μονογενοῦς
3348 3539 3379 3606 ἡ
3425 3537 3721 3606 σὰρκωσις,

2156 3626 2320 3696 ἡγουν
2423 3624 2862 3695 ὲνανθρὼπησις,
2916 3624 3213 3695 προσετέθη
3246 3642 3311 3692 γε
3402 3625 3507 3695 μὴν
3539 3627 3722 3695 ἕτερον

2154 3716 2305 3768 οὐδὲν
2341 3718 2407 3786 τῇ
2435 3714 2725 3785 ἀνθρώπου
2750 3715 2928 3783 φύσει·
2962 3715 3079 3777 πῶς
3108 3715 3208 3767 οὐκ
3231 3714 3451 3785 ἄμεινον
3479 3716 3582 3785 ήδη
3610 3734 3722 3778 πως

2154 3808 2248 3858 καλ⁹
2280 3807 2458 3874 σοφῶν
2510 3846 2524 3870 ,
2564 3810 2630 3876 τῇ
2658 3806 2766 3859 τῶν
2800 3807 3051 3876 Δοκητῶν
3082 3806 3452 3877 συμφέρεσθαι
3476 3806 3605 3877 δόξῃ
3631 3807 3722 3859 καὶ

2156 3899 2303 3968 ἡμᾶς
2336 3898 2552 3962 αὐτοὺς,
2571 3898 2619 3949 οἳ
2658 3897 2859 3966 σαρκός
2886 3915 2944 3950 τε
2972 3897 3109 3968 ὁμοῦ
3137 3899 3231 3950 καὶ
3258 3897 3443 3967 γηῖνου
3471 3898 3723 3968 σώματος

2158 3987 2630 4057 ἁπαμφιεννύντες
2673 3988 2762 4039 τὸν
2797 3988 2987 4055 Λόγον,
3022 3983 3200 4056 ὦφθαι
3238 3988 3333 4058 μὲν
3384 3990 3474 4040 ἐπὶ
3513 3990 3618 4058 γῆς
3652 3990 3722 4052 ὠς

2157 4078 2438 4147 ἄνθρωπον
2467 4077 2932 4149 μυθοπλαστοῦσιν
2959 4081 3006 4131 οι
3026 4078 3278 4142 δείλαιοι;
3314 4078 3724 4150 Ἦμαρτηκότες

2148 4167 2207 4222 δὲ
2235 4167 2500 4239 τάληθοῦς
2541 4167 2727 4221 ἁλοῖεν
2764 4168 2830 4223 ἂν
2863 4171 2958 4225 καὶ
2991 4171 3051 4223 οὐ
3084 4172 3179 4223 σὺν
3212 4168 3397 4239 ἱδρῶτι
3427 4165 3727 4239 μακρῷ.Ἥ

2149 4262 2249 4316 οὐκ
2278 4261 2499 4332 ἄμεινον
2528 4262 2766 4333 ἐροῦσιν,
2798 4264 2846 4315 εί
2877 4263 3043 4334 μηδὲν
3070 4264 3276 4332 ὀνίνησι
3307 4262 3405 4332 τὴν
3433 4262 3720 4332 ἀνθρώπου

492 4356 680 4410 tumhi
709 4358 891 4410 miseri
928 4373 955 4409 a
986 4356 1231 4410 veritatis
1273 4370 1437 4422 scopo
1481 4356 1758 4420 aberrent,
1796 4354 1936 4408 facili
1965 4369 2058 4407 ne-

2153 4353 2312 4422 φύσιν
2357 4355 2385 4405 ὁ
2429 4356 2492 4406 ἐκ
2530 4354 2663 4406 Θεοῦ
2691 4354 2885 4423 Λόγος,
2921 4355 2970 4406 εί
3001 4356 3095 4407 καὶ
3129 4355 3318 4422 γέγονε
3351 4354 3509 4424 σὰρξ,
3548 4354 3721 4407 ἁπαλ-

489 4449 637 4516 g0tio
688 4448 898 4502 ostendi
953 4457 1148 4516 potest.
1201 4446 1279 4511 Si,
1344 4448 1582 4515 inquam,
1645 4448 1737 4502 Dei
1801 4448 2063 4513 Verbum,

491 4540 702 4594 etiamsi
730 4555 856 4615 caro
887 4539 1085 4593 factum
1130 4550 1233 4604 est,
1261 4539 1465 4593 nullum
1496 4539 1639 4593 aliud
1669 4541 1916 4595 humanze
1966 4558 2066 4595 na-

492 4642 625 4684 tura:
651 4630 989 4683 commodum
1012 4628 1221 4697 attulit,
1257 4643 1323 4681 an
1361 4644 1467 4683 non
1501 4630 1699 4683 rectius
1736 4641 2068 4685 statueretur

491 4722 729 4776 acaruis
776 4723 993 4790 quidem
1046 4719 1386 4774 imtnunditia
1446 4720 1669 4775 omnino
1718 4721 2063 4785 abstinuisse,

492 4826 708 4869 terreno
744 4812 1095 4867 nihilominus
1129 4826 1357 4882 corpore
1417 4813 1490 4865 uti
1526 4812 1695 4866 visum
1733 4827 1873 4875 esse,
1905 4823 2066 4881 atque

489 4906 591 4960 hac
626 4905 834 4959 ratione
874 4904 1014 4973 quod
1059 4903 1375 4957 decreverat
1431 4901 1758 4969 perfecisse?
1797 4904 2065 4960 Caeterum

491 4997 614 5065 quis
637 4995 896 5049 adventus
927 4994 1069 5048 illius
1108 4994 1273 5049 fuerit
1327 5010 1476 5057 usus,
1504 5003 1559 5047 et
1583 4993 1759 5065 qualis
1810 4994 2065 5049 incarna-

495 5089 657 5143 tionis
691 5087 958 5152 modus,si
983 5087 1103 5155 quis
1134 5086 1271 5141 forte
1293 5102 1320 5138 a
1348 5084 1502 5140 nobis
1527 5086 1856 5149 sciscitetur,
1888 5090 2067 5155 cujus-

492 5198 600 5249 que
645 5182 722 5238 rei
778 5186 951 5252 gratia
991 5191 1199 5252 patrata
1247 5183 1348 5247 sit;
1385 5182 1471 5234 ille
1512 5182 1755 5249 responsi
1816 5182 1931 5236 loco
1969 5183 2068 5236 hoc

493 5278 683 5343 paucis
733 5273 977 5329 habeat:
1012 5274 1145 5344 Age,
1191 5273 1337 5328 istud
1398 5273 1575 5326 divina
1631 5272 1917 5341 Scriptura
1973 5274 2069 5327 tibi

498 5367 803 5439 patefaciet.
834 5365 985 5420 Vade
1046 5380 1174 5437 ergo
1222 5374 1278 5419 et
1332 5378 1519 5418 saeras
1548 5363 1779 5419 Litteras
1831 5365 2070 5433 consule,

2152 4442 2437 4497 λάττεσθαι
2468 4444 2564 4513 μὲν
2612 4443 2950 4515 ἀκαθαρσίας
3001 4445 3270 4513 σαρκικῆς
3291 4484 3305 4509 ,
3336 4443 3482 4509 δόξαι
3629 4438 3722 4495 οῦν

2151 4533 2298 4599 ἅπαξ
2339 4532 2413 4603 τῷ
2445 4535 2617 4603 γηΐνῳ
2646 4534 3086 4606 προσκεχρῆσθαι
3122 4534 3355 4604 σώματι,
3392 4533 3718 4602 διαπερᾶναὶ

2150 4641 2209 4678 τε
2233 4625 2374 4679 οὕτω
2406 4625 2497 4678 τὸν
2529 4624 2861 4696 προτεθέντα
2893 4626 3121 4689 σκοπόν;
3154 4626 3248 4688 Τίς
3278 4622 3370 4679 οὖν
3401 4626 3466 4679 ἂν
3512 4612 3722 4690 γένοιτο

2150 4715 2333 4769 λοιπὸν
2365 4717 2466 4787 τῆς
2523 4716 2815 4787 ἐπιδημίας
2848 4718 2875 4769 ό
2903 4717 3060 4783 λόγος
3081 4759 3095 4779 ,
3132 4718 3164 4788 ἢ
3211 4717 3293 4781 τίς
3326 4718 3354 4769 ό
3393 4718 3593 4787 τρόπος
3624 4717 3723 4785 τῆς

2152 4807 2652 4879 ὲνανθρωπησεως,
2701 4811 3015 4879 πέπρακται
3051 4809 3107 4861 δὲ
3152 4810 3274 4862 ὅτου
3305 4811 3485 4879 χάριν,
3542 4808 3598 4861 εἴ
3638 4825 3719 4870 τις

2151 4898 2326 4970 ἔροιτο
2356 4900 2535 4970 τυχὸν,
2556 4901 2947 4954 ἁντακούσεται
2980 4904 3109 4971 παρ’
3137 4902 3320 4971 ἡμῶν·
3352 4902 3416 4954 Ἡ
3434 4901 3555 4954 θεία
3580 4900 3720 4959 διδά-

2153 4991 2230 5056 ξει
2259 4991 2584 5061 Γραφή.Ὶοι
2613 4991 2676 5059 δὴ
2720 4988 2833 5058 οὖν,
2858 4986 2901 5044 ὦ
2952 4997 3188 5061 γενναῖε,
3218 4993 3390 5046 πυθοῦ
3423 4994 3530 5046 τῶν
3562 4991 3719 5063 ἱερῶν

2151 5084 2518 5155 Γραμμάτων,
2552 5085 2645 5136 καὶ
2672 5087 2789 5146 ταῖς
2836 5085 2942 5137 τῶν
2974 5087 3141 5154 ἁγίων
3172 5087 3485 5139 ἀποστόλων
3513 5091 3715 5154 φωναῖς

2150 5175 2426 5244 ἐνερείσας
2456 5172 2514 5228 εὖ
2546 5176 2690 5245 μάλα
2722 5180 2819 5247 τῆς
2859 5177 3093 5241 διανοίας
3121 5178 3211 5231 τὸν
3239 5178 3540 5247 ὀφθαλμὸν,
3569 5178 3715 5244 ἄθρει

2149 5267 2213 5337 δὴ
2251 5268 2431 5329 καλῶς
2463 5269 2524 5319 τὸ
2547 5269 2897 5340 ζητούμενον.
2926 5271 3069 5339 Ἔφη
3107 5271 3288 5322 τοίνυν
3322 5272 3348 5321 ὁ
3382 5272 3540 5338 σοφξς
3590 5272 3716 5339 ἡμῖν

2153 5357 2383 5421 Παῦλος,
2430 5358 2590 5411 αὐτὸν
2637 5357 2773 5428 ἔχων
2822 5360 2878 5410 ἐν
2930 5358 3109 5427 ὲαυτῷ
3152 5358 3416 5411 λαλοῦντα
3465 5356 3709 5428 Χριστόν·

499 5462 805 5531 mentisque
853 5462 1065 5516 oculum
1104 5469 1419 5515 sanctorum
1446 5459 1809 5527 apostolorum
1851 5459 2058 5514 vocibus

2157 5450 2417 5521 «Ἐπειδὴ
2470 5451 2526 5503 δὲ
2577 5452 2646 5504 τὰ
2698 5450 2886 5503 παιδία
2936 5449 3331 5520 κεκοινώνηκεν
3370 5452 3597 5519 αἵματος
3626 5447 3713 5500 καὶ

496 5552 671 5619 infer;
701 5563 755 5607 et
782 5555 923 5624 quod
943 5551 1471 5623 quan'itur,dilucide
1504 5550 1590 5604 hic
1616 5567 1734 5603 mox
1766 5549 2068 5605 iutuebcre.

552 5686 571 5720 ⁸
608 5686 710 5742 lsa.
746 5705 833 5758 ιν,
865 5692 916 5746 8.
998 5692 1015 5721 ²
1047 5688 1212 5743 llchr.
1248 5702 1287 5755 ι,
1327 5687 1374 5752 I,
1402 5686 1455 5738 2.
1534 5685 1554 5717 ³
1588 5684 1727 5740 l'sal.
1767 5698 1907 5745 teri,
1939 5684 1988 5736 8.

2153 5542 2372 5611 σαρκὸς,
2390 5546 2482 5595 καὶ
2512 5544 2672 5607 αὐτὸς
2704 5545 3099 5614 παραπλησίως
3126 5546 3353 5614 μετέσχε
3387 5543 3494 5594 τῶν
3519 5540 3703 5595 αὐτῶν.

2073 5682 2091 5713 ⁸
2130 5682 2147 5734 1
2178 5679 2321 5734 Tini.
2357 5697 2434 5746 tu,
2469 5683 2551 5736 lii.
