4036 6210
417 223 520 293 917
1375 222 1749 282 ΡΑΝΟΞῚᾸᾹ
1776 222 2012 281 D0031.»l

2123 223 2235 281 CA.
2266 248 2330 256 -
2366 223 2516 282 'l‘l'l‘.
2565 222 2713 281 XIV.
3581 231 3685 295 9i8

428 361 517 414 ῐνα
542 358 628 412 διὰ
650 358 742 411 τοῦ
776 359 1008 413 Θανάτου
1037 363 1361 431 καταργήσῃ
1386 362 1475 413 τὸν
1500 362 1559 414 τὸ
1586 362 1789 429 κράτος
1813 362 2004 431 ἔχοντα

2127 358 2267 425 gitur
2322 358 2758 427 sapientissimus
2808 360 3087 427 apostolus
3134 362 3357 430 Paulus,
3394 367 3482 431 qui
3521 369 3678 420 Chri-

426 448 520 500 τοῦ
555 446 806 511 θανάτου,
837 448 1084 500 τουτέστι
1117 448 1207 501 τὸν
1257 450 1530 512 διάϐολον,
1570 453 1664 503 καὶ
1714 453 2000 523 ἀπαλλάξῃ

2120 459 2243 504 itum
2267 452 2316 503 in
2342 466 2399 505 se
2423 452 2729 519 loquentem
2765 453 3016 515 habebat,
3054 455 3118 507 ad
3152 454 3293 509 hunc
3316 461 3527 510 modum
3552 477 3679 512 ροη-

425 539 669 601 τούτους,
716 539 831 591 ὅσοι
886 540 1037 609 φόϐῳ
1087 540 1319 593 θανάτου
1369 541 1454 593 διὰ
1506 543 1704 605 παντὸς
1752 544 1844 595 τοῦ
1905 545 2003 613 ζῇν

2120 545 2449 595 rionatttrzt
2518 544 2653 607 Quia
2725 559 2855 612 ergo
2922 548 3069 612 pueri
3144 552 3679 603 commnnieavcrnnt

426 633 599 701 ἔνοχοι
624 627 763 702 ἦσαν
799 632 1061 695 δουλείας.
1088 651 1106 683 ι
1138 636 1245 686 Καὶ
1280 635 1385 704 μὴν
1416 639 1507 687 καὶ
1538 636 1763 706 ἑτέρωθι
1803 637 2003 707 τρόπον

426 725 556 793 ἡμῖν
603 723 1018 793 ἀφηγούμενος,
1060 744 1077 775 ι
1108 726 1181 777 Τὸ
1228 726 1335 797 γάρ
1384 727 1645 781 ἀδύνατον
1684 728 1777 781 τοῦ
1811 730 1999 798 νόμον,

428 816 614 886 φησὶν,
652 818 709 869 ἐν
735 811 778 884 ᾧ
809 817 1023 885 ἠσθένει
1048 818 1139 870 διά
1159 819 1259 888 τῆς
1290 821 1510 888 σαρκὸς,
1540 824 1567 873 ό
1586 822 1715 884 Θεὸς
1746 821 1837 873 τὸν
1868 822 2000 876 ἑαυο

426 910 520 963 τοῦ
558 910 686 963 Υἰδν
718 910 1007 980 ἐκπέμψας
1038 912 1094 964 ὲν
1121 910 1429 981 ὁμοιώματι
1475 913 1677 983 σαρκὸς
1702 914 1997 983 ἁμαρτίας,

427 1003 521 1054 καὶ
566 1002 694 1071 περὶ
737 1001 1032 1071 ἁμαρτίας,
1065 1003 1353 1073 κατέκρινε
1402 1003 1501 1069 τὴν
1549 1005 1823 1075 ἁμαρτίαν
1850 1007 1905 1058 ὲν
1931 1008 1997 1075 τῇ

428 1094 613 1160 σαρκὶ,
649 1091 737 1144 ἴνα
763 1091 824 1143 τὸ
856 1091 1131 1161 δικαίωμα
1156 1092 1251 1144 τοῦ
1275 1092 1441 1161 νόμον
1469 1092 1730 1163 πληρωθῇ
1762 1095 1819 1144 ὲν
1846 1096 1998 1164 ἡμῖν,

427 1188 538 1246 τοῖς
570 1185 645 1255 μὴ
676 1183 817 1237 κατά
843 1188 1020 1254 σάρκα
1055 1185 1471 1255 περιπατοῦσιν,
1498 1185 1636 1239 ἀλλὰ
1663 1185 1806 1238 κατά
1838 1184 2005 1237 πνεῦ-

433 1296 577 1347 μα.»

2106 635 2254 686 carni
2285 645 2336 685 et
2367 636 2636 705 sanguini,
2662 646 2715 689 et
2765 637 2876 703 ipse
2907 638 3158 690 similiter
3204 639 3544 707 participztvit
3568 641 3676 692 eis-

2110 726 2253 789 dem,
2285 735 2337 777 ttt
2377 741 2469 793 per
2518 735 2745 779 mortem
2796 729 3099 779 destrueret
3144 744 3263 781 eum
3309 730 3397 793 qui
3449 726 3681 783 habebat

2111 820 2302 868 mortis
2335 816 2638 885 imperium,
2679 817 2728 868 id
2765 829 2847 869 est
2889 819 3181 882 diabolum,
3216 832 3267 871 et
3302 819 3552 873 liberaret
3588 836 3678 874 eos

2110 909 2200 977 qui
2233 924 2331 977 per
2376 917 2540 961 totam
2594 908 2755 959 vitam
2809 908 3027 961 obnoxii
3078 918 3232 962 erant
3278 894 3522 964 servituti
3588 910 3620 963 '.
3655 930 3675 961 υ

2109 1002 2248 1054 Alibi
2275 1002 2413 1054 idem
2446 1001 2606 1053 aliam
2644 1016 2857 1068 quoque
2898 1001 3056 1069 hujus
3107 1004 3181 1055 rei
3232 1019 3450 1055 causam
3486 1007 3678 1070 aperit.

2111 1095 2312 1148 Scribit
2343 1094 2525 1146 enim:
2561 1112 2578 1143 ι
2614 1094 2765 1157 Quod
2816 1094 3145 1161 impossibile
3183 1107 3299 1147 erat
3332 1097 3456 1163 legi,
3492 1098 3543 1148 in
3575 1112 3681 1165 quo

2110 1188 2487 1243 intirmabatur
2536 1201 2632 1254 per
2663 1201 2880 1239 carnem
2906 1226 2920 1251 ,
2961 1186 3098 1239 lleus
3122 1188 3315 1241 Filium
3352 1205 3506 1242 suum
3563 1191 3683 1242 mit-

2114 1293 2231 1336 tens
2264 1281 2315 1332 in
2347 1277 2755 1331 similitttdinem
2796 1277 2977 1329 cart‘tis
3022 1279 3248 1345 peccati,
3283 1290 3334 1332 et
3362 1262 3426 1333 ile
3460 1293 3681 1347 pecrato
3710 1276 3713 1279 ’

431 1373 703 1426 damnavit
748 1380 1031 1440 peccatum
1092 1371 1145 1425 in
1186 1385 1369 1433 carne,
1406 1380 1463 1424 ttt
1500 1371 1818 1440 justillcatio
1861 1374 1992 1443 legis
2033 1375 2349 1444 impleretur
2409 1371 2660 1434 iunobis,
2690 1369 2777 1437 qui
2812 1385 2916 1422 non
2991 1366 3282 1423 secundum
3318 1386 3534 1424 carnem
3561 1369 3681 1424 au:-

432 1467 696 1526 bulamus,
721 1464 814 1518 sed
849 1462 1143 1516 secundum
1179 1464 1427 1530 spiritum
1482 1468 1519 1516 ⁸.
1558 1482 1576 1514 ι

630 1552 752 1628 Ἆρ’
778 1552 891 1618 οὖν,
925 1554 1047 1625 οὐχὶ
1084 1555 1498 1625 προδηλότατον,
1529 1558 1623 1609 καὶ
1673 1557 1852 1611 οὐδενὶ
1899 1557 2007 1609 τῶν

2332 1569 2520 1608 annon
2562 1552 2965 1622 apertissimum
3024 1560 3127 1613 est,
3192 1551 3443 1615 obsecro,
3496 1570 3683 1623 nntge~

429 1652 597 1705 ὄντων
628 1650 963 1719 ἀσυμφανὲς,
992 1648 1074 1702 ὅτι
1104 1646 1226 1700 καθ’
1261 1648 1406 1717 ἡμᾶς
1446 1646 1669 1715 γέγονεν
1703 1650 1731 1700 ὁ
1760 1649 2000 1715 Μονογε-

2120 1648 2282 1701 nilum
2314 1645 2405 1699 Dei
2434 1642 2627 1697 Filium
2656 1642 2885 1697 similem
2916 1642 3092 1704 nobis,
3123 1643 3220 1695 hoc
3251 1652 3355 1704 est,
3386 1644 3681 1712 perfectum

436 1741 545 1813 θὴς,
574 1741 821 1794 τουτέστι
848 1740 1051 1802 τέλειος
1080 1739 1384 1808 ἄνθρωπος,
1420 1739 1504 1791 ἵνα
1539 1738 1642 1807 τῆς
1678 1739 1777 1808 μὲν
1821 1743 2005 1791 ἐπεισ-

432 1836 597 1888 άκτου
632 1833 835 1905 φθορᾶς
867 1833 928 1886 τὸ
960 1834 1147 1903 γήϊνον
1188 1831 1347 1901 ἡμῶν
1392 1831 1679 1901 ἀπαλλάξῃ
1722 1832 1901 1900 σῶμα,
1938 1833 2003 1900 τῇ

431 1928 552 1982 καθ’
586 1928 779 1980 ἕνωσιν
819 1924 1101 1995 οἰκονομίᾳ
1142 1923 1241 1994 τὴν
1279 1924 1415 1977 ἰδίαν
1444 1922 1594 1993 αὐτῴ
1623 1923 1766 1992 ζωὴν
1803 1923 1963 1985 ἑνιείς
1987 1939 1999 1952 ·

430 2020 608 2091 ψυχὴν
629 2020 685 2072 δὲ
714 2019 848 2072 ἰδίαν
869 2018 968 2089 τὴν
991 2016 1339 2087 ἀνθρωπίνην
1361 2016 1513 2069 ποιοῦ
1525 2032 1705 2086 μενος,
1731 2016 2008 2086 ἁμαρτίας

434 2113 603 2183 αὐτὴν
634 2112 888 2182 ἀποφήνῃ
934 2109 1240 2181 κρείττονα,
1278 2108 1378 2177 τῆς
1412 2108 1545 2170 ἰδίας
1580 2108 1792 2175 φύσεως
1819 2106 1878 2158 τὸ
1915 2123 2010 2158 πε-

434 2202 611 2272 πηγός
639 2218 697 2252 τε
726 2200 820 2253 καὶ
845 2200 1135 2271 ἄτρεπτον,
1167 2191 1363 2264 οἷάπερ
1385 2197 1516 2267 ἐρίῳ
1545 2197 1744 2266 βαφὴν,
1776 2198 2011 2262 ἐγκατα-

437 2294 654 2365 χρώσας
701 2292 834 2362 αὐτῇ
860 2309 875 2357 ;
925 2294 1045 2343 Δεῖν
1074 2291 1183 2361 γάρ
1215 2284 1369 2359 οἶμαι
1400 2292 1510 2352 τοίς
1542 2290 1669 2359 περὶ
1694 2290 1897 2343 τούτων
1925 2290 2007 2341 λό-

435 2399 554 2453 γοις
584 2381 1065 2452 παραδειγμάτων,
1085 2380 1216 2433 πολὺ
1244 2379 1364 2432 λίαν
1393 2379 2007 2450 ἔχουσιτὺάσυμφανέςο

435 2475 549 2547 δρῶ
580 2475 678 2546 μὲν
706 2474 811 2544 γὰρ
849 2472 1002 2543 μόλις
1034 2474 1091 2524 ὲν
1117 2471 1366 2543 ἐσόπτρῳ
1390 2487 1447 2523 τε
1494 2472 1588 2523 καὶ
1634 2470 1913 2539 αἰνίγματι
1944 2471 2012 2523 τὰ

440 2566 559 2620 θεῖά
586 2583 645 2619 τε
674 2565 771 2618 καὶ
801 2564 940 2633 ὑπὲρ
972 2563 1098 2616 νοῦν
1133 2563 1428 2632 μυστήρια.
1468 2560 1565 2629 Εἴη
1591 2560 1636 2612 δ’
1670 2561 1735 2614 ἂν
1762 2560 1862 2613 οὐκ
1890 2560 2012 2613 ᾶτο·

438 2676 565 2724 πον,
592 2652 771 2727 οἶμαι,
806 2655 867 2707 τὸ
896 2654 1115 2725 χρῆμαο
1147 2654 1301 2723 φέρει
1348 2654 1457 2724 γὰρ
1488 2654 1546 2706 ἐν
1581 2652 1757 2722 ἑαυτῷ
1801 2652 1894 2705 τὸν
1936 2656 2013 2705 εἰσ

440 2751 595 2814 κότα,
615 2747 814 2818 μᾶλλον
842 2746 897 2799 δὲ
928 2746 1025 2799 καὶ
1052 2745 1142 2797 τὸν
1176 2744 1350 2815 ἀληθῆ
1376 2744 1873 2815 λογισμόν.Ὥσπερ
1896 2740 2009 2807 οὖν,

444 2842 625 2913 ἐπειδὴ
646 2840 838 2909 γέγονε
861 2838 999 2909 σὰρξ
1019 2838 1111 2891 τοῦ
1133 2836 1520 2902 ζωοποιοῦντος
1538 2836 1605 2889 τὰ
1623 2837 1796 2889 πάντα
1812 2838 2007 2906 Λόγου,

442 2935 504 2987 τὸ
536 2933 738 3004 φθορᾶς
775 2932 871 2984 καὶ
915 2929 1145 2984 θανάτου
1193 2927 1560 2999 ὑπερφέρεται
1606 2927 1839 2998 κράτος*
1874 2926 2012 2979 κατὰ

2109 1739 2380 1794 hominem
2435 1737 2633 1790 factum
2676 1750 2819 1795 esse,
2840 1749 2946 1801 quo
2973 1734 3232 1805 nimirum
3285 1743 3554 1787 terrenum
3585 1736 3685 1789 hoc

2109 1842 2351 1886 nostrum
2382 1843 2601 1898 corpus,
2629 1827 2735 1879 vita
2761 1825 2977 1895 prepria
2994 1841 3087 1894 per
3109 1827 3495 1899 meonomicam
3535 1829 3689 1880 unio-

2109 1938 2228 1977 nem
2254 1922 2327 1975 illi
2362 1919 2626 1981 immissa,
2656 1918 2723 1969 ah
2750 1917 2965 1970 inducta
2998 1916 3343 1983 corruptione
3390 1916 3684 1983 liberaret;

2108 2014 2340 2065 animant
2373 2025 2583 2063 rursum
2638 2007 2955 2069 humanam,
2980 2016 3330 2075 posteaquam
3372 2007 3516 2060 illaut
3556 2024 3687 2076 pro-

2111 2102 2283 2172 priam
2314 2101 2416 2153 sibi
2442 2099 2794 2159 reddidisset,
2832 2111 3051 2164 suaeque
3096 2106 3301 2149 natura:
3339 2096 3594 2151 ﬁrmitate
3625 2114 3688 2153 ac

2115 2192 2551 2248 immutabilitale
2576 2189 2800 2257 perinde
2835 2203 2898 2242 ac
2941 2188 3109 2242 vellus
3146 2189 3326 2243 colore
3371 2190 3683 2255 imbttisset,

2112 2294 2331 2356 peccato
2364 2284 2698 2352 superiorem
2724 2281 3027 2335 declararet
3044 2282 3328 2336 ?Arbitror
3349 2284 3492 2337 enim
3510 2300 3687 2340 exem-

2113 2379 2237 2449 plis,
2278 2392 2397 2446 qua:
2430 2390 2541 2430 rem
2578 2390 2673 2443 per
2696 2388 2753 2428 se
2788 2374 3074 2427 obscurant
3111 2375 3351 2427 nonnihil
3391 2375 3684 2444 illustrcnl,

2115 2472 2165 2524 in
2202 2470 2299 2523 hac
2347 2467 2589 2523 doctrina
2629 2480 2763 2536 Opus
2792 2479 2910 2519 esse
2936 2482 2948 2517 :
2978 2466 3239 2534 siquidem
3429 2470 3687 2538 mysteria

2113 2564 2317 2627 divina,
2353 2569 2610 2626 tanquam
2663 2557 2914 2610 humanae
2948 2557 3141 2611 utentis
3171 2573 3389 2611 sensum
3417 2562 3687 2615 exceden-

2117 2655 2208 2717 tia,
2236 2653 2320 2705 vix
2364 2652 2416 2705 in
2475 2648 2692 2717 speculo
2742 2658 2797 2701 et
2838 2647 3175 2716 aznigmatice
3218 2650 3457 2703 videmus
3512 2656 3552 2706 ³.
3596 2651 3687 2705 Est

2114 2755 2290 2799 autem
2330 2742 2633 2811 exemplum
2692 2741 2911 2793 allatum
2948 2742 3011 2792 ad
3046 2756 3156 2793 rem
3199 2752 3687 2811 peropportunum,

2114 2838 2311 2906 quippe
2340 2837 2482 2904 quod
2504 2849 2691 2887 Verum
2739 2836 2934 2903 potius,
2968 2847 3134 2901 quam
3167 2834 3460 2888 verisimile
3489 2838 3586 2897 rei,
3620 2839 3687 2889 de

2119 2943 2224 2999 qua
2254 2943 2436 2983 sermo
2463 2938 2562 2990 est,
2617 2926 2917 2998 symbolum
2973 2940 3083 2994 pra:
3113 2939 3172 2979 se
3233 2925 3390 2978 ferat.
3422 2928 3693 2992 Quemad-

442 3027 535 3083 τὸν
583 3027 765 3092 αὐτὸν,
814 3020 988 3094 οἶμαι,
1035 3021 1262 3093 τρόπον,
1319 3021 1439 3073 ἐπεὶ
1485 3020 1675 3089 γέγονε
1727 3019 1871 3090 ψυχὴ
1922 3019 2012 3072 τοῦ

2126 3018 2342 3072 tnodum
2370 3032 2499 3086 ergo
2530 3031 2678 3080 caro,
2705 3026 3056 3084 posteaquam
3093 3016 3248 3070 Verbi
3280 3019 3458 3069 omnia
3513 3020 3690 3072 viviﬁ-

447 3119 784 3190 πλημμελεῖν
825 3115 927 3168 οὐκ
970 3114 1202 3178 εἰδότος,
1234 3112 1632 3184 ἐρηρεισμένην
1669 3110 1783 3182 ἔχει
1832 3110 2017 3164 λοιπὸν

444 3214 542 3282 τὴν
588 3208 867 3279 ἐφ’ἀπασι
917 3208 1031 3269 τοῖς
1081 3204 1306 3272 ἀγαθοῖς
1354 3203 1756 3274 ἀμεταποίητον
1806 3204 2013 3267 στάσιν,

447 3304 539 3357 καὶ
576 3301 674 3371 τῆς
717 3299 887 3352 πάλαι
930 3295 1052 3349 καθ’
1083 3295 1242 3365 ἡμῶν
1270 3293 1706 3365 τυραννευοῦσης
1735 3294 2013 3364 ἁμαρτίας

448 3392 791 3463 ἀσυγκρίτως
814 3386 1255 3457 εὐσθενεστέραν.
1286 3385 1508 3456 Πρῶτός
1529 3401 1587 3436 τε
1615 3386 1723 3454 γὰρ
1746 3384 1840 3437 καὶ
1864 3384 2021 3453 μόνος

448 3485 732 3556 ἄνθρωπος
782 3481 874 3534 ἐπὶ
924 3480 1022 3551 τῆς
1066 3481 1169 3549 γῆς
1213 3478 1244 3531 ὁ
1284 3476 1519 3547 Χριστὸς
1569 3496 1587 3526 ι
1617 3477 1717 3529 οὐκ
1764 3476 2021 3545 ἐποίησεν

452 3575 745 3649 ἁμαρτίαν,
777 3573 897 3627 οὐδὲ
930 3570 1127 3641 εὑρέθη
1157 3569 1305 3632 δόλος
1334 3572 1393 3622 ὲν
1418 3568 1496 3639 τῷ
1527 3569 1751 3637 στόματι
1780 3565 1964 3618 αὑτοῦ.
1998 3583 2016 3615 ι

464 3669 613 3734 Ῥίζα
638 3667 694 3721 δὲ
724 3667 909 3736 ὥσπερ
944 3666 1035 3719 καὶ
1068 3662 1293 3733 ἀπαρχὴ
1322 3660 1635 3730 τεθειμένος
1661 3658 1770 3712 τῶν
1798 3662 1875 3720 εἰς
1906 3675 2025 3711 και-

458 3763 648 3833 νόνητα
678 3759 822 3829 ζωῆς
852 3755 1352 3827 ἀναμοριρουμένων
1384 3754 1440 3806 ὲν
1473 3753 1767 3825 Πνεῦματι,
1793 3757 1885 3807 καὶ
1917 3755 2015 3826 τὴν

455 3851 547 3907 τοῦ
572 3850 819 3922 σώματος
838 3848 1164 3918 ἀφθαρσίαν,
1188 3846 1284 3899 καὶ
1306 3845 1366 3897 τὸ
1386 3843 1484 3913 τῆς
1507 3844 1760 3915 θεότητος
1782 3846 2018 3915 ἀσφαλὲς

455 3940 862 4015 ἑρηρεισμένον,
893 3938 967 4003 ὡς
993 3940 1050 3990 ὲν
1083 3936 1295 4007 μεθέξει
1328 3936 1421 3989 καὶ
1448 3934 1591 3988 κατά
1614 3936 1790 4006 χάριν,
1823 3937 1916 3989 καὶ
1941 3939 2019 4001 εἰς

456 4034 603 4088 ἅπαν
655 4030 757 4101 ἤδη
808 4030 867 4083 τὸ
915 4016 1251 4098 ἀνθρώπινον
1300 4026 1657 4097 παραπέμψει
1698 4028 1872 4095 γένος.
1911 4029 2022 4081 Καὶ

450 4114 610 4171 τοῦτο
631 4114 789 4179 εἰδὼς
819 4117 848 4169 ό
886 4116 1177 4180 θεσπέσιος
1219 4120 1419 4186 γράφει
1465 4118 1704 4181 Παῦλοςο
1742 4137 1760 4171 ι
1809 4120 2019 4188 Ὠσπερ

452 4207 562 4278 γὰρ
598 4210 947 4279 ἐφορέσαμεν
969 4211 1069 4278 τὴν
1100 4210 1284 4263 εἰκόνα
1317 4210 1409 4262 τοῦ
1444 4210 1653 4278 χοϊκοῦ,
1696 4211 2015 4279 φορέσωμεν

456 4298 549 4350 κα)⁸
572 4298 670 4365 τὴν
698 4298 882 4352 εἰκόνα
907 4298 1001 4350 τοῦ
1024 4300 1366 4367 ἐπουρανίου.
1398 4318 1417 4349 ι
1443 4299 1641 4352 Εἱκόνα
1672 4299 1769 4366 μὲν
1788 4298 1897 4368 γὰρ
1927 4298 2021 4351 τοῦ

2123 3111 2304 3166 cautis
2332 3126 2459 3165 caro
2479 3109 2668 3165 effecta
2696 3118 2798 3172 est,
2840 3109 3027 3163 mortis
3059 3120 3114 3163 et
3138 3111 3693 3179 corruptionisimpe-

2122 3206 2204 3261 rio
2226 3207 2473 3273 superior
2491 3206 2695 3259 evasit:
2720 3204 2800 3259 sic
2831 3206 3032 3269 anima,
3066 3216 3121 3257 ιιι
3138 3222 3236 3275 ego
3253 3207 3466 3275 quidem
3492 3212 3689 3271 sentio,

2123 3307 2471 3367 posteaquam
2503 3296 2647 3351 illius
2669 3296 2856 3351 eﬂ‘ecta
2896 3306 2979 3350 est
3012 3298 3101 3366 qui
3132 3306 3410 3364 peccatum
3458 3313 3563 3351 non
3597 3316 3697 3352 no-

2120 3390 2219 3455 vit,
2243 3404 2271 3442 e
2302 3388 2531 3458 vestigio
2578 3398 2778 3441 statum
2814 3390 3050 3454 lirmum,
3093 3403 3155 3442 ac
3185 3389 3235 3442 in
3261 3389 3513 3444 munibus
3540 3391 3697 3445 bonis

2124 3482 2394 3545 stabilem,
2420 3490 2747 3550 peccatoque
2784 3481 2926 3549 quod
2954 3480 3079 3535 olim
3115 3482 3449 3551 tyrannidem
3477 3499 3700 3536 exerce-

2126 3575 2236 3638 bat,
2270 3573 2453 3627 multis
2510 3575 2754 3641 partibus
2797 3573 3155 3641 potentiorem
3188 3587 3346 3627 nacta
3404 3584 3508 3627 est.
3540 3574 3697 3629 Citrio

2126 3674 2241 3717 stus
2297 3677 2530 3732 namque
2570 3664 2777 3731 primus
2826 3672 2877 3717 et
2908 3662 3057 3717 solus
3085 3678 3149 3717 ει
3184 3666 3433 3719 onmibus
3460 3666 3511 3717 in
3550 3674 3693 3718 terra

2131 3770 2149 3804 ι
2187 3761 2467 3821 peccatum
2504 3768 2609 3806 non
2633 3754 2779 3819 fecit,
2818 3769 2916 3809 nec
2948 3754 3101 3809 dolus
3141 3755 3391 3811 inventus
3413 3764 3493 3811 est
3529 3759 3579 3809 in
3603 3772 3699 3811 ore

2128 3844 2270 3899 illius
2320 3850 2361 3898 δ.
2410 3862 2428 3895 ι
2465 3843 2567 3911 Qui
2617 3860 2754 3899 unus
2796 3846 3018 3914 proinde
3051 3846 3260 3914 positus
3294 3854 3552 3917 tanquam
3611 3864 3700 3900 ra—

2128 3937 2219 3991 dix
2259 3947 2313 3993 et
2344 3938 2553 3992 initium
2602 3939 2871 4006 quoddam
2908 3948 3255 4006 cunctorum,
3289 3941 3379 4011 qui
3404 3940 3457 3995 in
3495 3938 3697 4008 Spiritu

2132 4030 2198 4081 ad
2252 4032 2375 4084 vita:
2433 4031 2725 4085 novitatem
2783 4033 3194 4097 instaurantur,
3236 4042 3291 4089 et
3323 4032 3567 4101 corporis
3602 4029 3701 4081 ἱιιι-

2130 4118 2536 4181 mortalitatem,
2554 4127 2605 4173 et
2624 4135 2741 4174 eam
2771 4135 2892 4191 quae
2919 4135 2981 4174 ex
3011 4118 3295 4173 divinitate
3312 4114 3693 4187 proficiscitur,

2129 4212 2478 4266 securitatem
2533 4226 2595 4265 ac
2650 4210 2987 4271 firmitatem,
3055 4208 3353 4262 secundum
3410 4204 3700 4275 quamdam

2128 4303 2319 4374 gratim
2364 4302 2915 4357 communicationem
2962 4300 3017 4354 in
3061 4300 3377 4353 universum
3422 4295 3699 4347 hominum

454 4390 664 4456 χοϊκοῦ,
714 4390 774 4442 τὸ
815 4390 1093 4442 εὐόλισθον
1142 4391 1243 4459 ἔφη
1298 4391 1434 4458 πρὸς
1468 4390 1767 4459 ἁμαρτίαν,
1814 4390 1904 4442 καὶ
1932 4389 2012 4442 ab:

2129 4411 2300 4463 genus
2328 4392 2869 4459 transmittet.Cujus
2898 4392 3115 4461 quidem
3147 4390 3226 4444 rei
3260 4389 3478 4443 divinus
3511 4387 3707 4440 Paulus

455 4478 705 4532 ἐντεῦθεν
750 4480 885 4550 ἡμῖν
929 4481 1288 4551 ἑπιρῤιφέντα
1330 4481 1589 4533 θάνατον·
1622 4481 1805 4532 εἰκόνα
1848 4480 1906 4533 δὲ
1955 4482 2021 4535 αῦ

453 4572 549 4625 τοῦ
595 4574 941 4645 ιπουρανίου,
988 4575 1231 4627 τουτέστι
1271 4572 1533 4645 Χριστοῦ,
1574 4573 1634 4625 τὸ
1678 4575 1892 4643 ἑδραῖον
1942 4577 2022 4637 εἰς

455 4664 748 4736 ἀγιασμὸν,
781 4668 874 4720 καὶ
910 4667 1010 4738 τὴν
1035 4670 1098 4721 ἐκ
1127 4666 1357 4720 θανάτου
1388 4668 1482 4719 καὶ
1514 4668 1721 4737 φθορᾶς
1753 4668 2022 4728 ἀνακομι-

452 4758 552 4829 δήν
590 4775 647 4810 τε
676 4761 768 4812 καὶ
806 4760 1148 4814 ἀνακαίνισιν
1168 4762 1248 4821 εἰς
1279 4758 1590 4827 ἀφθαρσίαν
1614 4761 1708 4813 καὶ
1738 4757 1907 4829 ζωήν.

2132 4500 2240 4557 non
2275 4486 2514 4555 ignarus,
2548 4485 2622 4539 ita
2659 4484 2887 4539 scribit:
2931 4503 2949 4534 ι
3004 4481 3157 4536 Sicut
3191 4480 3523 4550 portavimus
3563 4475 3704 4529 ima-

2128 4577 2307 4647 ginem
2339 4575 2565 4637 terreni.
2607 4586 2883 4643 portemus
2928 4581 2982 4627 et
3021 4570 3313 4641 imaginem
3343 4566 3579 4622 caelestis
3603 4564 3645 4617 ⁵.
3684 4583 3701 4614 ι

2128 4668 2421 4737 Imaginem
2454 4667 2680 4731 terreni,
2708 4664 2971 4736 peccandi
3002 4661 3438 4732 propensionem.
3468 4667 3521 4708 et
3562 4670 3707 4707 mor-

2125 4770 2231 4815 tem
2266 4774 2386 4829 quzn
2415 4760 2542 4815 hinc
2570 4759 2763 4821 oritur,
2812 4768 2967 4812 vocat
3005 4775 3016 4809 :
3051 4763 3105 4809 at
3136 4765 3266 4806 vero
3296 4766 3388 4819 per
3417 4746 3706 4815 imaginem

453 4851 714 4916 cmlestis,
750 4852 852 4906 hoc
882 4860 985 4916 εει,
1018 4851 1243 4917 Christi,
1274 4852 1633 4906 constantiam
1665 4852 1718 4906 in
1758 4852 2068 4918 sanctitate,
2100 4852 2444 4922 reditumque
2490 4862 2545 4906 ct
2593 4850 3039 4906 instaurationem
3086 4862 3150 4901 ex
3197 4852 3370 4897 morte
3418 4853 3473 4894 et
3516 4855 3709 4894 corru-

452 4948 639 5016 ptione
663 4948 727 5001 ad
754 4948 914 5001 vitam
946 4957 1001 5001 et
1030 4946 1489 5003 immortalitatem
1523 4946 1789 5019 designat.

524 5030 689 5095 Ὀλον
731 5039 826 5093 οὖν
868 5040 963 5114 ὅλῃ
1006 5039 1350 5109 συνηνῶσθαί
1381 5056 1563 5108 φαμεν
1606 5042 1673 5111 τῇ
1714 5039 1840 5093 καθ’
1869 5041 2017 5110 ἡμᾶς

452 5132 830 5204 ἀνθρωπότητι
868 5134 961 5186 τὸν
1000 5134 1063 5186 ἐκ
1109 5132 1245 5185 Θεοῦ
1292 5134 1488 5201 Λόγον.
1523 5132 1598 5186 Οῦ
1653 5134 1764 5203 γάρ
1820 5150 1923 5187 που
1964 5134 2025 5185 τὸ

452 5220 676 5291 ἄμεινον
718 5224 777 5276 ἐν
813 5224 965 5292 ἡμῖν,
998 5222 1246 5277 τουτέστι
1273 5223 1477 5295 ψυχὴν,
1506 5224 1720 5289 οὐδενὸς
1758 5224 1825 5278 ἀν
1859 5223 2022 5294 ἠξίω-

454 5334 514 5370 σε
565 5316 746 5387 λόγου,
803 5321 941 5393 μόνῃ
981 5321 1320 5393 δωρούμενος
1366 5323 1431 5392 τῇ
1476 5320 1640 5388 σαρκί
1689 5321 1789 5389 τῆς
1833 5321 2021 5390 ἐπιδησ

458 5410 587 5478 μίας
629 5412 755 5473 τοὺς
804 5413 1024 5477 πόνους.
1067 5415 1397 5484 Ἐπράττετο
1427 5413 1481 5466 δὲ
1536 5412 1718 5476 καλῶς
1756 5415 1820 5465 δι’
1856 5414 2023 5483 ἄμφω

453 5501 555 5571 τῆς
597 5503 912 5573 οἰκονομίας
962 5505 1023 5558 τὸ
1077 5505 1419 5575 μυστήριονο
1467 5503 1890 5575 προσεχρήσατο
1942 5502 2020 5566 δὲ,

2205 5038 2401 5093 Totum
2439 5040 2624 5109 itaque
2671 5037 2764 5094 Dei
2812 5038 3047 5095 Verbum
3096 5034 3192 5088 toti
3245 5040 3451 5086 natura:
3514 5037 3709 5081 nostr.~e

2134 5134 2385 5187 humana:
2434 5132 2651 5186 unitum
2706 5131 3025 5186 asserimus.
3075 5127 3229 5182 Nulla
3288 5124 3432 5179 enim
3500 5120 3710 5175 ratione.

2131 5225 2431 5296 putandum
2490 5232 2613 5287 est,
2670 5223 2919 5292 principe
2975 5219 3143 5275 nostri
3193 5224 3385 5287 parte,
3444 5215 3548 5267 hoc
3586 5221 3708 5305 est‘.

2131 5316 2309 5371 anima
2338 5317 2603 5386 neglecta,
2634 5311 3090 5384 peregrinationis
3122 5326 3235 5364 suae
3265 5308 3540 5362 molestias
3557 5306 3706 5359 carni

2131 5410 2313 5479 largiri
2343 5409 2604 5463 voluisse.
2657 5408 2887 5461 Pulchre
2918 5413 3098 5458 autem
3130 5418 3228 5472 per
3262 5410 3548 5469 utramque
3580 5411 3707 5465 par-

2133 5513 2241 5557 tem
2290 5500 2719 5571 dispensationis
2769 5507 3170 5552 sacramcntutn
3229 5492 3498 5563 perfecit:
3545 5505 3709 5543 carne

531 5685 548 5717 ¹
576 5652 746 5743 ἰιειπ.
778 5676 835 5754 ti,
871 5691 953 5759 14,
990 5691 1071 5747 15.
1142 5692 1160 5721 ²
1190 5688 1347 5747 lium.
1391 5707 1504 5760 vnt,
1538 5690 1596 5757 3,
1622 5690 1675 5745 4.
1750 5690 1771 5723 ³
1807 5688 1979 5747 lCor.

2124 5730 2137 5756 ,
2177 5689 2261 5743 1'3.
2342 5686 2404 5740 ‘1
2444 5687 2589 5741 l’etr.
2626 5700 2685 5753 ιι,
2716 5683 2807 5742 29..
2885 5683 2905 5717 ⁸
2945 5682 2970 5738 1·
2995 5682 3119 5738 Car.
3174 5700 3261 5749 xv,
3303 5680 3394 5736 ιίυ.
