4042 6208
417 135 524 203 9ῖ9

1649 157 2020 219 EU'rnrntt
2075 128 2430 222 ZtGquNt

3570 171 3706 233 920

409 295 507 332 sua
548 289 800 348 tanquam
833 297 1037 352 organo
1083 286 1149 338 ad
1187 288 1366 342 carnis
1399 302 1583 358 opera,
1613 299 1952 366 natm-alesqu

2058 351 2060 357 ι
2094 309 2348 382 καθάπερ
2372 313 2609 385 ὀργάνῳ,
2645 321 2712 387 τῇ
2757 319 2856 388 μὲν
2906 319 3012 391 ἰδίᾳ
3053 318 3242 390 σαρκὶ,
3281 316 3398 390 [τὰ]
3435 316 3569 386 πρὸς
3611 316 3690 369 τὰ

407 371 778 440 :egritudines,
807 389 870 428 ac
904 386 1096 430 ett-tera
1140 376 1312 432 ollicia
1355 381 1766 451 vituperationis
1797 405 1987 456 exper-

405 461 517 526 tia;
561 461 739 514 anima
782 478 992 516 rursum
1022 466 1087 517 ad
1141 466 1407 522 humanas
1457 471 1869 544 inculpatasqne
1903 483 1984 531 al-

406 550 671 606 fectiones
719 553 990 608 utebatur.
1034 553 1168 607 Nam
1220 565 1273 610 et
1319 560 1578 626 esuriem,
1627 575 1682 618 et
1725 566 1985 634 longioris

405 643 614 698 itineris
645 644 907 709 laborem,
955 655 1009 700 et
1054 661 1308 713 pavorem
1351 667 1414 706 ac
1451 665 1678 721 metum,
1719 667 1773 711 et
1813 661 1983 714 tristi-

407 734 557 798 tiam,
591 744 645 788 et
679 749 958 801 angorem,
987 745 1041 789 et
1075 737 1242 806 ipsam
1281 741 1514 810 denique
1548 746 1600 798 in
1637 762 1797 802 cruce
1839 767 1983 803 mor-

405 836 510 878 tem
541 823 827 892 pertulisse
860 826 1108 882 traditur.
1140 829 1352 885 Etenim
1400 836 1546 888 nnllo
1581 851 1831 908 cogente,
1865 846 1980 895 ani-

401 928 542 968 tuam
583 930 735 968 suam
773 918 943 970 nostri
980 935 1143 973 causa
1181 925 1363 989 posuit.
1415 928 1454 992 ¹,
1500 942 1606 996 quo
1640 932 1891 986 nimirum
1927 948 1980 988 et

396 1005 536 1060 vivis
565 1014 620 1059 ct
645 1007 872 1061 mortuis
896 1010 1272 1067 dominaretur
1319 1019 1360 1069 ³.
1396 1017 1461 1071 Ει
1483 1022 1700 1088 quidem
1858 1041 1978 1080 car-

395 1110 518 1149 nem
552 1111 707 1150 suam
736 1096 876 1150 citra
913 1094 1344 1157 controversiam
1379 1105 1716 1166 liberationis
1745 1116 1974 1181 pretium

397 1201 494 1255 pro
530 1189 771 1241 omnium
809 1204 974 1244 carne
1009 1191 1309 1262 dependit;
1341 1198 1576 1254 animam
1611 1217 1739 1258 vero
1769 1204 1972 1271 justum

394 1292 494 1345 pro
545 1278 852 1332 mortalium
897 1281 1138 1334 omnium
1194 1285 1478 1341 animabus
1535 1293 1766 1359 pretium
1820 1297 1974 1350 exhi-

393 1368 537 1431 buit,
586 1371 802 1424 tametsi
835 1371 998 1424 vitam
1029 1387 1188 1442 quam
1239 1390 1494 1445 posuerat
1528 1383 1674 1452 (nam
1703 1389 1810 1440 vita
1857 1400 1974 1443 erat

390 1473 453 1519 ut
491 1463 632 1519 Deus
685 1452 980 1520 secundum
1043 1477 1320 1539 ιιιιιιιιειιη
1365 1471 1544 1529 denuo
1594 1484 1969 1548 resumpserit.

388 1555 529 1610 Hinc
558 1557 773 1611 divinus
816 1557 1054 1612 Petrus:
1094 1578 1111 1610 ι
1146 1559 1276 1627 Viri,
1314 1564 1508 1634 inquit,
1560 1567 1778 1632 fratres,
1817 1573 1974 1629 liceat
2005 1583 2043 1636 ll
2078 1593 2188 1659 παρ

391 1654 658 1703 audenter
691 1650 872 1704 dicere
919 1649 986 1703 ad
1024 1665 1116 1706 vos
1147 1653 1212 1707 de
1260 1659 1565 1723 patriarcha
1602 1661 1792 1726 David,
1840 1681 1975 1735 quo-

389 1741 535 1791 niam
566 1748 618 1793 et
644 1737 930 1794 defunctus
963 1751 1067 1806 est,
1101 1752 1153 1796 et
1185 1746 1428 1814 sepultus
1450 1759 1553 1814 est,
1583 1759 1632 1803 et
1660 1754 1969 1821 sepulcrum

387 1829 506 1897 ejus
533 1840 618 1884 est
649 1831 790 1900 apud
843 1847 941 1887 nos
975 1840 1144 1903 usque
1188 1836 1239 1890 in
1289 1839 1608 1895 hodiernum
1641 1845 1806 1898 diem.
1838 1845 1972 1902 Pro—

386 1925 546 1992 pheta
587 1923 754 1993 igitur
791 1939 914 1979 cum
947 1937 1113 1991 esset,
1159 1938 1214 1983 et
1262 1931 1428 1985 sciret
1462 1935 1589 2002 quia
1617 1936 1969 2006 jurejurando

381 2015 624 2084 iurasset
683 2016 757 2070 illi
818 2016 980 2082 Deus,
1041 2018 1105 2074 de
1166 2020 1344 2076 fructu
1391 2024 1734 2098 lumbi-ejus
1777 2034 1969 2087 sedere

385 2126 548 2180 super
575 2110 758 2165 sedem
788 2110 926 2180 ejus,
981 2114 1272 2182 providens
1309 2115 1518 2174 locutus
1555 2132 1638 2175 est
1682 2127 1747 2178 de
1785 2139 1968 2180 resur-

385 2203 626 2256 rectione
668 2202 894 2272 Christi,
948 2209 1075 2275 quia
1107 2225 1284 2278 neque
1333 2213 1625 2272 derelictus
1669 2228 1752 2274 est
1787 2220 1838 2274 in
1882 2222 1966 2275 in-

382 2294 562 2359 ferito,
595 2309 770 2364 neque
794 2311 924 2350 caro
955 2299 1074 2366 ejus
1107 2301 1240 2354 vidit
1266 2306 1669 2373 corruptionem
1720 2311 1761 2362 ³.
1799 2329 1818 2362 ι
1854 2311 1965 2367 Nec

381 2383 526 2436 enim
583 2381 666 2438 fas
709 2393 793 2438 est
843 2385 1043 2452 dicere,
1101 2403 1320 2442 carnem
1370 2389 1551 2447 Verbo
1603 2396 1811 2450 unitatn
1863 2397 1964 2451 ali-

383 2474 599 2542 quando
632 2475 872 2545 potuissc
920 2480 1215 2548 corrumpi,
1250 2491 1342 2535 aut
1379 2483 1617 2538 divinam
1655 2486 1798 2542 illam
1843 2491 1961 2542 ani-

380 2585 522 2621 tuam
571 2569 712 2624 intra
760 2571 956 2626 inferni
993 2584 1182 2642 portas
1222 2577 1476 2633 detineri.
1509 2579 1667 2648 Nam,
1725 2593 1782 2635 ut
1821 2582 1960 2638 divi-

380 2675 487 2714 nus
537 2661 731 2716 Petrus
755 2663 850 2728 ait,
894 2664 1074 2718 anima
1123 2665 1240 2733 ejus
1271 2667 1324 2720 in
1362 2669 1578 2725 inferno
1623 2672 1811 2727 relicta
1850 2690 1956 2728 non

376 2753 500 2808 luit.
547 2752 732 2823 Neque
781 2771 910 2810 vero
958 2767 1207 2811 naturam
1258 2759 1427 2828 illam,
1455 2778 1574 2831 quae
1623 2779 1723 2820 nec
1774 2777 1955 2822 mente

375 2845 798 2913 comprehendi,
858 2863 1031 2917 neque
1081 2865 1177 2919 per
1227 2861 1456 2908 mortem
1521 2854 1789 2912 ullatenus
1835 2860 1952 2928 capi

372 2947 572 3006 potest,
602 2938 702 2991 hoc
729 2949 810 2991 est
835 2937 1109 3010 Unigcniti
1137 2943 1498 3010 divinitatem,
1525 2964 1555 3002 e
1580 2949 1952 3006 subterraneis

373 3027 480 3081 illis
510 3031 778 3094 specubus
813 3045 1028 3084 rursum
1071 3036 1361 3090 emersisse
1389 3038 1635 3094 dicemus
1663 3057 1676 3093 :
1704 3043 1949 3110 quando-

372 3122 588 3188 quidem
655 3122 800 3175 nulla
848 3124 1207 3179 admiratione
1255 3127 1472 3196 dignum
1522 3141 1704 3196 esset,
1755 3134 1800 3188 si
1858 3136 1947 3190 Dei

372 3211 612 3268 Verbum
649 3215 946 3270 divinitatis
978 3216 1025 3270 vi
1063 3217 1419 3289 ejusdemque
1454 3220 1690 3277 eﬂicacia
1737 3230 1944 3296 nixum,

369 3307 510 3374 apud
535 3304 738 3360 inferos
772 3322 878 3360 non
915 3309 1225 3376 mansisset,-
1255 3327 1374 3364 cnm
1405 3315 1798 3374 admirabiliter
1824 3338 1943 3374 om-

367 3399 529 3452 nibus
594 3397 756 3462 adsit,
815 3398 1144 3469 intpleatque
1201 3406 1404 3456 omnia.
1468 3405 1651 3462 Deitas
1709 3427 1941 3481 namque

364 3487 514 3541 otuni
552 3485 670 3544 loco
699 3497 756 3543 et
785 3489 1317 3562 circumscriptione,
1351 3506 1405 3549 et
1445 3501 1793 3556 mensurabili
1829 3521 1942 3559 uta-

365 3578 645 3647 gnitudine
691 3581 961 3649 superior,
1014 3598 1043 3637 a
1095 3585 1247 3638 nullo
1312 3587 1430 3654 capi
1485 3594 1940 3659 comprehcndive

385 3682 561 3728 atileSl.

385 3687 561 3728 ιιιιθει.

363 3687 379 3738 Ι
645 3756 838 3810 Mirum
888 3772 1016 3811 vero
1071 3759 1240 3812 videri
1295 3760 1477 3824 debet,
1533 3763 1673 3830 quod
1743 3779 1942 3835 corpus

363 3856 558 3914 suapte
595 3857 784 3900 natura
833 3847 1071 3901 interitui
1120 3860 1174 3902 et
1215 3851 1372 3904 morti
1403 3853 1695 3906 obnoxium
1753 3856 1819 3907 ad
1863 3857 1940 3908 vi-

365 3945 475 3986 tam
520 3935 697 3990 denuo
766 3936 992 3991 redierit
1037 3955 1049 3991 :
1097 3937 1149 3993 id
1201 3941 1345 3993 enim
1401 3941 1725 3996 immortalis
1774 3941 1936 3997 V’erlii

362 4028 642 4095 proprium
694 4037 831 4082 erat.
885 4027 974 4083 Sic
1023 4045 1241 4100 quoque
1289 4033 1489 4097 anima,
1531 4049 1650 4102 quae
1683 4051 1804 4088 cum
1849 4037 1940 4091 illo

363 4118 650 4185 conjuncta
684 4121 1040 4191 copulataque
1073 4124 1270 4191 fuerat,
1299 4128 1364 4180 ad
1393 4126 1595 4181 inferos
1620 4130 1935 4195 descendit,

363 4210 652 4280 divinaque
680 4212 880 4268 virtute
913 4228 977 4268 ac
1010 4217 1250 4284 polentia
1285 4228 1463 4283 utens,
1492 4221 1772 4288 spiritibus
1800 4238 1938 4292 quo-

361 4314 469 4366 que
499 4299 697 4355 ibidem
731 4303 962 4371 captivis
989 4319 1109 4360 sese
1139 4307 1384 4362 exhibuit
1433 4309 1472 4362 ⁸.
1507 4309 1722 4366 Etenim
1755 4314 1819 4369 iis
1843 4314 1936 4383 qui

360 4388 595 4444 vinculis
646 4391 717 4446 ibi
753 4393 1033 4448 constricti
1074 4396 1462 4454 detinebantur
1493 4417 1506 4454 :
1545 4419 1562 4451 ι
1595 4401 1773 4467 Exite,
1812 4405 1887 4458 ait
1919 4421 1932 4459 :

359 4483 428 4536 iis
453 4498 578 4538 vero
615 4484 705 4554 qui
747 4486 988 4540 tenebris
1009 4488 1428 4556 operiebantur:
1454 4491 1787 4552 Revelatnini
1840 4499 1882 4551 '.
1910 4518 1928 4551 ι

356 4577 534 4646 Atque
589 4578 693 4631 huc
747 4578 877 4632 tnihi
932 4595 1158 4650 magnus
1233 4582 1321 4637 ille
1375 4584 1568 4642 Petrus
1626 4592 1935 4660 respexisse

355 4668 589 4733 videtur,
629 4683 749 4722 cum
780 4668 846 4722 de
884 4666 979 4723 Dei
1016 4669 1216 4735 Verbo,
1250 4670 1599 4745 ejusdemque
1633 4681 1932 4734 secundum

355 4760 810 4829 dispensatoriam
865 4761 1120 4818 unionem
1172 4765 1373 4832 anima,
1431 4768 1574 4822 hune
1611 4770 1661 4824 in
1715 4774 1930 4828 modum

354 4851 714 4905 coneiouatur
747 4871 760 4906 :
796 4872 814 4904 ι
847 4851 1038 4909 Melius
1083 4867 1165 4911 est
1214 4859 1360 4912 enim
1417 4861 1820 4920 benefacientes
1866 4869 1930 4934 (si

351 4945 602 4999 voluntas
638 4945 730 4998 Dei
769 4945 920 5018 velit)
956 4949 1092 5016 pati,
1123 4965 1283 5018 quam
1317 4953 1722 5011 malefacientes
1757 4975 1769 5010 :
1803 4961 1928 5028 quia

352 5047 408 5088 et
436 5037 690 5092 Christus
723 5039 889 5092 semel
928 5056 1026 5108 pro
1052 5045 1292 5110 peccatis
1325 5049 1525 5102 nostris
1555 5060 1800 5107 mortuus
1824 5063 1927 5120 est,

345 5129 525 5196 justus
569 5146 666 5201 pro
692 5130 931 5201 injustis,
1096 5142 1153 5185 ut
1199 5150 1300 5190 nos
1331 5135 1550 5193 oﬂerret
1581 5141 1728 5208 Deo;
1779 5160 1927 5198 mor-

349 5221 586 5277 tilicatus
649 5224 865 5293 quidem
937 5239 1141 5291 carne,
1210 5225 1512 5284 vivificatns
1581 5244 1757 5288 autem
1819 5240 1928 5306 spi-

349 5312 452 5366 ritu
496 5314 537 5380 °,
600 5314 652 5368 in
704 5330 809 5385 quo
853 5325 908 5371 et
955 5317 1039 5370 his
1074 5318 1163 5387 qui
1204 5319 1256 5372 in
1305 5334 1528 5386 carcere
1578 5338 1734 5379 erant
1766 5331 1925 5398 εμιτιο

347 5403 490 5459 tibus
541 5408 764 5463 veniens
817 5409 1170 5477 praedicavit,
1225 5412 1317 5480 qui
1393 5413 1654 5472 increduli
1712 5418 1929 5475 fuerant

343 5493 657 5562 aliquando.
672 5516 690 5546 ι
720 5495 830 5551 Nec
853 5513 980 5554 vero
1000 5501 1182 5554 dicent
1208 5502 1545 5560 divinitatem
1567 5524 1660 5575 per
1681 5526 1739 5566 se
1759 5512 1926 5564 solani

351 5587 418 5639 ad
457 5588 663 5641 inferos
704 5591 1074 5656 descendisse,
1117 5595 1510 5668 Spiritibusque
1555 5603 1752 5659 ibidem
1797 5622 1929 5660 Cou-

426 5689 442 5718 ¹
478 5687 687 5742 lJoan.
710 5705 790 5756 tn,
817 5692 900 5746 16.
959 5697 978 5727 ⁸
1009 5693 1167 5752 Rom.
1212 5714 1320 5763 ιιιν.
1353 5701 1404 5754 9.
1477 5704 1494 5734 ³
1525 5704 1643 5757 Act.
1677 5720 1737 5770 ιι,
1771 5705 1959 5759 29-51.

2093 403 2298 469 σαρκὸς
2342 402 2479 473 ἔργα
2503 423 2561 458 τε
2599 407 2693 459 καὶ
2725 410 2986 480 appium}
3000 428 3146 480 ματα
3179 409 3404 478 φυσικὰ,
3448 410 3541 461 καὶ
3573 409 3689 462 ὅσα.

2093 492 2284 562 μώμου
2319 498 2536 566 μακράν
2557 512 2570 525 ⁸
2605 499 2749 570 ψυχῇ
2776 501 2818 552 δ’
2847 497 2913 555 αὖ
2947 505 3011 572 τῇ
3052 504 3178 575 ἰδίᾳ,
3209 503 3344 573 πρὸς
3372 503 3440 555 τά
3463 502 3687 571 ἀνθρώ·-

2090 587 2220 638 πινά
2251 603 2306 638 τε
2339 589 2430 640 καὶ
2455 590 2752 644 ἀνυπαίτια
2782 593 2952 662 πάθη.
2983 597 3245 666 Πεινῆσαι
3289 596 3397 666 γάρ
3427 595 3682 663 λέγεται,

2087 678 2289 741 κόπους
2350 681 2674 749 ὑπενεγκεῖν
2727 686 2854 748 τοὺς
2909 688 2973 739 ἐκ
3029 689 3258 759 μακρῶν
3325 687 3682 759 ὁδοιποριῶν,

2087 771 2276 832 πτοίας
2309 788 2368 822 τε
2409 774 2502 825 καὶ
2534 775 2756 842 φόϐους,
2788 779 2880 830 καὶ
2916 778 3115 849 λύπην,
3147 781 3242 833 καὶ
3271 780 3536 846 ἀγωνίαν,
3571 780 3680 833 καὶ

2085 861 2174 913 τὸν
2208 862 2302 914 ἐπὶ
2336 864 2414 934 τῷ
2460 866 2681 936 σταυρῷ
2717 867 2969 922 θάνατον.
3011 871 3526 939 Ἐπαναγκάζοντος
3557 870 3679 942 γὰρ

2083 948 2317 1012 οὐδενὸς,
2350 951 2594 1005 τέθεικεν
2637 955 2728 1024 ἀφ’
2774 958 2968 1011 ἑαυτοῦ
3003 959 3099 1030 τὴν
3133 960 3270 1014 ἰδίαν
3297 961 3479 1033 ψυχὴν
3525 961 3676 1032 ὑπὲρ

2081 1042 2112 1108 ἡ
2124 1041 2263 1109 μῶν,
2300 1044 2386 1098 ἵνα
2414 1046 2508 1100 καὶ
2528 1051 2737 1119 νεκρῶν
2777 1052 2870 1104 καὶ
2904 1051 3122 1114 ζώντων
3150 1053 3448 1126 κυριεύσῃ”
3484 1053 3674 1125 σάρκα.

2083 1135 2182 1202 μὲν
2220 1134 2316 1205 τὴν
2366 1137 2523 1203 ἰδίαν,
2555 1140 2652 1210 τῆς
2701 1143 2957 1196 ἁπάντων
2997 1145 3198 1216 σαρκὸς
3247 1147 3674 1210 ἀνταποτιννὺς,

2078 1225 2248 1295 δῶρον
2288 1228 2501 1296 άληθῶς
2524 1231 2796 1298 ἀντάξιον·
2815 1234 2992 1306 ψυχὴν
3017 1237 3093 1297 δὲ,
3128 1237 3308 1307 ψυχῆς
3340 1239 3671 1311 ἀντίλυτρον

2077 1313 2178 1382 τῆς
2206 1316 2463 1370 ἁπάντων
2493 1321 2839 1389 ποιούμενος,
2879 1327 2928 1376 εἰ
2964 1327 3056 1378 καὶ
3092 1328 3294 1382 ἀνεϐίω
3327 1329 3514 1392 πάλιν,
3545 1330 3671 1402 ζωὴ

2078 1408 2221 1458 κατὰ
2251 1408 2412 1475 φύσιν
2443 1411 2704 1483 ὑπάρχων
2732 1415 2806 1474 ὡς
2837 1415 2990 1479 Θεός.
3027 1420 3134 1471 Καὶ
3160 1420 3291 1486 γοῦν
3313 1422 3342 1474 ὁ
3372 1421 3671 1487 Θεσπέσιος

2077 1498 2283 1570 Πέτρος
2306 1541 2320 1564 ,
2359 1521 2376 1553 ι
2416 1505 2641 1574 Ἀνδρες
2672 1507 2916 1575 ἀδελφοὶ,
2947 1511 3134 1580 φησιν,
3165 1513 3286 1579 ἐξὸν
3313 1515 3492 1568 εἰπεῖν
3520 1517 3668 1587 μετά

2194 1592 2386 1660 ρησίας
2420 1596 2557 1664 πρὸς
2597 1597 2743 1666 ὑμᾶς
2791 1601 2920 1670 περὶ
2951 1602 3044 1654 τοῦ
3074 1607 3416 1675 πατριάρχου
3468 1609 3664 1674 Amata,

2072 1679 2155 1730 ὅτι
2186 1681 2280 1732 καὶ
2312 1682 2631 1756 ἐτελεύτησε
2667 1689 2763 1741 καὶ
2797 1691 2970 1762 ἐτάφη
2998 1733 3012 1754 ,
3045 1695 3138 1747 καὶ
3171 1697 3231 1748 τὸ
3265 1698 3456 1768 μνῆμα
3489 1701 3662 1754 αὐτοῦ

2072 1772 2218 1870 ἐστιν
2252 1777 2309 1827 ὲν
2357 1778 2486 1846 ἡμῖν
2531 1779 2660 1850 ἄχρι
2706 1782 2806 1852 τῆς
2841 1787 3052 1856 ἡμέρας
3086 1790 3312 1859 ταύτης.
3361 1794 3662 1870 Προφήτης

2071 1860 2163 1916 οῦν
2197 1865 2480 1936 ὑπάρχων,
2527 1872 2618 1922 καὶ
2649 1872 2806 1934 εἰδὼς
2835 1914 2849 1937 ,
2881 1877 2962 1929 ὅτι
3008 1879 3157 1950 ὅρκῳ
3201 1879 3415 1952 ὤμοσεν
3445 1889 3604 1960 αὺτῷ
3629 1891 3660 1946 ὁ

2071 1957 2224 2022 Θεὸς,
2255 1961 2318 2011 ἐκ
2346 1962 2560 2031 καρποῦ
2604 1965 2700 2034 τῆς
2735 1968 2933 2036 ὀσφύος
2962 1971 3127 2025 αὐτοῦ
3169 1976 3391 2032 καθίσαι
3439 1983 3534 2036 ἐπὶ
3557 1957 3656 2038 τοῦ

2071 2047 2261 2117 θρόνου
2305 2051 2493 2117 αὐτοῦ,
2543 2056 2808 2124 προειδὼς
2853 2059 3082 2131 ὲλάλησε
3131 2066 3386 2140 περὶτῆς
3413 2073 3655 2130 ἀναστά-

2070 2157 2208 2204 σεως
2239 2143 2333 2194 τοῦ
2379 2145 2638 2214 Χριστοῦ,
2675 2149 2757 2202 ὅτι
2800 2150 2923 2204 οὔτε
2971 2157 3368 2233 ἐγκατελείφθη
3421 2167 3452 2234 ἡ

2068 2231 2234 2284 αὐτοῦ
2260 2235 2340 2297 εἰς
2365 2235 2519 2306 ᾅδην,
2547 2238 2662 2292 οὗθ’
2689 2243 2722 2312 ἡ
2760 2243 2899 2313 σὰρξ
2925 2247 3090 2301 αὐτοῦ
3115 2247 3224 2304 οἶδε
3255 2253 3580 2327 διαφθοράν.
3623 2281 3646 2314 ι

2067 2323 2141 2374 Ού
2177 2323 2285 2394 γάρ
2308 2343 2388 2378 τοι
2413 2328 2572 2397 Θέμις
2608 2333 2803 2397 εἰπεῖν,
2855 2336 3032 2408 φθορᾷ
3071 2340 3172 2410 μὲν
3201 2323 3468 2400 δύνασθαι⁷
3509 2368 3650 2421 κρα-

2062 2415 2273 2468 τεῖσθαί
2303 2435 2432 2471 ποτε
2478 2423 2574 2491 τὴν
2618 2425 2914 2481 ἐνωθεῖσαν
2954 2431 3034 2500 τῷ
3069 2434 3227 2506 Λόγῳ
3275 2440 3476 2508 σάρκα,
3509 2415 3650 2499 κάτ-

2062 2522 2186 2575 οχον
2203 2508 2248 2560 δ’
2266 2505 2334 2562 αὖ
2355 2514 2474 2575 ταῖς
2495 2513 2621 2584 ᾅδου
2653 2514 2846 2582 πύλαις
2872 2523 2969 2590 τὴν
2994 2523 3144 2578 θείαν
3165 2530 3417 2594 γενέσθαι
3434 2533 3642 2606 ψυχήν·

2062 2598 2162 2691 οὐκ
2183 2601 2576 2691 εγκατελείφθη
2596 2608 2703 2678 γὰρ
2729 2612 2807 2673 εἰς
2837 2612 2989 2684 ᾅδην,
3008 2617 3151 2670 καθὰ
3178 2621 3270 2673 καὶ
3297 2624 3322 2674 ὁ
3345 2598 3644 2691 θεσπέσιος

2061 2686 2162 2757 ἔφη
2203 2689 2428 2760 Πέτρος.
2461 2694 2535 2745 Οὐ
2569 2697 2675 2765 γάρ
2717 2716 2818 2751 που
2846 2703 2945 2772 τήν
2974 2721 3031 2756 τε
3071 2686 3639 2783 ἄληπτον-παντελῶς,

2063 2779 2156 2830 καὶ
2199 2781 2473 2836 ἀνάλωτον
2517 2786 2593 2855 τῷ
2631 2787 2847 2861 θανάτῳ
2881 2793 3063 2860 φύσιν,
3097 2801 3344 2854 τουτέστι
3373 2803 3477 2876 τὴν
3515 2806 3639 2862 θεό-

2058 2883 2197 2938 τητα
2225 2871 2320 2923 τοῦ
2353 2874 2693 2944 Μονογενοῦς
2717 2918 2732 2943 ,
2786 2883 2894 2936 τῶν
2928 2886 3033 2939 ὑπὸ
3079 2888 3242 2958 χθόνα
3277 2871 3468 2966 μυχῶϋν
3503 2899 3639 2954 ἀνα·

2059 2964 2378 3031 κεκομίσθαι
2408 2969 2650 3038 φήσομεν
2673 2989 2684 3002 ·
2717 2973 2840 3026 οὔτε
2872 2976 2981 3048 γὰρ
3010 2979 3076 3032 ἂν
3113 2982 3320 3055 ἠξιώθη
3350 2964 3412 3040 τὸ
3443 2992 3638 3064 χρῆμα

2054 3052 2355 3121 θαύματος,
2390 3060 2438 3109 εὶ
2482 3060 2556 3129 μὴ
2617 3065 2926 3137 μεμένηκεν
2951 3072 3032 3134 εἰς
3060 3073 3153 3125 τὸν
3346 3080 3378 3134 ὁ
3403 3052 3635 3139 ἐιί-Θέοὗ

2049 3145 2241 3213 Λόγος,
2307 3153 2372 3219 τῇ
2419 3153 2516 3221 τῆς
2585 3155 2839 3226 θεότητος
2896 3163 3149 3233 ἐνεργείᾳ
3188 3145 3395 3224 τεκαὶ
3445 3174 3632 3241 φύσει,

2053 3238 2374 3307 παραδόξως
2434 3259 2491 3294 τε
2556 3246 2650 3296 καὶ
2711 3248 2851 3320 ὑπὲρ
2911 3252 3090 3321 λόγον,
3133 3257 3358 3330 πληρῶν
3407 3263 3512 3334 μὲν
3561 3269 3631 3322 τά

2053 3329 2248 3391 πάντα,
2282 3334 2377 3385 καὶ
2407 3338 2518 3398 τοῖς
2550 3339 2715 3391 πᾶσιν
2743 3343 3044 3414 ἐπιδημῶν.
3063 3329 3360 3423 Ἀνώτερον
3383 3329 3493 3425 γάρ
3522 3373 3628 3410 που

2052 3421 2144 3470 καὶ
2178 3427 2539 3495 περιορισμοῦ
2574 3429 2858 3486 mit-61:00
2890 3437 2984 3489 καὶ
3010 3421 3278 3507 μεγέθους
3358 3421 3629 3517 μετρητοῦ

2048 3514 2109 3564 τὸ
2140 3513 2316 3578 Θεῖον,
2353 3519 2484 3571 αὐτὸ
2522 3520 2579 3573 δὲ
2613 3522 2718 3576 ὑπὸ
2747 3527 2976 3594 μηδενὸς
3002 3532 3370 3605 χωρούμενον.

2267 3782 2577 3854 Παράδοξον
2647 3783 2705 3836 δὲ
2732 3781 2826 3836 καὶ
2857 3783 3037 3837 οὐδενὶ
3071 3783 3178 3837 τῶν
3205 3783 3375 3837 ὄντων
3405 3781 3623 3855 θαυμα-

2044 3871 2167 3926 στὸν
2219 3913 2233 3935 ,
2264 3876 2346 3926 ὃτι
2379 3872 2537 3943 σῶμα
2579 3871 2677 3942 μὲν
2712 3873 2910 3926 ἀνεϐίω
2942 3872 3000 3926 τὸ
3038 3877 3106 3943 τῇ
3155 3873 3314 3942 φύσει
3343 3873 3616 3944 φθαρτόν·

2041 3956 2108 4030 ἦν
2136 3960 2243 4030 γὰρ
2281 3961 2410 4013 ἴδιον
2435 3959 2528 4013 τοῦ
2559 3959 2838 4032 ἀφθάρτου
2865 3961 3236 4033 Λόγουλῑῶχὴ
3259 3962 3313 4014 δὲ
3341 3963 3404 4034 δὴ
3433 3965 3620 4031 πάλιν,

2041 4049 2140 4118 τὴν
2188 4050 2321 4120 πρὸς
2369 4051 2532 4105 αὑτὸν
2563 4049 2806 4120 λαχοῦσα
2837 4051 3144 4125 συνδρομήν
3175 4069 3234 4104 τε
3266 4058 3359 4109 καὶ
3391 4056 3610 4121 ἕνωσιν,

2043 4143 2482 4218 καταπεφοίτηκε
2518 4145 2616 4215 μὲν
2665 4147 2743 4208 εἰς
2779 4145 2930 4217 ᾅδου,
2979 4147 3273 4218 θεοπρεπεῖ
3298 4149 3357 4200 δὲ
3386 4148 3618 4217 δυνάμει

2043 4235 2138 4287 καὶ
2199 4235 2418 4306 ἐξουσίᾳ.
2471 4236 2752 4307 χρωμένη,
2797 4238 3044 4301 καὶτοῖς
3097 4242 3276 4292 ἐκεῖσε
3339 4239 3618 4305 πνεύμασι

2045 4327 2418 4396 κατεφαίνετο.
2481 4327 2774 4399 Τοιγάρτοι
2853 4331 2947 4384 καὶ
3009 4329 3215 4398 ἔφασκε
3261 4335 3369 4393 τοῖς
3423 4334 3482 4384 ἐν
3532 4331 3620 4382 δε-

2045 4422 2226 4489 σμοῖς·
2265 4439 2283 4471 ¢
2334 4407 2605 4486 ’E‘Eémets
2625 4439 2638 4452 ·
2669 4423 2765 4476 καὶ
2791 4424 2900 4487 τοῖς
2926 4424 2983 4475 ὲν
3016 4422 3092 4493 τῷ
3119 4424 3328 4476 σκότει·
3379 4424 3614 4490 Ἄνακα-

2041 4511 2326 4564 λύπτεσθε.
2364 4531 2382 4562 ι
2422 4512 2528 4564 Καί
2562 4531 2652 4582 μοι
2702 4514 2851 4568 δοκεῖ
2892 4516 3058 4583 φάναι
3094 4533 3144 4567 τι
3188 4515 3427 4570 τοιοῦτον
3461 4515 3554 4568 καὶ
3583 4516 3616 4566 ὁ

2042 4595 2324 4661 θεσπέσιος
2367 4598 2571 4669 Πέτρος
2617 4603 2747 4672 περὶ
2789 4601 2884 4654 τοῦ
2941 4602 3076 4655 Θεοῦ
3132 4603 3331 4672 Λόγου,
3377 4603 3472 4658 καὶ
3515 4603 3616 4674 τῆς

2040 4693 2159 4744 καθ’
2187 4692 2378 4746 ἕνωσιν
2417 4695 2727 4766 οἰκονομίας
2750 4699 2767 4731 ι
2800 4696 3178 4766 γεγενημένης
3209 4696 3372 4750 αὑτοῦ
3397 4695 3609 4766 ψυχῆς·

2044 4804 2062 4836 ι
2100 4787 2362 4857 Κρεῖττον
2394 4788 2503 4858 γάρ
2527 4787 3014 4856 ἀγαθοποιοῦντας,
3049 4790 3099 4842 εἰ
3133 4788 3276 4842 θέλοι
3312 4788 3374 4841 τὸ
3401 4787 3613 4858 θέλημα

2037 4879 2131 4932 τοῦ
2157 4879 2314 4943 Θεοῦ,
2344 4881 2596 4950 πάσχειν,
2623 4882 2655 4954 ἢ
2686 4881 3120 4943 κακοποιοῦντας
3139 4897 3152 4913 ο
3181 4883 3264 4935 ὅτι
3296 4882 3389 4935 καὶ
3424 4883 3451 4932 ὁ
3474 4881 3613 4952 Χρι-

2038 4973 2162 5035 στὸς
2199 4971 2347 5036 ἅπαξ
2381 4972 2521 5043 ὑπὲρ
2551 4973 2894 5044 ἁμαρτωλῶν
2929 4973 3168 5028 ἀπέθανε
3189 5012 3205 5037 ,
3235 4974 3442 5036 δίκαιος
3473 4973 3614 5042 ὑπὲρ

2035 5062 2255 5129 ἀδίκων,
2306 5065 2371 5116 ἵν’
2401 5066 2547 5135 ἡμᾶς
2597 5066 2926 5138 προσαγάγῃ
2977 5066 3054 5137 τῷ
3101 5065 3240 5134 Θεῷ,
3276 5063 3611 5125 θανατωθεὶς

2037 5154 2140 5222 μὲν
2186 5155 2386 5226 σαρκὶ,
2439 5155 2794 5226 ζωοποιηθεὶς
2838 5157 2893 5209 δὲ
2942 5157 3019 5228 τῷ
3063 5157 3371 5227 πνεύματιο
3439 5159 3497 5209 ἐν
3542 5149 3606 5225 ᾧ,

2035 5246 2201 5320 φησι,⁵
2244 5246 2340 5298 καὶ
2402 5249 2511 5310 τοῖς
2576 5248 2632 5300 ἐν
2704 5250 2917 5319 φυλακῇ
2984 5247 3257 5320 πνεύμασι
3320 5248 3605 5318 πορευθεὶς

2031 5314 2664 5408 ἐκήρυξεν,άπειθήσασί
2687 5357 2839 5392 ποτε.
2869 5360 2886 5392 ι
2919 5341 3052 5394 Οὐδὲ
3079 5341 3207 5412 γάρ,
3239 5338 3418 5410 οἶμαι,
3451 5341 3603 5409 φαῖεν

2032 5425 2118 5487 ἂν,
2163 5424 2235 5488 ὡς
2284 5426 2464 5497 γυμνὴ
2494 5429 2588 5482 καὶ
2619 5428 2746 5482 καθ’.
2778 5429 2976 5501 ἑαυτὴν
3020 5432 3052 5500 ἡ
3085 5431 3274 5502 θεότης
3303 5430 3397 5482 τοῦ
3429 5433 3599 5484 Move-

2031 5514 2221 5579 γενοῦς
2263 5518 2704 5588 καταπεφοξτηκε
2751 5519 2850 5589 μὲν
2886 5521 2966 5584 εἰς
3012 5520 3162 5591 ᾅδου,
3220 5520 3508 5592 διεκήρυξε
3546 5517 3597 5571 δὲ

2028 5609 2137 5667 τοῖς
2186 5607 2362 5659 ἐκεῖσε
2410 5609 2715 5678 πνεύμασιν
2749 5650 2764 5676 ,
2816 5611 3058 5678 ἄποπτος
3106 5610 3240 5668 οὖσα
3285 5614 3586 5674 navum);

2029 5706 2047 5736 "
2082 5709 2097 5762 l
2127 5709 2270 5761 l‘ctr.
2306 5725 2386 5770 lli,
2422 5708 2504 5764 l9.
2571 5711 2589 5740 "
2622 5709 2724 5764 lsa.
2757 5725 2899 5772 κως,
2928 5711 2982 5768 9.
3048 5716 3066 5744 ‘
3096 5714 3268 5771 lPetr.
3297 5733 3377 5780 ιιι,
3405 5718 3488 5782 l7,
3519 5714 3596 5771 l3.
