4042 6208
328 283 430 347 921

1285 279 1655 340 PANOPLIA
1699 283 2243 343 DOt}.\l:\TlC:\.—-
2277 287 2428 346 'I‘lT.
2465 287 2618 352 XIV.

3488 291 3592 354 9:22

328 425 574 495 κρεῖττον
602 421 711 493 γὰρ
737 421 826 475 ἀεὶ
863 421 958 474 τοῦ
983 420 1214 491 ὁρᾶσθαι
1241 421 1302 472 τὸ
1344 420 1517 472 Θείον.
1557 420 1698 471 Ἀλλ’
1727 420 1786 471 οὐ
1819 419 1904 470 δο-

2029 420 2177 473 τΙιιείε
2225 420 2583 488 praedicasse;
2634 434 2757 475 cum
2812 419 2927 488 ipsa
2979 422 3200 478 omnino
3246 426 3349 481 sub
3400 433 3585 484 oeulos

327 518 488 583 ιήσει
515 515 610 567 καὶ
632 514 1120 584 ὲσχηματισμένως
1161 513 1242 574 είς
1274 511 1333 563 τὸ
1361 511 1542 581 ψυχῆς
1573 507 1709 572 εἶδος
1736 511 1904 584 αῇὴν

331 571 729 677 μεμορφῶσθαῖ
756 571 1020 673 ’δώσομεν
1042 618 1055 633 ·
1100 571 1476 673 παραιτητέον
1498 571 1617 671 ’γὰρ
1657 571 1908 671 παντέχῆ

330 700 428 769 τὴν
455 698 696 767 δόκησιν.
716 696 855 749 Ἀλλ’
884 695 1074 767 ὥσπερ
1103 698 1217 759 τοῖς
1240 697 1333 748 ἐπὶ
1361 694 1466 764 γῆς
1491 695 1904 763 συνανεστράςρη

333 791 476 862 μετὰ
502 790 723 861 σαρκὸς,
759 788 900 842 οὕτω
947 789 1041 842 καὶ
1087 791 1208 851 ταῖς
1241 791 1319 852 εἰς
1349 787 1474 859 ᾆδον
1504 787 1703 857 ψυχαῖς
1730 785 1910 856 διεκή-

332 882 513 954 ρυξεν,
567 883 694 937 ἴδιον
751 881 892 951 ἔχων
950 882 1201 951 φόρημα,
1253 880 1351 950 τὴν
1409 878 1702 932 ὲνωθεῖσαν
1757 876 1905 947 αὑτῷ

332 978 538 1046 divxav-

330 1069 622 1134 degebant,
673 1075 918 1119 versatus
966 1066 1132 1119 estin
1182 1079 1456 1130 corpore;
1491 1063 1565 1116 ita
1633 1064 1935 1132 spiritibus,

2015 526 2119 565 non
2150 511 2339 574 cadat,
2386 512 2838 581 praestantiorque
2895 512 2984 576 sit,
3033 527 3196 581 quam
3257 527 3315 570 ut
3360 521 3426 572 ab
3476 523 3586 573 ullo

2013 601 2160 654 cerni
2199 611 2385 670 queat.
2419 602 2528 656 Nec
2555 603 2718 656 etiam
2757 604 3160 656 concedendum
3200 617 3281 660 est
3329 609 3494 676 ipsam
3532 613 3581 663 iu

2014 703 2362 762 apparentem
2409 694 2604 747 animae
2653 695 2885 762 speciem
2930 697 3368 752 transl'orniatam
3417 715 3585 756 esse:

2012 785 2281 853 siquidem
2335 793 2574 838 externa:
2625 784 2780 838 istius
2831 788 3159 853 apparentia:
3219 799 3584 844 commentum

2015 878 2240 934 Omnino
2278 876 2547 945 repudiari
2599 877 2773 930 debet.
2822 878 2927 930 Sed
2965 881 3416 944 quemadmodum
3460 880 3590 935 Uni-

2013 973 2227 1041 geuitus
2275 985 2404 1024 cum
2463 969 2563 1032 iis,
2609 970 2698 1036 qui
2750 968 2806 1022 in
2877 972 3197 1038 corporibus
3245 974 3355 1025 suis
3407 975 3587 1026 adhuc

2011 1063 2103 1132 qui
2157 1063 2296 1131 apud
2348 1060 2551 1114 inferos
2606 1061 2955 1125 tenebantur,
3016 1063 3251 1116 animam
3300 1077 3478 1119 mente
3532 1078 3587 1120 et

331 1161 550 1214 ratione
589 1160 868 1227 praeditam
907 1159 1008 1211 sibi
1042 1156 1388 1224 c0njunctam
1425 1155 1655 1218 habens,
1691 1156 2049 1209 couciouatns
2090 1164 2195 1208 est.

576 1251 685 1304 Καὶ
723 1249 889 1318 βαθὺς
921 1250 1019 1319 μὲν
1053 1249 1180 1312 ἴσως
1211 1248 1308 1301 καὶ
1336 1249 1646 1320 ἀπόρρητος
1700 1249 1914 1319 ἀληθῶς

331 1344 434 1398 καὶ
473 1346 594 1406 ταῖς
640 1343 934 1412 ἡμετέραις
984 1341 1245 1404 διανοίαις
1288 1341 1387 1410 οὺχ
1433 1339 1706 1410 ἁλώσιμος
1745 1342 1772 1393 6
1811 1339 1911 1408 τῆς

331 1434 802 1506 ινανθρωπήσεως
830 1432 1048 1503 τρόπος.
1095 1433 1302 1485 Ἐκεῖνο
1331 1432 1376 1485 δ’
1409 1427 1501 1485 οὖν
1535 1433 1684 1502 ὅμως
1715 1431 1908 1485 ἀναλο-

331 1525 586 1595 γίζεσθαι
632 1522 864 1593 πρέπεν
910 1523 978 1575 τὰ
1021 1522 1130 1592 γάρ
1157 1539 1242 1574 τοι
1292 1521 1366 1592 μὴ
1410 1520 1532 1574 καθ’
1565 1522 1716 1591 ἡμᾶς
1752 1520 1915 1573 πολι.-

334 1619 699 1688 πραγμονεῖν,
733 1617 834 1667 οὐκ
863 1614 1096 1684 ἀζήμιον
1118 1631 1133 1645 ·
1175 1615 1516 1678 ¹ἀνούστατον
1551 1613 1609 1666 δὲ
1635 1611 1914 1673 παντελῶς

333 1711 400 1764 τὸ
435 1708 687 1780 βασάνοις
725 1708 1019 1776 ὑποφέρειν
1044 1706 1112 1760 τὰ
1146 1707 1285 1776 ὑπὲρ
1312 1706 1459 1768 νοῦν,
1498 1705 1590 1759 καὶ
1621 1705 1915 1776 πειρᾶσθαι

2321 1246 2412 1300 Est
2462 1262 2593 1302 Sane
2629 1246 3023 1301 incarnationis
3070 1251 3256 1303 modus
3302 1253 3584 1312 admodum

2018 1339 2254 1402 sobtilis,
2296 1354 2528 1406 vereque
2571 1339 3004 1407 inexplicabilis;
3058 1343 3177 1395 talis
3212 1344 3446 1412 demum,
3491 1349 3585 1416 qui

2017 1432 2365 1500 cogitatiOnis
2406 1441 2704 1500 captusque
2735 1435 2908 1486 nostri
2940 1437 3218 1504 angustias
3247 1438 3430 1492 multis
3467 1455 3590 1508 par-

2017 1525 2162 1578 tibus
2202 1523 2450 1577 excedat.
2485 1524 2826 1592 Quapropter
2865 1526 2997 1578 illud
3047 1528 3238 1580 iterum
3287 1531 3590 1601 iterumque

2018 1617 2324 1684 expendere
2379 1630 2476 1668 nos
2521 1617 2729 1670 decet:
2773 1633 3000 1684 nempe,
3057 1631 3114 1670 ut
3171 1622 3412 1687 periculo
3485 1639 3590 1678 non

2020 1716 2177 1761 vacat
2221 1707 2494 1761 curiosius
2533 1707 2586 1760 in
2625 1723 2687 1762 ca
2721 1708 3016 1776 inquirere,
3054 1726 3173 1778 qum
3208 1712 3437 1768 humana
3483 1731 3588 1770 non

334 1803 481 1856 νοεῖν
517 1801 553 1854 ἃ
602 1801 701 1870 οὐχ
725 1795 836 1852 οἷόν
860 1816 940 1853 τε.
974 1801 1044 1852 Ἢ
1073 1800 1172 1852 οὐκ
1212 1794 1389 1865 οἶσθα,
1435 1801 1516 1853 ὅτι
1562 1801 1624 1850 τὸ
1676 1796 1810 1866 βαθὺ
1851 1797 1914 1869 δὴ

2028 1810 2142 1852 sunt
2170 1816 2182 1850 ε
2213 1799 2283 1851 ita
2328 1807 2586 1852 extremae
2619 1800 2906 1854 dementiae
2939 1801 3107 1854 videri
3137 1820 3210 1867 ea
3244 1820 3362 1872 qua:
3396 1808 3592 1861 mentis

335 1891 500 1947 τοῦτο
531 1892 848 1962 μυστήριον,
883 1890 976 1942 καὶ
1001 1889 1125 1942 νοῦν
1153 1890 1421 1962 ὑπερέχον
1453 1888 1540 1942 τὸν
1572 1891 1629 1942 ὲν
1661 1888 1817 1957 ἡμῖν,
1847 1891 1914 1958 τῇ

337 1984 498 2057 ἡμῶν
522 1983 944 2052 ἁπεριεργάστῳ
973 1982 1152 2034 πίστει
1208 1982 1531 2052 τετίμηται;
1561 1982 1634 2034 Τὸ
1659 1983 1715 2035 δὲ
1748 1983 1915 2035 ἀσυν-

337 2081 478 2142 ἐτως
515 2081 726 2146 λέγειν,
775 2099 793 2129 ι
827 2077 947 2141 [Ιῶς
975 2077 1192 2129 δύναται
1221 2074 1390 2128 ταῦτα
1433 2074 1721 2142 γενέσθαι;
1760 2092 1778 2124 ι
1816 2075 1916 2126 Νι-

343 2171 570 2242 κοδήμῳ
590 2188 648 2223 τε
673 2170 866 2238 ἐκείνῳ
910 2169 1004 2221 καὶ
1037 2171 1149 2230 τοῖς
1177 2168 1299 2220 κατ’
1334 2167 1496 2219 αὑτὸν
1523 2167 1914 2236 ἀπονέμοντες,

342 2262 732 2322 ἁνενδοιάστως
766 2256 1200 2328 παραδεξὼμεθα
1233 2256 1302 2309 τὰ
1325 2256 1412 2308 διὰ
1430 2255 1524 2308 τοῦ
1567 2255 1713 2308 θείου
1749 2255 1918 2308 Πνεῦ-

349 2367 521 2422 ματος
567 2347 1058 2419 χρησμῳδούμενα,
1099 2347 1191 2399 καὶ
1244 2344 1390 2414 αὑτῷ
1429 2344 1486 2396 δὲ
1536 2343 1917 2412 πιστεύσωμεν

343 2442 556 2510 λέγοντι
592 2439 808 2510 Χριστῷ
831 2455 842 2465 ·
883 2457 900 2489 ι
943 2438 1134 2508 Ἀμὴν,
1168 2435 1310 2506 ἀμὴν
1336 2436 1479 2504 λέγω
1529 2437 1676 2506 ὑμῖν,
1703 2435 1739 2489 ἃ
1772 2435 1910 2488 οῖδαο

349 2552 470 2607 μεν,
522 2533 811 2604 λαλοῦμεν,
861 2531 956 2585 καὶ
998 2530 1033 2583 ὃ.
1068 2531 1412 2600 ἑωράκαμεν,
1455 2529 1857 2599 μαρτυροῦμεν.
1895 2547 1911 2578 ι

343 2627 588 2698 υίχέσθω
614 2627 678 2696 δὴ
711 2619 806 2679 οὖν
835 2625 1000 2695 λῆρος
1033 2623 1132 2692 μὲν
1163 2621 1328 2684 ἄπας,
1379 2621 1544 2691 μῦθός
1574 2637 1633 2673 τε
1662 2620 1918 2689 ἀδρανὴς,

343 2723 442 2773 καὶ
480 2717 820 2789 ψευδοδοξία,
856 2717 949 2768 καὶ
985 2712 1442 2783 κεκομψευμένων
1488 2712 1789 2784 ῥημάτωνιι
1836 2728 1927 2778 φε-

344 2811 642 2882 νακισμός·
694 2807 1034 2880 προσιέμεθα
1077 2805 1195 2858 οῦτι
1247 2822 1349 2857 που
1401 2803 1462 2856 τὸ
1535 2803 1924 2857 κατασίνεσθαι

345 2903 593 2973 πεφυκὸς
617 2941 631 2965 ,
662 2902 765 2954 κᾶν
804 2902 852 2953 εί
886 2903 996 2962 τοῖς
1031 2898 1170 2966 ἄγαν
1213 2897 1629 2968 ἐξησκημένοις,
1681 2896 1775 2948 καὶ
1818 2896 1922 2965 μὴν

345 2997 444 3049 καὶ
471 2997 689 3065 πικροῖς
717 2995 866 3063 ἡμᾶς
892 2993 1279 3062 κατακροτοίεν
1322 3000 1346 3028 τ
1380 2990 1560 3056 λόγοις
1589 2991 1635 3041 οἰ
1677 2988 1745 3041 δι’
1769 2989 1920 3039 ἐναν-

347 3088 488 3150 τίας.
526 3088 680 3139 Ἐστι
712 3087 820 3154 γὰρ
864 3084 924 3137 τὸ
967 3082 1109 3136 θεῖον
1157 3081 1317 3152 ἡμῶν
1367 3081 1668 3152 μυστήριον
1717 3078 1816 3130 οὐκ
1861 3079 1920 3130 ὲν

2021 1899 2221 1946 nostra:
2273 1892 2444 1946 aciem
2491 1891 2800 1958 excedunt,
2851 1892 3072 1946 humani
3116 1894 3303 1963 judieii
3366 1899 3588 1951 trutina:

2020 1985 2288 2054 subjicere
2330 1983 2506 2038 moliri
2539 2003 2551 2037 :
2584 1983 2666 2038 vel
2715 1985 2780 2037 ad
2828 1999 3014 2038 eorum
3070 2001 3282 2039 rursum
3331 1989 3594 2057 cognitio-

2021 2093 2142 2132 nem
2199 2077 2357 2138 eniti,
2418 2091 2537 2144 quae
2589 2075 2737 2129 nullo
2789 2085 2949 2143 pacto
2999 2087 3182 2129 nostra
3239 2079 3592 2148 intelligentia

2021 2167 2408 2235 comprehendi
2460 2175 2703 2234 possunt.
2747 2165 2934 2218 Nescis
2966 2167 3283 2234 profundunt
3332 2169 3432 2223 hoc
3481 2185 3596 2240 my-

2022 2262 2273 2324 sterium,
2305 2259 2562 2325 omnique
2599 2259 2834 2311 humano
2858 2273 3020 2311 sensu
3056 2260 3361 2318 sublimius.
3392 2261 3495 2314 [ide
3527 2264 3596 2315 ab

2021 2352 2168 2405 omni
2224 2351 2438 2403 curiosa
2491 2349 2742 2416 indagine
2785 2349 2958 2403 aliena
3013 2349 3269 2403 honorari
3322 2367 3349 2403 a
3401 2352 3600 2407 nobis?

2023 2441 2384 2507 Quamobrem
2419 2440 2636 2493 stultam
2667 2439 2808 2493 illam
2840 2439 3189 2508 quaestionem
3218 2457 3233 2496 :
3271 2460 3287 2492 ι
3317 2440 3596 2506 Quomodo

2025 2543 2249 2602 possunt
2291 2535 2404 2588 haec
2440 2531 2551 2587 ﬁeri
2603 2531 2665 2585 '?
2695 2550 2714 2584 ι
2759 2531 3051 2585 Nicodemo
3077 2532 3301 2601 ejusque
3332 2533 3597 2588 similibus

2029 2625 2434 2692 relinquentes,
2489 2622 2623 2675 citra
2688 2621 2848 2674 ullam
2910 2622 3302 2676 haesitationem
3363 2623 3597 2690 Spiritus

2022 2715 2195 2770 sancti
2231 2715 2447 2768 oracula
2490 2712 2870 2781 suscipiamus,
2913 2713 3122 2782 ipsique
3163 2714 3380 2768 Clu-isto
3423 2716 3488 2768 de
3539 2729 3597 2768 se

2022 2808 2261 2874 loquenti
2315 2807 2472 2859 [idem
2527 2805 2917 2860 habeamus”
2949 2804 3143 2872 Amen,
3195 2806 3389 2874 inquit,
3440 2822 3594 2860 amen

2021 2899 2144 2951 dico
2183 2896 2358 2959 vobis,
2415 2897 2540 2964 quia
2594 2910 2712 2962 qme
2747 2895 2968 2959 scimus,
3020 2895 3325 2963 loquimur;
3394 2904 3447 2948 et
3481 2911 3599 2964 qua:

2023 2988 2275 3052 vidimus,
2302 2996 2564 3042 testamur
2605 2990 2644 3040 ².
2678 3006 2695 3038 ι
2734 2985 2958 3040 Valeant
2989 2986 3153 3055 igitur
3181 2987 3394 3052 deliria,
3427 2987 3590 3042 faces-

2028 3089 2150 3133 sant
2183 3092 2370 3131 omnes
2403 3077 2630 3131 inﬁrma:
2661 3078 2726 3130 ad
2760 3077 3190 3146 persuadendum
3234 3077 3447 3143 fabulae,
3482 3080 3592 3145 Opi-

349 3179 558 3239 ctatﬂo't;
585 3178 774 3246 accpiet;
802 3173 1148 3246 ἀνθρωπίνης
1177 3173 1378 3242 λόγοις,
1411 3171 1526 3226 ἀλλ’
1556 3172 1614 3222 ἐν
1643 3167 1920 3232 ἀποδείξει

2033 3169 2327 3234 nionesque
2360 3166 2530 3232 falsae,
2562 3181 2625 3221 ac
2654 3166 3056 3236 phaleratarum
3086 3167 3396 3221 vocularum
3433 3168 3604 3234 impo-

351 3271 497 3325 Πνεύ
505 3287 693 3342 ματος.

2035 3270 2198 3312 stura:
2225 3276 2238 3311 :
2268 3258 2399 3310 nihil
2429 3259 2571 3310 enim
2614 3258 2755 3326 quod
2789 3257 3172 3311 detrimentum
3205 3255 3402 3310 all‘crre
3444 3258 3602 3321 solt,

352 3364 717 3426 admittimus;
755 3358 968 3413 etiamsi
1029 3356 1323 3411 adversarii
1385 3352 1858 3410 exercitatissimis
1916 3351 2313 3420 acerrimisque
2367 3351 2668 3406 rationibus
2730 3366 2827 3405 nos
2890 3352 3242 3419 pulsaverint.
3305 3349 3398 3403 Est
3459 3351 3600 3406 enim

349 3459 591 3512 divinum
615 3455 716 3510 hoc
746 3463 989 3507 nostrum
1023 3460 1446 3516 sacramentum,
1481 3467 1586 3504 non
1625 3449 1675 3502 in
1740 3441 2188 3516 persuasibilibus
2251 3443 2501 3496 humanae
2573 3445 2852 3511 sapiettlizn
2878 3446 3059 3500 verbis
3093 3464 3107 3502 :
3139 3449 3234 3500 sed
3275 3446 3328 3500 in
3371 3445 3604 3515 Spiritus

347 3548 666 3606 ostensione
703 3547 958 3616 positum.

588 3636 722 3701 Θεὸς
761 3629 855 3687 οῦν
889 3629 1174 3701 ὑπάρχων,
1217 3627 1312 3681 καί
1369 3627 1476 3681 τῶν
1517 3626 1653 3678 ὅλων
1699 3623 1926 3693 Κύριος,

351 3729 496 3785 κατὰ
538 3729 637 3792 τὰς
676 3726 934 3799 Γραφὰς,
979 3725 1007 3775 6
1046 3719 1392 3790 Μονογενὴς,
1452 3717 1721 3786 ὲπέφανεν
1758 3717 1928 3786 ἡμῖν’

350 3819 510 3890 ὤφθη
557 3818 666 3890 γὰρ
709 3817 803 3870 επὶ
844 3814 983 3884 γῆς,
1023 3812 1118 3866 καὶ
1151 3809 1433 3880 ἐπέλαμψε
1477 3810 1590 3871 τοῖς
1633 3809 1692 3859 ἐν
1728 3806 1930 3867 σκότει,

351 3912 643 3981 γενόμενος
665 3907 950 3978 ἄνθρωπος
973 3944 988 3969 ,
1014 3904 1074 3957 οὐ
1107 3903 1322 3971 δοκήσει
1346 3939 1360 3964 ,
1394 3899 1466 3970 μὴ
1491 3897 1731 3966 γένοιτοί
1769 3896 1933 3966 μανία

353 4003 465 4074 γὰρ
494 4001 653 4055 τοῦτὸ
684 4016 748 4068 γε
778 3999 1018 4068 φρονεῖν.
1043 3994 1076 4064 ἢ
1104 3993 1284 4061 λέγειν
1310 4008 1323 4021 ·
1354 3990 1478 4044 οὔτε
1509 3990 1614 4061 μὴν
1645 3991 1726 4052 είς
1759 3989 1936 4057 σάρκα

355 4091 714 4164 παρενεχθεὶς
739 4089 882 4143 κατὰ
925 4086 1278 4158 μετάστασιν,
1313 4083 1347 4153 ἢ
1377 4082 1615 4154 τροπήν
1639 4078 1931 4132 ἀναλλοίω-

356 4206 448 4251 τος
482 4187 594 4257 γὰρ
634 4185 722 4240 ἀεὶ
756 4183 898 4238 κατὰ
922 4183 984 4236 τὸ
1022 4179 1154 4234 αὐτὸ
1201 4178 1296 4231 καὶ
1339 4175 1600 4238 ὡσαύτως
1644 4171 1782 4242 ἔχων
1817 4171 1845 4223 6
1872 4171 1937 4222 ὲκ

357 4281 496 4335 Θεοῦ
526 4280 717 4348 Λόγος.
761 4276 901 4328 Ἀλλ’
932 4273 1054 4328 οὐδὲ
1085 4271 1380 4342 όμόχρονον
1402 4269 1471 4339 τῇ
1506 4267 1668 4335 σαρκὶ
1696 4265 1794 4335 τὴν
1832 4262 1935 4314 ῦπ-

359 4371 519 4443 αρξιν
548 4369 687 4439 ἔχων
711 4383 723 4396 ·
759 4366 922 4430 αὐτὸς
963 4367 1062 4436 γάρ
1088 4367 1203 4418 ἐστι
1236 4361 1344 4415 τῶν
1375 4358 1586 4414 αἰώνων
1619 4359 1648 4410 6
1675 4355 1934 4426 Ποιητής.

361 4463 503 4516 υῦτε
531 4462 638 4529 μὴν
662 4459 739 4521 ὡς
763 4457 922 4523 λόγος
949 4454 1342 4517 ἀνυπόστατος,
1372 4450 1491 4505 οὐδὲ
1512 4449 1586 4512 ὡς
1611 4449 1763 4520 ῥῆμα
1784 4446 1938 4516 ψιλὸν

2337 3613 2655 3683 Unigenitus
2685 3612 2868 3680 igitur,
2900 3611 3070 3679 quiet
3103 3607 3268 3670 Deus,
3297 3612 3351 3658 et
3383 3601 3606 3657 univer-

2033 3722 2215 3765 sorum
2270 3704 2568 3762 secundum
2617 3702 2932 3770 Scripturas
2976 3700 3237 3753 Dominus
3289 3705 3406 3759 est,
3453 3694 3612 3748 nobis

2033 3799 2286 3871 apparuit
2319 3815 2334 3851 :
2365 3796 2514 3852 visus
2543 3804 2630 3851 est
2664 3794 2718 3848 in
2755 3802 2899 3846 terra
2948 3794 2993 3856 ⁸,
3021 3798 3076 3842 et
3104 3790 3266 3842 homo
3289 3786 3486 3850 factus,
3519 3784 3606 3838 his

2033 3893 2122 3962 qui
2166 3893 2220 3946 iu
2265 3887 2505 3943 tenebris
2548 3885 2927 3946 versabantur,
2978 3879 3174 3940 illuxit,
3230 3891 3340 3930 non
3382 3874 3612 3944 phanta-

2033 3990 2226 4047 smate,
2270 3987 2363 4034 aut
2409 3987 2638 4034 externo
2678 3983 2887 4029 tantum
2937 3972 3245 4034 schemate,
3283 3968 3454 4022 absitl
3507 3967 3612 4020 hoc

2034 4077 2176 4130 enim
2208 4073 2432 4138 sentire,
2461 4077 2554 4125 aut
2579 4067 2782 4130 dicere,
2811 4073 2891 4120 est
2919 4071 3105 4132 aperte
3139 4059 3403 4114 insanire.
3427 4055 3614 4125 Neque

2037 4177 2253 4220 rursum
2292 4175 2388 4232 per
2420 4160 2502 4215 sui
2549 4156 2925 4219 mutationem,
2963 4160 3055 4206 aut
3083 4150 3513 4212 conversionem,
3557 4149 3612 4201 in

2037 4270 2259 4313 carnem
2305 4251 2730 4308 translormatus
2897 4253 2980 4300 est
3009 4261 3023 4296 :
3053 4239 3149 4296 Dei
3200 4241 3344 4295 enim
3373 4239 3612 4295 Verbum

2040 4346 2218 4404 omnis
2267 4341 2583 4397 mutationis
2631 4353 2847 4408 expers,
2892 4349 3003 4390 uno
3053 4347 3270 4402 semper
3315 4331 3618 4399 eodemque

2040 4437 2201 4492 modo
2249 4448 2309 4490 se
2348 4433 2535 4488 habet.
2578 4429 2764 4499 Neque
2809 4441 3048 4482 coazvam
3101 4438 3224 4479 cum
3274 4436 3439 4476 carne
3486 4422 3616 4476 sub-

363 4513 430 4609 eiv—
459 4513 735 4622 ἀνθρωπιρ
759 4513 982 4615 γεγονός
999 4553 1024 4581 ι
1047 4563 1059 4574 ·
1087 4545 1114 4596 6
1148 4543 1256 4612 γάρ
1284 4513 1367 4594 τοι
1393 4539 1570 4593 καλῶν
1595 4513 1926 4591 τάνοῦκῄὅντο

2043 4527 2302 4583 Statiliam
2328 4523 2555 4579 sortitus
2574 4531 2658 4578 est
2685 4537 2699 4573 :
2731 4521 2843 4588 ipse
2873 4530 3106 4586 namque
3146 4513 3468 4570 saeculorum
3497 4526 3620 4567 con-

365 4645 500 4699 ποτὲ
579 4642 714 4714 πρὸς
771 4637 1006 4708 ὓπαρξιν
1069 4635 1167 4689 καὶ
1221 4634 1470 4703 γένεσιν,
1526 4630 1939 4702 προῦφέστηκεν

363 4735 718 4805 ἀναγκαίως·
767 4730 932 4792 αὐτὸς
974 4727 1084 4798 γάρ
1114 4728 1262 4780 ἐστιν
1311 4726 1344 4795 ή
1391 4723 1541 4791 ζωὴ,
1575 4719 1831 4790 πεφηνὼς
1877 4722 1942 4774 ὲκ

365 4831 516 4899 ζωῆς
553 4826 647 4879 τοῦ
679 4824 816 4878 Θεοῦ
851 4821 944 4875 καὶ
977 4819 1190 4889 Πατρὸς
1210 4856 1226 4881 ,
1256 4816 1408 4878 ὄντος
1434 4831 1494 4868 τε
1521 4814 1614 4867 καὶ
1651 4811 1942 4881 νοουμένου

370 4923 491 4976 κατ’
540 4919 672 4974 ἰδίαν
719 4915 1037 4969 ὑπόστασιν.
1079 4910 1218 4964 Ἀλλ’
1257 4908 1378 4962 οὐδὲ
1414 4907 1585 4978 μόνην
1632 4902 1946 4976 ἠμπέσχετο

372 5014 554 5082 σάρκα
580 5009 756 5080 ψυχῆς
788 5007 1004 5076 ἐρήμην
1041 5001 1142 5071 τῆς
1185 5000 1440 5070 λογικῆς·
1481 4997 1802 5067 γεγέννηται
1840 4993 1947 5066 γὰρ

373 5104 520 5158 κατὰ
546 5102 803 5173 ἀληθειαν
831 5100 896 5150 ὲκ
927 5094 1208 5165 γυναικὸς,
1242 5093 1336 5145 καὶ
1368 5089 1610 5159 πέφηνεν
1639 5085 1947 5156 ἄνθρωπος,

373 5197 404 5248 ὁ
426 5194 538 5257 ζῶν
566 5193 662 5245 καὶ⁵
691 5191 978 5262 ὑπάρχων,
993 5188 1088 5240 καὶ
1120 5183 1388 5244 συναῖδιος
1409 5180 1486 5251 τῷ
1516 5178 1635 5249 Θεῷ
1665 5178 1759 5231 καὶ
1777 5176 1950 5248 Πατρὶ

374 5285 510 5348 Θεὸς
533 5286 730 5350 Λόγος,
774 5282 986 5353 μορφὴν
1006 5278 1192 5332 δούλου
1223 5273 1402 5328 λαϐών
1422 5291 1434 5304 ·
1470 5273 1565 5326 καὶ
1593 5270 1738 5324 ἐστιν
1763 5267 1951 5340 ὥσπερ

368 5378 430 5428 ἐν
467 5374 683 5445 θεότητι
733 5373 981 5436 τέλειος,
1027 5367 1172 5420 οὕτω
1204 5366 1298 5420 καὶ
1341 5365 1399 5416 ἐν
1443 5361 1823 5432 ἀνθρωπότητι
1863 5359 1951 5410 τέ·-

370 5467 550 5528 λειος·
589 5465 690 5518 οὐκ
731 5465 796 5517 ὲκ
850 5461 1015 5532 μόνης
1063 5458 1313 5527 θεότητος
1359 5455 1453 5508 καὶ
1499 5452 1700 5525 σαρκὸς
1745 5453 1827 5531 είς
1857 5449 1954 5502 ἕνα

370 5523 616 5637 Χριστὸν
664 5557 760 5609 καὶ
793 5523 1000 5622 Κῦριον
1043 5551 1140 5604 καὶ
1171 5523 1299 5602 Tibi;
1331 5523 1706 5616 συγκείμενος,
1742 5523 1858 5596 ἀλλ’
1889 5542 1954 5594 ὲκ

931 5715 949 5744 ²
981 5714 1116 5771 Ibid.
1161 5711 1247 5765 Η.

456 5716 651 5772 ‘Joan.
685 5729 768 5782 ut,
801 5715 855 5769 9.
931 5715 949 5744 '
981 5714 1116 5771 Ibid.
1161 5711 1247 5765 ll.
1324 5709 1342 5742 ³
1372 5706 1579 5764 Baruch
1613 5722 1692 5772 ιιι,
1734 5708 1824 5762 58.

2041 4621 2185 4676 ditor
2221 4624 2329 4672 est.
2366 4613 2558 4685 Neque
2597 4613 2952 4681 bypostaseos
2977 4622 3188 4670 exsors,
3219 4614 3278 4661 ut
3311 4618 3492 4659 sermo
3528 4610 3622 4654 aut

2042 4713 2242 4768 nudum
2271 4719 2480 4764 tantum
2515 4705 2855 4774 simplexque
2883 4701 3132 4765 verbum,
3156 4697 3300 4767 quod
3326 4695 3379 4749 in
3404 4691 3622 4746 homine

2043 4804 2368 4862 inbabitavit
2397 4821 2411 4858 :
2443 4815 2567 4856 nam
2599 4799 2687 4868 qui
2736 4812 2798 4852 ea
2841 4809 2962 4864 quae
3004 4808 3110 4847 non
3147 4800 3294 4852 sunt,
3334 4795 3524 4840 evocat
3565 4793 3623 4836 ut

2046 4902 2156 4956 sint
2202 4908 2259 4952 et
2299 4895 2590 4956 exsistant,
2647 4891 2694 4944 is
2742 4885 3050 4943 necessario
3095 4879 3423 4952 praeexsistit
3455 4896 3469 4933 :
3504 4877 3623 4946 ipse

2045 4992 2191 5047 enim
2243 4998 2328 5044 est
2370 4987 2476 5041 vita
2513 4998 2580 5039 ex
2631 4982 2736 5034 vita
2795 4980 2906 5034 Deo
2949 4974 3114 5029 Patre
3161 4973 3485 5041 procedens,
3529 4968 3620 5036 qui

2048 5082 2268 5154 quidem
2315 5076 2613 5134 secundum
2655 5071 2929 5142 propriam
2977 5064 3290 5136 hypostasin
3343 5070 3398 5115 et
3441 5068 3526 5112 est
3567 5069 3622 5113 et

2049 5148 2387 5240 intelligitur.
2425 5166 2532 5222 Sed
2566 5177 2743 5232 neque
2779 5173 2998 5217 carnem
3031 5169 3268 5224 quoque,
3291 5165 3412 5220 quae
3441 5148 3620 5240 anima

2048 5239 2259 5319 ratione
2293 5260 2518 5329 prazdita
2554 5263 2794 5320 vacaret,
2827 5250 3002 5306 induit
3029 5242 3502 5317 :quandoquidem
3545 5239 3618 5292 vi-

2047 5368 2171 5407 vum
2213 5351 2343 5405 illud
2385 5348 2820 5414 subsistensquc,
2864 5355 2932 5396 ac
2961 5341 3069 5394 Deo
3095 5335 3244 5391 Patri
3287 5341 3616 5388 coeeternum

2047 5443 2190 5500 Deus
2213 5441 2450 5498 Verbum
2481 5438 2666 5496 servili
2711 5437 2882 5490 forma
2914 5439 3188 5500 suscepta,
3235 5440 3366 5480 vere
3396 5437 3464 5478 ex
3507 5435 3627 5474 tnu-

2048 5536 2180 5593 liere
2227 5544 2435 5600 natum,
2478 5541 2535 5588 et
2570 5532 2732 5586 homo
2773 5526 2975 5583 factum
3025 5530 3146 5586 est,
3179 5529 3370 5587 estque
3397 5514 3624 5586 perinde
