4036 6210
421 253 527 318 923

1664 244 2047 310 EUTHYMII.
2087 243 2444 304 ZlGABENI

3602 241 3751 306 92!

421 370 723 439 perlectum
760 370 813 425 in
853 369 1192 426 humanitate
1226 384 1289 423 ac
1340 368 1391 421 in
1442 366 1667 421 deitutc.
1713 364 1827 419 Non
1858 365 2002 419 cnim

2124 362 2255 415 Suoiv
2298 360 2553 422 τελείοιν,
2585 357 2988 430 ἀνθρωπότητα
3020 357 3087 427 δὴ
3115 358 3260 427 λέγω
3301 358 3398 413 καὶ
3438 359 3743 431 ϐιότητα,

418 481 483 518 ex
514 465 627 520 sola
665 457 830 519 carne
862 476 916 519 et
967 450 1192 527 deitate,
1226 463 1319 517 sed
1356 476 1422 515 ex
1465 459 1703 529 pet-[crta
1750 458 2005 512 Immani-

2112 457 2190 517 εἰς
2216 455 2324 543 ἕνα
2355 456 2450 507 καὶ
2479 452 2569 505 τὸν
2602 452 2766 506 αὐτὸν
2799 451 3123 521 παραδόξως
3159 451 3539 521 συνδούμενος.

420 569 532 613 tate
566 570 619 613 et
650 559 934 614 divinitate
968 558 1019 609 in
1059 572 1224 609 unum
1264 554 1633 622 enmdemque
1666 552 1953 605 Dmuinum
1990 560 2043 604 et
2089 549 2287 603 Filium
2332 558 2383 603 et
2431 547 2706 602 Christum
2752 545 3061 601 admirabili
3098 545 3336 615 quodam
3366 552 3530 601 modo
3566 561 3739 602 eon-

422 659 592 713 Crevit
649 657 975 725 coaluitquc.

620 779 868 845 Ejusdem
903 791 968 829 ea:
995 776 1232 829 oratione
1257 777 1324 828 ad
1351 774 1578 844 Reginas
1609 773 1815 827 habita.

503 954 520 984 ί
565 934 718 987 Num:
777 934 957 985 anima
1014 947 1135 986 mea
1185 934 1398 987 turbata
1437 942 1543 987 est.
1599 930 1663 985 Et
1734 931 1862 1002 quid
1928 930 2010 984 di-

425 1023 580 1077 cam?
616 1021 796 1087 l’ater,
855 1024 1000 1075 salva
1042 1037 1129 1075 me
1172 1037 1236 1075 ex
1284 1022 1387 1075 hac
1436 1022 1589 1075 hora.
1626 1020 1731 1075 Sed
1783 1029 2008 1090 prepter

430 1116 532 1167 ltot:
571 1116 690 1167 veni
730 1114 793 1168 in
848 1116 1037 1168 horam
1091 1115 1329 1169 hanc‘.»
1366 1143 1436 1152 —
1477 1134 1494 1164 ι
1538 1113 1733 1177 Pater,
1768 1113 2004 1166 clarilica

429 1208 820 1261 Filinm'tuum
847 1212 886 1261 ².
928 1226 944 1259 ι
984 1207 1047 1260 Et
1088 1207 1194 1260 alio
1244 1209 1361 1261 loco
1402 1223 1655 1261 rursum:
1700 1226 1717 1257 ι
1746 1206 1813 1259 Ει
1842 1205 2015 1274 οωνίι

429 1298 739 1354 contristari
787 1307 841 1351 et
893 1309 1120 1353 tumstus
1160 1312 1308 1363 esse,
1356 1307 1413 1353 et
1458 1298 1626 1353 dixit:
1671 1297 1869 1351 Tristis
1929 1307 2015 1351 est

424 1386 604 1447 anima
638 1410 755 1448 mea
787 1388 955 1463 usique
988 1398 1050 1448 ad
1091 1410 1317 1450 mortem
1364 1402 1406 1450 ³.
1446 1416 1463 1447 ι
1498 1398 1561 1449 Et
1592 1411 1844 1449 rursum;
1885 1413 1901 1444 ι
1940 1394 2008 1451 Ει

427 1484 670 1537 clamans
715 1500 844 1540 voce
893 1484 1081 1554 magna
1133 1486 1311 1550 Jestts,
1353 1487 1430 1540 ait
1459 1504 1473 1542 :
1501 1484 1685 1549 Pater,
1724 1484 1777 1538 in
1819 1499 2007 1536 manus

434 1585 558 1628 tuas
582 1576 901 1629 commendo
934 1578 1180 1644 spiritum
1211 1592 1387 1630 meum
1434 1579 1474 1631 ⁸.
1507 1594 1523 1626 ι
1559 1575 1659 1641 Qui
1685 1572 2005 1641 Apollinarii

428 1667 740 1735 Opinionem
785 1668 1107 1741 sequuntur,
1162 1668 1515 1737 ejusdemque
1563 1666 1847 1721 sententia:
1878 1663 2011 1717 sub-

433 1741 715 1823 scribunt;
743 1758 797 1812 bi
836 1751 1087 1827 templum
1145 1760 1251 1814 Deo
1285 1759 1514 1821 unitum,
1564 1758 1804 1810 inanimo
1829 1771 1890 1809 ac
1927 1770 2012 1807 ra-

436 1851 581 1904 tione
615 1852 935 1904 destitutum
984 1836 1157 1904 fuisse
1189 1851 1556 1903 contendunt:
1599 1850 1692 1902 sed
1746 1847 1875 1917 quid
1912 1845 2010 1906 illi,

434 1944 687 2004 obsecro,
733 1942 1059 2009 reSpornlere
1090 1951 1335 2010 possunt,
1365 1956 1486 1995 cum
1517 1952 1734 1994 sanctos
1781 1952 2008 2007 evange-

436 2033 588 2087 listas
627 2032 751 2085 talia
795 2034 858 2086 de
901 2034 1142 2084 Olllttlttm
1195 2043 1441 2085 nostrum
1489 2032 1773 2083 Salvatore
1820 2028 2013 2082 litteris

436 2122 742 2192 prodidisse
784 2122 1005 2188 legunt?
1030 2120 1160 2174 Nam
1397 2121 1569 2190 cujus,
1596 2134 1805 2189 qmeso,
1846 2119 2015 2173 tristi-

438 2214 546 2277 tiai,
604 2223 697 2266 aut
768 2227 956 2266 eorum
1012 2211 1258 2264 omnium
1332 2227 1450 2279 qua:
1511 2221 1711 2264 metum
1761 2219 2012 2279 arguunt,

424 2321 649 2369 summa
687 2304 771 2357 illa
823 2304 1111 2372 divinaque
1147 2303 1306 2357 Verbi
1354 2313 1545 2356 natura
1581 2303 1795 2356 tandem
1845 2317 2013 2370 capax

410 2376 560 2447 Fesso
581 2393 788 2462 queat?
816 2391 984 2462 Major
1021 2402 1106 2446 est
1154 2393 1319 2457 enim,
1350 2406 1509 2461 quam
1546 2407 1665 2460 qua:
1711 2391 2016 2447 istiusmodi

440 2485 603 2538 rebus
644 2483 748 2537 ulla
793 2494 944 2553 parte
992 2484 1151 2548 allici,
1203 2493 1295 2536 aut
1345 2482 1466 2536 ullis
1499 2484 1721 2536 omnino
1771 2483 2019 2537 humanis

443 2574 947 2644 perturbationibus
995 2575 1325 2629 commmeri
1389 2573 1582 2626 valeat.
1638 2576 1703 2627 At
1780 2588 1906 2627 vero
1965 2573 2018 2626 in

442 2682 641 2736 corpus
668 2681 967 2734 sensusque
998 2668 1303 2733 mentisque
1337 2682 1551 2733 expers,
1589 2666 1821 2719 tristitia:
1872 2665 2021 2719 dolo-

441 2761 584 2815 risve
620 2773 815 2814 sensus
850 2759 1047 2812 cadere
1073 2774 1175 2810 non
1230 2768 1406 2826 potest
1468 2775 1479 2809 :
1520 2758 1611 2809 sed
1649 2772 1821 2826 neque
1854 2756 2021 2810 mole-

440 2854 601 2908 stiam
633 2852 819 2914 ullam,
856 2860 946 2903 aut
980 2850 1144 2901 ullum
1174 2851 1394 2901 omnino
1432 2863 1717 2902 maerorem
1746 2862 1809 2901 ex
1845 2848 2023 2901 immi-

441 2944 687 3000 neptium
782 2942 1250 2994 incommodorum
1340 2941 1653 3009 provisione
1752 2940 2022 3008 ecitcipiet

442 3034 769 3107 aliquando;
824 3031 1088 3101 ejusmodi
1132 3043 1338 3094 autem,
1399 3032 1525 3084 dum
1570 3046 1689 3099 qua:
1736 3032 2023 3099 presentia

444 3136 594 3190 sunt,
624 3135 678 3180 et
706 3126 884 3180 adhuc
916 3124 1095 3178 futura
1134 3124 1445 3190 trahuntur,
1484 3133 1663 3178 mente
1704 3134 2023 3193 pertractat,

445 3221 626 3272 anima
667 3217 893 3272 rationis
932 3224 994 3271 ει
1022 3216 1394 3285 intelligentia:
1437 3230 1661 3283 compos
1702 3217 1810 3284 pati
1850 3215 2021 3270 solet:

446 3311 499 3363 id
531 3312 673 3379 quod
709 3324 918 3372 omnes,
952 3318 1009 3361 ut
1042 3318 1192 3376 puto,
1229 3309 1485 3362 fatentur.
1525 3308 1806 3374 Quomodo
1844 3309 2026 3378 itaque

446 3401 767 3456 Ennnanuel
803 3400 911 3454 ait:
947 3419 964 3451 ι
999 3397 1155 3454 Nunc
1200 3398 1378 3452 anima
1414 3414 1528 3452 mea
1570 3400 1782 3453 turbata
1842 3398 1966 3452 cst?
2001 3417 2020 3451 ι

447 3497 719 3563 quomodo
750 3495 888 3547 idem
926 3494 1126 3547 taedere
1168 3508 1233 3548 ac
1297 3503 1524 3548 mmstus
1569 3506 1690 3545 esse
1722 3492 1904 3559 erepit,
1937 3501 2027 3544 aut

446 3584 657 3652 qualem
692 3583 908 3637 tandem
940 3582 1190 3651 spiritum
1228 3582 1281 3635 in
1323 3600 1514 3637 manus
1543 3582 1717 3637 Patris
1750 3598 2025 3635 continen-

447 3676 615 3739 (lavit,
647 3675 689 3728 si
729 3676 827 3729 hoc
864 3684 916 3727 et
947 3691 976 3727 a
1002 3675 1285 3728 divinitate
1315 3690 1538 3742 prorsus
1565 3673 1800 3727 alienum
1838 3682 1944 3735 est,
1973 3681 2028 3724 et

449 3786 479 3821 a
512 3783 675 3822 carne
701 3768 813 3820 sola
874 3767 1113 3820 inanima
1136 3768 1158 3819 ?
1181 3765 1534 3834 Perspicuum
1592 3776 1674 3819 est
1708 3781 1855 3833 ergo,
1890 3762 2027 3819 Uni-

449 3858 687 3924 genitura
713 3870 943 3925 corpore
971 3868 1271 3923 assumpto,
1292 3871 1396 3910 non
1428 3855 1643 3924 quidem
1670 3855 1756 3906 illo
1783 3853 2025 3918 inanimi,

450 3958 544 4001 ant
592 3959 774 4002 mente
829 3948 1114 4010 destituto,
1163 3948 1256 4002 sed
1305 3948 1483 4001 anima
1533 3948 1742 4001 ratione
1782 3946 2025 4015 praedita,

452 4041 752 4111 eademque
786 4041 1053 4111 perfecta,
1103 4041 1206 4095 hoc
1254 4049 1359 4106 est,
1394 4042 1577 4093 omnia
1626 4055 1745 4109 quae
1790 4041 1854 4091 ait
1890 4038 2031 4093 illius

453 4132 718 4186 rationem
744 4133 1041 4201 pertinent,
1076 4133 1289 4197 sortita,
1327 4132 1600 4186 viviﬁcato
1628 4143 1681 4186 et
1716 4131 2027 4197 informata,

454 4217 727 4273 hominem
768 4218 969 4272 factum
1016 4236 1155 4275 esse.
1212 4220 1280 4276 Et
1342 4222 1792 4290 quemadmodum
1845 4223 2027 4276 omnia

453 4326 571 4378 qua:
616 4312 695 4365 sui
727 4312 968 4381 corporis
997 4323 1120 4366 sunt
1160 4315 1261 4367 sibi
1317 4314 1561 4375 ascribit,
1601 4314 1671 4367 ita
1718 4323 1772 4367 et
1814 4328 1873 4367 ea
1910 4327 2035 4382 quae

453 4405 520 4456 ad
548 4404 781 4456 animam
811 4412 1079 4470 spectant.
1128 4403 1359 4458 Necesse
1402 4406 1544 4457 enim
1604 4404 1701 4458 fuit
1736 4417 1790 4457 ut
1826 4406 1875 4459 in
1913 4422 2032 4459 om-

455 4494 640 4555 nibus,
674 4494 789 4546 sive
825 4507 887 4545 ea
925 4493 990 4543 ad
1020 4493 1278 4555 animam,
1314 4493 1428 4544 sive
1462 4493 1526 4544 ad
1559 4508 1752 4561 corpus
1790 4494 2031 4563 pertine-

454 4595 596 4650 rent,
638 4585 794 4638 nobis
822 4583 1238 4637 assimilaretur.
1270 4583 1597 4639 Constemus
1632 4595 1814 4639 autem
1842 4596 1891 4638 rt
1936 4601 2033 4639 nos

452 4694 515 4730 cx
554 4677 734 4731 anima
761 4675 1010 4730 rationali
1044 4684 1099 4730 et
1130 4690 1376 4745 corpore.
1415 4676 1779 4743 Quamobrem
1811 4688 1867 4731 ut
1892 4694 2032 4730 uou-

455 4782 725 4835 nnnquam
757 4768 987 4838 propria:
1020 4767 1171 4822 carni
1205 4783 1267 4821 ea
1301 4769 1414 4836 pati
1481 4769 1877 4835 dispensatorie
1906 4783 2031 4836 per-

455 4863 700 4914 mittebat
768 4876 887 4928 qua:
937 4861 1117 4915 carnis
1170 4869 1298 4914 sunt
1358 4861 1613 4929 propria,
1672 4859 1753 4913 ita
1795 4861 2031 4913 animam

455 4968 549 5005 sua
577 4967 791 5021 quoque
815 4953 922 5020 pati
952 4953 1221 5022 permisit.
1253 4953 1494 5023 Denique
1522 4952 1641 5005 licet
1674 4963 1867 5005 natura
1894 4952 2035 5006 Deus

456 5053 619 5108 esset,
642 5046 900 5114 omnique
924 5056 1173 5098 creatura
1194 5046 1461 5113 superior,
1492 5060 1611 5113 qua:
1644 5053 1820 5097 tamen
1844 5045 2036 5099 exina-

458 5138 683 5190 nitionis
734 5146 913 5202 erant,
971 5151 1032 5190 ea
1090 5152 1307 5204 semper
1374 5147 1632 5190 accurate
1700 5136 2034 5191 observavit.

459 5227 628 5282 Porro
671 5237 850 5281 autem
897 5228 1145 5296 spiritum
1183 5244 1363 5291 suum,
1395 5228 1493 5281 hoc
1518 5237 1621 5293 est,
1665 5229 1899 5282 animam
1934 5229 2034 5282 sibi

460 5322 691 5387 unitam,
729 5320 839 5374 Deo
868 5334 921 5373 et
956 5318 1103 5373 Patri
1143 5320 1510 5382 commendat,
1544 5330 1601 5371 ut
1628 5334 1766 5373 novo
1822 5335 2035 5373 rursum

465 5412 728 5466 blmCliClO
773 5427 868 5481 per
906 5413 1008 5465 hoc
1056 5426 1154 5465 nos
1191 5409 1448 5464 cumulet.
1484 5411 1765 5477 Quondam
1806 5426 2039 5479 namque

473 5504 723 5561 humana:
749 5503 943 5557 anima:
986 5500 1308 5573 corporibus
1333 5510 1512 5555 exuta:
1545 5501 1611 5556 ad
1657 5503 2039 5557 subterraneos

2038 1710 2075 1763 Β

556 5652 570 5682 ⁸
604 5648 764 5709 Joao.
798 5668 896 5718 xu,
929 5652 1019 5708 27.
1103 5652 1123 5683 ³
1148 5652 1305 5711 Joan.
1340 5668 1474 5718 xvu,
1514 5653 1563 5708 l.

2075 3085 2089 3101 ἱ

1633 5654 1654 5685 ³
1676 5652 1866 5709 Matth.
1894 5670 2039 5723 τινι,
2071 5655 2161 5710 27.

2119 763 2229 817 Τοῦ
2253 763 2441 818 αὑτοῦ
2472 762 2542 817 ἐκ
2574 762 2684 817 τοῦ
2708 763 2859 830 πρὸς
2904 765 3244 831 Δεσποίνης
3274 779 3738 833 προσφωνιιτι-

2725 833 2836 887 κοῦ
2862 837 3073 902 λόγου.

2186 946 2203 978 ι
2242 927 2355 980 Νῦν
2411 927 2443 994 ὴ
2496 925 2644 995 ψυχή
2714 942 2816 994 μου
2868 927 3222 994 τετάρακται.
3258 926 3366 979 Καὶ
3412 927 3467 979 τί
3512 929 3733 997 sine);

2111 1022 2314 1090 Πάτερ,
2354 1020 2528 1072 σῶσόν
2575 1037 2643 1086 με
2685 1021 2746 1072 ἐκ
2799 1019 2898 1087 τῆς
2942 1018 3091 1088 ὥρας
3138 1020 3369 1087 ταύτης.
3414 1020 3581 1073 Ἀλλὰ
3614 1022 3727 1074 διὰ

2106 1114 2266 1167 τοῦτο
2286 1110 2448 1182 ἦλθον
2472 1114 2549 1177 εἰς
2570 1115 2669 1182 τὴν
2688 1113 2838 1181 ὥραν
2861 1113 3225 1181 Mummi—1
3250 1113 3454 1183 Πάτερ,
3470 1113 3685 1177 δόξασὲ
3702 1132 3737 1164 ν

2110 1225 2204 1260 σου
2232 1208 2322 1259 τὸν
2349 1208 2499 1261 Υίόν.
2532 1224 2550 1257 ι
2582 1208 2691 1259 Καὶ
2715 1207 2877 1259 πάλιν
2901 1221 2914 1234 ·
2948 1224 2966 1256 ι
3000 1207 3242 1274 Ἤρξατο
3264 1186 3583 1268 λυπεῖσθαι,
3613 1209 3731 1259 καὶ

2116 1300 2432 1370 ἀδημονεῖν,
2451 1300 2545 1352 καὶ
2576 1300 2756 1367 λέγειν
2775 1314 2791 1330 ·
2821 1297 3127 1369 Περίλυπός
3154 1301 3305 1352 ἐστιν
3338 1300 3371 1367 ἡ
3402 1299 3551 1369 ψυχή
3596 1316 3728 1367 μου

2104 1386 2205 1443 ἕως
2256 1383 2512 1435 θανάτου.
2571 1401 2588 1433 ι
2629 1381 2737 1434 Καὶ
2783 1379 2963 1433 πάλιν·
3022 1397 3039 1428 ι
3087 1379 3196 1430 Καὶ
3228 1379 3483 1445 φωνήσας
3534 1382 3719 1447 φωνῇ

2107 1474 2317 1544 μεγάλῃ
2365 1474 2393 1526 ό
2453 1472 2701 1542 Ἰησοῦς,
2758 1466 2913 1524 εἷπε·
2967 1471 3148 1539 Πάτερ
3176 1510 3189 1531 ,
3250 1470 3331 1531 εἰς
3376 1469 3567 1538 χεῖράς
3604 1486 3723 1520 σου

2107 1565 2448 1636 παρατίθημι
2474 1575 2496 1603 τ
2523 1565 2583 1618 τὸ
2609 1565 2828 1635 πνεῦμὰ
2858 1580 2982 1634 μου.
3017 1583 3033 1613 ›
3068 1563 3132 1614 Οἱ
3157 1561 3259 1629 τῆς
3311 1561 3721 1628 Ἀπολιναρίου

2106 1657 2262 1727 δόξης
2310 1656 2613 1727 ἡττώμενοι
2674 1659 2768 1708 καὶ
2818 1656 2887 1708 τὰ
2948 1653 3097 1722 αὐτῷ
3152 1651 3415 1705 δοκοῦντα
3476 1654 3723 1721 φρονεῖν

2108 1748 2416 1820 ᾑρημένοι,
2450 1746 2795 1815 ὲνιστάμενοί
2828 1762 2887 1797 τε
2930 1747 3025 1798 καὶ
3054 1744 3307 1812 λέγοντες
3329 1782 3342 1803 ,
3380 1742 3592 1811 ἄψυχόν
3648 1760 3718 1793 τε

2109 1844 2203 1895 καὶ
2227 1844 2389 1895 ἄνουν
2420 1841 2687 1911 ὑπάρχειν
2726 1840 2816 1892 τὸν
2844 1837 3115 1891 ἐνωθέντα
3153 1836 3231 1906 τῷ
3270 1836 3427 1903 Λόγῳ
3453 1834 3608 1898 ναὸν,
3660 1834 3721 1885 τε

2109 1931 2173 2001 δὴ
2204 1930 2314 2002 ἄρα
2356 1934 2510 2000 φαῖεν
2542 1930 2627 1996 ἂν,
2674 1929 3031 2000 γεγραφότων
3073 1929 3205 1998 ἡμῖν
3245 1927 3315 1980 τὰ
3363 1925 3543 1977 τοιάδε
3593 1924 3718 1976 τῶν

2116 2026 2290 2094 ἁγίων
2316 2024 2720 2093 εύαγγελιστῶν
2743 2039 2807 2074 πε
2817 2022 2872 2095 pi.
2896 2021 2989 2073 τοῦ
3014 2020 3230 2074 πάντων
3256 2018 3413 2088 ἡμῶν
3445 2016 3719 2087 Σωτῆρος

2112 2117 2386 2188 Χριστοῦ;
2416 2116 2616 2179 Πτοίας
2649 2116 2748 2187 μὲν
2779 2115 2889 2187 γὰρ
2911 2155 2925 2179 ,
2959 2116 3056 2167 καὶ
3094 2114 3269 2182 λύπης
3291 2156 3304 2176 ,
3346 2114 3444 2166 καὶ
3479 2112 3595 2165 τῶν
3630 2115 3718 2173 εἰς

2116 2209 2315 2262 δειλίαν
2362 2208 2707 2277 αἰτιαμάτων
2741 2207 3094 2270 ἀνεπίδεκτος
3142 2205 3424 2266 παντελῶς
3473 2205 3561 2273 εἴη
3620 2203 3714 2265 ἂν,

2114 2300 2259 2355 κατὰ
2283 2318 2345 2370 γε
2374 2300 2433 2353 τὸ
2461 2300 2631 2363 εἰκὸς,
2661 2301 2694 2369 ἡ
2728 2298 2847 2351 θεία
2880 2315 2940 2350 τε
2975 2303 3070 2351 καὶ
3098 2298 3358 2350 ἀνωτάτω
3393 2296 3487 2348 τοῦ
3525 2296 3716 2362 Λόγου

2117 2393 2296 2462 φύσις.
2328 2392 2733 2462 Παραιτήσεται
2773 2390 2883 2460 γὰρ
2910 2392 2987 2452 εἰς
3018 2389 3163 2442 ἅπαν
3203 2389 3263 2440 τὸ
3305 2387 3362 2441 ἕν
3400 2404 3464 2455 γε
3491 2385 3719 2448 τούτοις

2118 2481 2256 2538 εἶναί
2288 2500 2416 2535 ποτε
2439 2523 2453 2547 ,
2480 2482 2573 2535 καὶ
2604 2481 2793 2535 παθῶν
2818 2481 2954 2544 ὅλως
2991 2480 3100 2532 τῶν
3150 2481 3273 2532 καθ’
3299 2481 3448 2549 ἡμᾶς
3476 2481 3587 2531 οὐκ
3619 2478 3719 2530 ἀν-

2118 2577 2316 2645 έξεται.
2354 2574 2525 2646 Σῶμα
2555 2575 2612 2628 δὲ
2659 2574 2825 2626 πάλιν
2857 2572 3061 2643 ἄψυχόν
3098 2590 3158 2624 τε
3206 2572 3300 2623 καὶ
3322 2573 3481 2624 ἄνουν
3508 2570 3614 2622 οὐκ
3648 2570 3717 2622 ἂν

2116 2670 2416 2735 εἰσδέξαιτο
2447 2670 2645 2740 λύπην,
2678 2669 2793 2723 ἀλλ’
2825 2669 2933 2721 οὐδ’
2960 2668 3025 2720 ἂν
3052 2667 3323 2737 ὲννοήσειέ
3351 2684 3403 2719 τι
3433 2667 3545 2718 τῶν
3581 2684 3719 2718 σκυι

2118 2764 2390 2834 θρωπῶν,
2443 2762 2477 2833 ἢ
2528 2762 2620 2814 τὸν
2664 2762 2730 2815 ὲκ
2775 2760 2886 2813 τῶν
2948 2759 3167 2813 ἔσεσθαι
3232 2760 3713 2830 προσδοκωμένων

2123 2854 2525 2926 προαναθρήσει
2552 2853 2737 2918 φόϐον.
2772 2851 2941 2904 Πάθοι
2975 2850 3019 2903 δ’
3050 2850 3116 2903 ἂν
3145 2850 3215 2902 τὰ
3248 2850 3425 2903 τοιάδε
3468 2852 3620 2903 κατά
3648 2868 3713 2918 γε

2120 2947 2181 3001 τὸ
2218 2948 2403 3006 πᾶσιν,
2438 2945 2512 3007 ὥς
2540 2962 2601 3013 γε
2642 2940 2796 3015 οἶμαι
2824 2984 2837 3007 ,
2868 2943 3077 2996 δοκοῦν.
3121 2942 3282 3013 Ψυχὴ
3311 2943 3503 3010 λογικὴ
3535 2961 3711 2996 κατα-

2123 3038 2463 3108 σκεπτομένη
2496 3037 2573 3107 τῷ
2623 3035 2694 3106 νῷ
2733 3035 2802 3087 τά
2821 3051 2880 3086 τε
2916 3034 3016 3104 ἥδη
3047 3034 3291 3104 παρόντα
3310 3071 3325 3097 ,
3356 3034 3452 3086 καὶ
3480 3034 3623 3103 πρός
3649 3049 3713 3101 γε

2120 3131 2330 3193 τούτοις
2357 3130 2427 3183 τὰ
2466 3147 2529 3182 συ
2539 3128 2878 3200 μὸησόμενα.
2918 3129 3041 3191 Πῶς
3069 3124 3162 3183 οὖν
3184 3130 3292 3199 ἄρα
3321 3128 3488 3197 φησιν
3513 3131 3543 3180 ὁ
3582 3129 3714 3198 Ἐμ-

2126 3222 2387 3295 μανουήλ·
2427 3241 2445 3273 ι
2478 3220 2592 3273 Νῦν
2640 3223 2672 3292 ἡ
2704 3220 2848 3291 ψυχή
2883 3237 2984 3290 μου
3027 3220 3403 3289 τετάρακταις
3448 3239 3466 3271 ›
3493 3218 3619 3285 πῶς
3658 3220 3722 3272 δὲ

2122 3313 2443 3385 καὶἥρξατο
2469 3312 2755 3366 λυπεῖσθαι
2806 3312 2901 3365 καὶ
2944 3313 3280 3382 ἀδημονεῖνς
3331 3312 3363 3383 ἦ
3404 3310 3499 3364 καὶ
3553 3315 3712 3363 ποῖον

2123 3407 2259 3468 ὅλως
2297 3408 2378 3467 εἰς
2423 3407 2614 3475 χεῖρας
2649 3402 2745 3456 τοῦ
2770 3403 2906 3456 Θεοῦ
2941 3404 3032 3456 καὶ⁵
3064 3402 3277 3474 [ἰατρὸς
3302 3402 3577 3471 παρέθετο
3608 3401 3712 3475 [te]

2127 3497 2382 3569 πνεῦμα,
2421 3499 2469 3550 εἰ
2499 3497 2594 3550 καὶ
2633 3497 2732 3567 τῆς
2767 3495 3021 3567 θεότητος
3046 3495 3109 3547 τὸ
3140 3496 3329 3564 χρῆμά
3375 3497 3523 3546 ἐστιν
3556 3496 3715 3547 ἁλλόο

2125 3608 2296 3661 τριον,
2324 3591 2418 3645 καὶ
2446 3590 2580 3662 μηδὲ
2604 3589 2773 3659 μόνης
2796 3587 3005 3657 ἀψύχου
3033 3589 3270 3658 σαρκός;
3303 3587 3577 3656 Πρόδηλον
3598 3582 3712 3650 οῦν,

2124 3684 2208 3736 ὅτι
2234 3682 2456 3751 γέγονεν
2501 3681 2785 3751 ἄνθρωπος
2812 3682 2841 3733 ὁ
2875 3679 3186 3747 Μονογενὴς
3211 3718 3225 3741 ,
3273 3679 3374 3730 οὐκ
3404 3677 3618 3747 ἄψυχόν
3657 3692 3712 3728 τε

2126 3774 2221 3828 καὶ
2273 3774 2436 3827 ἄνουν
2492 3772 2651 3841 σῶμα
2701 3770 2901 3832 λαὸὼν,
2952 3768 3347 3840 ὲμψυχωμένον
3403 3769 3460 3822 δὲ
3508 3768 3715 3839 μᾶλλον

2125 3866 2272 3936 ψυχῇ
2317 3864 2409 3917 καὶ
2435 3863 2625 3933 λογικῇ
2652 3904 2663 3925 ,
2724 3861 2816 3914 καὶ
2848 3859 3068 3922 τελείως
3102 3860 3302 3931 ἐχούσῃ
3349 3859 3493 3912 κατά
3525 3876 3590 3926 γε
3626 3858 3716 3912 τὸν

2128 3961 2263 4029 αὐτῇ
2294 3957 2572 4027 πρέποντα
2611 3956 2789 4022 λόγον.
2829 3954 2935 4007 Καὶ
2971 3953 3160 4023 ῶσπερ
3192 3952 3494 4005 οἰκειοῦται
3528 3952 3710 4005 πάντα

2128 4051 2197 4102 τὰ
2221 4048 2314 4101 τοῦ
2346 4046 2477 4100 ἰδίου
2508 4045 2782 4115 σώματος,
2812 4045 2956 4097 οὕτω
2988 4042 3081 4119 καὶ⁵
3109 4042 3180 4096 τὰ
3207 4042 3307 4113 τῆς
3332 4042 3531 4111 ψυχῆς.
3565 4042 3714 4095 Ἔδει

2129 4141 2238 4209 γὰρ
2265 4140 2430 4192 αὑτὸν
2461 4138 2549 4191 διὰ
2582 4138 2782 4200 παντὸς
2810 4135 3039 4206 ὁρᾶσθαι
3086 4134 3413 4206 πράγματος
3447 4131 3714 4203 σαρκικοῦ

2130 4233 2225 4286 καὶ⁵
2252 4230 2485 4301 ψυχικοῦ
2519 4228 2585 4283 δι’
2616 4230 2762 4299 ἡμᾶς
2842 4226 3151 4297 γεγονότος.
3279 4226 3479 4295 Ἐσμὲν
3522 4224 3580 4276 δὲ
3623 4222 3715 4277 καὶ

2130 4326 2295 4395 ἡμεῖς
2325 4324 2389 4376 ὲκ
2421 4322 2599 4392 ψυχῆς
2624 4321 2850 4390 λογικῆς
2888 4336 2945 4372 τε
2977 4319 3071 4373 καὶ
3110 4317 3380 4388 σώματος.
3416 4318 3633 4387 Ὠσπερ
3663 4316 3716 4369 δὲ

2130 4415 2490 4490 οἰκονομικῶς
2535 4414 2929 4483 συγκεχώρηκε
2958 4415 3024 4483 τῇ
3060 4412 3166 4483 ἰδίᾳ
3203 4411 3370 4481 σαρκὶ
3395 4409 3492 4462 καὶ
3519 4409 3716 4462 παθεῖν

2134 4512 2243 4565 ἐσθ’
2274 4512 2362 4564 ὅτε
2416 4509 2481 4561 τὰ
2513 4508 2620 4561 ἴδια
2648 4546 2661 4568 ,
2692 4506 2835 4558 οὕτω
2869 4504 3029 4559 πάλιν
3061 4504 3154 4556 καὶ
3198 4505 3263 4573 τῇ
3296 4502 3441 4571 ψυχῇ
3480 4498 3715 4570 συνεχώ-

2138 4618 2269 4674 ρησε
2300 4599 2370 4654 τὰ
2395 4600 2571 4654 οἰκεῖα
2603 4596 2813 4651 παθεῖν’
2849 4594 2945 4650 καὶ
2973 4594 3034 4648 τὸ
3065 4593 3165 4664 τῆς
3205 4591 3488 4655 κενώσεως
3518 4591 3716 4661 μέτρον

2133 4696 2404 4765 τετήρηκε
2432 4690 2704 4762 πανταχοῦ
2725 4728 2743 4755 ,
2781 4689 2959 4742 καίτοι
2984 4687 3116 4751 Θεὸς
3145 4686 3219 4739 ῶν
3242 4685 3400 4755 φύσει
3418 4725 3431 4748 ,
3457 4684 3552 4738 καὶ
3579 4681 3716 4751 ὑπὲρ

2137 4788 2321 4840 πᾶσαν
2350 4784 2447 4856 τὴν
2493 4784 2693 4837 κτίσιν.
2728 4779 3093 4852 Παρατίθεται
3127 4778 3183 4831 δὲ
3227 4778 3289 4830 τὸ
3337 4776 3468 4830 ἴδιον
3502 4773 3716 4843 πνεῦμα

2136 4878 2214 4948 τῷ
2246 4877 2367 4947 Θεῷ
2412 4876 2505 4929 καὶ
2551 4874 2760 4944 Πατρὶ,
2791 4873 3041 4926 τουτέστι
3086 4871 3185 4942 τὴν
3238 4867 3533 4923 ὲνωθεῖσαν
3574 4862 3715 4932 αὐτῷ

2137 4970 2339 5041 ψυχὴν,
2376 4968 2463 5021 ἴνα
2493 4970 2640 5039 ἡμᾶς
2672 4967 2765 5020 καὶ
2794 4965 2883 5019 διὰ
2922 4963 3113 5017 τούτου
3157 4960 3319 5014 πάλιν
3360 4958 3712 5028 εὖεργετήσῃ.

2140 5064 2315 5116 Πάλαι
2346 5061 2443 5132 μὲν
2469 5062 2579 5131 γὰρ
2606 5058 3076 5127 ἀπαλλαττόμεναι
3096 5053 3204 5107 τῶν
3230 5050 3502 5122 σωμάτων
3524 5049 3583 5100 ἐν
3610 5048 3715 5108 τοῖς

2142 5157 2248 5209 ὑπὸ
2270 5154 2433 5225 χθόνα
2466 5155 2656 5223 μυχοῖς
2681 5153 2737 5205 αἱ
2762 5149 2869 5204 τῶν
2903 5146 3207 5218 ἀνθρώπων
3236 5143 3407 5214 ψυχαὶ
3439 5139 3713 5209 κατεπέμ-

2142 5258 2336 5307 ποντο,
2366 5239 2670 5312 πληροῦσαι
2710 5238 2777 5291 τὰ
2805 5235 2899 5290 τοῦ
2944 5235 3178 5289 θανάτου
3207 5234 3453 5302 ταμιεῖα.
3504 5228 3712 5296 Ἐπειδὴ

2141 5335 2199 5387 δὲ
2229 5334 2464 5403 Χριστὸς
2487 5333 2550 5385 τὸ
2575 5333 2705 5385 ῐδιον
2736 5328 2962 5401 Πνεῦμα
2993 5327 3266 5399 παρέθετο
3289 5325 3366 5397 τῷ
3388 5323 3565 5393 Πατρὶ
3582 5364 3598 5387 ,
3633 5320 3715 5374 καὶ

2142 5425 2346 5497 ταύτην
2390 5426 2523 5494 ἡμῖν
2569 5423 2873 5477 ὲνεκαίνισε
2916 5422 3017 5491 τὴν
3062 5420 3198 5474 ὁδόν.
3238 5413 3576 5485 Βαδιούμεθα
3616 5410 3713 5480 γὰρ

2142 5518 2243 5571 οὐκ
2274 5519 2352 5580 είς
2392 5514 2521 5585 ᾇδου
2554 5515 2747 5580 ποθὲν,
2781 5511 3025 5584 ἑψόμεθα
3072 5509 3129 5563 δὲ
3179 5507 3400 5579 μᾶλλον·
3447 5504 3543 5558 καὶ
3581 5499 3710 5555 κατὰ

2241 5663 2262 5686 ⁸
2293 5652 2427 5711 Luc.
2451 5669 2605 5719 xxrv,
2631 5652 2721 5711 46.
