4042 6208
292 297 402 363 925

1261 287 1647 351 PANOPLIA
1677 285 2153 346 .DOGMATICA.
2175 307 2244 321 -·
2264 284 2414 344 TlT.
2455 282 2611 342 XIV.

3460 274 3566 338 926

304 410 472 464 τοῦτο
497 405 649 477 αὑτῷ
678 404 755 476 τῷ
777 402 958 474 πιστῷ
987 401 1181 474 κτίστῃ
1207 403 1304 464 τὰς
1341 402 1551 454 ἑαυτῶν
1585 399 1884 469 παρατιθέ-

2011 415 2240 454 'arccrcs
2291 398 2743 460 tletnittelmutur,
2806 392 2999 448 mortis
3056 394 3398 461 receptacula
3456 396 3565 450 illic

299 521 459 573 μενοι
489 501 691 572 ψυχὰς,
717 502 774 552 ἐν
805 498 1022 550 ἐλπίσιν
1060 497 1232 565 ἐσμὲν
1259 496 1497 564 ἀγαθαῖς
1519 512 1531 525 ο
1567 496 1749 564 ἐγερεῖ
1773 492 1882 560 γάρ

296 604 549 659 ἅπαντας
579 601 608 650 6
636 597 890 665 Χριστός.

1990 490 2288 559 impletum:
2323 505 2337 542 :
2374 501 2429 542 at
2467 504 2596 540 vero
2631 497 2990 556 posteaquam
3028 485 3290 540 Christus
3313 486 3565 554 spiritum

1988 597 2145 636 suum
2181 582 2234 635 in
2272 597 2468 635 manus
2508 579 2686 633 Patris
2729 579 3156 640 cummendavit,
3213 578 3377 631 etiam
3430 578 3570 630 hanc

307 689 653 752 existimare,
709 686 822 740 haec
875 685 944 737 ita
1004 682 1227 743 habere,
1285 682 1390 734 hoc
1421 690 1525 741 est,
1577 676 1862 748 imaginari
1895 675 1963 729 ad
2004 673 2227 737 inferos,
2275 675 2367 726 sed
2428 675 2620 726 ducem
2679 683 2922 723 nostrum
2983 670 3566 738 ponesubsequitunr,

252 781 260 786 ’
304 779 623 845 animisque
657 774 858 827 nostris
893 773 966 827 illi
1010 771 1180 825 veluti
1218 769 1324 822 fido
1361 767 1634 822 conditori
1655 765 1986 829 commissis,
2033 762 2301 828 tantisper
2349 760 2489 812 bona
2523 775 2619 827 spe
2651 757 2890 812 vivimus
2927 756 3108 826 quoad
3151 756 3407 810 Christus
3445 753 3568 803 uni-

297 880 488 922 versos
515 863 734 918 tandem
767 861 832 914 ad
865 861 1031 913 vitam
1066 857 1364 913 revocabit.

299 975 413 1030 Τοῦ
447 972 640 1028 αὐτοῦ
669 971 738 1024 ἐκ
769 970 878 1024 τοῦ
934 970 1070 1038 περὶ
1109 966 1629 1035 ἐνανθρωπήσεως
1668 966 1878 1035 λόγου.

364 1127 556 1182 Ταῦτα
583 1128 685 1195 τὴν
737 1123 1152 1194 Ἀπολλιναρίου
1195 1123 1596 1193 ματαιολογίαν
1635 1122 1876 1192 ἐλέγχει,

293 1220 356 1284 ὃς
411 1221 538 1273 ἀντὶ
577 1217 672 1271 νοῦ
721 1218 814 1270 τὸν
863 1217 998 1271 Θεὸν
1050 1216 1226 1283 Λόγον
1276 1216 1564 1285 ἐνοικῆσαι
1602 1215 1753 1280 λέγει
1811 1219 1877 1286 τῇ

295 1309 716 1383 προσληφθείσῃ
744 1309 934 1380 σαρκί.
967 1310 1026 1362 Ei
1061 1310 1172 1378 γάρ
1202 1309 1302 1360 οὐκ
1351 1305 1500 1377 εἶχεν
1533 1306 1881 1378 ἀνθρώπινον

296 1405 426 1459 νοῦν
452 1406 484 1474 ἡ
514 1402 894 1471 ἀναληφθεῖσα
926 1402 1111 1468 φύσις,
1142 1401 1276 1463 Θεὸς
1309 1401 1409 1468 μὲν
1440 1397 1510 1468 ἦν
1536 1403 1562 1452 6
1603 1401 1740 1469 πρὸς
1762 1400 1882 1455 διά-

297 1496 461 1548 ϐολον
499 1494 938 1562 ἀγωνισάμενος,
971 1491 1106 1553 Θεὸς
1153 1491 1209 1543 δὲ
1241 1493 1268 1543 6
1291 1492 1392 1553 τὴν
1421 1491 1579 1559 νίκην
1610 1489 1885 1544 ἀναδυσά-

301 1604 490 1659 μενος.
519 1586 655 1640 Θεοῦ
683 1586 741 1638 δὲ
777 1585 1148 1653 νενικηκότος,
1190 1582 1302 1652 ἐγὼ
1329 1583 1430 1654 μὲν
1474 1583 1630 1637 οὐδὲν
1660 1584 1881 1637 ἀπωνά-

2131 959 2385 1029 Ejusdem
2412 975 2477 1013 ex
2501 960 2736 1011 oratione
2764 957 2825 1010 de
2857 954 3182 1008 humanitate
3205 971 3232 1004 α
3264 950 3430 1004 Verbo

2625 1041 2917 1093 usstmtpta,

2061 1131 2183 1186 llarc
2237 1129 2431 1182 stultas
2487 1121 2801 1192 Apollinarii
2872 1132 3040 1187 nugas
3099 1121 3419 1183 coarguunt,
3483 1109 3570 1176 qui

1990 1225 2191 1279 tuentis
2247 1223 2366 1276 loco
2400 1218 2562 1272 Deum
2595 1204 2830 1268 Verbum
2867 1211 2918 1263 itt
2951 1223 3115 1262 carne
3135 1218 3409 1272 assumpta
3443 1206 3574 1254 dicit
3677 1262 3681 1266 ,

2011 1317 2321 1370 nhabitare.
2355 1310 2465 1366 Nisi
2523 1310 2666 1362 enim
2739 1311 2976 1357 mentem
3017 1302 3309 1360 humanam
3355 1297 3605 1357 habuiva
3650 1301 3656 1305 ‘

1984 1421 2066 1465 set
2089 1414 2363 1475 assumpta
2393 1413 2606 1466 natura,
2640 1399 2780 1453 Deus
2798 1397 2986 1452 fuisset
3015 1396 3084 1458 is,
3113 1394 3336 1461 quicum
3359 1380 3576 1443 diabolo

1986 1509 2344 1562 decertasset,
2411 1495 2552 1550 Deus
2581 1493 2862 1547 victoriam
2914 1494 3265 1556 reportasset.
3332 1481 3407 1533 Ex
3469 1494 3574 1547 qua
3642 1482 3647 1487 “

1987 1592 2204 1660 quidem
2237 1585 2462 1641 victoria
2516 1582 2612 1636 Dei
2678 1579 2808 1634 nihil
2840 1593 2941 1647 ego
2993 1571 3344 1631 emolumenti
3402 1570 3575 1638 perci-

299 1698 419 1750 μην
457 1680 557 1750 τῆς
611 1678 790 1748 νίκης,
832 1679 908 1740 ὡς
955 1678 1112 1730 οὐδὲν
1163 1677 1242 1740 είς
1275 1675 1484 1746 ταύτην
1535 1675 1884 1742 εἰσενεγκὼν,

2011 1697 2197 1746 μοι-ειη,
2238 1680 2436 1748 quippe
2465 1676 2555 1746 qui
2583 1674 2717 1728 nihil
2748 1674 2813 1726 ad
2848 1687 2966 1726 eam
3025 1666 3394 1722 contulissem.
3434 1662 3603 1728 Quin

299 1773 443 1827 ἀλλά
463 1773 572 1841 γὰρ
603 1775 700 1842 τῆς
713 1770 984 1861 ἓωτεῦθεν
1005 1769 1354 1839 εὐφροσύνης
1385 1765 1756 1836 γεγύμνωμαι
1791 1766 1886 1818 ἐπὶ

299 1865 590 1935 τροπαίοις
616 1857 862 1932 γαυριῶν
889 1861 1218 1932 ἀλλοτρίοις,
1247 1860 1407 1930 αὐχεῖ
1445 1859 1502 1911 δὲ
1549 1860 1576 1910 6
1613 1857 1884 1921 διάὗολος,

298 1964 399 2010 καὶ
438 1957 742 2025 κομπάζει,
793 1955 890 2009 καὶ
930 1955 1076 2022 μέγα
1115 1956 1328 2024 φρονεῖ,
1372 1951 1472 2005 καὶ⁵
1531 1949 1884 2021 σεμνύνεται,

297 2044 376 2110 ὡς
404 2046 522 2115 Θεῷ
556 2047 847 2110 παλαίσας,
876 2046 971 2098 καὶ
999 2042 1260 2104 ὑπὸθεοῦ
1291 2042 1568 2114 ἡττηθείς.
1594 2043 1753 2111 Μέγα
1778 2042 1887 2112 γὰρ

300 2139 456 2211 αὐτῷ
481 2139 579 2192 καὶ
606 2139 668 2192 τὸ
699 2139 1004 2208 ἡττηθῆναι
1038 2135 1145 2190 ὑπὸ
1170 2135 1264 2188 τοῦ
1294 2134 1455 2192 Θεοῦ.

746 2231 841 2283 Ἐκ
886 2224 990 2281 τοῦ
1031 2226 1219 2281 αὐτοῦ
1252 2229 1465 2295 λόγου.

394 2321 717 2392 Ἀπολογίαν
737 2321 950 2390 ἔχουσιν
974 2321 1022 2372 οἱ
1042 2320 1480 2388 ἁμαρτάνοντες,
1503 2318 1552 2370 εἰ
1580 2318 1652 2370 ὡ.
1687 2319 1887 2387 ἀσθενῆ

298 2419 398 2471 τὸν
423 2415 552 2469 νοῦν
587 2417 689 2468 οὐκ
725 2413 986 2467 ἀνέλαϐεν
1019 2415 1044 2464 6
1077 2411 1210 2473 Θεὸς
1235 2411 1427 2478 Λόγος.
1459 2410 1520 2462 Ei
1555 2411 1662 2479 γάρ
1690 2411 1790 2464 οὐκ
1821 2405 1890 2480 ἦν

304 2512 365 2561 ὲν
393 2507 472 2578 τῷ
492 2506 892 2578 προσλήμματι
928 2503 1051 2567 νοῦς
1075 2501 1441 2573 ἀνθρώπινος,
1475 2503 1505 2554 6
1527 2502 1661 2565 Θεὸς
1687 2503 1743 2555 δὲ
1768 2504 1890 2556 ἀντὶ

304 2595 402 2652 νοῦ
430 2599 694 2667 ὑπάρχων
727 2597 795 2649 τὰ
821 2594 900 2665 τῷ
944 2593 1022 2665 νῷ
1069 2595 1296 2664 ἐνήργει
1350 2595 1720 2664 προσήκοντα,
1757 2594 1890 2657 Θεὸς

309 2690 413 2762 μὲν
442 2685 512 2760 ἦν
543 2692 573 2742 ὁ
605 2688 684 2759 τῷ
715 2687 932 2757 σώματι
961 2685 1376 2756 συμπεινήσας,
1410 2684 1540 2747 Θεὸς
1574 2685 1631 2736 δὲ
1660 2688 1687 2738 6
1734 2684 1894 2756 διψή-

309 2800 436 2848 σας,
465 2782 561 2835 καὶ
596 2781 887 2844 κοπιάσας,
924 2779 1017 2831 καὶ
1066 2777 1435 2847 καθευδήσας,
1483 2781 1576 2830 καὶ
1605 2778 1890 2846 λυπηθεὶς,

309 2877 410 2929 καὶ
435 2874 736 2934 δειλιάσας,
769 2871 864 2925 καὶ
895 2871 1075 2926 πάντα
1105 2869 1276 2923 τᾶλλα
1309 2871 1380 2923 τὰ
1409 2869 1728 2939 ἀνθρώπινα
1759 2870 1893 2922 ὑποο

315 2966 509 3038 μείνας
545 2965 872 3034 παθήματα.
917 2963 982 3016 Εἰ
1005 2962 1137 3024 Θεὸς
1165 2961 1222 3013 δὲ
1255 2961 1282 3014 6
1307 2960 1601 3028 παλαίσας,
1625 2967 1719 3015 καὶ
1739 2963 1896 3032 νική-

1987 1774 2152 1827 etiam
2192 1769 2325 1823 nihil
2360 1767 2484 1820 inde
2510 1764 2710 1819 ιαδιίιίιρ
2772 1758 3170 1831 tlegttstarcm,
3207 1767 3330 1807 cum
3391 1749 3584 1803 alienis

1990 1864 2211 1933 tr0pzeis
2259 1860 2574 1930 gauderem.
2605 1854 2724 1908 Jam
2755 1866 2880 1906 vero
2909 1861 2959 1905 et
2982 1835 3228 1910 diabolus
3261 1840 3578 1903 exsultaret,

1990 1962 2043 2008 et
2075 1953 2424 2022 gloriaretur,
2457 1947 2673 2015 sibique
2712 1945 2826 2014 ipse
2858 1943 3128 2008 plateret,
3166 1946 3220 1990 et
3278 1933 3580 2004 plauderet,

1989 2045 2080 2113 qui
2111 2059 2231 2098 cum
2276 2043 2383 2096 Deo
2410 2041 2643 2094 luctatus
2671 2042 2837 2098 esset,
2870 2045 2921 2085 et
2952 2048 2979 2083 a
3009 2031 3117 2082 Deo
3158 2027 3332 2080 victus
3371 2023 3578 2076 fuisset.

1990 2135 2320 2190 Praeclarum
2380 2130 2526 2185 enim
2560 2129 2698 2182 foret
2732 2127 2804 2179 illi
2835 2140 2864 2178 a
2899 2125 3005 2177 Deo
3057 2120 3138 2173 vel
3165 2116 3442 2185 superari.-

2485 2216 2573 2272 Ex
2605 2217 2789 2271 eadem
2833 2211 3093 2267 oratione.

2063 2316 2482 2372 Excusationem
2517 2311 2784 2364 haberent
2812 2314 3151 2374 peccatores,
3192 2299 3237 2352 si
3274 2295 3416 2348 Deus
3449 2292 3580 2346 Ver-

1995 2410 2122 2463 butn
2157 2414 2392 2459 tuentem
2425 2410 2612 2471 utpote
2678 2395 3005 2451 imbecillam
3067 2405 3174 2445 non
3236 2385 3584 2452 suscepisset.
3635 2414 3638 2418 -

1997 2504 2054 2559 Si
2088 2503 2230 2558 enim
2255 2509 2549 2567 assumpta:
2582 2495 2735 2550 carni
2770 2505 2924 2545 mens
2955 2492 3188 2542 humana
3235 2497 3344 2535 nua
3390 2469 3586 2539 inerat,

1999 2598 2095 2652 sed
2125 2595 2269 2650 Deus
2300 2608 2364 2648 ea
2393 2606 2514 2660 qua:
2549 2588 2744 2644 tuentis
2795 2593 2944 2646 sunt,
2987 2579 3403 2646 exsequebatur,
3447 2569 3590 2624 Deus

1998 2687 2052 2741 in
2072 2700 2298 2752 corpore
2325 2681 2618 2745 esut‘iebat,
2637 2677 2778 2732 Deus
2807 2662 3044 2734 sitiebat,
3067 2672 3207 2723 Deus
3254 2662 3590 2733 defatigaba-

1998 2786 2108 2842 tur,
2130 2775 2274 2830 Deus
2299 2773 2621 2834 dormiebat,
2641 2769 2785 2822 Deus
2803 2764 3139 2823 tristahatur,
3174 2761 3315 2813 Deus
3339 2757 3591 2826 parebat,

1998 2868 2144 2923 Deus
2167 2866 2398 2934 denique
2443 2861 2681 2930 reliquas
2708 2871 2899 2911 onmes
2929 2853 3243 2907 allectiones
3268 2845 3594 2901 sustinebat.

2001 2957 2154 3020 Quod
2182 2953 2225 3008 si
2257 2930 2398 3007 Deus
2424 2951 2539 3020 ipse
2565 2945 2792 3000 certavit
2843 2951 2899 2996 et
2926 2942 3078 3004 vicit,
3101 2952 3201 3007 ego
3228 2933 3454 2989 victoria
3489 2930 3599 2999 pri-

314 3021 440 3124 σας,
463 3057 576 3128 ἐγὼ
605 3021 717 3127 pi;
731 3057 830 3126 τῆς
858 3054 1016 3125 νίκης
1051 3021 1377 3124 ἐστέρημαι,
1397 3021 1605 3116 Θεὸς
1629 3055 1657 3106 6
1685 3053 1785 3123 τὴν
1815 3021 1897 3108 δί-

2011 3056 2159 3101 vatus
2185 3060 2326 3107 smn,
2359 3043 2503 3096 Deus
2530 3036 2987 3106 autemjustitiam
3007 3046 3221 3086 otnnem
3243 3027 3466 3096 peregit.
3495 3021 3596 3088 Qui

315 3152 619 3221 καιοσόνην
645 3149 863 3204 ἅπασαν
887 3146 1268 3217 κατορθώσας.
1289 3147 1356 3200 0i
1386 3145 1546 3200 τοῦτο
1562 3147 1621 3200 δὲ
1647 3146 1901 3214 λέγοντες

319 3243 544 3315 πρῶτον
572 3243 674 3313 μὲν
709 3242 934 3294 ἀτονίαν
964 3240 1042 3310 τῷ
1067 3239 1190 3309 Θεῷ
1215 3239 1374 3308 Λόγῳ
1399 3240 1813 3310 προσάπτουσιν
1836 3240 1900 3290 οὐ

313 3339 421 3406 τὴν
447 3335 742 3405 τυχοῦσαν,
776 3335 958 3404 εἰπερ,
995 3333 1070 3396 ὦς
1095 3349 1285 3401 φασιν,
1326 3333 1424 3401 οὐχ
1452 3325 1561 3395 οἷός
1596 3349 1654 3384 τε
1681 3325 1774 3400 ἦν,
1807 3329 1904 3391 τοῦ

321 3425 422 3482 νοῦ
451 3426 547 3480 τοῦ
605 3423 959 3494 ἀνθρωπείου
1015 3425 1287 3488 συνόντος,
1354 3422 1647 3477 δικαιῶσαι
1681 3424 1775 3477 τὸν
1807 3425 1906 3479 ἀν-

326 3522 552 3594 θρωπον
583 3535 598 3548 ·
635 3521 827 3572 ἔπειτα
870 3517 928 3570 δὲ
963 3517 1056 3570 καὶ
1082 3518 1216 3570 πᾶσι
1240 3518 1352 3579 τοῖς
1382 3515 1784 3584 ἁμαρτάνουσι,
1812 3516 1908 3568 καὶ

323 3616 455 3677 τοὺς
489 3612 684 3676 θείους
731 3608 1137 3676 παραϐαίνουσι
1178 3607 1378 3676 νόμους
1428 3606 1733 3674 ἀπολογίας
1768 3607 1910 3658 ὑπα-

323 3705 573 3776 νοῖγουσι
604 3704 800 3775 θύραν.
851 3702 1062 3754 Εῐπωσι
1099 3702 1208 3770 γὰρ
1248 3701 1316 3751 ἂν
1374 3697 1604 3758 είκὸτως
1633 3698 1772 3767 πρὸς
1816 3698 1908 3750 τὸν

321 3799 437 3855 τῶν
463 3799 605 3853 ὅλων
631 3797 786 3860 Θεὸν,
830 3796 949 3848 Οὐκ
979 3793 1378 3861 ἀσύγγνωστα,
1413 3783 1460 3843 ὦ
1505 3790 1781 3856 Δέσποτα,
1813 3806 1912 3842 πε-

325 3889 831 3963 πλημμελήκαμεν,
861 3887 982 3939 οὐδὲ
1014 3887 1288 3955 τιμωρίας
1316 3883 1465 3947 ἀξια,
1499 3881 1627 3935 νοῦν
1665 3883 1916 3952 ἡγεμόνα

324 3981 590 4045 λαὸόντες
623 3979 852 4048 ἀσθενῆ,
882 3979 980 4031 καὶ
1010 3977 1307 4046 φυλάττειν
1344 3976 1474 4037 τοὺς
1504 3973 1633 4036 σοὺς
1666 3975 1728 4026 οὺ
1755 3974 1918 4027 δυνά-ο

330 4094 500 4148 μενον
520 4073 739 4146 νόμους.
773 4074 882 4126 Καὶ
906 4073 972 4125 σὺ
995 4072 1053 4123 δὲ
1083 4069 1270 4132 αὐτὸς,
1289 4065 1336 4123 ὦ
1357 4068 1630 4134 Δέσποτα,
1659 4068 1721 4120 ὲν
1746 4068 1915 4138 σαρκὶ

331 4166 732 4239 παραγεγονὼς
763 4167 946 4235 σάρκα
999 4163 1100 4232 μὲν
1157 4162 1258 4230 τὴν
1294 4161 1576 4232 ἡμετέραν
1630 4159 1912 4224 ἁνέλαὸες,

325 4269 427 4318 τὸν
458 4264 517 4316 δὲ
551 4260 677 4315 νοῦν
703 4261 778 4322 ὼς
818 4258 920 4327 τῆς
966 4257 1173 4328 ἀρετῆς
1207 4254 1308 4325 τὴν
1361 4253 1559 4323 κτῆσιν
1607 4252 1914 4316 κωλύοντα,

328 4360 428 4413 καὶ
464 4356 564 4427 τῆς
598 4323 889 4426 ἁμαρτίας⁷
909 4323 1488 4420 τὴννάπέιτηννρᾳδίως
1513 4345 1905 4417 ὑποδεχόμενοι

2024 4337 2130 4391 cile
2153 4329 2479 4392 succumbit,
2537 4323 2795 4396 rejecisti,

328 4450 671 4525 ἀπέρριψας,
724 4445 823 4499 καὶ
861 4443 1051 4498 λαϐεῖν
1103 4441 1207 4494 οὐκ
1263 4441 1525 4510 ἠνέσχου,
1577 4439 1809 4507 γέγονας
1860 4437 1920 4491 δὲ

330 4549 461 4604 ἀντὶ
489 4544 584 4600 νοῦ
607 4545 673 4614 τῇ
696 4540 886 4610 σαρκὶ,
917 4539 1012 4592 καὶ
1043 4535 1224 4605 τούτῳ
1253 4534 1331 4605 τῷ
1361 4535 1552 4604 τρόπῳ
1584 4534 1684 4603 τὴν
1712 4531 1923 4584 δικαιο-

333 4643 508 4710 σύνην
535 4636 933 4707 κατώρθωσας,
987 4633 1162 4701 τούτῳ
1185 4630 1264 4700 τῷ
1288 4628 1475 4700 τρόπῳ
1506 4627 1609 4697 τὴν
1642 4626 1922 4698 ἁμαρτίαν

331 4735 655 4803 νενίκηκας.
707 4729 839 4792 Θεὸς
887 4727 999 4795 γὰρ
1063 4724 1358 4794 ὑπάρχεις,
1427 4719 1592 4792 βουλῇ
1639 4720 1700 4773 τὸ
1733 4717 1923 4772 δοκοῦν

333 4829 533 4893 ποιῶν,
558 4823 790 4892 νεύματι
811 4816 1248 4880 κατασκευάζων
1269 4816 1338 4868 τά
1360 4815 1706 4885 πράγματα.⁸
1732 4813 1920 4881 Ἡμεῖς

333 4923 395 4977 δὲ
427 4919 520 4973 τὸν
551 4913 898 4984 ἀνθρώπινον
934 4911 1063 4964 νοῦν
1117 4908 1361 4978 ἔχοντες,
1389 4907 1447 4958 ὃν
1502 4903 1797 4960 ἀναλαϐεῖν
1824 4903 1924 4956 οὐκ

340 5013 645 5086 ἠθέλησας,
666 5002 984 5073 ἀναγκαίως
1012 5000 1121 5052 ὑπὸ
1137 4998 1235 5068 τὴν
1258 4997 1535 5066 ἁμαρτίαν
1553 4994 1922 5064 τυγχάνομεν,

341 5111 461 5170 τοῖς
512 5103 629 5164 σοῖς
673 5099 880 5168 ίχνεσιν
933 5092 1302 5160 ἀκολουθῆσαι
1336 5090 1435 5142 οὐκ
1471 5089 1819 5157 ίσχύσαντες.
1859 5085 1925 5138 Τί

340 5203 454 5273 γὰρ
481 5197 605 5260 νοῦς
633 5191 974 5266 ἀνθρώπινος
992 5188 1126 5258 πρὸς
1147 5183 1282 5238 Θεοῦ
1311 5182 1568 5250 δύναμιν,
1594 5181 1688 5234 καὶ
1709 5181 1927 5247 σοφίαν,

339 5271 440 5350 καί
472 5291 610 5362 φῶς,
651 5286 747 5340 καὶ
775 5281 1151 5348 δικαιοσύνην,
1184 5279 1276 5330 καὶ
1309 5275 1480 5346 ζωὴν,
1511 5277 1608 5327 καὶ
1627 5273 1726 5336 τάς
1762 5271 1928 5335 ἄλλας

338 5389 441 5459 τῆς
472 5385 573 5451 σῆς
602 5380 794 5443 οὐσίας
835 5374 1144 5445 ινεργείας,
1175 5369 1230 5423 αἶ
1271 5369 1528 5435 καθάπερ
1567 5369 1787 5428 ἀκτῖνες
1837 5368 1930 5418 καὶ

343 5477 697 5551 λαμπηδόνες
727 5476 794 5527 ἐκ
827 5471 927 5539 τῆς
957 5467 1058 5536 σῆς
1109 5466 1397 5535 ἀνίσχουσι
1445 5465 1696 5530 φύσεωςς
1741 5460 1931 5514 Ταῦτα

349 5576 419 5630 ἃν
445 5575 657 5628 εἴποιεν
682 5567 908 5626 εἰκότως
939 5563 989 5614 οἱ
1031 5563 1098 5630 τῇ
1133 5559 1382 5629 ἁμαρτίᾳ
1405 5555 1686 5610 δουλεύειν
1741 5557 1927 5624 αίρυυ·

347 5683 530 5737 μενοι,
560 5663 721 5731 εἰπερ
746 5656 966 5728 ἀληθῶς
990 5657 1020 5709 6
1048 5653 1182 5716 Θεὸς
1206 5651 1378 5719 Λόγος
1405 5650 1570 5704 ἄνουν
1613 5649 1809 5702 ἔλαϐεν
1833 5648 1929 5702 ἀν-

2006 3142 2122 3196 haec
2153 3140 2469 3206 loquuntur,
2501 3132 2737 3202 primunt
2767 3141 2878 3182 non
2935 3125 3194 3192 exiguam
3259 3120 3371 3173 Deo
3415 3115 3598 3171 Verbo

2012 3230 2262 3285 tribuunt
2297 3225 2702 3287 inﬁrmitatem,
2747 3217 3041 3288 siquidem,
3092 3224 3152 3268 ut
3196 3211 3295 3282 ipsi
3326 3218 3597 3270 asserunt,

2008 3338 2114 3378 non
2137 3329 2350 3391 poterat
2371 3321 2604 3372 humana
2629 3322 2810 3367 mente
2829 3318 3075 3376 suscepta
3101 3305 3372 3358 hominem
3390 3300 3599 3368 justum

2009 3412 2242 3467 elIicerc.
2303 3405 2508 3462 Deinde
2559 3401 2813 3458 omnibus
2868 3393 3223 3468 peccantibus
3278 3391 3597 3455 divitiasque

2011 3503 2158 3572 leges
2193 3498 2526 3555 violantibus
2597 3470 2971 3549 excusatiobis
3005 3487 3210 3540 aditum
3246 3480 3598 3551 patefaciunt.

2016 3595 2110 3650 Sic
2131 3593 2273 3648 enim
2297 3605 2398 3645 nec
2428 3591 2700 3644 immerito
2741 3583 2909 3636 Deum
2938 3579 3179 3635 onmium
3213 3577 3555 3643 alloquamur
3584 3583 3600 3622 :

2015 3687 2266 3749 Domine,
2297 3698 2396 3738 nos
2421 3696 2528 3736 non
2581 3675 2901 3734 admisimus
2939 3687 3001 3726 ea
3059 3670 3260 3739 quibus
3301 3666 3458 3719 venia
3494 3678 3602 3716 non

2018 3781 2306 3840 debeatur,
2338 3786 2432 3828 aut
2461 3787 2580 3842 qua:
2620 3766 2884 3838 supplicio
2905 3763 3065 3832 digna
3111 3760 3242 3824 sint,
3291 3772 3415 3810 cum
3450 3769 3603 3807 men-

2020 3887 2154 3940 tem,
2182 3872 2336 3942 cujus
2357 3871 2517 3923 ductu
2534 3865 2796 3936 regimur,
2832 3855 3155 3913 imbecillam
3189 3849 3565 3919 acceperimus
3583 3883 3604 3912 ,

2022 3982 2143 4037 qua:
2175 3941 2320 4036 leges
2349 3973 2471 4016 tuas
2499 3961 2791 4014 observare
2817 3967 2920 4006 non
2959 3954 3155 4017 potest.
3187 3944 3257 3996 At
3288 3953 3342 3997 tu
3383 3941 3603 4010 quidem

2021 4062 2163 4131 ipse,
2197 4054 2448 4117 Domine,
2484 4053 2542 4106 in
2591 4061 2761 4105 carne
2787 4043 3106 4104 adveniens,
3138 4049 3356 4092 carnem
3387 4032 3604 4102 quidem

2023 4164 2266 4208 nostrain
2298 4144 2606 4216 suscepisti,
2635 4148 2869 4196 mentem
2923 4148 3070 4198 vero,
3111 4144 3232 4200 qua:
3257 4126 3608 4196 assequendzc

2024 4241 2217 4298 virtuti
2253 4237 2412 4294 affert
2462 4215 2940 4304 impedimentum,
2998 4233 3053 4277 et
3107 4217 3312 4289 peccati
3375 4219 3496 4272 dolo
3525 4215 3608 4270 lac

2847 4331 2902 4374 et
2925 4315 3174 4386 accipere
3210 4311 3496 4374 recusasti,
3557 4317 3610 4362 ct

2027 4441 2083 4486 tu
2113 4431 2168 4482 in
2202 4439 2368 4482 carne
2394 4419 2594 4486 mentis
2622 4427 2851 4472 munere
2878 4411 3101 4465 iunctus
3127 4422 3209 4470 es,
3245 4407 3420 4459 ethoc
3451 4400 3611 4454 modo

2017 4516 2286 4592 justitiam
2326 4509 2637 4583 implevisti,
2673 4507 2777 4561 hoc
2810 4499 2972 4558 modo
3007 4507 3285 4568 peccaturo
3314 4489 3610 4562 superasti,

2025 4613 2169 4669 Deus
2193 4610 2339 4666 enim
2367 4582 2449 4671 es,
2484 4613 2540 4659 et
2562 4601 2863 4661 voluntate,
2910 4591 3055 4664 quod
3110 4589 3212 4655 vis,
3271 4582 3608 4652 exsequeris,

2024 4717 2079 4762 et
2112 4714 2244 4760 nutu
2274 4716 2362 4757 res
2381 4696 2627 4754 conficis.
2659 4690 2769 4746 Nos
2797 4699 3002 4749 autem,
3035 4683 3125 4753 qui
3177 4688 3411 4732 mentem
3449 4671 3613 4727 habe-

2027 4813 2174 4862 mus,
2201 4808 2364 4864 quam
2389 4802 2444 4844 tn
2478 4787 2728 4856 accipere
2751 4778 3004 4841 noluisti,
3032 4770 3345 4827 necessario
3373 4763 3612 4835 peccatis

2027 4892 2293 4952 cedimus,
2326 4900 2449 4943 cum
2486 4880 2718 4950 vestigia
2751 4887 2842 4930 tua
2869 4870 3020 4941 sequi
3054 4874 3412 4935 nequeamus.
3471 4854 3611 4920 Quid

2027 4988 2172 5043 enim
2199 4985 2435 5039 humana
2465 4985 2550 5032 est
2578 4985 2755 5038 mens,
2786 4969 2832 5023 si
2857 4980 2979 5021 cum
3022 4958 3114 5015 Dei
3147 4960 3372 5016 virtute,
3403 4960 3458 5004 et
3488 4961 3609 5002 cum

2028 5079 2124 5134 Dei
2156 5072 2444 5147 sapientia,
2485 5079 2538 5124 et
2587 5067 2728 5130 luce,
2756 5071 2810 5116 et
2833 5054 3096 5135 iustitia”
3138 5060 3191 5105 et
3226 5049 3356 5109 vita,
3385 5053 3433 5095 et
3490 5038 3613 5092 aliis

2028 5170 2281 5230 essentne
2335 5176 2440 5220 tute
2472 5161 2708 5223 dotibus,
2740 5168 2861 5225 qua:
2912 5131 3164 5215 tanquam
3193 5139 3325 5196 radii
3358 5148 3412 5190 et
3467 5131 3614 5186 iaces

2033 5281 2105 5322 ex
2142 5270 2337 5318 natura
2371 5267 2459 5312 tua
2493 5251 2719 5322 fulgent,
2749 5244 3062 5304 conferatur
3086 5237 3110 5289 ἳ
3137 5234 3262 5288 “tot:
3303 5227 3496 5281 tuerito
3528 5225 3614 5276 di-

2031 5370 2156 5410 cere
2206 5354 2461 5420 poterunt
2487 5314 2824 5413 qui-peccato
2859 5331 2961 5387 sibi
3017 5322 3356 5382 serviendum
3400 5314 3615 5386 judica-

2035 5456 2185 5512 rnnt,
2219 5444 2264 5500 si
2305 5455 2430 5495 vere
2465 5436 2609 5491 Deus
2652 5430 2888 5486 Verbum
2926 5422 3201 5500 hominem
3255 5413 3452 5468 mentis
3507 5423 3617 5461 ex-

2035 5509 2242 5618 pertem
2265 5532 2578 5607 assumpsit,
2601 5542 2656 5588 et
2679 5528 2779 5584 hoc
2797 5524 2956 5580 modo
2984 5517 3184 5576 vitandi
3209 5509 3416 5587 peccati
3449 5509 3620 5562 ratio-

2035 5655 2160 5696 nem
2203 5630 2432 5692 invenit.

349 5763 596 5834 θρωπον,
620 5755 796 5825 τούτῳ
819 5751 898 5825 τῷ
927 5749 1115 5824 τρόπῳ
1152 5747 1216 5802 τὸ
1244 5747 1640 5819 ἀναμάρτητον
1679 5755 2166 5817 μηχανησαμενος.
