4036 6210
948 437 1031 494 Ea:
1069 442 1247 494 eadem
1277 443 1531 496 oratione.

521 578 635 633 Sed
673 578 786 647 jam
836 575 1062 630 istorum
1105 585 1273 641 nugas
1303 572 1355 623 in
1388 570 1641 638 praesenti
1686 572 2023 624 omittamus.

446 667 557 722 Nos
599 681 728 721 vero
760 666 824 719 ad
862 666 1189 735 propositum
1239 674 1616 732 argumentum
1667 671 2024 722 revertamur,

446 770 608 828 atque
646 760 1076 811 demonstremus
1115 754 1481 808 necessariam
1518 752 1686 805 fuisse
1716 751 2027 805 Servatoris

443 850 615 905 nostri
658 846 1107 901 incarnationem.
1150 847 1285 912 Quia
1319 847 1460 900 enim
1494 855 1636 898 totus
1668 845 1826 898 homo
1869 842 2027 896 dece-

448 954 570 1013 ptus
612 940 809 1003 fuerat,
845 948 1095 1005 totusque
1126 940 1224 992 sub
1276 947 1559 1008 peceatum
1618 937 1914 998 deciderat,
1973 944 2028 987 et

447 1045 573 1087 ante
613 1033 786 1100 ipsum
815 1046 1013 1096 corpus
1054 1045 1204 1083 mens
1233 1045 1472 1085 errorem
1506 1029 1837 1093 admiserat;
1875 1042 2028 1079 nam-

447 1139 552 1194 que
574 1132 729 1177 antea
753 1124 948 1199 mentis
972 1136 1269 1176 consensus
1292 1130 1569 1189 peccatum
1604 1121 1856 1182 deliucat,
1876 1119 2028 1171 deiu-

450 1219 515 1270 de
564 1216 615 1269 id
660 1230 856 1283 corpus
906 1230 1000 1283 per
1041 1229 1193 1267 suam
1251 1215 1515 1268 actionem
1566 1212 1777 1282 ﬁgurat,
1835 1211 2029 1264 merito

450 1310 698 1364 Christus
733 1308 989 1373 Dominus
1032 1307 1233 1375 lapsam
1282 1316 1525 1359 naturam
1569 1310 1778 1375 erigere
1820 1307 2025 1365 volens.

452 1402 668 1469 utrique
700 1399 859 1453 simul
894 1414 1113 1454 manum
1164 1400 1413 1467 porrigit,
1446 1408 1500 1452 et
1538 1400 1805 1467 jaceutem
1848 1399 2025 1464 erigit,

451 1507 699 1555 carnem,
724 1492 961 1559 inquam,
989 1505 1052 1543 ac
1081 1501 1335 1551 mentem,
1366 1504 1487 1558 qua
1514 1490 1578 1542 ad
1601 1488 1875 1543 Creatoris
1897 1490 2030 1541 ima-

452 1586 631 1653 ginem
665 1583 805 1636 facta
844 1582 962 1635 fuit.
993 1582 1089 1635 Est
1118 1583 1260 1635 enim
1299 1597 1451 1636 mens
1492 1582 1797 1645 invisibilis,
1846 1584 2030 1635 incon-

452 1676 803 1745 tetnplabilis,
839 1677 1096 1746 impervia
1142 1685 1196 1729 et
1241 1674 1821 1744 incomprehensibilis,
1855 1690 2031 1744 neque

1723 333 2107 393 EUTllYNlll
2152 332 2538 397 ZiGABENl.

3610 333 3719 394 923

2586 450 2680 500 Ἐκ
2704 447 2808 503 τοῦ
2852 448 3039 503 αὐτοῦ
3062 450 3273 519 λόγου.

2210 572 2369 627 Ἀλλά
2406 572 2504 643 τὴν
2548 574 2646 644 μὲν
2689 575 3006 646 ἀδολεσχίαν
3044 579 3270 632 ἐκείνων
3316 580 3713 651 καταλίπωμεν

2124 666 2217 717 ἐπὶ
2261 662 2356 717 τοῦ
2407 666 2707 736 παρόντος·
2750 670 2909 739 ἡμεῖς
2956 670 3013 722 δὲ
3059 672 3150 723 ἐπὶ
3194 672 3293 742 τὴν
3336 674 3711 747 προκειμένην

2125 752 2385 808 ὑπόθεσιν
2407 756 2814 826 ἐπανέλθωμεν,
2849 760 2942 811 καὶ
2968 758 3235 831 δείξωμεν
3258 763 3358 832 τὴν
3389 764 3482 816 τοῦ
3518 766 3709 834 Σωτῆ-

2128 859 2217 914 ρος
2236 845 2401 915 ἡμῶν
2424 849 2740 918 οἰκονομίαν
2772 851 3088 918 ἀναγκαίως
3119 856 3513 926 γεγενημένην.
3531 859 3714 910 Ἐπει-

2124 934 2187 1003 δὴ
2214 935 2322 1006 γὰρ
2351 936 2496 1000 ἄπας
2522 941 2551 990 ὁ
2577 938 2859 1009 ἄνθρωπος
2885 942 3163 1013 ἠπατήθη,
3191 945 3284 996 καὶ
3310 945 3456 1007 ἅπας
3486 947 3588 999 ὑπὸ
3607 947 3710 1017 τὴν

2126 1028 2401 1098 ἁμαρτίαν
2425 1032 2660 1099 ἐγένετο,
2675 1032 2768 1083 καὶ
2792 1033 2897 1100 πρὸ
2919 1033 3012 1086 τοῦ
3035 1034 3286 1105 σώματος
3307 1038 3474 1109 δὲτὴν
3490 1040 3710 1108 ἀπάτην

2125 1121 2152 1171 ὁ
2174 1120 2297 1182 νοῦς
2322 1122 2643 1187 ὑπεδέξατο·
2672 1127 2703 1195 ἡ
2728 1124 2822 1177 τοῦ
2845 1125 2936 1178 νοῦ
2960 1127 3066 1197 γὰρ
3089 1130 3355 1199 πρότερον
3374 1132 3713 1197 συγκατάθε-

2127 1228 2209 1274 σις
2226 1212 2323 1281 τὴν
2346 1215 2622 1283 ἁμαρτίαν
2644 1222 2995 1289 σκιαγραφεῖ,
3021 1215 3120 1272 εἷθ’
3141 1220 3314 1284 οῦτως
3334 1222 3420 1275 διὰ
3441 1224 3539 1292 τῆς
3563 1226 3715 1294 ἐνερ-

2127 1303 2276 1368 γείας
2318 1305 2379 1355 τὸ
2426 1306 2581 1377 σῶμα
2623 1307 2828 1378 ταύτην
2862 1313 3080 1379 μορφοῖ,
3124 1312 3711 1384 εἰκότωςὸΔεσπότης

2125 1396 2359 1464 Χριστὸς
2398 1397 2498 1467 τὴν
2533 1402 2882 1452 πεπτωκυῖαν
2923 1401 3083 1469 φύσιν
3110 1402 3412 1471 ἀναστῆσαι
3445 1403 3713 1473 paulopa-

2125 1503 2235 1548 νος,
2283 1489 2415 1538 πᾶσι
2455 1490 2614 1557 χεῖρα
2654 1489 2873 1559 ὀρέγει,
2918 1490 3011 1543 καὶ
3052 1491 3313 1562 κειμένην
3356 1493 3560 1563 ἐγείρει
3610 1496 3717 1562 τὴν

2127 1576 2325 1643 σάρκα,
2350 1594 2421 1646 φη
2431 1577 2511 1647 μὶ,
2532 1579 2731 1631 καὶτὸν
2756 1578 2900 1643 νοῦν,
2919 1580 2977 1643 ὃς
2998 1582 3240 1648 ἐγεγόνει
3264 1585 3383 1636 κατ’
3404 1584 3592 1637 είκόνα
3612 1585 3715 1637 τοῦ

2125 1668 2453 1731 Κτίσαντος·
2478 1670 2708 1739 ἀόρατός
2743 1688 2801 1723 τε
2842 1674 2950 1743 γάρ
2992 1675 3129 1737 ἐστι,
3154 1675 3246 1727 καὶ
3268 1675 3517 1739 ἀθέατος.
3542 1679 3715 1747 ἀνέφο

453 1786 513 1824 se
559 1771 727 1839 ipsam
774 1784 1125 1837 cognoscens,
1168 1780 1222 1822 et
1271 1770 1489 1836 insuper
1519 1766 2022 1835 incircumscripta:

2127 1759 2274 1821 ικτός
2309 1777 2367 1811 τε
2402 1760 2494 1813 καὶ
2529 1762 2933 1832 ἀκατάληπτος,
2956 1765 3062 1816 οὐδ’
3086 1766 3280 1818 ἑαυτὸν
3321 1768 3710 1837 ἐπιστάμενος,

452 1873 507 1917 et
554 1864 596 1916 si
644 1862 1029 1930 cogitationum
1068 1860 1408 1929 phantasiam
1456 1867 1783 1926 spectamus,
1833 1858 2026 1909 ducatu

453 1964 508 2006 ct
540 1960 806 2022 potestate
865 1952 1108 2021 praedita,
1168 1950 1371 2002 artibus
1419 1957 1474 2001 et
1527 1948 1769 2001 scientiis
1816 1960 2026 2010 ornata,

458 2060 621 2114 parva
646 2045 885 2113 qnazdam
909 2058 1119 2097 acnova
1143 2041 1518 2103 creatrix,vel,
1545 2050 1601 2093 ut
1622 2044 1800 2095 verius
1826 2040 2025 2105 dicam,

454 2137 730 2191 Creatoris
773 2135 1051 2197 imitatrix,
1104 2136 1287 2202 regina
1333 2144 1595 2187 creatttrre
1645 2134 1888 2198 visibilis,
1946 2134 2029 2187 vel

455 2228 599 2296 regis
646 2228 843 2297 imago,
897 2226 1094 2280 tributa
1143 2226 1209 2279 de
1261 2234 1402 2279 terra
1449 2226 1728 2293 colligens,
1770 2240 1833 2278 ex
1871 2225 2026 2288 mari,

455 2326 616 2385 atque
649 2332 795 2381 aere,
845 2333 910 2371 ex
942 2318 1053 2371 sole
1102 2332 1165 2371 ac
1208 2316 1330 2370 luna
1363 2328 1417 2372 et
1468 2317 1658 2381 stellis,
1692 2333 1755 2371 ex
1785 2318 1925 2372 coelo
1975 2326 2029 2370 et

452 2408 707 2472 nubibus,
742 2423 804 2463 ex
849 2408 1060 2473 ovibus,
1104 2408 1296 2473 bobus,
1329 2408 1556 2477 aliisque
1868 2423 2028 2477 pecu-

453 2498 642 2564 dibus;
675 2501 784 2553 imo
809 2515 933 2554 vero
959 2499 1195 2554 omnium
1223 2498 1427 2554 fructus
1449 2514 1677 2570 carpens
1702 2518 1715 2553 :
1746 2501 1861 2567 ejus
1884 2501 2026 2554 enim

426 2574 627 2659 ‘gratia
667 2590 897 2646 visibilia
930 2600 1125 2647 cuncta
1156 2600 1283 2647 sunt
1310 2590 1488 2646 facta:
1516 2606 1641 2645 nam
1672 2591 1811 2646 Deus
1838 2591 2026 2645 borum

452 2697 559 2735 non
589 2693 671 2737 est
707 2682 937 2750 indigns.

521 2876 637 2931 Non
662 2892 791 2948 ergo
811 2879 1135 2948 contempsit
1151 2889 1256 2935 tam
1273 2881 1563 2951 pretiosam
1588 2892 1794 2952 partem
1818 2885 2026 2939 medela

451 2979 703 3038 egentem
728 2988 744 3037 ;
776 2973 1068 3034 morboque
1098 2981 1151 3024 et
1182 2984 1396 3026 senecta
1426 2983 1733 3042 corruptam
1760 2976 2028 3044 mortique

451 3059 812 3126 mancipatam
862 3060 1251 3117 humanitatem
1305 3079 1410 3117 non
1468 3063 1537 3117 ita
1601 3068 1915 3134 assumpsit,
1970 3076 2027 3121 ut

448 3157 658 3217 partem
696 3149 867 3219 ipsius
907 3152 1220 3208 rationalem
1264 3162 1317 3207 et
1362 3153 1722 3210 immortalem
1759 3167 1916 3224 atque
1958 3158 2023 3211 ad

2127 1852 2263 1921 πρὸς
2303 1851 2359 1904 δὲ
2402 1853 2613 1915 τούτοις
2651 1855 2744 1906 καὶ
2767 1856 3146 1927 ὰπερίγραςρος
3161 1876 3173 1889 ·
3198 1860 3355 1929 εἴπερ
3375 1862 3455 1923 εἰς
3476 1863 3576 1930 τὴν
3598 1863 3714 1914 τῶν

2124 1942 2399 2011 λογισμῶν
2436 1944 2844 2015 ἀποϐλέψαιμεν
2882 1950 3201 2013 φαντασίαν,
3229 1951 3497 2020 ἡγεμονίᾳ
3522 1969 3584 2004 τε
3610 1955 3711 2005 καὶ

2125 2034 2343 2105 ἐξουσίᾳ
2377 2036 2759 2106 τετιμημένος,
2785 2039 2999 2107 τέχναις
3045 2042 3137 2093 καὶ
3180 2043 3513 2112 ἐπιστήμαις
3550 2062 3718 2096 κεκο-

2127 2126 2428 2194 σμημένος,
2458 2127 2665 2198 βραχύς
2703 2146 2787 2191 τις
2827 2132 2918 2183 καὶ
2945 2131 3061 2194 νέος
3082 2132 3508 2206 δημιουργὸς,ῆ,
3548 2137 3611 2187 τό
3646 2154 3713 2204 γε

2125 2217 2484 2289 ἀληθέστερον
2525 2222 2720 2286 εἰπεῖν,
2762 2221 2852 2275 τοῦ
2877 2224 3219 2294 Δημιουργοῦ
3262 2227 3522 2297 μιμητὴς,
3554 2227 3714 2296 βασι-

2123 2309 2247 2373 λεὺς
2267 2311 2364 2380 τῆς
2384 2312 2667 2382 ὁρωμένης
2689 2313 2990 2385 κτίσεως,ἢ
3019 2314 3282 2384 βασιλέως
3304 2315 3487 2379 εἰκὼν,
3507 2319 3714 2388 φόρους

2127 2400 2396 2467 συλλέγων
2419 2403 2481 2453 ἐκ
2505 2403 2626 2473 γῆς,
2654 2405 2718 2456 ἐκ
2741 2403 3030 2475 Θαλάττης,
3057 2406 3116 2471 ἐξ
3138 2408 3320 2478 ἀέρος,
3344 2407 3403 2471 ἐξ
3423 2409 3574 2477 ἡλίου
3613 2414 3714 2463 καὶ

2123 2492 2353 2564 σελήνης
2380 2495 2475 2547 καὶ
2494 2496 2758 2565 ἀστέρων,
2785 2496 2843 2561 ἐξ
2872 2498 3104 2568 ούρανοῦ
3135 2499 3229 2551 καὶ
3256 2498 3455 2567 νεφῶν,
3480 2501 3545 2552 ἐκ
3568 2518 3710 2573 προσ

2125 2587 2303 2639 ϐάτων
2346 2587 2440 2638 καὶ
2479 2586 2618 2655 βοῶν
2660 2590 2756 2640 καὶ
2794 2588 2905 2640 τῶν
2943 2588 3116 2642 ἄλλων
3156 2590 3388 2658 κτηνῶν,
3416 2591 3617 2660 μᾶλλον
3649 2593 3708 2645 δὲ

2124 2677 2334 2738 πάντας
2372 2677 2553 2730 αὐτῶν
2589 2677 2716 2739 τοὺς
2756 2679 3003 2747 καρποὺς
3036 2680 3397 2750 δρεπόμενος·
3438 2683 3509 2734 δι’
3542 2685 3709 2737 αὐτὸν

2122 2768 2230 2840 γὰρ
2256 2768 2467 2837 ἐγένετο
2487 2767 2554 2821 τὰ
2574 2767 2848 2839 ὁρώμενα·
2864 2769 2994 2833 Θεὸς
3011 2770 3123 2841 ’γὰρ
3150 2771 3356 2825 τούτων
3370 2775 3702 2845 ἀπροσδεής.

2192 2881 2400 2935 Οὔκουν
2443 2881 2679 2951 ἠτίμασε
2719 2881 2808 2934 τὸν
2850 2882 2992 2935 οὕτω
3028 2885 3237 2955 τίμιον,
3275 2885 3367 2938 τὸν
3407 2885 3706 2958 θεραπείας

2120 2973 2392 3044 δεόμενον·
2417 2971 2536 3024 ούδὲ
2560 2972 2620 3023 τὸ
2642 2972 3280 3045 φθειρόμενον,καὶνόσῳ
3304 2976 3396 3028 καὶ
3420 2979 3569 3048 γήρα
3586 2979 3705 3031 δου⁴

2121 3065 2177 3120 λε
2186 3064 2278 3118 ῦον
2298 3065 2391 3118 καὶ
2406 3063 2620 3134 Θανάτῳ
2638 3063 2891 3127 ἀνέλαϐε,
2913 3064 2974 3117 τὺ
2994 3065 3051 3117 δὲ
3074 3065 3289 3133 λογικὸν
3312 3069 3407 3120 καὶ
3432 3069 3702 3123 ἀθάνατον

2120 3157 2213 3209 καὶ
2224 3156 2343 3210 κατ’
2358 3156 2541 3209 εἰκόνα
2551 3155 2914 3225 γεγενημένον
2926 3156 3028 3208 ὑπε
3037 3157 3297 3226 ρεῖδε,κα“ι
3310 3158 3482 3212 ταῦτα
3493 3162 3700 3227 κακῶς,

449 3242 737 3312 imaginem
773 3261 926 3303 suam
963 3248 1156 3302 factam
1185 3249 1524 3318 despexerit;
1562 3248 1860 3317 prasertim
1901 3250 2022 3317 quia

2124 3249 2193 3311 ὦς
2206 3265 2357 3310 φασι,
2368 3248 2730 3316 διακείμενον·
2747 3249 2882 3303 ἀλλὰ
2899 3251 3076 3303 πᾶσαν
3087 3249 3181 3319 τὴν
3196 3249 3357 3318 φύσιν
3370 3251 3699 3305 παλαιωθεῇ

452 3336 613 3401 male,
639 3336 886 3399 utaiunt,
916 3350 973 3389 se
1001 3335 1237 3389 habebat
1263 3352 1275 3387 :
1307 3334 1401 3388 sed
1428 3333 1735 3388 universam
1767 3340 2018 3387 naturam

452 3429 790 3497 antiquatam
825 3426 1129 3480 renovavit.
1180 3425 1338 3479 Anne
1363 3424 1509 3477 enim
1535 3432 1744 3493 partem
1779 3423 1897 3493 ejus
1928 3438 2021 3476 no-

450 3537 573 3575 vam
635 3520 871 3583 fecisset,
931 3519 1077 3572 illam
1114 3532 1262 3582 vero,
1312 3531 1450 3585 quae.
1478 3516 1772 3570 inveterata
1814 3522 1933 3569 erat
1966 3523 2020 3569 et

448 3622 730 3681 corrupta,
767 3610 883 3665 sine
922 3608 1163 3663 remedio
1209 3622 1331 3660 esse
1364 3606 1614 3660 sivisset?
1636 3621 1757 3660 cum
1793 3619 2017 3671 praeser-

452 3704 546 3757 tint
575 3718 700 3772 pars
733 3702 846 3755 haec
894 3698 1292 3770 pretiosissima
1323 3705 1489 3762 esset,
1519 3706 1574 3751 et
1608 3697 2017 3751 immortalitate

449 3796 678 3865 pollens,
708 3805 763 3849 et
793 3792 1019 3846 rationis
1052 3806 1154 3845 usu
1185 3798 1467 3855 exornata,
1501 3798 1555 3845 et
1579 3789 1644 3843 ad
1675 3788 2018 3843 intellectua-

446 3886 579 3943 liutn
634 3886 882 3941 ordinem
931 3883 1231 3954 pertinens.
1301 3880 1767 3936 Absurdissimum
1818 3881 2017 3950 quippe

447 3979 657 4041 fuisset,
682 3990 879 4045 corpus
907 3975 1109 4027 luteum
1145 3980 1199 4025 et
1227 3972 1563 4042 pulvereum,
1588 3980 1641 4025 et
1673 3971 2017 4039 passionibus

448 4070 766 4140 implicitum
825 4068 927 4122 sibi
982 4080 1264 4120 assumere
1304 4073 1465 4135 atque
1518 4063 1834 4133 adjungere,
1874 4071 1930 4117 et
1960 4062 2014 4115 in

446 4163 672 4217 dextera
701 4160 1001 4228 majestatis
1026 4160 1327 4213 collocare:
1354 4165 1589 4210 mentem
1621 4169 1749 4209 vero
1766 4153 2016 4208 invisibi-

445 4253 577 4317 lem,
607 4249 993 4315 immortalem,
1025 4249 1316 4303 animantis
1347 4248 1658 4311 rectricem,
1698 4246 1766 4299 ad
1796 4244 1889 4299 [lci
1936 4244 2019 4298 fa-

444 4354 585 4399 ctam
621 4344 935 4412 imaginem,
980 4339 1497 4411 incorruptibilitate
1540 4339 1844 4408 praeditam,
1890 4351 2018 4391 cor-

445 4437 595 4505 poris
617 4436 783 4490 veluti
817 4437 1082 4506 aurigam,
1111 4434 1570 4503 gubernatricem,
1606 4440 1662 4485 et
1694 4430 1849 4500 quasi
1884 4444 2020 4484 con-

2128 3347 2230 3381 σαν
2260 3332 2606 3402 ἐνεοποίησε.
2646 3331 2759 3386 Καὶ
2788 3333 2849 3384 τὺ
2884 3330 2982 3400 μὲν
3012 3330 3184 3399 αὐτῆς
3218 3329 3407 3384 καινὸν
3434 3327 3707 3397 ἀπειργά-

2126 3435 2278 3481 σατο,
2295 3419 2356 3471 τὸ
2377 3420 2433 3472 δὲ
2458 3420 2908 3488 πεπαλαιωμένον
2931 3419 3026 3472 καὶ
3053 3419 3452 3487 διεῳθαρμένον
3481 3420 3707 3473 ἀνίατον

2123 3512 2273 3564 εἴασε
2290 3526 2305 3577 ;
2336 3511 2432 3563 καὶ
2463 3512 2635 3563 ταῦτα
2661 3511 2993 3579 τιμιώτατον
3019 3511 3286 3581 ὑπάρχον,
3305 3513 3399 3564 καὶ
3430 3511 3706 3582 ἀθανασίᾳ

2122 3600 2508 3672 τετιμημένον,
2547 3605 2639 3655 καὶ
2670 3602 2813 3670 λόγῳ
2859 3601 3300 3670 κεκοσμημένον,
3335 3603 3430 3653 καὶ
3465 3601 3564 3669 τῆς
3592 3602 3706 3653 τῶν

2122 3695 2330 3765 νοητῶν
2365 3696 2561 3766 μοίρας
2602 3696 2899 3764 τυγχάνον·
2934 3694 3045 3746 τῶν
3079 3694 3453 3746 ἀτοπωτάτων
3500 3696 3609 3763 γὰρ
3641 3694 3704 3745 τὸ

2126 3790 2226 3858 μὲν
2255 3789 2412 3858 σῶμα
2439 3789 2500 3840 τὸ
2530 3787 2773 3851 πήλινον,
2808 3788 2902 3841 καὶ
2937 3786 3142 3856 χοῖκὸν,
3172 3786 3267 3837 καὶ
3298 3783 3502 3837 πάθεσι
3544 3800 3705 3837 συνε-

2124 3879 2443 3950 ζευγμένον,
2465 3880 2557 3932 xui.
2584 3879 3024 3948 προσ-ληφθῆναι,
3058 3879 3153 3930 καὶ
3180 3876 3585 3946 ἀναληφθῆναι,
3607 3877 3704 3929 καὶ

2123 3974 2187 4026 ἐκ
2219 3974 2407 4040 δεξιῶν
2440 3973 2540 4043 τῆς
2574 3970 2973 4041 μεγαλωσύνης
3024 3966 3448 4039 καθιδρυνθῆναι
3475 3985 3489 3999 ·
3517 3972 3614 4021 τὸν
3643 3968 3702 4022 δὲ

2123 4065 2248 4120 νοῦν
2286 4066 2380 4118 τὸν
2416 4067 2665 4135 ἀόρατον,
2697 4063 2791 4116 τὸν
2831 4062 3124 4123 ἀθάνατον,
3173 4062 3265 4114 τόν
3314 4060 3563 4130 ἡγεμόνι
3605 4059 3701 4113 τοῦ

2125 4157 2288 4223 ζώου,
2306 4157 2396 4209 τὸν
2423 4156 2543 4208 κατ’
2576 4156 2757 4208 εἰκόνα
2786 4155 2937 4207 θείαν
2968 4171 3166 4224 γεγενη
3178 4154 3466 4224 μένον,τὸν
3491 4154 3704 4222 ἀφθαρο

2126 4252 2217 4323 σία
2245 4248 2630 4320 τετιμημένον,
2672 4247 2764 4300 τὸν
2793 4248 2889 4301 τοῦ
2924 4249 3177 4317 σώματος
3210 4248 3425 4318 ἡνίοχον
3464 4246 3562 4300 καὶ
3599 4263 3703 4299 κυ-

2126 4345 2396 4412 6ερνήτην
2422 4342 2518 4394 καὶ
2546 4341 2826 4410 μουσικὸν,
2861 4340 2927 4394 δι’
2956 4340 3016 4393 ὃν
3054 4340 3153 4393 ούκ
3191 4339 3386 4408 ἄλογος
3412 4341 3445 4403 ἡ
3491 4340 3705 4409 ἀνθρω-

2126 4438 2255 4489 πεία
2286 4435 2470 4503 φύσις,
2503 4433 2639 4487 ἀλλὰ
2667 4433 2858 4501 σοφίας
2903 4435 2997 4486 καὶ
3025 4433 3225 4502 τέχνης
3261 4434 3356 4486 καὶ
3385 4434 3705 4501 ἐπιστήμης

445 4539 611 4583 centu
648 4537 1062 4597 temperantem,
1102 4541 1199 4595 per
1223 4540 1383 4595 quam
1417 4524 1655 4576 humana
1684 4532 1879 4576 natura
1910 4537 2014 4575 non

2124 4528 2429 4591 ἀνάπλεως,
2458 4526 2648 4579 τοῦτον
2704 4525 3044 4601 ἀπερρίφθαι
3090 4528 3264 4587 κάτω,
3313 4524 3408 4577 καὶ
3455 4526 3553 4592 τῆς
3608 4524 3707 4577 τῦο

443 4632 527 4675 est
576 4621 758 4687 bruta,
791 4621 887 4675 sed
934 4617 1224 4687 sapientia,
1259 4616 1467 4670 artibus
1504 4625 1559 4669 et
1586 4616 1777 4685 quavis
1824 4614 2015 4683 peritia

442 4714 731 4767 abundat:
788 4713 949 4778 hanc,
1006 4712 1249 4782 inquam,
1301 4718 1539 4764 mentem
1585 4709 1650 4763 ad
1702 4708 2016 4762 inferiorem

444 4806 669 4871 gradum
703 4805 971 4874 deprimi,
1019 4818 1120 4859 nec
1172 4818 1355 4873 parem
1396 4802 1590 4858 saltem
1636 4816 1756 4855 cum
1788 4815 2021 4870 corpore

444 4900 708 4953 honorem
740 4897 1097 4967 participare;
1120 4912 1241 4950 cum
1282 4908 1463 4949 tamen
1494 4896 1614 4963 ejus
1633 4908 1796 4948 causa
1820 4907 2021 4962 corpus

442 4990 724 5045 rationalis
771 5002 1018 5043 creatura
1076 4989 1345 5053 evaserit;
1393 5001 1516 5041 cum
1565 4986 1808 5053 ejusdem
1853 5000 2018 5040 causa

443 5085 583 5137 datae
622 5082 823 5137 fuerint
871 5082 1014 5151 leges
1043 5096 1106 5136 ac
1155 5081 1496 5150 prophetiae;
1543 5094 1642 5148 per
1670 5094 1833 5144 quant
1879 5080 2017 5132 ﬁunt

444 5177 761 5239 certamina,
814 5175 996 5238 luctae,
1040 5175 1303 5237 victoriae,
1360 5174 1723 5237 laudationes,
1755 5187 2012 5239 coronae;

443 5286 541 5339 per
573 5284 733 5339 quam
774 5282 976 5337 corpus
1010 5282 1133 5322 cum
1168 5282 1231 5321 ea
1282 5267 1589 5328 decertans,
1628 5267 1910 5332 praemium
1940 5266 2019 5319 Ia-

441 5362 636 5417 borum
685 5360 1039 5429 consequitur
1093 5360 1353 5413 caelorum
1408 5373 1669 5427 regnum;
1731 5359 1801 5413 ob
1854 5373 2017 5426 quam

444 5456 564 5524 ipse
598 5470 815 5524 quoque
847 5453 1154 5508 Servatoris
1194 5453 1363 5506 nostri
1392 5453 1658 5506 adventus
1685 5453 1930 5523 contigit,
1962 5461 2021 5506 et

445 5546 841 5601 incarnationis
880 5555 1154 5614 peractum
1203 5543 1525 5615 mysterium
1564 5554 1669 5600 est.
1712 5543 1828 5599 Non
1871 5546 2017 5599 enim

2125 4622 2379 4692 σώματος
2419 4621 2493 4691 μὴ
2529 4619 2962 4690 μεταλαγχάνειν
3002 4618 3170 4687 τιμῆς
3192 4634 3206 4649 ο
3244 4617 3315 4671 δι’
3358 4616 3417 4669 ὃν
3446 4616 3508 4670 τδ
3543 4617 3706 4685 σῶμα

2089 4719 2091 4723 “
2125 4716 2222 4786 τῆς
2247 4715 2471 4784 λογικῆς
2502 4714 2720 4780 ἐγένετο
2749 4714 2979 4774 κτίσεως
3006 4727 3021 4744 ·
3059 4711 3125 4764 δι’
3150 4712 3211 4765 ὃν
3245 4712 3585 4780 νομοθεσίαι,
3610 4712 3708 4764 καὶ

2129 4809 2458 4880 προφητεῖαι
2482 4822 2496 4837 ·
2520 4806 2587 4858 δι’
2610 4803 2671 4858 ὃν
2696 4804 2929 4872 ἀγῶνες,
2953 4803 3047 4856 καὶ
3075 4802 3264 4865 πάλαι,
3294 4803 3391 4855 καὶ
3415 4802 3587 4865 νίκαι,
3608 4805 3708 4854 καὶ

2127 4901 2479 4969 ἀναρρήσεις,
2512 4896 2609 4949 καὶ
2652 4895 2946 4964 στέφανοι·
2977 4894 3044 4947 δι’
3086 4894 3143 4947 ὃν
3179 4893 3275 4948 καὶ
3326 4893 3385 4945 τὸ
3438 4893 3599 4958 σῶμα
3646 4894 3711 4945 τδ

2128 4990 2446 5054 συναθλοῦν,
2477 4986 2642 5042 ἆθλον
2683 4988 2792 5039 τῶν
2824 4987 3003 5040 πόνων
3028 4986 3141 5055 ἔχει
3186 4985 3285 5054 τὴν
3317 4985 3422 5038 τῶν
3451 4984 3707 5055 οὐρανῶν

2123 5083 2429 5153 βασιλείαν·
2457 5082 2524 5135 δι’
2551 5080 2611 5134 ὃν
2642 5081 2736 5134 καὶ
2764 5079 2901 5150 αὐτὴ
2933 5078 3026 5132 τοῦ
3043 5079 3297 5148 Σωτῆρος
3321 5077 3477 5147 ἡμῶν
3504 5078 3538 5147 ἡ
3564 5094 3710 5147 rup-

2122 5179 2279 5232 ουσία
2314 5176 2629 5246 γεγένηται,
2697 5176 2792 5227 καὶ
2822 5173 2883 5225 τὸ
2912 5173 3013 5241 τῆς
3046 5173 3362 5240 οἰκονομίας
3408 5172 3709 5240 ἐπριγμα-

2115 5269 2281 5339 τεύθη
2314 5269 2647 5338 μυστήριον·
2684 5268 2743 5321 ού
2777 5267 2886 5336 γάρ
2922 5265 3062 5335 ὑπὲρ
3100 5265 3328 5334 ἀψύχων
3363 5264 3396 5332 ἢ
3454 5263 3707 5331 ἀνοήτων

2118 5359 2184 5412 τὰ
2235 5361 2483 5429 σωτήρια
2532 5356 2859 5423 κατεδέξατο
2906 5357 3080 5427 πάθη,
3135 5356 3243 5408 οὐδ’
3292 5355 3430 5423 ὑπὲρ
3483 5353 3707 5420 ἀλόγων

2118 5451 2335 5519 κτηνῶν
2369 5451 2403 5520 ἢ
2451 5450 2614 5505 λίθων
2658 5449 2838 5519 ψυχῆς
2864 5448 3271 5519 ἐστερημένων,
3300 5447 3415 5500 ἀλλ’
3444 5446 3586 5513 ὑπὲρ
3612 5447 3710 5498 ἀν-

2122 5544 2361 5611 θρώπων
2387 5542 2565 5615 ψυχὴν
2596 5542 2870 5599 ἀθάνατον
2899 5542 3111 5595 ένοικον
3151 5539 3530 5609 κεκτημένων.

447 5653 547 5705 pro
578 5638 738 5691 rebus
767 5640 960 5693 anima:
1000 5656 1063 5696 ac
1090 5642 1288 5696 mentis
1326 5638 1664 5705 expertibus,
1699 5648 1795 5692 aut
1822 5652 1925 5707 pro
1954 5638 2220 5706 iumentis
2253 5637 2660 5707 insipientibus,
2694 5645 2788 5689 aut
2825 5634 3096 5705 lapidibus
3129 5631 3406 5697 inanimis,
3439 5630 3534 5687 sed
3594 5644 3704 5700 pro

448 5731 758 5785 hominibus
791 5733 1148 5788 immortalem
1180 5736 1235 5789 in
1270 5750 1326 5789 se
1346 5735 1581 5788 animam
1611 5733 1935 5789 incolentem
1959 5734 2357 5802 obtinentibus,
2394 5734 2667 5791 cruciatus
2695 5734 2920 5804 pertulit
2945 5732 3231 5809 salutares.
