4036 6210
347 311 452 375 9'29

1305 306 1674 367 PANOPLIA
1719 306 2148 368 DOGMATICA
2221 335 2275 344 —
2319 310 2448 369 Tl'l‘
2510 309 2658 371 XIV.

3479 312 3589 376 930

281 430 285 434 ’
347 431 475 482 Ἔτι
525 423 675 478 κατὰ
709 422 1300 498 ’Λπολλινξαριῃᾳτῶξς
1345 424 1449 478 τοῦ
1491 422 1908 493 ΔαμισκηιὉῦ.

2024 423 2158 478 Item
2204 426 2454 480 adversus
2494 426 2902 497 Apollinarium
2947 425 3280 481 Damasceni.
3319 425 3452 498 Cap.
3495 431 3587 484 82.

948 492 1170 561 Κεφάλ.
1211 492 1319 561 πβ’.

411 609 544 659 Θεὸν
581 606 789 658 τέλειον
831 607 926 658 καὶ
975 604 1261 675 ἄνθρωπον
1302 607 1507 659 τέλειον
1544 607 1794 674 λέγοντες
1826 610 1916 661 τὸν

341 701 596 769 Χριστὸν,
634 698 853 759 πάντως
890 699 1062 751 πάντα
1091 699 1355 768 δώσομεν,
1386 702 1453 753 τά
1484 718 1541 753 τε
1572 702 1665 754 τοῦ
1707 703 1916 770 Harpe;

342 791 567 861 φυσικὰ.
600 790 669 843 τά
709 807 767 842 τε
795 790 892 858 τῆς
929 790 1150 857 Μητρός
1176 806 1190 818 ·
1231 791 1424 859 γέγονε
1453 793 1560 862 γὰρ
1603 793 1914 862 ἄνθρωπος,

343 880 429 931 ἵνα
471 878 532 930 τὸ
583 877 805 946 νικηθὲν
850 879 1073 949 νικήσῃ.
1122 879 1238 932 Οὐκ
1290 880 1552 945 ἀδύνατος
1609 884 1715 955 γὰρ
1771 881 1838 953 ἦν
1890 888 1917 938 ό

342 972 407 1023 τὰ
454 968 631 1022 πάντα
677 969 1000 1038 δυνάμενος,
1038 972 1131 1023 καὶ⁵
1170 973 1236 1043 τῇ
1295 972 1693 1044 παντοδυνάμῳ
1747 976 1916 1029 αὐτοῦ

339 1062 559 1132 ἐξουσίᾳ
586 1063 681 1114 καὶ
711 1062 942 1132 δυνάμει
975 1061 1256 1126 ἐξελέσθαι
1281 1064 1375 1117 τοῦ
1406 1066 1794 1136 τυραννοῦντος
1826 1071 1916 1122 τὸν

339 1155 664 1224 ἄνθρωπον·
720 1153 838 1206 ἀλλ’
885 1148 954 1225 ἦν
1008 1154 1355 1224 ἐγκλήματος
1407 1157 1487 1225 τῷ
1553 1159 1916 1228 τυραννοῦντι

339 1247 620 1311 ὑπόθεσις,
644 1247 932 1315 ἄνθρωπον
976 1247 1287 1316 νικήσαντι,
1320 1250 1417 1303 καὶ
1466 1250 1571 1305 ὑπὸ
1611 1253 1749 1306 Θεοῦ
1800 1252 1920 1322 βια-

344 1339 551 1392 σθέντι.
582 1338 754 1392 Λῦτδν
792 1333 886 1391 οὗν
923 1338 1015 1390 τὸν
1068 1340 1310 1393 πεσόντα
1357 1341 1588 1412 νικητὴν
1637 1345 1915 1411 ἀναδεῖξαι

344 1430 626 1499 βουληθεὶς
685 1432 712 1484 ό
773 1431 1066 1501 συμπαθὴς
1142 1430 1274 1494 Θεὸς
1343 1434 1438 1486 καὶ
1508 1434 1915 1506 φιλάνθρωπος,

320 1521 629 1591 ,ἄνθρωπος
666 1521 879 1590 γίνεται
919 1519 999 1589 τῷ
1047 1520 1220 1591 ὁμοίῳ
1268 1519 1328 1574 τὸ
1376 1521 1562 1593 ὅμοιον
1613 1524 1917 1579 ἀνακαλού-

343 1632 525 1686 μενος.

2091 604 2376 669 Asaumpta
2437 614 2631 657 natura
2693 604 2947 670 humana,
3002 614 3060 658 ut
3121 606 3235 673 ipsa
3288 605 3340 658 in
3382 604 3591 659 Chrislo

2019 694 2208 747 victria:
2249 695 2394 761 ﬁeret
2440 694 2658 748 diaboli.
2710 725 2765 735 ι-
2811 694 3263 763 Quandoquidem
3311 695 3590 752 Christum

2019 784 2315 854 perit-ctum
2375 783 2540 839 Deum
2582 800 2645 840 ac
2691 787 2990 855 perfectum
3027 787 3300 841 hominem
3338 785 3591 846 dicimus,

2020 876 2178 945 plane
2208 877 2390 931 omnia
2444 894 2563 944 quae
2595 888 2702 931 tum
2762 878 2926 940 Patri,
2963 891 3074 931 tum
3127 878 3283 932 Matri
3322 877 3595 931 naturalia

2021 975 2166 1026 sunt.
2210 969 2258 1023 ei
2309 967 2636 1021 tribuamus.
2691 968 2865 1022 llmno
2906 973 3106 1038 quippe
3155 968 3333 1023 factus
3379 976 3484 1031 est,
3537 979 3599 1021 ut

2019 1059 2162 1127 quod
2194 1060 2393 1112 victum
2427 1059 2604 1113 fuerat
2637 1059 2897 1114 vinceret.
2946 1059 3101 1114 liaud
3138 1062 3284 1114 enim
3330 1060 3447 1127 ejus
3494 1059 3598 1111 im-

2021 1148 2327 1204 becillitatis
2355 1159 2474 1204 erat
2511 1150 2619 1209 ille.
2673 1151 2765 1219 qui
2801 1153 2981 1204 omnia
3023 1160 3220 1218 potest,
3256 1150 3388 1219 quin
3420 1150 3600 1205 omnia-

2020 1242 2225 1311 potenti
2279 1257 2374 1296 sua
2420 1242 2621 1297 virtute
2654 1242 2929 1296 hominem
2963 1259 3027 1296 ex
3066 1242 3280 1313 tyranni
3315 1241 3596 1297 dominatu
3704 1246 3707 1249 ’

2018 1334 2232 1404 eripere
2269 1335 2493 1389 valeret.
2537 1334 2736 1389 Verum
2789 1346 3052 1406 tyrannus
3081 1335 3318 1404 querelze
3352 1333 3598 1387 occaSio-
3669 1322 3677 1384 ξ

2020 1440 2143 1480 nem
2175 1426 2477 1489 habuisset,
2511 1426 2555 1480 si
2585 1434 2870 1495 postquam
2905 1426 3186 1481 hominem
3229 1426 3343 1494 ipse
3365 1424 3596 1485 vicerat,

2019 1518 2168 1573 illata
2204 1518 2253 1572 vi
2296 1534 2325 1572 a
2373 1519 2480 1571 Deo
2521 1519 2787 1589 spoliatus
2826 1528 2995 1572 esset.
3026 1518 3293 1584 Quocirca
3331 1517 3470 1571 Deus
3502 1532 3600 1584 pro

2020 1626 2114 1665 Sua
2161 1611 2557 1671 misericordia.
2612 1624 2668 1665 et
2718 1626 2843 1679 erga
2893 1611 3144 1665 homines
3196 1609 3598 1673 benevolentia,

2021 1698 2186 1757 homo
2225 1703 2304 1768 iit,
2339 1717 2448 1771 quo
2487 1701 2669 1757 simile
2701 1701 2894 1756 similis
2923 1717 3090 1771 opera
3131 1700 3421 1773 instauret.

416 1795 537 1847 Ὀτι
579 1794 636 1847 δὲ
689 1794 906 1863 λογικὸν
968 1793 1062 1846 καὶ
1106 1792 1292 1864 νοερδν
1341 1792 1480 1858 ζῶον
1523 1794 1551 1848 ό
1605 1794 1912 1865 ἅνθρωπος,

2093 1795 2379 1857 Αειιιηψια
2436 1794 2616 1846 anima
2671 1803 2829 1864 atque
2893 1810 3036 1847 mens
3087 1794 3359 1856 humana,
3416 1776 3607 1863 contra,

340 1887 515 1949 0-3651;
538 1889 780 1956 ἀντερεί’
810 1886 926 1948 πῶς
950 1880 1042 1939 οὖν
1065 1885 1354 1954 ἄνθρωπος
1386 1886 1634 1953 γέγονεν,
1654 1887 1702 1939 εἰ
1735 1888 1915 1955 σάρκα

2025 1884 2460 1952 Apollinaristas.
2483 1915 2554 1925 —
2578 1884 2735 1950 Quod
2756 1894 2938 1939 autem
2972 1885 3137 1938 homo
3176 1884 3247 1939 sit
3277 1883 3482 1937 animal
3508 1898 3602 1937 ra-

338 1979 548 2051 ἀψυχον
568 1979 598 2045 ἢ
620 1978 796 2050 ψυχὴν
825 1979 984 2032 ἄνουν
1016 1978 1241 2041 ἐλαϐενς
1274 1978 1348 2031 Οὐ
1382 1977 1541 2032 τοῦτο
1569 1980 1679 2050 γὰρ
1704 1979 1914 2049 ἂνθρω-

339 2087 460 2135 πος.
489 2069 555 2124 Τί
585 2070 642 2122 δὲ
668 2070 760 2123 καὶ
784 2072 885 2141 τῆς
911 2068 1379 2139 ὲνανθρωπήσεως
1412 2070 1776 2139 ἀπωνάμεθα,
1812 2069 1908 2124 τοῦ

341 2160 871 2233 πρωτοπαθήσαντος
920 2161 997 2231 μὴ
1040 2159 1416 2227 σεσωσμένον,
1463 2160 1597 2231 μηδὲ
1636 2164 1703 2234 τῇ
1742 2178 1909 2214 συνα-

342 2254 471 2324 epeia.
498 2253 599 2316 τῆς
635 2252 888 2321 θεότητος
926 2253 1456 2321 ἀνακεκαινισμένου
1492 2269 1550 2305 τε
1589 2253 1691 2323 καὶἸ
1726 2270 1913 2306 νενευ-

343 2350 620 2418 ρωμένου;
644 2347 717 2402 Τὸ
743 2348 851 2419 γὰρ
884 2348 1292 2419 ἀπρόσληπτον,
1324 2345 1724 2418 ἀθεράπευτον.
1758 2345 1916 2399 Ἀνα-

338 2440 607 2510 λαμϐάνει
646 2438 829 2492 τοίνυν
875 2438 996 2491 ὅλον
1025 2436 1118 2491 τὸν
1163 2437 1474 2506 ἄνθρωπον,
1507 2435 1603 2489 καὶ
1630 2434 1692 2489 τὸ
1721 2435 1914 2488 τούτου

342 2530 654 2595 κάλλιστον,
698 2527 804 2582 ὑπὸ
848 2527 1166 2599 ἀρρωστίαν
1201 2526 1387 2591 πεσὸν,
1420 2525 1505 2578 ἵνα
1544 2526 1653 2595 ὅλῳ
1684 2525 1784 2596 τὴν
1812 2542 1918 2578 σω-

340 2620 538 2691 τηρίαν
588 2620 917 2692 χαρίσηταυ
972 2618 1099 2681 νοῦς
1162 2617 1218 2671 δὲ
1273 2616 1498 2685 ᾶσοφος,
1547 2616 1919 2687 ἐστερημένος

339 2716 618 2784 γνώσεως,
649 2714 750 2767 οὐκ
777 2713 845 2766 ἂν
878 2714 965 2789 εἴη
998 2712 1153 2766 ποτέ.
1180 2711 1245 2765 El
1276 2710 1385 2782 γὰρ
1420 2710 1782 2780 ἀνενέργητος
1820 2711 1918 2765 καὶ

338 2808 618 2878 ἀκίνητος,
647 2806 740 2858 καὶ
766 2804 1109 2874 ἀνύπαρκτος
1150 2804 1387 2866 πάντως.

2025 1976 2173 2032 tione
2200 1986 2255 2032 et
2293 1978 2652 2048 intelligentia
2683 1977 2993 2047 praeditum,
3024 1992 3185 2032 nemo
3218 1976 3340 2030 ierit
3367 1974 3602 2031 inficias.

2020 2069 2252 2139 Quinam
2298 2072 2462 2141 igitur
2513 2070 2688 2125 factus
2734 2078 2819 2125 est
2851 2072 3034 2136 homo,
3069 2069 3113 2124 si
3156 2085 3377 2125 carnem
3428 2069 3604 2123 inani-

2022 2176 2246 2225 matam.
2305 2173 2399 2219 aut
2451 2174 2731 2234 expertem
2787 2164 2985 2218 mentis
3038 2164 3274 2218 animam
3320 2162 3604 2232 suscepit?

2021 2256 2137 2312 Hoc
2163 2257 2307 2311 enim
2336 2271 2679 2325 nequaquam
2714 2256 2880 2311 homo
2907 2264 3011 2310 est.
3052 2255 3193 2321 Quid
3228 2270 3359 2309 vero
3385 2267 3602 2308 rursum

2022 2364 2088 2404 ex
2124 2357 2400 2416 assumpta
2423 2352 2491 2401 an
2523 2361 2590 2401 eo
2622 2346 2963 2402 humanitate
2999 2345 3353 2401 emolumenti
3407 2346 3474 2400 ad
3500 2360 3606 2400 nos

2022 2440 2207 2504 rediit,
2250 2440 2294 2495 si
2336 2441 2411 2495 illi
2465 2440 2559 2511 qui
2589 2440 2850 2510 primario
2884 2439 3163 2494 contraxit
3217 2439 3421 2501 labem,
3455 2438 3615 2495 salus
3724 2468 3729 2473 -

2023 2532 2183 2588 allata
2243 2547 2350 2588 non
2382 2541 2504 2597 est;
2534 2547 2716 2604 neque
2764 2533 2816 2587 id
2851 2541 3032 2587 actum
3070 2531 3209 2598 fuit,
3250 2541 3309 2587 ut
3345 2546 3442 2601 per
3473 2545 3608 2585 con-

2022 2621 2360 2692 iunctionem
2407 2639 2532 2678 cum
2577 2622 2863 2679 divinitate
2913 2622 3309 2685 innovaretur,
3340 2631 3394 2675 et
3438 2620 3608 2674 robur

2024 2714 2481 2771 obtineret‘lNam
2508 2726 2759 2771 curatum
2794 2731 2901 2770 non
2936 2713 3058 2778 fuit,
3091 2714 3235 2783 quod
3263 2722 3604 2782 assumptum

2027 2822 2139 2862 non
2178 2817 2295 2873 est;
2341 2817 2674 2878 quapropter
2723 2817 2896 2863 totum
2948 2794 3228 2861 hominem
3283 2802 3601 2873 assumpsit.

341 2905 595 2972 illamque
636 2901 772 2956 adeo
820 2901 992 2970 ipsius
1038 2907 1246 2969 partem
1295 2914 1418 2969 qua:
1463 2902 1699 2957 obnoxia
1748 2901 1936 2959 morbo
1999 2902 2217 2971 fuerat,
2273 2913 2333 2959 ut
2378 2906 2476 2961 toti
2531 2905 2761 2960 salutem
2810 2904 3165 2974 largiretur‘.
3231 2903 3386 2959 Nulla
3442 2919 3605 2974 porro

341 3015 498 3056 mens
521 3011 747 3065 usquam
781 2994 965 3059 fuerit,
1008 3010 1128 3065 quae
1158 2994 1419 3066 sapientia
1457 3008 1509 3052 et
1540 2999 1850 3072 cognitione
1878 3000 2139 3057 destituta
2174 3002 2264 3056 sit.
2302 3000 2436 3056 Nam
2485 3001 2529 3056 si
2562 3001 2710 3057 iners
2750 3011 2806 3057 et
2835 3003 2954 3057 sine
2984 3010 3133 3057 motu
3156 3045 3171 3069 ,
3203 3001 3349 3057 nulla
3376 3017 3605 3072 prorsus

342 3098 555 3155 ratione
577 3093 808 3151 exsistit.

412 3243 488 3300 Τδ
542 3238 636 3298 οὖν
685 3241 806 3296 κατ’
858 3241 1043 3294 εἰκόνα
1094 3241 1442 3295 ἀνακαινίσαι
1505 3241 1832 3312 βουλόμενος
1887 3245 1913 3298 6

2093 3243 2244 3299 Mens
2288 3245 2345 3299 in
2380 3237 2591 3300 nomine
2619 3248 2688 3299 τὸ
2731 3245 2861 3300 κατ’
2889 3248 3098 3300 εἰκόνα
3149 3246 3300 3301 Verbi
3331 3257 3379 3301 et
3428 3250 3607 3305 cam-'3

339 3337 474 3400 Θεὸς
501 3336 696 3405 Λόγος,
719 3335 946 3402 γέγονεν
975 3332 1280 3401 ἄνθρωπος.
1300 3335 1369 3387 Τι’
1385 3335 1442 3388 δὲ
1470 3337 1530 3389 τὸ
1557 3335 1677 3388 κατ’
1706 3337 1915 3401 εἰκόνα,

339 3432 391 3483 εἰ
423 3433 498 3498 μὴ
549 3430 580 3481 ό
626 3425 782 3492 νοῦςς
814 3425 888 3478 Τὸ
924 3426 1173 3493 κρεῖττον
1220 3424 1316 3480 οὖν
1364 3428 1584 3497 παρεὶς,
1620 3429 1683 3481 τὸ
1734 3430 1918 3499 χεῖρον

340 3519 606 3585 (“£th;
656 3517 800 3579 Νοῦς
848 3517 958 3586 γὰρ
988 3517 1047 3569 ὲν
1096 3516 1407 3586 μεταιχμίῳ
1464 3518 1583 3570 ἐστὶ
1633 3517 1770 3571 Θεοῦ
1821 3520 1918 3573 καὶ

341 3611 563 3682 σαρκὸς,
595 3609 696 3679 τῆς
743 3610 842 3678 μὶν
884 3611 960 3669 ὡς
993 3607 1264 3672 σύνοικος,
1296 3608 1393 3661 τοῦ
1431 3609 1569 3662 Θεοῦ
1621 3609 1700 3674 δὲ,
1736 3608 1813 3673 ὡς
1838 3611 1919 3663 ει-

341 3705 474 3760 κῶν.
510 3702 657 3765 Νοῦς
702 3696 800 3755 οῦν
844 3699 926 3755 νοῒ
977 3700 1259 3771 μίγνυται,
1292 3701 1389 3753 καὶ
1423 3702 1704 3768 μεσιτεύει
1733 3702 1761 3753 ό
1794 3701 1919 3763 νοῦς

338 3793 478 3848 Θεοῦ
523 3792 858 3863 καθαρότητι
930 3792 1026 3844 καὶ
1079 3791 1280 3860 σαρκὸς
1335 3790 1648 3861 παχύτητι·
1706 3794 1755 3844 εἰ
1810 3792 1918 3863 γὰρ

337 3885 518 3957 ψυχὴν
552 3885 717 3940 ἄνουν
737 3885 767 3938 ὁ
785 3882 994 3951 Κύριος
1017 3880 1305 3946 ἀνέλαϐεν,
1332 3881 1530 3951 ἀλόγου
1566 3880 1705 3946 ζώου
1738 3882 1918 3954 ψυχὴν

343 3979 629 4034 ἀνέλαόεν.

2022 3337 2222 3393 media.
2252 3368 2320 3381 -—
2359 3338 2546 3407 Itaque
2594 3339 2737 3393 Deus
2782 3337 3068 3394 Verbum'
3122 3340 3173 3395 id
3220 3343 3365 3410 quod
3417 3342 3484 3397 ad
3525 3343 3609 3399 sui

2023 3429 2316 3499 imaginem
2357 3440 2477 3485 erat
2518 3432 2831 3486 instaurare
2860 3433 3073 3499 volens,
3112 3431 3289 3489 factus
3311 3444 3394 3489 est
3422 3435 3604 3490 homo.

2021 3520 2164 3586 Quid
2199 3535 2329 3576 vero
2359 3516 2490 3575 illud
2528 3521 2633 3575 fuit.
2660 3522 2806 3590 quod
2831 3531 2980 3576 esset
3014 3523 3082 3577 ad
3126 3524 3441 3593 imaginem,
3470 3542 3610 3595 prae-

2025 3620 2270 3677 tet-quam
2322 3609 2516 3664 mens?
2567 3609 2720 3663 Itane
2780 3609 2989 3663 omisso
3044 3613 3265 3680 potiori,
3314 3616 3458 3681 quod
3511 3616 3611 3670 ile-

2030 3700 2201 3755 terius
2249 3692 2371 3754 erat
2430 3700 2769 3769 assumpsit!
2820 3699 2974 3755 Mens
3008 3702 3274 3769 siquidem
3310 3704 3363 3757 in
3413 3705 3504 3760 Dei
3554 3716 3611 3763 et

2028 3792 2213 3848 carnis
2261 3790 2568 3846 meditullio
2604 3801 2724 3846 est:
2771 3793 2958 3846 carnis
3005 3792 3291 3861 nimirum,
3323 3805 3380 3849 ut
3416 3808 3613 3854 contu-

2010 3883 2298 3948 tbernalis;
2335 3881 2434 3937 Dei
2464 3890 2672 3946 autem,
2702 3890 2762 3935 ut
2796 3884 2994 3952 imago.
3031 3884 3184 3939 Mens
3226 3888 3409 3956 itaque
3438 3894 3609 3946 menti

2023 3976 2292 4046 jungitur,
2324 3982 2488 4046 atque
2520 3975 2663 4032 inter
2684 3975 2779 4030 Dei
2815 3977 3105 4045 puritatem
3138 3987 3192 4032 et
3241 3983 3425 4037 carnis
3460 3996 3611 4038 cras-

338 4076 522 4133 sitiem
574 4073 884 4130 intercedit.
946 4072 1082 4129 Nam
1131 4073 1177 4128 si
1239 4072 1500 4129 Dominus
1550 4073 1788 4129 animam
1842 4081 2027 4129 mente
2085 4087 2314 4128 vacuam
2371 4074 2708 4144 assumpsit,
2766 4072 2912 4128 bruti
2975 4073 3160 4144 utique
3226 4077 3462 4132 animam
3516 4094 3607 4136 as-

338 4172 597 4243 sumpsit.

416 4309 480 4363 Ei
520 4308 578 4361 δὲ
632 4308 813 4377 σάρκα
862 4309 1115 4373 γενέσθλι
1156 4312 1185 4363 ό
1229 4309 1625 4381 εὖα-ίγελιστὴς
1674 4309 1776 4380 ἔφη
1821 4309 1917 4363 τὸν

341 4398 537 4467 Λόγον,
576 4400 748 4455 ἰστέον
794 4400 872 4465 ὡς
911 4401 1065 4472 παρὰ
1115 4404 1180 4472 τῇ
1216 4403 1350 4473 aria
1394 4402 1613 4471 Γραφῇ,
1650 4403 1782 4455 ποτὲ
1817 4404 1917 4471 μὲν

2091 4310 2596 4381 Apollinaristarum
2630 4309 2849 4378 objectio
2890 4309 3131 4364 solvitur.
3170 4310 3365 4364 Anima
3392 4321 3440 4367 et
3481 4329 3608 4368 caro

2025 4420 2120 4473 pro
2174 4404 2381 4456 homine
2435 4402 2489 4455 in
2544 4400 2839 4471 Scriptura.
2872 4432 2941 4442 ——
2981 4401 3137 4468 Quod
3180 4404 3226 4457 si
3276 4405 3608 4474 evangelista

340 4491 489 4562 ψυχὴ
511 4492 731 4561 λέγεται
759 4495 787 4547 ό
817 4493 1125 4563 ἄνθρωπος,
1159 4493 1235 4557 ὡς
1256 4494 1317 4546 τό
1340 4512 1350 4523 ’
1385 4496 1482 4545 Ἐν
1510 4493 1915 4562 ἑϐδομήκοντα

2025 4496 2264 4551 Verbum
2310 4509 2530 4550 carnem
2574 4494 2775 4548 factum
2816 4493 2985 4549 fuisse
3016 4494 3177 4561 dixit,
3215 4495 3497 4550 sciendum
3526 4506 3611 4551 est

338 4584 523 4638 πέντε
567 4585 796 4653 ψυχαῖς
845 4584 1141 4651 εἰσῆλθεν
1189 4583 1393 4638 ’ἰακὼό
1429 4586 1517 4649 εις
1566 4586 1875 4653 Αιγυπτον
1901 4603 1914 4616 '

343 4675 477 4729 ποτὲ
504 4675 561 4730 δὲ
595 4676 756 4745 σὰρξ,
799 4676 877 4738 ὡς
911 4676 970 4729 τό
996 4695 1009 4708 ε
1034 4678 1280 4744 Ὀψεταρ
1312 4676 1483 4732 πᾶσα
1520 4676 1679 4745 σὰρξ
1699 4678 1921 4732 τὸοσω-

317 4768 549 4839 τήριον
570 4768 675 4822 τοῦ
696 4769 864 4823 Θεοῦ.
882 4770 956 4823 Οὐ
980 4769 1119 4840 σὰρξ
1141 4770 1322 4823 τοίνυν
1345 4770 1569 4841 ἄψυχος,
1585 4769 1706 4823 οὐδὲ
1730 4769 1914 4835 ἄνους,

341 4860 459 4913 ἀλλ’
484 4859 769 4929 ἄνθρωπος
799 4861 1023 4930 γέγονεν
1051 4863 1081 4915 ό
1122 4861 1348 4933 Κύριος.
1375 4861 1518 4932 Φησὶ
1546 4859 1679 4930 γοῦν
1713 4861 1876 4923 αὒτός
1895 4875 1910 4888 ·

346 4954 408 5008 Τί
426 4969 505 5021 με
527 4951 721 5021 δέρεις
742 4952 1083 5022 ἄνθρωπον,
1106 4953 1173 5020 ὃς
1197 4954 1313 5023 τὴν
1337 4953 1632 5021 ἀλήθειαν
1656 4953 1801 5022 ὑμῖν
1819 4956 1917 5007 λε-

337 5044 618 5111 λάληκα;
650 5046 903 5100 ’Λνέλασε
944 5046 1127 5100 τοίνυν
1158 5047 1339 5117 σάρκα
1378 5047 1742 5119 ἐψυχωμένην
1765 5047 1912 5117 ψυχῇ

339 5137 538 5207 λογικῇ
590 5155 650 5191 τε
699 5141 793 5193 καὶ
823 5140 1008 5210 νοερᾷ,
1043 5140 1347 5209 ἡγεμονικῇ
1383 5140 1481 5206 μὲν
1533 5140 1634 5208 τῆς
1683 5140 1910 5211 σαρκὸς,

339 5227 790 5301 ἡγεμονευομένῃ
815 5228 873 5283 δὲ
900 5229 1005 5282 ὑπὸ
1027 5229 1125 5301 τῆς
1155 5228 1250 5283 τοῦ
1277 5230 1452 5297 Λόγου
1491 5228 1771 5295 θεότητος.

2028 4589 2080 4640 in
2118 4602 2268 4641 sacra
2297 4586 2583 4656 Scriptura
2612 4585 2852 4639 animam
2898 4601 3290 4657 nonnunquam
3325 4587 3605 4642 hominem

2025 4678 2308 4748 appellari,
2370 4687 2428 4732 ut
2461 4678 2513 4730 in
2569 4677 2661 4732 illo
2709 4677 2870 4734 loco:
2915 4677 2978 4731 In
3009 4678 3348 4747 septuaginta
3378 4678 3609 4746 quinque

2024 4770 2303 4823 animabus
2344 4770 2605 4840 ingressus
2643 4778 2721 4823 est
2771 4768 2938 4823 Iacob
2969 4771 3021 4822 in
3066 4766 3366 4837 Egyptum
3394 4769 3433 4822 ’.
3459 4767 3609 4823 Non-

2028 4875 2308 4930 nunquam
2341 4862 2469 4914 item
2498 4875 2744 4922 carnem,
2776 4868 2835 4913 ut
2862 4869 2948 4913 est
2979 4858 3111 4912 illud
3147 4877 3162 4911 :
3207 4857 3410 4911 Videbit
3436 4858 3609 4911 omnis

2024 4968 2148 5006 caro
2193 4951 2433 5006 salutare
2467 4950 2620 5009 Dei‘.
2652 4953 2729 5006 Ac
2755 4952 2984 5021 proinde
3018 4952 3303 5015 Dominus,
3342 4966 3451 5005 non
3476 4964 3608 5006 caro

2026 5045 2284 5107 inanima,
2318 5058 2421 5099 nec
2465 5052 2647 5097 mente
2677 5058 2882 5103 vacua,
2926 5042 3022 5098 sed
3070 5042 3236 5097 homo
3278 5041 3457 5097 factus
3501 5050 3605 5097 est.

2025 5137 2114 5191 Ait
2139 5137 2338 5207 quippe
2365 5137 2515 5207 ipse:
2543 5135 2684 5201 Quid
2715 5152 2797 5189 me
2829 5136 3013 5200 cadis,
3048 5136 3314 5190 hominem
3347 5136 3438 5205 qui
3471 5135 3610 5188 ueri-

2029 5238 2191 5281 tatem
2244 5232 2444 5281 locutus
2495 5244 2613 5282 sum
2656 5228 2877 5282 vobis“?
2930 5227 3239 5297 Assumpsit
3291 5227 3458 5298 igitur
3488 5241 3609 5281 car-

340 5340 465 5379 nem
501 5327 680 5381 anima
735 5326 985 5382 rationali
1036 5337 1091 5381 et
1149 5326 1487 5398 intelligente
1540 5327 1859 5392 animatum,
1912 5341 2160 5396 quaeque,
2196 5326 2336 5379 sicut
2366 5325 2548 5379 carnis
2583 5325 2944 5396 principatum
2995 5325 3257 5390 tenebat,
3292 5326 3365 5379 ita
3416 5338 3609 5380 rursus

339 5422 614 5479 divinitati
638 5423 881 5491 parebat,
917 5422 985 5477 ab
1006 5435 1178 5493 eaque
1201 5424 1514 5493 regebatur.

428 5661 619 5734 'Greg.
651 5665 784 5718 Naz.
813 5664 891 5716 Αιι
919 5662 1132 5719 Cledon.

345 5751 490 5802 xui,
516 5734 606 5801 27,
627 5752 717 5805 ap.
743 5734 918 5801 LXX;
957 5737 1077 5789 Act.
1109 5751 1202 5801 vn,
1243 5736 1325 5790 ιι.

1242 5666 1259 5695 ¹
1291 5664 1452 5734 Greg.
1484 5663 1613 5717 Naz.
1664 5678 1833 5734 carm.
1881 5678 2063 5717 setiar.
2086 5660 2229 5734 iadv.
2262 5661 2529 5734 Apollin.,
2566 5664 2732 5732 epist.
2767 5665 2854 5721 ad.
2887 5664 3041 5722 Cled.
3083 5672 3139 5721 et
3173 5664 3318 5722 alibi.

1402 5731 1424 5765 ῖ
1445 5734 1545 5790 lsa.
1574 5750 1657 5798 ιιι..
1687 5734 1760 5799 5;
1804 5731 1933 5787 Luc.
1968 5748 2047 5799 ιιι,
2074 5733 2126 5787 6.

3419 5665 3441 5698 ⁸
3464 5662 3607 5725 Gen.

2206 5732 2405 5788 “Joan.
2452 5749 2566 5801 vtn,
2601 5734 2693 5789 40.
3556 5744 3561 5747 ’
