  <div class='ocr_page' id='page_1' title='image "/cluster/home/n/w/nwhite01/storage/ocr_20150623/130/hvd.32044073502387/474.png"; bbox 0 0 4036 6210; ppageno 0'>
   <div class='ocr_carea' id='block_1_1' title="bbox 365 296 472 361">
    <p class='ocr_par' dir='ltr' id='par_1_1' title="bbox 365 296 472 361">
     <span class='ocr_line' id='line_1_1' title="bbox 365 296 472 361; baseline 0 -1"><span class='ocrx_word' id='word_1_1' title='bbox 365 296 472 361; x_wconf 83' lang='grc'><strong>93⁸1</strong></span> 
     </span>
    </p>
   </div>
   <div class='ocr_carea' id='block_1_2' title="bbox 1326 300 2668 376">
    <p class='ocr_par' dir='ltr' id='par_1_2' title="bbox 1326 300 2668 376">
     <span class='ocr_line' id='line_1_2' title="bbox 1326 300 2668 376; baseline 0.007 -14"><span class='ocrx_word' id='word_1_2' title='bbox 1326 300 1705 364; x_wconf 80' lang='lat' dir='ltr'><strong>PANOPLIA</strong></span> <span class='ocrx_word' id='word_1_3' title='bbox 1746 303 2206 372; x_wconf 86' lang='lat' dir='ltr'><strong>DOGMATICA.</strong></span> <span class='ocrx_word' id='word_1_4' title='bbox 2236 304 2473 376; x_wconf 73' lang='grc' dir='ltr'><strong>-ζἸἹΤ,</strong></span> <span class='ocrx_word' id='word_1_5' title='bbox 2519 311 2668 372; x_wconf 80' lang='lat' dir='ltr'><strong>XIV.</strong></span> 
     </span>
    </p>
   </div>
   <div class='ocr_carea' id='block_1_3' title="bbox 3521 317 3625 377">
    <p class='ocr_par' dir='ltr' id='par_1_3' title="bbox 3521 317 3625 377">
     <span class='ocr_line' id='line_1_3' title="bbox 3521 317 3625 377; baseline 0.019 -2"><span class='ocrx_word' id='word_1_6' title='bbox 3521 317 3625 377; x_wconf 61' lang='grc'>938</span> 
     </span>
    </p>
   </div>
   <div class='ocr_carea' id='block_1_4' title="bbox 353 404 1916 490">
    <p class='ocr_par' dir='ltr' id='par_1_4' title="bbox 353 404 1915 484">
     <span class='ocr_line' id='line_1_4' title="bbox 353 404 1915 484; baseline 0.004 -25"><span class='ocrx_word' id='word_1_7' title='bbox 353 406 471 466; x_wconf 75' lang='grc' dir='ltr'><strong>πῶς</strong></span> <span class='ocrx_word' id='word_1_8' title='bbox 500 404 800 469; x_wconf 80' lang='grc' dir='ltr'><em>τεθνεῶτος</em></span> <span class='ocrx_word' id='word_1_9' title='bbox 835 407 1002 462; x_wconf 80' lang='grc' dir='ltr'><em>αὑτοῦ</em></span> <span class='ocrx_word' id='word_1_10' title='bbox 1033 408 1287 472; x_wconf 80' lang='grc' dir='ltr'>τοσοῦτος</span> <span class='ocrx_word' id='word_1_11' title='bbox 1320 404 1390 479; x_wconf 79' lang='grc' dir='ltr'><strong>ἦν</strong></span> <span class='ocrx_word' id='word_1_12' title='bbox 1421 411 1480 464; x_wconf 77' lang='grc' dir='ltr'><strong>ὲν</strong></span> <span class='ocrx_word' id='word_1_13' title='bbox 1510 413 1623 475; x_wconf 80' lang='grc' dir='ltr'><em>τοῖς</em></span> <span class='ocrx_word' id='word_1_14' title='bbox 1661 413 1915 484; x_wconf 81' lang='grc' dir='ltr'><em>στοιχείοι</em></span> 
     </span>
    </p>
   </div>
   <div class='ocr_carea' id='block_1_5' title="bbox 2024 404 3628 490">
    <p class='ocr_par' dir='ltr' id='par_1_5' title="bbox 2051 416 3628 490">
     <span class='ocr_line' id='line_1_5' title="bbox 2051 416 3628 490; baseline 0.007 -21"><span class='ocrx_word' id='word_1_15' title='bbox 2051 416 2151 472; x_wconf 80' lang='lat' dir='ltr'><strong>fuit</strong></span> <span class='ocrx_word' id='word_1_16' title='bbox 2195 419 2482 476; x_wconf 84' lang='lat' dir='ltr'><strong>elementis</strong></span> <span class='ocrx_word' id='word_1_17' title='bbox 2529 421 2908 490; x_wconf 74' lang='lat' dir='ltr'><strong>perturbatio?</strong></span> <span class='ocrx_word' id='word_1_18' title='bbox 2939 418 3029 477; x_wconf 89' lang='lat' dir='ltr'><strong>Sol</strong></span> <span class='ocrx_word' id='word_1_19' title='bbox 3066 423 3208 478; x_wconf 85' lang='lat' dir='ltr'><strong>enim</strong></span> <span class='ocrx_word' id='word_1_20' title='bbox 3262 425 3441 481; x_wconf 86' lang='lat' dir='ltr'><strong>radios</strong></span> <span class='ocrx_word' id='word_1_21' title='bbox 3499 443 3628 482; x_wconf 83' lang='lat' dir='ltr'><strong>con-</strong></span> 
     </span>
    </p>
   </div>
   <div class='ocr_carea' id='block_1_6' title="bbox 349 496 1932 574">
    <p class='ocr_par' dir='ltr' id='par_1_6' title="bbox 349 496 1932 574">
     <span class='ocr_line' id='line_1_6' title="bbox 349 496 1932 574; baseline 0.006 -24"><span class='ocrx_word' id='word_1_22' title='bbox 349 499 376 550; x_wconf 87' lang='lat'><strong>6</strong></span> <span class='ocrx_word' id='word_1_23' title='bbox 403 497 665 567; x_wconf 80' lang='grc' dir='ltr'><strong>Θόρυ6ο;;</strong></span> <span class='ocrx_word' id='word_1_24' title='bbox 691 496 753 552; x_wconf 88' lang='lat'><strong>&#39;0</strong></span> <span class='ocrx_word' id='word_1_25' title='bbox 786 499 883 567; x_wconf 84' lang='grc' dir='ltr'><strong>μὲν</strong></span> <span class='ocrx_word' id='word_1_26' title='bbox 907 500 1016 570; x_wconf 72' lang='grc' dir='ltr'>γὰρ</span> <span class='ocrx_word' id='word_1_27' title='bbox 1041 501 1194 570; x_wconf 77' lang='grc' dir='ltr'>ἥλιος</span> <span class='ocrx_word' id='word_1_28' title='bbox 1218 503 1315 565; x_wconf 72' lang='grc' dir='ltr'><em>τὰς</em></span> <span class='ocrx_word' id='word_1_29' title='bbox 1340 504 1565 568; x_wconf 82' lang='grc' dir='ltr'><em>ἀκτῖνας</em></span> <span class='ocrx_word' id='word_1_30' title='bbox 1594 505 1932 574; x_wconf 77' lang='grc' dir='ltr'><strong>συνέστελλε,</strong></span> 
     </span>
    </p>
   </div>
   <div class='ocr_carea' id='block_1_7' title="bbox 349 591 1934 670">
    <p class='ocr_par' dir='ltr' id='par_1_7' title="bbox 349 591 1934 670">
     <span class='ocr_line' id='line_1_7' title="bbox 349 591 1934 670; baseline 0.005 -26"><span class='ocrx_word' id='word_1_31' title='bbox 349 592 445 646; x_wconf 78' lang='grc' dir='ltr'><strong>καὶ</strong></span> <span class='ocrx_word' id='word_1_32' title='bbox 475 593 530 644; x_wconf 76' lang='grc' dir='ltr'><strong>ἐν</strong></span> <span class='ocrx_word' id='word_1_33' title='bbox 563 591 750 662; x_wconf 67' lang='grc' dir='ltr'>ἡμέρᾳ.</span> <span class='ocrx_word' id='word_1_34' title='bbox 784 591 973 655; x_wconf 84' lang='grc' dir='ltr'>σκότος</span> <span class='ocrx_word' id='word_1_35' title='bbox 1003 593 1288 663; x_wconf 74' lang='grc' dir='ltr'><em>εἰργάζετο</em></span> <span class='ocrx_word' id='word_1_36' title='bbox 1311 635 1325 658; x_wconf 87' lang='grc'><strong>,</strong></span> <span class='ocrx_word' id='word_1_37' title='bbox 1359 597 1390 666; x_wconf 78' lang='grc' dir='ltr'>ἡ</span> <span class='ocrx_word' id='word_1_38' title='bbox 1423 597 1478 649; x_wconf 81' lang='grc' dir='ltr'><em>δὲ</em></span> <span class='ocrx_word' id='word_1_39' title='bbox 1512 596 1583 666; x_wconf 79' lang='grc' dir='ltr'><strong>γῆ</strong></span> <span class='ocrx_word' id='word_1_40' title='bbox 1616 598 1706 650; x_wconf 70' lang='grc' dir='ltr'><em>τὸν</em></span> <span class='ocrx_word' id='word_1_41' title='bbox 1735 599 1934 670; x_wconf 76' lang='grc' dir='ltr'><em>ἑαυτῆς</em></span> 
     </span>
    </p>
   </div>
   <div class='ocr_carea' id='block_1_8' title="bbox 347 683 1932 761">
    <p class='ocr_par' dir='ltr' id='par_1_8' title="bbox 347 683 1932 761">
     <span class='ocr_line' id='line_1_8' title="bbox 347 683 1932 761; baseline 0.004 -23"><span class='ocrx_word' id='word_1_42' title='bbox 347 685 631 752; x_wconf 73' lang='grc' dir='ltr'>Δεσπότην</span> <span class='ocrx_word' id='word_1_43' title='bbox 660 683 844 755; x_wconf 80' lang='grc' dir='ltr'><em>ὁρῶσα</em></span> <span class='ocrx_word' id='word_1_44' title='bbox 874 684 1026 751; x_wconf 82' lang='grc' dir='ltr'><em>παρά</em></span> <span class='ocrx_word' id='word_1_45' title='bbox 1049 686 1156 739; x_wconf 84' lang='grc' dir='ltr'><em>τῶν</em></span> <span class='ocrx_word' id='word_1_46' title='bbox 1191 687 1464 742; x_wconf 79' lang='grc' dir='ltr'><em>Ἰουδαίων</em></span> <span class='ocrx_word' id='word_1_47' title='bbox 1491 691 1932 761; x_wconf 78' lang='grc' dir='ltr'>ὲμπαροινοῦμε-</span> 
     </span>
    </p>
   </div>
   <div class='ocr_carea' id='block_1_9' title="bbox 348 777 1932 852">
    <p class='ocr_par' dir='ltr' id='par_1_9' title="bbox 348 777 1932 852">
     <span class='ocr_line' id='line_1_9' title="bbox 348 777 1932 852; baseline 0.007 -24"><span class='ocrx_word' id='word_1_48' title='bbox 348 794 440 830; x_wconf 62' lang='grc' dir='ltr'><strong>νοί</strong></span> <span class='ocrx_word' id='word_1_49' title='bbox 479 778 726 846; x_wconf 75' lang='grc' dir='ltr'><em>ἐσχίζετο</em></span> <span class='ocrx_word' id='word_1_50' title='bbox 752 793 765 807; x_wconf 91' lang='grc'><strong>·</strong></span> <span class='ocrx_word' id='word_1_51' title='bbox 804 777 986 846; x_wconf 69' lang='grc' dir='ltr'><em>ἀφῆκε</em></span> <span class='ocrx_word' id='word_1_52' title='bbox 1019 778 1075 831; x_wconf 83' lang='grc' dir='ltr'><em>δὲ</em></span> <span class='ocrx_word' id='word_1_53' title='bbox 1111 781 1207 832; x_wconf 71' lang='grc' dir='ltr'><strong>καὶ</strong></span> <span class='ocrx_word' id='word_1_54' title='bbox 1242 782 1270 833; x_wconf 92' lang='lat'><strong>6</strong></span> <span class='ocrx_word' id='word_1_55' title='bbox 1306 779 1438 851; x_wconf 75' lang='grc' dir='ltr'><em>ᾅδης</em></span> <span class='ocrx_word' id='word_1_56' title='bbox 1473 781 1574 846; x_wconf 78' lang='grc' dir='ltr'><em>τὰς</em></span> <span class='ocrx_word' id='word_1_57' title='bbox 1611 782 1722 837; x_wconf 85' lang='grc' dir='ltr'><strong>τῶν</strong></span> <span class='ocrx_word' id='word_1_58' title='bbox 1758 783 1932 852; x_wconf 80' lang='grc' dir='ltr'><em>ἁγίων</em></span> 
     </span>
    </p>
   </div>
   <div class='ocr_carea' id='block_1_10' title="bbox 347 866 1931 944">
    <p class='ocr_par' dir='ltr' id='par_1_10' title="bbox 347 866 1931 944">
     <span class='ocr_line' id='line_1_10' title="bbox 347 866 1931 944; baseline 0.007 -24"><span class='ocrx_word' id='word_1_59' title='bbox 347 868 545 939; x_wconf 69' lang='grc' dir='ltr'><strong>ψυχάς.</strong></span> <span class='ocrx_word' id='word_1_60' title='bbox 584 868 739 932; x_wconf 79' lang='grc' dir='ltr'><em>Τίνος</em></span> <span class='ocrx_word' id='word_1_61' title='bbox 771 866 947 921; x_wconf 85' lang='grc' dir='ltr'><em>ταῦτα</em></span> <span class='ocrx_word' id='word_1_62' title='bbox 979 869 1298 938; x_wconf 86' lang='grc' dir='ltr'>ποιοῦντος;</span> <span class='ocrx_word' id='word_1_63' title='bbox 1331 867 1422 942; x_wconf 81' lang='grc' dir='ltr'><strong>ἆρ’</strong></span> <span class='ocrx_word' id='word_1_64' title='bbox 1442 874 1562 944; x_wconf 79' lang='grc' dir='ltr'><strong>οὐχὶ</strong></span> <span class='ocrx_word' id='word_1_65' title='bbox 1597 873 1768 942; x_wconf 88' lang='grc' dir='ltr'>Θεοῦ;</span> <span class='ocrx_word' id='word_1_66' title='bbox 1798 875 1931 941; x_wconf 86' lang='grc' dir='ltr'><em>Θεδς</em></span> 
     </span>
    </p>
   </div>
   <div class='ocr_carea' id='block_1_11' title="bbox 349 952 1931 1038">
    <p class='ocr_par' dir='ltr' id='par_1_11' title="bbox 349 952 1931 1038">
     <span class='ocr_line' id='line_1_11' title="bbox 349 952 1931 1038; baseline 0.008 -28"><span class='ocrx_word' id='word_1_67' title='bbox 349 962 454 1030; x_wconf 70' lang='grc' dir='ltr'><strong>γὰρ</strong></span> <span class='ocrx_word' id='word_1_68' title='bbox 485 955 553 1031; x_wconf 81' lang='grc' dir='ltr'><strong>ἦν</strong></span> <span class='ocrx_word' id='word_1_69' title='bbox 585 962 643 1012; x_wconf 87' lang='grc' dir='ltr'><strong>ὲν</strong></span> <span class='ocrx_word' id='word_1_70' title='bbox 673 960 859 1029; x_wconf 74' lang='grc' dir='ltr'><em>σαρκὶ,</em></span> <span class='ocrx_word' id='word_1_71' title='bbox 885 952 929 1027; x_wconf 82' lang='grc' dir='ltr'><strong>ᾧ</strong></span> <span class='ocrx_word' id='word_1_72' title='bbox 959 961 1054 1013; x_wconf 75' lang='grc' dir='ltr'><strong>καὶ</strong></span> <span class='ocrx_word' id='word_1_73' title='bbox 1083 961 1117 1031; x_wconf 68' lang='grc' dir='ltr'>ἡ</span> <span class='ocrx_word' id='word_1_74' title='bbox 1149 961 1323 1028; x_wconf 78' lang='grc' dir='ltr'><strong>κτίσις</strong></span> <span class='ocrx_word' id='word_1_75' title='bbox 1354 962 1702 1038; x_wconf 74' lang='grc' dir='ltr'><strong>ὑϐριζομένῳ</strong></span> <span class='ocrx_word' id='word_1_76' title='bbox 1731 968 1931 1038; x_wconf 82' lang='grc' dir='ltr'><strong>τρόπον</strong></span> 
     </span>
    </p>
   </div>
   <div class='ocr_carea' id='block_1_12' title="bbox 346 1053 864 1122">
    <p class='ocr_par' dir='ltr' id='par_1_12' title="bbox 346 1053 864 1122">
     <span class='ocr_line' id='line_1_12' title="bbox 346 1053 864 1122; baseline 0.012 -18"><span class='ocrx_word' id='word_1_77' title='bbox 346 1053 470 1107; x_wconf 76' lang='grc' dir='ltr'><em>τινὰ</em></span> <span class='ocrx_word' id='word_1_78' title='bbox 510 1053 864 1122; x_wconf 63' lang='grc' dir='ltr'><em>συι-ωρίζετο.</em></span> 
     </span>
    </p>
   </div>
   <div class='ocr_carea' id='block_1_13' title="bbox 417 1143 1928 1223">
    <p class='ocr_par' dir='ltr' id='par_1_13' title="bbox 417 1143 1928 1223">
     <span class='ocr_line' id='line_1_13' title="bbox 417 1143 1928 1223; baseline 0.007 -24"><span class='ocrx_word' id='word_1_79' title='bbox 417 1143 526 1199; x_wconf 75' lang='grc' dir='ltr'><strong>Καὶ</strong></span> <span class='ocrx_word' id='word_1_80' title='bbox 548 1145 630 1198; x_wconf 89' lang='grc' dir='ltr'><strong>σὺ</strong></span> <span class='ocrx_word' id='word_1_81' title='bbox 648 1185 663 1211; x_wconf 95' lang='grc'><strong>,</strong></span> <span class='ocrx_word' id='word_1_82' title='bbox 685 1145 948 1217; x_wconf 80' lang='grc' dir='ltr'><strong>παιδίον,</strong></span> <span class='ocrx_word' id='word_1_83' title='bbox 971 1148 1288 1218; x_wconf 66' lang='grc' dir='ltr'><em>προφήτης</em></span> <span class='ocrx_word' id='word_1_84' title='bbox 1317 1149 1602 1220; x_wconf 68' lang='grc' dir='ltr'><em>Ὑψίστου</em></span> <span class='ocrx_word' id='word_1_85' title='bbox 1624 1153 1928 1223; x_wconf 77' lang='grc' dir='ltr'><strong>κληθήσῃ.</strong></span> 
     </span>
    </p>
   </div>
   <div class='ocr_carea' id='block_1_14' title="bbox 347 1237 1929 1316">
    <p class='ocr_par' dir='ltr' id='par_1_14' title="bbox 347 1237 1929 1316">
     <span class='ocr_line' id='line_1_14' title="bbox 347 1237 1929 1316; baseline 0.009 -28"><span class='ocrx_word' id='word_1_86' title='bbox 347 1237 738 1306; x_wconf 81' lang='grc' dir='ltr'><em>Προπορεύσῃ</em></span> <span class='ocrx_word' id='word_1_87' title='bbox 774 1238 883 1307; x_wconf 72' lang='grc' dir='ltr'><strong>γὰρ</strong></span> <span class='ocrx_word' id='word_1_88' title='bbox 920 1243 1034 1308; x_wconf 88' lang='grc' dir='ltr'><em>πρὸ</em></span> <span class='ocrx_word' id='word_1_89' title='bbox 1072 1239 1399 1308; x_wconf 80' lang='grc' dir='ltr'><strong>προσώπου</strong></span> <span class='ocrx_word' id='word_1_90' title='bbox 1440 1245 1659 1310; x_wconf 82' lang='grc' dir='ltr'><strong>Κυρίου</strong></span> <span class='ocrx_word' id='word_1_91' title='bbox 1692 1243 1929 1316; x_wconf 72' lang='grc' dir='ltr'><strong>ἑτοιμά-</strong></span> 
     </span>
    </p>
   </div>
   <div class='ocr_carea' id='block_1_15' title="bbox 346 1329 1930 1406">
    <p class='ocr_par' dir='ltr' id='par_1_15' title="bbox 346 1329 1930 1406">
     <span class='ocr_line' id='line_1_15' title="bbox 346 1329 1930 1406; baseline 0.008 -25"><span class='ocrx_word' id='word_1_92' title='bbox 346 1343 450 1382; x_wconf 84' lang='grc' dir='ltr'><strong>σαι</strong></span> <span class='ocrx_word' id='word_1_93' title='bbox 493 1329 674 1394; x_wconf 81' lang='grc' dir='ltr'><em>ὀδοὺς</em></span> <span class='ocrx_word' id='word_1_94' title='bbox 712 1331 920 1397; x_wconf 82' lang='grc' dir='ltr'><em>αὑτοῦ,</em></span> <span class='ocrx_word' id='word_1_95' title='bbox 961 1333 1068 1387; x_wconf 89' lang='grc' dir='ltr'><em>τοῦ</em></span> <span class='ocrx_word' id='word_1_96' title='bbox 1111 1332 1322 1387; x_wconf 82' lang='grc' dir='ltr'><em>δοῦναι</em></span> <span class='ocrx_word' id='word_1_97' title='bbox 1364 1333 1593 1403; x_wconf 75' lang='grc' dir='ltr'><em>γνῶσιν</em></span> <span class='ocrx_word' id='word_1_98' title='bbox 1627 1339 1930 1406; x_wconf 79' lang='grc' dir='ltr'><strong>σωτηρίας</strong></span> 
     </span>
    </p>
   </div>
   <div class='ocr_carea' id='block_1_16' title="bbox 344 1419 1928 1502">
    <p class='ocr_par' dir='ltr' id='par_1_16' title="bbox 344 1419 1928 1502">
     <span class='ocr_line' id='line_1_16' title="bbox 344 1419 1928 1502; baseline 0.009 -31"><span class='ocrx_word' id='word_1_99' title='bbox 344 1420 424 1484; x_wconf 83' lang='grc' dir='ltr'><em>τῷ</em></span> <span class='ocrx_word' id='word_1_100' title='bbox 459 1419 586 1485; x_wconf 75' lang='grc' dir='ltr'><strong>,2αῷ</strong></span> <span class='ocrx_word' id='word_1_101' title='bbox 619 1420 806 1475; x_wconf 83' lang='grc' dir='ltr'><em>αὑτοῦ</em></span> <span class='ocrx_word' id='word_1_102' title='bbox 839 1422 909 1476; x_wconf 81' lang='grc' dir='ltr'><em>ἐν</em></span> <span class='ocrx_word' id='word_1_103' title='bbox 936 1423 1151 1493; x_wconf 67' lang='grc' dir='ltr'><em>ἀφέσει</em></span> <span class='ocrx_word' id='word_1_104' title='bbox 1183 1426 1484 1496; x_wconf 78' lang='grc' dir='ltr'><em>ἁμαρτιῶν</em></span> <span class='ocrx_word' id='word_1_105' title='bbox 1511 1428 1728 1487; x_wconf 84' lang='grc' dir='ltr'><em>αὐτῶν.</em></span> <span class='ocrx_word' id='word_1_106' title='bbox 1762 1432 1928 1502; x_wconf 86' lang='grc' dir='ltr'><em>Προε-</em></span> 
     </span>
    </p>
   </div>
   <div class='ocr_carea' id='block_1_17' title="bbox 346 1508 1926 1592">
    <p class='ocr_par' dir='ltr' id='par_1_17' title="bbox 346 1508 1926 1592">
     <span class='ocr_line' id='line_1_17' title="bbox 346 1508 1926 1592; baseline 0.009 -31"><span class='ocrx_word' id='word_1_107' title='bbox 346 1508 529 1573; x_wconf 77' lang='grc' dir='ltr'><em>6ἀδιζε</em></span> <span class='ocrx_word' id='word_1_108' title='bbox 560 1511 670 1581; x_wconf 81' lang='grc' dir='ltr'>γὰρ</span> <span class='ocrx_word' id='word_1_109' title='bbox 700 1510 794 1565; x_wconf 85' lang='grc' dir='ltr'>τοῦ</span> <span class='ocrx_word' id='word_1_110' title='bbox 828 1509 1068 1582; x_wconf 83' lang='grc' dir='ltr'><strong>Χριστοῦ</strong></span> <span class='ocrx_word' id='word_1_111' title='bbox 1089 1557 1102 1578; x_wconf 91' lang='grc'><strong>,</strong></span> <span class='ocrx_word' id='word_1_112' title='bbox 1139 1516 1232 1568; x_wconf 73' lang='grc' dir='ltr'>καὶ</span> <span class='ocrx_word' id='word_1_113' title='bbox 1263 1515 1429 1568; x_wconf 84' lang='grc' dir='ltr'><em>αὑτοῦ</em></span> <span class='ocrx_word' id='word_1_114' title='bbox 1461 1517 1653 1586; x_wconf 81' lang='grc' dir='ltr'><strong>γέγονε</strong></span> <span class='ocrx_word' id='word_1_115' title='bbox 1687 1521 1926 1592; x_wconf 83' lang='grc' dir='ltr'>πρόδρο-</span> 
     </span>
    </p>
   </div>
   <div class='ocr_carea' id='block_1_18' title="bbox 347 1603 1927 1682">
    <p class='ocr_par' dir='ltr' id='par_1_18' title="bbox 347 1603 1927 1682">
     <span class='ocr_line' id='line_1_18' title="bbox 347 1603 1927 1682; baseline 0.009 -29"><span class='ocrx_word' id='word_1_116' title='bbox 347 1619 468 1671; x_wconf 81' lang='grc' dir='ltr'><em>μος,</em></span> <span class='ocrx_word' id='word_1_117' title='bbox 497 1603 589 1656; x_wconf 70' lang='grc' dir='ltr'><strong>καὶ</strong></span> <span class='ocrx_word' id='word_1_118' title='bbox 617 1603 766 1674; x_wconf 83' lang='grc' dir='ltr'><strong>αὐτῷ</strong></span> <span class='ocrx_word' id='word_1_119' title='bbox 795 1603 894 1669; x_wconf 86' lang='grc' dir='ltr'><em>τὰς</em></span> <span class='ocrx_word' id='word_1_120' title='bbox 922 1605 1075 1669; x_wconf 75' lang='grc' dir='ltr'><em>ὀδοὺς</em></span> <span class='ocrx_word' id='word_1_121' title='bbox 1107 1606 1609 1677; x_wconf 78' lang='grc' dir='ltr'><em>προετοιμάζεσθαι</em></span> <span class='ocrx_word' id='word_1_122' title='bbox 1639 1611 1927 1682; x_wconf 83' lang='grc' dir='ltr'><em>διεκήρυτ-</em></span> 
     </span>
    </p>
   </div>
   <div class='ocr_carea' id='block_1_19' title="bbox 344 1695 1920 1774">
    <p class='ocr_par' dir='ltr' id='par_1_19' title="bbox 344 1695 1920 1774">
     <span class='ocr_line' id='line_1_19' title="bbox 344 1695 1920 1774; baseline 0.008 -27"><span class='ocrx_word' id='word_1_123' title='bbox 344 1711 402 1748; x_wconf 89' lang='grc' dir='ltr'><strong>τε</strong></span> <span class='ocrx_word' id='word_1_124' title='bbox 421 1735 434 1758; x_wconf 88' lang='grc'><strong>,</strong></span> <span class='ocrx_word' id='word_1_125' title='bbox 467 1697 558 1748; x_wconf 80' lang='grc' dir='ltr'><em>κα¹ι</em></span> <span class='ocrx_word' id='word_1_126' title='bbox 592 1695 683 1748; x_wconf 80' lang='grc' dir='ltr'><strong>τὸν</strong></span> <span class='ocrx_word' id='word_1_127' title='bbox 713 1695 799 1749; x_wconf 72' lang='grc' dir='ltr'><strong>ἐπ’</strong></span> <span class='ocrx_word' id='word_1_128' title='bbox 825 1697 974 1767; x_wconf 82' lang='grc' dir='ltr'><strong>αὐτῷ</strong></span> <span class='ocrx_word' id='word_1_129' title='bbox 1006 1700 1346 1769; x_wconf 73' lang='grc' dir='ltr'><em>προεφήτευε</em></span> <span class='ocrx_word' id='word_1_130' title='bbox 1382 1699 1540 1769; x_wconf 67' lang='grc' dir='ltr'>λόγον</span> <span class='ocrx_word' id='word_1_131' title='bbox 1570 1703 1920 1774; x_wconf 69' lang='grc' dir='ltr'><strong>ἐπιστρέφων</strong></span> 
     </span>
    </p>
   </div>
   <div class='ocr_carea' id='block_1_20' title="bbox 342 1787 1917 1865">
    <p class='ocr_par' dir='ltr' id='par_1_20' title="bbox 342 1787 1917 1865">
     <span class='ocr_line' id='line_1_20' title="bbox 342 1787 1917 1865; baseline 0.009 -26"><span class='ocrx_word' id='word_1_132' title='bbox 342 1787 416 1851; x_wconf 85' lang='grc' dir='ltr'><em>ὡς</em></span> <span class='ocrx_word' id='word_1_133' title='bbox 452 1787 544 1840; x_wconf 76' lang='grc' dir='ltr'><strong>ἐπὶ</strong></span> <span class='ocrx_word' id='word_1_134' title='bbox 579 1787 748 1855; x_wconf 85' lang='grc' dir='ltr'><em>Θεὸν,</em></span> <span class='ocrx_word' id='word_1_135' title='bbox 777 1787 1022 1843; x_wconf 79' lang='grc' dir='ltr'><strong>δικαιοῦν</strong></span> <span class='ocrx_word' id='word_1_136' title='bbox 1059 1790 1314 1860; x_wconf 72' lang='grc' dir='ltr'><strong>ἰσχύοντα</strong></span> <span class='ocrx_word' id='word_1_137' title='bbox 1346 1793 1468 1856; x_wconf 80' lang='grc' dir='ltr'><em>τοὺς</em></span> <span class='ocrx_word' id='word_1_138' title='bbox 1503 1796 1560 1847; x_wconf 71' lang='grc' dir='ltr'><strong>ἑν</strong></span> <span class='ocrx_word' id='word_1_139' title='bbox 1591 1795 1917 1865; x_wconf 80' lang='grc' dir='ltr'><strong>ἁμαρτίαις.</strong></span> 
     </span>
    </p>
   </div>
   <div class='ocr_carea' id='block_1_21' title="bbox 345 1873 1238 1950">
    <p class='ocr_par' dir='ltr' id='par_1_21' title="bbox 345 1873 1238 1950">
     <span class='ocr_line' id='line_1_21' title="bbox 345 1873 1238 1950; baseline 0.008 -21"><span class='ocrx_word' id='word_1_140' title='bbox 345 1873 478 1930; x_wconf 81' lang='grc' dir='ltr'><em>Εἶτα</em></span> <span class='ocrx_word' id='word_1_141' title='bbox 508 1877 628 1940; x_wconf 85' lang='grc' dir='ltr'>πῶς</span> <span class='ocrx_word' id='word_1_142' title='bbox 657 1877 716 1931; x_wconf 78' lang='grc' dir='ltr'><strong>οὗ</strong></span> <span class='ocrx_word' id='word_1_143' title='bbox 750 1878 884 1942; x_wconf 80' lang='grc' dir='ltr'><em>Θεὸς</em></span> <span class='ocrx_word' id='word_1_144' title='bbox 915 1881 941 1932; x_wconf 91' lang='lat'><strong>6</strong></span> <span class='ocrx_word' id='word_1_145' title='bbox 965 1879 1238 1950; x_wconf 82' lang='grc' dir='ltr'><em>Χριστός;</em></span> 
     </span>
    </p>
   </div>
   <div class='ocr_carea' id='block_1_22' title="bbox 427 1969 1921 2048">
    <p class='ocr_par' dir='ltr' id='par_1_22' title="bbox 427 1969 1921 2048">
     <span class='ocr_line' id='line_1_22' title="bbox 427 1969 1921 2048; baseline 0.007 -23"><span class='ocrx_word' id='word_1_146' title='bbox 427 1969 741 2039; x_wconf 72' lang='grc' dir='ltr'><em>Ἐπιγνοὺς</em></span> <span class='ocrx_word' id='word_1_147' title='bbox 773 1969 841 2024; x_wconf 79' lang='grc' dir='ltr'><em>δὲ</em></span> <span class='ocrx_word' id='word_1_148' title='bbox 867 1973 901 2025; x_wconf 82' lang='grc' dir='ltr'><strong>ό</strong></span> <span class='ocrx_word' id='word_1_149' title='bbox 928 1971 1161 2040; x_wconf 82' lang='grc' dir='ltr'>Ἰησοῦς</span> <span class='ocrx_word' id='word_1_150' title='bbox 1190 1973 1328 2040; x_wconf 85' lang='grc' dir='ltr'><em>τοὺς</em></span> <span class='ocrx_word' id='word_1_151' title='bbox 1359 1973 1789 2048; x_wconf 77' lang='grc' dir='ltr'><em>διαλογισμοὺς</em></span> <span class='ocrx_word' id='word_1_152' title='bbox 1816 1983 1921 2036; x_wconf 84' lang='grc' dir='ltr'><strong>αὐ-</strong></span> 
     </span>
    </p>
   </div>
   <div class='ocr_carea' id='block_1_23' title="bbox 342 2058 1921 2140">
    <p class='ocr_par' dir='ltr' id='par_1_23' title="bbox 342 2058 1921 2140">
     <span class='ocr_line' id='line_1_23' title="bbox 342 2058 1921 2140; baseline 0.006 -24"><span class='ocrx_word' id='word_1_153' title='bbox 342 2061 478 2124; x_wconf 83' lang='grc' dir='ltr'><em>τῶν.</em></span> <span class='ocrx_word' id='word_1_154' title='bbox 513 2058 645 2116; x_wconf 78' lang='grc' dir='ltr'><em>εἷπε</em></span> <span class='ocrx_word' id='word_1_155' title='bbox 678 2063 829 2131; x_wconf 84' lang='grc' dir='ltr'><em>πρὸς</em></span> <span class='ocrx_word' id='word_1_156' title='bbox 859 2063 1116 2130; x_wconf 85' lang='grc' dir='ltr'><em>αὐτοὺς,</em></span> <span class='ocrx_word' id='word_1_157' title='bbox 1158 2065 1219 2120; x_wconf 86' lang='grc' dir='ltr'><strong>Τί</strong></span> <span class='ocrx_word' id='word_1_158' title='bbox 1251 2065 1660 2137; x_wconf 72' lang='grc' dir='ltr'><strong>διαλογίζεσθε</strong></span> <span class='ocrx_word' id='word_1_159' title='bbox 1690 2071 1760 2126; x_wconf 83' lang='grc' dir='ltr'><em>ἐν</em></span> <span class='ocrx_word' id='word_1_160' title='bbox 1791 2073 1921 2140; x_wconf 79' lang='grc' dir='ltr'><em>ταῖς</em></span> 
     </span>
    </p>
   </div>
   <div class='ocr_carea' id='block_1_24' title="bbox 342 2157 1919 2236">
    <p class='ocr_par' dir='ltr' id='par_1_24' title="bbox 342 2157 1919 2236">
     <span class='ocr_line' id='line_1_24' title="bbox 342 2157 1919 2236; baseline 0.008 -26"><span class='ocrx_word' id='word_1_161' title='bbox 342 2158 612 2225; x_wconf 81' lang='grc' dir='ltr'><strong>καρδίαις</strong></span> <span class='ocrx_word' id='word_1_162' title='bbox 656 2157 860 2226; x_wconf 62' lang='lat' dir='ltr'><strong>burim;</strong></span> <span class='ocrx_word' id='word_1_163' title='bbox 911 2159 972 2213; x_wconf 84' lang='grc' dir='ltr'><strong>Τί</strong></span> <span class='ocrx_word' id='word_1_164' title='bbox 1012 2158 1187 2215; x_wconf 80' lang='grc' dir='ltr'><em>ἐστιν</em></span> <span class='ocrx_word' id='word_1_165' title='bbox 1224 2161 1660 2232; x_wconf 76' lang='grc' dir='ltr'><em>εὐκοπώτερον,</em></span> <span class='ocrx_word' id='word_1_166' title='bbox 1703 2167 1919 2236; x_wconf 74' lang='grc' dir='ltr'><em>εἰπεῖν,</em></span> 
     </span>
    </p>
   </div>
   <div class='ocr_carea' id='block_1_25' title="bbox 352 2249 1918 2326">
    <p class='ocr_par' dir='ltr' id='par_1_25' title="bbox 352 2249 1918 2326">
     <span class='ocr_line' id='line_1_25' title="bbox 352 2249 1918 2326; baseline 0.007 -24"><span class='ocrx_word' id='word_1_167' title='bbox 352 2249 676 2317; x_wconf 66' lang='grc' dir='ltr'><em>Ἀφέωνταί</em></span> <span class='ocrx_word' id='word_1_168' title='bbox 693 2265 791 2304; x_wconf 92' lang='grc' dir='ltr'><strong>σοι</strong></span> <span class='ocrx_word' id='word_1_169' title='bbox 812 2252 872 2304; x_wconf 79' lang='grc' dir='ltr'><em>αἱ</em></span> <span class='ocrx_word' id='word_1_170' title='bbox 888 2249 1165 2320; x_wconf 84' lang='grc' dir='ltr'><em>ἁμαρτίαι</em></span> <span class='ocrx_word' id='word_1_171' title='bbox 1182 2267 1325 2318; x_wconf 92' lang='grc' dir='ltr'><em>σου,</em></span> <span class='ocrx_word' id='word_1_172' title='bbox 1343 2254 1381 2323; x_wconf 81' lang='grc' dir='ltr'>ἢ</span> <span class='ocrx_word' id='word_1_173' title='bbox 1401 2255 1614 2320; x_wconf 73' lang='grc' dir='ltr'><em>εἰπεῖν,</em></span> <span class='ocrx_word' id='word_1_174' title='bbox 1634 2257 1918 2326; x_wconf 78' lang='grc' dir='ltr'><em>Ἕγειραι,</em></span> 
     </span>
    </p>
   </div>
   <div class='ocr_carea' id='block_1_26' title="bbox 339 2341 1920 2420">
    <p class='ocr_par' dir='ltr' id='par_1_26' title="bbox 339 2341 1920 2420">
     <span class='ocr_line' id='line_1_26' title="bbox 339 2341 1920 2420; baseline 0.008 -27"><span class='ocrx_word' id='word_1_175' title='bbox 339 2341 437 2394; x_wconf 73' lang='grc' dir='ltr'><strong>καὶ</strong></span> <span class='ocrx_word' id='word_1_176' title='bbox 464 2341 770 2414; x_wconf 82' lang='grc' dir='ltr'><em>περιπάτει</em></span> <span class='ocrx_word' id='word_1_177' title='bbox 786 2358 805 2406; x_wconf 85' lang='grc'><strong><em>;</em></strong></span> <span class='ocrx_word' id='word_1_178' title='bbox 824 2342 956 2400; x_wconf 82' lang='grc' dir='ltr'><strong>Ἵνα</strong></span> <span class='ocrx_word' id='word_1_179' title='bbox 979 2343 1050 2397; x_wconf 83' lang='grc' dir='ltr'><em>δὲ</em></span> <span class='ocrx_word' id='word_1_180' title='bbox 1071 2343 1292 2414; x_wconf 73' lang='grc' dir='ltr'><em>είδῆτε,</em></span> <span class='ocrx_word' id='word_1_181' title='bbox 1316 2345 1401 2400; x_wconf 79' lang='grc' dir='ltr'><em>ἔτι</em></span> <span class='ocrx_word' id='word_1_182' title='bbox 1427 2347 1721 2410; x_wconf 77' lang='grc' dir='ltr'><em>ἐξουσίαν</em></span> <span class='ocrx_word' id='word_1_183' title='bbox 1737 2350 1862 2420; x_wconf 78' lang='grc' dir='ltr'><em>ἔχει</em></span> <span class='ocrx_word' id='word_1_184' title='bbox 1886 2354 1920 2406; x_wconf 83' lang='grc' dir='ltr'><strong>ἀ</strong></span> 
     </span>
    </p>
   </div>
   <div class='ocr_carea' id='block_1_27' title="bbox 345 2433 1918 2514">
    <p class='ocr_par' dir='ltr' id='par_1_27' title="bbox 345 2433 1918 2514">
     <span class='ocr_line' id='line_1_27' title="bbox 345 2433 1918 2514; baseline 0.007 -29"><span class='ocrx_word' id='word_1_185' title='bbox 345 2433 482 2498; x_wconf 77' lang='grc' dir='ltr'><strong>Υἱὸς</strong></span> <span class='ocrx_word' id='word_1_186' title='bbox 516 2434 624 2488; x_wconf 90' lang='grc' dir='ltr'><em>τοῦ</em></span> <span class='ocrx_word' id='word_1_187' title='bbox 663 2435 980 2502; x_wconf 82' lang='grc' dir='ltr'><em>ἀνθρώπου</em></span> <span class='ocrx_word' id='word_1_188' title='bbox 1018 2435 1118 2490; x_wconf 75' lang='grc' dir='ltr'><strong>ἐπὶ</strong></span> <span class='ocrx_word' id='word_1_189' title='bbox 1153 2436 1267 2506; x_wconf 85' lang='grc' dir='ltr'><em>τῆς</em></span> <span class='ocrx_word' id='word_1_190' title='bbox 1305 2437 1419 2508; x_wconf 76' lang='grc' dir='ltr'><strong>γῆς</strong></span> <span class='ocrx_word' id='word_1_191' title='bbox 1453 2439 1692 2510; x_wconf 70' lang='grc' dir='ltr'><em>ἀφιέναι</em></span> <span class='ocrx_word' id='word_1_192' title='bbox 1732 2443 1918 2514; x_wconf 84' lang='grc' dir='ltr'><em>ἁμαρ-</em></span> 
     </span>
    </p>
   </div>
   <div class='ocr_carea' id='block_1_28' title="bbox 340 2522 1919 2606">
    <p class='ocr_par' dir='ltr' id='par_1_28' title="bbox 340 2522 1919 2606">
     <span class='ocr_line' id='line_1_28' title="bbox 340 2522 1919 2606; baseline 0.008 -27"><span class='ocrx_word' id='word_1_193' title='bbox 340 2528 491 2593; x_wconf 80' lang='grc' dir='ltr'><em>τίας,</em></span> <span class='ocrx_word' id='word_1_194' title='bbox 519 2522 650 2581; x_wconf 75' lang='grc' dir='ltr'><em>εἶπε</em></span> <span class='ocrx_word' id='word_1_195' title='bbox 673 2526 753 2593; x_wconf 86' lang='grc' dir='ltr'><em>τῷ</em></span> <span class='ocrx_word' id='word_1_196' title='bbox 781 2529 1190 2598; x_wconf 77' lang='grc' dir='ltr'><em>παραλυτικῷ,</em></span> <span class='ocrx_word' id='word_1_197' title='bbox 1217 2531 1319 2586; x_wconf 76' lang='grc' dir='ltr'><strong>Σοὶ</strong></span> <span class='ocrx_word' id='word_1_198' title='bbox 1344 2532 1522 2602; x_wconf 75' lang='grc' dir='ltr'><em>λέγω,</em></span> <span class='ocrx_word' id='word_1_199' title='bbox 1547 2533 1793 2606; x_wconf 77' lang='grc' dir='ltr'><em>ἐγειραι,</em></span> <span class='ocrx_word' id='word_1_200' title='bbox 1819 2542 1919 2594; x_wconf 83' lang='grc' dir='ltr'><strong>και</strong></span> 
     </span>
    </p>
   </div>
   <div class='ocr_carea' id='block_1_29' title="bbox 337 2619 1918 2698">
    <p class='ocr_par' dir='ltr' id='par_1_29' title="bbox 337 2619 1918 2698">
     <span class='ocr_line' id='line_1_29' title="bbox 337 2619 1918 2698; baseline 0.011 -27"><span class='ocrx_word' id='word_1_201' title='bbox 337 2619 668 2688; x_wconf 79' lang='grc' dir='ltr'><em>περιπάτει,</em></span> <span class='ocrx_word' id='word_1_202' title='bbox 707 2621 806 2675; x_wconf 75' lang='grc' dir='ltr'><em>καὶ</em></span> <span class='ocrx_word' id='word_1_203' title='bbox 850 2620 999 2690; x_wconf 85' lang='grc' dir='ltr'><em>ἄρας</em></span> <span class='ocrx_word' id='word_1_204' title='bbox 1038 2621 1106 2676; x_wconf 87' lang='grc' dir='ltr'><em>τὸ</em></span> <span class='ocrx_word' id='word_1_205' title='bbox 1149 2623 1451 2679; x_wconf 79' lang='grc' dir='ltr'><em>κλινίδιόν</em></span> <span class='ocrx_word' id='word_1_206' title='bbox 1490 2641 1609 2683; x_wconf 90' lang='grc' dir='ltr'><em>σου</em></span> <span class='ocrx_word' id='word_1_207' title='bbox 1655 2633 1918 2698; x_wconf 79' lang='grc' dir='ltr'><strong>πορεύου</strong></span> 
     </span>
    </p>
   </div>
   <div class='ocr_carea' id='block_1_30' title="bbox 335 2708 1920 2788">
    <p class='ocr_par' dir='ltr' id='par_1_30' title="bbox 335 2708 1920 2788">
     <span class='ocr_line' id='line_1_30' title="bbox 335 2708 1920 2788; baseline 0.009 -24"><span class='ocrx_word' id='word_1_208' title='bbox 335 2714 424 2776; x_wconf 82' lang='grc' dir='ltr'><strong>είς</strong></span> <span class='ocrx_word' id='word_1_209' title='bbox 455 2713 560 2766; x_wconf 76' lang='grc' dir='ltr'><em>τέν</em></span> <span class='ocrx_word' id='word_1_210' title='bbox 587 2708 757 2767; x_wconf 77' lang='grc' dir='ltr'>οἶκόν</span> <span class='ocrx_word' id='word_1_211' title='bbox 784 2728 924 2770; x_wconf 89' lang='grc' dir='ltr'><em>σου.</em></span> <span class='ocrx_word' id='word_1_212' title='bbox 956 2714 1022 2768; x_wconf 77' lang='lat' dir='ltr'><strong>Et</strong></span> <span class='ocrx_word' id='word_1_213' title='bbox 1052 2714 1215 2784; x_wconf 83' lang='grc' dir='ltr'>μόνος</span> <span class='ocrx_word' id='word_1_214' title='bbox 1242 2717 1390 2787; x_wconf 76' lang='grc' dir='ltr'><strong>ἡμᾶς</strong></span> <span class='ocrx_word' id='word_1_215' title='bbox 1422 2719 1450 2772; x_wconf 97' lang='lat'><strong>6</strong></span> <span class='ocrx_word' id='word_1_216' title='bbox 1477 2717 1587 2774; x_wconf 85' lang='grc' dir='ltr'><em>τῶν</em></span> <span class='ocrx_word' id='word_1_217' title='bbox 1618 2721 1754 2777; x_wconf 84' lang='grc' dir='ltr'>ὅλων</span> <span class='ocrx_word' id='word_1_218' title='bbox 1787 2724 1920 2788; x_wconf 73' lang='grc' dir='ltr'><em>Θεὸς</em></span> 
     </span>
    </p>
   </div>
   <div class='ocr_carea' id='block_1_31' title="bbox 336 2803 1918 2880">
    <p class='ocr_par' dir='ltr' id='par_1_31' title="bbox 336 2803 1918 2880">
     <span class='ocr_line' id='line_1_31' title="bbox 336 2803 1918 2880; baseline 0.008 -24"><span class='ocrx_word' id='word_1_219' title='bbox 336 2803 669 2857; x_wconf 73' lang='grc' dir='ltr'><strong>ἀπαλλάττει</strong></span> <span class='ocrx_word' id='word_1_220' title='bbox 695 2803 1191 2876; x_wconf 82' lang='grc' dir='ltr'>πλημμελημάτων</span> <span class='ocrx_word' id='word_1_221' title='bbox 1211 2846 1227 2873; x_wconf 86' lang='grc'><strong>,</strong></span> <span class='ocrx_word' id='word_1_222' title='bbox 1255 2807 1428 2880; x_wconf 77' lang='grc' dir='ltr'><em>ἑτέρῳ</em></span> <span class='ocrx_word' id='word_1_223' title='bbox 1457 2810 1766 2880; x_wconf 78' lang='grc' dir='ltr'>πρέποντος</span> <span class='ocrx_word' id='word_1_224' title='bbox 1791 2816 1918 2869; x_wconf 76' lang='grc' dir='ltr'><strong>τοὺ-</strong></span> 
     </span>
    </p>
   </div>
   <div class='ocr_carea' id='block_1_32' title="bbox 333 2894 1919 2978">
    <p class='ocr_par' dir='ltr' id='par_1_32' title="bbox 333 2894 1919 2978">
     <span class='ocr_line' id='line_1_32' title="bbox 333 2894 1919 2978; baseline 0.008 -30"><span class='ocrx_word' id='word_1_225' title='bbox 333 2913 432 2949; x_wconf 90' lang='grc' dir='ltr'><em>του</em></span> <span class='ocrx_word' id='word_1_226' title='bbox 481 2894 692 2967; x_wconf 74' lang='grc' dir='ltr'><em>μηδενὶ,</em></span> <span class='ocrx_word' id='word_1_227' title='bbox 741 2897 1028 2968; x_wconf 81' lang='grc' dir='ltr'><em>χαρίζεται</em></span> <span class='ocrx_word' id='word_1_228' title='bbox 1073 2899 1130 2955; x_wconf 84' lang='grc' dir='ltr'><em>δὲ</em></span> <span class='ocrx_word' id='word_1_229' title='bbox 1175 2905 1270 2956; x_wconf 73' lang='grc' dir='ltr'><strong>καὶ</strong></span> <span class='ocrx_word' id='word_1_230' title='bbox 1312 2901 1474 2956; x_wconf 89' lang='grc' dir='ltr'>τοῦτο</span> <span class='ocrx_word' id='word_1_231' title='bbox 1517 2904 1754 2975; x_wconf 82' lang='grc' dir='ltr'><em>Χριστὸς</em></span> <span class='ocrx_word' id='word_1_232' title='bbox 1801 2908 1919 2978; x_wconf 86' lang='grc' dir='ltr'><em>μετ’</em></span> 
     </span>
    </p>
   </div>
   <div class='ocr_carea' id='block_1_33' title="bbox 334 2988 1921 3072">
    <p class='ocr_par' dir='ltr' id='par_1_33' title="bbox 334 2988 1921 3072">
     <span class='ocr_line' id='line_1_33' title="bbox 334 2988 1921 3072; baseline 0.008 -30"><span class='ocrx_word' id='word_1_233' title='bbox 334 2988 586 3052; x_wconf 75' lang='grc' dir='ltr'><em>ἐξουσίας</em></span> <span class='ocrx_word' id='word_1_234' title='bbox 617 2989 982 3061; x_wconf 83' lang='grc' dir='ltr'><em>Θεοπρεποῦς,</em></span> <span class='ocrx_word' id='word_1_235' title='bbox 1016 2992 1136 3056; x_wconf 84' lang='grc' dir='ltr'><strong>πῶς</strong></span> <span class='ocrx_word' id='word_1_236' title='bbox 1165 2994 1265 3048; x_wconf 84' lang='grc' dir='ltr'>οὐκ</span> <span class='ocrx_word' id='word_1_237' title='bbox 1295 2993 1362 3049; x_wconf 83' lang='grc' dir='ltr'><strong>ἂν</strong></span> <span class='ocrx_word' id='word_1_238' title='bbox 1393 2995 1480 3067; x_wconf 75' lang='grc' dir='ltr'><strong>εἴη</strong></span> <span class='ocrx_word' id='word_1_239' title='bbox 1508 2996 1678 3065; x_wconf 74' lang='grc' dir='ltr'><em>Θεόςς</em></span> <span class='ocrx_word' id='word_1_240' title='bbox 1709 2999 1921 3072; x_wconf 82' lang='grc' dir='ltr'>Κέκλη-</span> 
     </span>
    </p>
   </div>
   <div class='ocr_carea' id='block_1_34' title="bbox 2039 509 3623 576">
    <p class='ocr_par' dir='ltr' id='par_1_34' title="bbox 2039 509 3623 576">
     <span class='ocr_line' id='line_1_34' title="bbox 2039 509 3623 576; baseline 0.004 -13"><span class='ocrx_word' id='word_1_241' title='bbox 2039 509 2230 576; x_wconf 81' lang='lat' dir='ltr'><strong>traxit,</strong></span> <span class='ocrx_word' id='word_1_242' title='bbox 2316 520 2370 568; x_wconf 90' lang='lat' dir='ltr'><strong>et</strong></span> <span class='ocrx_word' id='word_1_243' title='bbox 2425 513 2478 568; x_wconf 91' lang='lat' dir='ltr'><strong>in</strong></span> <span class='ocrx_word' id='word_1_244' title='bbox 2515 512 2601 568; x_wconf 83' lang='lat' dir='ltr'><strong>die</strong></span> <span class='ocrx_word' id='word_1_245' title='bbox 2661 512 2913 569; x_wconf 81' lang='lat' dir='ltr'><strong>tenebras</strong></span> <span class='ocrx_word' id='word_1_246' title='bbox 2958 512 3165 568; x_wconf 75' lang='lat' dir='ltr'><strong>ctl‘udit.</strong></span> <span class='ocrx_word' id='word_1_247' title='bbox 3219 513 3389 571; x_wconf 86' lang='lat' dir='ltr'><strong>Terra</strong></span> <span class='ocrx_word' id='word_1_248' title='bbox 3447 529 3623 572; x_wconf 82' lang='lat' dir='ltr'><strong>autem</strong></span> 
     </span>
    </p>
   </div>
   <div class='ocr_carea' id='block_1_35' title="bbox 2035 603 3622 673">
    <p class='ocr_par' dir='ltr' id='par_1_35' title="bbox 2035 603 3622 673">
     <span class='ocr_line' id='line_1_35' title="bbox 2035 603 3622 673; baseline 0.003 -17"><span class='ocrx_word' id='word_1_249' title='bbox 2035 616 2194 656; x_wconf 88' lang='lat' dir='ltr'><strong>suum</strong></span> <span class='ocrx_word' id='word_1_250' title='bbox 2257 603 2426 673; x_wconf 87' lang='lat' dir='ltr'><strong>ipsius</strong></span> <span class='ocrx_word' id='word_1_251' title='bbox 2445 605 2730 661; x_wconf 90' lang='lat' dir='ltr'><strong>Dominum</strong></span> <span class='ocrx_word' id='word_1_252' title='bbox 2793 619 3023 661; x_wconf 85' lang='lat' dir='ltr'><strong>cernens</strong></span> <span class='ocrx_word' id='word_1_253' title='bbox 3049 621 3078 660; x_wconf 91' lang='lat' dir='ltr'><strong>a</strong></span> <span class='ocrx_word' id='word_1_254' title='bbox 3112 603 3313 662; x_wconf 71' lang='lat' dir='ltr'><strong>Iudaeis</strong></span> <span class='ocrx_word' id='word_1_255' title='bbox 3344 618 3622 672; x_wconf 77' lang='lat' dir='ltr'><strong>vexatum,</strong></span> 
     </span>
    </p>
   </div>
   <div class='ocr_carea' id='block_1_36' title="bbox 2035 694 3619 754">
    <p class='ocr_par' dir='ltr' id='par_1_36' title="bbox 2035 694 3619 754">
     <span class='ocr_line' id='line_1_36' title="bbox 2035 694 3619 754; baseline 0.004 -6"><span class='ocrx_word' id='word_1_256' title='bbox 2035 695 2206 752; x_wconf 87' lang='lat' dir='ltr'><strong>scissa</strong></span> <span class='ocrx_word' id='word_1_257' title='bbox 2239 706 2343 752; x_wconf 88' lang='lat' dir='ltr'><strong>est.</strong></span> <span class='ocrx_word' id='word_1_258' title='bbox 2399 694 2464 752; x_wconf 86' lang='lat' dir='ltr'><strong>Et</strong></span> <span class='ocrx_word' id='word_1_259' title='bbox 2487 698 2734 754; x_wconf 79' lang='lat' dir='ltr'><strong>infernus</strong></span> <span class='ocrx_word' id='word_1_260' title='bbox 2787 707 3097 754; x_wconf 88' lang='lat' dir='ltr'><strong>sanctorum</strong></span> <span class='ocrx_word' id='word_1_261' title='bbox 3134 698 3342 753; x_wconf 84' lang='lat' dir='ltr'><strong>animas</strong></span> <span class='ocrx_word' id='word_1_262' title='bbox 3416 699 3619 754; x_wconf 66' lang='lat' dir='ltr'><strong>emisit.</strong></span> 
     </span>
    </p>
   </div>
   <div class='ocr_carea' id='block_1_37' title="bbox 2034 786 3622 859">
    <p class='ocr_par' dir='ltr' id='par_1_37' title="bbox 2034 786 3622 859">
     <span class='ocr_line' id='line_1_37' title="bbox 2034 786 3622 859; baseline 0.001 -19"><span class='ocrx_word' id='word_1_263' title='bbox 2034 786 2286 854; x_wconf 85' lang='lat' dir='ltr'><strong>Quonam</strong></span> <span class='ocrx_word' id='word_1_264' title='bbox 2317 788 2434 843; x_wconf 68' lang='lat' dir='ltr'><strong>haec</strong></span> <span class='ocrx_word' id='word_1_265' title='bbox 2461 789 2802 859; x_wconf 73' lang='lat' dir='ltr'><strong>perficiente,</strong></span> <span class='ocrx_word' id='word_1_266' title='bbox 2829 789 2936 844; x_wconf 86' lang='lat' dir='ltr'><strong>nisi</strong></span> <span class='ocrx_word' id='word_1_267' title='bbox 2970 789 3079 846; x_wconf 88' lang='lat' dir='ltr'><strong>Deo</strong></span> <span class='ocrx_word' id='word_1_268' title='bbox 3108 790 3131 844; x_wconf 85' lang='lat'><strong>?</strong></span> <span class='ocrx_word' id='word_1_269' title='bbox 3163 787 3304 846; x_wconf 87' lang='lat' dir='ltr'><strong>Deus</strong></span> <span class='ocrx_word' id='word_1_270' title='bbox 3333 791 3475 846; x_wconf 89' lang='lat' dir='ltr'><strong>enim</strong></span> <span class='ocrx_word' id='word_1_271' title='bbox 3507 804 3622 844; x_wconf 76' lang='lat' dir='ltr'><strong>emt</strong></span> 
     </span>
    </p>
   </div>
   <div class='ocr_carea' id='block_1_38' title="bbox 2034 877 3604 949">
    <p class='ocr_par' dir='ltr' id='par_1_38' title="bbox 2034 877 3604 949">
     <span class='ocr_line' id='line_1_38' title="bbox 2034 877 3604 949; baseline 0 -17"><span class='ocrx_word' id='word_1_272' title='bbox 2034 877 2088 932; x_wconf 87' lang='lat' dir='ltr'><strong>in</strong></span> <span class='ocrx_word' id='word_1_273' title='bbox 2111 893 2277 934; x_wconf 90' lang='lat' dir='ltr'><strong>carne</strong></span> <span class='ocrx_word' id='word_1_274' title='bbox 2308 881 2436 949; x_wconf 88' lang='lat' dir='ltr'><strong>:qui</strong></span> <span class='ocrx_word' id='word_1_275' title='bbox 2472 895 2594 936; x_wconf 92' lang='lat' dir='ltr'><strong>cum</strong></span> <span class='ocrx_word' id='word_1_276' title='bbox 2622 879 2928 938; x_wconf 79' lang='lat' dir='ltr'><strong>aﬂiceretur</strong></span> <span class='ocrx_word' id='word_1_277' title='bbox 2964 881 3316 948; x_wconf 86' lang='lat' dir='ltr'><strong>contumelia,</strong></span> <span class='ocrx_word' id='word_1_278' title='bbox 3343 897 3432 939; x_wconf 81' lang='lat' dir='ltr'><strong>res</strong></span> <span class='ocrx_word' id='word_1_279' title='bbox 3459 884 3604 936; x_wconf 79' lang='lat' dir='ltr'><strong>etiau</strong></span> 
     </span>
    </p>
   </div>
   <div class='ocr_carea' id='block_1_39' title="bbox 2033 973 2876 1042">
    <p class='ocr_par' dir='ltr' id='par_1_39' title="bbox 2033 973 2876 1042">
     <span class='ocr_line' id='line_1_39' title="bbox 2033 973 2876 1042; baseline 0.004 -18"><span class='ocrx_word' id='word_1_280' title='bbox 2033 981 2330 1042; x_wconf 79' lang='lat' dir='ltr'><strong>procreata:</strong></span> <span class='ocrx_word' id='word_1_281' title='bbox 2369 973 2876 1028; x_wconf 76' lang='lat' dir='ltr'><strong>commove-bantur.</strong></span> 
     </span>
    </p>
   </div>
   <div class='ocr_carea' id='block_1_40' title="bbox 2102 1141 3619 1218">
    <p class='ocr_par' dir='ltr' id='par_1_40' title="bbox 2102 1141 3619 1218">
     <span class='ocr_line' id='line_1_40' title="bbox 2102 1141 3619 1218; baseline -0.002 -17"><span class='ocrx_word' id='word_1_282' title='bbox 2102 1146 2174 1201; x_wconf 87' lang='lat' dir='ltr'><strong>Et</strong></span> <span class='ocrx_word' id='word_1_283' title='bbox 2198 1155 2278 1212; x_wconf 81' lang='lat' dir='ltr'><strong>tu,</strong></span> <span class='ocrx_word' id='word_1_284' title='bbox 2307 1164 2460 1216; x_wconf 86' lang='lat' dir='ltr'><strong>puer,</strong></span> <span class='ocrx_word' id='word_1_285' title='bbox 2481 1151 2732 1218; x_wconf 86' lang='lat' dir='ltr'><strong>prapheta</strong></span> <span class='ocrx_word' id='word_1_286' title='bbox 2757 1150 3018 1204; x_wconf 82' lang='lat' dir='ltr'><strong>Altissimi</strong></span> <span class='ocrx_word' id='word_1_287' title='bbox 3060 1150 3351 1216; x_wconf 80' lang='lat' dir='ltr'><strong>vocaberis,</strong></span> <span class='ocrx_word' id='word_1_288' title='bbox 3401 1141 3619 1218; x_wconf 56' lang='lat' dir='ltr'><strong>mmihi:</strong></span> 
     </span>
    </p>
   </div>
   <div class='ocr_carea' id='block_1_41' title="bbox 2028 1228 3620 1310">
    <p class='ocr_par' dir='ltr' id='par_1_41' title="bbox 2028 1228 3620 1310">
     <span class='ocr_line' id='line_1_41' title="bbox 2028 1228 3620 1310; baseline -0.002 -16"><span class='ocrx_word' id='word_1_289' title='bbox 2028 1242 2163 1295; x_wconf 87' lang='lat' dir='ltr'><strong>enim</strong></span> <span class='ocrx_word' id='word_1_290' title='bbox 2194 1252 2314 1297; x_wconf 96' lang='lat' dir='ltr'><strong>ante</strong></span> <span class='ocrx_word' id='word_1_291' title='bbox 2331 1241 2518 1309; x_wconf 80' lang='lat' dir='ltr'><strong>faciem</strong></span> <span class='ocrx_word' id='word_1_292' title='bbox 2547 1241 2758 1296; x_wconf 78' lang='lat' dir='ltr'><strong>Domini</strong></span> <span class='ocrx_word' id='word_1_293' title='bbox 2779 1241 3093 1310; x_wconf 78' lang='lat' dir='ltr'><strong>pararevias</strong></span> <span class='ocrx_word' id='word_1_294' title='bbox 3122 1241 3256 1309; x_wconf 82' lang='lat' dir='ltr'><strong>ejus,</strong></span> <span class='ocrx_word' id='word_1_295' title='bbox 3291 1242 3358 1296; x_wconf 87' lang='lat' dir='ltr'><strong>ad</strong></span> <span class='ocrx_word' id='word_1_296' title='bbox 3387 1228 3620 1303; x_wconf 56' lang='lat' dir='ltr'><strong>dandam</strong></span> 
     </span>
    </p>
   </div>
   <div class='ocr_carea' id='block_1_42' title="bbox 2028 1317 3602 1402">
    <p class='ocr_par' dir='ltr' id='par_1_42' title="bbox 2028 1317 3602 1402">
     <span class='ocr_line' id='line_1_42' title="bbox 2028 1317 3602 1402; baseline 0.001 -21"><span class='ocrx_word' id='word_1_297' title='bbox 2028 1329 2300 1384; x_wconf 86' lang='lat' dir='ltr'><strong>scientiam</strong></span> <span class='ocrx_word' id='word_1_298' title='bbox 2334 1331 2523 1386; x_wconf 83' lang='lat' dir='ltr'><strong>salutis</strong></span> <span class='ocrx_word' id='word_1_299' title='bbox 2553 1330 2746 1400; x_wconf 80' lang='lat' dir='ltr'><strong>pop&#39;ulo</strong></span> <span class='ocrx_word' id='word_1_300' title='bbox 2781 1331 2896 1400; x_wconf 88' lang='lat' dir='ltr'><strong>ejus</strong></span> <span class='ocrx_word' id='word_1_301' title='bbox 2953 1332 3006 1384; x_wconf 87' lang='lat' dir='ltr'><strong>in</strong></span> <span class='ocrx_word' id='word_1_302' title='bbox 3030 1317 3602 1402; x_wconf 49' lang='lat' dir='ltr'><strong>rentissioncm‘perra-</strong></span> 
     </span>
    </p>
   </div>
   <div class='ocr_carea' id='block_1_43' title="bbox 2029 1405 3619 1492">
    <p class='ocr_par' dir='ltr' id='par_1_43' title="bbox 2029 1405 3619 1492">
     <span class='ocr_line' id='line_1_43' title="bbox 2029 1405 3619 1492; baseline -0.001 -17"><span class='ocrx_word' id='word_1_303' title='bbox 2029 1430 2207 1475; x_wconf 89' lang='lat' dir='ltr'><strong>torum</strong></span> <span class='ocrx_word' id='word_1_304' title='bbox 2271 1423 2508 1492; x_wconf 88' lang='lat' dir='ltr'><strong>ipsorum</strong></span> <span class='ocrx_word' id='word_1_305' title='bbox 2557 1423 2596 1475; x_wconf 85' lang='lat'><strong>&#39;.</strong></span> <span class='ocrx_word' id='word_1_306' title='bbox 2643 1421 2864 1477; x_wconf 57' lang='lat' dir='ltr'><strong>Praeivit</strong></span> <span class='ocrx_word' id='word_1_307' title='bbox 2907 1422 3053 1477; x_wconf 87' lang='lat' dir='ltr'><strong>enim</strong></span> <span class='ocrx_word' id='word_1_308' title='bbox 3105 1421 3350 1486; x_wconf 84' lang='lat' dir='ltr'><strong>Christo,</strong></span> <span class='ocrx_word' id='word_1_309' title='bbox 3379 1405 3432 1477; x_wconf 75' lang='grc' dir='ltr'><strong>ἓι</strong></span> <span class='ocrx_word' id='word_1_310' title='bbox 3497 1425 3619 1490; x_wconf 65' lang='lat' dir='ltr'><strong>eius</strong></span> 
     </span>
    </p>
   </div>
   <div class='ocr_carea' id='block_1_44' title="bbox 2029 1512 3618 1584">
    <p class='ocr_par' dir='ltr' id='par_1_44' title="bbox 2029 1512 3618 1584">
     <span class='ocr_line' id='line_1_44' title="bbox 2029 1512 3618 1584; baseline 0 -16"><span class='ocrx_word' id='word_1_311' title='bbox 2029 1528 2326 1582; x_wconf 67' lang='lat' dir='ltr'><strong>praecursor</strong></span> <span class='ocrx_word' id='word_1_312' title='bbox 2347 1514 2523 1568; x_wconf 82' lang='lat' dir='ltr'><strong>factus</strong></span> <span class='ocrx_word' id='word_1_313' title='bbox 2538 1512 2718 1570; x_wconf 85' lang='lat' dir='ltr'><strong>est.Et</strong></span> <span class='ocrx_word' id='word_1_314' title='bbox 2735 1515 2929 1584; x_wconf 82' lang='lat' dir='ltr'><strong>edixit,</strong></span> <span class='ocrx_word' id='word_1_315' title='bbox 2947 1527 3000 1568; x_wconf 91' lang='lat' dir='ltr'><strong>ut</strong></span> <span class='ocrx_word' id='word_1_316' title='bbox 3019 1524 3346 1584; x_wconf 81' lang='lat' dir='ltr'><strong>pararentur</strong></span> <span class='ocrx_word' id='word_1_317' title='bbox 3361 1515 3457 1569; x_wconf 72' lang='lat' dir='ltr'><strong>vim</strong></span> <span class='ocrx_word' id='word_1_318' title='bbox 3482 1516 3618 1584; x_wconf 63' lang='lat' dir='ltr'><strong>ejus.</strong></span> 
     </span>
    </p>
   </div>
   <div class='ocr_carea' id='block_1_45' title="bbox 2026 1605 3620 1676">
    <p class='ocr_par' dir='ltr' id='par_1_45' title="bbox 2026 1605 3620 1676">
     <span class='ocr_line' id='line_1_45' title="bbox 2026 1605 3620 1676; baseline 0.002 -16"><span class='ocrx_word' id='word_1_319' title='bbox 2026 1605 2092 1660; x_wconf 87' lang='lat' dir='ltr'><strong>Et</strong></span> <span class='ocrx_word' id='word_1_320' title='bbox 2141 1606 2366 1662; x_wconf 83' lang='lat' dir='ltr'><strong>verbum</strong></span> <span class='ocrx_word' id='word_1_321' title='bbox 2447 1606 2515 1661; x_wconf 89' lang='lat' dir='ltr'><strong>de</strong></span> <span class='ocrx_word' id='word_1_322' title='bbox 2559 1607 2674 1676; x_wconf 85' lang='lat' dir='ltr'><strong>ipso</strong></span> <span class='ocrx_word' id='word_1_323' title='bbox 2763 1605 3090 1676; x_wconf 76' lang='lat' dir='ltr'><strong>vaticinatus</strong></span> <span class='ocrx_word' id='word_1_324' title='bbox 3131 1617 3235 1671; x_wconf 84' lang='lat' dir='ltr'><strong>est,</strong></span> <span class='ocrx_word' id='word_1_325' title='bbox 3295 1619 3620 1663; x_wconf 78' lang='lat' dir='ltr'><strong>convertens</strong></span> 
     </span>
    </p>
   </div>
   <div class='ocr_carea' id='block_1_46' title="bbox 2029 1666 3620 1780">
    <p class='ocr_par' dir='ltr' id='par_1_46' title="bbox 2029 1666 3620 1780">
     <span class='ocr_line' id='line_1_46' title="bbox 2029 1666 3620 1780; baseline 0.002 -30"><span class='ocrx_word' id='word_1_326' title='bbox 2029 1715 2288 1771; x_wconf 54' lang='lat' dir='ltr'><strong>tanquam</strong></span> <span class='ocrx_word' id='word_1_327' title='bbox 2335 1703 2402 1754; x_wconf 93' lang='lat' dir='ltr'><strong>ad</strong></span> <span class='ocrx_word' id='word_1_328' title='bbox 2441 1700 2631 1766; x_wconf 88' lang='lat' dir='ltr'><strong>Deum,</strong></span> <span class='ocrx_word' id='word_1_329' title='bbox 2698 1699 2790 1770; x_wconf 86' lang='lat' dir='ltr'><strong>qui</strong></span> <span class='ocrx_word' id='word_1_330' title='bbox 2835 1666 3240 1780; x_wconf 40' lang='lat' dir='ltr'><strong>p-ote‘st&#39;sjustos</strong></span> <span class='ocrx_word' id='word_1_331' title='bbox 3289 1696 3500 1754; x_wconf 82' lang='lat' dir='ltr'><strong>eiliccre</strong></span> <span class='ocrx_word' id='word_1_332' title='bbox 3523 1716 3620 1755; x_wconf 84' lang='lat' dir='ltr'><strong>eos</strong></span> 
     </span>
    </p>
   </div>
   <div class='ocr_carea' id='block_1_47' title="bbox 2026 1771 3618 1862">
    <p class='ocr_par' dir='ltr' id='par_1_47' title="bbox 2026 1771 3618 1862">
     <span class='ocr_line' id='line_1_47' title="bbox 2026 1771 3618 1862; baseline -0.003 -16"><span class='ocrx_word' id='word_1_333' title='bbox 2026 1793 2115 1862; x_wconf 87' lang='lat' dir='ltr'><strong>qui</strong></span> <span class='ocrx_word' id='word_1_334' title='bbox 2135 1791 2185 1846; x_wconf 88' lang='lat' dir='ltr'><strong>in</strong></span> <span class='ocrx_word' id='word_1_335' title='bbox 2207 1790 2446 1861; x_wconf 88' lang='lat' dir='ltr'><strong>peccatis</strong></span> <span class='ocrx_word' id='word_1_336' title='bbox 2488 1771 3208 1862; x_wconf 43' lang='lat' dir='ltr'><strong>versabantur&#39;::Quomodo</strong></span> <span class='ocrx_word' id='word_1_337' title='bbox 3248 1790 3410 1860; x_wconf 81' lang='lat' dir='ltr'><strong>igitur</strong></span> <span class='ocrx_word' id='word_1_338' title='bbox 3461 1791 3618 1846; x_wconf 67' lang='grc' dir='ltr'><em>αιτι-</em></span> 
     </span>
    </p>
   </div>
   <div class='ocr_carea' id='block_1_48' title="bbox 2025 1853 2916 1961">
    <p class='ocr_par' dir='ltr' id='par_1_48' title="bbox 2025 1853 2916 1961">
     <span class='ocr_line' id='line_1_48' title="bbox 2025 1853 2916 1961; baseline -0.004 -20"><span class='ocrx_word' id='word_1_339' title='bbox 2025 1895 2143 1941; x_wconf 89' lang='lat' dir='ltr'><strong>stus</strong></span> <span class='ocrx_word' id='word_1_340' title='bbox 2173 1874 2280 1940; x_wconf 72' lang='lat' dir='ltr'><strong>rion</strong></span> <span class='ocrx_word' id='word_1_341' title='bbox 2336 1891 2421 1940; x_wconf 72' lang='lat' dir='ltr'><strong>est</strong></span> <span class='ocrx_word' id='word_1_342' title='bbox 2446 1883 2584 1938; x_wconf 83' lang='lat' dir='ltr'><strong>Deus</strong></span> <span class='ocrx_word' id='word_1_343' title='bbox 2607 1883 2631 1936; x_wconf 88' lang='lat'><strong>?</strong></span> <span class='ocrx_word' id='word_1_344' title='bbox 2857 1853 2916 1961; x_wconf 44' lang='lat'><strong>.9</strong></span> 
     </span>
    </p>
   </div>
   <div class='ocr_carea' id='block_1_49' title="bbox 2093 1975 3618 2048">
    <p class='ocr_par' dir='ltr' id='par_1_49' title="bbox 2093 1975 3618 2048">
     <span class='ocr_line' id='line_1_49' title="bbox 2093 1975 3618 2048; baseline -0.001 -17"><span class='ocrx_word' id='word_1_345' title='bbox 2093 1976 2420 2048; x_wconf 84' lang='lat' dir='ltr'><strong>Cognoscens</strong></span> <span class='ocrx_word' id='word_1_346' title='bbox 2478 1985 2652 2031; x_wconf 84' lang='lat' dir='ltr'><strong>autem</strong></span> <span class='ocrx_word' id='word_1_347' title='bbox 2683 1975 2838 2030; x_wconf 83' lang='lat' dir='ltr'><strong>Jesus</strong></span> <span class='ocrx_word' id='word_1_348' title='bbox 2895 1977 3239 2048; x_wconf 74' lang='lat' dir='ltr'><strong>cogitationes</strong></span> <span class='ocrx_word' id='word_1_349' title='bbox 3270 1992 3475 2040; x_wconf 89' lang='lat' dir='ltr'><strong>eorum,</strong></span> <span class='ocrx_word' id='word_1_350' title='bbox 3536 1991 3618 2030; x_wconf 88' lang='lat' dir='ltr'><strong>re-</strong></span> 
     </span>
    </p>
   </div>
   <div class='ocr_carea' id='block_1_50' title="bbox 2022 2071 3614 2142">
    <p class='ocr_par' dir='ltr' id='par_1_50' title="bbox 2022 2071 3614 2142">
     <span class='ocr_line' id='line_1_50' title="bbox 2022 2071 3614 2142; baseline -0.001 -16"><span class='ocrx_word' id='word_1_351' title='bbox 2022 2071 2234 2141; x_wconf 66' lang='lat' dir='ltr'><strong>Spondit</strong></span> <span class='ocrx_word' id='word_1_352' title='bbox 2265 2071 2444 2127; x_wconf 79' lang='lat' dir='ltr'><strong>dicens</strong></span> <span class='ocrx_word' id='word_1_353' title='bbox 2467 2072 2537 2125; x_wconf 86' lang='lat' dir='ltr'><strong>ad</strong></span> <span class='ocrx_word' id='word_1_354' title='bbox 2563 2087 2687 2127; x_wconf 82' lang='lat' dir='ltr'><strong>eos:</strong></span> <span class='ocrx_word' id='word_1_355' title='bbox 2719 2071 2860 2137; x_wconf 87' lang='lat' dir='ltr'><strong>Quid</strong></span> <span class='ocrx_word' id='word_1_356' title='bbox 2907 2083 2984 2127; x_wconf 86' lang='lat' dir='ltr'><strong>est</strong></span> <span class='ocrx_word' id='word_1_357' title='bbox 3006 2073 3215 2142; x_wconf 75' lang='lat' dir='ltr'><strong>facilius</strong></span> <span class='ocrx_word' id='word_1_358' title='bbox 3278 2073 3470 2139; x_wconf 82' lang='lat' dir='ltr'><strong>dicere,</strong></span> <span class='ocrx_word' id='word_1_359' title='bbox 3517 2071 3614 2126; x_wconf 86' lang='lat' dir='ltr'><strong>Di-</strong></span> 
     </span>
    </p>
   </div>
   <div class='ocr_carea' id='block_1_51' title="bbox 2022 2161 3610 2232">
    <p class='ocr_par' dir='ltr' id='par_1_51' title="bbox 2022 2161 3610 2232">
     <span class='ocr_line' id='line_1_51' title="bbox 2022 2161 3610 2232; baseline 0.001 -18"><span class='ocrx_word' id='word_1_360' title='bbox 2022 2161 2306 2215; x_wconf 81' lang='lat' dir='ltr'><strong>mittuntur</strong></span> <span class='ocrx_word' id='word_1_361' title='bbox 2335 2161 2429 2214; x_wconf 86' lang='lat' dir='ltr'><strong>tibi</strong></span> <span class='ocrx_word' id='word_1_362' title='bbox 2460 2171 2676 2230; x_wconf 72' lang='lat' dir='ltr'><strong>peccata</strong></span> <span class='ocrx_word' id='word_1_363' title='bbox 2709 2171 2822 2224; x_wconf 91' lang='lat' dir='ltr'><strong>tua,</strong></span> <span class='ocrx_word' id='word_1_364' title='bbox 2845 2178 2917 2228; x_wconf 87' lang='lat' dir='ltr'><strong>an</strong></span> <span class='ocrx_word' id='word_1_365' title='bbox 2962 2163 3156 2226; x_wconf 81' lang='lat' dir='ltr'><strong>dicere,</strong></span> <span class='ocrx_word' id='word_1_366' title='bbox 3184 2163 3373 2232; x_wconf 84' lang='lat' dir='ltr'><strong>Surge,</strong></span> <span class='ocrx_word' id='word_1_367' title='bbox 3409 2173 3458 2216; x_wconf 89' lang='lat' dir='ltr'><strong>et</strong></span> <span class='ocrx_word' id='word_1_368' title='bbox 3490 2181 3610 2216; x_wconf 84' lang='lat' dir='ltr'><strong>am-</strong></span> 
     </span>
    </p>
   </div>
   <div class='ocr_carea' id='block_1_52' title="bbox 2023 2233 3615 2322">
    <p class='ocr_par' dir='ltr' id='par_1_52' title="bbox 2023 2233 3615 2322">
     <span class='ocr_line' id='line_1_52' title="bbox 2023 2233 3615 2322; baseline 0.002 -15"><span class='ocrx_word' id='word_1_369' title='bbox 2023 2253 2188 2309; x_wconf 80' lang='lat' dir='ltr'><strong>bula?</strong></span> <span class='ocrx_word' id='word_1_370' title='bbox 2221 2252 2288 2307; x_wconf 89' lang='lat' dir='ltr'><strong>Ut</strong></span> <span class='ocrx_word' id='word_1_371' title='bbox 2311 2262 2485 2306; x_wconf 88' lang='lat' dir='ltr'><strong>autem</strong></span> <span class='ocrx_word' id='word_1_372' title='bbox 2517 2255 2725 2317; x_wconf 85' lang='lat' dir='ltr'><strong>sciat&#39;s,</strong></span> <span class='ocrx_word' id='word_1_373' title='bbox 2760 2233 2983 2308; x_wconf 51' lang='lat' dir='ltr'><strong>&quot;Filium</strong></span> <span class='ocrx_word' id='word_1_374' title='bbox 3036 2254 3264 2307; x_wconf 77' lang='lat' dir='ltr'><strong>hominis</strong></span> <span class='ocrx_word' id='word_1_375' title='bbox 3299 2253 3488 2308; x_wconf 86' lang='lat' dir='ltr'><strong>habere</strong></span> <span class='ocrx_word' id='word_1_376' title='bbox 3517 2271 3615 2322; x_wconf 81' lang='lat' dir='ltr'><strong>po-</strong></span> 
     </span>
    </p>
   </div>
   <div class='ocr_carea' id='block_1_53' title="bbox 2021 2330 3698 2417">
    <p class='ocr_par' dir='ltr' id='par_1_53' title="bbox 2021 2330 3698 2417">
     <span class='ocr_line' id='line_1_53' title="bbox 2021 2330 3698 2417; baseline 0.002 -19"><span class='ocrx_word' id='word_1_377' title='bbox 2021 2353 2258 2399; x_wconf 86' lang='lat' dir='ltr'><strong>testatem</strong></span> <span class='ocrx_word' id='word_1_378' title='bbox 2299 2344 2354 2398; x_wconf 89' lang='lat' dir='ltr'><strong>in</strong></span> <span class='ocrx_word' id='word_1_379' title='bbox 2397 2353 2539 2398; x_wconf 81' lang='lat' dir='ltr'><strong>terra</strong></span> <span class='ocrx_word' id='word_1_380' title='bbox 2587 2330 2889 2398; x_wconf 55' lang='lat' dir='ltr'><strong>dimitt’endi</strong></span> <span class='ocrx_word' id='word_1_381' title='bbox 2958 2354 3199 2414; x_wconf 83' lang='lat' dir='ltr'><strong>peccata,</strong></span> <span class='ocrx_word' id='word_1_382' title='bbox 3243 2346 3379 2400; x_wconf 78' lang='lat' dir='ltr'><strong>dixit</strong></span> <span class='ocrx_word' id='word_1_383' title='bbox 3401 2348 3618 2417; x_wconf 79' lang='lat' dir='ltr'><strong>paraly-</strong></span> <span class='ocrx_word' id='word_1_384' title='bbox 3694 2399 3698 2402; x_wconf 86' lang='lat'><strong>.</strong></span> 
     </span>
    </p>
   </div>
   <div class='ocr_carea' id='block_1_54' title="bbox 2021 2427 3617 2509">
    <p class='ocr_par' dir='ltr' id='par_1_54' title="bbox 2021 2427 3617 2509">
     <span class='ocr_line' id='line_1_54' title="bbox 2021 2427 3617 2509; baseline -0.001 -18"><span class='ocrx_word' id='word_1_385' title='bbox 2021 2437 2124 2491; x_wconf 87' lang='lat' dir='ltr'><strong>tico</strong></span> <span class='ocrx_word' id='word_1_386' title='bbox 2159 2451 2178 2491; x_wconf 91' lang='lat'><strong><em>:</em></strong></span> <span class='ocrx_word' id='word_1_387' title='bbox 2211 2434 2332 2496; x_wconf 83' lang='lat' dir='ltr'><strong>Tibi</strong></span> <span class='ocrx_word' id='word_1_388' title='bbox 2359 2436 2504 2504; x_wconf 83' lang='lat' dir='ltr'><strong>dico,</strong></span> <span class='ocrx_word' id='word_1_389' title='bbox 2533 2427 2794 2506; x_wconf 47' lang='lat' dir='ltr'><strong>surgefet</strong></span> <span class='ocrx_word' id='word_1_390' title='bbox 2820 2439 3056 2503; x_wconf 86' lang='lat' dir='ltr'><strong>ambula,</strong></span> <span class='ocrx_word' id='word_1_391' title='bbox 3085 2448 3132 2492; x_wconf 88' lang='lat' dir='ltr'><strong>et</strong></span> <span class='ocrx_word' id='word_1_392' title='bbox 3157 2437 3378 2509; x_wconf 83' lang='lat' dir='ltr'><strong>grabato</strong></span> <span class='ocrx_word' id='word_1_393' title='bbox 3412 2439 3617 2491; x_wconf 83' lang='lat' dir='ltr'><strong>sublato</strong></span> 
     </span>
    </p>
   </div>
   <div class='ocr_carea' id='block_1_55' title="bbox 2022 2528 3614 2586">
    <p class='ocr_par' dir='ltr' id='par_1_55' title="bbox 2022 2528 3614 2586">
     <span class='ocr_line' id='line_1_55' title="bbox 2022 2528 3614 2586; baseline -0.001 0"><span class='ocrx_word' id='word_1_394' title='bbox 2022 2531 2152 2586; x_wconf 80' lang='lat' dir='ltr'><strong>vade</strong></span> <span class='ocrx_word' id='word_1_395' title='bbox 2174 2531 2229 2585; x_wconf 90' lang='lat' dir='ltr'><strong>in</strong></span> <span class='ocrx_word' id='word_1_396' title='bbox 2255 2530 2472 2584; x_wconf 88' lang='lat' dir='ltr'><strong>domum</strong></span> <span class='ocrx_word' id='word_1_397' title='bbox 2515 2538 2660 2583; x_wconf 89' lang='lat' dir='ltr'><strong>tuam</strong></span> <span class='ocrx_word' id='word_1_398' title='bbox 2692 2532 2736 2584; x_wconf 77' lang='grc'><strong>⁸.</strong></span> <span class='ocrx_word' id='word_1_399' title='bbox 2764 2528 2820 2584; x_wconf 92' lang='lat' dir='ltr'><strong>Si</strong></span> <span class='ocrx_word' id='word_1_400' title='bbox 2849 2531 2996 2585; x_wconf 90' lang='lat' dir='ltr'><strong>solus</strong></span> <span class='ocrx_word' id='word_1_401' title='bbox 3015 2546 3112 2586; x_wconf 88' lang='lat' dir='ltr'><strong>nos</strong></span> <span class='ocrx_word' id='word_1_402' title='bbox 3164 2545 3345 2584; x_wconf 86' lang='lat' dir='ltr'><strong>rerum</strong></span> <span class='ocrx_word' id='word_1_403' title='bbox 3373 2529 3614 2586; x_wconf 85' lang='lat' dir='ltr'><strong>omnium</strong></span> 
     </span>
    </p>
   </div>
   <div class='ocr_carea' id='block_1_56' title="bbox 2021 2624 3616 2697">
    <p class='ocr_par' dir='ltr' id='par_1_56' title="bbox 2021 2624 3616 2697">
     <span class='ocr_line' id='line_1_56' title="bbox 2021 2624 3616 2697; baseline -0.002 -16"><span class='ocrx_word' id='word_1_404' title='bbox 2021 2628 2164 2683; x_wconf 91' lang='lat' dir='ltr'><strong>Deus</strong></span> <span class='ocrx_word' id='word_1_405' title='bbox 2193 2626 2388 2682; x_wconf 85' lang='lat' dir='ltr'><strong>liberat</strong></span> <span class='ocrx_word' id='word_1_406' title='bbox 2423 2641 2452 2680; x_wconf 92' lang='lat' dir='ltr'><strong>a</strong></span> <span class='ocrx_word' id='word_1_407' title='bbox 2481 2624 2746 2697; x_wconf 85' lang='lat' dir='ltr'><strong>peccatis,</strong></span> <span class='ocrx_word' id='word_1_408' title='bbox 2773 2627 2914 2696; x_wconf 88' lang='lat' dir='ltr'><strong>quod</strong></span> <span class='ocrx_word' id='word_1_409' title='bbox 2938 2625 3029 2680; x_wconf 87' lang='lat' dir='ltr'><strong>alii</strong></span> <span class='ocrx_word' id='word_1_410' title='bbox 3057 2636 3252 2695; x_wconf 66' lang='lat' dir='ltr'><strong>praeter</strong></span> <span class='ocrx_word' id='word_1_411' title='bbox 3275 2624 3451 2695; x_wconf 87' lang='lat' dir='ltr'><strong>ipsum</strong></span> <span class='ocrx_word' id='word_1_412' title='bbox 3483 2639 3616 2678; x_wconf 82' lang='lat' dir='ltr'><strong>con-</strong></span> 
     </span>
    </p>
   </div>
   <div class='ocr_carea' id='block_1_57' title="bbox 2020 2716 3614 2790">
    <p class='ocr_par' dir='ltr' id='par_1_57' title="bbox 2020 2716 3614 2790">
     <span class='ocr_line' id='line_1_57' title="bbox 2020 2716 3614 2790; baseline -0.003 -17"><span class='ocrx_word' id='word_1_413' title='bbox 2020 2719 2164 2790; x_wconf 80' lang='lat' dir='ltr'><strong>gruit</strong></span> <span class='ocrx_word' id='word_1_414' title='bbox 2187 2717 2416 2785; x_wconf 81' lang='lat' dir='ltr'><strong>nemini,</strong></span> <span class='ocrx_word' id='word_1_415' title='bbox 2447 2717 2554 2776; x_wconf 88' lang='lat' dir='ltr'><strong>hoc</strong></span> <span class='ocrx_word' id='word_1_416' title='bbox 2596 2728 2782 2773; x_wconf 87' lang='lat' dir='ltr'><strong>autem</strong></span> <span class='ocrx_word' id='word_1_417' title='bbox 2800 2716 3061 2789; x_wconf 82' lang='lat' dir='ltr'><strong>elargitnr</strong></span> <span class='ocrx_word' id='word_1_418' title='bbox 3092 2717 3339 2772; x_wconf 81' lang='lat' dir='ltr'><strong>Christus</strong></span> <span class='ocrx_word' id='word_1_419' title='bbox 3370 2730 3493 2770; x_wconf 90' lang='lat' dir='ltr'><strong>cum</strong></span> <span class='ocrx_word' id='word_1_420' title='bbox 3515 2728 3614 2769; x_wconf 85' lang='lat' dir='ltr'><strong>au-</strong></span> 
     </span>
    </p>
   </div>
   <div class='ocr_carea' id='block_1_58' title="bbox 2020 2805 3611 2882">
    <p class='ocr_par' dir='ltr' id='par_1_58' title="bbox 2020 2805 3611 2882">
     <span class='ocr_line' id='line_1_58' title="bbox 2020 2805 3611 2882; baseline -0.003 -16"><span class='ocrx_word' id='word_1_421' title='bbox 2020 2812 2275 2866; x_wconf 87' lang='lat' dir='ltr'><strong>ctoritate</strong></span> <span class='ocrx_word' id='word_1_422' title='bbox 2299 2811 2407 2866; x_wconf 91' lang='lat' dir='ltr'><strong>Deo</strong></span> <span class='ocrx_word' id='word_1_423' title='bbox 2424 2817 2777 2882; x_wconf 74' lang='lat' dir='ltr'><strong>congruente,</strong></span> <span class='ocrx_word' id='word_1_424' title='bbox 2798 2810 2890 2878; x_wconf 82' lang='lat' dir='ltr'><strong>qut</strong></span> <span class='ocrx_word' id='word_1_425' title='bbox 2907 2809 3022 2866; x_wconf 82' lang='lat' dir='ltr'><strong>ﬁeri</strong></span> <span class='ocrx_word' id='word_1_426' title='bbox 3047 2817 3244 2880; x_wconf 88' lang='lat' dir='ltr'><strong>potest,</strong></span> <span class='ocrx_word' id='word_1_427' title='bbox 3266 2817 3322 2863; x_wconf 90' lang='lat' dir='ltr'><strong>ut</strong></span> <span class='ocrx_word' id='word_1_428' title='bbox 3346 2805 3490 2862; x_wconf 82' lang='lat' dir='ltr'><strong>Deus</strong></span> <span class='ocrx_word' id='word_1_429' title='bbox 3505 2821 3611 2862; x_wconf 89' lang='lat' dir='ltr'><strong>non</strong></span> 
     </span>
    </p>
   </div>
   <div class='ocr_carea' id='block_1_59' title="bbox 2020 2900 3617 2973">
    <p class='ocr_par' dir='ltr' id='par_1_59' title="bbox 2020 2900 3617 2973">
     <span class='ocr_line' id='line_1_59' title="bbox 2020 2900 3617 2973; baseline -0.002 -14"><span class='ocrx_word' id='word_1_430' title='bbox 2020 2904 2091 2959; x_wconf 88' lang='lat' dir='ltr'><strong>sit</strong></span> <span class='ocrx_word' id='word_1_431' title='bbox 2119 2903 2145 2958; x_wconf 80' lang='lat'><strong>?</strong></span> <span class='ocrx_word' id='word_1_432' title='bbox 2205 2901 2442 2960; x_wconf 81' lang='lat' dir='ltr'><strong>Vocatus</strong></span> <span class='ocrx_word' id='word_1_433' title='bbox 2465 2912 2549 2960; x_wconf 80' lang='lat' dir='ltr'><strong>est</strong></span> <span class='ocrx_word' id='word_1_434' title='bbox 2592 2910 2773 2957; x_wconf 85' lang='lat' dir='ltr'><strong>autem</strong></span> <span class='ocrx_word' id='word_1_435' title='bbox 2795 2900 2966 2958; x_wconf 86' lang='lat' dir='ltr'><strong>Filius</strong></span> <span class='ocrx_word' id='word_1_436' title='bbox 3000 2902 3260 2966; x_wconf 89' lang='lat' dir='ltr'><strong>hominis,</strong></span> <span class='ocrx_word' id='word_1_437' title='bbox 3287 2901 3414 2971; x_wconf 87' lang='lat' dir='ltr'><strong>quia</strong></span> <span class='ocrx_word' id='word_1_438' title='bbox 3441 2917 3617 2973; x_wconf 87' lang='lat' dir='ltr'><strong>quan-</strong></span> 
     </span>
    </p>
   </div>
   <div class='ocr_carea' id='block_1_60' title="bbox 2023 2993 3612 3062">
    <p class='ocr_par' dir='ltr' id='par_1_60' title="bbox 2023 2993 3612 3062">
     <span class='ocr_line' id='line_1_60' title="bbox 2023 2993 3612 3062; baseline 0.001 -15"><span class='ocrx_word' id='word_1_439' title='bbox 2023 3003 2133 3048; x_wconf 87' lang='lat' dir='ltr'><strong>tum</strong></span> <span class='ocrx_word' id='word_1_440' title='bbox 2153 2995 2220 3050; x_wconf 87' lang='lat' dir='ltr'><strong>ad</strong></span> <span class='ocrx_word' id='word_1_441' title='bbox 2241 3007 2456 3050; x_wconf 86' lang='lat' dir='ltr'><strong>carnem</strong></span> <span class='ocrx_word' id='word_1_442' title='bbox 2479 2993 2692 3062; x_wconf 88' lang='lat' dir='ltr'><strong>attinet,</strong></span> <span class='ocrx_word' id='word_1_443' title='bbox 2708 3003 2890 3050; x_wconf 90' lang='lat' dir='ltr'><strong>natum</strong></span> <span class='ocrx_word' id='word_1_444' title='bbox 2910 3003 2990 3052; x_wconf 86' lang='lat' dir='ltr'><strong>est</strong></span> <span class='ocrx_word' id='word_1_445' title='bbox 3011 3009 3079 3051; x_wconf 77' lang='lat' dir='ltr'><strong>ex</strong></span> <span class='ocrx_word' id='word_1_446' title='bbox 3100 2993 3328 3052; x_wconf 83' lang='lat' dir='ltr'><strong>muliere</strong></span> <span class='ocrx_word' id='word_1_447' title='bbox 3352 2994 3612 3062; x_wconf 83' lang='lat' dir='ltr'><strong>Verbum,</strong></span> 
     </span>
    </p>
   </div>
   <div class='ocr_carea' id='block_1_61' title="bbox 333 3081 2486 3158">
    <p class='ocr_par' dir='ltr' id='par_1_61' title="bbox 333 3081 2486 3158">
     <span class='ocr_line' id='line_1_61' title="bbox 333 3081 2486 3158; baseline 0.009 -25"><span class='ocrx_word' id='word_1_448' title='bbox 333 3097 425 3134; x_wconf 85' lang='grc' dir='ltr'><strong>ται</strong></span> <span class='ocrx_word' id='word_1_449' title='bbox 464 3081 520 3134; x_wconf 84' lang='grc' dir='ltr'><em>δὲ</em></span> <span class='ocrx_word' id='word_1_450' title='bbox 561 3081 692 3146; x_wconf 79' lang='grc' dir='ltr'><strong>Υἱὸς</strong></span> <span class='ocrx_word' id='word_1_451' title='bbox 724 3082 1017 3153; x_wconf 80' lang='grc' dir='ltr'><strong>ἀνθρώπου</strong></span> <span class='ocrx_word' id='word_1_452' title='bbox 1055 3085 1340 3155; x_wconf 71' lang='grc' dir='ltr'><em>γεννηθεὶς</em></span> <span class='ocrx_word' id='word_1_453' title='bbox 1373 3088 1437 3142; x_wconf 75' lang='grc' dir='ltr'>ἐκ</span> <span class='ocrx_word' id='word_1_454' title='bbox 1472 3089 1732 3158; x_wconf 72' lang='grc' dir='ltr'><em>γυναικὸς</em></span> <span class='ocrx_word' id='word_1_455' title='bbox 1773 3095 1917 3149; x_wconf 79' lang='grc' dir='ltr'><em>κατὰ</em></span> <span class='ocrx_word' id='word_1_456' title='bbox 1945 3093 1987 3152; x_wconf 86' lang='lat' dir='ltr'><strong><em>C</em></strong></span> <span class='ocrx_word' id='word_1_457' title='bbox 2021 3087 2291 3140; x_wconf 59' lang='grc' dir='ltr'><strong>οκδίεῑοηε</strong></span> <span class='ocrx_word' id='word_1_458' title='bbox 2320 3083 2486 3140; x_wconf 61' lang='lat' dir='ltr'><strong>DNS-</strong></span> 
     </span>
    </p>
   </div>
   <div class='ocr_carea' id='block_1_62' title="bbox 335 3170 1295 3243">
    <p class='ocr_par' dir='ltr' id='par_1_62' title="bbox 335 3170 1295 3243">
     <span class='ocr_line' id='line_1_62' title="bbox 335 3170 1295 3243; baseline 0.007 -20"><span class='ocrx_word' id='word_1_459' title='bbox 335 3170 538 3242; x_wconf 80' lang='grc' dir='ltr'><em>σάρκα,</em></span> <span class='ocrx_word' id='word_1_460' title='bbox 572 3173 750 3226; x_wconf 83' lang='grc' dir='ltr'><em>καίτοι</em></span> <span class='ocrx_word' id='word_1_461' title='bbox 784 3173 916 3236; x_wconf 73' lang='grc' dir='ltr'><em>Θεὸς</em></span> <span class='ocrx_word' id='word_1_462' title='bbox 943 3174 1018 3227; x_wconf 82' lang='grc' dir='ltr'><strong>ὢν</strong></span> <span class='ocrx_word' id='word_1_463' title='bbox 1045 3175 1072 3227; x_wconf 95' lang='lat'><strong>6</strong></span> <span class='ocrx_word' id='word_1_464' title='bbox 1102 3175 1295 3243; x_wconf 79' lang='grc' dir='ltr'><strong>Λόγος.</strong></span> 
     </span>
    </p>
   </div>
   <div class='ocr_carea' id='block_1_63' title="bbox 397 3264 1916 3332">
    <p class='ocr_par' dir='ltr' id='par_1_63' title="bbox 397 3264 1916 3332">
     <span class='ocr_line' id='line_1_63' title="bbox 397 3264 1916 3332; baseline 0.008 -14"><span class='ocrx_word' id='word_1_465' title='bbox 397 3265 586 3330; x_wconf 81' lang='grc' dir='ltr'><em>Αὐτὸς</em></span> <span class='ocrx_word' id='word_1_466' title='bbox 615 3264 684 3318; x_wconf 85' lang='grc' dir='ltr'><em>δὲ</em></span> <span class='ocrx_word' id='word_1_467' title='bbox 714 3266 748 3319; x_wconf 84' lang='grc' dir='ltr'><strong>ἀ</strong></span> <span class='ocrx_word' id='word_1_468' title='bbox 782 3264 1026 3332; x_wconf 81' lang='grc' dir='ltr'>Ἰησοῦς</span> <span class='ocrx_word' id='word_1_469' title='bbox 1057 3267 1169 3320; x_wconf 78' lang='grc' dir='ltr'><strong>οὐκ</strong></span> <span class='ocrx_word' id='word_1_470' title='bbox 1199 3268 1568 3324; x_wconf 80' lang='grc' dir='ltr'><strong>ἐπίστευσεν</strong></span> <span class='ocrx_word' id='word_1_471' title='bbox 1597 3272 1784 3326; x_wconf 72' lang='grc' dir='ltr'><em>αὐτὸν</em></span> <span class='ocrx_word' id='word_1_472' title='bbox 1808 3279 1916 3330; x_wconf 79' lang='grc' dir='ltr'><strong>οὐ·</strong></span> 
     </span>
    </p>
   </div>
   <div class='ocr_carea' id='block_1_64' title="bbox 331 3354 1914 3434">
    <p class='ocr_par' dir='ltr' id='par_1_64' title="bbox 331 3354 1914 3434">
     <span class='ocr_line' id='line_1_64' title="bbox 331 3354 1914 3434; baseline 0.007 -26"><span class='ocrx_word' id='word_1_473' title='bbox 331 3354 460 3420; x_wconf 84' lang='grc' dir='ltr'><em>τοῖς</em></span> <span class='ocrx_word' id='word_1_474' title='bbox 491 3355 587 3408; x_wconf 86' lang='grc' dir='ltr'><strong>διὰ</strong></span> <span class='ocrx_word' id='word_1_475' title='bbox 618 3356 686 3410; x_wconf 87' lang='grc' dir='ltr'><em>τὸ</em></span> <span class='ocrx_word' id='word_1_476' title='bbox 720 3355 910 3410; x_wconf 83' lang='grc' dir='ltr'><em>αὑτὸν</em></span> <span class='ocrx_word' id='word_1_477' title='bbox 938 3356 1257 3434; x_wconf 79' lang='grc' dir='ltr'><em>γινώσκειν</em></span> <span class='ocrx_word' id='word_1_478' title='bbox 1285 3357 1552 3426; x_wconf 81' lang='grc' dir='ltr'><em>πάντας,</em></span> <span class='ocrx_word' id='word_1_479' title='bbox 1585 3362 1684 3416; x_wconf 73' lang='grc' dir='ltr'><strong>καὶ</strong></span> <span class='ocrx_word' id='word_1_480' title='bbox 1718 3362 1807 3417; x_wconf 88' lang='grc' dir='ltr'><em>ὅτι</em></span> <span class='ocrx_word' id='word_1_481' title='bbox 1842 3367 1914 3421; x_wconf 86' lang='grc' dir='ltr'><strong>οὐ</strong></span> 
     </span>
    </p>
   </div>
   <div class='ocr_carea' id='block_1_65' title="bbox 332 3444 1916 3526">
    <p class='ocr_par' dir='ltr' id='par_1_65' title="bbox 332 3444 1916 3526">
     <span class='ocr_line' id='line_1_65' title="bbox 332 3444 1916 3526; baseline 0.006 -25"><span class='ocrx_word' id='word_1_482' title='bbox 332 3449 543 3518; x_wconf 81' lang='grc' dir='ltr'><em>χρείαν</em></span> <span class='ocrx_word' id='word_1_483' title='bbox 565 3444 749 3516; x_wconf 71' lang='grc' dir='ltr'><em>εἶχεν,</em></span> <span class='ocrx_word' id='word_1_484' title='bbox 779 3449 879 3503; x_wconf 74' lang='grc' dir='ltr'><em>ἵνα</em></span> <span class='ocrx_word' id='word_1_485' title='bbox 904 3469 994 3518; x_wconf 87' lang='grc' dir='ltr'><strong>τις</strong></span> <span class='ocrx_word' id='word_1_486' title='bbox 1017 3451 1372 3522; x_wconf 74' lang='grc' dir='ltr'><em>μαρτυρήσῃ</em></span> <span class='ocrx_word' id='word_1_487' title='bbox 1400 3453 1534 3523; x_wconf 70' lang='grc' dir='ltr'><em>περὶ</em></span> <span class='ocrx_word' id='word_1_488' title='bbox 1562 3454 1669 3509; x_wconf 86' lang='grc' dir='ltr'><em>τοῦ</em></span> <span class='ocrx_word' id='word_1_489' title='bbox 1694 3455 1916 3526; x_wconf 72' lang='grc' dir='ltr'><em>ἀνθρώ-</em></span> 
     </span>
    </p>
   </div>
   <div class='ocr_carea' id='block_1_66' title="bbox 332 3539 1910 3616">
    <p class='ocr_par' dir='ltr' id='par_1_66' title="bbox 332 3539 1910 3616">
     <span class='ocr_line' id='line_1_66' title="bbox 332 3539 1910 3616; baseline 0.004 -21"><span class='ocrx_word' id='word_1_490' title='bbox 332 3558 471 3596; x_wconf 85' lang='grc' dir='ltr'><em>που.</em></span> <span class='ocrx_word' id='word_1_491' title='bbox 503 3541 694 3608; x_wconf 84' lang='grc' dir='ltr'><em>Αὐτὸς</em></span> <span class='ocrx_word' id='word_1_492' title='bbox 721 3541 828 3611; x_wconf 83' lang='grc' dir='ltr'><strong>γὰρ</strong></span> <span class='ocrx_word' id='word_1_493' title='bbox 853 3542 1181 3612; x_wconf 77' lang='grc' dir='ltr'><em>ἐγίνωσκε,</em></span> <span class='ocrx_word' id='word_1_494' title='bbox 1211 3544 1267 3596; x_wconf 85' lang='grc' dir='ltr'><strong>τί</strong></span> <span class='ocrx_word' id='word_1_495' title='bbox 1293 3539 1370 3614; x_wconf 82' lang='grc' dir='ltr'><em>ἦν</em></span> <span class='ocrx_word' id='word_1_496' title='bbox 1393 3545 1463 3598; x_wconf 86' lang='grc' dir='ltr'><em>ἐν</em></span> <span class='ocrx_word' id='word_1_497' title='bbox 1492 3545 1571 3611; x_wconf 82' lang='grc' dir='ltr'><em>τῷ</em></span> <span class='ocrx_word' id='word_1_498' title='bbox 1601 3546 1910 3616; x_wconf 82' lang='grc' dir='ltr'><strong>ἀνθρώπῳ.</strong></span> 
     </span>
    </p>
   </div>
   <div class='ocr_carea' id='block_1_67' title="bbox 331 3634 1913 3709">
    <p class='ocr_par' dir='ltr' id='par_1_67' title="bbox 331 3634 1913 3709">
     <span class='ocr_line' id='line_1_67' title="bbox 331 3634 1913 3709; baseline 0.003 -20"><span class='ocrx_word' id='word_1_499' title='bbox 331 3637 469 3705; x_wconf 78' lang='grc' dir='ltr'><em>Περὶ</em></span> <span class='ocrx_word' id='word_1_500' title='bbox 497 3634 630 3688; x_wconf 85' lang='grc' dir='ltr'>Θεοῦ</span> <span class='ocrx_word' id='word_1_501' title='bbox 661 3634 998 3704; x_wconf 77' lang='grc' dir='ltr'><em>γέγραπται,</em></span> <span class='ocrx_word' id='word_1_502' title='bbox 1038 3636 1103 3690; x_wconf 91' lang='lat'><strong>&#39;0</strong></span> <span class='ocrx_word' id='word_1_503' title='bbox 1130 3636 1382 3702; x_wconf 72' lang='grc' dir='ltr'><em>πλάσας</em></span> <span class='ocrx_word' id='word_1_504' title='bbox 1410 3637 1563 3692; x_wconf 82' lang='grc' dir='ltr'><em>κατὰ</em></span> <span class='ocrx_word' id='word_1_505' title='bbox 1585 3640 1780 3709; x_wconf 82' lang='grc' dir='ltr'><em>μόνας</em></span> <span class='ocrx_word' id='word_1_506' title='bbox 1803 3641 1913 3708; x_wconf 79' lang='grc' dir='ltr'><em>τὰς</em></span> 
     </span>
    </p>
   </div>
   <div class='ocr_carea' id='block_1_68' title="bbox 331 3728 1910 3803">
    <p class='ocr_par' dir='ltr' id='par_1_68' title="bbox 331 3728 1910 3803">
     <span class='ocr_line' id='line_1_68' title="bbox 331 3728 1910 3803; baseline -0.001 -19"><span class='ocrx_word' id='word_1_507' title='bbox 331 3729 580 3800; x_wconf 78' lang='grc' dir='ltr'><em>καρδίας</em></span> <span class='ocrx_word' id='word_1_508' title='bbox 620 3728 841 3783; x_wconf 82' lang='grc' dir='ltr'><em>αὐτῶν.</em></span> <span class='ocrx_word' id='word_1_509' title='bbox 883 3729 992 3784; x_wconf 83' lang='grc' dir='ltr'><strong>Καὶ</strong></span> <span class='ocrx_word' id='word_1_510' title='bbox 1035 3729 1196 3794; x_wconf 74' lang='grc' dir='ltr'><em>αὐτὸς</em></span> <span class='ocrx_word' id='word_1_511' title='bbox 1235 3728 1292 3782; x_wconf 77' lang='grc' dir='ltr'><em>δέ</em></span> <span class='ocrx_word' id='word_1_512' title='bbox 1332 3729 1434 3782; x_wconf 82' lang='grc' dir='ltr'>πού</span> <span class='ocrx_word' id='word_1_513' title='bbox 1477 3747 1632 3801; x_wconf 73' lang='grc' dir='ltr'><em>φησι,</em></span> <span class='ocrx_word' id='word_1_514' title='bbox 1672 3732 1767 3803; x_wconf 73' lang='grc' dir='ltr'><strong>Μὴ</strong></span> <span class='ocrx_word' id='word_1_515' title='bbox 1807 3733 1910 3787; x_wconf 84' lang='grc' dir='ltr'><em>ἀπ’</em></span> 
     </span>
    </p>
   </div>
   <div class='ocr_carea' id='block_1_69' title="bbox 329 3818 1909 3889">
    <p class='ocr_par' dir='ltr' id='par_1_69' title="bbox 329 3818 1909 3889">
     <span class='ocr_line' id='line_1_69' title="bbox 329 3818 1909 3889; baseline 0.002 -16"><span class='ocrx_word' id='word_1_516' title='bbox 329 3819 477 3889; x_wconf 78' lang='grc' dir='ltr'>ἐμοῦ</span> <span class='ocrx_word' id='word_1_517' title='bbox 506 3819 874 3888; x_wconf 77' lang='grc' dir='ltr'><em>κρυδήσεταί</em></span> <span class='ocrx_word' id='word_1_518' title='bbox 901 3835 1028 3886; x_wconf 83' lang='grc' dir='ltr'><em>τις;</em></span> <span class='ocrx_word' id='word_1_519' title='bbox 1056 3818 1119 3873; x_wconf 75' lang='lat' dir='ltr'><strong>Et</strong></span> <span class='ocrx_word' id='word_1_520' title='bbox 1147 3819 1203 3872; x_wconf 83' lang='grc' dir='ltr'><em>δὲ</em></span> <span class='ocrx_word' id='word_1_521' title='bbox 1232 3818 1441 3883; x_wconf 72' lang='grc' dir='ltr'><em>πάντας</em></span> <span class='ocrx_word' id='word_1_522' title='bbox 1470 3821 1784 3889; x_wconf 63' lang='grc' dir='ltr'><em>ἐπίσταται,</em></span> <span class='ocrx_word' id='word_1_523' title='bbox 1816 3826 1909 3878; x_wconf 67' lang='grc' dir='ltr'><strong>καὶ</strong></span> 
     </span>
    </p>
   </div>
   <div class='ocr_carea' id='block_1_70' title="bbox 328 3906 1908 3984">
    <p class='ocr_par' dir='ltr' id='par_1_70' title="bbox 328 3906 1908 3984">
     <span class='ocr_line' id='line_1_70' title="bbox 328 3906 1908 3984; baseline 0.003 -19"><span class='ocrx_word' id='word_1_524' title='bbox 328 3906 437 3966; x_wconf 76' lang='grc' dir='ltr'><em>οἶδε</em></span> <span class='ocrx_word' id='word_1_525' title='bbox 471 3913 540 3964; x_wconf 72' lang='grc' dir='ltr'>τὰ</span> <span class='ocrx_word' id='word_1_526' title='bbox 575 3913 633 3965; x_wconf 82' lang='grc' dir='ltr'><strong>ὲν</strong></span> <span class='ocrx_word' id='word_1_527' title='bbox 661 3911 738 3983; x_wconf 84' lang='grc' dir='ltr'><strong>τῷ</strong></span> <span class='ocrx_word' id='word_1_528' title='bbox 775 3911 1082 3983; x_wconf 81' lang='grc' dir='ltr'><strong>ἀνθρώπῳ,</strong></span> <span class='ocrx_word' id='word_1_529' title='bbox 1120 3912 1236 3977; x_wconf 84' lang='grc' dir='ltr'><strong>πῶς</strong></span> <span class='ocrx_word' id='word_1_530' title='bbox 1270 3913 1372 3964; x_wconf 73' lang='grc' dir='ltr'>οὐκ</span> <span class='ocrx_word' id='word_1_531' title='bbox 1408 3911 1475 3966; x_wconf 80' lang='grc' dir='ltr'><strong>ἂν</strong></span> <span class='ocrx_word' id='word_1_532' title='bbox 1506 3912 1590 3984; x_wconf 69' lang='grc' dir='ltr'><strong>εἴη</strong></span> <span class='ocrx_word' id='word_1_533' title='bbox 1631 3913 1798 3978; x_wconf 72' lang='grc' dir='ltr'><em>Θεὸς,</em></span> <span class='ocrx_word' id='word_1_534' title='bbox 1834 3917 1908 3982; x_wconf 84' lang='grc' dir='ltr'><em>ὡς</em></span> 
     </span>
    </p>
   </div>
   <div class='ocr_carea' id='block_1_71' title="bbox 329 4003 1226 4074">
    <p class='ocr_par' dir='ltr' id='par_1_71' title="bbox 329 4003 1226 4074">
     <span class='ocr_line' id='line_1_71' title="bbox 329 4003 1226 4074; baseline -0.004 -14"><span class='ocrx_word' id='word_1_535' title='bbox 329 4005 561 4073; x_wconf 60' lang='grc' dir='ltr'><em>κα;.δίας</em></span> <span class='ocrx_word' id='word_1_536' title='bbox 594 4003 798 4069; x_wconf 77' lang='grc' dir='ltr'><em>ὲτάζων</em></span> <span class='ocrx_word' id='word_1_537' title='bbox 831 4005 923 4058; x_wconf 74' lang='grc' dir='ltr'><strong>καὶ</strong></span> <span class='ocrx_word' id='word_1_538' title='bbox 955 4003 1226 4074; x_wconf 66' lang='grc' dir='ltr'><em>νεφρούς-ς</em></span> 
     </span>
    </p>
   </div>
   <div class='ocr_carea' id='block_1_72' title="bbox 411 4094 1904 4167">
    <p class='ocr_par' dir='ltr' id='par_1_72' title="bbox 411 4094 1904 4167">
     <span class='ocr_line' id='line_1_72' title="bbox 411 4094 1904 4167; baseline 0.001 -17"><span class='ocrx_word' id='word_1_539' title='bbox 411 4096 619 4165; x_wconf 75' lang='grc' dir='ltr'><em>Ἀμὴν,</em></span> <span class='ocrx_word' id='word_1_540' title='bbox 653 4094 834 4166; x_wconf 79' lang='grc' dir='ltr'><em>ἀμὴν,</em></span> <span class='ocrx_word' id='word_1_541' title='bbox 868 4096 1023 4165; x_wconf 69' lang='grc' dir='ltr'><strong>λέγω</strong></span> <span class='ocrx_word' id='word_1_542' title='bbox 1058 4095 1220 4164; x_wconf 83' lang='grc' dir='ltr'><em>ὑμῖν,</em></span> <span class='ocrx_word' id='word_1_543' title='bbox 1256 4096 1290 4150; x_wconf 83' lang='grc' dir='ltr'><strong>ἀ</strong></span> <span class='ocrx_word' id='word_1_544' title='bbox 1323 4097 1634 4150; x_wconf 85' lang='grc' dir='ltr'><em>πιστεύων</em></span> <span class='ocrx_word' id='word_1_545' title='bbox 1661 4098 1747 4164; x_wconf 85' lang='grc' dir='ltr'><strong>είς</strong></span> <span class='ocrx_word' id='word_1_546' title='bbox 1780 4097 1904 4167; x_wconf 70' lang='grc' dir='ltr'><strong>ἐμὲ,</strong></span> 
     </span>
    </p>
   </div>
   <div class='ocr_carea' id='block_1_73' title="bbox 328 4191 1904 4263">
    <p class='ocr_par' dir='ltr' id='par_1_73' title="bbox 328 4191 1904 4263">
     <span class='ocr_line' id='line_1_73' title="bbox 328 4191 1904 4263; baseline 0 -17"><span class='ocrx_word' id='word_1_547' title='bbox 328 4193 402 4246; x_wconf 80' lang='grc' dir='ltr'><strong>τὰ</strong></span> <span class='ocrx_word' id='word_1_548' title='bbox 435 4195 576 4263; x_wconf 79' lang='grc' dir='ltr'><em>ἔργα</em></span> <span class='ocrx_word' id='word_1_549' title='bbox 610 4191 649 4247; x_wconf 84' lang='grc' dir='ltr'><strong>ἀ</strong></span> <span class='ocrx_word' id='word_1_550' title='bbox 680 4193 794 4263; x_wconf 73' lang='grc' dir='ltr'><strong>ἐγὼ</strong></span> <span class='ocrx_word' id='word_1_551' title='bbox 827 4193 996 4256; x_wconf 86' lang='grc' dir='ltr'><em>ποιῶ,</em></span> <span class='ocrx_word' id='word_1_552' title='bbox 1034 4191 1312 4259; x_wconf 81' lang='grc' dir='ltr'><em>κάκεῖνος</em></span> <span class='ocrx_word' id='word_1_553' title='bbox 1346 4192 1610 4261; x_wconf 81' lang='grc' dir='ltr'><em>ποιήσει,</em></span> <span class='ocrx_word' id='word_1_554' title='bbox 1645 4193 1741 4247; x_wconf 77' lang='grc' dir='ltr'><em>καὶ</em></span> <span class='ocrx_word' id='word_1_555' title='bbox 1775 4195 1904 4262; x_wconf 78' lang='grc' dir='ltr'><em>μεί-</em></span> 
     </span>
    </p>
   </div>
   <div class='ocr_carea' id='block_1_74' title="bbox 327 4282 1906 4352">
    <p class='ocr_par' dir='ltr' id='par_1_74' title="bbox 327 4282 1906 4352">
     <span class='ocr_line' id='line_1_74' title="bbox 327 4282 1906 4352; baseline -0.001 -14"><span class='ocrx_word' id='word_1_556' title='bbox 327 4285 464 4346; x_wconf 77' lang='grc' dir='ltr'><em>ζονα</em></span> <span class='ocrx_word' id='word_1_557' title='bbox 497 4285 725 4338; x_wconf 79' lang='grc' dir='ltr'><em>τούτων</em></span> <span class='ocrx_word' id='word_1_558' title='bbox 757 4283 1032 4352; x_wconf 80' lang='grc' dir='ltr'><em>ποιήσει,</em></span> <span class='ocrx_word' id='word_1_559' title='bbox 1073 4283 1161 4338; x_wconf 80' lang='grc' dir='ltr'><strong>ὅτι</strong></span> <span class='ocrx_word' id='word_1_560' title='bbox 1198 4283 1312 4352; x_wconf 83' lang='grc' dir='ltr'><strong>ἐγὼ</strong></span> <span class='ocrx_word' id='word_1_561' title='bbox 1349 4282 1500 4351; x_wconf 87' lang='grc' dir='ltr'><em>πρὸς</em></span> <span class='ocrx_word' id='word_1_562' title='bbox 1534 4283 1640 4336; x_wconf 85' lang='grc' dir='ltr'><em>τὸν</em></span> <span class='ocrx_word' id='word_1_563' title='bbox 1676 4283 1906 4352; x_wconf 77' lang='grc' dir='ltr'><em>Πατέρα</em></span> 
     </span>
    </p>
   </div>
   <div class='ocr_carea' id='block_1_75' title="bbox 321 4375 1906 4448">
    <p class='ocr_par' dir='ltr' id='par_1_75' title="bbox 321 4375 1906 4448">
     <span class='ocr_line' id='line_1_75' title="bbox 321 4375 1906 4448; baseline 0 -18"><span class='ocrx_word' id='word_1_564' title='bbox 321 4398 442 4448; x_wconf 81' lang='grc' dir='ltr'><strong>μου</strong></span> <span class='ocrx_word' id='word_1_565' title='bbox 477 4376 834 4446; x_wconf 73' lang='grc' dir='ltr'><em>πορεύομαι,</em></span> <span class='ocrx_word' id='word_1_566' title='bbox 871 4376 968 4430; x_wconf 73' lang='grc' dir='ltr'><em>καὶ</em></span> <span class='ocrx_word' id='word_1_567' title='bbox 993 4377 1024 4429; x_wconf 88' lang='grc' dir='ltr'><em>ὅ</em></span> <span class='ocrx_word' id='word_1_568' title='bbox 1047 4393 1100 4428; x_wconf 88' lang='grc' dir='ltr'><strong>τι</strong></span> <span class='ocrx_word' id='word_1_569' title='bbox 1135 4375 1211 4429; x_wconf 85' lang='grc' dir='ltr'><em>ἂν</em></span> <span class='ocrx_word' id='word_1_570' title='bbox 1246 4375 1536 4443; x_wconf 71' lang='grc' dir='ltr'><em>αἰτήσητε</em></span> <span class='ocrx_word' id='word_1_571' title='bbox 1568 4375 1637 4429; x_wconf 83' lang='grc' dir='ltr'><em>ἐν</em></span> <span class='ocrx_word' id='word_1_572' title='bbox 1670 4375 1906 4442; x_wconf 84' lang='grc' dir='ltr'>τῷόνό-</span> 
     </span>
    </p>
   </div>
   <div class='ocr_carea' id='block_1_76' title="bbox 2088 3263 3611 3340">
    <p class='ocr_par' dir='ltr' id='par_1_76' title="bbox 2088 3263 3611 3340">
     <span class='ocr_line' id='line_1_76' title="bbox 2088 3263 3611 3340; baseline 0.004 -22"><span class='ocrx_word' id='word_1_573' title='bbox 2088 3263 2208 3332; x_wconf 74' lang='lat' dir='ltr'><strong>Ipse</strong></span> <span class='ocrx_word' id='word_1_574' title='bbox 2231 3275 2404 3319; x_wconf 89' lang='lat' dir='ltr'><strong>autem</strong></span> <span class='ocrx_word' id='word_1_575' title='bbox 2425 3266 2581 3319; x_wconf 72' lang='lat' dir='ltr'><strong>Iesus</strong></span> <span class='ocrx_word' id='word_1_576' title='bbox 2613 3281 2717 3320; x_wconf 84' lang='lat' dir='ltr'><strong>non</strong></span> <span class='ocrx_word' id='word_1_577' title='bbox 2769 3265 3013 3320; x_wconf 77' lang='lat' dir='ltr'><strong>credebat</strong></span> <span class='ocrx_word' id='word_1_578' title='bbox 3037 3282 3093 3320; x_wconf 87' lang='lat' dir='ltr'><strong>se</strong></span> <span class='ocrx_word' id='word_1_579' title='bbox 3131 3267 3299 3336; x_wconf 83' lang='lat' dir='ltr'><strong>ipsum</strong></span> <span class='ocrx_word' id='word_1_580' title='bbox 3324 3268 3398 3322; x_wconf 84' lang='lat' dir='ltr'><strong>eis</strong></span> <span class='ocrx_word' id='word_1_581' title='bbox 3420 3309 3433 3333; x_wconf 88' lang='lat'><strong>,</strong></span> <span class='ocrx_word' id='word_1_582' title='bbox 3484 3270 3611 3340; x_wconf 82' lang='lat' dir='ltr'><strong>quia</strong></span> 
     </span>
    </p>
   </div>
   <div class='ocr_carea' id='block_1_77' title="bbox 2015 3357 3613 3432">
    <p class='ocr_par' dir='ltr' id='par_1_77' title="bbox 2015 3357 3613 3432">
     <span class='ocr_line' id='line_1_77' title="bbox 2015 3357 3613 3432; baseline 0.002 -20"><span class='ocrx_word' id='word_1_583' title='bbox 2015 3358 2356 3428; x_wconf 82' lang='lat' dir='ltr'><strong>cognoscebat</strong></span> <span class='ocrx_word' id='word_1_584' title='bbox 2390 3374 2589 3420; x_wconf 84' lang='lat' dir='ltr'><strong>omnes,</strong></span> <span class='ocrx_word' id='word_1_585' title='bbox 2619 3373 2712 3412; x_wconf 83' lang='lat' dir='ltr'><strong>nec</strong></span> <span class='ocrx_word' id='word_1_586' title='bbox 2768 3373 2898 3426; x_wconf 88' lang='lat' dir='ltr'><strong>opus</strong></span> <span class='ocrx_word' id='word_1_587' title='bbox 2931 3357 3182 3423; x_wconf 85' lang='lat' dir='ltr'><strong>habebat,</strong></span> <span class='ocrx_word' id='word_1_588' title='bbox 3222 3370 3278 3415; x_wconf 89' lang='lat' dir='ltr'><strong>ut</strong></span> <span class='ocrx_word' id='word_1_589' title='bbox 3334 3361 3613 3432; x_wconf 69' lang='lat' dir='ltr'><strong>quisquam</strong></span> 
     </span>
    </p>
   </div>
   <div class='ocr_carea' id='block_1_78' title="bbox 2017 3451 3612 3525">
    <p class='ocr_par' dir='ltr' id='par_1_78' title="bbox 2017 3451 3612 3525">
     <span class='ocr_line' id='line_1_78' title="bbox 2017 3451 3612 3525; baseline 0.002 -19"><span class='ocrx_word' id='word_1_590' title='bbox 2017 3453 2371 3507; x_wconf 87' lang='lat' dir='ltr'><strong>testimonium</strong></span> <span class='ocrx_word' id='word_1_591' title='bbox 2407 3453 2490 3506; x_wconf 82' lang='lat' dir='ltr'><strong>illi</strong></span> <span class='ocrx_word' id='word_1_592' title='bbox 2527 3451 2592 3506; x_wconf 91' lang='lat' dir='ltr'><strong>de</strong></span> <span class='ocrx_word' id='word_1_593' title='bbox 2637 3452 2850 3508; x_wconf 80' lang='lat' dir='ltr'><strong>homine</strong></span> <span class='ocrx_word' id='word_1_594' title='bbox 2923 3454 3245 3523; x_wconf 78' lang='lat' dir='ltr'><strong>perhiberet.</strong></span> <span class='ocrx_word' id='word_1_595' title='bbox 3299 3452 3421 3525; x_wconf 78' lang='lat' dir='ltr'><strong>Ipse</strong></span> <span class='ocrx_word' id='word_1_596' title='bbox 3472 3456 3612 3510; x_wconf 86' lang='lat' dir='ltr'><strong>enim</strong></span> 
     </span>
    </p>
   </div>
   <div class='ocr_carea' id='block_1_79' title="bbox 2010 3541 3607 3614">
    <p class='ocr_par' dir='ltr' id='par_1_79' title="bbox 2010 3541 3607 3614">
     <span class='ocr_line' id='line_1_79' title="bbox 2010 3541 3607 3614; baseline 0.001 -17"><span class='ocrx_word' id='word_1_597' title='bbox 2010 3543 2226 3609; x_wconf 85' lang='lat' dir='ltr'><strong>sciebat,</strong></span> <span class='ocrx_word' id='word_1_598' title='bbox 2257 3541 2384 3613; x_wconf 88' lang='lat' dir='ltr'><strong>quid</strong></span> <span class='ocrx_word' id='word_1_599' title='bbox 2416 3554 2546 3597; x_wconf 57' lang='lat' dir='ltr'><strong>esset</strong></span> <span class='ocrx_word' id='word_1_600' title='bbox 2576 3543 2628 3596; x_wconf 91' lang='lat' dir='ltr'><strong>in</strong></span> <span class='ocrx_word' id='word_1_601' title='bbox 2662 3544 2871 3597; x_wconf 82' lang='lat' dir='ltr'><strong>homine</strong></span> <span class='ocrx_word' id='word_1_602' title='bbox 2896 3542 2940 3598; x_wconf 85' lang='grc'><strong>⁸.</strong></span> <span class='ocrx_word' id='word_1_603' title='bbox 3016 3545 3093 3599; x_wconf 87' lang='lat' dir='ltr'><strong>De</strong></span> <span class='ocrx_word' id='word_1_604' title='bbox 3154 3544 3264 3600; x_wconf 86' lang='lat' dir='ltr'><strong>Deo</strong></span> <span class='ocrx_word' id='word_1_605' title='bbox 3343 3547 3607 3614; x_wconf 83' lang='lat' dir='ltr'><strong>scriptum</strong></span> 
     </span>
    </p>
   </div>
   <div class='ocr_carea' id='block_1_80' title="bbox 2012 3631 3610 3705">
    <p class='ocr_par' dir='ltr' id='par_1_80' title="bbox 2012 3631 3610 3705">
     <span class='ocr_line' id='line_1_80' title="bbox 2012 3631 3610 3705; baseline -0.001 -16"><span class='ocrx_word' id='word_1_606' title='bbox 2012 3645 2094 3689; x_wconf 87' lang='lat' dir='ltr'><strong>est</strong></span> <span class='ocrx_word' id='word_1_607' title='bbox 2129 3651 2142 3687; x_wconf 93' lang='lat'><strong>:</strong></span> <span class='ocrx_word' id='word_1_608' title='bbox 2186 3634 2290 3699; x_wconf 85' lang='lat' dir='ltr'><strong>Qui</strong></span> <span class='ocrx_word' id='word_1_609' title='bbox 2320 3634 2479 3703; x_wconf 73' lang='lat' dir='ltr'><strong>finxit</strong></span> <span class='ocrx_word' id='word_1_610' title='bbox 2514 3631 2796 3703; x_wconf 84' lang='lat' dir='ltr'><strong>sigillatim</strong></span> <span class='ocrx_word' id='word_1_611' title='bbox 2825 3633 2988 3687; x_wconf 87' lang='lat' dir='ltr'><strong>corda</strong></span> <span class='ocrx_word' id='word_1_612' title='bbox 3024 3636 3260 3702; x_wconf 83' lang='lat' dir='ltr'><strong>ipsorum</strong></span> <span class='ocrx_word' id='word_1_613' title='bbox 3329 3634 3376 3688; x_wconf 73' lang='grc'><strong>⁸.</strong></span> <span class='ocrx_word' id='word_1_614' title='bbox 3416 3635 3482 3689; x_wconf 85' lang='lat' dir='ltr'><strong>Et</strong></span> <span class='ocrx_word' id='word_1_615' title='bbox 3531 3637 3610 3705; x_wconf 83' lang='lat' dir='ltr'><strong>ip-</strong></span> 
     </span>
    </p>
   </div>
   <div class='ocr_carea' id='block_1_81' title="bbox 2010 3719 3610 3794">
    <p class='ocr_par' dir='ltr' id='par_1_81' title="bbox 2010 3719 3610 3794">
     <span class='ocr_line' id='line_1_81' title="bbox 2010 3719 3610 3794; baseline 0.001 -18"><span class='ocrx_word' id='word_1_616' title='bbox 2010 3735 2071 3776; x_wconf 89' lang='lat' dir='ltr'><strong>se</strong></span> <span class='ocrx_word' id='word_1_617' title='bbox 2099 3722 2329 3790; x_wconf 81' lang='lat' dir='ltr'><strong>quodam</strong></span> <span class='ocrx_word' id='word_1_618' title='bbox 2364 3719 2482 3773; x_wconf 90' lang='lat' dir='ltr'><strong>loco</strong></span> <span class='ocrx_word' id='word_1_619' title='bbox 2519 3738 2532 3774; x_wconf 91' lang='lat'><strong>:</strong></span> <span class='ocrx_word' id='word_1_620' title='bbox 2570 3719 2736 3788; x_wconf 87' lang='lat' dir='ltr'><strong>Num,</strong></span> <span class='ocrx_word' id='word_1_621' title='bbox 2772 3722 2968 3791; x_wconf 87' lang='lat' dir='ltr'><strong>inquit,</strong></span> <span class='ocrx_word' id='word_1_622' title='bbox 2993 3737 3025 3775; x_wconf 90' lang='lat' dir='ltr'><strong>a</strong></span> <span class='ocrx_word' id='word_1_623' title='bbox 3050 3737 3130 3777; x_wconf 87' lang='lat' dir='ltr'><strong>me</strong></span> <span class='ocrx_word' id='word_1_624' title='bbox 3167 3724 3449 3794; x_wconf 85' lang='lat' dir='ltr'><strong>quisquam</strong></span> <span class='ocrx_word' id='word_1_625' title='bbox 3485 3726 3610 3779; x_wconf 82' lang='lat' dir='ltr'><strong>abs-</strong></span> 
     </span>
    </p>
   </div>
   <div class='ocr_carea' id='block_1_82' title="bbox 2015 3810 3612 3882">
    <p class='ocr_par' dir='ltr' id='par_1_82' title="bbox 2015 3810 3612 3882">
     <span class='ocr_line' id='line_1_82' title="bbox 2015 3810 3612 3882; baseline 0.002 -17"><span class='ocrx_word' id='word_1_626' title='bbox 2015 3812 2267 3866; x_wconf 82' lang='lat' dir='ltr'><strong>conditur</strong></span> <span class='ocrx_word' id='word_1_627' title='bbox 2297 3813 2318 3845; x_wconf 80' lang='grc'>⁸</span> <span class='ocrx_word' id='word_1_628' title='bbox 2357 3810 2381 3863; x_wconf 89' lang='lat'><strong>?</strong></span> <span class='ocrx_word' id='word_1_629' title='bbox 2431 3810 2583 3878; x_wconf 83' lang='lat' dir='ltr'><strong>Quod</strong></span> <span class='ocrx_word' id='word_1_630' title='bbox 2633 3812 2678 3865; x_wconf 87' lang='lat' dir='ltr'><strong>si</strong></span> <span class='ocrx_word' id='word_1_631' title='bbox 2707 3827 2896 3866; x_wconf 87' lang='lat' dir='ltr'><strong>omnes</strong></span> <span class='ocrx_word' id='word_1_632' title='bbox 2930 3811 3090 3866; x_wconf 88' lang='lat' dir='ltr'><strong>habet</strong></span> <span class='ocrx_word' id='word_1_633' title='bbox 3121 3813 3388 3882; x_wconf 78' lang='lat' dir='ltr'><strong>cognitos,</strong></span> <span class='ocrx_word' id='word_1_634' title='bbox 3432 3825 3484 3868; x_wconf 90' lang='lat' dir='ltr'><strong>et</strong></span> <span class='ocrx_word' id='word_1_635' title='bbox 3515 3828 3612 3868; x_wconf 80' lang='lat' dir='ltr'><strong>no-</strong></span> 
     </span>
    </p>
   </div>
   <div class='ocr_carea' id='block_1_83' title="bbox 2013 3902 3606 3974">
    <p class='ocr_par' dir='ltr' id='par_1_83' title="bbox 2013 3902 3606 3974">
     <span class='ocr_line' id='line_1_83' title="bbox 2013 3902 3606 3974; baseline 0.003 -17"><span class='ocrx_word' id='word_1_636' title='bbox 2013 3905 2090 3958; x_wconf 88' lang='lat' dir='ltr'><strong>vit</strong></span> <span class='ocrx_word' id='word_1_637' title='bbox 2125 3919 2245 3974; x_wconf 75' lang='lat' dir='ltr'><strong>qua:</strong></span> <span class='ocrx_word' id='word_1_638' title='bbox 2277 3913 2402 3958; x_wconf 91' lang='lat' dir='ltr'><strong>sunt</strong></span> <span class='ocrx_word' id='word_1_639' title='bbox 2429 3902 2482 3957; x_wconf 88' lang='lat' dir='ltr'><strong>iu</strong></span> <span class='ocrx_word' id='word_1_640' title='bbox 2507 3903 2748 3970; x_wconf 76' lang='lat' dir='ltr'><strong>homine,</strong></span> <span class='ocrx_word' id='word_1_641' title='bbox 2785 3918 2964 3959; x_wconf 87' lang='lat' dir='ltr'><strong>nonne</strong></span> <span class='ocrx_word' id='word_1_642' title='bbox 2989 3903 3127 3959; x_wconf 85' lang='lat' dir='ltr'><strong>Deus</strong></span> <span class='ocrx_word' id='word_1_643' title='bbox 3156 3911 3260 3973; x_wconf 88' lang='lat' dir='ltr'><strong>est,</strong></span> <span class='ocrx_word' id='word_1_644' title='bbox 3297 3904 3387 3974; x_wconf 92' lang='lat' dir='ltr'><strong>qui</strong></span> <span class='ocrx_word' id='word_1_645' title='bbox 3441 3905 3606 3961; x_wconf 86' lang='lat' dir='ltr'><strong>corda</strong></span> 
     </span>
    </p>
   </div>
   <div class='ocr_carea' id='block_1_84' title="bbox 2009 3994 2631 4052">
    <p class='ocr_par' dir='ltr' id='par_1_84' title="bbox 2009 3994 2631 4052">
     <span class='ocr_line' id='line_1_84' title="bbox 2009 3994 2631 4052; baseline -0.006 0"><span class='ocrx_word' id='word_1_646' title='bbox 2009 4006 2289 4052; x_wconf 82' lang='lat' dir='ltr'><strong>scrutatur</strong></span> <span class='ocrx_word' id='word_1_647' title='bbox 2336 4004 2390 4049; x_wconf 90' lang='lat' dir='ltr'><strong>et</strong></span> <span class='ocrx_word' id='word_1_648' title='bbox 2431 3994 2631 4049; x_wconf 83' lang='lat' dir='ltr'><strong>renes?</strong></span> 
     </span>
    </p>
   </div>
   <div class='ocr_carea' id='block_1_85' title="bbox 2077 4087 3607 4162">
    <p class='ocr_par' dir='ltr' id='par_1_85' title="bbox 2077 4087 3607 4162">
     <span class='ocr_line' id='line_1_85' title="bbox 2077 4087 3607 4162; baseline 0.005 -22"><span class='ocrx_word' id='word_1_649' title='bbox 2077 4089 2269 4150; x_wconf 84' lang='lat' dir='ltr'><strong>Amen,</strong></span> <span class='ocrx_word' id='word_1_650' title='bbox 2301 4103 2456 4140; x_wconf 83' lang='lat' dir='ltr'><strong>auten</strong></span> <span class='ocrx_word' id='word_1_651' title='bbox 2483 4088 2605 4142; x_wconf 87' lang='lat' dir='ltr'><strong>dico</strong></span> <span class='ocrx_word' id='word_1_652' title='bbox 2641 4087 2812 4150; x_wconf 75' lang='lat' dir='ltr'><strong>vobis,</strong></span> <span class='ocrx_word' id='word_1_653' title='bbox 2864 4093 2958 4157; x_wconf 80' lang='lat' dir='ltr'><strong>qui</strong></span> <span class='ocrx_word' id='word_1_654' title='bbox 3009 4091 3179 4143; x_wconf 83' lang='lat' dir='ltr'><strong>credit</strong></span> <span class='ocrx_word' id='word_1_655' title='bbox 3205 4091 3257 4145; x_wconf 87' lang='lat' dir='ltr'><strong>in</strong></span> <span class='ocrx_word' id='word_1_656' title='bbox 3291 4109 3392 4156; x_wconf 86' lang='lat' dir='ltr'><strong>me,</strong></span> <span class='ocrx_word' id='word_1_657' title='bbox 3425 4110 3607 4162; x_wconf 84' lang='lat' dir='ltr'><strong>opera,</strong></span> 
     </span>
    </p>
   </div>
   <div class='ocr_carea' id='block_1_86' title="bbox 2005 4178 3610 4256">
    <p class='ocr_par' dir='ltr' id='par_1_86' title="bbox 2005 4178 3610 4256">
     <span class='ocr_line' id='line_1_86' title="bbox 2005 4178 3610 4256; baseline 0.006 -23"><span class='ocrx_word' id='word_1_658' title='bbox 2005 4197 2121 4250; x_wconf 76' lang='lat' dir='ltr'><strong>qua:</strong></span> <span class='ocrx_word' id='word_1_659' title='bbox 2143 4195 2235 4248; x_wconf 87' lang='lat' dir='ltr'><strong>ego</strong></span> <span class='ocrx_word' id='word_1_660' title='bbox 2267 4178 2424 4247; x_wconf 78' lang='lat' dir='ltr'><strong>facio,</strong></span> <span class='ocrx_word' id='word_1_661' title='bbox 2497 4191 2543 4233; x_wconf 90' lang='lat' dir='ltr'><strong>et</strong></span> <span class='ocrx_word' id='word_1_662' title='bbox 2601 4179 2902 4250; x_wconf 80' lang='lat' dir='ltr'><strong>ipsefuciet,</strong></span> <span class='ocrx_word' id='word_1_663' title='bbox 2957 4191 3004 4235; x_wconf 89' lang='lat' dir='ltr'><strong>et</strong></span> <span class='ocrx_word' id='word_1_664' title='bbox 3053 4183 3260 4249; x_wconf 85' lang='lat' dir='ltr'><strong>majora</strong></span> <span class='ocrx_word' id='word_1_665' title='bbox 3307 4186 3388 4240; x_wconf 87' lang='lat' dir='ltr'><strong>his</strong></span> <span class='ocrx_word' id='word_1_666' title='bbox 3427 4186 3610 4256; x_wconf 79' lang='lat' dir='ltr'><strong>faciet,</strong></span> 
     </span>
    </p>
   </div>
   <div class='ocr_carea' id='block_1_87' title="bbox 1979 4271 3610 4349">
    <p class='ocr_par' dir='ltr' id='par_1_87' title="bbox 1979 4271 3610 4349">
     <span class='ocr_line' id='line_1_87' title="bbox 1979 4271 3610 4349; baseline 0.007 -26"><span class='ocrx_word' id='word_1_667' title='bbox 1979 4271 2269 4336; x_wconf 65' lang='lat' dir='ltr'><strong>‘Qttoniam</strong></span> <span class='ocrx_word' id='word_1_668' title='bbox 2297 4287 2388 4341; x_wconf 78' lang='lat' dir='ltr'><strong>ego</strong></span> <span class='ocrx_word' id='word_1_669' title='bbox 2427 4271 2496 4324; x_wconf 87' lang='lat' dir='ltr'><strong>ad</strong></span> <span class='ocrx_word' id='word_1_670' title='bbox 2531 4271 2743 4326; x_wconf 81' lang='lat' dir='ltr'><strong>Patrem</strong></span> <span class='ocrx_word' id='word_1_671' title='bbox 2782 4273 2936 4339; x_wconf 84' lang='lat' dir='ltr'><strong>vado,</strong></span> <span class='ocrx_word' id='word_1_672' title='bbox 2968 4285 3016 4328; x_wconf 87' lang='lat' dir='ltr'><strong>et</strong></span> <span class='ocrx_word' id='word_1_673' title='bbox 3046 4274 3392 4348; x_wconf 84' lang='lat' dir='ltr'><strong>quodcunque</strong></span> <span class='ocrx_word' id='word_1_674' title='bbox 3443 4287 3610 4349; x_wconf 83' lang='lat' dir='ltr'><strong>petie-</strong></span> 
     </span>
    </p>
   </div>
   <div class='ocr_carea' id='block_1_88' title="bbox 2009 4365 3610 4435">
    <p class='ocr_par' dir='ltr' id='par_1_88' title="bbox 2009 4365 3610 4435">
     <span class='ocr_line' id='line_1_88' title="bbox 2009 4365 3610 4435; baseline 0.007 -19"><span class='ocrx_word' id='word_1_675' title='bbox 2009 4365 2124 4417; x_wconf 87' lang='lat' dir='ltr'><strong>ritis</strong></span> <span class='ocrx_word' id='word_1_676' title='bbox 2164 4365 2216 4416; x_wconf 88' lang='lat' dir='ltr'><strong>in</strong></span> <span class='ocrx_word' id='word_1_677' title='bbox 2249 4367 2456 4418; x_wconf 88' lang='lat' dir='ltr'><strong>nomine</strong></span> <span class='ocrx_word' id='word_1_678' title='bbox 2503 4380 2638 4431; x_wconf 87' lang='lat' dir='ltr'><strong>meo,</strong></span> <span class='ocrx_word' id='word_1_679' title='bbox 2671 4365 2870 4435; x_wconf 78' lang='lat' dir='ltr'><strong>faciam</strong></span> <span class='ocrx_word' id='word_1_680' title='bbox 2913 4367 3057 4422; x_wconf 80' lang='lat' dir='ltr'><strong>vobis</strong></span> <span class='ocrx_word' id='word_1_681' title='bbox 3116 4367 3159 4423; x_wconf 82' lang='grc'><strong>⁸.</strong></span> <span class='ocrx_word' id='word_1_682' title='bbox 3221 4370 3501 4427; x_wconf 81' lang='lat' dir='ltr'><strong>Proﬁcisci</strong></span> <span class='ocrx_word' id='word_1_683' title='bbox 3551 4390 3610 4428; x_wconf 84' lang='lat' dir='ltr'><strong>se</strong></span> 
     </span>
    </p>
   </div>
   <div class='ocr_carea' id='block_1_89' title="bbox 320 4449 1916 4540">
    <p class='ocr_par' dir='ltr' id='par_1_89' title="bbox 320 4466 1903 4540">
     <span class='ocr_line' id='line_1_89' title="bbox 320 4466 1903 4540; baseline -0.002 -18"><span class='ocrx_word' id='word_1_684' title='bbox 320 4472 468 4540; x_wconf 83' lang='grc' dir='ltr'><em>ματί</em></span> <span class='ocrx_word' id='word_1_685' title='bbox 506 4488 646 4538; x_wconf 78' lang='grc' dir='ltr'><em>μου,</em></span> <span class='ocrx_word' id='word_1_686' title='bbox 691 4469 866 4523; x_wconf 80' lang='grc' dir='ltr'><em>τοῦτο</em></span> <span class='ocrx_word' id='word_1_687' title='bbox 911 4470 1166 4535; x_wconf 82' lang='grc' dir='ltr'><em>ποιήσω.</em></span> <span class='ocrx_word' id='word_1_688' title='bbox 1209 4467 1546 4539; x_wconf 75' lang='grc' dir='ltr'><strong>Πορεύεσθαὶ</strong></span> <span class='ocrx_word' id='word_1_689' title='bbox 1589 4486 1720 4538; x_wconf 78' lang='grc' dir='ltr'>φησι</span> <span class='ocrx_word' id='word_1_690' title='bbox 1763 4466 1903 4537; x_wconf 81' lang='grc' dir='ltr'>πρὸς</span> 
     </span>
    </p>
   </div>
   <div class='ocr_carea' id='block_1_90' title="bbox 2024 4449 3610 4540">
    <p class='ocr_par' dir='ltr' id='par_1_90' title="bbox 2024 4457 3610 4534">
     <span class='ocr_line' id='line_1_90' title="bbox 2024 4457 3610 4534; baseline 0.006 -23"><span class='ocrx_word' id='word_1_691' title='bbox 2024 4458 2133 4512; x_wconf 90' lang='lat' dir='ltr'><strong>licit</strong></span> <span class='ocrx_word' id='word_1_692' title='bbox 2172 4459 2236 4511; x_wconf 83' lang='lat' dir='ltr'><strong>ad</strong></span> <span class='ocrx_word' id='word_1_693' title='bbox 2271 4457 2482 4513; x_wconf 81' lang='lat' dir='ltr'><strong>Patrem</strong></span> <span class='ocrx_word' id='word_1_694' title='bbox 2511 4457 2696 4514; x_wconf 86' lang='lat' dir='ltr'><strong>Filius.</strong></span> <span class='ocrx_word' id='word_1_695' title='bbox 2732 4459 2919 4530; x_wconf 82' lang='lat' dir='ltr'><strong>Atqui,</strong></span> <span class='ocrx_word' id='word_1_696' title='bbox 2947 4471 3007 4516; x_wconf 91' lang='lat' dir='ltr'><strong>ut</strong></span> <span class='ocrx_word' id='word_1_697' title='bbox 3039 4462 3195 4530; x_wconf 90' lang='lat' dir='ltr'><strong>Deus,</strong></span> <span class='ocrx_word' id='word_1_698' title='bbox 3233 4466 3421 4534; x_wconf 80' lang='lat' dir='ltr'><strong>implet</strong></span> <span class='ocrx_word' id='word_1_699' title='bbox 3493 4484 3610 4522; x_wconf 85' lang='lat' dir='ltr'><strong>om-</strong></span> 
     </span>
    </p>
   </div>
   <div class='ocr_carea' id='block_1_91' title="bbox 264 4559 1904 4632">
    <p class='ocr_par' dir='ltr' id='par_1_91' title="bbox 264 4559 1904 4632">
     <span class='ocr_line' id='line_1_91' title="bbox 264 4559 1904 4632; baseline -0.001 -17"><span class='ocrx_word' id='word_1_700' title='bbox 264 4606 266 4608; x_wconf 48' lang='grc' dir='ltr'><strong>τ</strong></span> <span class='ocrx_word' id='word_1_701' title='bbox 327 4564 417 4615; x_wconf 69' lang='grc' dir='ltr'><em>τὸν</em></span> <span class='ocrx_word' id='word_1_702' title='bbox 455 4563 694 4632; x_wconf 81' lang='grc' dir='ltr'><em>Πατέρα,</em></span> <span class='ocrx_word' id='word_1_703' title='bbox 724 4563 900 4615; x_wconf 80' lang='grc' dir='ltr'><em>καίτοι</em></span> <span class='ocrx_word' id='word_1_704' title='bbox 929 4562 1089 4629; x_wconf 83' lang='grc' dir='ltr'><em>φύσει</em></span> <span class='ocrx_word' id='word_1_705' title='bbox 1117 4560 1248 4624; x_wconf 79' lang='grc' dir='ltr'><em>Θεὸς</em></span> <span class='ocrx_word' id='word_1_706' title='bbox 1281 4559 1543 4630; x_wconf 84' lang='grc' dir='ltr'>ὑπάρχων</span> <span class='ocrx_word' id='word_1_707' title='bbox 1572 4562 1600 4613; x_wconf 95' lang='lat'><strong>6</strong></span> <span class='ocrx_word' id='word_1_708' title='bbox 1631 4560 1783 4624; x_wconf 76' lang='grc' dir='ltr'><em>Υἱὸς,</em></span> <span class='ocrx_word' id='word_1_709' title='bbox 1809 4560 1904 4614; x_wconf 78' lang='grc' dir='ltr'><strong>καὶ</strong></span> 
     </span>
    </p>
   </div>
   <div class='ocr_carea' id='block_1_92' title="bbox 326 4649 1904 4722">
    <p class='ocr_par' dir='ltr' id='par_1_92' title="bbox 326 4649 1904 4722">
     <span class='ocr_line' id='line_1_92' title="bbox 326 4649 1904 4722; baseline 0.001 -20"><span class='ocrx_word' id='word_1_710' title='bbox 326 4651 488 4714; x_wconf 68' lang='grc' dir='ltr'><em>αὐτὸς</em></span> <span class='ocrx_word' id='word_1_711' title='bbox 517 4653 544 4704; x_wconf 89' lang='lat'><strong>6</strong></span> <span class='ocrx_word' id='word_1_712' title='bbox 569 4652 638 4705; x_wconf 82' lang='grc' dir='ltr'><em>τὰ</em></span> <span class='ocrx_word' id='word_1_713' title='bbox 668 4653 848 4705; x_wconf 72' lang='grc' dir='ltr'><em>πάντα</em></span> <span class='ocrx_word' id='word_1_714' title='bbox 878 4650 1125 4722; x_wconf 80' lang='grc' dir='ltr'><strong>πληρῶν.</strong></span> <span class='ocrx_word' id='word_1_715' title='bbox 1163 4649 1462 4721; x_wconf 79' lang='grc' dir='ltr'><em>Πορεύεται</em></span> <span class='ocrx_word' id='word_1_716' title='bbox 1488 4651 1669 4703; x_wconf 77' lang='grc' dir='ltr'><em>τοίνυν</em></span> <span class='ocrx_word' id='word_1_717' title='bbox 1694 4649 1904 4721; x_wconf 76' lang='grc' dir='ltr'><em>ἀνθρω-</em></span> 
     </span>
    </p>
   </div>
   <div class='ocr_carea' id='block_1_93' title="bbox 324 4741 1904 4813">
    <p class='ocr_par' dir='ltr' id='par_1_93' title="bbox 324 4741 1904 4813">
     <span class='ocr_line' id='line_1_93' title="bbox 324 4741 1904 4813; baseline 0.001 -18"><span class='ocrx_word' id='word_1_718' title='bbox 324 4745 521 4807; x_wconf 79' lang='grc' dir='ltr'><em>πίνως.</em></span> <span class='ocrx_word' id='word_1_719' title='bbox 547 4743 850 4813; x_wconf 79' lang='grc' dir='ltr'><strong>Ἀνελήφθη</strong></span> <span class='ocrx_word' id='word_1_720' title='bbox 871 4743 980 4813; x_wconf 83' lang='grc' dir='ltr'><strong>γὰρ</strong></span> <span class='ocrx_word' id='word_1_721' title='bbox 1007 4742 1083 4806; x_wconf 80' lang='grc' dir='ltr'><strong>είς</strong></span> <span class='ocrx_word' id='word_1_722' title='bbox 1106 4744 1197 4796; x_wconf 80' lang='grc' dir='ltr'><strong>τὸν</strong></span> <span class='ocrx_word' id='word_1_723' title='bbox 1220 4742 1470 4812; x_wconf 76' lang='grc' dir='ltr'><strong>οὐρανόν.</strong></span> <span class='ocrx_word' id='word_1_724' title='bbox 1501 4741 1643 4796; x_wconf 77' lang='grc' dir='ltr'>Ἀλλ’</span> <span class='ocrx_word' id='word_1_725' title='bbox 1667 4743 1742 4807; x_wconf 80' lang='grc' dir='ltr'><em>ὡς</em></span> <span class='ocrx_word' id='word_1_726' title='bbox 1767 4742 1904 4807; x_wconf 83' lang='grc' dir='ltr'><em>Θεὸς</em></span> 
     </span>
    </p>
   </div>
   <div class='ocr_carea' id='block_1_94' title="bbox 323 4836 1902 4908">
    <p class='ocr_par' dir='ltr' id='par_1_94' title="bbox 323 4836 1902 4908">
     <span class='ocr_line' id='line_1_94' title="bbox 323 4836 1902 4908; baseline 0 -20"><span class='ocrx_word' id='word_1_727' title='bbox 323 4837 726 4906; x_wconf 75' lang='grc' dir='ltr'><strong>ἐπαγγέλλεται</strong></span> <span class='ocrx_word' id='word_1_728' title='bbox 763 4837 1008 4908; x_wconf 77' lang='grc' dir='ltr'>πληροῦν</span> <span class='ocrx_word' id='word_1_729' title='bbox 1041 4836 1108 4891; x_wconf 80' lang='grc' dir='ltr'><em>τὰ</em></span> <span class='ocrx_word' id='word_1_730' title='bbox 1141 4838 1420 4908; x_wconf 70' lang='grc' dir='ltr'><em>αἰτήματα</em></span> <span class='ocrx_word' id='word_1_731' title='bbox 1453 4836 1562 4889; x_wconf 78' lang='grc' dir='ltr'>τῶν</span> <span class='ocrx_word' id='word_1_732' title='bbox 1592 4853 1902 4907; x_wconf 84' lang='grc' dir='ltr'>προσερχο-</span> 
     </span>
    </p>
   </div>
   <div class='ocr_carea' id='block_1_95' title="bbox 327 4919 1900 5000">
    <p class='ocr_par' dir='ltr' id='par_1_95' title="bbox 327 4919 1900 5000">
     <span class='ocr_line' id='line_1_95' title="bbox 327 4919 1900 5000; baseline -0.002 -19"><span class='ocrx_word' id='word_1_733' title='bbox 327 4931 506 4998; x_wconf 80' lang='grc' dir='ltr'>μένων</span> <span class='ocrx_word' id='word_1_734' title='bbox 528 4969 542 4993; x_wconf 92' lang='grc'><strong>,</strong></span> <span class='ocrx_word' id='word_1_735' title='bbox 577 4932 625 4983; x_wconf 74' lang='grc' dir='ltr'><em>εἰ</em></span> <span class='ocrx_word' id='word_1_736' title='bbox 660 4931 716 4984; x_wconf 81' lang='grc' dir='ltr'><strong>ὲν</strong></span> <span class='ocrx_word' id='word_1_737' title='bbox 746 4928 826 4998; x_wconf 85' lang='grc' dir='ltr'><em>τῷ</em></span> <span class='ocrx_word' id='word_1_738' title='bbox 859 4929 1085 5000; x_wconf 88' lang='grc' dir='ltr'><em>ὀνόματι</em></span> <span class='ocrx_word' id='word_1_739' title='bbox 1119 4929 1286 4981; x_wconf 84' lang='grc' dir='ltr'>αὐτοῦ</span> <span class='ocrx_word' id='word_1_740' title='bbox 1323 4919 1562 4980; x_wconf 75' lang='grc' dir='ltr'>ποιοῖντο</span> <span class='ocrx_word' id='word_1_741' title='bbox 1593 4927 1692 4990; x_wconf 73' lang='grc' dir='ltr'><em>τὰς</em></span> <span class='ocrx_word' id='word_1_742' title='bbox 1723 4927 1900 4989; x_wconf 76' lang='grc' dir='ltr'><em>λιτάς.</em></span> 
     </span>
    </p>
   </div>
   <div class='ocr_carea' id='block_1_96' title="bbox 325 5016 1913 5092">
    <p class='ocr_par' dir='ltr' id='par_1_96' title="bbox 325 5016 1913 5092">
     <span class='ocr_line' id='line_1_96' title="bbox 325 5016 1913 5092; baseline -0.001 -19"><span class='ocrx_word' id='word_1_743' title='bbox 325 5018 458 5073; x_wconf 80' lang='grc' dir='ltr'><em>Εἶτα</em></span> <span class='ocrx_word' id='word_1_744' title='bbox 492 5023 598 5074; x_wconf 83' lang='grc' dir='ltr'><em>τίνι</em></span> <span class='ocrx_word' id='word_1_745' title='bbox 637 5021 704 5075; x_wconf 84' lang='grc' dir='ltr'><strong>ἂν</strong></span> <span class='ocrx_word' id='word_1_746' title='bbox 740 5021 941 5092; x_wconf 77' lang='grc' dir='ltr'>πρέποι</span> <span class='ocrx_word' id='word_1_747' title='bbox 977 5021 1037 5074; x_wconf 80' lang='grc' dir='ltr'><em>τὸ</em></span> <span class='ocrx_word' id='word_1_748' title='bbox 1080 5019 1322 5090; x_wconf 87' lang='grc' dir='ltr'>πληροῦν</span> <span class='ocrx_word' id='word_1_749' title='bbox 1358 5018 1525 5089; x_wconf 76' lang='grc' dir='ltr'><em>εὐχὰς</em></span> <span class='ocrx_word' id='word_1_750' title='bbox 1565 5017 1737 5086; x_wconf 79' lang='grc' dir='ltr'><em>ἁγίων</em></span> <span class='ocrx_word' id='word_1_751' title='bbox 1759 5055 1775 5084; x_wconf 94' lang='grc'><strong>,</strong></span> <span class='ocrx_word' id='word_1_752' title='bbox 1814 5016 1913 5071; x_wconf 82' lang='grc' dir='ltr'><strong>καὶ</strong></span> 
     </span>
    </p>
   </div>
   <div class='ocr_carea' id='block_1_97' title="bbox 320 5107 1911 5183">
    <p class='ocr_par' dir='ltr' id='par_1_97' title="bbox 320 5107 1911 5183">
     <span class='ocr_line' id='line_1_97' title="bbox 320 5107 1911 5183; baseline -0.001 -19"><span class='ocrx_word' id='word_1_753' title='bbox 320 5112 648 5183; x_wconf 74' lang='grc' dir='ltr'><em>χαρίζεσθαι</em></span> <span class='ocrx_word' id='word_1_754' title='bbox 687 5113 756 5165; x_wconf 85' lang='grc' dir='ltr'><strong>τὰ</strong></span> <span class='ocrx_word' id='word_1_755' title='bbox 797 5114 1113 5182; x_wconf 76' lang='grc' dir='ltr'><em>αἰτήματα,</em></span> <span class='ocrx_word' id='word_1_756' title='bbox 1157 5110 1298 5182; x_wconf 76' lang='grc' dir='ltr'>πλὴν</span> <span class='ocrx_word' id='word_1_757' title='bbox 1337 5111 1419 5163; x_wconf 82' lang='grc' dir='ltr'><strong>ὅτι</strong></span> <span class='ocrx_word' id='word_1_758' title='bbox 1462 5110 1607 5180; x_wconf 79' lang='grc' dir='ltr'>μόνῳ</span> <span class='ocrx_word' id='word_1_759' title='bbox 1645 5109 1723 5180; x_wconf 84' lang='grc' dir='ltr'><em>τῷ</em></span> <span class='ocrx_word' id='word_1_760' title='bbox 1767 5107 1911 5162; x_wconf 83' lang='grc' dir='ltr'><em>κατὰ</em></span> 
     </span>
    </p>
   </div>
   <div class='ocr_carea' id='block_1_98' title="bbox 320 5203 1168 5276">
    <p class='ocr_par' dir='ltr' id='par_1_98' title="bbox 320 5203 1168 5276">
     <span class='ocr_line' id='line_1_98' title="bbox 320 5203 1168 5276; baseline -0.002 -18"><span class='ocrx_word' id='word_1_761' title='bbox 320 5207 486 5276; x_wconf 64' lang='grc' dir='ltr'>φῦσιν</span> <span class='ocrx_word' id='word_1_762' title='bbox 517 5207 610 5260; x_wconf 69' lang='grc' dir='ltr'><strong>καὶ</strong></span> <span class='ocrx_word' id='word_1_763' title='bbox 637 5205 832 5274; x_wconf 83' lang='grc' dir='ltr'>ἀληθεῖ</span> <span class='ocrx_word' id='word_1_764' title='bbox 862 5205 976 5258; x_wconf 76' lang='grc' dir='ltr'><em>ὄντι</em></span> <span class='ocrx_word' id='word_1_765' title='bbox 1010 5203 1168 5275; x_wconf 84' lang='grc' dir='ltr'><strong>Θεῷ;</strong></span> 
     </span>
    </p>
   </div>
   <div class='ocr_carea' id='block_1_99' title="bbox 387 5293 1911 5367">
    <p class='ocr_par' dir='ltr' id='par_1_99' title="bbox 387 5293 1911 5367">
     <span class='ocr_line' id='line_1_99' title="bbox 387 5293 1911 5367; baseline -0.003 -15"><span class='ocrx_word' id='word_1_766' title='bbox 387 5299 552 5367; x_wconf 82' lang='grc' dir='ltr'><strong>Αὕτη</strong></span> <span class='ocrx_word' id='word_1_767' title='bbox 586 5299 653 5354; x_wconf 83' lang='grc' dir='ltr'><em>δέ</em></span> <span class='ocrx_word' id='word_1_768' title='bbox 689 5301 861 5352; x_wconf 80' lang='grc' dir='ltr'><em>ἐστιν</em></span> <span class='ocrx_word' id='word_1_769' title='bbox 896 5296 933 5364; x_wconf 77' lang='grc' dir='ltr'><strong><em>ἡ</em></strong></span> <span class='ocrx_word' id='word_1_770' title='bbox 971 5295 1210 5361; x_wconf 76' lang='grc' dir='ltr'><em>αἰώνιος</em></span> <span class='ocrx_word' id='word_1_771' title='bbox 1245 5295 1357 5362; x_wconf 77' lang='grc' dir='ltr'><strong>ζωὴ</strong></span> <span class='ocrx_word' id='word_1_772' title='bbox 1379 5335 1392 5357; x_wconf 92' lang='grc'><strong>,</strong></span> <span class='ocrx_word' id='word_1_773' title='bbox 1429 5295 1529 5348; x_wconf 82' lang='grc' dir='ltr'><em>ἵνα</em></span> <span class='ocrx_word' id='word_1_774' title='bbox 1565 5293 1911 5364; x_wconf 77' lang='grc' dir='ltr'><em>γινώσκωσι</em></span> 
     </span>
    </p>
   </div>
   <div class='ocr_carea' id='block_1_100' title="bbox 316 5384 1905 5460">
    <p class='ocr_par' dir='ltr' id='par_1_100' title="bbox 316 5384 1905 5460">
     <span class='ocr_line' id='line_1_100' title="bbox 316 5384 1905 5460; baseline -0.003 -18"><span class='ocrx_word' id='word_1_775' title='bbox 316 5405 394 5442; x_wconf 87' lang='grc' dir='ltr'><strong>σε</strong></span> <span class='ocrx_word' id='word_1_776' title='bbox 424 5393 529 5443; x_wconf 86' lang='grc' dir='ltr'><em>τὸν</em></span> <span class='ocrx_word' id='word_1_777' title='bbox 555 5391 746 5460; x_wconf 82' lang='grc' dir='ltr'><em>μόνον</em></span> <span class='ocrx_word' id='word_1_778' title='bbox 773 5388 1065 5455; x_wconf 69' lang='grc' dir='ltr'><em>ἀληθινὸν</em></span> <span class='ocrx_word' id='word_1_779' title='bbox 1095 5386 1266 5451; x_wconf 85' lang='grc' dir='ltr'><em>Θεὸν,</em></span> <span class='ocrx_word' id='word_1_780' title='bbox 1302 5386 1398 5440; x_wconf 79' lang='grc' dir='ltr'><em>καὶ</em></span> <span class='ocrx_word' id='word_1_781' title='bbox 1435 5384 1509 5439; x_wconf 78' lang='grc' dir='ltr'><em>ὃν</em></span> <span class='ocrx_word' id='word_1_782' title='bbox 1535 5387 1905 5452; x_wconf 76' lang='grc' dir='ltr'><em>ἀπέστειλας</em></span> 
     </span>
    </p>
   </div>
   <div class='ocr_carea' id='block_1_101' title="bbox 331 5477 1898 5550">
    <p class='ocr_par' dir='ltr' id='par_1_101' title="bbox 331 5477 1898 5550">
     <span class='ocr_line' id='line_1_101' title="bbox 331 5477 1898 5550; baseline -0.004 -14"><span class='ocrx_word' id='word_1_783' title='bbox 331 5481 581 5549; x_wconf 88' lang='grc' dir='ltr'>Ἰησοῦν</span> <span class='ocrx_word' id='word_1_784' title='bbox 609 5483 886 5550; x_wconf 81' lang='grc' dir='ltr'><em>Χριστόν.</em></span> <span class='ocrx_word' id='word_1_785' title='bbox 916 5480 978 5532; x_wconf 76' lang='lat' dir='ltr'><strong>Et</strong></span> <span class='ocrx_word' id='word_1_786' title='bbox 1007 5481 1074 5550; x_wconf 77' lang='grc' dir='ltr'><em>τῇ</em></span> <span class='ocrx_word' id='word_1_787' title='bbox 1108 5478 1406 5547; x_wconf 71' lang='grc' dir='ltr'><strong>ἐπιγνώσει</strong></span> <span class='ocrx_word' id='word_1_788' title='bbox 1436 5477 1529 5531; x_wconf 93' lang='grc' dir='ltr'>τοῦ</span> <span class='ocrx_word' id='word_1_789' title='bbox 1563 5478 1728 5548; x_wconf 83' lang='grc' dir='ltr'>μόνου</span> <span class='ocrx_word' id='word_1_790' title='bbox 1761 5478 1898 5530; x_wconf 88' lang='grc' dir='ltr'>Θεοῦ</span> 
     </span>
    </p>
   </div>
   <div class='ocr_carea' id='block_1_102' title="bbox 316 5567 1899 5640">
    <p class='ocr_par' dir='ltr' id='par_1_102' title="bbox 316 5567 1899 5640">
     <span class='ocr_line' id='line_1_102' title="bbox 316 5567 1899 5640; baseline 0 -21"><span class='ocrx_word' id='word_1_791' title='bbox 316 5567 678 5640; x_wconf 73' lang='grc' dir='ltr'><strong>συνεζεῦχθαι</strong></span> <span class='ocrx_word' id='word_1_792' title='bbox 708 5585 765 5620; x_wconf 87' lang='grc' dir='ltr'><strong>τε</strong></span> <span class='ocrx_word' id='word_1_793' title='bbox 816 5569 910 5621; x_wconf 75' lang='grc' dir='ltr'>καὶ</span> <span class='ocrx_word' id='word_1_794' title='bbox 967 5567 1366 5619; x_wconf 70' lang='grc' dir='ltr'><em>συνεισϐαίνειν</em></span> <span class='ocrx_word' id='word_1_795' title='bbox 1399 5567 1616 5637; x_wconf 75' lang='grc' dir='ltr'>ἀνάγκη</span> <span class='ocrx_word' id='word_1_796' title='bbox 1647 5567 1746 5636; x_wconf 74' lang='grc' dir='ltr'><em>τὴν</em></span> <span class='ocrx_word' id='word_1_797' title='bbox 1777 5569 1899 5619; x_wconf 83' lang='grc' dir='ltr'><strong>ὲπί-</strong></span> 
     </span>
    </p>
   </div>
   <div class='ocr_carea' id='block_1_103' title="bbox 392 5707 1502 5775">
    <p class='ocr_par' dir='ltr' id='par_1_103' title="bbox 392 5707 1502 5775">
     <span class='ocr_line' id='line_1_103' title="bbox 392 5707 1502 5775; baseline -0.002 -14"><span class='ocrx_word' id='word_1_798' title='bbox 392 5711 407 5740; x_wconf 86' lang='grc'>¹</span> <span class='ocrx_word' id='word_1_799' title='bbox 440 5707 575 5766; x_wconf 85' lang='lat' dir='ltr'><strong>Luc.</strong></span> <span class='ocrx_word' id='word_1_800' title='bbox 606 5725 644 5774; x_wconf 90' lang='lat' dir='ltr'><strong>l,</strong></span> <span class='ocrx_word' id='word_1_801' title='bbox 677 5711 764 5775; x_wconf 86' lang='lat'><strong>&#39;76,</strong></span> <span class='ocrx_word' id='word_1_802' title='bbox 802 5711 890 5763; x_wconf 92' lang='lat'><strong>77.</strong></span> <span class='ocrx_word' id='word_1_803' title='bbox 1019 5711 1038 5739; x_wconf 80' lang='grc'>¹</span> <span class='ocrx_word' id='word_1_804' title='bbox 1070 5709 1255 5761; x_wconf 76' lang='lat' dir='ltr'><strong>Matth.</strong></span> <span class='ocrx_word' id='word_1_805' title='bbox 1288 5725 1360 5769; x_wconf 82' lang='lat' dir='ltr'><strong>nt,</strong></span> <span class='ocrx_word' id='word_1_806' title='bbox 1395 5707 1502 5760; x_wconf 76' lang='grc'><strong>4-6.</strong></span> 
     </span>
    </p>
   </div>
   <div class='ocr_carea' id='block_1_104' title="bbox 317 5778 1520 5843">
    <p class='ocr_par' dir='ltr' id='par_1_104' title="bbox 317 5778 1520 5843">
     <span class='ocr_line' id='line_1_104' title="bbox 317 5778 1520 5843; baseline -0.002 -9"><span class='ocrx_word' id='word_1_807' title='bbox 317 5778 340 5812; x_wconf 82' lang='grc'>⁸</span> <span class='ocrx_word' id='word_1_808' title='bbox 394 5779 551 5834; x_wconf 79' lang='lat' dir='ltr'><strong>Joan.</strong></span> <span class='ocrx_word' id='word_1_809' title='bbox 603 5797 717 5838; x_wconf 78' lang='lat' dir='ltr'><strong>xw.</strong></span> <span class='ocrx_word' id='word_1_810' title='bbox 769 5780 981 5843; x_wconf 72' lang='grc'><strong>12,15.</strong></span> <span class='ocrx_word' id='word_1_811' title='bbox 1061 5778 1264 5832; x_wconf 72' lang='lat' dir='ltr'><strong>&#39;Junu.</strong></span> <span class='ocrx_word' id='word_1_812' title='bbox 1307 5779 1520 5842; x_wconf 73' lang='lat' dir='ltr'><strong>x\&#39;tt,3.</strong></span> 
     </span>
    </p>
   </div>
   <div class='ocr_carea' id='block_1_105' title="bbox 601 5871 1285 5936">
    <p class='ocr_par' dir='ltr' id='par_1_105' title="bbox 601 5871 1285 5936">
     <span class='ocr_line' id='line_1_105' title="bbox 601 5871 1285 5936; baseline -0.007 -1"><span class='ocrx_word' id='word_1_813' title='bbox 601 5877 866 5936; x_wconf 70' lang='grc' dir='ltr'><strong>Ρηιιιιι..</strong></span> <span class='ocrx_word' id='word_1_814' title='bbox 899 5877 942 5933; x_wconf 82' lang='lat' dir='ltr'>G</span> <span class='ocrx_word' id='word_1_815' title='bbox 958 5893 1013 5930; x_wconf 80' lang='grc' dir='ltr'>ιι.</span> <span class='ocrx_word' id='word_1_816' title='bbox 1047 5871 1285 5932; x_wconf 68' lang='lat' dir='ltr'><strong>CXXX.</strong></span> 
     </span>
    </p>
   </div>
   <div class='ocr_carea' id='block_1_106' title="bbox 1644 5704 2202 5771">
    <p class='ocr_par' dir='ltr' id='par_1_106' title="bbox 1644 5704 2202 5771">
     <span class='ocr_line' id='line_1_106' title="bbox 1644 5704 2202 5771; baseline -0.007 -12"><span class='ocrx_word' id='word_1_817' title='bbox 1644 5708 1664 5739; x_wconf 85' lang='grc'><em>³</em></span> <span class='ocrx_word' id='word_1_818' title='bbox 1691 5705 1847 5763; x_wconf 82' lang='lat' dir='ltr'><strong>Juau.</strong></span> <span class='ocrx_word' id='word_1_819' title='bbox 1880 5723 1940 5771; x_wconf 87' lang='grc'><strong>11,</strong></span> <span class='ocrx_word' id='word_1_820' title='bbox 1993 5705 2084 5768; x_wconf 62' lang='grc' dir='ltr'><em>Ἣ,</em></span> <span class='ocrx_word' id='word_1_821' title='bbox 2112 5704 2202 5757; x_wconf 61' lang='lat'><strong>9.3.</strong></span> 
     </span>
    </p>
   </div>
   <div class='ocr_carea' id='block_1_107' title="bbox 2003 4549 3610 4628">
    <p class='ocr_par' dir='ltr' id='par_1_107' title="bbox 2003 4549 3610 4628">
     <span class='ocr_line' id='line_1_107' title="bbox 2003 4549 3610 4628; baseline 0.005 -22"><span class='ocrx_word' id='word_1_822' title='bbox 2003 4552 2117 4606; x_wconf 87' lang='lat' dir='ltr'><strong>nia.</strong></span> <span class='ocrx_word' id='word_1_823' title='bbox 2148 4549 2334 4620; x_wconf 87' lang='lat' dir='ltr'><strong>Itaque</strong></span> <span class='ocrx_word' id='word_1_824' title='bbox 2368 4552 2732 4624; x_wconf 73' lang='lat' dir='ltr'><strong>proﬁciscitur</strong></span> <span class='ocrx_word' id='word_1_825' title='bbox 2762 4563 3018 4623; x_wconf 86' lang='lat' dir='ltr'><strong>tanquam</strong></span> <span class='ocrx_word' id='word_1_826' title='bbox 3075 4557 3256 4612; x_wconf 88' lang='lat' dir='ltr'><strong>homo.</strong></span> <span class='ocrx_word' id='word_1_827' title='bbox 3287 4560 3610 4628; x_wconf 79' lang='lat' dir='ltr'><strong>Assumptus</strong></span> 
     </span>
    </p>
   </div>
   <div class='ocr_carea' id='block_1_108' title="bbox 2002 4643 3611 4723">
    <p class='ocr_par' dir='ltr' id='par_1_108' title="bbox 2002 4643 3611 4723">
     <span class='ocr_line' id='line_1_108' title="bbox 2002 4643 3611 4723; baseline 0.001 -24"><span class='ocrx_word' id='word_1_828' title='bbox 2002 4645 2145 4699; x_wconf 87' lang='lat' dir='ltr'><strong>enim</strong></span> <span class='ocrx_word' id='word_1_829' title='bbox 2177 4653 2260 4700; x_wconf 76' lang='lat' dir='ltr'><strong>est</strong></span> <span class='ocrx_word' id='word_1_830' title='bbox 2289 4644 2342 4698; x_wconf 91' lang='lat' dir='ltr'><strong>in</strong></span> <span class='ocrx_word' id='word_1_831' title='bbox 2375 4646 2593 4701; x_wconf 70' lang='lat' dir='ltr'><strong>caelum.</strong></span> <span class='ocrx_word' id='word_1_832' title='bbox 2630 4643 2830 4701; x_wconf 83' lang='lat' dir='ltr'><strong>Verum</strong></span> <span class='ocrx_word' id='word_1_833' title='bbox 2876 4657 2937 4702; x_wconf 91' lang='lat' dir='ltr'><strong>ut</strong></span> <span class='ocrx_word' id='word_1_834' title='bbox 3005 4649 3145 4704; x_wconf 88' lang='lat' dir='ltr'><strong>Deus</strong></span> <span class='ocrx_word' id='word_1_835' title='bbox 3179 4650 3459 4723; x_wconf 86' lang='lat' dir='ltr'><strong>pollicetur</strong></span> <span class='ocrx_word' id='word_1_836' title='bbox 3512 4653 3611 4704; x_wconf 83' lang='lat' dir='ltr'><strong>im-</strong></span> 
     </span>
    </p>
   </div>
   <div class='ocr_carea' id='block_1_109' title="bbox 2001 4739 3611 4810">
    <p class='ocr_par' dir='ltr' id='par_1_109' title="bbox 2001 4739 3611 4810">
     <span class='ocr_line' id='line_1_109' title="bbox 2001 4739 3611 4810; baseline 0.002 -18"><span class='ocrx_word' id='word_1_837' title='bbox 2001 4739 2270 4808; x_wconf 87' lang='lat' dir='ltr'><strong>pleturum</strong></span> <span class='ocrx_word' id='word_1_838' title='bbox 2301 4754 2361 4794; x_wconf 86' lang='lat' dir='ltr'><strong>se</strong></span> <span class='ocrx_word' id='word_1_839' title='bbox 2390 4741 2724 4809; x_wconf 81' lang='lat' dir='ltr'><strong>precantium</strong></span> <span class='ocrx_word' id='word_1_840' title='bbox 2752 4741 3041 4810; x_wconf 82' lang='lat' dir='ltr'><strong>postulata,</strong></span> <span class='ocrx_word' id='word_1_841' title='bbox 3073 4743 3117 4798; x_wconf 90' lang='lat' dir='ltr'><strong>si</strong></span> <span class='ocrx_word' id='word_1_842' title='bbox 3173 4742 3225 4797; x_wconf 92' lang='lat' dir='ltr'><strong>in</strong></span> <span class='ocrx_word' id='word_1_843' title='bbox 3267 4743 3484 4797; x_wconf 86' lang='lat' dir='ltr'><strong>nomine</strong></span> <span class='ocrx_word' id='word_1_844' title='bbox 3510 4759 3611 4797; x_wconf 87' lang='lat' dir='ltr'><strong>suo</strong></span> 
     </span>
    </p>
   </div>
   <div class='ocr_carea' id='block_1_110' title="bbox 2003 4829 3610 4899">
    <p class='ocr_par' dir='ltr' id='par_1_110' title="bbox 2003 4829 3610 4899">
     <span class='ocr_line' id='line_1_110' title="bbox 2003 4829 3610 4899; baseline 0.004 -17"><span class='ocrx_word' id='word_1_845' title='bbox 2003 4844 2200 4899; x_wconf 84' lang='lat' dir='ltr'><strong>preces</strong></span> <span class='ocrx_word' id='word_1_846' title='bbox 2226 4829 2533 4885; x_wconf 71' lang='lat' dir='ltr'><strong>etl‘utlerint.</strong></span> <span class='ocrx_word' id='word_1_847' title='bbox 2574 4829 2672 4885; x_wconf 88' lang='lat' dir='ltr'><strong>Cui</strong></span> <span class='ocrx_word' id='word_1_848' title='bbox 2701 4841 2883 4887; x_wconf 88' lang='lat' dir='ltr'><strong>autem</strong></span> <span class='ocrx_word' id='word_1_849' title='bbox 2909 4833 3164 4889; x_wconf 81' lang='lat' dir='ltr'><strong>convenit</strong></span> <span class='ocrx_word' id='word_1_850' title='bbox 3214 4841 3336 4888; x_wconf 82' lang='lat' dir='ltr'><strong>vota</strong></span> <span class='ocrx_word' id='word_1_851' title='bbox 3393 4845 3610 4888; x_wconf 77' lang='lat' dir='ltr'><strong>sancto-</strong></span> 
     </span>
    </p>
   </div>
   <div class='ocr_carea' id='block_1_111' title="bbox 2010 4920 3605 4993">
    <p class='ocr_par' dir='ltr' id='par_1_111' title="bbox 2010 4920 3605 4993">
     <span class='ocr_line' id='line_1_111' title="bbox 2010 4920 3605 4993; baseline 0.003 -21"><span class='ocrx_word' id='word_1_852' title='bbox 2010 4935 2132 4973; x_wconf 90' lang='lat' dir='ltr'><strong>rum</strong></span> <span class='ocrx_word' id='word_1_853' title='bbox 2165 4921 2415 4988; x_wconf 76' lang='lat' dir='ltr'><strong>explcrc,</strong></span> <span class='ocrx_word' id='word_1_854' title='bbox 2438 4932 2499 4976; x_wconf 76' lang='lat' dir='ltr'><strong>et</strong></span> <span class='ocrx_word' id='word_1_855' title='bbox 2543 4937 2666 4992; x_wconf 70' lang='lat' dir='ltr'><strong>quae</strong></span> <span class='ocrx_word' id='word_1_856' title='bbox 2734 4921 3100 4992; x_wconf 85' lang='lat' dir='ltr'><strong>postulantur,</strong></span> <span class='ocrx_word' id='word_1_857' title='bbox 3131 4920 3378 4993; x_wconf 72' lang='lat' dir='ltr'><strong>elargiri,</strong></span> <span class='ocrx_word' id='word_1_858' title='bbox 3409 4925 3512 4977; x_wconf 81' lang='lat' dir='ltr'><strong>nisi</strong></span> <span class='ocrx_word' id='word_1_859' title='bbox 3558 4921 3605 4976; x_wconf 84' lang='lat' dir='ltr'><strong>ci</strong></span> 
     </span>
    </p>
   </div>
   <div class='ocr_carea' id='block_1_112' title="bbox 2007 5011 3252 5080">
    <p class='ocr_par' dir='ltr' id='par_1_112' title="bbox 2007 5011 3252 5080">
     <span class='ocr_line' id='line_1_112' title="bbox 2007 5011 3252 5080; baseline 0.003 -16"><span class='ocrx_word' id='word_1_860' title='bbox 2007 5011 2100 5080; x_wconf 90' lang='lat' dir='ltr'><strong>qui</strong></span> <span class='ocrx_word' id='word_1_861' title='bbox 2133 5011 2284 5067; x_wconf 86' lang='lat' dir='ltr'><strong>solus</strong></span> <span class='ocrx_word' id='word_1_862' title='bbox 2305 5023 2358 5066; x_wconf 93' lang='lat' dir='ltr'><strong>et</strong></span> <span class='ocrx_word' id='word_1_863' title='bbox 2376 5023 2567 5066; x_wconf 86' lang='lat' dir='ltr'><strong>natura</strong></span> <span class='ocrx_word' id='word_1_864' title='bbox 2604 5022 2658 5068; x_wconf 92' lang='lat' dir='ltr'><strong>et</strong></span> <span class='ocrx_word' id='word_1_865' title='bbox 2701 5014 2932 5070; x_wconf 85' lang='lat' dir='ltr'><strong>veritate</strong></span> <span class='ocrx_word' id='word_1_866' title='bbox 2951 5023 3038 5070; x_wconf 90' lang='lat' dir='ltr'><strong>est</strong></span> <span class='ocrx_word' id='word_1_867' title='bbox 3064 5014 3252 5070; x_wconf 77' lang='lat' dir='ltr'><strong>Deus?</strong></span> 
     </span>
    </p>
   </div>
   <div class='ocr_carea' id='block_1_113' title="bbox 2096 5291 3605 5366">
    <p class='ocr_par' dir='ltr' id='par_1_113' title="bbox 2096 5291 3605 5366">
     <span class='ocr_line' id='line_1_113' title="bbox 2096 5291 3605 5366; baseline 0.005 -23"><span class='ocrx_word' id='word_1_868' title='bbox 2096 5291 2138 5344; x_wconf 83' lang='grc' dir='ltr'><em>Η</em></span> <span class='ocrx_word' id='word_1_869' title='bbox 2152 5307 2224 5343; x_wconf 72' lang='lat' dir='ltr'><strong>(re</strong></span> <span class='ocrx_word' id='word_1_870' title='bbox 2249 5301 2423 5344; x_wconf 76' lang='lat' dir='ltr'><strong>autem</strong></span> <span class='ocrx_word' id='word_1_871' title='bbox 2451 5302 2529 5346; x_wconf 88' lang='lat' dir='ltr'><strong>est</strong></span> <span class='ocrx_word' id='word_1_872' title='bbox 2560 5293 2665 5347; x_wconf 78' lang='lat' dir='ltr'><strong>vita</strong></span> <span class='ocrx_word' id='word_1_873' title='bbox 2692 5307 2911 5357; x_wconf 67' lang='lat' dir='ltr'><strong>attenta,</strong></span> <span class='ocrx_word' id='word_1_874' title='bbox 2944 5306 3000 5349; x_wconf 87' lang='lat' dir='ltr'><strong>ut</strong></span> <span class='ocrx_word' id='word_1_875' title='bbox 3025 5306 3343 5366; x_wconf 83' lang='lat' dir='ltr'><strong>cognoscant</strong></span> <span class='ocrx_word' id='word_1_876' title='bbox 3367 5309 3414 5352; x_wconf 92' lang='lat' dir='ltr'><strong>te</strong></span> <span class='ocrx_word' id='word_1_877' title='bbox 3437 5298 3605 5351; x_wconf 86' lang='lat' dir='ltr'><strong>solum</strong></span> 
     </span>
    </p>
   </div>
   <div class='ocr_carea' id='block_1_114' title="bbox 2013 5382 3608 5454">
    <p class='ocr_par' dir='ltr' id='par_1_114' title="bbox 2013 5382 3608 5454">
     <span class='ocr_line' id='line_1_114' title="bbox 2013 5382 3608 5454; baseline 0.004 -19"><span class='ocrx_word' id='word_1_878' title='bbox 2013 5400 2184 5437; x_wconf 81' lang='lat' dir='ltr'><strong>rerum</strong></span> <span class='ocrx_word' id='word_1_879' title='bbox 2220 5382 2403 5448; x_wconf 76' lang='lat' dir='ltr'><strong>Deum,</strong></span> <span class='ocrx_word' id='word_1_880' title='bbox 2431 5393 2479 5437; x_wconf 87' lang='lat' dir='ltr'><strong>ct</strong></span> <span class='ocrx_word' id='word_1_881' title='bbox 2507 5401 2658 5454; x_wconf 84' lang='lat' dir='ltr'><strong>quem</strong></span> <span class='ocrx_word' id='word_1_882' title='bbox 2707 5387 2943 5449; x_wconf 82' lang='lat' dir='ltr'><strong>misisti,</strong></span> <span class='ocrx_word' id='word_1_883' title='bbox 3001 5388 3181 5441; x_wconf 76' lang='lat' dir='ltr'><strong>Iesum</strong></span> <span class='ocrx_word' id='word_1_884' title='bbox 3237 5388 3507 5443; x_wconf 84' lang='lat' dir='ltr'><strong>Christum</strong></span> <span class='ocrx_word' id='word_1_885' title='bbox 3562 5396 3608 5447; x_wconf 78' lang='grc' dir='ltr'><strong>τ.</strong></span> 
     </span>
    </p>
   </div>
   <div class='ocr_carea' id='block_1_115' title="bbox 2011 5474 3603 5548">
    <p class='ocr_par' dir='ltr' id='par_1_115' title="bbox 2011 5474 3603 5548">
     <span class='ocr_line' id='line_1_115' title="bbox 2011 5474 3603 5548; baseline 0.004 -18"><span class='ocrx_word' id='word_1_886' title='bbox 2011 5477 2066 5530; x_wconf 85' lang='lat' dir='ltr'><strong>Si</strong></span> <span class='ocrx_word' id='word_1_887' title='bbox 2109 5477 2270 5544; x_wconf 72' lang='lat' dir='ltr'><strong>igitur</strong></span> <span class='ocrx_word' id='word_1_888' title='bbox 2314 5474 2484 5529; x_wconf 78' lang='lat' dir='ltr'><strong>solius</strong></span> <span class='ocrx_word' id='word_1_889' title='bbox 2537 5477 2626 5532; x_wconf 87' lang='lat' dir='ltr'><strong>Dei</strong></span> <span class='ocrx_word' id='word_1_890' title='bbox 2685 5480 3047 5548; x_wconf 73' lang='lat' dir='ltr'><strong>cognitionem</strong></span> <span class='ocrx_word' id='word_1_891' title='bbox 3100 5482 3227 5535; x_wconf 78' lang='lat' dir='ltr'><strong>Jesu</strong></span> <span class='ocrx_word' id='word_1_892' title='bbox 3261 5483 3458 5536; x_wconf 78' lang='lat' dir='ltr'><strong>Christi</strong></span> <span class='ocrx_word' id='word_1_893' title='bbox 3513 5499 3603 5536; x_wconf 78' lang='lat' dir='ltr'><strong>co-</strong></span> 
     </span>
    </p>
   </div>
   <div class='ocr_carea' id='block_1_116' title="bbox 2013 5567 3611 5642">
    <p class='ocr_par' dir='ltr' id='par_1_116' title="bbox 2013 5567 3611 5642">
     <span class='ocr_line' id='line_1_116' title="bbox 2013 5567 3611 5642; baseline 0.005 -22"><span class='ocrx_word' id='word_1_894' title='bbox 2013 5569 2178 5636; x_wconf 72' lang='lat' dir='ltr'><strong>gnitio</strong></span> <span class='ocrx_word' id='word_1_895' title='bbox 2217 5567 2462 5634; x_wconf 81' lang='lat' dir='ltr'><strong>sequitur</strong></span> <span class='ocrx_word' id='word_1_896' title='bbox 2495 5569 2826 5632; x_wconf 79' lang='lat' dir='ltr'><strong>necessario,</strong></span> <span class='ocrx_word' id='word_1_897' title='bbox 2862 5571 3020 5638; x_wconf 77' lang='lat' dir='ltr'><strong>eique</strong></span> <span class='ocrx_word' id='word_1_898' title='bbox 3046 5573 3337 5642; x_wconf 82' lang='lat' dir='ltr'><strong>conjuncta</strong></span> <span class='ocrx_word' id='word_1_899' title='bbox 3390 5585 3494 5639; x_wconf 85' lang='lat' dir='ltr'><strong>cst,</strong></span> <span class='ocrx_word' id='word_1_900' title='bbox 3555 5585 3611 5630; x_wconf 83' lang='lat' dir='ltr'><strong>et</strong></span> 
     </span>
    </p>
   </div>
   <div class='ocr_carea' id='block_1_117' title="bbox 2319 5703 3605 5774">
    <p class='ocr_par' dir='ltr' id='par_1_117' title="bbox 2319 5703 3605 5774">
     <span class='ocr_line' id='line_1_117' title="bbox 2319 5703 3605 5774; baseline 0.008 -17"><span class='ocrx_word' id='word_1_901' title='bbox 2319 5703 2337 5733; x_wconf 72' lang='grc'>⁸</span> <span class='ocrx_word' id='word_1_902' title='bbox 2381 5704 2727 5772; x_wconf 67' lang='lat' dir='ltr'><strong>Psal.xxvtt,</strong></span> <span class='ocrx_word' id='word_1_903' title='bbox 2782 5711 2868 5765; x_wconf 66' lang='lat' dir='ltr'><strong>lii.</strong></span> <span class='ocrx_word' id='word_1_904' title='bbox 2991 5712 3011 5743; x_wconf 83' lang='lat'><strong>&#39;</strong></span> <span class='ocrx_word' id='word_1_905' title='bbox 3047 5709 3208 5765; x_wconf 73' lang='lat' dir='ltr'><strong>ECt&#39;li.</strong></span> <span class='ocrx_word' id='word_1_906' title='bbox 3269 5725 3459 5774; x_wconf 66' lang='lat' dir='ltr'><strong>sunt,</strong></span> <span class='ocrx_word' id='word_1_907' title='bbox 3513 5711 3605 5768; x_wconf 66' lang='lat'><strong>25.</strong></span> 
     </span>
    </p>
   </div>
   <div class='ocr_carea' id='block_1_118' title="bbox 3135 5877 3209 5936">
    <p class='ocr_par' dir='ltr' id='par_1_118' title="bbox 3135 5877 3209 5936">
     <span class='ocr_line' id='line_1_118' title="bbox 3135 5877 3209 5936; baseline -0.014 0"><span class='ocrx_word' id='word_1_908' title='bbox 3135 5877 3209 5936; x_wconf 73' lang='grc'><strong>30</strong></span> 
     </span>
    </p>
   </div>
  </div>
