4036 6210
468 334 571 400 939

1698 339 2079 401 EUTUYMII
2112 340 2477 400 ZlGAllENl

3614 335 3728 398 910

462 454 560 505 hoc
592 451 753 504 vitam
790 460 1045 505 aeternam
1077 450 1372 520 pra-stabit,
1406 451 1486 504 cui
1519 452 1858 520 perspicuum
1917 464 2020 503 ιιοιι
2050 502 2053 508 ,

2157 468 2328 505 ’νωτιν
2358 452 2535 521 Ἰησοῦ
2565 449 2821 521 Χριστοῦ,
2849 449 2944 503 καὶ
2969 447 3115 520 ζωὴν
3138 447 3296 502 τοῦτο
3320 448 3421 518 τὴν
3443 450 3523 511 εἰς
3548 449 3729 503 αἰῶνα

459 540 529 595 sit
564 539 837 595 Christum
878 555 997 596 esse
1017 556 1200 594 verum
1242 541 1445 594 Deum?
1478 537 1713 594 Verbum
1740 540 1883 595 enim
1938 553 2034 592 ca-

461 648 521 685 ro
561 632 760 687 factum
793 643 894 699 est,
924 644 975 686 ct
997 628 1229 687 Verbum
1262 632 1577 701 permansit.

539 809 608 862 Et
640 809 969 865 hoclooutus
1009 810 1319 882 insufflauit,
1341 822 1391 868 et
1449 814 1572 869 dicit
1634 817 1748 867 eis:
1805 814 2038 883 Accipite

462 898 718 968 Spiritum
750 911 1013 956 sanctum.
1044 900 1280 969 Quorum
1325 906 1627 961 rentiaeritis
1678 915 1916 974 peccata,
1957 923 2039 962 re-

463 994 740 1045 mittuntur
761 995 919 1059 eis,ct
958 1012 1178 1065 quorum
1212 997 1557 1063 retinueritis,
1593 1006 1795 1053 retenta
1850 1008 1972 1054 sunt
1996 1000 2036 1053 '.

462 1080 653 1137 Totum
685 1083 789 1139 hoc
820 1085 1024 1142 factum
1061 1087 1168 1143 Deo
1197 1089 1474 1157 congruit,
1532 1100 1693 1157 atque
1740 1089 1889 1144 omni
1958 1096 2043 1144 est

462 1176 676 1233 ratione
706 1177 947 1251 dignum.
984 1180 1223 1237 Primum
1269 1183 1413 1239 enim
1446 1182 1721 1240 insumare
1770 1194 1824 1238 et
1872 1182 2045 1254 Spiri-

466 1287 579 1333 tum
608 1276 866 1350 apostolis
901 1276 1157 1340 tribuere.
1190 1277 1479 1332 humanum
1508 1292 1613 1332 non
1645 1285 1750 1333 est.
1776 1275 2041 1332 Praeterea

466 1382 659 1438 magna
717 1379 934 1432 mest,
970 1377 1025 1423 et
1081 1381 1263 1421 rerum
1318 1378 1725 1436 procreatarum
1791 1366 2044 1422 facultate

466 1460 806 1527 praestantior
850 1473 969 1515 eam
1009 1458 1389 1514 auctoritatem
1449 1458 1656 1530 largiri,
1697 1467 1756 1514 ut
1808 1474 2037 1529 quorum

468 1550 759 1616 voluerint,
787 1559 1013 1617 peccata
1044 1549 1333 1615 retineant,
1399 1558 1453 1606 et
1485 1564 1716 1620 quorum
1752 1550 2040 1615 voluerint,

470 1641 777 1699 remittant.
829 1640 911 1698 Ob
932 1642 985 1697 id
1012 1648 1193 1698 autem
1239 1656 1337 1713 per
1388 1642 1571 1697 carnis
1624 1640 2042 1697 insuﬂlationem

468 1731 728 1802 Spiritum
769 1730 882 1794 dat,
905 1730 1032 1801 quia
1065 1744 1196 1788 caro
1226 1746 1253 1785 a
1286 1729 1462 1787 Verbo
1488 1745 1593 1786 non
1622 1740 1703 1785 est
1724 1731 1920 1796 aliena,
1948 1731 2043 1787 sed

468 1821 684 1894 propria
709 1821 898 1891 ipsius.
924 1819 990 1874 Et
1024 1818 1319 1883 humanum
1353 1820 1570 1890 quidem
1606 1819 1728 1886 fuit,
1791 1835 1886 1891 per
1928 1835 2049 1875 car-
2082 1808 2125 1866 Β

470 1930 588 1967 nem
630 1910 924 1980 insutu-are,
954 1911 1198 1975 divinum
1229 1921 1408 1967 autem
1466 1920 1520 1968 et
1564 1912 1890 1969 auctoritate
1934 1912 2050 1982 ple-

474 2018 598 2059 num
628 2020 782 2074 opus,
813 2019 909 2060 eos
940 2002 1175 2073 Spiritus
1222 2004 1512 2076 participes
1552 2004 1853 2067 declarare.
1912 2019 2051 2077 quos

477 2095 589 2164 ipse
610 2093 803 2166 dignos
816 2094 1134 2166 iudicasset.

544 2207 678 2262 Cum
752 2207 1108 2262 exaltaveritis
1147 2204 1344 2262 Filium
1374 2206 1645 2270 'Itominis,
1681 2218 1804 2261 tunc
1862 2222 2051 2277 cogno-

468 2299 644 2362 scetis,
666 2299 792 2370 quia
845 2314 937 2367 ego
972 2314 1089 2352 sum
1113 2299 1159 2352 ‘.
1215 2296 1575 2364 Arrogantite,
1610 2312 1775 2366 quam
1836 2295 2052 2352 Christo

472 2388 820 2442 ascribebant
876 2388 1069 2455 Judaei,
1098 2401 1327 2457 magnus
1361 2385 1597 2441 Joannes
1628 2401 1822 2442 causas
1878 2388 2051 2455 expli-

470 2496 599 2537 cans
637 2499 650 2533 :
682 2480 909 2544 Idcirco,
943 2481 1587 2549 inquit,persequebantur
1618 2469 1801 2533 Jes'um
1850 2477 2052 2547 Judwi,

469 2572 592 2639 quia
630 2588 731 2625 non
766 2570 944 2625 solum
1020 2571 1248 2625 solvebat
1287 2569 1605 2636 Sabbatum,
1633 2574 1726 2624 sed
1756 2572 1914 2624 etiam
1947 2568 2054 2625 Pa-

473 2672 600 2716 trem
635 2680 784 2717 suum
812 2662 1017 2717 dicebat
1042 2662 1229 2727 Deum,
1253 2663 1509 2733 (aqualem
1574 2660 1801 2732 seipsum
1855 2664 2052 2733 faciem

476 2751 580 2806 Deo
608 2752 647 2807 ⁸.
703 2752 945 2818 Quodam
971 2753 1135 2807 etiam
1162 2752 1280 2807 loco
1322 2752 1626 2807 introduxit
1653 2769 1747 2809 eos
1773 2754 1935 2823 impie
1965 2753 2064 2808 di-'

470 2854 689 2899 centes:
719 2844 792 2897 De
818 2846 948 2899 bono
978 2861 1128 2914 opere
1154 2860 1257 2898 non
1288 2844 1592 2914 lapidamus
1617 2854 1685 2910 te,
1709 2846 1799 2899 sed
1826 2846 1888 2899 de
1912 2843 2054 2898 blas-

470 2937 701 3003 phemia,
722 2938 843 3007 quia
871 2948 926 2990 tu
948 2938 1101 2990 homo
1123 2954 1241 2990 cum
1272 2938 1513 3007 sis,facis
1535 2948 1583 2993 te
1613 2938 1783 3007 ipsum
1821 2938 1985 2992 Deum
2008 2938 2049 2991 ⁵.

472 3025 590 3081 Non
650 3030 1015 3097 recipiendam
1069 3030 1234 3099 igitur
1301 3032 1367 3084 de
1432 3032 1548 3099 ipso
1603 3030 1759 3084 tidem
1827 3028 2050 3095 ficium,

2145 543 2431 612 προξενεῖ,
2467 542 2585 605 πῶς
2617 542 2715 612 οὐχ
2752 542 2960 596 ἅπασιν
2993 541 3225 612 ἐναργές
3258 542 3443 605 ἐστιν,
3476 540 3562 593 ὅτι
3592 540 3727 602 Θεός

2146 637 2293 688 ἔστιν
2321 633 2530 705 ἀληθὴς
2560 636 2587 688 ό
2619 634 2892 703 Χριστός;
2922 634 3117 702 Γέγονε
3146 632 3254 704 γάρ
3286 633 3425 704 σάρε
3454 633 3483 685 ό
3513 632 3724 700 Λόγος,

2148 726 2240 780 καὶ
2270 725 2550 797 μεμένηκε
2579 726 2773 794 Λόγος.

2216 817 2328 873 Kal
2358 818 2535 874 τοῦτο
2564 817 2749 872 ειπὼν
2774 817 3144 887 ἐνεφύσησε,
3176 817 3274 871 καί
3303 817 3468 883 λέγει
3496 818 3727 886 αὐτοῖς·

2148 912 2369 968 Λάϐετε
2396 911 2634 982 Πνεῦμα
2660 911 2852 981 ἅγιον.
2870 913 2974 965 Ἂν
2996 928 3176 965 τινων
3196 908 3390 981 ἀφῆτε
3412 912 3519 978 τὰς
3543 912 3731 981 ἀμαρ-

2148 1006 2299 1072 τίας.
2330 1004 2605 1073 ἀφίενται
2630 1003 2835 1070 αὐτοῖς
2852 1022 2866 1037 ο
2893 1002 2971 1057 ἄν
2998 1020 3177 1058 τινων
3202 1002 3483 1073 κρατῆτε,
3511 1002 3727 1073 κεκρά-

2149 1116 2376 1167 τηνται.
2402 1098 2563 1152 Ὀλον
2595 1098 2715 1151 ἐστι
2746 1097 3051 1169 θεοπρεπὲς
3086 1095 3144 1149 τδ
3176 1095 3553 1166 γεγενημένον
3577 1134 3592 1158 ,
3627 1094 3727 1148 καὶ

2148 1193 2243 1246 τοῦ
2271 1192 2473 1255 παντὸς
2502 1190 2650 1257 ἄξιον
2670 1190 2852 1259 λόγου.
2880 1188 3102 1261 Πρῶτον
3129 1188 3230 1259 μὲν
3252 1190 3363 1258 γάρ
3391 1188 3493 1261 οὐκ
3517 1185 3733 1253 ἀνορὼο

2150 1300 2305 1337 πινον
2337 1284 2398 1337 τδ
2428 1283 2745 1353 ἐμφυσῆσαι
2778 1285 2889 1345 τοῖς
2924 1281 3283 1345 ἀποστόλοις,
3318 1279 3416 1333 καὶ⁵
3447 1279 3633 1333 δοῦναι
3668 1279 3733 1333 τδ

2151 1375 2411 1447 Πνεῦμα·
2455 1370 2576 1428 εἶτα
2619 1374 2717 1429 καὶ
2764 1374 2936 1445 μέγα,
2983 1374 3080 1427 καὶ
3122 1373 3263 1444 ὑπὲρ
3303 1373 3405 1445 τὴν
3449 1371 3629 1426 κτίσιν
3672 1371 3737 1425 τὸ

2148 1467 2408 1538 τοιαύτην
2424 1466 2673 1534 ἐξουσίαν
2690 1468 3017 1537 παρασχεῖν,
3032 1464 3174 1519 ὥστε
3192 1467 3416 1532 κρατεῖν
3431 1459 3506 1519 ὧν
3524 1462 3740 1517 ἕλοιντο

2150 1561 2249 1624 τὰς
2272 1558 2567 1630 ἁμαρτίας,
2593 1558 2812 1628 ἀφιέναι
2835 1559 2891 1613 δὲ
2914 1553 2994 1622 οἷς
3019 1559 3085 1611 ἂν
3108 1557 3385 1628 βούλοιντο
3406 1557 3611 1625 τυχεῖν.
3635 1554 3740 1606 Διά

2151 1650 2310 1706 τοῦτο
2338 1652 2435 1705 καὶ
2461 1651 2549 1705 διὰ
2576 1649 2844 1721 σαρκικοῦ
2875 1651 3276 1720 ὲμφυσήματος
3304 1650 3366 1704 τὸ
3396 1647 3626 1720 Πνεῦμα
3655 1647 3741 1701 δίο

2151 1745 2337 1811 δωσιν,
2371 1744 2453 1797 ὅτι
2492 1744 2567 1814 μὴ
2603 1742 2864 1812 ἀλλοτρία
2891 1741 2985 1795 τοῦ
3022 1742 3197 1810 Λόγου
3235 1741 3461 1811 γέγονεν
3492 1742 3526 1811 ἡ
3563 1739 3739 1793 αὐτοῦ

2152 1836 2309 1908 σάρξ,
2340 1835 2455 1888 ἀλλ’
2482 1834 2666 1898 ίδικῶς
2692 1831 2880 1889 αὑτοῦ.
2912 1833 3022 1886 Καὶ
3051 1831 3397 1903 ἀνθρώπινον
3427 1834 3529 1903 μὲν
3558 1831 3619 1883 τὸ
3646 1830 3739 1883 διά

2152 1927 2353 1999 σαρκὸς
2386 1925 2726 1999 ἐμφύσημα,
2757 1925 2938 1979 θεῖκδν
2969 1924 3030 1979 δὲ
3084 1925 3181 1979 καὶ
3211 1924 3501 1994 δυνάμεως
3533 1924 3737 1993 ἔργον,

2150 2020 2211 2074 τδ
2243 2018 2508 2090 μετόχους
2539 2017 2820 2089 ἀποφῆναι
2849 2016 2946 2072 τοῦ
2979 2015 3302 2087 Πνεύματος
3331 2016 3461 2080 τοὺς
3489 2015 3743 2086 ἠξιωμέο

2152 2130 2299 2174 νους.

2232 2207 2417 2261 Ὅταν
2457 2204 2745 2274 ὑψώσητε
2790 2204 2898 2259 τὸν
2930 2204 3067 2259 Υίὸν
3086 2203 3194 2259 τοῦ
3215 2203 3559 2273 ἀνθρώπου,
3599 2206 3743 2258 τότε

2153 2298 2460 2366 γνώσεσθε
2481 2339 2494 2362 ,
2530 2299 2619 2352 ὅτι
2651 2296 2765 2366 ἐγώ
2797 2298 2936 2365 ειμι.
2970 2296 3083 2366 Τῆς
3100 2295 3403 2364 Ἰουδαϊκῆς
3435 2295 3706 2358 ἀπονοίας
3726 2334 3743 2359 ,

2153 2387 2219 2457 ἦν
2247 2387 2339 2440 ἐπὶ
2372 2385 2593 2457 Χριστῷ
2626 2385 2975 2457 πεποίηνται,
3005 2386 3103 2448 τὰς
3133 2382 3317 2448 αἰτίας
3347 2386 3480 2456 ἡμῖν
3508 2384 3745 2456 ἐξηγοῦ.

2156 2497 2316 2550 μενος
2361 2480 2389 2533 ό
2439 2477 2729 2542 Θεσπέσιος
2774 2478 3067 2550 Ἰωάννης,
3114 2478 3218 2532 Διά
3267 2475 3481 2542 τοῦτο,
3532 2478 3745 2550 φησιν,

2152 2570 2402 2625 ἐδίωκον
2444 2572 2498 2624 οι
2535 2569 2801 2625 Ἰουδαῖοι
2844 2568 2953 2624 τὸν
2988 2569 3255 2638 Ἰησοῦν,
3298 2570 3389 2624 ὅτι
3433 2570 3507 2624 οὐ
3544 2569 3748 2639 μόνον

2152 2662 2295 2716 ἔλυε
2326 2661 2392 2716 τὸ
2427 2660 2750 2727 Σάϐϐατον,
2784 2660 2946 2716 ἀλλὰ
2981 2662 3081 2716 καὶ
3115 2661 3345 2730 Πατέρα
3377 2660 3537 2715 ῑδιον
3567 2661 3748 2731 ἔλεγε

2152 2753 2261 2808 τὸν
2301 2754 2467 2819 Θεὸν,
2513 2754 2655 2809 τσον
2690 2750 2911 2807 ἑαυτὸν
2951 2752 3141 2808 ποιῶν
3176 2752 3257 2820 τῷ
3297 2753 3440 2820 Θεῷ.
3480 2754 3747 2807 Είσκεκὲι

2158 2863 2284 2917 μικε
2314 2846 2371 2900 δέ
2404 2862 2507 2898 που
2539 2846 2632 2899 καὶ
2660 2844 2859 2908 αὐτοὺς
2885 2844 3146 2915 λέγοντας
3177 2846 3430 2911 ἀνοσίω;,
3460 2846 3605 2916 Περι
3635 2863 3745 2901 xa-

2153 2940 2269 2995 λοῦ
2304 2939 2482 3009 ἔργου
2517 2938 2588 2994 οὐ
2618 2937 2936 3009 λιθάζομέν
2963 2956 3060 3004 σε,
3091 2940 3254 2995 ἀλλὰ
3284 2942 3419 3008 περὶ
3444 2941 3743 3010 ,βλασφη-

2148 3033 2313 3104 μιάς,
2343 3028 2430 3085 ὅτι
2459 3030 2541 3086 σὺ
2569 3031 2881 3100 ἄνθρωπος
2909 3027 3013 3097 ὢν,
3043 3032 3236 3099 ποιεῖς
3265 3033 3532 3086 σεαυτὸν
3563 3033 3739 3087 Θεόν.

478 3120 677 3173 nudum
709 3133 833 3173 esse
866 3120 1134 3174 hominem
1166 3119 1341 3189 ipsum
1368 3121 1767 3185 existimantes,
1801 3121 2053 3192 ignorau-

2157 3124 2365 3180 Οὐκοῦν
2405 3122 2785 3195 ἀπαράδεκτον
2823 3125 2924 3193 τὴν
2965 3124 3054 3177 ἐπ’
3081 3123 3232 3194 αὑτῷ
3275 3124 3604 3194 πεπνίηνται
3652 3124 3744 3176 πί-

480 3222 563 3266 tes
594 3222 795 3276 autem,
832 3208 1102 3279 Verbum,
1139 3226 1261 3264 cum
1293 3211 1429 3265 Deus
1448 3211 1538 3277 sit,
1576 3212 1645 3265 ita
1681 3227 1863 3268 semen
1886 3215 2058 3268 Abra-

478 3306 601 3361 bam
628 3305 952 3374 suscepisse,
977 3314 1031 3359 et
1054 3304 1234 3359 carnis
1258 3318 1323 3358 ac
1355 3304 1653 3375 sanguinis,
1708 3306 2059 3374 quemadmo-

476 3396 601 3449 dum
634 3409 750 3460 nos,
775 3396 1040 3464 partivep~
1063 3395 1247 3459 fuisse,
1280 3404 1336 3448 ut
1366 3393 1505 3449 Deus
1530 3410 1650 3449 esse
1678 3410 1783 3449 non
1846 3396 2059 3450 desine-

477 3497 583 3552 ret,
625 3502 746 3542 cum
784 3487 1138 3542 immutabilis
1169 3485 1241 3542 sit
1276 3497 1466 3541 natura
1519 3488 1679 3553 Deus,
1711 3498 1762 3543 ct
1794 3500 2056 3559 perpetuo

480 3582 641 3636 idem.
677 3578 859 3649 itaque
884 3597 1000 3633 cum
1022 3580 1408 3648 exaltaveritis,
1438 3581 1631 3651 inquit,
1656 3579 1853 3635 Filium
1887 3582 2058 3634 homi-

479 3674 583 3738 nis,
632 3682 755 3725 tunc
815 3672 1160 3743 cognoscetis,
1222 3673 1350 3743 quia
1403 3690 1494 3742 ego
1552 3691 1691 3727 sum.
1740 3673 2053 3729 Cruciiixus

480 3765 623 3819 enim
665 3766 763 3820 fuit
796 3766 1130 3830 humanitus,
1170 3766 1431 3821 divinitus
1482 3777 1661 3821 autem
1730 3768 1944 3833 revixit,
2004 3778 2058 3823 et

482 3872 578 3925 per
606 3858 1057 3913 resurrectionem
1132 3857 1525 3913 demonstravit
1590 3874 1650 3914 se
1705 3874 1827 3915 esse
1891 3863 2055 3916 etiam

482 3948 668 4010 Deum,
700 3958 754 4003 et
789 3963 912 4002 vere
934 3948 1126 4003 Filium
1151 3949 1264 4005 Dei.
1296 3950 1449 4015 Quod
1512 3950 1556 4005 si
1588 3967 1695 4005 non
1732 3952 1921 4019 alium,
1962 3956 2057 4009 sed

484 4054 543 4093 se
571 4039 684 4107 ipse
731 4042 907 4108 potius
940 4042 1243 4107 suscitavit,
1272 4054 1330 4096 ut
1355 4042 1706 4111 credidimus,
1737 4059 1960 4100 necesse
1975 4056 2060 4101 est

484 4143 543 4187 ut
576 4148 766 4201 corpus
790 4134 908 4203 ejus
950 4135 1224 4205 proprium
1254 4135 1642 4205 intelligamus,
1691 4136 1836 4206 quod
1912 4155 2057 4193 mor-

485 4238 591 4280 tem
625 4228 861 4295 pertulit,
925 4239 980 4282 ut
1009 4230 1123 4299 ipse
1154 4244 1367 4299 quoque
1410 4230 1623 4284 dicatur
1672 4230 2056 4285 resurrexisse.

484 4319 643 4387 Atqui
670 4318 987 4373 innnnrtalis
1008 4321 1244 4387 exsistit,
1263 4332 1320 4375 ut
1349 4320 1511 4375 Deus.
1544 4318 1714 4375 Unius
1740 4324 1882 4375 enim
1903 4323 2060 4376 Chri-

2161 3235 2301 3281 στιν,
2333 3216 2620 3288 ἄνθρωπον
2649 3215 2806 3284 ψιλὸν
2835 3209 2979 3269 εἶναι
3009 3216 3201 3287 νομίζο
3234 3234 3325 3280 τες
3354 3216 3543 3281 αὑτὸν,
3573 3218 3745 3287 imm.

2156 3310 2352 3377 ηκότες
2380 3308 2457 3373 δὲ,
2489 3309 2572 3362 ὅτι
2599 3307 2733 3372 Θεὸς
2764 3305 2839 3363 ὢν
2867 3308 3057 3377 Λόγος,
3090 3308 3387 3362 ἐπελάϐετο
3419 3308 3745 3380 σπέρματος

2170 3396 2444 3467 ’Λὸραάμ,
2472 3399 2565 3449 καὶ
2597 3395 2965 3467 κεκοινώνηκε
3000 3396 3100 3467 μὲν
3125 3397 3379 3467 αἵματος,
3405 3398 3500 3451 καὶ
3532 3395 3744 3466 σαρκὸς

2160 3488 2563 3559 παραπλησίως
2586 3489 2742 3558 ἡμῖν,
2770 3487 2909 3559 πλὴν
2932 3488 3033 3542 οὐκ
3055 3489 3268 3557 ἀπέστη
3295 3487 3389 3542 τοῦ
3415 3485 3560 3542 εἶναι
3582 3489 3745 3552 Θεός.

2162 3584 2462 3654 Ἀτρεπτος
2490 3582 2599 3653 γάρ
2624 3580 2767 3635 κατὰ
2805 3581 2967 3651 φύσιν
2994 3582 3145 3656 ἐστὶι,
3176 3583 3272 3635 καὶ
3300 3581 3567 3651 διηνεκῶς
3592 3582 3622 3636 ό
3649 3580 3749 3637 αύ-

2158 3676 2270 3737 τός.
2292 3674 2480 3729 Ὀταν
2508 3668 2622 3729 οὖν
2649 3672 2956 3742 ὑψώσητε,
2990 3674 3147 3743 φησὶ,
3179 3675 3289 3727 τὸν
3326 3673 3466 3728 Υιὸν
3491 3672 3601 3727 τοῦ
3635 3674 3746 3728 ἁν-

2160 3766 2417 3835 θρώπου.
2442 3766 2575 3819 τότε
2602 3765 2931 3837 γνώσεσθε,
2960 3763 3049 3819 ὅτι
3074 3764 3189 3835 ἐγώ
3213 3766 3355 3835 ειμι.
3387 3764 3745 3838 Ἑσταυρὼθη

2163 3859 2260 3929 μὲν
2290 3857 2399 3927 γὰρ
2432 3857 2792 3927 ἀνθρωπίνως
2811 3898 2825 3924 ,
2857 3856 3061 3912 ἀνεϐίω
3088 3856 3142 3910 δὲ
3176 3855 3375 3922 θεῖκῶς
3398 3900 3413 3923 ,
3446 3857 3545 3912 καὶ
3576 3860 3746 3912 πεπίο

2160 3967 2382 4004 στεῦται
2412 3948 2499 4003 διά
2527 3947 2631 4018 τῆς
2663 3949 3039 4014 ἀναστάσεως,
3070 3949 3153 4002 ὅτι
3183 3950 3278 4003 καὶ
3308 3950 3441 4013 Θεός
3469 3952 3613 4013 ἔστι,
3648 3952 3747 4005 καὶ

2160 4044 2295 4099 Θεοῦ
2338 4042 2481 4098 κατά
2521 4041 2775 4112 ἀλήθειαν
2816 4042 2965 4105 Υἱός.
3006 4040 3067 4095 Εἰ
3107 4041 3163 4095 δὲ
3199 4043 3563 4096 πεπίστευται
3602 4042 3744 4111 πρὸς

2159 4139 2316 4209 ήμῶν
2360 4138 2459 4207 οὐχ
2505 4136 2580 4200 ὡς
2630 4135 2818 4206 ἕτερον
2865 4137 3213 4205 ἀναστήσας,
3263 4136 3639 4204 ἐγηγερμένος
3686 4137 3747 4190 δὲ

2163 4230 2363 4301 μᾶλλον
2392 4227 2756 4297 αύτὸς,π5ἰσά
2788 4244 2905 4291 πως
2937 4227 3151 4295 ἀνάγκη
3181 4226 3269 4279 διὰ
3296 4227 3396 4297 τὴν
3422 4226 3745 4295 οἰκονομίαν

2163 4324 2293 4377 ἴδιον
2320 4321 2484 4375 αὐτοῦ
2518 4319 2678 4389 σῶμα
2705 4318 2946 4373 νοεῖσθαι
2976 4318 3037 4372 τὸ
3069 4318 3335 4380 πεπονθὸς
3362 4318 3456 4371 τὸν
3483 4318 3747 4384 Θάνατον,

483 4410 551 4465 sti
593 4419 646 4463 et
703 4410 819 4463 Filii
869 4423 1099 4467 mortem
1134 4414 1444 4467 nuntiantes
1498 4424 1551 4468 et
1608 4417 2053 4471 resurreCtionem

2165 4414 2249 4470 ἵνα
2286 4415 2379 4468 καὶ
2412 4415 2571 4477 αὐτὸς
2607 4414 2909 4482 ἀναστῆναι
2943 4412 3188 4479 λέγοιτο,
3226 4413 3407 4465 καίτοι
3438 4412 3541 4483 τὴν
3578 4412 3748 4481 φύσιν

482 4496 1174 4561 conﬁtcntesjustiticamur
1203 4517 1296 4570 per
1336 4503 1511 4556 (idem.
1553 4502 1889 4575 Quapropter
1944 4507 2053 4577 ipse

2163 4509 2432 4570 ἀθάνατος
2466 4505 2540 4558 ὢν
2572 4506 2645 4569 ὡς
2681 4505 2834 4567 Θεός.
2871 4504 3020 4566 Ἐνδς
3054 4504 3163 4573 γὰρ
3198 4504 3440 4571 Χριστοῦ
3476 4506 3571 4558 καὶ
3606 4504 3743 4558 Υἱοῦ

486 4603 540 4649 ιιι
591 4612 727 4648 unus
755 4607 807 4649 et
854 4599 1000 4651 SUIIIS
1026 4600 1292 4652 eXsistens
1321 4599 1568 4655 Christus
1634 4598 1794 4658 Jesus
1828 4604 2053 4657 humana

2160 4599 2250 4651 τὸν
2285 4597 2511 4651 Θάνατον
2544 4595 3046 4664 καταγγέλλοντες,
3081 4597 3176 4647 καὶ
3210 4594 3604 4664 ὁμολογοῦντες
3638 4598 3744 4665 τὴν

482 4687 699 4756 quidem
726 4689 934 4741 ratione
958 4704 1051 4755 per
1086 4705 1301 4743 carnem
1328 4702 1570 4747 mortuus
1604 4704 1709 4759 est,
1762 4696 2053 4750 resurrexit

2158 4692 2452 4745 ἀνάστασιν
2474 4728 2491 4753 ,
2522 4687 2882 4757 δικαιούμεθα
2912 4686 3001 4741 διὰ
3034 4688 3289 4750 πίστεως.
3324 4686 3540 4741 Οὐκοῦν
3570 4689 3600 4741 ό
3636 4690 3742 4742 αύ-

486 4789 663 4834 autem
697 4792 754 4833 ut
803 4781 931 4835 vita.

2159 4784 2269 4850 τὸς,
2303 4783 2378 4845 ὠς
2411 4778 2491 4846 εἷς
2522 4800 2581 4834 τε
2613 4783 2707 4835 καὶ
2742 4783 2904 4851 μόνος
2938 4781 3202 4852 ὑπάρχων
3234 4782 3468 4852 Χριστος
3500 4778 3744 4852 Ἰησοῦς,

2157 4877 2450 4930 ἀποθανεῖν
2478 4876 2580 4942 μὲν
2606 4873 2969 4944 ἀνθρωπίνως
2996 4871 3139 4925 κατὰ
3165 4870 3265 4943 τὴν
3291 4872 3472 4944 σάρκα
3496 4872 3751 4941 λέγεται,

2160 4967 2460 5040 ὲγηγέρθαι
2493 4967 2550 5020 δὲ
2580 4968 2655 5029 ὡς
2689 4967 2825 5034 ζωή.

557 5071 743 5121 Adhuc
770 5071 1026 5124 modicum
1059 5082 1257 5136 tempus
1308 5070 1576 5124 vobiscum
1603 5086 1743 5134 sum,
1769 5082 1815 5123 et
1835 5074 1969 5126 vado
1991 5073 2059 5125 ad

482 5179 597 5217 eum
631 5165 720 5231 qui
762 5165 904 5218 misit
935 5181 1015 5218 me
1035 5164 1078 5218 ⁸.
1120 5164 1220 5219 Ubi
1244 5179 1347 5218 non
1381 5176 1466 5218 est
1486 5163 1580 5217 Dei
1613 5161 1872 5230 Verbum,
1903 5166 1947 5220 si
1982 5165 2061 5219 di-

492 5256 731 5309 vinitatis
766 5268 955 5310 natura
1020 5258 1185 5326 replet
1223 5256 1442 5309 omnia?
1480 5256 1762 5323 Quomodo
1821 5257 1983 5324 igitur
2026 5275 2053 5309 ιι

490 5347 651 5402 Patre
684 5347 935 5413 mittitur,
968 5361 1061 5403 aut
1092 5349 1365 5419 quomodo
1389 5352 1456 5404 ad
1485 5350 1659 5418 ipsum
1709 5352 1888 5405 vadit?
1937 5352 2059 5405 Mit-

487 5441 619 5493 titur
648 5440 880 5493 liumana
904 5442 1133 5509 quidem,
1154 5442 1380 5505 ratione,
1410 5450 1677 5510 quatenus
1724 5443 1790 5496 ad
1838 5444 2053 5497 missio-

493 5530 573 5583 nis
606 5532 823 5585 modnm
853 5532 1109 5602 pertinet,
1138 5540 1196 5585 ιιι
1245 5532 1505 5601 praedicet
1526 5534 1755 5600 captivis
1780 5534 2056 5589 liberatio-

489 5637 631 5681 uctn,
662 5624 818 5675 czecis
858 5632 1034 5676 autem
1060 5626 1257 5679 visum.
1301 5625 1457 5679 Vadit
1514 5636 1691 5680 autem
1727 5628 1791 5680 ad
1844 5627 2057 5682 Patrem

2234 5064 2362 5115 Ἔτι
2390 5060 2605 5130 μικρὸν
2635 5062 2858 5128 χρόνον
2880 5058 3011 5130 μεθ’
3032 5058 3201 5129 ὑμῶν
3230 5061 3367 5130 ειμι,
3399 5058 3497 5113 καί
3529 5060 3752 5129 ὑπάγω

2159 5157 2312 5223 πρὸς
2344 5158 2452 5207 τὸν
2484 5153 2809 5221 πέμψαντὰ
2838 5169 2934 5221 με.
2972 5151 3080 5205 Ποῦ
3120 5154 3230 5223 γὰρ
3267 5153 3367 5205 οὐκ
3405 5151 3555 5204 ἐστιν
3586 5155 3617 5205 ό
3651 5152 3752 5206 τοῦ

2158 5248 2295 5300 Θεοῦ
2334 5247 2530 5314 Λόγος,
2569 5247 2617 5296 εί
2666 5246 2865 5315 πληροῖ
2903 5244 2973 5298 τὰ
3017 5245 3193 5298 πάντα
3234 5246 3301 5315 τῇ
3341 5243 3442 5313 τῆς
3480 5241 3748 5315 Θεόεητος

2164 5342 2359 5411 φύσεις
2404 5338 2526 5402 Πῶς
2558 5333 2652 5391 οὖν
2689 5338 2966 5407 πέμπεται
3007 5338 3161 5408 παρὰ
3194 5337 3289 5389 τοῦ
3330 5336 3578 5408 Πατρός;
3622 5339 3747 5401 πῶς

2165 5434 2220 5487 δὲ
2264 5433 2470 5500 ύπάγει
2513 5433 2651 5501 πρὸς
2695 5431 2888 5497 αὐτόν;
2932 5432 3141 5484 Οὐκοῦν
3185 5432 3465 5501 πέμπεται
3511 5431 3616 5502 μὲν
3650 5433 3751 5486 ἀν⁹

2165 5526 2451 5599 Ορωπίνως
2480 5524 2621 5578 κατά
2651 5541 2713 5594 γε
2741 5524 2829 5578 τὸν
2856 5523 2957 5594 τῆς
2989 5524 3299 5592 ἀποστολῆς
3324 5525 3529 5593 τρόπον
3557 5540 3621 5577 τε
3649 5522 3748 5576 καὶ

2164 5622 2346 5690 λογον,
2376 5620 2463 5673 ἵνα
2495 5619 2708 5690 κηρύξῃ
2743 5619 2840 5689 μὲν
2868 5615 3239 5689 αἰχμαλώτοις
3268 5615 3489 5686 ἄφεσιν,
3523 5616 3751 5686 τυφλοῖς

461 5784 469 5793 ’
568 5800 582 5829 ¹
636 5797 791 5849 .iuan.
849 5814 943 5861 xx,
982 5797 1075 5865 9.9.,
1127 5803 1218 5857 ‘23.
1296 5807 1316 5837 ³
1350 5804 1654 5870 1οιιιιΛίιι,
1686 5806 1778 5859 ‘28.
1856 5806 1874 5837 ³
1913 5806 2046 5862 Joun

2174 5804 2261 5860 18.
2346 5804 2365 5835 ⁸
2416 5805 2571 5860 Juan.
2632 5823 2679 5859 τ.
2737 5802 2823 5856 55.
2905 5803 3112 5861 'Joun.
3145 5820 3263 5866 xui,
3296 5802 3385 5855 33.
