4036 6210
365 236 474 300 949

1333 236 1707 298 PANOPLIA
1752 234 2190 298 DOGMATICA
2254 259 2321 269 -
2351 234 2500 295 ΤΙΤ.
2548 232 2669 295 XV.

3528 238 3631 301 950

365 359 470 415 σεῐ,
504 348 602 402 καὶ
621 347 756 402 ίδιον
785 346 929 420 ἔχων
947 349 1112 417 αὐτός
1145 351 1195 404 εί
1215 351 1271 403 δὲ
1293 351 1396 404 ἀνὰ
1427 353 1594 421 μέρος
1621 352 1716 404 καί
1747 348 1950 412 ίδικῶς,

2061 348 2183 401 heat
2208 351 2488 419 preprlum
2516 363 2580 402 ac
2615 362 2770 403 suum
2820 345 2959 401 lSin
2993 345 3267 400 hominem
3336 348 3630 415 privatum,

358 444 527 514 ἦγουν
562 441 707 495 κατὰ
740 443 912 512 μόνας
940 443 1033 496 τὸν
1066 444 1130 496 ὲκ
1154 444 1410 511 γυναικὸς
1438 443 1729 517 ἄνθρωπον
1756 442 1945 511 δεδεῆ-

360 532 483 587 σθαί
520 548 657 602 φασι
698 532 796 602 τῆς
838 531 935 586 τοῦ
969 532 1286 603 Πνεύματος
1338 536 1597 606 μετοχῆς,
1631 535 1750 597 πῶς
1782 532 1947 596 αύτός

360 627 512 679 ἔστιν
543 624 573 677 ό
604 624 889 695 βαπτίζων
926 627 985 679 ὲν
1030 624 1198 696 αύτῷ,
1235 626 1415 679 καίτοι
1464 627 1606 699 μόνῃ
1638 626 1947 699 πρέποντος

358 721 426 789 τῇ
461 718 729 789 ἀνωτάτῳ
786 719 949 788 φύσει
1007 717 1105 771 τοῦ
1154 720 1248 773 καὶ⁴
1296 719 1625 787 ἀποφαίνειν
1682 716 1947 772 δύνασθαι

364 814 769 887 μετεσχηκότας
801 815 896 869 τοῦ
917 815 1056 870 Πνεύ
1065 832 1236 884 ματος
1255 815 1384 878 τοὺς
1406 812 1734 885 προσιόντας
1763 809 1902 878 αὐτῇ
1928 824 1943 874 ;

364 904 429 958 Ei
458 903 514 957 δὲ
559 903 777 975 δέχεται
817 906 911 959 καὶ
966 905 1183 960 δίδωσιν
1223 907 1251 959 ὁ
1300 904 1484 971 αὐτὸς,
1536 903 1825 977 πρόδηλον,
1862 902 1948 956 ὅτι

361 997 506 1053 κατά
533 1013 598 1066 γε
636 999 764 1060 τοὺς
814 1000 915 1071 τῆς
958 998 1097 1070 μετά
1141 1000 1344 1070 σαρκὸς
1380 998 1697 1067 οἰκονομίας
1730 997 1945 1066 λόγους,

362 1090 457 1143 καὶ
488 1089 627 1143 καθὸ
659 1090 848 1158 φύσει,
880 1090 979 1144 καὶ
1007 1091 1224 1161 ἀληθῶς
1246 1093 1363 1145 ἐστι
1396 1091 1549 1157 Θεός.
1598 1090 1821 1161 Δέχεται
1848 1087 1948 1157 μὲν

360 1181 467 1254 γὰρ
491 1181 849 1252 ἀνθρωπίνως
878 1181 976 1253 οὐχ
1006 1182 1184 1253 ἑαυτῷ
1216 1182 1437 1253 μᾶλλον,
1462 1181 1601 1236 ἀλλά
1629 1183 1698 1253 τῇ
1728 1180 1824 1236 ἀνθ
1836 1177 1946 1250 ρώ-

363 1292 482 1328 πων
512 1273 759 1344 φύσειδι’
785 1274 1010 1341 ἑαυτοῦ,
1036 1274 1129 1329 καὶ
1158 1276 1212 1328 ὲν
1229 1275 1405 1346 ἑαυτῷ
1427 1274 1643 1345 πρῶτον
1665 1270 1945 1340 προξενῶν

363 1366 499 1421 αὐτό
542 1383 557 1399 ο
594 1367 779 1421 δίδωσι
806 1368 862 1422 δὲ
895 1366 1093 1432 θεῖκῶς
1116 1368 1175 1432 ἐξ
1203 1368 1341 1431 ἰδίας
1391 1366 1556 1421 αὐτοῦ
1584 1364 1798 1436 φύσεως
1834 1363 1948 1427 τοῖς

361 1460 533 1527 ἀξίοις
573 1458 669 1512 τοῦ
697 1458 882 1512 λαϐεῖν
917 1458 1105 1522 ὲνιείς.
1130 1454 1243 1512 Ἦν
1276 1457 1376 1528 μὲν
1405 1456 1500 1512 οῦν
1539 1457 1617 1529 τῷ
1643 1454 1947 1528 προκειμέ-

360 1570 437 1623 νῳ
467 1551 618 1624 ρητῷ
648 1551 1014 1623 προσεοικότα
1059 1568 1119 1606 τε
1150 1552 1246 1604 καὶ
1278 1534 1370 1605 τὸν
1419 1551 1537 1605 ἴσον
1582 1549 1778 1621 ἔχοντα
1818 1547 1946 1602 νοῦν

2052 449 2106 493 ει
2127 438 2322 503 solum,
2354 438 2442 509 qui
2482 454 2551 493 ex
2609 437 2836 492 muliere
2863 446 3025 492 natus
3055 437 3149 499 sit,
3198 436 3409 505 Spiritu
3477 441 3633 495 dixe-

2054 528 2173 583 rint
2209 528 2475 599 indigere,
2512 528 2785 598 quomodo
2806 527 2925 597 ipse
2982 536 3066 582 est
3116 528 3206 597 qui
3282 530 3522 600 baptizat
3580 532 3630 585 in

2051 619 2169 687 ipso
2219 617 2461 689 Spiritu,
2521 634 2647 675 cum
2719 618 2821 675 soli
2872 634 3139 688 suprema:
3168 631 3378 676 natura:
3432 637 3631 676 conve-

2050 706 2167 762 niat
2200 721 2357 777 posse
2421 707 2704 765 declarare
2777 707 3014 778 Spiritus
3078 710 3369 778 participes
3406 726 3500 766 eos
3540 710 3632 781 qui

2050 801 2118 854 ad
2182 800 2361 870 ipsum
2415 800 2735 856 accedunt?
2778 800 2937 867 Quod
2970 802 3017 857 si
3058 817 3201 859 unus
3273 813 3438 872 atque
3488 802 3627 857 idem

2050 898 2157 960 est,
2197 892 2290 962 qui
2325 892 2576 962 suscipit,
2609 902 2664 948 et
2690 893 2782 965 qui
2814 893 3066 964 largitur,
3120 893 3469 963 perspicuum
3526 904 3632 958 est,

2051 985 2166 1041 hazc
2215 986 2356 1051 ﬁeri,
2396 993 2668 1058 quatenus
2715 986 2955 1059 pertinet
3006 985 3075 1042 ad
3116 998 3407 1058 assumpta:
3452 988 3633 1045 carnis

2050 1076 2540 1148 dispensationem,
2576 1088 2627 1135 et
2678 1089 2952 1150 quatenus
3007 1089 3209 1134 natura
3245 1086 3300 1136 et
3338 1093 3464 1134 vere
3495 1080 3633 1133 Deus

2048 1182 2153 1227 est.
2184 1170 2421 1240 Suscipit
2448 1174 2594 1229 enim
2647 1182 2708 1227 ut
2759 1174 2943 1237 homo,
3005 1187 3107 1227 non
3143 1172 3310 1244 magis
3341 1172 3443 1227 sibi
3467 1188 3631 1243 quam

2053 1260 2302 1316 humanae
2360 1271 2567 1317 natura:
2617 1276 2714 1331 per
2739 1263 2980 1333 seipsum
3009 1270 3065 1316 et
3118 1263 3169 1317 in
3221 1262 3399 1331 seipso
3460 1262 3635 1332 primo

2052 1350 2315 1422 Spiritum
2370 1355 2690 1411 concilians.
2729 1355 3028 1411 Datautein
3063 1364 3121 1410 ut
3173 1354 3341 1419 Deus,
3384 1370 3450 1409 ex
3511 1370 3633 1425 pro-

2048 1445 2167 1517 pria
2200 1457 2394 1501 natura
2425 1446 2668 1503 tribuens
2701 1447 2809 1503 illis
2860 1447 2951 1517 qui
2980 1446 3132 1518 digni
3202 1454 3353 1510 sunt,
3393 1455 3453 1501 ut
3505 1459 3630 1501 eum

2049 1540 2345 1609 accipiant.
2381 1538 2631 1596 Poteram
2690 1539 2820 1595 huic
2873 1540 3162 1595 sententia:
3241 1539 3442 1594 multas
3497 1537 3633 1592 alias

363 1640 695 1712 παραθεῖναι
716 1642 814 1696 καὶ
843 1641 1006 1712 ἕτερα
1029 1657 1043 1673 ο
1068 1640 1129 1694 τὸ
1156 1640 1213 1694 δέ
1235 1657 1299 1709 γε
1323 1641 1651 1695 ταυτοεπεῖν
1684 1638 1947 1710 φορτικὸν

2053 1630 2261 1688 similes
2299 1640 2355 1688 et
2389 1645 2502 1687 ean
2525 1631 2647 1688 dem
2676 1631 2941 1688 habentes
2966 1631 3072 1687 vim
3113 1632 3165 1686 in
3229 1633 3462 1687 medium
3509 1646 3636 1701 pro-

362 1696 583 1797 είδάτες,
610 1733 788 1788 ἐκεῖνό
817 1696 1024 1804 φαμεν,
1067 1731 1142 1797 ὡς
1170 1696 1389 1804 ἀπόχρη
1438 1732 1553 1795 τοῖς
1602 1696 1948 1800 νουνεγεστέ-

2053 1721 2216 1790 ferre,
2276 1737 2462 1783 verum
2488 1738 2610 1779 cum
2644 1722 2783 1779 idem
2815 1732 3060 1794 repetere
3100 1723 3390 1779 molestum
3437 1724 3531 1790 sit,
3567 1737 3631 1778 ex

365 1843 480 1895 ροις
516 1826 550 1898 ἠ
604 1825 724 1890 ἐνὸς
774 1826 1037 1896 ἐξήγησις
1067 1825 1146 1889 είς
1177 1824 1277 1897 τὴν
1307 1824 1417 1877 τῶν
1468 1822 1672 1894 ὁμοίως
1712 1822 1947 1891 ἑχόντων

362 1918 568 1990 ἀκριϐῆ
594 1917 949 1990 διασάφησιν.
980 1917 1197 1975 Οὐκοῦν
1237 1917 1432 1982 ὁσάκις
1461 1916 1528 1973 ἀν
1559 1916 1773 1985 λέγοιτο
1809 1915 1946 1986 Χριο

365 2013 488 2075 arb;
520 2010 848 2081 ἀγιάζεσθαι
894 2012 1102 2081 τυχεῖν,
1158 2012 1331 2083 ἧγουν
1364 2010 1426 2067 τὸ
1472 2007 1701 2080 Πνεῦμα
1731 2008 1943 2074 λαϐεῖν,

363 2104 509 2158 κατά
539 2103 733 2158 τοῦτον
768 2103 935 2158 αὑτὸν
963 2102 1057 2157 τὸν
1094 2102 1300 2174 τρόπον
1334 2102 1608 2174 προσήκει
1638 2106 1803 2157 νοεῖν.

436 2194 575 2265 Περὶ
596 2194 666 2249 δὲ
689 2193 802 2264 τῆς
828 2194 1076 2265 ἡμέρας,
1105 2194 1145 2264 ἢ
1170 2193 1283 2265 τῆς
1302 2194 1459 2263 ὥρας
1489 2194 1727 2271 ἐκείνης
1747 2192 1950 2260 οὐδείς

361 2284 549 2353 older,
580 2289 719 2346 οὔτε
748 2291 802 2344 οι
824 2287 1069 2358 ἄγγελοι
1099 2285 1219 2344 τῶν
1240 2287 1538 2357 οὐρανῶν,
1568 2288 1708 2343 οὔτε
1736 2288 1768 2341 ό
1794 2285 1950 2353 Υἱὸς,

362 2384 418 2437 εί
444 2380 532 2451 μὴ
576 2384 610 2437 ό
637 2381 861 2452 Πατήρ.
918 2382 981 2436 Ei
1010 2380 1248 2453 Χριστὸν
1279 2379 1402 2445 ἕνα,
1436 2378 1625 2449 φασιν,
1661 2378 1953 2451 ὁμολογεῖν

364 2473 650 2541 ιγνὼκατε
682 2472 775 2529 τὸν
802 2471 897 2531 τοῦ
927 2470 1064 2528 Θεοῦ
1106 2471 1285 2542 Λόγον
1306 2471 1752 2544 σεσαρκωμὲνον,
1783 2472 1953 2544 ἧγουν

364 2566 838 2640 ἑνηνθρωπηκότα
867 2605 884 2633 ,
933 2565 1053 2630 πῶς
1102 2565 1292 2637 ἠγνόει
1340 2564 1438 2639 τὴν
1488 2565 1591 2636 τῆς
1638 2563 1953 2628 συντελείας

364 2661 579 2735 ἡμέραν
602 2678 619 2730 ;
646 2660 835 2731 Φαμὲν
880 2660 997 2728 οῦν,
1022 2661 1108 2715 ὅτι
1156 2662 1431 2733 ἀγνοῆσαι
1454 2661 1619 2732 τυχὸν
1647 2661 1719 2715 τὰ
1748 2662 1806 2716 ὲν
1832 2660 1953 2731 Θεῷ

366 2754 648 2826 μυστήρια
688 2753 814 2807 οὔτε
839 2753 1134 2825 ἀσύνηθες,
1171 2753 1297 2811 οὔτε
1329 2755 1438 2826 μὴν
1469 2754 1672 2825 ἑτέρως
1700 2753 1954 2824 ἀπρεπὲς

362 2846 533 2917 ἂνεῖη
558 2849 626 2919 τῇ
654 2847 851 2901 κτίσει.
888 2848 984 2914 Τίς
1017 2847 1128 2916 γὰρ
1158 2847 1312 2918 ἔγνω
1351 2847 1504 2904 γοῦν
1530 2847 1785 2915 Κυρίου;
1808 2844 1954 2901 κατὰ

361 2938 425 2992 τὸ
444 2939 985 3010 γεγραμμένον.Καὶ
1014 2938 1062 2992 εἰ
1090 2938 1307 3008 λέγεται
1326 2939 1503 3011 βραχὺ
1523 2939 1657 3011 παρ’
1685 2938 1953 3009 ἀγγέλους

2050 1815 2211 1872 unius
2242 1814 2341 1871 ioci
2373 1814 2743 1871 declaratione
2797 1814 3092 1886 prudentes
3133 1816 3405 1883 homines,
3436 1825 3629 1871 caetera

2049 1905 2245 1962 similia
2297 1907 2415 1963 loca
2474 1905 2632 1964 facile
2683 1907 2915 1963 dicimus
2993 1907 3387 1964 intellecturos.
3454 1905 3638 1977 itaque

2050 1998 2267 2069 quoties
2302 1998 2575 2065 Christus,
2605 2007 2699 2054 aut
2725 1999 3054 2056 sanctificari
3101 1998 3332 2064 dicetur,
3364 2006 3457 2054 aut
3514 1998 3636 2070 Spi-

2052 2091 2215 2148 ritum
2249 2093 2517 2163 accipere,
2552 2090 2656 2148 hoc
2686 2093 2847 2148 modo
2892 2091 3149 2147 convenit
3200 2091 3520 2162 intelligere.

2123 2202 2204 2259 De
2241 2205 2324 2259 die
2367 2214 2566 2271 autem,
2596 2214 2688 2259 aut
2714 2204 2846 2260 hora
2900 2205 2997 2259 illa
3061 2221 3210 2260 nemo
3254 2204 3415 2270 norit,
3475 2220 3635 2273 neque

2053 2296 2233 2367 angeli
2287 2296 2542 2362 caelestes,
2598 2313 2764 2369 neque
2815 2294 2993 2353 Filius
3026 2339 3043 2366 ,
3112 2297 3218 2352 nisi
3270 2296 3435 2353 Pater
3490 2297 3530 2353 ⁸.
3576 2297 3632 2351 Si

2053 2387 2333 2447 Christum
2391 2405 2584 2455 unum,
2641 2388 2920 2458 inquiunt,
2990 2389 3357 2447 conﬁtendum
3397 2391 3634 2445 senseris

2056 2480 2153 2536 Dei
2191 2479 2447 2547 Verbum,
2479 2482 2627 2553 quod
2654 2496 2899 2549 carnem,
2930 2496 3026 2539 seu
3061 2481 3335 2538 hominem
3387 2498 3637 2551 assump-

2055 2572 2149 2637 sit,
2176 2572 2448 2642 qnomodo
2476 2573 2962 2630 consummationis
2994 2573 3137 2629 diem
3163 2572 3466 2645 ignoravit?
3529 2573 3635 2628 lie-

2056 2663 2390 2734 spondemus
2424 2679 2527 2720 nec
2584 2663 2863 2720 insolitum
2892 2679 3057 2731 esse,
3124 2680 3223 2722 nec
3268 2666 3534 2722 dedecere
3580 2675 3639 2720 ut

2055 2770 2144 2814 res
2172 2766 2464 2826 procreata:
2504 2757 2758 2828 ignorent
2784 2758 3068 2830 mysteria,
3106 2773 3226 2829 qua:
3270 2770 3397 2814 sunt
3422 2760 3474 2814 in
3503 2760 3635 2813 Deo.

2058 2848 2194 2916 Quis
2217 2849 2389 2916 enim,
2448 2851 2645 2922 inquit,
2676 2850 2818 2906 novit
2862 2867 3075 2907 sensum
3132 2850 3347 2906 Domini
3372 2850 3444 2904 ’Ἰ
3483 2848 3553 2907 Ει
3594 2850 3640 2903 si

2058 2941 2227 3002 Filius
2248 2945 2444 3003 dicitur
2473 2946 2690 3017 paulum
2728 2946 2795 3002 ab
2834 2946 3042 3016 angelis
3074 2946 3418 3012 imminutus,
3446 2954 3641 3015 quate-

361 3033 391 3084 ὁ
423 3030 545 3095 Υίδς
570 3029 916 3102 ὴλαττῶσθαι
939 3068 957 3097 ,
1015 3031 1152 3089 καθὸ
1180 3031 1411 3100 γέγονεν
1446 3030 1736 3103 ἄνθρωπος
1759 3031 1950 3104 δηλον-

2061 3050 2160 3092 nus
2183 3036 2347 3093 homo
2378 3036 2555 3093 factus
2589 3045 2694 3104 est,
2718 3039 2966 3109 quamvis
2994 3046 3051 3093 ut
3086 3038 3226 3093 Deus
3291 3042 3455 3094 rebus
3506 3053 3645 3107 prae-

362 3123 471 3187 ότι,
530 3122 708 3185 καίτοι
743 3123 975 3187 κτίσεως
998 3123 1222 3195 ἀπάσης
1248 3124 1325 3178 ὣν
1352 3123 1613 3179 ιπέκεινα
1638 3121 1860 3189 θεῖκῶς,
1893 3123 1947 3181 τί

361 3222 427 3277 το
457 3220 666 3291 θαῦμα,
683 3222 784 3276 κᾶν
818 3220 953 3294 ὁμοῦ
979 3224 1093 3287 τοῖς
1116 3222 1372 3292 ἀγγέλοις
1394 3222 1613 3291 ἀγνοεῖν
1644 3221 1865 3291 λέγεται
1888 3220 1950 3276 τὸ

364 3316 425 3368 ὲν
445 3314 564 3386 Θεῷ
589 3315 913 3387 μυστήριον,
946 3315 1126 3370 καίτοι
1156 3313 1319 3386 σοφία
1353 3315 1450 3369 καὶ
1499 3312 1732 3385 δύναμις
1767 3313 1947 3384 ὑπάρ-

365 3426 479 3480 χων
506 3408 670 3464 αὐτοῦ
696 3426 711 3477 ;
744 3406 876 3465 Εἶτα
905 3409 1023 3473 πῶς
1045 3409 1112 3465 ἂν
1140 3410 1408 3484 4ιδγνόησεν
1438 3409 1473 3481 ἠ
1508 3407 1672 3478 σοφία
1699 3407 1790 3462 τοῦ
1812 3406 1949 3463 Θεοῦ

366 3502 465 3557 καὶ
518 3502 730 3573 Πατρὸς
762 3503 833 3556 τὰ
865 3502 922 3555 ὲν
954 3501 1108 3572 αύτῷ
1155 3501 1557 3573 κεκρυμμένας
1618 3499 1731 3555 Καὶ
1782 3500 1831 3554 εί
1890 3501 1952 3554 τὺ

366 3592 599 3665 Πνεῦμα
642 3593 871 3663 λέγεται
910 3594 1091 3650 πάντα
1143 3594 1397 3664 ὲρευνᾷν,
1430 3594 1527 3648 καὶ
1560 3592 1633 3647 τὰ
1681 3592 1821 3664 βάθη
1852 3592 1951 3647 τοῦ

365 3685 527 3750 Θεοῦ,
548 3684 610 3740 τὺ
641 3685 867 3756 Πνεῦμα
896 3684 954 3739 δέ
979 3686 1097 3741 ἔστι
1122 3684 1220 3740 τοῦ
1252 3684 1516 3756 Χριστοῦ,
1544 3683 1662 3747 πῶς
1691 3684 1759 3740 ἂν
1789 3682 1952 3748 αὐτὸς

366 3780 637 3851 ἠγνόησεν
672 3778 821 3851 ἀπερ
874 3772 1018 3833 οἶδεν
1068 3776 1316 3848 ἀκριϐῶς
1354 3776 1420 3832 τὸ
1472 3776 1700 3847 Πνεῦμα
1746 3774 1951 3843 αὐτοῦ;

366 3870 580 3927 ούκοῦν
613 3870 718 3925 κάν
747 3872 962 3939 ἀγνοεῖν
1016 3867 1374 3938 ἀνθρωπίνως
1407 3867 1659 3937 λέγηται,
1692 3866 1813 3923 ἀλλ’
1840 3863 1953 3922 oio:

367 3964 587 4028 θιῖκῶς.
618 3964 733 4020 Καὶ
758 3962 913 4032 γοῦν,
948 3962 1073 4017 Ποῦ
1095 3961 1344 4017 τέθειται
1369 3959 1676 4029 Αάζαρος;
1708 3960 1950 4033 ἀρωτῶν,

370 4058 445 4122 ὼς
475 4057 598 4125 ἐξὸν
627 4054 776 4126 αὐτῷ
812 4059 886 4125 μὴ
907 4055 1111 4111 εἰδέναι
1141 4052 1287 4108 κατὰ
1309 4053 1370 4105 τὸ
1399 4053 1762 4124 ἀνθρώπινον,
1790 4054 1956 4126 ἐνήρ-

371 4167 462 4220 γει
491 4149 714 4215 θεῖκῶς,
736 4149 1054 4219 ἀναστήσας
1073 4147 1238 4203 αὑτὸν
1259 4147 1324 4201 ἐκ
1354 4146 1587 4218 νεκρῶν.
1619 4146 1953 4218 ’Λπονέμον-

367 4260 459 4307 τις
483 4246 665 4297 τοίνυν
702 4245 768 4314 τῇ
798 4241 938 4313 μετὰ
965 4239 1171 4313 σαρκὸς
1196 4240 1482 4311 οἰκονομίᾳ
1511 4239 1580 4295 τά
1606 4236 1948 4309 ἀνθρώπινα,

2049 3134 2157 3182 stet
2186 3127 2438 3185 omnibus
2461 3130 2785 3199 procreatis,
2811 3129 2939 3199 quid
2985 3129 3203 3197 mirum,
3252 3129 3297 3184 si
3350 3144 3454 3182 una
3512 3145 3636 3184 cum

2053 3218 2259 3290 angelis
2290 3218 2542 3289 ignorare
2571 3222 2785 3278 dicatur
2808 3222 3087 3293 mysteria,
3105 3237 3226 3293 qua:
3247 3230 3375 3279 sunt
3398 3222 3455 3278 in
3490 3222 3643 3279 1)εοῖ

2052 3311 2217 3382 Atqui
2285 3313 2555 3384 sapientia
2584 3324 2692 3380 est,
2723 3325 2779 3371 et
2807 3317 2980 3372 virtus
3004 3316 3195 3387 ipsius.
3232 3316 3516 3383 Quomodo
3542 3332 3639 3370 δυο

2054 3412 2165 3461 tem
2200 3406 2417 3474 ignoret
2468 3406 2735 3479 sapientia
2768 3407 2863 3463 Dei
2903 3418 2957 3464 et
3002 3408 3181 3465 Patris
3234 3423 3356 3480 quae
3402 3417 3529 3467 sunt
3586 3409 3642 3464 in

2052 3495 2170 3568 ipso
2189 3498 2507 3556 abscondita
2531 3498 2555 3553 ’ί
2584 3499 2651 3555 Et
2686 3499 2730 3555 si
2766 3499 3002 3570 Spiritus
3023 3501 3226 3556 dicitur
3249 3511 3454 3559 cuncta
3485 3516 3640 3557 scru-

2053 3588 2181 3657 tari,
2213 3590 2379 3646 etiam
2419 3590 2685 3661 profunda
2714 3590 2832 3656 Dei,
2867 3589 3106 3661 Spiritus
3137 3602 3318 3649 autem
3346 3601 3429 3650 est
3486 3596 3643 3651 Chri-

2052 3683 2167 3750 sti,
2190 3683 2470 3755 quomodo
2498 3682 2760 3742 Christus
2790 3685 3064 3756 ignoravit
3088 3701 3150 3742 ea
3185 3702 3309 3757 quae
3361 3688 3522 3759 plane
3541 3704 3641 3744 no-

2052 3776 2131 3831 vit
2147 3774 2385 3845 Spiritus
2420 3774 2594 3847 ipsius
2618 3776 2641 3831 2
2667 3776 2960 3833 Dicendum
2990 3775 3154 3849 igitur
3173 3786 3281 3843 est,
3305 3792 3428 3833 eum
3450 3793 3643 3847 quam-

2054 3868 2138 3925 vis
2164 3868 2380 3940 ignoret
2409 3876 2471 3924 ut
2506 3869 2691 3937 homo,
2721 3868 2866 3927 scire
2914 3876 3097 3924 tamen
3131 3875 3191 3924 ut
3251 3869 3448 3925 Deum.
3502 3867 3638 3924 Nam

2052 3974 2179 4019 cum
2213 3958 2378 4016 etiam
2406 3958 2716 4032 quaesisset,
2754 3959 2846 4016 ubi
2877 3959 3125 4017 Lazarus
3183 3968 3336 4017 esset
3388 3960 3629 4031 positus,

2056 4060 2312 4122 tanquam
2339 4052 2441 4120 ipsi
2470 4061 2530 4108 ut
2554 4051 2760 4108 homini
2789 4052 2981 4107 liceret
3004 4051 3239 4119 nescire,
3283 4061 3352 4107 ιιι
3382 4050 3524 4108 Deus
3555 4061 3637 4108 ta-

2058 4164 2181 4204 men
2208 4147 2360 4203 illum
2384 4161 2412 4201 a
2447 4146 2682 4205 mortuis
2710 4146 2965 4205 excitans
3013 4146 3069 4202 in
3113 4148 3281 4205 vitam
3332 4147 3632 4205 revocavit.

2059 4237 2384 4296 Tribuentes
2414 4239 2578 4311 igitur
2602 4231 3024 4310 dispensationi,
3049 4253 3168 4309 qua:
3187 4238 3242 4296 in
3269 4250 3433 4297 carne
3495 4239 3638 4297 facta

368 4336 680 4406 τηρήσομεν
730 4332 972 4398 εὐσεϐῶς
1022 4333 1120 4388 καὶ
1149 4331 1275 4386 καθ’
1320 4332 1467 4403 ἡμᾶς
1496 4331 1748 4403 γεγονότι
1778 4330 1859 4404 τῷ
1884 4333 1950 4386 ὲκ

2057 4341 2163 4397 εει,
2210 4331 2301 4388 illa
2334 4347 2456 4403 qua:
2502 4341 2628 4388 sunt
2684 4332 2942 4398 humana,
2984 4331 3248 4391 Verboex
3294 4331 3412 4390 Dio
3457 4335 3641 4406 genito

370 4428 505 4482 Θεοῦ
535 4428 693 4498 φύντι
722 4426 882 4497 Λόγῳ
917 4426 985 4480 τὰ
1012 4425 1317 4497 θεοπρεπῆ.

445 4604 829 4674 Βαπτιζόμεθα
854 4605 1044 4676 ὥσπερ
1068 4606 1149 4670 είς
1169 4604 1228 4662 ἓν
1252 4604 1425 4677 ὄνομα
1449 4603 1543 4660 τοῦ
1576 4607 1959 4678 Πατρδς,οῦτω

369 4701 464 4752 καὶ
487 4701 569 4763 είς
613 4698 672 4751 ἓν
706 4698 880 4767 ὄνομα
907 4697 1002 4754 τοῦ
1034 4697 1189 4763 Υίοῦ,
1223 4699 1320 4753 καὶ
1352 4700 1433 4764 είς
1472 4699 1565 4753 τὸν
1594 4699 1825 4755 θάνατον
1852 4700 1957 4754 αύ-

368 4790 487 4858 τοῦ,
530 4791 626 4845 καὶ
650 4793 731 4855 είς
769 4791 830 4844 τὸ
857 4790 1080 4861 Πνεῦμα
1101 4791 1161 4844 τὸ
1189 4790 1366 4859 ἀγιον.
1399 4791 1819 4847 Διδασκέτωσαν
1845 4792 1957 4847 τοία

369 4899 465 4935 νυν
492 4883 542 4934 oi
572 4881 900 4952 διορίζοντες
930 4883 1009 4945 είς
1044 4880 1197 4944 υίοῦς
1225 4880 1319 4935 δύο
1349 4882 1441 4937 τὸν
1467 4882 1566 4936 ἕνα
1598 4883 1835 4953 Χριστὸν
1861 4885 1956 4938 καὶ

371 4975 521 5041 Υίδν,
556 4972 845 5044 ἄνθρωπόν
878 4990 938 5027 τε
971 4974 1090 5045 Θεῷ
1124 4974 1460 5045 συναφθῆναι
1499 4974 1777 5044 λέγοντες,
1814 4976 1957 5031 κατά

373 5068 546 5138 μόνην
601 5067 703 5137 τὴν
743 5066 966 5137 ἰσότητα
1022 5067 1124 5137 τῆς
1184 5065 1365 5132 ἀξίας,
1415 5068 1587 5138 ἤγουν
1644 5067 1955 5134 αύθεντίας,

367 5157 718 5230 διῃρημένων
744 5159 852 5211 τῶν
883 5157 1120 5226 φύσεων,
1153 5160 1231 5221 είς
1260 5158 1352 5212 τὸν
1382 5160 1529 5222 τίνος
1562 5159 1790 5214 θάνατον
1820 5160 1953 5214 ἐϐα-

372 5245 719 5317 πτίσθημενς
751 5245 816 5300 Ei
851 5246 950 5317 μὲν
981 5246 1164 5310 ίδικῶς
1211 5249 1289 5310 είς
1317 5247 1410 5301 τὸν
1436 5248 1532 5301 τοῦ
1583 5249 1718 5303 Θεοῦ
1754 5250 1954 5319 Λόγον,

288 5392 291 5393 ν
371 5340 829 5411 κατηγορησομεν
863 5340 1111 5410 ἐναργῶς
1144 5341 1244 5411 τῆς
1270 5340 1551 5412 ἀκηράτου
1605 5341 1823 5411 φύσεως
1856 5344 1958 5413 τὴν

373 5431 604 5501 φθορὰν,
666 5432 761 5485 καὶ
795 5432 1163 5503 καθοριοῦμεν
1197 5433 1429 5488 θάνατον
1471 5433 1572 5504 τῆς
1619 5433 1763 5489 κατά
1794 5435 1957 5505 φύσιν

374 5524 518 5597 ζωῆς
546 5564 561 5581 .
597 5527 646 5579 εί
678 5525 735 5579 δὲ
764 5527 829 5597 δὴ
857 5528 1016 5596 φαῖεν
1065 5528 1148 5591 είς
1175 5526 1268 5583 τὸν
1300 5527 1395 5581 τοῦ
1436 5529 1501 5582 ὲκ
1549 5529 1805 5599 γυναικὸς
1848 5528 1957 5601 ἰδίᾳ

449 5712 463 5742 ¹
507 5708 702 5769 Matth.
764 5727 916 5781 uiv,
969 5711 1056 5768 36.
1136 5714 1156 5744 ’
1191 5711 1351 5768 Rom.
1400 5725 1478 5780 ιι,
1510 5712 1596 5769 54.

2057 4431 2113 4479 ει
2149 4422 2445 4479 secundum
2476 4436 2577 4480 nos
2595 4422 2741 4480 iacto
2770 4437 2832 4479 ea
2855 4439 2977 4495 quas
3000 4425 3113 4481 Deo
3143 4435 3275 4482 sunt
3311 4426 3478 4498 digna
3509 4443 3641 4485 con-

2056 4515 2425 4572 servabimus.

2126 4605 2593 4675 Quemadmodum
2621 4609 2676 4665 ln
2701 4624 2865 4664 unum
2919 4608 3095 4667 Patris
3126 4623 3349 4671 nomen,
3378 4607 3459 4664 sic
3484 4620 3536 4662 et
3585 4611 3639 4662 in

2057 4715 2227 4757 unum
2266 4698 2387 4754 Filii
2431 4715 2650 4766 nomen,
2683 4711 2737 4757 et
2780 4703 2833 4757 in
2866 4712 3098 4760 mortem
3132 4702 3327 4774 ipsius,
3360 4709 3415 4757 et
3436 4702 3489 4755 in
3520 4700 3643 4771 Spi-

2057 4793 2224 4846 ritum
2257 4799 2505 4848 sanctum
2536 4791 2897 4863 baptizainur.
2933 4794 3035 4861 Qui
3056 4794 3193 4851 duos
3226 4795 3279 4849 in
3311 4794 3450 4850 filios
3475 4810 3641 4849 unum

2056 4880 2339 4938 Christum
2394 4893 2449 4938 et
2516 4883 2708 4938 Filium
2762 4884 3034 4951 dividunt,
3087 4884 3310 4956 Deoque
3358 4887 3635 4942 hominem

2056 4975 2410 5045 coniunctum
2462 4985 2732 5041 asserunt,
2792 4978 3041 5044 doceant,
3101 4980 3288 5036 divisis
3344 4982 3638 5036 secundum

2054 5066 2226 5122 solam
2262 5064 2563 5134 dignitatis,
2596 5080 2691 5120 seu
2725 5068 3069 5124 auctoritatis
3091 5070 3459 5139 aequalitatem
3488 5082 3643 5125 natu-

2056 5159 2154 5226 ris,
2182 5157 2236 5212 in
2269 5171 2426 5225 cuius
2466 5166 2695 5212 mortem
2757 5159 3019 5227 baptizati
3060 5175 3271 5216 sumus.
3323 5160 3380 5216 Si
3407 5174 3628 5231 sepera-

2056 5251 2151 5306 tim
2180 5248 2236 5304 in
2264 5245 2431 5303 Verbi
2459 5248 2550 5302 Dei
2584 5256 2833 5315 mortem,
2875 5258 3063 5321 aperte
3097 5262 3307 5306 natura:
3340 5250 3639 5307 immortali

2057 5342 2442 5399 mortalitatem
2475 5339 2839 5409 ascribemus,
2868 5343 3281 5411 tribuemusque
3318 5351 3553 5399 mortem
3578 5345 3631 5399 ei

2054 5434 2147 5507 qui
2179 5444 2274 5498 per
2312 5438 2558 5485 naturam
2588 5440 2673 5487 est
2694 5433 2822 5486 vita.
2856 5432 3011 5498 Quod
3036 5434 3083 5488 si
3119 5432 3376 5499 dixerint,
3405 5434 3461 5487 in
3493 5448 3638 5489 mor-

2058 5533 2167 5581 tem
2200 5520 2344 5579 iiiius
2370 5522 2691 5592 separatim,
2728 5531 2783 5578 et
2804 5521 3106 5593 siglllatim,
3131 5531 3187 5582 et
3223 5539 3320 5597 per
3348 5538 3430 5593 se,
3456 5526 3545 5596 qui
3574 5541 3640 5582 ex
