4042 6208
460 282 559 344 951

1687 285 2070 347 ΕΗΤΗΥΜΠ
2113 281 2481 343 ZlGABENl

3616 274 3741 341 952

454 399 679 453 muliere
723 406 882 452 natus
937 406 1041 464 est,
1103 413 1279 454 nonne
1319 401 1609 470 perspicue
1666 401 1870 473 dicent,
1902 418 2025 459 eum

2135 413 2189 449 τε
2222 397 2313 449 καὶ
2358 394 2461 449 ἀνα
2493 394 2683 467 μέρος,
2715 395 2809 449 καὶ
2837 396 2960 450 καθ’
3008 395 3202 450 ἑαυτὸν
3234 396 3554 466 νοουμένου,
3586 399 3727 465 πῶς

452 487 601 542 οςιιιιί
657 488 865 543 ratione
894 489 1147 560 omnique
1188 491 1345 544 modo
1374 506 1495 546 cum
1529 490 1689 546 Patre
1725 502 1778 547 et
1821 493 2024 562 Spiritu

453 588 642 635 sancto
675 583 1019 652 conjunctum
1068 594 1213 647 esse,
1254 582 1478 653 expulso
1508 583 1669 637 etiam
1704 583 1934 640 fortasse
1958 600 2025 640 ex

458 670 566 724 veri
590 668 707 725 Filii
736 670 877 735 loco,
907 669 1077 726 Verbo
1108 684 1175 726 ex
1206 670 1317 727 Deo
1343 673 1686 742 genito?Sed
1721 672 1840 729 vide
1871 674 2028 743 plane

458 773 532 825 tu,
566 762 657 831 qui
712 771 945 817 mentem
980 762 1146 819 habes
1180 765 1498 831 excitatam,
1534 766 1820 824 fabsurdas
1848 766 2029 822 homi~

459 868 581 909 num
611 853 987 924 cogitationes.
1019 854 1399 911 Necessarium
1438 858 1603 927 igitur
1652 866 1760 923 est,
1785 869 1846 915 ut
1872 861 2028 916 intel-

456 945 701 1015 ligamus,
738 944 829 999 Dei
867 944 1095 1002 Verbum
1149 956 1206 1002 ut
1255 938 1374 1015 nos,
1406 959 1616 1015 natum,
1665 960 1857 1020 sponte
1904 966 2029 1022 pas-

456 1050 574 1089 sum
605 1049 729 1091 csse
759 1050 943 1091 carne.
976 1036 1069 1092 Sic
1100 1039 1245 1092 enim
1280 1038 1332 1094 in
1356 1048 1586 1094 mortem
1631 1040 1800 1109 ipsius
1853 1040 2028 1111 bapti-

456 1128 563 1183 zati
606 1135 924 1191 sumus,'ut
976 1130 1067 1199 qui
1113 1145 1252 1186 unus
1303 1130 1373 1186 sit
1421 1130 1614 1195 Filius,
1669 1144 1929 1203 quantum
1961 1137 2027 1189 ad

458 1220 755 1277 divinitatis
782 1230 1034 1276 naturam
1064 1223 1320 1292 pertinet,
1374 1224 1715 1295 impatibilis,
1766 1237 2027 1295 quantum

457 1325 635 1366 autem
666 1313 732 1367 ad
765 1327 1005 1377 carnem,
1041 1314 1300 1383 patibilis.

526 1405 786 1474 Apparuit
815 1408 993 1477 gratia
1016 1405 1111 1461 Dei
1155 1406 1244 1462 illa
1273 1408 1529 1465 salutaris
1581 1412 1821 1465 omnibus
1861 1414 2029 1467 homi-

458 1496 632 1559 nibus,
676 1495 919 1571 erudiens
972 1515 1084 1564 nos,
1134 1507 1191 1551 ut
1244 1500 1556 1570 abnegantes
1599 1501 1937 1571 impietatem,
1982 1514 2030 1560 et

457 1587 741 1640 sa’cularia
789 1589 1074 1653 desideria,
1102 1589 1296 1657 sobrie,
1325 1601 1371 1643 et
1404 1592 1566 1658 juste,
1596 1604 1645 1647 et
1674 1594 1760 1659 pie
1797 1595 2029 1649 vivamus

457 1677 509 1729 in
534 1677 631 1730 hoc
654 1679 863 1743 sa'culo,
884 1691 1242 1747 exspectantes
1270 1681 1477 1735 beatam
1502 1699 1641 1747 spent
1672 1692 1721 1737 et
1748 1684 2027 1741 adventum

2128 489 2228 542 οὐκ
2265 489 2444 542 ἐκεῖνό
2477 504 2645 558 φασιν
2674 489 3007 559 ἀναφανδὸν,
3042 490 3125 543 ὅτι
3157 487 3335 559 πάντη
3368 507 3427 542 τε
3458 490 3553 542 καὶ
3580 492 3732 544 πάν-

2127 597 2235 645 τως
2267 581 2427 645 αὐτὸς
2452 583 2536 655 εἴη
2572 582 2639 636 ἂν
2665 581 2693 634 ὁ
2723 583 3154 652 συντεταγμένος
3180 582 3256 652 τῷ
3284 582 3461 651 Ilasz
3516 586 3605 637 καὶ
3634 583 3730 654 τῷ

2130 672 2272 744 ἁγίῳ
2300 673 2576 742 Πνεῦματι
2602 690 2617 741 ;
2646 675 2788 744 τάχα
2818 692 2921 727 που
2960 674 3055 727 καὶ
3085 674 3414 739 ὲξωςθέντος
3449 675 3553 744 τῆς
3584 676 3735 746 ἁλη-

2131 763 2256 827 θοῦς
2282 764 2528 835 υἰότητος
2550 763 2643 817 τοῦ
2666 766 2731 818 ἐκ
2766 764 2902 818 Θεοῦ
2937 765 3136 836 φύντος
3173 766 3371 834 Λόγου.
3445 767 3587 820 Ἀλλ’
3612 769 3733 837 ὅρα

2132 873 2234 908 που
2252 856 2537 919 πάντως,έ
2564 855 2691 911 νοῦν
2715 856 2854 926 ἔχων
2876 856 3324 927 διεγηγερμένον,
3361 858 3462 929 τὴν
3492 858 3599 910 τῶν
3627 862 3731 912 ὲν-

2131 948 2293 1002 νοιῶν
2328 950 2582 1004 ἀτοπίαν.
2625 950 2837 1003 Οὐκοῦν
2884 951 3098 1019 ἀνάγκη
3156 953 3318 1012 νοεῖν,
3360 951 3443 1003 ὅτι
3475 952 3732 1019 γεγονὼς

2132 1038 2257 1094 καθ’
2288 1043 2437 1111 ἡμᾶς
2463 1043 2491 1095 ὁ
2514 1041 2608 1095 τοῦ
2638 1041 2775 1095 Θεοῦ
2806 1042 3000 1110 Λόγος,
3036 1044 3198 1112 σαρκὶ
3233 1043 3503 1095 πέπονθεν
3549 1044 3727 1098 ἑκών.

2132 1128 2560 1200 Βεὸαπτίσμεθα
2592 1129 2702 1201 γὰρ
2727 1129 2898 1193 οὕτως
2919 1132 2998 1195 είς
3029 1132 3122 1184 τὸν
3145 1132 3311 1186 αὑτοῦ
3336 1133 3591 1197 θάνατον,
3640 1134 3727 1196 ὡς

2132 1220 2252 1284 ἑνὸς
2300 1221 2452 1285 ὖντος
2480 1221 2635 1285 Υίοῦ,
2672 1224 2815 1276 κατὰ
2848 1222 2951 1292 μὲν
2997 1224 3097 1296 τὴν
3132 1224 3229 1293 τῆς
3264 1225 3519 1295 θεότητος
3555 1225 3733 1295 φύσιν

2132 1310 2404 1376 ἀπαθοῦς,
2433 1310 2682 1381 παθητοῦ
2711 1312 2769 1365 δέ
2795 1313 2935 1367 κατὰ
2966 1313 3168 1384 σάρκα.

2213 1401 2514 1471 Ἐπεφάνη
2535 1404 2571 1471 ἠ
2591 1403 2763 1471 χάρις
2780 1403 2885 1459 τοῦ
2908 1404 3105 1474 Θεοῦὴ
3127 1406 3394 1477 σωτήριος
3414 1406 3606 1464 πᾶσιν
3619 1426 3732 1464 ar-

2132 1491 2405 1561 θρώποις,
2435 1494 2812 1549 παιδεύουσα
2844 1495 3023 1565 ἡμᾶς,
3053 1496 3154 1549 ἵνα
3171 1496 3581 1568 ἀρνησάμενοι
3604 1501 3732 1571 τὴν

2131 1584 2407 1639 ἀσέϐειαν
2436 1585 2529 1638 καὶ
2556 1586 2660 1651 τὰς
2684 1588 2977 1655 κοσμικὰς
2991 1588 3312 1658 ἐπιθυμίας
3329 1629 3343 1654 ,
3363 1594 3728 1662 σωφρόνως,

2133 1673 2229 1725 καὶ
2258 1671 2540 1739 δικαίως,
2598 1675 2695 1728 καὶ
2724 1677 2990 1741 εὐσεὸως
3038 1674 3312 1747 ζήσωμεν
3363 1680 3432 1734 ἐν
3480 1681 3561 1746 τῷ
3603 1685 3731 1739 νῦν

457 1769 639 1838 gloriae
667 1771 843 1839 magni
880 1770 994 1834 Dei,
1025 1782 1073 1826 et
1117 1772 1408 1827 Saluatoris
1448 1775 1616 1828 nostri
1642 1775 1769 1831 Jesu
1805 1776 2026 1843 Christi,

2135 1762 2317 1827 αἰῶνι,
2334 1765 2801 1836 προσδεχόμενοι
2823 1768 2934 1837 τὴν
2943 1785 3027 1837 μα
3067 1770 3239 1837 αρίαν
3248 1770 3466 1825 ἐλπίδα
3479 1791 3518 1829 se
3540 1775 3575 1826 tl
3594 1775 3729 1829 ἐπει

458 1861 547 1929 qui
588 1862 727 1915 dedit
769 1863 1101 1931 semetipsum
1138 1874 1195 1917 ut
1227 1882 1318 1918 nos
1352 1867 1620 1922 redimeret
1652 1870 1715 1922 ab
1741 1872 1883 1925 omni
1928 1872 2033 1925 ini-

459 1952 678 2021 quitate,
750 1963 799 2009 et
856 1959 1134 2009 mundam
1186 1956 1287 2010 sibi
1343 1958 1593 2027 populum
1641 1962 2034 2031 aceeptabilem,

460 2055 768 2102 sectatorem
814 2047 1069 2101 bonorum
1131 2065 1347 2118 operum
1375 2052 1415 2107 '.
1473 2051 1732 2119 Quaenam
1782 2064 1875 2117 est
1921 2059 2036 2114 haec

460 2138 652 2206 gratia,
701 2145 754 2193 et
785 2136 938 2206 cujus
968 2136 1081 2202 Dei,
1112 2153 1231 2208 quae
1254 2140 1409 2195 nobis
1446 2145 1716 2213 apparuit,
1744 2154 1798 2200 et
1829 2146 2035 2202 saluta-

465 2227 540 2282 ris
591 2242 710 2282 esse
735 2227 933 2283 dicitur
963 2228 1216 2284 omnibus
1264 2229 1612 2287 hominibus?
1654 2232 1841 2290 Nonne
1892 2233 2036 2293 Deus

460 2328 514 2373 et
546 2316 829 2385 Dominus,
891 2329 947 2374 ut
977 2334 1041 2372 ex
1076 2318 1217 2375 hcati
1260 2318 1480 2376 Davidis
1519 2323 1699 2379 verbis
1751 2327 2037 2397 perspicue

460 2416 628 2472 patet,
678 2408 929 2478 apparuit
981 2408 1157 2473 nobis,
1206 2417 1261 2463 et
1309 2407 1424 2477 ejus
1474 2424 1504 2465 e
1554 2411 1709 2467 caelis
1736 2414 2027 2468 adventum

461 2498 818 2567 suscepimus,
868 2507 919 2552 et
973 2498 1085 2565 ipse
1131 2507 1216 2552 est
1274 2497 1415 2553 Deus
1455 2507 1511 2554 et
1545 2497 1803 2555 Servator
1830 2512 2032 2568 noster,

462 2588 617 2645 Jesus
645 2588 915 2651 Christus.
951 2589 1045 2660 qui
1079 2588 1229 2644 dedit
1258 2589 1605 2661 semetipsum
1637 2604 1735 2659 pro
1762 2590 1953 2657 nobis,
1978 2600 2037 2647 ut

463 2697 560 2738 nos
593 2684 659 2737 ab
690 2682 833 2737 omni
864 2692 1083 2754 peccato
1119 2682 1373 2738 liberatos
1397 2695 1557 2737 veras
1580 2681 1681 2737 sibi
1723 2683 2038 2739 adoratores

464 2773 781 2829 adhiberet?
840 2775 972 2841 Quis
1002 2773 1165 2845 igitur
1205 2773 1373 2829 Deum
1401 2788 1591 2829 verum
1625 2774 2033 2830 Emmanuclem

460 2879 583 2920 esse
638 2876 829 2935 neget,
902 2881 1023 2920 cum
1081 2864 1271 2921 beatus
1332 2863 1532 2920 Paulus
1597 2878 1718 2919 eum
1784 2879 2035 2935 magnum

465 2956 631 3010 Deum
682 2964 739 3010 et
814 2954 1150 3013 Salvatoretn
1222 2965 1465 3012 nostrum
1522 2954 1704 3013 Jesum
1757 2955 2036 3012 Christum

460 3046 696 3116 appellet
715 3046 737 3099 τ

532 3226 597 3281 Et
629 3225 748 3282 sine
778 3224 1148 3283 controversia
1177 3240 1428 3296 magnum
1452 3234 1536 3281 est
1559 3225 1777 3298 pietatis
1833 3233 2033 3297 myste-

462 3318 625 3373 rium.
659 3318 798 3373 Deus
858 3315 1235 3372 manifestatus
1268 3316 1434 3372 estin
1470 3330 1652 3380 Carne,
1709 3314 2034 3383 iustiﬁcatus

461 3424 543 3468 est
578 3412 628 3465 in
666 3411 905 3480 Spiritu,
942 3410 1090 3465 visus
1124 3418 1206 3465 est
1236 3410 1303 3464 ab
1342 3408 1569 3479 angelis,
1604 3409 1925 3479 praedicatus
1952 3420 2036 3466 est

463 3506 512 3556 in
543 3503 811 3571 gentibus,
865 3500 1104 3556 creditus
1134 3509 1217 3557 est
1243 3499 1295 3555 in
1351 3499 1575 3567 mundo,
1607 3510 1919 3571 assumptus
1949 3511 2037 3557 est

460 3598 512 3650 ιιι
536 3594 729 3667 gloria.
759 3592 959 3662 Ecquis
992 3590 1365 3647 manifestatus
1421 3590 1587 3646 estin
1624 3589 1825 3646 carne?
1856 3604 2035 3648 nonne

459 3687 617 3759 plane
633 3698 795 3756 atque
821 3685 1045 3741 omnino
1070 3683 1302 3739 Verbum
1324 3696 1391 3736 ex
1420 3682 1527 3737 Deo
1549 3680 1743 3737 Patre?
1770 3680 1863 3738 Sic
1888 3682 2033 3738 enim

459 3781 564 3835 erit
601 3793 851 3849 magnum
883 3776 1102 3849 pietatis
1139 3776 1480 3848 mysterium.
1534 3774 1691 3831 Visus
1736 3785 1917 3832 autem
1950 3784 2036 3831 est

459 3873 529 3927 ab
556 3871 762 3941 angelis
788 3870 841 3925 in
885 3869 1083 3925 cmlum
1114 3868 1448 3935 ascendens;
1495 3868 1819 3938 pradicatus
1855 3878 1940 3923 est
1977 3866 2034 3921 in

460 3962 709 4033 gentibus
758 3975 852 4029 per
925 3966 1146 4016 sanctos
1200 3954 1495 4029 apostolos,
1553 3955 1789 4011 creditus
1842 3962 1927 4011 est
1977 3953 2034 4008 in

462 4054 684 4110 mundo.
734 4053 801 4108 Et
827 4051 973 4108 nullo
1007 4050 1166 4107 modo
1194 4048 1424 4119 amplius
1472 4045 1723 4113 dicimus,
1753 4060 1876 4101 cum
1911 4058 2035 4102 esse

458 4145 777 4216 simpliciter
809 4143 1104 4205 hominem,
1141 4139 1328 4211 quales
1353 4152 1453 4196 nos
1481 4151 1692 4204 sumus,
1718 4137 1812 4193 sed
1837 4137 2032 4203 Deum,

459 4242 550 4310 qui
571 4240 624 4295 in
653 4253 846 4305 carne,
869 4237 942 4296 uti
976 4249 1096 4301 nos,
1118 4243 1277 4289 natus
1295 4240 1394 4299 est,
1420 4239 1728 4302 assumptus
1753 4238 1931 4286 autem
1953 4238 2037 4287 est

463 4334 513 4386 in
572 4330 904 4402 gloriarm»
923 4328 1088 4382 Deum
1136 4337 1190 4382 et
1235 4326 1450 4382 Patrem
1499 4326 1683 4379 audiat
1710 4322 2030 4379 dicentem:

2135 1854 2392 1923 φάνειαν
2408 1857 2519 1925 τῆς
2534 1858 2717 1927 δόξης
2734 1859 2841 1912 τοῦ
2858 1861 3127 1930 μεγάλου
3154 1862 3303 1918 Θεοῦ
3319 1865 3415 1919 καί
3440 1866 3726 1935 Σωτῆρος

2135 1946 2306 2013 ἡμῶν
2337 1948 2538 2015 Ἰησοῦ
2583 1950 2865 2018 Χριστοῦ,
2903 1952 2972 2018 ὃς
3002 1953 3267 2007 δέδωκεν
3309 1953 3533 2011 ἑαυτὸν
3564 1959 3727 2028 ὑπὲρ

2137 2037 2326 2107 ἡμῶν,
2346 2039 2446 2092 ἵνα
2470 2040 2852 2109 λυτρώσηται
2885 2042 3045 2111 ἡμᾶς
3068 2044 3187 2098 ἀπὸ
3207 2044 3413 2113 πάσης
3434 2046 3720 2118 ἀνομίας,

2136 2132 2232 2186 καί
2256 2135 2555 2201 καθαρίσῃ
2572 2132 2761 2188 ἑαυτῶ
2776 2135 2932 2188 λαὸν
2948 2136 3316 2203 περιούσιον,
3334 2135 3727 2208 ζηλωτὴνκα-

2136 2223 2263 2277 λῶν
2281 2223 2489 2293 ἔργων.
2511 2224 2650 2278 Ποία
2665 2226 2825 2296 χάρις
2843 2226 3116 2296 ἐπ’έφανεν
3135 2228 3290 2299 ἡμῖν,
3310 2230 3342 2298 ἢ
3362 2231 3521 2283 ποίου
3554 2230 3722 2297 Θεοῦ,

2137 2316 2318 2370 καίτοι
2338 2333 2402 2384 γε
2424 2316 2691 2387 λεγομένη
2717 2318 2986 2388 σωτήριος
3010 2313 3150 2373 εἶναι
3173 2320 3340 2372 πᾶσιν
3357 2320 3677 2392 ἀνθρώποις
3699 2340 3717 2388 ;

2150 2408 2291 2463 Ἀλλ’
2315 2409 2433 2462 ἐστι
2450 2408 2633 2477 δῆλον,
2648 2409 2731 2462 ὅτι
2753 2409 2885 2473 Θεὸς
2903 2410 2977 2463 ὢν
2999 2410 3243 2483 6Κύριος
3266 2414 3536 2482 ἐπέφανεν
3556 2417 3723 2487 ἡμῖν,

2139 2499 2283 2554 κατὰ
2299 2500 2390 2554 τὸν
2422 2502 2694 2572 μακάριον
2719 2501 2904 2566 Δαὸὶδ,
2929 2502 3026 2556 καὶ
3055 2501 3219 2556 αὐτοῦ
3254 2505 3355 2576 τήν
3380 2504 3439 2571 ἐξ
3463 2505 3723 2577 οὐρανῶν

2138 2590 2238 2657 τῆς
2253 2590 2413 2661 δόξης
2443 2592 2772 2667 ἐπιφάνειαν
2791 2593 3227 2663 προσδεχόμεθα,
3248 2595 3345 2649 καὶ
3368 2596 3535 2661 αὑτός
3562 2598 3721 2652 ἐστιν

2137 2681 2312 2746 ὁθεδς
2340 2683 2434 2737 καὶ
2467 2683 2661 2755 Σωτὴρ
2688 2683 2846 2754 ήμῶν
2876 2684 3089 2755 Ἰησοῦς
3104 2685 3362 2756 Χριστὸς,
3388 2687 3450 2751 ὃς
3477 2689 3722 2743 δέδωκεν

2138 2770 2330 2825 ἐαυτὸν
2359 2771 2497 2842 ὑπὲρ
2528 2773 2559 2846 ή
2568 2772 2707 2844 μῶν,
2735 2772 2821 2825 ἵνα
2854 2772 3036 2841 πάσης
3062 2773 3339 2845 ἁμαρτίας
3362 2776 3514 2845 ἡμᾶς
3539 2777 3722 2832 ἀπαλ-

2138 2860 2305 2929 λάξας
2364 2863 2539 2932 ἑαυτῷ
2593 2862 2926 2936 παραστήσῃ
2981 2864 3241 2933 γνησίους
3297 2870 3715 2939 προαυνητάς.

2140 2950 2273 3007 Elea
2316 2951 2402 3015 τίς
2446 2953 2476 3006 6
2505 2953 2679 3023 λέγων
2709 2954 2809 3007 οὐκ
2840 2949 2981 3008 εῐναι
3013 2954 3148 3009 Θεὸν
3178 2957 3356 3029 ἀληθῆ
3386 2958 3479 3013 τὸν
3498 2961 3717 3032 Ἐμμα-

2139 3040 2329 3112 νουήλ,
2361 3038 2456 3095 τοῦ
2496 3042 2774 3112 μακαρίου
2817 3041 3033 3095 Παύλου
3072 3045 3205 3114 περὶ
3236 3044 3405 3099 αὐτοῦ
3436 3045 3716 3116 λέγοντος,

2136 3132 2228 3187 τοῦ
2255 3131 2490 3203 μεγάλου
2508 3132 2644 3186 Θεοῦ
2659 3133 2751 3187 καὶ
2770 3133 3020 3204 Σωτῆρος
3039 3135 3195 3205 ήμῶν
3220 3135 3395 3207 Ἰησοῦ
3420 3139 3671 3208 Χριστοῦ
3696 3181 3714 3207 ,

2207 3225 2318 3279 Καὶ
2346 3224 2795 3295 ὁμολογουμένως
2838 3224 2982 3295 μέγα
3014 3226 3134 3281 ἐστὶ
3176 3226 3240 3280 τδ
3269 3228 3371 3298 τῆς
3425 3229 3715 3295 εὐσεϐείας

2138 3316 2456 3387 μυστήριον.
2490 3315 2621 3378 Θεὸς
2647 3317 2967 3389 ἐφανερώθη
3000 3318 3058 3371 ἐν
3095 3320 3281 3386 σαρκὶ,
3312 3320 3610 3390 ἐδικαιώθη
3652 3326 3710 3377 ἐν

2136 3408 2436 3478 Πνεύματι,
2474 3408 2629 3479 ὤφθη
2692 3410 2967 3479 ἀγγέλοις,
3025 3412 3308 3484 ἐκηρύχθη
3354 3414 3415 3467 ἐν
3473 3414 3708 3481 ἔθνεσιν,

2134 3499 2428 3571 ἐπιστεύθη
2485 3501 2544 3554 ἐν
2572 3501 2784 3571 κόσμῳ,
2814 3502 3092 3575 ἀνελήφθη
3151 3504 3211 3557 ἐν
3258 3504 3411 3575 δόξῃ.
3446 3506 3546 3570 Τίς
3581 3508 3613 3562 ὀ
3654 3510 3712 3561 ἐν

2136 3590 2303 3661 σαρκὶ
2333 3590 2694 3662 φανερωθείς;
2726 3592 2759 3663 ἢ
2787 3592 2964 3663 δῆλον,
2983 3595 3065 3647 ὅτι
3090 3592 3267 3665 πάντη
3291 3602 3355 3649 τε
3374 3596 3470 3650 καὶ
3487 3599 3712 3662 πάντως

2134 3681 2163 3734 ὁ
2200 3682 2264 3735 ἐκ
2292 3682 2425 3735 Θεοῦ
2462 3683 2676 3755 [ἰατρὸς
2710 3683 2883 3752 Λόγος
2909 3700 2925 3751 ;
2956 3683 3115 3739 οοτω
3146 3685 3256 3758 γὰρ
3287 3685 3443 3740 ἔσται
3476 3689 3621 3758 μέγα
3649 3691 3710 3743 τὸ

2135 3772 2233 3842 τῆς
2252 3771 2534 3836 εὐσεϐείας
2558 3773 2879 3844 μυστήριον.
2912 3774 3087 3846 Ὦφθη
3110 3774 3167 3828 δὲ
3198 3776 3453 3844 ἀγγέλοις
3476 3763 3705 3847 ἀκᾳόαίο

2134 3878 2240 3915 νων
2273 3863 2356 3925 είς
2384 3862 2669 3935 οὐρανοὺς,
2687 3864 2965 3936 ἐκηρύχθη
2994 3866 3052 3919 ἐν
3073 3865 3252 3919 ἔθνεσι
3279 3867 3366 3921 δια
3392 3868 3505 3923 τῶν
3529 3870 3703 3940 ἁγίων

2133 3955 2465 4024 ἀποστόλων,
2482 3957 2775 4028 ἐπιστεύθη
2800 3958 2857 4011 δὲ
2885 3964 2980 4013 καὶ
3014 3960 3070 4012 ἐν
3101 3960 3313 4033 κόσμῳ,
3342 3964 3435 4016 καὶ
3460 3964 3521 4017 οὔ
3533 3981 3580 4018 τι
3605 3963 3711 4019 πού

2136 4065 2339 4118 φαμεν,
2372 4050 2452 4102 ὅτι
2490 4050 2615 4104 καθ’
2647 4052 2796 4120 ἡμᾶς
2836 4049 3121 4121 ἄνθρωπος
3158 4051 3365 4116 ἁπλῶς,
3403 4054 3542 4108 ἀλλά
3573 4056 3709 4120 Θεὸς

2134 4138 2193 4190 ὲν
2242 4139 2409 4209 σαρκὶ
2449 4139 2540 4193 καὶ
2570 4141 2694 4193 καθ’
2723 4140 2872 4209 ἡμᾶς
2904 4140 3164 4208 γεγονὼς,
3192 4142 3471 4213 ἀνελήφθη
3514 4144 3575 4199 δὲ
3608 4145 3708 4201 καὶ

2135 4232 2191 4284 ὲν
2219 4230 2372 4304 δόξῃ,
2422 4232 2509 4285 ἴνα
2543 4232 2791 4301 λέγοντος
2818 4233 3025 4304 ἀκούσῃ
3058 4233 3152 4287 τοῦ
3179 4233 3315 4288 Θεοῦ
3345 4236 3440 4289 καὶ
3466 4236 3708 4308 Πατρδς,

2134 4322 2333 4379 Κάθου
2379 4325 2449 4380 ἐκ
2483 4324 2697 4394 δεξιῶν
2732 4343 2874 4395 μου,
2901 4326 3011 4392 ἕως
3040 4326 3118 4382 ἂν
3164 4325 3246 4381 θῶ
3285 4325 3427 4396 τοὺς
3452 4327 3707 4400 ἐχθρούς

461 4422 609 4477 διεάε
647 4421 932 4475 ardsatris
974 4420 1125 4482 meis,
1174 4418 1339 4472 donec
1378 4432 1568 4486 ponam
1616 4416 1859 4471 inimicos
1911 4425 2030 4470 tuos

2136 4430 2253 4470 σου
2279 4416 2609 4472 ὑποπόδιον
2639 4416 2754 4471 τῶν
2783 4417 2987 4471 ποδῶν
3018 4431 3155 4472 σου.

461 4504 746 4571 scabellunt
770 4510 956 4580 p‘etlum
997 4520 1211 4565 tuorum
1246 4511 1267 4541 ¹

855 4598 940 4655 Ea:
984 4598 1227 4668 Epistola
1263 4598 1332 4653 ad
1371 4597 1654 4652 Romanos.
1984 4642 2013 4650 -.

535 4695 600 4750 Ei
653 4702 849 4756 autem,
890 4691 979 4761 qui
1023 4696 1192 4759 potest
1239 4703 1334 4742 nos
1384 4685 1698 4753 conﬁrmare
1747 4688 2032 4741 secundum

464 4784 804 4855 Euangelium
854 4798 1048 4848 meum,
1102 4789 1151 4836 et
1197 4778 1622 4850 prwdicationem
1668 4777 1798 4832 Jesu
1838 4777 2037 4833 (Itristi

2363 4595 2462 4650 Ἐκ
2490 4594 2597 4663 τῆς
2617 4596 2768 4665 πρὸς
2801 4596 3128 4667 Ῥωμαίους
3149 4596 3499 4666 ἐπιστολῆς.

2208 4686 2291 4753 Τῷ
2302 4686 2371 4741 δέ
2390 4687 2703 4757 δυναμένῳ
2730 4687 2885 4759 ὑμᾶς
2904 4690 3179 4755 στηρίξαι
3195 4693 3345 4744 κατὰ
3362 4690 3426 4744 τὸ
3448 4691 3703 4761 Εὐαγγέυ

2132 4779 2268 4832 λιόν
2307 4796 2449 4848 μου,
2482 4780 2580 4835 καὶ
2613 4780 2677 4834 τὸ
2712 4780 2985 4851 κήρυγμα
3004 4779 3211 4849 Ἰησοῦ
3242 4783 3522 4850 Χριστοῦ,
3553 4782 3702 4837 κατὰ

461 4880 747 4934 secundum
780 4873 1145 4929 reuelationem
1180 4870 1434 4941 mysterii,
1466 4866 1785 4937 temporibus
1820 4870 2031 4925 wternis

2135 4868 2521 4938 ἀποκάλυψιν
2545 4872 2885 4939 μυστηρίου
2912 4872 3153 4939 χρόνοις
3172 4872 3430 4936 αἰωνίοις
3456 4887 3699 4943 σεσιγη·

461 4973 626 5033 taciti,
680 4966 1011 5035 manifestati
1058 4972 1235 5019 autem
1272 4978 1408 5017 nunc
1436 4977 1529 5031 per
1558 4959 1863 5028 Scripturas
1906 4977 2031 5030 pro-

460 5064 736 5131 phetarum
768 5063 1056 5113 secundum
1090 5056 1399 5111 mandatum
1431 5054 1615 5110 (sterni
1655 5052 1754 5107 Dei
1807 5054 1879 5106 ad
1909 5053 2031 5108 obe-

2124 4959 2334 5028 μένου,
2366 4960 2815 5028 φανερωθέντος
2840 4962 2907 5014 δὲ
2928 4962 3045 5017 νῦν
3067 4962 3164 5015 διά
3198 4979 3259 5015 te
3281 4962 3539 5031 Γραφών
3556 4980 3613 5028 π,
3638 4982 3698 5017 o-

2129 5050 2413 5120 φητικῶν,
2428 5051 2556 5107 κατ’
2568 5053 2859 5123 ἐπιταγὴν
2876 5054 2983 5107 τοῦ
3000 5054 3246 5108 αἰωνίου
3269 5054 3538 5121 Θεοῦ,είς
3554 5058 3700 5109 ὐπα·

461 5154 715 5207 dientiam
747 5151 889 5215 ﬁdei.
916 5150 969 5202 in
998 5164 1175 5202 omnes
1215 5155 1394 5216 gentes
1422 5144 1638 5215 cogniti,
1670 5144 1772 5199 soli
1802 5144 2031 5213 sapienti

2135 5143 2282 5210 κοὴν
2312 5144 2593 5207 πίστεως,
2633 5145 2721 5208 εὶς
2758 5143 2959 5197 πάντα
2982 5144 3051 5198 τὰ
3086 5146 3230 5204 ἔθνη
3262 5148 3698 5214 γνωρισθέντος

465 5245 593 5308 Deo,
638 5244 935 5311 perluunt
989 5238 1275 5303 Christum,
1316 5236 1400 5290 cui
1436 5236 1606 5305 gloria
1663 5244 1713 5290 et
1758 5237 2029 5305 imperium

462 5338 515 5388 in
553 5336 751 5391 sa'cula
799 5334 1131 5389 seculorum.
1196 5331 1362 5384 Amen
1386 5330 1425 5381 ⁸.
1482 5328 1619 5383 Ecce
1670 5328 1843 5397 palam
1901 5326 2034 5382 dicit

462 5428 831 5499 Evangeiium,
862 5438 917 5481 et
942 5424 1372 5496 praedicationem
1409 5437 1528 5478 esse
1559 5422 1687 5477 Jesu
1717 5422 1941 5485 Christi,
1977 5428 2032 5475 et

463 5523 784 5577 occultatum
835 5534 899 5577 ac
954 5520 1172 5575 tacitum
1219 5517 1386 5573 fuisse
1442 5515 1754 5586 mysterium
1794 5516 1860 5569 de
1912 5514 2028 5584 ipso

538 5686 551 5718 ⁸
591 5685 695 5741 Tit.
746 5701 802 5754 ιι,
854 5686 1035 5743 Η-Η.
1114 5688 1133 5716 ²
1178 5686 1456 5752 Psal.c1x,
1492 5683 1543 5737 l.

2120 5228 2287 5299 μόνῳ
2300 5228 2470 5297 σοφῷ
2490 5230 2611 5294 Θεῷ
2633 5231 2735 5285 διὰ
2755 5232 2963 5299 Ἰησοῦ
2982 5232 3263 5299 Χριστοῦ,
3282 5227 3329 5300 ᾧ
3354 5234 3391 5300 ἡ
3423 5233 3574 5297 δόξα
3602 5233 3695 5289 καὶ

2134 5322 2201 5374 τὸ
2217 5321 2529 5389 κράτοςείς
2545 5322 2686 5389 τοὺς
2694 5321 2913 5390 αίώνας
2929 5324 3047 5377 τῶν
3064 5324 3315 5377 αἰώνων.
3343 5325 3550 5392 Ἀμήν.
3568 5328 3693 5379 Ἰδοὺ

2133 5413 2196 5483 δὴ
2225 5414 2407 5481 cauti);
2450 5415 2513 5468 τὸ
2568 5414 2925 5484 Εύαγγέλιον,
2980 5417 3075 5468 καὶ
3111 5415 3171 5468 τὸ
3223 5417 3485 5486 κήρυγμα
3523 5417 3693 5487 Ἰησοῦ

2134 5506 2368 5578 Χριστοῦ
2400 5525 2562 5579 φησιν
2588 5504 2749 5577 εῖναι,
2785 5508 2880 5565 καὶ
2905 5508 3213 5580 κεκρύφθαι
3239 5510 3339 5582 μὲν
3358 5510 3419 5564 τὸ
3447 5509 3692 5582 ἐπάὑτῴ

1657 5684 1676 5716 ⁸
1720 5682 1879 5741 Rom.
1936 5679 2262 5749 xvt,25—27.
