4036 6210
363 276 470 338 959

1594 262 1984 325 EUTIIYMII
2024 258 2387 324 ZlGABENI

3521 256 3627 319 960

363 388 538 457 ipsum
578 383 856 453 proprium
890 380 1113 447 faciens,
1150 382 1201 435 in
1243 380 1359 450 ipso
1392 388 1581 446 sponte
1620 390 1713 429 sua
1750 392 1941 443 passus

2048 370 2559 445 προσκυνούμενος;
2601 367 2631 422 6
2667 366 2922 439 σύνεδρος
2950 364 3028 437 τῷ
3071 366 3280 438 Πατρί;
3336 366 3478 423 Ἀλλ’
3512 367 3626 423 ἔστι

361 488 466 543 est,
502 485 556 530 et
587 486 807 545 propter
857 483 1084 528 mortem
1124 486 1376 540 suprema
1411 468 1583 538 gloria
1616 478 1936 531 coronatur,

282 562 285 565 ’
362 579 421 623 ιιι
461 569 551 633 qui
589 576 763 621 morte
800 582 893 621 sua
949 574 1175 619 mortem
1212 562 1566 623 destruxerit,
1619 568 1671 614 et
1715 575 1941 628 corrup—

324 644 563 717 ‘vtionem
589 661 874 714 invalidam
896 656 1154 720 elfecerit,
1176 655 1372 724 quippe
1405 653 1494 723 qui
1522 654 1635 721 ipsa
1655 661 1737 707 est
1764 653 1945 705 incor-

363 755 544 822 ruptio
575 763 737 822 atque
762 749 1133 813 vita.Quando
1167 749 1330 817 igitur
1360 745 1543 802 Jesum
1581 746 1847 807 nominat,
1889 755 1944 799 ει

363 847 629 898 minorem
686 842 891 911 angelis
918 840 1119 895 factum
1148 839 1297 903 dicit,
1334 840 1505 908 ipsum
1535 853 1640 891 nou
1670 837 1940 892 hominem

362 954 455 1007 per
475 952 534 992 se
548 936 823 1005 sigillatim
849 932 1217 1006 intelligimus,
1245 934 1335 988 sed
1366 931 1734 1002 Unigenitum,
1753 931 1943 985 salutis

363 1033 611 1082 humanae
630 1027 879 1092 consilio,
932 1026 1247 1096 praestantia
1276 1025 1483 1080 sanctis
1520 1023 1723 1091 angelis
1742 1027 1943 1076 cedeno

358 1128 488 1184 tem,
512 1121 636 1190 quia
667 1133 813 1175 vere
847 1112 1026 1174 factus
1054 1118 1167 1187 :est
1227 1118 1413 1180 homo,
1482 1117 1573 1184 qui
1630 1114 1940 1185 angelorum

361 1210 593 1265 vincitur
622 1210 967 1279 excellentia.
999 1208 1133 1274 Quae
1158 1206 1375 1276 quidem
1401 1205 1728 1262 excellentia
1789 1206 1840 1257 in
1878 1219 1942 1259 eo

356 1303 459 1357 sita
484 1310 591 1367 est,
615 1303 758 1369 quod
782 1309 837 1367 et
864 1303 1045 1357 carnis
1070 1312 1122 1355 et
1152 1300 1341 1355 mortis
1366 1309 1613 1367 expertes
1639 1307 1784 1359 sunt,
1821 1312 1941 1351 cum

358 1393 643 1463 atriusque
666 1389 887 1463 propter
914 1394 1277 1447 voluntariam
1311 1392 1736 1445 exinanitionem
1774 1390 1943 1445 Filius

357 1486 633 1554 particeps
658 1500 777 1541 esse
810 1486 1059 1541 voluerit.
1110 1485 1179 1538 At
1213 1486 1303 1554 qui
1347 1496 1568 1553 propter
1592 1489 1943 1537 humanitatis

356 1577 717 1633 conditionem
748 1579 954 1646 angelis
985 1577 1145 1648 paulo
1177 1577 1353 1630 minor
1388 1574 1615 1630 eﬂcctns
1651 1584 1761 1641 est,
1793 1576 1836 1629 is
1889 1576 1941 1629 in

354 1672 675 1726 excellentia
706 1670 1007 1725 divinitatis
1061 1670 1331 1723 exsistens
1375 1671 1441 1722 ab
1474 1668 1581 1722 illis
1612 1668 1945 1721 adoraturct

2048 466 2229 537 σαφὴς
2259 465 2292 535 ἡ
2325 463 2615 535 πρότασις.
2638 460 2912 515 Καθίκετο
2936 460 3046 532 γὰρ
3073 461 3130 511 ὲν
3154 460 3267 523 τοῖς
3296 460 3397 529 τῆς
3423 460 3636 531 ἀνθρω-

2046 559 2283 626 πὸτητος
2317 558 2539 626 μέτροις
2570 554 2665 608 καὶ
2693 553 2754 607 τὸ
2784 553 3159 623 ἀποθνήσκειν
3191 552 3437 621 πεφυκός
3469 554 3632 624 σῶμα

2045 649 2249 714 λαὸὼν,
2283 648 2411 701 ίδιόν
2442 665 2502 701 τε
2537 646 2688 717 αὑτῷ
2725 647 3123 717 ποιησάμενος,
3153 647 3212 699 ὲν
3246 646 3397 717 αὑτῷ
3425 648 3634 700 πέπονα

2048 742 2139 794 θεν
2164 740 2329 805 ἑκὼν,
2370 740 2464 795 καὶ
2488 740 2613 803 ταῖς
2642 741 2906 795 ἀνωτάτω
2934 740 3116 805 δόξαις
3148 740 3516 809 στεφανοῦται
3545 742 3632 795 διὰ

2046 834 2107 888 τὸ
2133 833 2328 901 πάθος,
2358 832 2434 896 ὡς
2457 832 2525 886 δι’
2552 831 2721 887 αὑτοῦ
2745 832 3109 904 καταργήσας
3132 832 3225 885 τὸν
3251 833 3503 897 θάνατον,
3535 836 3636 888 καὶ

2046 926 2330 993 ἄπρακτον
2353 927 2642 996 ἀποφήνας
2662 926 2761 995 τὴν
2784 924 3011 995 φθορὰν,
3043 924 3138 979 ἆτε
3160 924 3223 995 δὴ
3255 928 3347 980 καὶ
3371 926 3635 998 ὑπάρχων

2045 1018 2324 1090 ἀφθαρσία
2360 1019 2453 1070 καὶ⁵
2483 1017 2621 1087 ζωή.
2664 1017 2837 1071 Ὅταν
2864 1012 2956 1071 οὗν
2996 1016 3208 1088 Ἰησοῦν
3233 1017 3500 1089 ὀνομάζῃ,
3539 1018 3636 1072 καὶ

2045 1110 2392 1182 ἠλαττῶσθαι
2419 1110 2557 1184 λέγῃ
2583 1111 2739 1182 παρὰ
2765 1112 2890 1174 τοὺς
2913 1110 3184 1179 ἀγγέλους
3208 1111 3394 1179 αὑτὸν,
3419 1113 3518 1166 οὑκ
3548 1114 3638 1168 ἄν·

2049 1202 2269 1272 θρωπον
2302 1202 2408 1256 ἀνά
2443 1202 2611 1272 μέρος
2649 1204 2746 1256 καὶ
2785 1202 3007 1266 ἱδικῶς,
3048 1203 3168 1257 ἀλλ’
3202 1204 3367 1259 αὑτὸν
3405 1205 3639 1276 νοοῦμεν

2047 1292 2137 1344 τὸν
2170 1293 2451 1363 Μονογενῆ
2493 1293 2931 1364 παραχωροῦντα
2976 1294 3037 1346 τὸ
3068 1293 3330 1365 προύχειν
3358 1296 3637 1367 οἰκονομι-

2047 1381 2157 1445 κῶς
2180 1384 2295 1446 τοῖς
2318 1384 2494 1452 ἁγίοις
2515 1385 2790 1453 ἀγγέλοις,
2811 1386 2894 1439 ὅτι
2914 1385 3149 1457 ἀληθείᾳ
3172 1386 3401 1453 γέγονεν
3422 1387 3639 1457 ἅνθρω-

2048 1489 2150 1537 πος
2186 1476 2213 1526 6
2247 1475 2345 1545 τῆς
2376 1476 2604 1530 ἐκείνων
2648 1478 2925 1549 ὑπεροχῆς
2972 1477 3307 1549 ἡττώμενος.
3340 1479 3421 1536 Τὰ
3446 1481 3503 1535 δὲ
3533 1481 3639 1552 τῆς

2049 1568 2326 1639 ὑπεροχῆς
2345 1571 2456 1633 τοῖς
2474 1570 2651 1639 ἁγίοις
2668 1572 2942 1640 ἀγγέλοις,
2957 1573 3037 1624 ὅτι
3060 1571 3154 1625 καὶ
3171 1572 3277 1639 ἔξω
3296 1572 3521 1642 σαρκὸς,
3539 1578 3641 1627 καὶ

2046 1661 2140 1714 τοῦ
2164 1664 2420 1719 τεθνάναι
2448 1665 2733 1736 κρείττους
2760 1665 2890 1729 εἰσὶ,
2912 1666 3199 1734 γεγονότος
3224 1669 3281 1721 ὲν
3308 1667 3522 1732 τούτοις
3538 1669 3639 1722 τοὺ

357 1767 509 1815 sedet
530 1761 583 1815 in
612 1761 857 1827 sedibus,
891 1776 1025 1831 quas
1067 1758 1140 1812 illi
1170 1759 1532 1817 constituunt.
1556 1772 1682 1812 eum
1715 1772 1931 1827 semper

2047 1754 2164 1811 Υξοὺ
2213 1757 2301 1812 διὰ
2350 1759 2449 1829 τὴν
2490 1758 2739 1812 ἑκούσιον
2783 1758 3037 1815 κένωσιν.
3094 1759 3237 1813 Ἀλλ’
3277 1760 3307 1813 6
3358 1759 3535 1831 βραχύ
3584 1779 3639 1815 τι

363 1854 736 1909 Collaudantes
760 1864 813 1909 et
842 1864 1169 1923 potestatum
1205 1851 1487 1905 Dominum
1521 1850 1874 1920 appellantes.

2057 1850 2185 1922 παρ’
2245 1849 2512 1919 ἀγγέλους
2558 1849 2947 1921 ἠλαττωμένος
3007 1848 3097 1904 διά
3133 1866 3198 1919 γε
3257 1850 3319 1902 τὸ
3376 1853 3476 1920 τῆς
3536 1851 3634 1904 ἁν-

356 1948 712 2017 θρωπότητος
774 1948 1001 2019 μέτρον,
1067 1948 1126 1998 ὲν
1193 1946 1440 2015 ὑπεροχῇ
1502 1945 1757 2016 θεότητος
1818 1946 1931 2013 ὢν,
1973 1947 2363 2017 προσκυνεῖται
2387 1944 2517 2015 παρ’
2548 1944 2752 2009 αὑτῶν,
2785 1945 2880 1998 καὶ
2942 1943 3224 2016 ἐνίδρυται
3287 1941 3508 2007 θώκοις,
3538 1942 3639 2009 οὓς

359 2042 719 2115 περιεστᾶσιν
756 2043 955 2094 ἐκεῖνοι
994 2042 1405 2110 ὅοξολογοῦντες
1438 2043 1550 2109 ἀεὶ,
1587 2044 1682 2096 καὶ
1707 2042 1817 2095 τῶν
1844 2042 2131 2113 δυνάμεων
2161 2041 2321 2095 αὑτὸν
2352 2041 2714 2111 ὀνομάζοντες
2745 2041 2974 2112 Κύριον.

358 2154 611 2223 Ejusdem
644 2170 706 2208 ea:
735 2154 893 2223 libro.
921 2157 1010 2221 qui
1049 2172 1113 2208 es
1144 2148 1550 2226 interrogatione
1574 2158 1935 2211 remansione-

972 2242 1069 2279 aue
1095 2238 1323 2280 εοιιδιιιῖ.

431 2317 563 2370 Nam
586 2319 774 2386 genuit
789 2320 1006 2386 quidem
1026 2320 1167 2374 Deus
1184 2337 1246 2374 ac
1264 2320 1420 2375 l’atcr
1440 2319 1633 2375 Filium
1651 2338 1713 2376 ev
1737 2337 1943 2391 seipse.

360 2415 719 2476 generatione
750 2428 878 2466 una.
917 2413 1186 2468 (laterum
1219 2414 1420 2483 placuit
1454 2416 1501 2468 ci
1541 2416 1848 2470 instaurare
1885 2418 1938 2469 in

360 2504 479 2571 ipso
497 2519 668 2573 genus
696 2504 997 2558 humanum
1019 2518 1113 2574 per
1139 2505 1567 2561 incarnationem
1595 2506 1709 2561 sive
1743 2506 1937 2561 innua-

362 2599 665 2662 nationem,
721 2614 886 2667 quam
928 2600 1155 2654 omnino
1208 2600 1320 2654 fieri
1354 2601 1591 2668 oportuit
1651 2619 1747 2669 per
1804 2602 1945 2655 nati-

360 2689 587 2744 vitatcm
632 2705 698 2743 ex
741 2692 1009 2756 muliere,
1049 2703 1107 2745 ut
1163 2708 1261 2762 per
1305 2693 1716 2750 similitudinem
1776 2710 1944 2763 quam

373 2786 649 2841 nobiseum
680 2782 1093 2839 habetVerbum
1120 2797 1190 2837 ex
1223 2781 1331 2836 Deo
1362 2789 1568 2847 ortum,
1610 2779 1944 2837 condemne—

375 2887 462 2931 tur
492 2876 710 2948 quidem
739 2875 791 2929 in
812 2873 1069 2929 membris
1101 2873 1284 2928 carnis
1334 2880 1535 2927 nostra:
1560 2870 1667 2947 _Iex
1697 2872 1939 2940 peccati;

374 2967 428 3020 in
468 2965 823 3021 similitudine
857 2973 1038 3020 autem
1066 2961 1259 3019 mortis
1301 2960 1421 3030 ejus
1441 2959 1533 3030 qui
1580 2971 1807 3014 mortem
1835 2976 1947 3029 non

374 3054 544 3118 novit,
573 3062 866 3109 evacuetur
894 3065 1063 3107 mors.
1098 3069 1117 3104 ι
1155 3050 1214 3105 Si
1238 3049 1381 3105 enim
1415 3048 1763 3118 complantati
1816 3048 1943 3103 lacti

375 3160 582 3208 sumus,
614 3142 812 3212 inquit,
859 3139 1199 3197 similitudini
1246 3140 1439 3196 mortis
1498 3137 1613 3208 ejus
1645 3155 1658 3190 :
1687 3137 1847 3192 simul
1890 3148 1946 3193 ct

375 3232 756 3289 resurrectioni
789 3232 992 3310 erimus
1045 3228 1087 3287 ⁸.
1126 3248 1145 3283 ι
1190 3228 1510 3285 Necessario
1539 3231 1722 3298 itaque
1762 3228 1810 3283 is
1854 3228 1943 3299 qui

372 3340 586 3396 semper
614 3326 849 3390 exsistit,
883 3331 1136 3379 natusesl
1168 3322 1466 3378 secundum
1491 3337 1733 3385 carnem,
1759 3332 1943 3376 nostra

372 3419 424 3473 in
449 3418 683 3487 seipsum
718 3415 1068 3481 transferens,
1104 3424 1164 3470 ut
1202 3413 1454 3469 nimirum
1486 3414 1759 3483 genimina
1820 3427 1944 3468 car-

374 3510 478 3573 nis,
505 3509 606 3563 hoc
632 3515 734 3572 est,
761 3521 881 3572 nos,
907 3504 1239 3573 corruptioni
1271 3504 1668 3573 perditionique
1699 3502 1941 3568 obnoxii,

372 3614 688 3657 maneamus
713 3598 767 3653 in
824 3598 963 3667 ipse,
1022 3595 1218 3665 quippe
1262 3594 1374 3663 qui,
1420 3609 1541 3663 quae
1573 3605 1758 3649 nostra
1794 3604 1939 3659 sunt,

372 3692 588 3763 propria
618 3690 722 3746 sibi
755 3687 967 3755 fecerit,
991 3695 1046 3742 et
1073 3701 1173 3742 sua
1200 3685 1377 3741 nobis.
1411 3686 1635 3755 Propter
1665 3702 1764 3741 nos
1794 3687 1937 3741 enim

370 3783 537 3853 eguit,
572 3796 693 3837 cum
747 3787 894 3836 esset
950 3779 1130 3844 dives,
1194 3786 1251 3831 ut
1295 3777 1578 3848 nosipsius
1602 3777 1778 3846 inopia
1803 3778 1942 3833 dites

371 3874 726 3929 evaderemus
776 3872 820 3928 ’.
848 3870 948 3938 Qui
974 3884 1104 3925 vero
1158 3877 1409 3924 asserunt
1460 3882 1565 3921 non
1606 3868 1778 3935 ipsum
1810 3866 1943 3921 Ver-

372 3969 497 4021 bum
528 3980 592 4020 ex
617 3964 727 4020 Deo
760 3963 963 4018 factum
990 3958 1356 4017 esse'carnem
1373 3973 1437 4013 ex
1466 3957 1940 4025 muliere,omnem

370 4057 784 4112 salutisnostrze
831 4053 1296 4125 dispensationem
1350 4050 1564 4107 tollunt.
1621 4049 1735 4104 Nisi
1795 4049 1940 4104 enim

373 4150 525 4205 dives
553 4162 673 4203 eum
704 4155 850 4203 esset
876 4145 1044 4215 eguit,
1060 4159 1167 4214 prae
1190 4145 1452 4198 immensa
1484 4156 1580 4197 sua
1609 4140 1941 4210 benignitate

374 4254 434 4292 se
472 4236 540 4291 ad
570 4244 754 4290 nostra
773 4235 1086 4302 demittens,
1121 4249 1187 4289 ne
1216 4248 1312 4287 nos
1350 4231 1567 4302 quidem
1598 4246 1718 4300 qua:
1772 4229 1941 4299 ipsius

372 4337 499 4383 sunt
522 4326 797 4382 consecuti
826 4340 1012 4382 sumus
1041 4344 1055 4381 :
1081 4326 1172 4381 sed
1203 4324 1375 4380 adhuc
1400 4324 1455 4379 in
1488 4322 1654 4379 veteri
1703 4332 1943 4395 egestate

374 4432 680 4483 versamur,
731 4417 1205 4486 exsecrationique
1260 4425 1317 4471 et
1372 4415 1539 4470 morti
1592 4430 1655 4470 ac
1719 4423 1941 4482 peccato

371 4508 595 4566 obnoxii
619 4522 828 4575 sumus.
877 4506 1012 4563 Nam
1064 4522 1129 4563 eo
1190 4506 1306 4577 ipso
1364 4508 1506 4575 quod
1549 4506 1782 4562 Verbum
1817 4521 1943 4562 caro

373 4610 575 4657 tactum
611 4609 714 4668 est,
739 4599 949 4655 sublata
977 4607 1102 4655 sunt
1139 4613 1202 4655 ea
1231 4613 1353 4668 quae
1374 4613 1439 4653 ex
1475 4599 1856 4654 maledictione
1888 4608 1944 4652 et

371 4693 824 4751 condemnatione
860 4693 1111 4747 humana;
1137 4700 1345 4745 natura:
1401 4689 1734 4746 acciderant.
1795 4689 1943 4756 Quo-

370 4788 521 4840 circa
555 4785 600 4840 si
629 4783 821 4839 salutis
847 4793 1048 4859 nostra:
1080 4782 1317 4837 radicem
1359 4782 1687 4846 convellunt,
1743 4791 1798 4836 et
1827 4781 1939 4850 spei

372 4888 570 4933 nostrae
588 4876 999 4931 fundamentum
1057 4876 1397 4939 subvertant,
1423 4873 1551 4946 quid
1601 4873 1854 4942 deinceps
1882 4871 1947 4927 de

372 4970 527 5024 nobis
553 4967 679 5022 lict?
722 4966 853 5021 Nam
880 4968 924 5022 si
957 4967 1193 5022 Verbum
1224 4981 1354 5022 caro
1387 4966 1585 5021 factum
1611 4979 1719 5019 non
1765 4972 1867 5029 εει,
1888 4970 1947 5020 ιιι

371 5061 503 5122 dixi,
538 5074 604 5115 ne
634 5060 825 5113 mortis
858 5059 1073 5128 quidem
1124 5056 1409 5126 imperium
1443 5068 1728 5109 excussum
1753 5062 1854 5116 est,
1885 5060 1939 5107 et

370 5162 649 5219 peccatum
703 5149 842 5205 nulla
864 5150 1071 5203 ratione
1107 5147 1364 5201 abolitum
1403 5146 1586 5211 fuerit,
1635 5146 1726 5202 sed
1773 5144 1949 5199 adhuc

372 5241 537 5309 primi
560 5242 819 5311 parentis,
857 5241 958 5295 hoc
985 5249 1087 5307 est,
1114 5239 1328 5304 Adami,
1364 5235 1795 5308 prmvaricationi
1849 5235 1943 5290 ob-

373 5335 516 5388 noxii
551 5350 756 5396 sumus,
806 5347 978 5400 neque
1010 5332 1063 5384 in
1122 5329 1395 5383 meliorem
1443 5337 1642 5383 statum
1704 5326 1944 5381 translati

363 5428 554 5467 smmis
580 5450 596 5477 .
636 5429 729 5483 per
757 5411 1035 5469 Christum
1062 5450 1077 5479 ,
1123 5408 1348 5481 inquam
1377 5444 1394 5476 ,
1443 5410 1689 5465 omnium
1740 5410 1935 5467 Serva-

364 5510 561 5557 torem.

442 5682 460 5712 ⁸
485 5679 644 5732 Rem.
674 5694 750 5744 vt,
786 5680 840 5733 5.
914 5684 933 5715 ’
962 5681 1003 5735 ιι
1032 5681 1162 5737 Cor.
1184 5696 1302 5745 vni,
1329 5681 1381 5737 9.

1973 2930 2013 2986 C

2047 2158 2159 2214 Τοῦ
2194 2157 2385 2215 αὑτοῦ
2422 2156 2494 2213 ἐκ
2535 2156 2644 2213 τοῦ
2682 2157 2836 2283 καῑὲὰ
2888 2157 3111 2213 πεῦσιν
3170 2154 3275 2213 καὶ
3311 2155 3644 2225 ἀπόκρισιν

2809 2246 2942 2283 νου.

2809 2246 2942 2299 γου.

2123 2319 2427 2391 Γεγέννηκε
2459 2318 2559 2389 μὲν
2591 2319 2701 2392 γὰρ
2726 2322 2752 2373 ό
2788 2319 2919 2383 Θεὸς
2949 2320 3044 2374 καὶ
3081 2320 3270 2392 Πατὴρ
3296 2321 3389 2374 τὸν
3419 2319 3550 2374 Υἱὺν
3577 2321 3643 2387 ἑξ

2049 2412 2266 2477 ἑαυτοῦ,
2290 2412 2541 2484 γεννήσει
2566 2414 2667 2486 μιᾷ
2685 2431 2700 2447 ο
2726 2412 2869 2483 πλὴν
2888 2413 3181 2482 εὐδόκησεν
3202 2416 3259 2468 ὲν
3282 2415 3432 2485 αὑτῷ
3455 2417 3514 2469 τὸ
3540 2418 3643 2469 ἀν-

2048 2507 2319 2578 θρώπινον
2348 2507 2630 2562 ἀνασῶσαι
2656 2507 2837 2574 γένος,
2855 2508 3045 2577 τρόπῳ
3080 2500 3159 2577 τῷ
3191 2506 3338 2562 κατὰ
3368 2508 3469 2579 τὴν
3501 2509 3645 2579 σάρ·

2038 2616 2232 2665 κωσιν,
2249 2599 2417 2671 ήγουν
2440 2598 2876 2670 ὲνανθρώπησιν,
2900 2599 2972 2671 ἦν
2995 2601 3176 2670 πάντη
3200 2617 3259 2653 τε
3287 2600 3384 2655 καὶ
3408 2601 3640 2665 πάντως

2038 2693 2292 2762 γενέσθαι
2314 2694 2505 2763 ἐχρῆν,
2521 2690 2610 2746 διὰ
2633 2692 2946 2765 γεννήσεως
2966 2692 3213 2766 δηλονότι
3232 2694 3334 2764 τὴν
3358 2695 3423 2747 ἐκ
3446 2708 3643 2762 γυναιγ

2041 2792 2154 2850 νος,
2175 2789 2262 2841 ἵνα
2292 2790 2355 2858 τῇ
2395 2787 2532 2859 πρὸς
2572 2786 2718 2857 ἡμᾶς
2744 2786 3012 2857 ὁμοιώσει
3047 2791 3141 2841 τοῦ
3172 2787 3405 2863 ἐκβεοῦ
3433 2787 3637 2857 φύντος

2041 2880 2237 2946 Λόγου,
2271 2887 2676 2948 κατακρινηται
2717 2881 2816 2950 μὲν
2848 2880 2906 2932 ὲν
2929 2881 3044 2943 τοῖς
3075 2881 3265 2945 μέλεσι
3294 2881 3396 2950 τῆς
3432 2882 3641 2952 σαρκὲνς

2050 2967 2146 3035 τῆς
2176 2966 2451 3035 ἁμαρτίας
2481 2967 2509 3018 6
2538 2965 2723 3036 νόμος,
2760 2968 2817 3018 ἐν
2834 2962 3149 3035 ’ὁμοιώματι
3174 2963 3229 3017 δὲ
3257 2963 3492 3016 θανάτου
3530 2963 3629 3017 τοῦ

2054 3058 2127 3128 μὴ
2188 3057 2390 3119 εἰδότος
2446 3054 2612 3110 αὑτὸν
2660 3054 3006 3123 καταργῆται
3057 3052 3304 3116 θάνατος.
3362 3071 3381 3103 ι
3419 3052 3483 3105 Ei
3518 3052 3631 3123 γὰρ

2053 3148 2328 3218 σύμφυτοι
2375 3149 2712 3219 γεγόναμεν,
2746 3145 2882 3217 φησι
2902 3186 2917 3210 ,
2949 3144 3027 3214 τῷ
3059 3142 3368 3214 ὁμοιώματι
3407 3142 3503 3197 τοῦ
3531 3144 3632 3197 θαι

2048 3239 2207 3297 νάτου
2237 3238 2401 3293 αὑτοῦ
2430 3281 2444 3304 ,
2477 3238 2610 3291 ἀλλά
2641 3236 2735 3290 καὶ
2767 3236 2865 3306 τῆς
2902 3234 3251 3298 ἀναστάσεως
3291 3232 3552 3303 ἐσόμεθα.
3602 3252 3623 3285 ι

2049 3329 2254 3383 Οὐκοῦν
2295 3328 2610 3398 ἀναγκαίως
2641 3329 2667 3383 ὀ
2695 3325 2771 3380 ὣν
2810 3326 2903 3380 καὶ
2928 3327 2957 3379 6
2995 3323 3255 3395 ὑπάρχων
3299 3323 3632 3394 γεγέννηται

2048 3419 2189 3474 κατά
2222 3421 2423 3490 σάρκα,
2454 3418 2524 3472 τά
2558 3418 2716 3489 ἡμῶν
2751 3419 2832 3480 εἰς
2877 3416 3068 3471 ἑαυτὸν
3097 3415 3373 3487 μεταθεὶς,
3424 3415 3513 3468 ῖνα
3558 3414 3637 3470 τὰ

2052 3512 2256 3582 σαρκὸς
2281 3512 2618 3582 γεννήματα,
2643 3509 2942 3573 τουτέστιν,
2993 3507 3158 3579 ἡμεῖς
3201 3508 3251 3560 oi
3302 3506 3534 3577 φθαρτοί
3567 3522 3633 3558 τε

2050 3606 2143 3658 καὶ
2185 3602 2588 3671 ἀπολλύμενοι,
2662 3599 2914 3670 μένωμεν
2961 3600 3019 3653 ὲν
3065 3597 3236 3668 αὑτῷ,
3285 3598 3394 3651 ἴδια
3436 3597 3635 3651 λοιπόν

2048 3694 2222 3764 ἔχοντι
2251 3694 2318 3746 τά
2361 3691 2540 3762 ἡμῶν,
2575 3691 2662 3743 ἴνα
2692 3690 2786 3745 καὶ
2823 3690 2984 3761 ἡμεῖς
3030 3687 3101 3741 τὰ
3137 3686 3323 3743 αὑτοῦ.
3368 3687 3445 3742 Δι’
3478 3690 3631 3759 ἡμᾶς

2047 3786 2156 3855 γάρ
2199 3781 2511 3853 ὲπτώχευσε
2544 3782 2798 3843 πλούσιος
2841 3779 2937 3847 ὢν,
2974 3779 3062 3833 ἵνα
3107 3781 3267 3850 ἡμεῖς
3313 3782 3380 3850 τῇ
3415 3780 3630 3833 ἐκείνου

2048 3874 2292 3945 πτωχείᾳ
2318 3874 2730 3944 πλουτήσωμεν.
2760 3870 3065 3934 Φάσκοντές
3088 3886 3153 3938 γε
3178 3870 3304 3941 μὴν,
3333 3870 3434 3923 οὑκ
3461 3869 3631 3923 αὑτὸν

2042 3967 2293 4036 γενέσθαι
2332 3965 2511 4036 σάρκα
2550 3963 2641 4019 τὸν
2673 3965 2738 4016 ἐκ
2780 3962 2917 4016 Θεοῦ
2961 3960 3156 4029 Λόγον,
3194 3960 3311 4031 ἦτοι
3363 3960 3628 4029 γέννησιν

2046 4059 2339 4128 ὑπομεῖναι
2371 4057 2470 4128 τὴν
2504 4055 2647 4110 κατὰ
2687 4057 2867 4126 σάρκα
2918 4054 2980 4107 ὲκ
3021 4051 3296 4121 γυναικὸς,
3340 4051 3629 4122 ἀναιροῦσι

2046 4149 2143 4220 τὴν
2176 4147 2509 4219 οἰκονομίαν.
2550 4148 2613 4201 Ei
2645 4146 2753 4218 γὰρ
2786 4147 2860 4217 μὴ
2888 4144 3142 4208 πλούσιος
3175 4143 3250 4197 ὢν
3289 4144 3629 4213 ἐπτώχευσε,

1975 4265 2017 4319 D
2047 4239 2235 4304 καθεὶς
2267 4238 2457 4293 ἑαυτὸν
2484 4240 2596 4302 τοῖς
2627 4238 2746 4315 καθ’
2776 4238 2923 4309 ἡμᾶς
2948 4239 3014 4290 ὲκ
3041 4235 3473 4307 φιλανθρωπίας,
3506 4234 3628 4288 οὑδὲ

2048 4333 2210 4404 ἡμεῖς
2254 4330 2323 4386 τὰ
2356 4330 2521 4384 αὑτοῦ
2571 4330 3052 4404 πεπλουτήκαμεν,
3100 4326 3215 4384 ἀλλ’
3248 4328 3415 4398 ἐσμὲν
3453 4329 3512 4381 ὲν
3549 4326 3627 4399 τῷ

2046 4402 2346 4494 πτωχεύειν
2401 4420 2482 4477 ἔτι
2533 4422 2626 4478 καὶ
2671 4402 2798 4493 ἀρᾷ
2831 4421 2928 4475 καὶ
2974 4420 3189 4492 θανάτῳ
3238 4422 3330 4473 καὶ
3378 4420 3626 4492 ἁμαρτία

2046 4514 2413 4587 ἐνισχημένοι.
2447 4514 2521 4568 Τὸ
2553 4513 2747 4585 γάρτοι
2796 4512 3049 4582 γενέσθαι
3082 4512 3261 4583 σάρκα
3305 4512 3397 4564 τὸν
3430 4512 3627 4580 Λόγον,

2050 4606 2205 4661 λύσιν
2243 4606 2354 4677 ἔχει
2384 4606 2478 4659 καὶ
2507 4605 2821 4677 ἀνατροπὴν
2853 4605 2962 4658 τῶν
2988 4603 3049 4669 ἐξ
3076 4605 3214 4676 ἀρᾶς
3239 4605 3333 4658 καὶ
3360 4604 3517 4675 δίκης
3557 4606 3626 4676 τῇ

2048 4697 2143 4751 τοῦ
2203 4695 2489 4769 ἀνθρώπου
2547 4697 2706 4768 φύσει
2759 4695 3205 4767 συμϐεϐηκότων.
3264 4696 3509 4763 Οὑκοὺν,
3576 4696 3626 4750 εί

2049 4788 2473 4860 ἀναδοθρεύουσι
2504 4790 2603 4859 τῆς
2647 4787 2921 4860 σωτηρίας
2956 4786 3110 4858 ήμῶν
3153 4786 3252 4857 τὴν
3304 4785 3492 4857 ῥίζαν,
3534 4786 3624 4841 καὶ

2050 4878 2141 4933 τὸν
2183 4879 2282 4949 τῆς
2317 4878 2529 4942 ὲλπίδος
2565 4877 2813 4949 θεμέλιον
2847 4876 3234 4949 ἀνορύττουσι,
3267 4878 3367 4930 ποῦ
3397 4877 3466 4930 τὰ
3508 4882 3629 4948 μετ’

2050 4964 2213 5024 αὑτὸν
2262 4969 2341 5023 ἔτι
2393 4969 2669 5035 κείσεται;
2720 4970 2794 5025 Οὑ
2841 4971 2948 5041 γὰρ
2992 4971 3297 5039 γεγονότος,
3348 4970 3423 5032 ώς
3466 4969 3627 5040 ἔφην,

2052 5061 2253 5134 σαρκὸς
2282 5060 2377 5115 τοῦ
2407 5048 2604 5129 Λόγου,
2631 5059 2753 5114 οὔτε
2791 5058 2884 5114 τοῦ
2937 5061 3169 5115 θανάτου
3206 5060 3529 5129 κατεσείσθη
3567 5060 3632 5112 τὸ

2048 5152 2270 5222 κράτος,
2306 5152 2651 5222 κατήργηται
2692 5150 2749 5202 δὲ
2781 5151 2900 5203 κατ’
2931 5152 3124 5204 οὑδὲνα
3155 5152 3351 5222 τρόπον
3378 5151 3411 5220 ἡ
3443 5149 3645 5221 ἁμαρ--

2048 5241 2154 5308 τία,
2202 5240 2296 5296 καὶ
2346 5240 2515 5313 ἐσμὲν
2556 5240 2643 5295 ἔτι
2683 5242 2807 5305 ταῖς
2847 5242 2939 5296 τοὺ
2977 5241 3199 5315 πρώτου
3250 5241 3632 5312 παραϐάσεσιν

2050 5331 2261 5401 ἔνοχοι,
2330 5332 2608 5390 τουτέστιν
2665 5334 2879 5407 Ἀδὰμ,
2937 5336 3199 5407 οὐδεμίαν
3269 5336 3629 5405 ἀναφοίτησιν

2048 5410 2278 5507 excute;—
2295 5412 2379 5507 εἰς
2404 5413 2466 5467 τὺ
2495 5412 2741 5507 ἄμεινον,
2776 5418 2873 5492 τὴν
2896 5418 2986 5475 διά
3020 5420 3082 5492 γέ
3112 5435 3256 5491 φημι
3285 5417 3377 5475 τοῦ
3409 5419 3643 5507 πάντων.

2052 5502 2209 5572 ἡμῶν
2240 5504 2492 5575 Σωτῆρος
2527 5506 2787 5577 Χριστοῦ.

3656 4776 3699 4899 \
