4042 6208
399 316 497 383 981

470 440 531 495 Β.
562 440 801 522 Συνίημι
834 443 864 498 6
902 446 1029 518 φής.

468 534 530 586 Α.
573 532 673 598 Τίς
703 534 750 588 δ’
778 536 845 591 ἂν
875 539 969 593 καὶ
1022 542 1195 596 νοοῖτο
1240 544 1381 619 πρὸς
1418 550 1577 621 ἡμῶν
1609 555 1638 607 6
1688 556 1978 628 παραπλη-

397 622 692 716 σίωςγὴμῑν
722 631 1080 702 μετεσχηκὼς
1121 634 1354 708 αἵματος
1376 640 1469 696 καὶ
1500 644 1722 716 σαρκὸς,
1758 622 1834 712 ὧς
1862 622 1980 704 ετξ-

399 715 596 811 ξπλῶν
631 721 762 811 παρ’
792 721 940 792 ἡμᾶς
973 725 1116 780 κατὰ
1150 729 1345 798 φύσιν;
1375 731 1448 787 Οὐ
1474 715 1585 808 γάρ
1613 753 1695 790 τοι
1731 742 1866 811 φαίη
1894 758 1979 806 τις

395 804 464 901 ᾃν
489 806 766 882 ἀνθρώπῳ
797 813 1052 884 πρέπειν,
1101 816 1160 871 τὸ
1207 804 1623 895 ἀνθρωπὰτητος
1666 804 1976 901 μετασγεῖν.

402 899 470 991 ⁸ξο
499 901 609 970 γάρ
653 902 770 956 ἐστι
816 906 957 960 κατὰ
997 908 1182 978 φύσιν,
1212 911 1330 977 πῶς
1358 913 1425 969 ἄν
1452 932 1536 980 τις
1569 921 1741 974 νοοῖτο
1772 899 1976 991 λαθὼν,

394 990 474 1052 ὡς
519 992 706 1065 ἕτερον
747 995 807 1049 δν
851 1014 904 1051 τι
938 1002 1069 1074 παρ’
1109 1005 1247 1075 ὅπερ
1286 1007 1463 1075 ἑστίν;
1491 1004 1617 1080 Ἆρ’
1656 1013 1717 1065 οὐ
1758 1015 1892 1068 πολὺ
1920 990 1980 1069 τὸ

394 1085 547 1150 εἰκὸς
572 1087 601 1139 6
630 1087 786 1158 λόγος
818 1089 957 1161 ἔχεις

462 1264 530 1319 Β.
571 1265 722 1321 Πάνυ
759 1267 858 1337 μὲν
890 1264 1003 1325 οὖν.

465 1357 532 1411 Α.
570 1357 840 1431 Ἃθρειδὲ
874 1361 938 1432 δὴ
978 1362 1072 1416 καὶ
1121 1363 1346 1437 ἑτέρως,
1385 1367 1461 1433 ὡς
1509 1369 1727 1427 ἀνόσιόν
1757 1374 1816 1428 τέ
1864 1377 1979 1429 ἐστι

395 1451 493 1543 καὶ
529 1453 770 1525 ἀπηχὲς.
801 1456 866 1509 τὸ
892 1457 1139 1531 ἀναιρεῖν
1173 1463 1472 1534 πειρᾶσθαι
1500 1466 1595 1521 τοῦ
1628 1468 1765 1523 Θεοῦ
1801 1472 1977 1543 Λόγου

393 1541 496 1613 τὴν
553 1545 618 1597 ἐκ
650 1548 908 1613 γυναικὸς
965 1551 1110 1606 κατά
1165 1553 1345 1625 σάρκα
1391 1557 1666 1630 γέννησιν.
1719 1561 1838 1616 Τίνι
1871 1541 1981 1635 γὰρ

1341 338 1717 405 PANOPLIA
1757 343 2217 415 DOGMATICA.
2248 376 2317 390 --
2351 353 2501 413 τιν.
2539 355 2658 419 XV.

2013 465 2063 528 Α
2158 467 2218 522 Β.
2248 469 2500 546 Intelligo
2523 474 2651 546 quid
2684 474 2837 531 velis.

3552 359 3657 426 962

2150 563 2216 618 A.
2255 565 2389 631 Quis
2415 583 2542 622 vero
2574 568 2906 641 intelligatur
2938 586 2966 625 a
2999 571 3154 626 nobis
3181 573 3271 642 qui
3305 575 3525 643 perinde
3576 583 3657 628 at-

2080 670 2184 725 que
2208 671 2303 710 nos
2330 658 2611 727 sanguinis
2663 675 2726 715 ac
2784 661 2968 715 carnis
3008 645 3280 731 particeps
3329 662 3503 719 lactus
3560 666 3654 729 sit,

2083 756 2335 817 tanquam
2373 748 2620 803 diversus
2646 764 2675 803 a
2710 751 2863 805 nobis
2893 753 3186 806 secundum
3235 753 3522 807 naturam?
3551 753 3656 807 Ne-

2079 847 2184 902 que
2211 834 2353 889 enim
2387 837 2651 905 quispiam
2692 839 2889 893 dixerit
2915 841 3208 911 convenire
3234 896 3237 899 ,
3268 841 3498 907 homini,
3560 843 3659 897 hu-

2081 926 2357 979 manitatis
2397 928 2716 997 participem
2773 928 3087 983 fieri.Nam'
3113 931 3164 1007 id
3204 932 3347 1001 quod
3386 932 3653 985 naturali.

2082 1027 2164 1069 ter
2195 1024 2302 1080 est,
2329 1032 2438 1087 quo
2469 1031 2625 1087 paeto
2667 1020 2789 1090 quis
2820 1021 3096 1090 accepisse
3132 1020 3655 1093 iutelligatur,quasi

2081 1107 2223 1161 aliud
2248 1110 2316 1162 sit
2341 1125 2499 1179 quam
2525 1112 2664 1180 quod
2692 1112 2816 1167 est?
2859 1109 3058 1167 Nonne
3088 1112 3191 1167 tibi
3236 1121 3658 1177 consentaneus

2080 1213 2209 1253 vero
2236 1215 2415 1255 sermo
2451 1218 2600 1257 meus
2626 1204 2878 1258 videtur?
2942 1263 2946 1269 ,
3182 1194 3193 1200 ’
3332 1226 3344 1255 ί
3384 1242 3411 1252 γε

2151 1288 2211 1344 Β.
2242 1289 2494 1346 Omnino.
2928 1359 2931 1362 ν
3068 1354 3069 1357 η
3262 1318 3298 1346 -,
3384 1346 3397 1359 ,

2149 1382 2210 1437 A.
2245 1384 2376 1438 Vide
2400 1396 2581 1439 autem
2607 1386 2769 1438 etiam
2815 1387 2917 1443 alia
2975 1388 3183 1443 ratione
3204 1386 3375 1457 quam
3405 1389 3653 1456 impium,

2079 1487 2348 1542 quamque
2373 1476 2667 1530 absurdum
2694 1478 2764 1531 sit
2791 1476 2952 1532 Verbi
3001 1494 3064 1534 ex
3100 1474 3324 1534 uioliere
3351 1480 3650 1534 secundum

2079 1575 2300 1616 carnem
2332 1565 2666 1620 nativitatem
2700 1567 2887 1623 tollere
2925 1569 3132 1622 canari.
3168 1568 3285 1636 Quo
3323 1572 3468 1624 enim
3501 1580 3658 1639 pacto

394 1634 1008 1728 -Cw01:0:ﬁcstev
1031 1642 1096 1696 ἂν
1121 1643 1185 1697 τὸ
1218 1644 1381 1717 σῶμα
1417 1648 1605 1717 αὐτοῦ,
1639 1654 1687 1705 εί
1718 1653 1793 1725 μὴ
1828 1634 1977 1708 ἐστιν

2093 1651 2355 1711 ιίνίίὶείηε
2386 1661 2555 1726 possit
2588 1672 2783 1727 corpus
2812 1673 2991 1724 suum,
3026 1660 3127 1713 uisi
3150 1659 3221 1712 sit
3267 1661 3543 1728 prOprium
3574 1660 3657 1728 ip:

397 1725 533 1779 ίόιον
557 1724 744 1789 αὐτοῦ,
770 1726 829 1791 ὃς
855 1729 972 1781 ἐστι
1009 1729 1158 1803 Cui);
1191 1730 1311 1797 πῶς
1342 1734 1403 1788 τὸ
1423 1731 1565 1807 αἷμα
1604 1724 1789 1809 Ἰησοῦ
1809 1739 1979 1794 καθα-

401 1817 542 1888 ρίζει
567 1818 717 1888 ἡμᾶς
745 1819 856 1874 άπὸ
881 1822 1063 1893 πάσης
1093 1824 1386 1897 ἁμαρτίας,
1409 1826 1570 1900 εἴπερ
1597 1828 1749 1883 ἐστὶν
1770 1829 1984 1903 ἀνθρώ-

397 1926 503 1964 που
524 1910 707 1964 κοινοῦ
742 1911 839 1966 καὶ
863 1912 1017 1978 ὄντος
1045 1915 1136 1985 ὑφ’
1168 1918 1481 1989 άμαρτίαν;
1514 1920 1633 1987 πῶς
1655 1921 1982 1976 ἀπέστειλεν

395 2000 424 2051 ὀ
453 1999 587 2064 Θεὸς
621 2002 716 2057 καὶ
740 2004 936 2074 Πατὴρ
961 2005 1053 2059 τὸν
1082 2006 1212 2063 Υίὸν
1233 2008 1423 2076 αὸτοῦ,
1454 2011 1749 2084 γενόμενον
1786 2013 1853 2067 ἐκ
1880 2029 1983 2083 γυ-

398 2090 610 2157 ναικὸς,
642 2093 936 2167 γενόμενον
993 2096 1344 2171 ὑπὸ,νόμον;
1385 2102 1502 2167 πῶς
1547 2104 1839 2177 κατέκρινε
1882 2106 1983 2178 τὴν

398 2184 677 2256 ἁμαρτίαν
707 2186 766 2239 ὲν
795 2189 869 2260 τῇ
894 2188 1094 2259 σαρκί;
1122 2191 1198 2246 Οὐ
1225 2193 1335 2265 γὰρ
1364 2188 1433 2265 ἦν
1455 2194 1746 2269 ἀνθρώπου
1774 2197 1981 2265 κοινοῦ,

398 2275 493 2329 καὶ
546 2279 989 2352 τυραννουμένην
1051 2280 1271 2353 ἔχοντος
1332 2284 1452 2356 μεθ’
1509 2286 1684 2358 ἡμῶν,
1725 2286 1832 2361 ὑπὸ
1883 2290 1983 2361 τῆς

399 2367 674 2441 ἁμαρτίας
715 2370 816 2439 τὴν
853 2371 1040 2441 φύσιν,
1081 2372 1147 2427 τὸ
1185 2377 1514 2448 κατακρϊναι
1550 2377 1650 2449 τὴν
1680 2378 1981 2451 ἁμαρτίαν.

412 2459 567 2512 Ἐπεὶ
589 2460 646 2514 δὲ
678 2460 840 2532 σῶμα
884 2462 1080 2533 γέγονε
1125 2465 1222 2521 τοῦ
1254 2468 1594 2541 πλημμελεῖν
1633 2470 1735 2525 οὐκ
1759 2471 1983 2539 εἰδότος,

408 2549 661 2624 ιαύτητοι
702 2554 798 2608 καὶ
836 2556 985 2628 μάλα
1020 2558 1247 2624 είκότως
1275 2559 1376 2633 τὴν
1413 2560 1516 2632 τῆς
1559 2563 1838 2637 ἁμαρτίας
1879 2566 1986 2620 άπ-

401 2643 655 2698 εσείσατο
693 2647 1009 2718 τυραννίδα,
1049 2650 1144 2705 καὶ
1192 2652 1294 2723 τὴν
1342 2652 1579 2725 ἰδιότητα
1636 2655 1859 2709 πλουτεῖ
1888 2656 1982 2711 τοῦ

401 2733 697 2805 ἀφράστως
724 2737 863 2810 αὐτῇ
912 2739 1009 2795 καὶ
1040 2740 1117 2805 ὡς
1153 2741 1257 2797 οὐκ
1282 2741 1431 2798 ἐστιν
1460 2744 1753 2812 ὲνωθέντος
1781 2746 1981 2817 Λόγου,

404 2825 562 2895 ἅγιόν
607 2844 668 2881 τε
705 2830 800 2883 καὶ
855 2829 1120 2896 ζωοποιὼο
1175 2835 1317 2899 ἐστι,
1362 2836 1457 2891 καὶ
1504 2839 1604 2909 τῆς
1647 2837 1984 2910 θεοπρεποῦς

404 2917 688 2990 ἐνεργείας
714 2919 991 2991 ἔμπλεων.
1029 2923 1120 3002 Ὠς
1148 2925 1206 2978 ὲν
1234 2925 1459 3000 ἀπαρχῇ
1493 2928 1550 2982 δὲ
1576 2930 1820 3001 Χριστῷ,
1856 2944 1983 3002 μετ⁸

404 3010 834 3084 εστοιχειώμεθα
860 3015 959 3068 καὶ
979 3016 1162 3087 ἡμεῖς,
1186 3019 1268 3081 είς
1292 3018 1354 3072 τὸ
1375 3016 1514 3073 εἶναι
1543 3022 1637 3075 καὶ
1661 3021 1867 3094 φθορᾶς
1886 3022 1988 3076 καὶ
2015 3002 2056 3060 c

405 3103 688 3175 ἁμαρτίας
717 3104 1048 3176 κρείττονες.
1071 3108 1184 3162 Καὶ
1212 3108 1434 3179 ἀληθὲς,
1465 3111 1568 3176 ὅτι,
1592 3112 1735 3171 κατὰ
1763 3112 1865 3184 τὴν
1893 3113 1987 3166 τοῦ

410 3197 683 3268 μακαρίου
728 3196 941 3253 Παύλου
973 3200 1177 3269 φωνὴν,
1217 3218 1236 3252 ι
1267 3199 1481 3271 Ὠσπερ
1503 3201 1845 3272 ὲφορέσαμεν
1892 3201 1989 3272 τὴν

408 3287 598 3341 εἰκόνα
637 3287 733 3340 τοῦ
779 3287 999 3359 χοϊκοῦ,
1032 3289 1341 3362 φορέσομεν
1373 3291 1468 3347 καὶ
1514 3290 1614 3363 τὴν
1667 3292 1854 3347 είκόνα
1893 3291 1989 3346 τοῦ

409 3375 757 3446 ἐπουρανίου,
792 3395 813 3430 ι
837 3377 1087 3433 τουτέστι
1118 3378 1376 3451 Χριστοῦ.
1412 3381 1763 3453 Ἐπουράνιος
1799 3381 1856 3434 δὲ
1899 3381 1992 3436 ἄν·

410 3466 632 3538 θρωπος
656 3469 856 3521 νοεῖται
888 3469 1150 3541 Χριστὸς,
1176 3471 1276 3543 οὐχ
1305 3470 1382 3536 ὡς
1412 3472 1617 3527 ἄνωθεν
1640 3474 1772 3545 ἡμῖν
1803 3474 1900 3528 καὶ
1933 3474 1992 3541 ἐξ

408 3557 646 3630 ούρανοῦ
678 3558 777 3630 τὴν
813 3561 992 3633 σάρκα
1035 3562 1403 3633 κατενεγκὼν,
1446 3565 1564 3619 ἀλλ’
1595 3566 1679 3619 ὅτι
1705 3565 1840 3630 Θεὸς
1864 3565 1941 3620 ὣν
1964 3566 1994 3619 6

410 3656 608 3724 Λόγος,
637 3654 1015 3724 ωταὸέὸηκεν
1046 3655 1107 3721 ἐξ
1123 3655 1395 3731 οὐρανῶν.
1420 3657 1516 3711 καὶ
1549 3656 1650 3729 τὴν
1675 3658 1812 3728 πρὸς
1844 3660 1995 3729 ἡμᾶς

414 3747 676 3818 ὁμοίωσιν
703 3745 972 3815 ὑπελθὼν,
993 3747 1264 3810 τουτέστι,
1290 3747 1545 3818 γέννησιν
1572 3748 1874 3818 ὑπομείνας
1895 3750 1995 3820 τὴν

415 3837 560 3893 κατὰ
589 3836 766 3910 σάρκα
791 3839 856 3892 ὲκ
875 3839 1154 3908 γυναικὸς,
1174 3838 1490 3910 μεμένηκεν
1517 3841 1653 3911 ὅπερ
1680 3838 1770 3912 ἦν,
1789 3840 1997 3895 ἄνωθεν

413 3935 662 4005 δηλονότι
682 3936 778 3991 καὶ
808 3935 869 4001 ἐξ
889 3936 1154 4007 οὐρανῶν,
1177 3933 1274 3992 καὶ
1305 3934 1491 3990 ἐπάνω
1508 3936 1726 3992 πάντων
1746 3935 1823 4001 ὡς
1841 3936 1995 4003 Θεὸς,

416 4032 516 4083 καὶ
550 4029 687 4100 μετὰ
716 4029 940 4101 σαρκός.
979 4028 1139 4085 Οὕτω
1180 4029 1291 4101 γάρ
1335 4028 1439 4083 πού
1460 4046 1625 4101 φησιν
1651 4030 1680 4083 ὁ
1710 4028 1999 4093 θεσπέσιος

429 4124 686 4193 Ἰωάννης
709 4125 840 4195 περὶ
862 4123 1052 4179 αὐτοῦ·
1085 4142 1104 4176 ι
1144 4123 1204 4177 '0
1237 4122 1444 4179 ἄνωθεν
1475 4122 1791 4194 ἐρχόμενος,
1811 4124 1999 4180 ἐπάνω

421 4215 644 4269 πάντων
682 4215 850 4270 ἐστίν.
881 4233 902 4268 ι
947 4215 1365 4287 Ἀπομεμένηκε
1414 4215 1522 4289 γὰρ
1555 4215 1666 4270 τῶν
1704 4215 1842 4270 ὅλων
1887 4216 2000 4269 Κύ-

2082 1741 2218 1807 sius,
2243 1743 2334 1813 qui
2358 1755 2440 1799 est
2464 1745 2609 1800 vita?
2629 1757 2722 1800 aut
2745 1746 3014 1816 quomodo
3038 1747 3259 1818 sanguis
3282 1746 3483 1801 Christi
3505 1763 3658 1800 mun-

2082 1832 2232 1890 dabit
2297 1849 2394 1890 nos
2446 1835 2513 1890 ab
2551 1835 2699 1890 omni
2750 1845 2993 1905 peccato,
3226 1835 3269 1889 si
3323 1835 3394 1888 sit
3427 1834 3661 1889 hominis

2078 1927 2384 1983 communis
2411 1935 2464 1982 et
2487 1938 2711 1997 peccato
2738 1928 2955 1983 obnoxii
2981 1927 3005 1981 ?
3044 1942 3150 1997 quo
3167 1935 3323 1996 pacto
3355 1926 3501 1979 misit
3522 1925 3660 1979 Deus

2080 2034 2144 2076 ac
2164 2019 2324 2074 Pater
2350 2018 2544 2074 Filium
2572 2034 2729 2073 suum
2766 2019 2965 2073 factum
3016 2033 3079 2072 ex
3141 2016 3384 2081 muliere,
3461 2016 3658 2069 factum

2080 2113 2182 2166 sub
2214 2111 2331 2182 lege
2364 2113 2380 2143 ⁸
2405 2112 2714 2182 ‘iquomodo
2741 2109 3358 2179 condemnatpeccatum
3392 2105 3445 2159 in
3474 2103 3662 2162 carne?

2079 2201 2268 2272 Neque
2293 2203 2436 2256 enim
2477 2212 2592 2255 erat
2620 2201 2854 2256 hominis
2876 2190 3141 2270 vulgaris,
3170 2209 3226 2253 et
3249 2196 3404 2266 cujus
3456 2206 3652 2251 natura

2082 2310 2188 2349 una
2218 2293 2494 2349 nobiscum
2525 2293 2626 2348 sub
2653 2291 2858 2363 peccati
2896 2291 3122 2358 imperio
3154 2305 3217 2344 ac
3248 2288 3377 2358 jugo
3429 2287 3659 2341 teneba-

2086 2395 2189 2454 tur,
2214 2366 2578 2442 coudenmare
2604 2383 3052 2456 peccatuni.Cinn
3079 2399 3207 2438 vero
3231 2380 3426 2452 corpus
3461 2381 3660 2435 factum

2083 2477 2153 2530 sit
2186 2476 2301 2547 ejus
2330 2476 2421 2546 qui
2448 2487 2726 2547 peccatum
2761 2492 2863 2530 non
2905 2475 3071 2541 novit,
3103 2473 3324 2535 idcirco,
3362 2481 3417 2526 et
3445 2472 3660 2541 quidem

2082 2569 2288 2637 optimo
2313 2568 2434 2640 jure
2461 2569 2666 2639 peccati
2725 2569 3063 2640 tyrannidem
3104 2567 3363 2631 excussit,
3417 2579 3664 2619 commu-

2085 2660 2388 2730 nicatisque
2415 2677 2537 2715 cum
2567 2660 2658 2713 illo
2694 2660 3113 2730 proprietatibus
3146 2657 3306 2713 Verbi
3368 2656 3511 2725 quod
3574 2656 3661 2708 in-

2083 2749 2282 2806 en‘abili
2314 2752 2473 2807 modo
2496 2752 2597 2823 ipsi
2627 2752 2834 2805 unitum
2867 2762 2971 2815 est,
3000 2761 3247 2806 sanctum
3283 2765 3345 2803 ac
3377 2749 3654 2803 vivilicum

2083 2844 2335 2901 cﬂ'ectum
2394 2856 2498 2909 est,
2542 2853 2599 2901 et
2650 2845 2849 2897 divina:
2892 2844 3165 2897 facultatis
3214 2841 3659 2911 operationisque

2086 2942 2327 3011 plenum.
2352 2940 2460 2999 Nos
2488 2955 2616 2996 vero
2634 2940 2686 2993 in
2710 2938 2925 2994 Christo
2950 2949 3202 3007 tanquam
3221 2934 3472 3002 primitiis
3493 2945 3666 2988 trans-

2092 3031 2304 3087 formati
2350 3030 2511 3084 etiam
2540 3042 2748 3090 sumus,
2778 3036 2833 3081 et
2868 3026 3086 3079 interitu
3119 3033 3283 3092 atque
3330 3030 3551 3091 peccato
3573 3034 3668 3073 su-

2091 3123 2332 3192 periores
2363 3119 2640 3174 declarati.
2674 3117 2752 3172 Ac
2772 3132 2952 3171 verum
2975 3116 3195 3169 omnino
3219 3122 3325 3175 εει,
3347 3111 3501 3182 juxta
3524 3109 3666 3165 beati

2092 3213 2239 3267 Pauli
2264 3210 2608 3273 sententiam,
2639 3208 2779 3277 quod
2829 3226 2846 3258 ι
2891 3202 3362 3271 Quemadmodum
3418 3201 3671 3271 portavi-

2094 3321 2213 3359 mus
2245 3304 2528 3374 imaginem
2564 3299 2782 3364 terreni,
2812 3299 3144 3365 portabimus
3179 3296 3339 3350 etiam
3381 3293 3669 3363 imaginem

2093 3396 2350 3459 t'aalcstis,
2398 3398 2418 3426 ²
2459 3414 2478 3448 ι
2519 3394 2622 3448 hoc
2644 3403 2748 3457 est,
2780 3390 3004 3445 Christi.
3033 3387 3282 3443 leestis
3315 3394 3489 3439 autem
3514 3385 3672 3450 homo

2095 3487 2413 3557 intelligitur
2436 3485 2717 3548 Christus;
2753 3500 2858 3538 non
2894 3492 3148 3551 tanquam
3169 3493 3403 3548 superne
3432 3487 3594 3545 atque
3633 3489 3665 3529 ι

2094 3579 2234 3633 caelo
2283 3590 2504 3631 carnem
2532 3578 2597 3631 ad
2632 3592 2726 3631 nos
2761 3574 3042 3636 detulerit,
3078 3573 3172 3627 sed
3218 3571 3359 3639 quod
3408 3570 3547 3623 Deus
3574 3584 3672 3621 cx-

2076 3669 2293 3731 ,sistens
2326 3666 2579 3727 Verbum,
2609 3664 2883 3719 descendit
2909 3678 2939 3717 e
2968 3664 3156 3724 cmlis;
3181 3670 3235 3714 et
3263 3658 3668 3713 similitudinem

2096 3761 2267 3814 nostri
2302 3757 2541 3821 subiens,
2580 3757 2680 3809 hoc
2704 3753 3116 3817 est,serundnm
3143 3763 3357 3804 carnem
3390 3764 3418 3803 e
3448 3749 3671 3802 muliere

2098 3851 2236 3903 sicut
2273 3863 2368 3902 nos
2406 3856 2589 3908 natus,
2628 3853 2924 3913 permansit
2948 3842 2999 3894 id
3027 3840 3324 3911 quodetat,
3354 3854 3383 3893 e
3424 3837 3672 3921 superuis

2101 3939 2351 3993 nimirum
2380 3946 2542 4004 atque
2568 3949 2598 3989 e
2629 3931 2804 3999 caelis,
2834 3944 2887 3989 et
2916 3948 3075 4000 supra
3127 3944 3315 3985 omnes
3378 3938 3436 3982 ut
3490 3927 3630 3982 Deus
3652 3964 3671 3994 ,

2100 4033 2262 4086 etiam
2294 4046 2414 4084 cum
2439 4044 2622 4083 carne.
2655 4026 2728 4081 Ita
2756 4025 2899 4078 enim
2936 4021 3059 4077 alibi
3090 4020 3304 4075 divinus
3325 4018 3561 4074 Joannes
3592 4019 3675 4072 iu-

2101 4124 2217 4194 quit
2244 4138 2256 4174 :
2303 4140 2321 4174 ι
2352 4121 2452 4187 Qui
2489 4135 2520 4174 e
2550 4117 2800 4188 supernis
2826 4115 2992 4177 venit,
3020 4126 3177 4180 supra
3213 4125 3400 4163 Omnes
3423 4117 3507 4163 est
3569 4110 3609 4163 ³.
3650 4126 3670 4160 ι

2103 4213 2406 4268 Permansit
2467 4210 2610 4265 enim
2665 4207 2825 4261 totius
2867 4204 3103 4258 universi
3143 4200 3423 4266 Dominus,
3463 4199 3675 4254 tametsi

424 4324 564 4377 ριος,
595 4306 690 4360 καὶ
714 4307 774 4360 ὲν
814 4309 885 4379 τῇ
922 4307 1019 4360 τοῦ
1056 4307 1248 4361 δούλου
1300 4311 1483 4381 μορφῇ
1513 4306 1759 4389 γεγονὼς.
1786 4309 1993 4361 οἰκονο-

2107 4307 2312 4361 ratione
2344 4301 2731 4358 incarnationis
2761 4289 2990 4367 formam
3053 4292 3196 4348 servi
3239 4291 3532 4358 acceperit,
3593 4300 3677 4344 at-

425 4394 628 4466 μικῶς,
660 4396 754 4449 καὶ
782 4396 1084 4468 παράδοξον
1103 4396 1320 4468 άληθῶς
1335 4396 1425 4450 διὰ
1452 4396 1630 4451 ταῦτά
1655 4397 1773 4449 ἐστι
1793 4396 1854 4450 τὸ
1868 4398 2004 4468 Χρι-

423 4487 556 4541 στοῦ
593 4489 913 4559 μυστήριον.
943 4487 1056 4543 Καὶ
1087 4489 1217 4557 γοῦν
1249 4488 1353 4559 ἔφη
1386 4505 1489 4543 που
1538 4489 1674 4559 πρὸς
1715 4488 2005 4551 Ἰουδαίους

418 4580 493 4633 δι’
517 4580 636 4644 ἑνὸς
662 4580 772 4634 τῶν
803 4580 1100 4654 προφητῶν
1122 4582 1151 4634 6
1177 4579 1311 4644 Θεὸς
1337 4579 1434 4635 καὶ
1453 4581 1664 4651 Πατήρ·
1691 4598 1711 4631 ι
1737 4580 1931 4644 Ἴδετε,
1953 4581 2002 4633 οί

424 4672 860 4742 καταφρονηταὶ,
891 4673 985 4725 καὶ
1020 4671 1380 4742 ἀφανίσθητε,
1411 4672 1505 4725 καὶ⁸
1546 4671 1891 4742 θαυμάσατε,
1919 4672 2002 4725 ὅτι

424 4763 587 4833 ἔργον
621 4762 732 4831 ἐγὼ
757 4760 1062 4833 ἐργάζομαι
1101 4765 1160 4817 ἐν
1191 4766 1313 4828 ταῖς
1346 4763 1580 4835 ἡμέραις
1613 4763 1788 4833 ὑμῶν,
1841 4764 2003 4836 ἔργον

422 4847 469 4922 ᾧ
517 4855 579 4907 οὐ
613 4853 689 4925 μὴ
729 4853 1083 4925 πιστεύσητε,
1111 4855 1206 4910 ἐάν
1245 4872 1330 4918 τις
1368 4855 1763 4926 ὲκδιηγήσηται
1797 4855 1945 4925 ὑμῖν.
1978 4872 1998 4905 ι

426 4943 783 4999 Κινδυνεύσει
808 4944 917 5016 γὰρ
940 4944 1286 5000 ἀπιστεῖσθαι
1320 4945 1382 5000 τὸ
1404 4945 1643 5017 Χριστοῦ
1679 4947 1999 5017 μυστήριον,

425 5035 516 5090 διὰ
536 5035 634 5108 τὴν
651 5037 746 5090 τοῦ
765 5036 1039 5107 θαύματος
1056 5036 1387 5109 ὑπερϐολήν.
1406 5036 1541 5099 Θεὸς
1560 5031 1629 5107 ἦν
1646 5038 1704 5091 ἐν
1722 5037 2009 5109 ἀνθρωπό-

429 5144 556 5199 τητι
588 5129 681 5181 καὶ
711 5129 772 5183 ἐν
805 5132 918 5194 τοῖς
949 5129 1073 5184 καθ’
1110 5129 1281 5202 ἡμᾶς,
1312 5130 1341 5183 6
1381 5128 1523 5201 ὑπὲρ
1551 5132 1733 5184 πᾶσαν
1764 5129 1863 5201 τὴν
1888 5131 2009 5184 κτί-

431 5237 519 5273 σιν
539 5235 554 5248 ’
582 5220 838 5292 ἀόρατος,
862 5221 1056 5292 ὁρατὸς
1095 5221 1239 5276 κατὰ
1281 5222 1485 5293 σάρκα,
1509 5222 1539 5274 6
1561 5220 1621 5287 ἐξ
1646 5222 1874 5293 οὐρανοῦ
1913 5222 2011 5277 καὶ

431 5311 663 5375 ἄνωθεν,
707 5313 765 5364 ὲν
796 5312 924 5365 εἴδει
955 5313 1065 5366 τῶν
1109 5313 1334 5382 χοῖκῶν·
1386 5312 1577 5376 ἁπτὸς,
1623 5314 1653 5366 6
1683 5315 1934 5385 ἀναφὴς·
1979 5314 2008 5366 ὁ

436 5404 578 5459 κατὰ
618 5403 780 5472 φύσιν
818 5403 956 5457 ίδίαν
1002 5403 1304 5474 ἐλεύθερος,
1354 5404 1415 5458 ιν
1459 5404 1650 5459 δούλου
1709 5407 1927 5476 μορφῇ·
1978 5405 2008 5456 6

427 5502 671 5570 εὐλογῶν
702 5499 804 5570 τὴν
833 5500 1031 5559 κτίσιν.
1067 5496 1369 5567 ἐπάρατος,
1410 5496 1503 5550 καὶ
1530 5498 1591 5551 ιν
1627 5498 1739 5559 τοῖς
1764 5498 2008 5566 ἀνόμοις,

426 5596 462 5666 ἡ
494 5594 644 5648 πᾶσα
672 5590 1014 5657 δικαιοσύνη.
1041 5589 1136 5645 καὶ
1171 5589 1231 5641 ἐν
1260 5587 1488 5657 δοκήσει
1520 5586 1754 5643 θανάτου
1781 5582 2008 5658 γέγονεν

2106 4414 2210 4470 que
2232 4396 2607 4451 admirandum
2634 4408 2816 4447 revera
2843 4400 2925 4445 est
2948 4390 3018 4443 ob
3051 4386 3165 4440 luec
3220 4384 3424 4441 Christi
3479 4396 3679 4455 myste-

2107 4492 2268 4547 rium.
2306 4488 2508 4543 Idcirco
2554 4478 2696 4540 Deus
2725 4499 2789 4539 ac
2820 4483 2980 4538 Pater
3023 4480 3148 4535 alibi
3204 4480 3269 4533 ad
3324 4477 3538 4534 Judzeos
3585 4493 3679 4548 per

2105 4582 2388 4654 quemdam
2432 4580 2751 4649 prophetam
2778 4576 2894 4631 ait:
2936 4594 2955 4626 ι
3008 4572 3220 4638 Videte,
3249 4582 3674 4642 contemptores,

2107 4682 2163 4727 et
2190 4669 2636 4735 admiramini,"et
2663 4666 3034 4735 disperdimini
3069 4680 3084 4718 :
3130 4664 3254 4734 quia
3309 4676 3444 4731 Opus
3481 4675 3681 4728 operor

2108 4774 2206 4832 ego
2244 4761 2506 4816 indiebus
2536 4760 2751 4823 vestris,
2788 4772 2923 4827 opus
2983 4759 3125 4826 quod
3189 4769 3293 4807 non
3348 4750 3568 4804 creditis
3634 4751 3678 4804 si

2108 4854 2229 4924 quis
2256 4851 2595 4931 enarraverit
2624 4851 2776 4904 vobis
2827 4849 2866 4902 ⁸.
2890 4867 2907 4899 ι
2941 4845 3242 4899 Periculum
3268 4842 3410 4897 enim
3450 4840 3555 4895 erit
3614 4855 3680 4895 ne

2113 4945 2401 5015 derogetur
2447 4943 2582 4997 ﬁdes
2615 4940 2876 5013 mysterio
2909 4937 3135 5003 Christi,
3169 4935 3238 4990 ob
3269 4932 3512 4986 miraculi
3561 4946 3677 4983 ma—

2108 5037 2468 5105 gnitudinem.
2504 5031 2644 5086 Dcus
2677 5037 2793 5084 erat
2833 5029 2992 5082 homo
3031 5022 3198 5078 nostri
3229 5019 3424 5074 similis
3468 5016 3675 5081 factus,

2110 5124 2202 5194 qui
2239 5139 2398 5193 supra
2433 5137 2647 5178 omnem
2681 5130 2986 5176 creaturam
3006 5125 3116 5183 est;
3178 5111 3487 5176 invisibilis,
3506 5109 3681 5163 factus

2111 5223 2195 5269 est
2219 5213 2443 5267 visibilis
2476 5212 2774 5267 secundum
2808 5224 3060 5264 carnem:
3095 5208 3187 5278 qui
3236 5219 3298 5259 ex
3356 5200 3491 5256 caelo
3522 5210 3682 5269 atque

2112 5323 2141 5360 e
2178 5306 2448 5377 supernis,
2481 5303 2709 5361 formam
2764 5302 3099 5359 terrestrium
3162 5297 3366 5351 induit:
3410 5292 3682 5362 tangibilis

2113 5409 2214 5461 est,
2256 5396 2347 5467 qui
2384 5396 2529 5466 tangi
2572 5395 2759 5464 nequit
2795 5409 2811 5448 :
2844 5392 2934 5463 qui
2975 5406 3040 5444 ex
3101 5388 3317 5459 propria
3359 5399 3453 5439 sua
3488 5392 3682 5437 natura

2116 5493 2254 5549 liber
2283 5503 2389 5558 est,
2432 5489 2578 5547 servi
2617 5489 2848 5545 formam
2891 5481 3135 5551 accepit:
3167 5479 3256 5551 qui
3287 5477 3553 5535 creaturis
3596 5473 3689 5529 be-

2117 5587 2344 5648 nedicit,
2388 5586 2560 5639 fartus
2591 5592 2676 5638 est
2713 5575 3107 5642 exsecrabilis;
3140 5579 3566 5640 numeratusque
3599 5574 3686 5622 est

503 5774 522 5808 ¹
561 5773 738 5829 Calat.
773 5790 849 5843 tv,
880 5772 932 5827 6.
1009 5770 1072 5826 ¹1
1105 5767 1230 5824 Cor.
1265 5784 1356 5838 xv,
1390 5767 1483 5826 49.
1562 5768 1582 5801 ³
1608 5767 1766 5825 δορεη.
1808 5786 1886 5833 ιιι,
1917 5768 1976 5824 51

2093 5780 2096 5797 δ
2133 5766 2336 5821 liubac.
2375 5780 2415 5828 ι,
2457 5762 2520 5829 5;
2563 5760 2676 5816 Act.
2714 5774 2827 5817 xm,
2860 5759 2950 5813 41.
