4042 6208
462 347 572 411 963

1672 346 2061 410 EUTHYMII
2100 346 2481 409 ZIGARENI

3632 344 3761 410 966

470 505 611 547 inter
634 494 1072 563 praevaricatores
1115 491 1244 560 legis
1268 491 1312 543 is
1339 487 1429 558 qui
1460 496 1541 541 est
1589 484 1766 539 omnis
1808 482 2039 553 joStitia,

2148 485 2181 556 ή
2212 485 2346 556 ζωή.
2374 486 2447 540 Ού
2485 484 2594 556 γὰρ
2626 478 2694 555 ἦν
2717 483 2906 555 ἐτέρου
2927 484 3093 549 τινὸς,
3125 482 3291 536 αὐτοῦ
3311 480 3369 536 δὲ
3405 476 3609 554 μᾶλλον
3640 480 3752 537 τοῦ

470 586 979 657 mortemqoesubiit
1017 588 1124 639 vita
1147 586 1280 655 ipsa.
1309 582 1494 652 Neque
1510 582 1652 636 enim
1675 589 1790 637 erat
1818 579 2042 634 alterius

469 678 788 749 cuiuspiam,
809 680 901 733 sed
934 678 1111 747 potius
1140 676 1311 745 ipsius
1347 675 1639 730 secundum
1672 682 1920 728 naturam
1950 669 2042 724 Fi-

470 767 522 819 lii
552 782 771 836 corpus,
797 768 847 821 id
872 768 1013 837 quod
1039 776 1265 822 mortem
1490 767 1677 823 subiit.
1736 766 1889 820 Anne
1914 779 2042 818 vero

470 867 727 925 tanquam
770 873 875 912 non
911 868 1055 913 recte
1091 856 1267 922 factis,
1311 862 1424 915 sive
1472 876 1500 913 a
1552 860 1710 914 nobis
1734 858 1914 921 dictis,
1944 855 2041 910 ali-

469 932 791 1015 quid’habes
830 950 973 1017 quod
1001 949 1083 1004 his
1117 952 1379 1018 objicias?

536 1035 597 1090 Β.
638 1038 1010 1108 Nequaquam.

533 1127 600 1182 A.
641 1128 907 1184 Caeterum
951 1133 1052 1187 hoc
1082 1132 1210 1187 mihi
1246 1144 1508 1203 praetcrea
1575 1132 1966 1188 animadverte.

536 1218 596 1273 Β.
621 1219 907 1288 Quidnam,
933 1223 1193 1279 obsecro?

538 1309 600 1360 A.
629 1309 873 1365 Christus
927 1312 1123 1366 alicubi
1184 1314 1250 1367 ad
1314 1329 1408 1368 eos
1447 1313 1536 1383 qui
1583 1314 2037 1368 resurrectionem

466 1410 800 1455 mortuorum
845 1404 1030 1458 tollere
1083 1405 1352 1470 nituntur,
1375 1407 1511 1459 dixit
1550 1422 1563 1458 :
1598 1424 1616 1457 ι
1676 1404 1792 1459 Non
1834 1405 2039 1476 legistis

467 1491 701 1561 quiaqui
733 1492 857 1548 fecit
887 1495 1159 1551 hominem
1203 1498 1268 1551 ab
1298 1494 1470 1564 initio,
1516 1497 1814 1551 masculum
1872 1506 1923 1551 et
1960 1495 2039 1552 fe-

468 1582 664 1634 mittam
724 1584 843 1639 fecit
870 1584 1057 1640 cos‘?
1120 1605 1137 1638 ι
1197 1588 1398 1643 Scribit
1443 1603 1572 1643 vero
1634 1587 1795 1642 etiam
1827 1586 2039 1642 divinus

2149 575 2293 628 κατὰ
2336 574 2498 645 φύσιν
2526 573 2682 639 Υίοῦ,
2718 573 2780 628 τὸ
2807 574 2902 627 τοῦ
2926 574 3157 627 θανάτου
3177 573 3513 645 γευσάμενον
3543 572 3751 645 σῶμα.

2146 661 2274 738 'Ap‘
2320 666 2394 730 ὡς
2425 667 2527 720 οὐκ
2563 661 2623 719 εῦ
2655 666 2959 733 γεγονόσιν,
3006 665 3177 736 ήγουν
3220 663 3355 735 πρὸς
3389 663 3549 735 ήμῶν
3571 663 3753 736 εἰρη-

2150 757 2335 829 μένοις
2358 757 2503 830 ἐχεις
2533 777 2585 811 τι
2622 758 2833 821 τούτοις
2861 758 3155 827 ὲπιτιμᾷν;

2216 1026 2277 1078 Β.
2319 1020 2607 1093 Οὐδαμῶς.

2219 1119 2285 1171 Δ.
2322 1116 2513 1187 Ἀθρει
2542 1115 2605 1185 δή
2639 1130 2729 1183 μοι
2759 1111 2980 1165 κάκεῖνο
3009 1109 3145 1180 πρὸς
3173 1106 3404 1170 τούτοις.

2217 1209 2279 1261 Β.
2322 1207 2396 1258 Τδ
2423 1206 2475 1258 τι
2503 1203 2568 1275 δὴ
2593 1203 2737 1273 φής;

2217 1301 2283 1353 Α.
2329 1298 2473 1367 Ἔφη
2510 1311 2614 1348 που
2646 1292 2881 1364 Χριστὸς
2913 1292 3025 1355 τοῖς
3061 1291 3305 1359 ἀναιρεῖν
3345 1286 3595 1339 ἐθέλουσι
3639 1286 3747 1356 τὴν

2146 1393 2445 1447 ἀνάστασιν
2482 1386 2590 1440 τῶν
2624 1385 2863 1457 νεκρῶν·
2903 1403 2920 1433 ι
2952 1384 3066 1436 Οὐκ
3095 1382 3388 1449 ἀνέγνωτε,
3412 1380 3543 1431 ἅτιὸ
3577 1379 3747 1446 noti;-

2147 1495 2246 1541 σας
2275 1477 2366 1529 τὸν
2396 1473 2683 1544 ἄνθρωπον
2708 1474 2768 1523 ὲν
2790 1471 3007 1541 ἀρχαῖς,
3046 1470 3221 1541 ἄρσεν
3249 1468 3345 1521 καὶ
3372 1465 3505 1536 θῆλυ
3542 1466 3746 1535 ἐποίη-

2148 1587 2241 1623 σεν
2264 1566 2496 1631 αὐτούς;
2532 1584 2551 1617 ι
2604 1563 2811 1636 Γράφει
2849 1562 2907 1616 δὲ
2947 1562 3042 1616 καὶ
3086 1562 3115 1614 6
3144 1560 3431 1623 Θεσπέσιος
3479 1558 3743 1621 Παῦλος·

467 1668 700 1729 Paulus:
735 1694 753 1726 ι
778 1674 1099 1731 llonorabile
1122 1679 1450 1733 connubium
1492 1679 1544 1732 in
1574 1678 1844 1743 omnibus,
1876 1688 1929 1732 et
1957 1687 2040 1733 to-

2150 1679 2168 1712 ι
2195 1658 2387 1729 Τίμιος
2417 1658 2445 1709 6
2472 1657 2650 1725 γάμος
2667 1657 2724 1708 ἐν
2741 1654 2894 1717 πᾶσι,
2920 1652 3016 1704 καὶ
3032 1653 3064 1722 ἡ
3080 1648 3235 1720 κοίτη
3259 1648 3541 1743 ἀμίαντος.
3558 1665 3580 1697 ι
3596 1641 3743 1743 εἶτα

469 1773 559 1813 rus
606 1764 980 1819 totmacnlatus
1030 1762 1075 1821 ¹.
1116 1784 1134 1817 ι
1190 1766 1308 1834 Quo
1336 1778 1491 1837 pacto
1532 1783 1659 1823 vero
1709 1768 2042 1838 unigenitum

468 1848 558 1903 Dei
585 1850 837 1935 verbum,
863 1870 981 1909 cum
1025 1866 1269 1913 nostram
1298 1858 1703 1914 similitudinem
1726 1860 1908 1914 subire
1939 1858 2045 1914 vel-

468 1940 562 2007 let,
591 1946 656 1996 ad
680 1946 1121 2003 constitutionem
1151 1950 1264 2005 sive
1287 1953 1690 2021 generationem
1712 1967 1822 2006 sua:
1839 1953 2041 2019 carnis,

467 2032 715 2089 humanae
744 2050 949 2094 naturae
979 2039 1123 2110 leges
1176 2041 1356 2097 valere
1410 2042 1616 2098 noluit?
1667 2040 1852 2112 Neque
1899 2044 2042 2097 enim

465 2134 530 2175 ex
566 2133 682 2180 toro
706 2138 758 2181 et
790 2129 1039 2200 conjugio
1064 2132 1213 2187 nasci
1239 2132 1431 2199 voluit,
1473 2136 1566 2190 sed
1600 2149 1664 2189 ex
1697 2134 1920 2205 Virgine
1940 2133 2042 2189 viri

466 2214 680 2281 nescia,
719 2220 1029 2288 p'rmgnante
1078 2236 1143 2276 ex
1213 2220 1441 2293 Spiritu,
1504 2224 1869 2279 obumbrante
1943 2223 2043 2293 ipsi

465 2303 663 2360 virtute
689 2306 804 2371 Dei,
848 2309 989 2365 sicut
1021 2313 1281 2383 scriptum
1309 2322 1395 2370 est
1437 2315 1479 2369 ³.
1502 2314 1638 2370 Cum
1692 2314 1876 2384 itaque
1904 2314 2044 2369 Deus

464 2396 892 2464 conjugiumnon
939 2413 1280 2469 aspernetur,
1302 2407 1396 2459 sed
1436 2407 1616 2477 potius
1666 2404 2044 2461 benedictione

464 2499 558 2540 sua
585 2488 711 2543 illud
737 2492 1344 2563 decoret,quamobrem
1367 2496 1642 2569 Virginem
1673 2508 2043 2568 praegnantem

466 2591 527 2632 ex
558 2578 786 2647 Spiritu,
849 2585 1030 2639 carnis
1070 2600 1184 2641 sua!
1226 2596 1453 2641 matrem
1498 2604 1618 2644 esse
1646 2590 1878 2643 voluerit
1901 2589 2042 2644 Deus

466 2672 728 2726 exsistens
757 2673 1012 2740 Verbum,
1031 2694 1136 2732 non
1170 2677 1326 2733 facile
1355 2680 1609 2735 dixerim.
1636 2677 1875 2734 Tametsi
1905 2695 2043 2750 quo-

467 2764 625 2815 modo
651 2780 754 2817 non
785 2767 958 2822 cuivis
987 2769 1270 2825 manifesta
1309 2769 1475 2826 fuerit
1504 2770 1621 2840 ejus
1674 2772 1748 2825 rei
1801 2773 2041 2839 oet-asia,

467 2850 591 2906 illud
618 2856 1024 2914 consideranti?
1060 2860 1348 2916 Descendit
1379 2864 1544 2930 enim,
1589 2864 1703 2918 sive
1764 2863 1923 2919 homo
1964 2864 2043 2917 fa-

466 2950 585 2997 ctus
610 2954 692 2999 est
739 2945 928 3014 Filius,
976 2949 1382 3009 instauraturus
1437 2965 1618 3009 nostra
1672 2965 1926 3025 tanquam
1986 2958 2109 3053 inC

466 3032 682 3102 seipso;
725 3052 788 3091 ac
818 3040 1052 3107 primum
1103 3045 1321 3112 quidem
1385 3044 1437 3098 in
1474 3055 1715 3099 sanctam
1749 3045 2038 3114 quamdam

469 3133 632 3193 atque
664 3127 1035 3185 admirabilem
1108 3133 1442 3188 nativitatem
1494 3146 1547 3189 et
1600 3137 1789 3189 vitam.
1839 3135 2041 3192 Factus

468 3227 651 3271 autem
681 3226 764 3273 est
788 3221 949 3275 etiam
980 3224 1187 3293 primus
1214 3226 1327 3293 ipse
1367 3234 1529 3279 natus
1570 3240 1635 3280 ex
1686 3224 1890 3294 Spiritu
1933 3227 2042 3291 (se-

466 3311 700 3362 cundum
747 3327 967 3366 carnem
1031 3312 1295 3382 inquam),
1354 3324 1411 3369 ut
1479 3315 1581 3371 hac
1646 3322 1900 3383 tauquam
1955 3315 2041 3369 via

467 3399 632 3452 etiam
657 3400 707 3452 in
734 3416 832 3455 nos
868 3401 1021 3469 ipsos
1073 3412 1389 3459 transeunte
1419 3404 1610 3473 gratia,
1639 3419 1745 3458 non
1803 3420 1869 3459 ex
1911 3418 2041 3458 san-

475 3489 930 3562 guinibusmeqne
958 3508 1020 3547 ex
1053 3492 1324 3548 voluntate
1346 3496 1546 3558 carnis,
1572 3508 1743 3563 neque
1757 3510 1823 3549 ex
1848 3495 2042 3549 volun-

471 3590 577 3634 tate
607 3583 843 3647 viri,sed
878 3600 941 3638 ex
977 3584 1082 3639 Deo
1119 3600 1216 3655 per
1246 3586 1507 3648 Spiritum
1568 3589 2037 3658 regenerationem

469 3670 886 3728 intellectualem
927 3676 1205 3731 consecuti
1263 3679 1302 3745 ⁸,
1337 3685 1393 3731 et
1445 3677 1877 3733 conformitatem
1940 3680 2067 3749 spi-.

470 3764 715 3819 rilttalettt
739 3784 860 3821 rum
891 3784 956 3823 eo
982 3768 1074 3838 qui
1118 3777 1309 3823 natura
1342 3783 1407 3825 ac
1432 3783 1559 3825 vere
1587 3769 1855 3825 estFilius
1878 3771 2042 3840 adep-

469 3855 531 3921 ti,
565 3856 729 3911 Demn
787 3870 1042 3913 vocemus
1064 3858 1314 3923 Patrem,
1348 3868 1510 3930 atque
1533 3861 1604 3914 ita
1658 3861 2041 3931 incorruptibi-

467 3946 545 4002 les
571 3964 1013 4019 permaneamus;
1044 3968 1147 4006 non
1165 3949 1276 4019 jam
1308 3950 1538 4021 amplius
1600 3952 1830 4023 priorem
1867 3954 2035 4019 illum,

468 4038 569 4097 hoc
604 4050 708 4105 est,
739 4044 1000 4097 Adamum
1028 4055 1235 4113 patrem
1270 4042 1553 4109 habentes,
1590 4046 1642 4099 in
1693 4060 1801 4115 quo
1841 4057 1893 4101 et
1917 4062 2040 4101 cor-

468 4134 611 4203 rupti
644 4150 880 4190 eramns.
906 4133 1111 4188 idcirco
1134 4145 1184 4189 et
1212 4132 1460 4189 Christus
1488 4134 1685 4205 inquit.
1735 4137 1861 4191 alibi
1922 4137 2042 4207 qui-

466 4226 586 4279 dem
618 4241 630 4277 :
671 4242 688 4275 ι
730 4224 906 4278 Nolite
921 4240 1113 4279 vorare
1130 4236 1335 4296 patrem
1360 4238 1594 4282 vestrum
1622 4225 1673 4281 in
1708 4228 2041 4285 lerris.Unus

2145 1750 2263 1813 πῶς
2297 1749 2326 1801 6
2370 1745 2663 1818 μονογενὴς
2696 1740 2787 1797 τοῦ
2825 1741 2961 1795 Θεοῦ
3007 1740 3198 1809 Λόγος,
3240 1738 3340 1808 τὴν
3390 1737 3527 1808 πρὸς
3584 1738 3741 1807 ἡμᾶς

2143 1841 2401 1912 ὁμοίωσιν
2439 1834 2686 1891 ἐπελθεῖν
2719 1833 3004 1906 ἐθελήσας,
3041 1833 3104 1885 ού
3150 1832 3262 1895 τοῖς
3308 1829 3736 1901 τῆς.ἀνθρωτεὸ-

2143 1945 2305 2000 τητος
2333 1928 2520 1997 νόμοις
2550 1927 2721 1997 ἐφῆκε
2745 1927 2989 1996 κρατεῖν,
3028 1924 3108 1987 εἰς
3143 1922 3424 1985 σύστασιν,
3451 1922 3577 1991 ήτοι
3608 1920 3737 1988 γέν-

2143 2039 2301 2095 νησιν
2328 2023 2428 2094 τῆς
2454 2019 2592 2083 ίδίας
2616 2017 2783 2074 αὑτοῦ
2810 2015 3049 2089 σαρκός;
3084 2016 3159 2069 06
3192 2015 3302 2087 γὰρ
3336 2015 3401 2067 ὲκ
3424 2013 3624 2083 κοίτης
3647 2012 3739 2067 καί

2144 2114 2338 2186 γάμων
2379 2111 2642 2183 ἠνέσχετο
2684 2109 2869 2163 λαϐεῖν
2914 2109 3086 2178 αὐτὴν
3107 2147 3121 2171 ,
3167 2106 3283 2161 ἀλλ’
3332 2109 3400 2161 ὲκ
3447 2105 3737 2178 Παρθένου

2145 2205 2353 2278 σεμνῆς
2403 2204 2501 2258 καὶ
2554 2201 2958 2271 ἀπειρογάμου,
2994 2199 3415 2271 κυοφορησὼης
3460 2199 3525 2252 ὲκ
3558 2198 3736 2253 lived-

2146 2316 2349 2371 ματος,
2404 2295 2807 2364 ὲπισκιασάσης
2861 2292 3001 2363 αὐτῇ
3043 2290 3328 2361 δυνάμεως
3364 2289 3530 2354 Θεοῦ,
3590 2289 3737 2346 καθὰ

2143 2391 2475 2461 γέγραπται.
2512 2386 2649 2441 Θεοῦ
2691 2382 2991 2456 τοιγαροῦν
3021 2383 3118 2436 τὸν
3161 2382 3343 2453 γάμον
3389 2384 3491 2436 οὐκ
3529 2383 3736 2453 ἀτιμά-

2146 2498 2360 2545 σαντος,
2390 2479 2593 2551 μᾶλλον
2631 2476 2691 2532 δὲ
2724 2476 2818 2532 καὶ
2850 2476 3072 2547 εὐλογίᾳ
3102 2476 3459 2545 τιμήσαντος,
3498 2473 3731 2528 ἀνθὸτου

2143 2572 2422 2644 Παρθένον
2450 2569 2825 2641 κυοφοροῦσαν
2855 2571 2920 2622 ὲκ
2942 2567 3281 2639 Πνεύματος,
3301 2566 3402 2637 τῆς
3432 2564 3576 2631 ἰδίας
3599 2582 3732 2637 cap-

2143 2665 2239 2729 κὸς
2272 2664 2567 2733 ἐποιήσατο
2600 2661 2810 2732 μητέρα
2846 2658 2985 2713 Θεοῦ
3026 2659 3055 2712 6
3085 2658 3278 2726 Λόγος,
3317 2658 3417 2711 οὐκ
3445 2656 3562 2727 ἔχω
3587 2657 3729 2728 φρά-

2144 2773 2257 2810 σαι.
2300 2754 2497 2809 Καίτοι
2529 2751 2650 2816 πῶς
2693 2752 2792 2822 οὐχ
2841 2750 3048 2805 ἅπασιν
3081 2748 3317 2821 ἐναργὴς
3344 2748 3546 2817 γένοιτ’
3588 2748 3658 2802 ἂν
3697 2748 3728 2817 ή

2141 2846 2298 2902 τοῦδε
2319 2845 2615 2916 πρόφασις,
2639 2843 2816 2897 ἐκεῖνο
2842 2841 3261 2912 διεσκεμμὲνοις
3276 2858 3292 2907 ;
3310 2840 3568 2908 ’Λφίκετο
3598 2838 3725 2910 γὰρ,

2144 2938 2221 3001 ὡς
2246 2938 2406 3009 ῐφην,
2436 2937 2608 3007 ήγουν
2640 2933 3073 3006 ὲνηνθρὼπησεν
3100 2933 3139 2985 6-
3165 2932 3313 2999 Υίδς,
3341 2929 3723 3003 ἀναστοιχειώ-

2145 3047 2254 3084 σων
2283 3032 2353 3083 τὰ
2367 3028 2490 3082 καθ’
2515 3028 2662 3097 ἡμᾶς
2695 3026 2773 3090 ὡς
2794 3027 2854 3081 εν
2879 3025 3081 3097 ἑαυτῷ,
3110 3026 3203 3079 καὶ
3226 3023 3445 3096 πρῶτον
3466 3027 3552 3087 είς
3572 3022 3720 3092 ἁγίαν

2141 3119 2263 3173 τινὰ
2291 3121 2385 3173 καὶ
2422 3117 2885 3189 τεθαυμασμένην
2917 3116 2993 3180 ὡς
3026 3118 3085 3171 ὲν
3129 3115 3330 3187 ἑαυτῷ,
3366 3115 3460 3169 καὶ
3494 3113 3716 3187 παράδο

2145 3210 2233 3276 ξον
2259 3210 2473 3281 ἀληθῶς
2501 3208 2759 3275 ἀπότεξιν
2803 3210 2897 3263 καὶ
2926 3209 3075 3280 ζωήν
3093 3224 3110 3239 ’
3147 3208 3339 3278 γέγονε
3367 3207 3424 3261 δὲ
3461 3208 3563 3262 καὶ
3590 3205 3714 3277 πρὼι

2141 3318 2229 3363 τος
2265 3300 2424 3363 αὐτὸς
2468 3300 2726 3369 γεννητὸς
2755 3298 2850 3353 τοῦ
2891 3298 3046 3367 ἁγίου
3081 3298 3400 3369 Πνεύματος
3433 3299 3600 3367 (κατά
3630 3312 3715 3365 γε,

2143 3390 2308 3460 φημὶ,
2337 3390 2435 3462 τὴν
2459 3390 2676 3461 σάρκα),
2699 3390 2766 3444 ἵν’
2788 3389 2979 3460 ὥσπερ
2999 3388 3103 3459 ὁδῷ
3122 3388 3217 3442 καὶ
3240 3390 3322 3452 είς
3340 3389 3493 3460 ἡμᾶς
3517 3386 3712 3447 αὐτοὺς

2141 3481 2523 3548 διαϐαινούσης
2554 3485 2654 3554 τῆς
2683 3482 2924 3553 χάριτος,
2965 3480 3066 3534 οὐκ
3095 3477 3155 3545 ἐξ
3187 3480 3463 3550 αἱμάτων,
3510 3479 3634 3533 οὐδὲ
3658 3478 3710 3529 ὲν

2143 3573 2449 3645 θελήματος
2479 3575 2701 3645 σαρκὸς,
2722 3573 2843 3626 οὐδὲ
2866 3575 2933 3626 ἐκ
2955 3571 3263 3643 θελήματος
3292 3570 3506 3640 ἀνδρὸς,
3526 3570 3638 3625 ἀλλ’
3658 3567 3711 3619 ιιι

2142 3663 2281 3719 Θεοῦ
2314 3664 2404 3719 διὰ
2436 3665 2755 3735 Πνεύματος
2792 3664 2892 3733 τὴν
2930 3663 3131 3733 νοητὴν
3171 3662 3390 3733 ἔχοντες
3426 3660 3709 3729 ἀναγέννη·

2144 3774 2249 3822 σιν,
2281 3755 2377 3810 καὶ
2423 3756 2527 3827 τὴν
2558 3756 2695 3827 πρὸς
2739 3772 2808 3825 γε
2852 3755 2946 3809 τὸν
2998 3753 3158 3823 φύσει
3190 3754 3285 3807 καὶ
3330 3751 3552 3823 ἀληθῶς
3596 3747 3708 3803 Tib»

2144 3863 2208 3899 συ
2216 3845 2498 3917 μμορφίαν
2516 3846 2915 3917 πνευματικὴν,
2934 3845 3155 3916 Πατέρα
3182 3843 3441 3914 καλῶμεν
3459 3845 3557 3896 τὸν
3572 3841 3707 3902 Θεὸν,

2141 3941 2284 3996 οὕτω
2309 3956 2369 3993 τε
2410 3937 2677 4010 ἄφθαρτοι
2728 3936 3093 4008 διαμένωμεν,
3136 3936 3213 3999 ὡς
3250 3936 3353 3990 οὐκ
3397 3936 3477 3988 ἔτι
3513 3933 3708 3999 πατέρα

2142 4035 2233 4088 τὸν
2259 4033 2474 4104 πρῶτον
2500 4031 2736 4102 ἔχοντες,
2775 4028 3057 4081 τουτέστιν
3104 4026 3297 4097 Ἄδαμ,
3326 4027 3385 4079 ὲν
3426 4019 3471 4093 ᾧ
3498 4026 3595 4079 καὶ
3623 4025 3706 4089 ἐφ·

2144 4123 2416 4196 θὰρμεθα.
2441 4121 2552 4176 Καὶ
2592 4121 2722 4189 γοῦν
2753 4118 2856 4188 ἔφη
2892 4116 3147 4188 Χριστὸς,
3182 4117 3261 4187 πῆ
3294 4116 3415 4187 μὲν,
3442 4116 3528 4167 ὅτι
3566 4109 3702 4167 «Καὶ

2145 4214 2357 4287 πατέρα
2393 4213 2467 4283 μὴ
2486 4210 2749 4279 καλέσητε
2773 4206 2927 4279 ὑμῶν
2956 4207 3049 4260 ἐπὶ
3061 4206 3165 4277 τῆς
3184 4206 3308 4276 γῆς,
3332 4200 3413 4269 εἷς
3436 4205 3551 4276 γάρ
3573 4205 3705 4256 ἐστιν

466 4318 610 4368 enini
659 4325 742 4370 est
768 4314 929 4369 Pater
976 4325 1162 4370 vester
1192 4316 1246 4371 in
1277 4317 1430 4373 caelis
1469 4322 1518 4385 ⁵,
1556 4337 1575 4371 ι
1610 4317 1735 4373 alibi
1778 4333 1927 4383 vero,
1979 4328 2038 4375 ut

2147 4308 2175 4360 6
2190 4306 2383 4377 Πατὴρ
2414 4303 2570 4376 ὑμῶν
2587 4302 2615 4354 6
2633 4302 2692 4355 ὲν
2707 4302 2819 4364 τοῖς
2839 4299 3106 4371 οὐρανοῖς.
3124 4316 3142 4350 ι
3160 4299 3244 4370 Πῆ
3265 4298 3321 4351 δὲ
3338 4297 3517 4368 δὴ,ὼς
3534 4299 3590 4350 ὲν
3607 4294 3702 4353 τοῖς

467 4404 555 4472 qui
590 4404 790 4461 idcirco
815 4406 879 4458 ad
910 4420 1004 4460 nos
1031 4406 1331 4472 descendit,
1374 4418 1431 4461 ut
1486 4424 1583 4463 nos
1631 4408 1925 4463 transferat
1973 4411 2040 4464 ad

466 4495 736 4564 propriam
762 4510 916 4550 suam
949 4509 1009 4547 ac
1033 4496 1273 4549 divinam
1324 4497 1636 4565 dignitatem
1666 4517 1678 4553 :
1707 4517 1725 4551 ι
1778 4499 1927 4555 Vado
1974 4500 2042 4555 ad

466 4584 678 4641 Patrem
716 4604 912 4651 meum,
942 4598 993 4642 et
1027 4586 1240 4642 Patrem
1275 4599 1510 4644 vestrum
1540 4630 1553 4655 ,
1582 4600 1636 4645 et
1669 4589 1833 4646 Deum
1863 4609 2040 4647 meum

464 4691 516 4735 ct
550 4680 714 4735 Deum
752 4690 989 4736 vestrum
1021 4680 1041 4711 '
1072 4718 1086 4734 .
1125 4699 1143 4732 ι
1177 4680 1353 4752 ipsius
1396 4682 1538 4735 enim
1594 4692 1678 4737 est
1721 4694 1912 4738 natura
1946 4684 2042 4738 Pa-

464 4786 567 4843 ter,
604 4777 694 4846 qui
730 4776 779 4829 in
810 4774 963 4830 caelis
1004 4784 1117 4843 est,
1165 4784 1349 4830 noster
1370 4784 1545 4830 autem
1574 4774 1734 4832 Dens.
1786 4776 1923 4832 Cum
1955 4791 2042 4833 ve-

463 4882 524 4922 ro
555 4867 642 4935 qui
673 4875 862 4920 natura
896 4880 959 4920 ac
987 4882 1112 4921 vere
1151 4875 1234 4921 est
1259 4865 1449 4933 Filius,
1494 4866 1670 4922 factus
1722 4877 1807 4922 est
1876 4869 2036 4923 homo

463 4959 634 5013 nostri
672 4958 885 5024 similis,
923 4956 1087 5013 Deum
1113 4960 1284 5029 ipsum
1311 4959 1562 5016 habuisse
1596 4960 1745 5025 dicit,
1780 4960 2033 5014 nimirum

466 5051 671 5103 ratione
886 5052 1294 5107 exinanitionis.
1326 5050 1477 5106 Dedit
1506 5061 1686 5106 autem
1742 5052 1904 5105 etiam
1937 5066 2033 5105 no-

461 5139 542 5193 bis
573 5158 729 5195 suum
766 5138 1007 5195 Patrem.
1042 5142 1315 5211 Scriptum
1344 5154 1427 5196 est
1465 5144 1607 5197 enim
1635 5161 1649 5199 :
1682 5161 1701 5195 ι
1761 5142 2033 5211 Quotquot

463 5237 640 5279 autem
671 5238 991 5297 receperunt
1027 5245 1172 5294 emo,
1226 5231 1376 5285 dedit
1424 5233 1503 5285 eis
1528 5242 1850 5301 potestatem
1897 5232 2036 5287 ﬁlios

462 5312 552 5368 Dei
586 5317 725 5380 ﬁeri,
747 5317 934 5386 bisqui
966 5320 1189 5374 credunt
1220 5318 1270 5372 in
1304 5320 1522 5374 nomine
1555 5320 1725 5390 ipsius
1841 5320 1885 5375 ⁷.
1914 5340 1932 5372 ι
1968 5321 2035 5374 At

465 5417 595 5460 vero
634 5406 679 5461 si
708 5408 956 5477 imperite
975 5422 1232 5477 negemus
1262 5409 1327 5462 ad
1353 5417 1595 5464 nostram
1623 5408 2031 5464 similitudinem

458 5511 640 5555 natum
668 5517 789 5556 esse
824 5500 1059 5557 Verbum
1093 5499 1190 5556 Dei
1220 5514 1284 5555 ex
1320 5496 1496 5564 Patre,
1518 5496 1664 5569 quod
1704 5497 1759 5552 in
1781 5496 2032 5552 omnibus

530 5678 547 5710 ¹
581 5676 770 5733 Matth.
805 5698 914 5741 xix,
942 5679 993 5735 4.
1089 5679 1109 5709 ¹
1137 5675 1303 5731 llebr.
1329 5689 1445 5742 xm,
1478 5674 1532 5730 4.

461 5745 481 5777 '
510 5746 666 5802 Joau.
695 5760 731 5814 t,
759 5751 845 5803 12.

2146 4401 2269 4455 καθ’
2284 4400 2430 4471 ἡμᾶς
2458 4397 2545 4451 διά
2568 4396 2725 4450 τοῦτο
2741 4393 3094 4463 καθιγμένος,
3120 4392 3186 4444 ῐν“
3211 4393 3359 4462 ἡμᾶς
3376 4391 3562 4461 ἀγάγῃ
3583 4384 3699 4456 πρὸς

2146 4494 2207 4547 τὸ
2240 4492 2372 4545 ἴδιον
2408 4488 2573 4543 αὐτοῦ
2601 4488 2695 4541 καὶ
2719 4484 3022 4557 θεοπρεπὲς
3059 4482 3277 4553 ἀξίωμα
3297 4497 3311 4510 ·
3352 4498 3371 4534 ι
3405 4479 3701 4551 Πορεύομαι

2147 4585 2284 4655 πρὸς
2299 4582 2390 4636 τὸν
2407 4581 2625 4651 Πατέρα
2656 4594 2757 4649 μου
2785 4577 2878 4632 καὶ
2900 4574 3120 4645 Πατέρα
3139 4573 3429 4644 ύμῶν,ξκαὶ
3452 4572 3585 4625 Θεόν
3610 4582 3700 4638 μου

2144 4676 2241 4728 καὶ
2265 4674 2397 4727 Θεὸν
2428 4671 2600 4741 ὑμῶν.
2632 4688 2651 4721 ι
2674 4666 2847 4722 Αὑτοῦ
2894 4668 2992 4737 μὲν
3028 4666 3137 4735 γὰρ
3164 4666 3324 4734 φύσει
3355 4663 3547 4734 Πατὴρ
3589 4662 3615 4713 6
3651 4659 3700 4708 ὲν

2143 4768 2257 4829 τοῖς
2288 4764 2567 4835 οὐρανοῖς,
2603 4759 2760 4832 ήμῶν
2811 4758 2866 4812 δὲ
2913 4757 3065 4820 Θεός.
3130 4754 3353 4825 Ἐπειδὴ
3389 4754 3446 4806 δὲ
3484 4754 3513 4804 6
3558 4750 3697 4819 φύσει

2143 4860 2238 4911 καὶ
2265 4856 2480 4926 ἀληθῶς
2502 4854 2628 4917 Υἱὸς
2655 4853 2848 4921 γέγονε
2892 4850 3011 4903 καθ’
3042 4849 3211 4919 ἡμᾶς,
3249 4848 3382 4900 Θεὸν
3424 4842 3696 4916 ἐσχηκέναι

2141 4950 2308 5021 φησὶν
2344 4947 2527 5010 αὐτὸν,
2556 4944 2699 4998 κατά
2727 4960 2790 5013 γε
2815 4942 2905 4995 τὸν
2939 4943 3005 5011 τῇ
3040 4938 3265 4993 κενώσει
3311 4940 3583 5009 πρέποντα
3619 4931 3694 4984 16-

2139 5058 2256 5110 γον.
2285 5039 2494 5095 Δέδωκε
2515 5038 2571 5090 δὲ
2603 5035 2695 5089 καὶ
2722 5037 2855 5106 ήμῖν
2884 5034 2976 5086 τὸν
3005 5031 3200 5086 ἑαυτοῦ
3230 5031 3447 5100 Πατέρα
3466 5046 3482 5059 ·
3512 5030 3688 5096 γέγραι

2139 5151 2271 5186 πται
2313 5132 2449 5201 γὰρ,
2491 5130 2572 5183 ὅτι
2610 5128 2803 5180 «Ὅσοι
2828 5125 2885 5178 δὲ
2912 5124 3103 5177 ἔλαϐον
3138 5123 3336 5185 αὑτὸν,
3374 5121 3568 5174 ἔδωκεν
3605 5115 3687 5169 αὑ-

2138 5230 2251 5289 τοῖς
2281 5222 2532 5291 ὲξουσίαν
2560 5220 2724 5274 τέκνα
2765 5213 2900 5271 Θεοῦ
2926 5214 3178 5284 γενέσθαι
3208 5216 3318 5277 τοῖς
3365 5211 3689 5265 πιστεύουσιν

2138 5323 2217 5383 εἰς
2252 5318 2316 5371 τὸ
2342 5316 2513 5384 ὄνομα
2538 5311 2725 5365 αὐτοῦ.
2753 5329 2770 5361 ι
2806 5311 2867 5361 El
2895 5308 2951 5360 δὲ
2992 5308 3359 5375 ἀναιρήσομεν
3389 5302 3607 5373 ἀμαθῶς
3637 5292 3690 5346 τὸ

2136 5413 2193 5463 ἐν
2223 5406 2478 5474 ἀποτέξει
2521 5400 2777 5473 γενέσθαι
2808 5402 2873 5469 τῇ
2907 5396 3031 5451 καθ’
3084 5398 3232 5465 ἡμᾶς
3262 5395 3354 5449 τὸν
3390 5396 3455 5447 ἐκ
3503 5386 3687 5456 Πατρδς

2141 5495 2279 5575 Θεοῦ
2311 5498 2508 5565 Λόγον,
2540 5496 2633 5549 τὸν
2663 5499 2719 5549 ὲν
2747 5496 2883 5547 πᾶσι
2916 5490 3295 5563 πρωτεύοντα,
3326 5490 3470 5545 κατά
3499 5488 3590 5560 τὴν
3613 5479 3693 5538 τοῦ

1639 5672 1658 5705 ³
1684 5671 1817 5727 Luc.
1848 5688 1887 5739 ι,
1918 5670 2041 5727 50-5

2198 5672 2217 5703 ⁵
2246 5670 2400 5726 Joan.
2434 5688 2470 5738 ι,
2505 5670 2588 5725 l3.
2675 5669 2905 5726 llMatth.
2945 5683 3101 5734 χχιιι,
3137 5666 3189 5722 9.
3274 5669 3293 5699 ⁸
3322 5666 3481 5722 Joan.
3513 5680 3593 5727 xx,
3618 5654 3691 5716 47:
