  <div class='ocr_page' id='page_1' title='image "/cluster/home/n/w/nwhite01/storage/ocr_20150623/130/hvd.32044073502387/488.png"; bbox 0 0 4042 6208; ppageno 0'>
   <div class='ocr_carea' id='block_1_1' title="bbox 371 334 3645 419">
    <p class='ocr_par' dir='ltr' id='par_1_1' title="bbox 371 334 3645 419">
     <span class='ocr_line' id='line_1_1' title="bbox 371 334 3645 419; baseline -0.002 -18"><span class='ocrx_word' id='word_1_1' title='bbox 371 335 478 402; x_wconf 79' lang='lat'><strong>965</strong></span> <span class='ocrx_word' id='word_1_2' title='bbox 1340 334 1726 399; x_wconf 82' lang='lat' dir='ltr'><strong>PANOPLIA</strong></span> <span class='ocrx_word' id='word_1_3' title='bbox 1765 338 2241 401; x_wconf 80' lang='lat' dir='ltr'><strong>DOGMA&#39;I‘ICA.</strong></span> <span class='ocrx_word' id='word_1_4' title='bbox 2269 363 2339 377; x_wconf 83' lang='lat'><strong>—-</strong></span> <span class='ocrx_word' id='word_1_5' title='bbox 2365 342 2513 403; x_wconf 66' lang='grc' dir='ltr'>τινι.</span> <span class='ocrx_word' id='word_1_6' title='bbox 2553 344 2677 409; x_wconf 82' lang='lat' dir='ltr'><strong>xv.</strong></span> <span class='ocrx_word' id='word_1_7' title='bbox 3537 358 3645 419; x_wconf 59' lang='lat' dir='ltr'><strong>9m</strong></span> 
     </span>
    </p>
   </div>
   <div class='ocr_carea' id='block_1_2' title="bbox 379 462 1948 545">
    <p class='ocr_par' dir='ltr' id='par_1_2' title="bbox 379 462 1948 539">
     <span class='ocr_line' id='line_1_2' title="bbox 379 462 1948 539; baseline 0.003 -22"><span class='ocrx_word' id='word_1_8' title='bbox 379 465 692 535; x_wconf 71' lang='grc' dir='ltr'><strong>σοφωτάτου</strong></span> <span class='ocrx_word' id='word_1_9' title='bbox 743 462 960 519; x_wconf 85' lang='grc' dir='ltr'>Παύλου</span> <span class='ocrx_word' id='word_1_10' title='bbox 990 464 1195 537; x_wconf 84' lang='grc' dir='ltr'>φωνὴν,</span> <span class='ocrx_word' id='word_1_11' title='bbox 1240 466 1376 539; x_wconf 85' lang='grc' dir='ltr'>πρὸς</span> <span class='ocrx_word' id='word_1_12' title='bbox 1432 463 1554 519; x_wconf 87' lang='grc' dir='ltr'>τίνα</span> <span class='ocrx_word' id='word_1_13' title='bbox 1598 467 1783 522; x_wconf 82' lang='grc' dir='ltr'>λοιπὸν</span> <span class='ocrx_word' id='word_1_14' title='bbox 1823 485 1948 539; x_wconf 89' lang='grc' dir='ltr'>μορ-</span> 
     </span>
    </p>
   </div>
   <div class='ocr_carea' id='block_1_3' title="bbox 2052 462 3639 545">
    <p class='ocr_par' dir='ltr' id='par_1_3' title="bbox 2067 470 3639 545">
     <span class='ocr_line' id='line_1_3' title="bbox 2067 470 3639 545; baseline 0.006 -22"><span class='ocrx_word' id='word_1_15' title='bbox 2067 470 2266 537; x_wconf 86' lang='lat' dir='ltr'><strong>primas</strong></span> <span class='ocrx_word' id='word_1_16' title='bbox 2286 472 2493 526; x_wconf 83' lang='lat' dir='ltr'><strong>obtinet</strong></span> <span class='ocrx_word' id='word_1_17' title='bbox 2546 472 2584 537; x_wconf 87' lang='lat'><strong>&#39;,</strong></span> <span class='ocrx_word' id='word_1_18' title='bbox 2609 472 2763 540; x_wconf 80' lang='lat' dir='ltr'><strong>juxta</strong></span> <span class='ocrx_word' id='word_1_19' title='bbox 2792 472 2941 529; x_wconf 83' lang='lat' dir='ltr'><strong>Pauli</strong></span> <span class='ocrx_word' id='word_1_20' title='bbox 2997 474 3378 545; x_wconf 74' lang='lat' dir='ltr'><strong>sapientissimi</strong></span> <span class='ocrx_word' id='word_1_21' title='bbox 3426 492 3639 545; x_wconf 79' lang='lat' dir='ltr'><strong>vocem,</strong></span> 
     </span>
    </p>
   </div>
   <div class='ocr_carea' id='block_1_4' title="bbox 375 556 1948 639">
    <p class='ocr_par' dir='ltr' id='par_1_4' title="bbox 375 556 1948 633">
     <span class='ocr_line' id='line_1_4' title="bbox 375 556 1948 633; baseline 0.004 -24"><span class='ocrx_word' id='word_1_22' title='bbox 375 556 668 627; x_wconf 78' lang='grc' dir='ltr'>φούμενοι,</span> <span class='ocrx_word' id='word_1_23' title='bbox 695 560 949 629; x_wconf 76' lang='grc' dir='ltr'>γεννητοὶ</span> <span class='ocrx_word' id='word_1_24' title='bbox 976 558 1113 613; x_wconf 87' lang='grc' dir='ltr'>Θεοῦ</span> <span class='ocrx_word' id='word_1_25' title='bbox 1140 558 1231 614; x_wconf 84' lang='grc' dir='ltr'><strong>διὰ</strong></span> <span class='ocrx_word' id='word_1_26' title='bbox 1268 560 1588 632; x_wconf 85' lang='grc' dir='ltr'>Πνεύματος</span> <span class='ocrx_word' id='word_1_27' title='bbox 1622 578 1726 633; x_wconf 86' lang='grc' dir='ltr'><strong>χρη</strong></span> <span class='ocrx_word' id='word_1_28' title='bbox 1735 562 1948 633; x_wconf 72' lang='grc' dir='ltr'>ματιοῦε</span> 
     </span>
    </p>
   </div>
   <div class='ocr_carea' id='block_1_5' title="bbox 2052 556 3641 639">
    <p class='ocr_par' dir='ltr' id='par_1_5' title="bbox 2065 564 3641 639">
     <span class='ocr_line' id='line_1_5' title="bbox 2065 564 3641 639; baseline 0.007 -25"><span class='ocrx_word' id='word_1_29' title='bbox 2065 564 2131 614; x_wconf 84' lang='lat' dir='ltr'><strong>ad</strong></span> <span class='ocrx_word' id='word_1_30' title='bbox 2156 576 2317 630; x_wconf 87' lang='lat' dir='ltr'><strong>quem</strong></span> <span class='ocrx_word' id='word_1_31' title='bbox 2364 565 2580 617; x_wconf 89' lang='lat' dir='ltr'><strong>tandem</strong></span> <span class='ocrx_word' id='word_1_32' title='bbox 2635 564 2985 632; x_wconf 78' lang='lat' dir='ltr'><strong>conformati,</strong></span> <span class='ocrx_word' id='word_1_33' title='bbox 3035 580 3098 620; x_wconf 81' lang='lat' dir='ltr'><strong>ex</strong></span> <span class='ocrx_word' id='word_1_34' title='bbox 3160 566 3270 623; x_wconf 91' lang='lat' dir='ltr'><strong>Deo</strong></span> <span class='ocrx_word' id='word_1_35' title='bbox 3320 570 3484 639; x_wconf 76' lang='lat' dir='ltr'><strong>geniti</strong></span> <span class='ocrx_word' id='word_1_36' title='bbox 3544 586 3641 637; x_wconf 91' lang='lat' dir='ltr'><strong>per</strong></span> 
     </span>
    </p>
   </div>
   <div class='ocr_carea' id='block_1_6' title="bbox 377 650 1948 730">
    <p class='ocr_par' dir='ltr' id='par_1_6' title="bbox 377 650 1948 725">
     <span class='ocr_line' id='line_1_6' title="bbox 377 650 1948 725; baseline 0.004 -25"><span class='ocrx_word' id='word_1_37' title='bbox 377 665 480 721; x_wconf 87' lang='grc' dir='ltr'><strong>μεν</strong></span> <span class='ocrx_word' id='word_1_38' title='bbox 513 651 677 721; x_wconf 83' lang='grc' dir='ltr'><strong>ἡμεῖς</strong></span> <span class='ocrx_word' id='word_1_39' title='bbox 701 667 717 717; x_wconf 87' lang='grc'><strong>;</strong></span> <span class='ocrx_word' id='word_1_40' title='bbox 738 650 859 705; x_wconf 87' lang='grc' dir='ltr'>τίνα</span> <span class='ocrx_word' id='word_1_41' title='bbox 880 650 972 705; x_wconf 86' lang='grc' dir='ltr'><strong>τοῦ</strong></span> <span class='ocrx_word' id='word_1_42' title='bbox 1008 652 1333 722; x_wconf 86' lang='grc' dir='ltr'>πράγματος</span> <span class='ocrx_word' id='word_1_43' title='bbox 1366 652 1623 717; x_wconf 76' lang='grc' dir='ltr'>λαϐόντες</span> <span class='ocrx_word' id='word_1_44' title='bbox 1652 652 1751 725; x_wconf 78' lang='grc' dir='ltr'><strong>τὴν</strong></span> <span class='ocrx_word' id='word_1_45' title='bbox 1778 654 1948 725; x_wconf 85' lang='grc' dir='ltr'>άπαρ·</span> 
     </span>
    </p>
   </div>
   <div class='ocr_carea' id='block_1_7' title="bbox 2052 650 3635 730">
    <p class='ocr_par' dir='ltr' id='par_1_7' title="bbox 2066 652 3635 730">
     <span class='ocr_line' id='line_1_7' title="bbox 2066 652 3635 730; baseline 0.005 -23"><span class='ocrx_word' id='word_1_46' title='bbox 2066 652 2326 721; x_wconf 81' lang='lat' dir='ltr'><strong>Spiritum</strong></span> <span class='ocrx_word' id='word_1_47' title='bbox 2385 654 2794 725; x_wconf 88' lang='lat' dir='ltr'><strong>appellabimur,</strong></span> <span class='ocrx_word' id='word_1_48' title='bbox 2847 666 2940 711; x_wconf 89' lang='lat' dir='ltr'><strong>aut</strong></span> <span class='ocrx_word' id='word_1_49' title='bbox 2999 673 3161 727; x_wconf 86' lang='lat' dir='ltr'><strong>quem</strong></span> <span class='ocrx_word' id='word_1_50' title='bbox 3229 658 3391 728; x_wconf 84' lang='lat' dir='ltr'><strong>hujus</strong></span> <span class='ocrx_word' id='word_1_51' title='bbox 3438 663 3635 730; x_wconf 79' lang='lat' dir='ltr'><strong>negotii</strong></span> 
     </span>
    </p>
   </div>
   <div class='ocr_carea' id='block_1_8' title="bbox 379 739 1948 819">
    <p class='ocr_par' dir='ltr' id='par_1_8' title="bbox 379 739 1948 816">
     <span class='ocr_line' id='line_1_8' title="bbox 379 739 1948 816; baseline 0.006 -24"><span class='ocrx_word' id='word_1_52' title='bbox 379 739 498 812; x_wconf 52' lang='lat' dir='ltr'><strong>(liv,</strong></span> <span class='ocrx_word' id='word_1_53' title='bbox 531 739 566 810; x_wconf 76' lang='grc' dir='ltr'>ἢ</span> <span class='ocrx_word' id='word_1_54' title='bbox 606 740 704 793; x_wconf 77' lang='grc' dir='ltr'>καὶ</span> <span class='ocrx_word' id='word_1_55' title='bbox 727 741 873 805; x_wconf 88' lang='grc' dir='ltr'>τίνος</span> <span class='ocrx_word' id='word_1_56' title='bbox 899 742 1035 807; x_wconf 80' lang='grc' dir='ltr'>ὅλως</span> <span class='ocrx_word' id='word_1_57' title='bbox 1065 744 1144 808; x_wconf 86' lang='grc' dir='ltr'><strong>είς</strong></span> <span class='ocrx_word' id='word_1_58' title='bbox 1169 746 1316 816; x_wconf 79' lang='grc' dir='ltr'>ἡμᾶς</span> <span class='ocrx_word' id='word_1_59' title='bbox 1350 744 1658 815; x_wconf 72' lang='grc' dir='ltr'><strong>πέμποντος</strong></span> <span class='ocrx_word' id='word_1_60' title='bbox 1696 744 1758 800; x_wconf 83' lang='grc' dir='ltr'><strong>τὸ</strong></span> <span class='ocrx_word' id='word_1_61' title='bbox 1795 746 1948 811; x_wconf 78' lang='grc' dir='ltr'>ἀξίω·</span> 
     </span>
    </p>
   </div>
   <div class='ocr_carea' id='block_1_9' title="bbox 2052 739 3639 819">
    <p class='ocr_par' dir='ltr' id='par_1_9' title="bbox 2064 744 3639 819">
     <span class='ocr_line' id='line_1_9' title="bbox 2064 744 3639 819; baseline 0.006 -22"><span class='ocrx_word' id='word_1_62' title='bbox 2064 744 2363 813; x_wconf 89' lang='lat' dir='ltr'><strong>principem</strong></span> <span class='ocrx_word' id='word_1_63' title='bbox 2428 759 2493 800; x_wconf 90' lang='lat' dir='ltr'><strong>ac</strong></span> <span class='ocrx_word' id='word_1_64' title='bbox 2553 756 2716 817; x_wconf 90' lang='lat' dir='ltr'><strong>caput</strong></span> <span class='ocrx_word' id='word_1_65' title='bbox 2744 747 3101 803; x_wconf 85' lang='lat' dir='ltr'><strong>habebimus?</strong></span> <span class='ocrx_word' id='word_1_66' title='bbox 3146 760 3238 804; x_wconf 84' lang='lat' dir='ltr'><strong>aut</strong></span> <span class='ocrx_word' id='word_1_67' title='bbox 3266 752 3389 819; x_wconf 90' lang='lat' dir='ltr'><strong>quis</strong></span> <span class='ocrx_word' id='word_1_68' title='bbox 3416 754 3639 807; x_wconf 93' lang='lat' dir='ltr'><strong>omnino</strong></span> 
     </span>
    </p>
   </div>
   <div class='ocr_carea' id='block_1_10' title="bbox 378 831 1948 911">
    <p class='ocr_par' dir='ltr' id='par_1_10' title="bbox 378 831 1948 911">
     <span class='ocr_line' id='line_1_10' title="bbox 378 831 1948 911; baseline 0.006 -27"><span class='ocrx_word' id='word_1_69' title='bbox 378 848 490 902; x_wconf 85' lang='grc' dir='ltr'>μα;</span> <span class='ocrx_word' id='word_1_70' title='bbox 524 832 688 886; x_wconf 65' lang='grc' dir='ltr'>Φαῖεν</span> <span class='ocrx_word' id='word_1_71' title='bbox 713 831 798 896; x_wconf 77' lang='grc' dir='ltr'>ἂν,</span> <span class='ocrx_word' id='word_1_72' title='bbox 820 832 896 898; x_wconf 84' lang='grc' dir='ltr'>ὥς</span> <span class='ocrx_word' id='word_1_73' title='bbox 920 850 985 903; x_wconf 89' lang='grc' dir='ltr'><strong>γε</strong></span> <span class='ocrx_word' id='word_1_74' title='bbox 1014 831 1189 906; x_wconf 73' lang='grc' dir='ltr'>οἶμαι,</span> <span class='ocrx_word' id='word_1_75' title='bbox 1211 837 1305 890; x_wconf 77' lang='grc' dir='ltr'>καὶ</span> <span class='ocrx_word' id='word_1_76' title='bbox 1330 836 1486 891; x_wconf 82' lang='grc' dir='ltr'>αὐτοί</span> <span class='ocrx_word' id='word_1_77' title='bbox 1504 854 1519 869; x_wconf 77' lang='grc' dir='ltr'><strong>ο</strong></span> <span class='ocrx_word' id='word_1_78' title='bbox 1552 837 1661 893; x_wconf 89' lang='grc' dir='ltr'>Τοῦ</span> <span class='ocrx_word' id='word_1_79' title='bbox 1686 839 1948 911; x_wconf 80' lang='grc' dir='ltr'>ὲνανθρω·</span> 
     </span>
    </p>
   </div>
   <div class='ocr_carea' id='block_1_11' title="bbox 2052 831 3636 911">
    <p class='ocr_par' dir='ltr' id='par_1_11' title="bbox 2063 836 3636 911">
     <span class='ocr_line' id='line_1_11' title="bbox 2063 836 3636 911; baseline 0.006 -21"><span class='ocrx_word' id='word_1_80' title='bbox 2063 836 2202 891; x_wconf 89' lang='lat' dir='ltr'><strong>hanc</strong></span> <span class='ocrx_word' id='word_1_81' title='bbox 2230 837 2544 907; x_wconf 72' lang='lat' dir='ltr'><strong>dignitatem</strong></span> <span class='ocrx_word' id='word_1_82' title='bbox 2567 840 2621 893; x_wconf 90' lang='lat' dir='ltr'><strong>in</strong></span> <span class='ocrx_word' id='word_1_83' title='bbox 2662 855 2761 896; x_wconf 91' lang='lat' dir='ltr'><strong>nos</strong></span> <span class='ocrx_word' id='word_1_84' title='bbox 2812 842 3213 897; x_wconf 80' lang='lat' dir='ltr'><strong>transmiserit?</strong></span> <span class='ocrx_word' id='word_1_85' title='bbox 3259 844 3447 901; x_wconf 88' lang='lat' dir='ltr'><strong>Dicent</strong></span> <span class='ocrx_word' id='word_1_86' title='bbox 3508 861 3636 911; x_wconf 83' lang='lat' dir='ltr'><strong>pro-</strong></span> 
     </span>
    </p>
   </div>
   <div class='ocr_carea' id='block_1_12' title="bbox 374 924 1948 1004">
    <p class='ocr_par' dir='ltr' id='par_1_12' title="bbox 374 924 1948 1004">
     <span class='ocr_line' id='line_1_12' title="bbox 374 924 1948 1004; baseline 0.006 -28"><span class='ocrx_word' id='word_1_87' title='bbox 374 924 654 995; x_wconf 79' lang='grc' dir='ltr'>πήσαντος</span> <span class='ocrx_word' id='word_1_88' title='bbox 676 924 873 993; x_wconf 88' lang='grc' dir='ltr'>Λόγου.</span> <span class='ocrx_word' id='word_1_89' title='bbox 902 925 1036 982; x_wconf 73' lang='grc' dir='ltr'>Εἶτα</span> <span class='ocrx_word' id='word_1_90' title='bbox 1065 927 1183 993; x_wconf 83' lang='grc' dir='ltr'><strong>πῶς</strong></span> <span class='ocrx_word' id='word_1_91' title='bbox 1206 929 1357 984; x_wconf 74' lang='grc' dir='ltr'>ἔσται</span> <span class='ocrx_word' id='word_1_92' title='bbox 1383 930 1539 986; x_wconf 88' lang='grc' dir='ltr'>τοῦτο</span> <span class='ocrx_word' id='word_1_93' title='bbox 1558 926 1773 1003; x_wconf 76' lang='grc' dir='ltr'>ἀληθὲς,</span> <span class='ocrx_word' id='word_1_94' title='bbox 1806 932 1854 984; x_wconf 87' lang='grc' dir='ltr'><strong>εί</strong></span> <span class='ocrx_word' id='word_1_95' title='bbox 1879 931 1948 1004; x_wconf 80' lang='grc' dir='ltr'>μὴ</span> 
     </span>
    </p>
   </div>
   <div class='ocr_carea' id='block_1_13' title="bbox 2052 924 3634 1004">
    <p class='ocr_par' dir='ltr' id='par_1_13' title="bbox 2063 928 3634 1001">
     <span class='ocr_line' id='line_1_13' title="bbox 2063 928 3634 1001; baseline 0.005 -19"><span class='ocrx_word' id='word_1_96' title='bbox 2063 928 2224 993; x_wconf 74' lang='lat' dir='ltr'><strong>recto,</strong></span> <span class='ocrx_word' id='word_1_97' title='bbox 2257 937 2318 983; x_wconf 90' lang='lat' dir='ltr'><strong>ut</strong></span> <span class='ocrx_word' id='word_1_98' title='bbox 2346 929 2615 996; x_wconf 82' lang='lat' dir='ltr'><strong>arbitror,</strong></span> <span class='ocrx_word' id='word_1_99' title='bbox 2647 931 2812 986; x_wconf 87' lang='lat' dir='ltr'><strong>etiam</strong></span> <span class='ocrx_word' id='word_1_100' title='bbox 2837 933 2937 1001; x_wconf 86' lang='lat' dir='ltr'><strong>ipsi</strong></span> <span class='ocrx_word' id='word_1_101' title='bbox 2967 952 2980 987; x_wconf 88' lang='lat'><strong>:</strong></span> <span class='ocrx_word' id='word_1_102' title='bbox 3007 931 3242 988; x_wconf 82' lang='lat' dir='ltr'><strong>Verbum</strong></span> <span class='ocrx_word' id='word_1_103' title='bbox 3272 937 3634 991; x_wconf 86' lang='lat' dir='ltr'><strong>incarnatum.</strong></span> 
     </span>
    </p>
   </div>
   <div class='ocr_carea' id='block_1_14' title="bbox 374 1016 1955 1097">
    <p class='ocr_par' dir='ltr' id='par_1_14' title="bbox 374 1016 1955 1097">
     <span class='ocr_line' id='line_1_14' title="bbox 374 1016 1955 1097; baseline 0.006 -28"><span class='ocrx_word' id='word_1_104' title='bbox 374 1016 539 1079; x_wconf 78' lang='grc' dir='ltr'>αὐτὸς</span> <span class='ocrx_word' id='word_1_105' title='bbox 568 1017 758 1085; x_wconf 80' lang='grc' dir='ltr'>γέγονε</span> <span class='ocrx_word' id='word_1_106' title='bbox 790 1018 950 1091; x_wconf 79' lang='grc' dir='ltr'>σὰρξ,</span> <span class='ocrx_word' id='word_1_107' title='bbox 988 1022 1267 1077; x_wconf 84' lang='grc' dir='ltr'><strong>τουτέστιν</strong></span> <span class='ocrx_word' id='word_1_108' title='bbox 1297 1023 1601 1094; x_wconf 77' lang='grc' dir='ltr'>ἅνθρωπος,</span> <span class='ocrx_word' id='word_1_109' title='bbox 1640 1025 1769 1078; x_wconf 80' lang='grc' dir='ltr'>τδιον</span> <span class='ocrx_word' id='word_1_110' title='bbox 1797 1041 1955 1097; x_wconf 90' lang='grc' dir='ltr'>ποιη-</span> 
     </span>
    </p>
   </div>
   <div class='ocr_carea' id='block_1_15' title="bbox 376 1107 1954 1184">
    <p class='ocr_par' dir='ltr' id='par_1_15' title="bbox 376 1107 1954 1184">
     <span class='ocr_line' id='line_1_15' title="bbox 376 1107 1954 1184; baseline 0.007 -24"><span class='ocrx_word' id='word_1_111' title='bbox 376 1107 612 1177; x_wconf 87' lang='grc' dir='ltr'>σάμενος</span> <span class='ocrx_word' id='word_1_112' title='bbox 646 1110 807 1180; x_wconf 85' lang='grc' dir='ltr'>σῶμα</span> <span class='ocrx_word' id='word_1_113' title='bbox 833 1112 894 1164; x_wconf 90' lang='grc' dir='ltr'><strong>τὸ</strong></span> <span class='ocrx_word' id='word_1_114' title='bbox 918 1112 1280 1184; x_wconf 83' lang='grc' dir='ltr'>ἀνθρώπινον,</span> <span class='ocrx_word' id='word_1_115' title='bbox 1305 1115 1428 1168; x_wconf 84' lang='grc' dir='ltr'>καθ’</span> <span class='ocrx_word' id='word_1_116' title='bbox 1462 1114 1657 1168; x_wconf 69' lang='grc' dir='ltr'>ἕνωσιν</span> <span class='ocrx_word' id='word_1_117' title='bbox 1688 1116 1954 1171; x_wconf 83' lang='grc' dir='ltr'>ἀδιάσπα-</span> 
     </span>
    </p>
   </div>
   <div class='ocr_carea' id='block_1_16' title="bbox 375 1201 1950 1278">
    <p class='ocr_par' dir='ltr' id='par_1_16' title="bbox 375 1201 1950 1278">
     <span class='ocr_line' id='line_1_16' title="bbox 375 1201 1950 1278; baseline 0.007 -27"><span class='ocrx_word' id='word_1_118' title='bbox 375 1216 524 1265; x_wconf 89' lang='grc' dir='ltr'>στον,</span> <span class='ocrx_word' id='word_1_119' title='bbox 548 1201 635 1255; x_wconf 89' lang='grc' dir='ltr'><strong>ῖνα</strong></span> <span class='ocrx_word' id='word_1_120' title='bbox 660 1202 753 1255; x_wconf 76' lang='grc' dir='ltr'>καὶ</span> <span class='ocrx_word' id='word_1_121' title='bbox 779 1202 946 1256; x_wconf 81' lang='grc' dir='ltr'>αὐτοῦ</span> <span class='ocrx_word' id='word_1_122' title='bbox 976 1206 1183 1274; x_wconf 82' lang='grc' dir='ltr'>νοῆται,</span> <span class='ocrx_word' id='word_1_123' title='bbox 1206 1206 1302 1259; x_wconf 74' lang='grc' dir='ltr'>καὶ</span> <span class='ocrx_word' id='word_1_124' title='bbox 1325 1205 1449 1278; x_wconf 79' lang='grc' dir='ltr'>[μὴ]</span> <span class='ocrx_word' id='word_1_125' title='bbox 1473 1205 1535 1272; x_wconf 83' lang='grc' dir='ltr'>ὲξ</span> <span class='ocrx_word' id='word_1_126' title='bbox 1557 1206 1744 1278; x_wconf 75' lang='grc' dir='ltr'>ἑτέρου</span> <span class='ocrx_word' id='word_1_127' title='bbox 1772 1208 1950 1276; x_wconf 89' lang='grc' dir='ltr'>τινός;</span> 
     </span>
    </p>
   </div>
   <div class='ocr_carea' id='block_1_17' title="bbox 374 1290 1954 1371">
    <p class='ocr_par' dir='ltr' id='par_1_17' title="bbox 374 1290 1954 1371">
     <span class='ocr_line' id='line_1_17' title="bbox 374 1290 1954 1371; baseline 0.008 -29"><span class='ocrx_word' id='word_1_128' title='bbox 374 1290 594 1361; x_wconf 79' lang='grc' dir='ltr'>Πέμψει</span> <span class='ocrx_word' id='word_1_129' title='bbox 632 1293 740 1365; x_wconf 76' lang='grc' dir='ltr'><strong>γάρ</strong></span> <span class='ocrx_word' id='word_1_130' title='bbox 769 1294 913 1348; x_wconf 88' lang='grc' dir='ltr'>οῦτω</span> <span class='ocrx_word' id='word_1_131' title='bbox 958 1297 1053 1350; x_wconf 65' lang='grc' dir='ltr'><strong>καὶ⁵</strong></span> <span class='ocrx_word' id='word_1_132' title='bbox 1096 1298 1172 1360; x_wconf 86' lang='grc' dir='ltr'>εἰς</span> <span class='ocrx_word' id='word_1_133' title='bbox 1224 1300 1369 1368; x_wconf 73' lang='grc' dir='ltr'>ἡμᾶς</span> <span class='ocrx_word' id='word_1_134' title='bbox 1409 1300 1509 1370; x_wconf 82' lang='grc' dir='ltr'><strong>τῆς</strong></span> <span class='ocrx_word' id='word_1_135' title='bbox 1546 1300 1819 1363; x_wconf 76' lang='grc' dir='ltr'><strong>υἱοθεσίας</strong></span> <span class='ocrx_word' id='word_1_136' title='bbox 1856 1301 1954 1371; x_wconf 79' lang='grc' dir='ltr'>τὴν</span> 
     </span>
    </p>
   </div>
   <div class='ocr_carea' id='block_1_18' title="bbox 372 1380 1949 1462">
    <p class='ocr_par' dir='ltr' id='par_1_18' title="bbox 372 1380 1949 1462">
     <span class='ocr_line' id='line_1_18' title="bbox 372 1380 1949 1462; baseline 0.007 -29"><span class='ocrx_word' id='word_1_137' title='bbox 372 1380 558 1451; x_wconf 80' lang='grc' dir='ltr'>χάριν,</span> <span class='ocrx_word' id='word_1_138' title='bbox 597 1385 690 1438; x_wconf 72' lang='grc' dir='ltr'>καὶ</span> <span class='ocrx_word' id='word_1_139' title='bbox 726 1387 976 1457; x_wconf 76' lang='grc' dir='ltr'>γεννητοὶ</span> <span class='ocrx_word' id='word_1_140' title='bbox 1008 1387 1327 1458; x_wconf 86' lang='grc' dir='ltr'>Πνεύματος</span> <span class='ocrx_word' id='word_1_141' title='bbox 1364 1391 1602 1460; x_wconf 63' lang='grc' dir='ltr'>ἐσόμεθα</span> <span class='ocrx_word' id='word_1_142' title='bbox 1633 1392 1726 1445; x_wconf 73' lang='grc' dir='ltr'>καὶ</span> <span class='ocrx_word' id='word_1_143' title='bbox 1766 1393 1949 1462; x_wconf 81' lang='grc' dir='ltr'>ἡμεῖς,</span> 
     </span>
    </p>
   </div>
   <div class='ocr_carea' id='block_1_19' title="bbox 372 1472 1952 1555">
    <p class='ocr_par' dir='ltr' id='par_1_19' title="bbox 372 1472 1952 1555">
     <span class='ocr_line' id='line_1_19' title="bbox 372 1472 1952 1555; baseline 0.009 -30"><span class='ocrx_word' id='word_1_144' title='bbox 372 1472 471 1525; x_wconf 76' lang='grc' dir='ltr'>ἅτε</span> <span class='ocrx_word' id='word_1_145' title='bbox 502 1474 565 1543; x_wconf 82' lang='grc' dir='ltr'>δὴ</span> <span class='ocrx_word' id='word_1_146' title='bbox 594 1479 694 1547; x_wconf 87' lang='grc' dir='ltr'>τῆς</span> <span class='ocrx_word' id='word_1_147' title='bbox 740 1477 1033 1549; x_wconf 79' lang='grc' dir='ltr'>ἀνθρώπου</span> <span class='ocrx_word' id='word_1_148' title='bbox 1072 1480 1289 1549; x_wconf 85' lang='grc' dir='ltr'>φύσεως</span> <span class='ocrx_word' id='word_1_149' title='bbox 1328 1484 1386 1534; x_wconf 79' lang='grc' dir='ltr'><strong>έν</strong></span> <span class='ocrx_word' id='word_1_150' title='bbox 1417 1483 1569 1553; x_wconf 80' lang='grc' dir='ltr'>αὐτῷ</span> <span class='ocrx_word' id='word_1_151' title='bbox 1603 1484 1701 1537; x_wconf 74' lang='grc' dir='ltr'>καὶ</span> <span class='ocrx_word' id='word_1_152' title='bbox 1748 1483 1952 1555; x_wconf 82' lang='grc' dir='ltr'>πρώτῳ</span> 
     </span>
    </p>
   </div>
   <div class='ocr_carea' id='block_1_20' title="bbox 372 1565 1952 1641">
    <p class='ocr_par' dir='ltr' id='par_1_20' title="bbox 372 1565 1952 1641">
     <span class='ocr_line' id='line_1_20' title="bbox 372 1565 1952 1641; baseline 0.008 -24"><span class='ocrx_word' id='word_1_153' title='bbox 372 1565 646 1638; x_wconf 76' lang='grc' dir='ltr'><strong>λαχούσης</strong></span> <span class='ocrx_word' id='word_1_154' title='bbox 674 1568 854 1623; x_wconf 65' lang='grc' dir='ltr'>τοῦτοι</span> <span class='ocrx_word' id='word_1_155' title='bbox 877 1571 984 1624; x_wconf 78' lang='grc' dir='ltr'>Καί</span> <span class='ocrx_word' id='word_1_156' title='bbox 1007 1588 1097 1641; x_wconf 87' lang='grc' dir='ltr'><strong>μοι</strong></span> <span class='ocrx_word' id='word_1_157' title='bbox 1121 1572 1274 1626; x_wconf 86' lang='grc' dir='ltr'>δοκεῖ</span> <span class='ocrx_word' id='word_1_158' title='bbox 1285 1573 1523 1628; x_wconf 84' lang='grc' dir='ltr'>τοιοῦτόν</span> <span class='ocrx_word' id='word_1_159' title='bbox 1542 1592 1594 1628; x_wconf 92' lang='grc' dir='ltr'><strong>τι</strong></span> <span class='ocrx_word' id='word_1_160' title='bbox 1615 1575 1736 1628; x_wconf 82' lang='grc' dir='ltr'>καθ’</span> <span class='ocrx_word' id='word_1_161' title='bbox 1761 1576 1952 1630; x_wconf 81' lang='grc' dir='ltr'>ἑαυτὸν</span> 
     </span>
    </p>
   </div>
   <div class='ocr_carea' id='block_1_21' title="bbox 371 1657 1949 1736">
    <p class='ocr_par' dir='ltr' id='par_1_21' title="bbox 371 1657 1949 1736">
     <span class='ocr_line' id='line_1_21' title="bbox 371 1657 1949 1736; baseline 0.01 -29"><span class='ocrx_word' id='word_1_162' title='bbox 371 1657 726 1729; x_wconf 83' lang='grc' dir='ltr'>ὲννενοηκὼς,</span> <span class='ocrx_word' id='word_1_163' title='bbox 758 1660 926 1729; x_wconf 91' lang='grc' dir='ltr'>φάναι</span> <span class='ocrx_word' id='word_1_164' title='bbox 953 1679 1055 1715; x_wconf 89' lang='grc' dir='ltr'><strong>που</strong></span> <span class='ocrx_word' id='word_1_165' title='bbox 1092 1664 1186 1716; x_wconf 81' lang='grc' dir='ltr'>καὶ</span> <span class='ocrx_word' id='word_1_166' title='bbox 1214 1664 1362 1735; x_wconf 87' lang='grc' dir='ltr'>μάλα</span> <span class='ocrx_word' id='word_1_167' title='bbox 1389 1665 1567 1736; x_wconf 85' lang='grc' dir='ltr'><strong>ὀρθῶς</strong></span> <span class='ocrx_word' id='word_1_168' title='bbox 1595 1667 1624 1719; x_wconf 97' lang='lat'><strong>6</strong></span> <span class='ocrx_word' id='word_1_169' title='bbox 1662 1668 1949 1733; x_wconf 74' lang='grc' dir='ltr'><strong>θεσπέσιος</strong></span> 
     </span>
    </p>
   </div>
   <div class='ocr_carea' id='block_1_22' title="bbox 2060 1024 3632 1094">
    <p class='ocr_par' dir='ltr' id='par_1_22' title="bbox 2060 1024 3632 1094">
     <span class='ocr_line' id='line_1_22' title="bbox 2060 1024 3632 1094; baseline 0.003 -18"><span class='ocrx_word' id='word_1_170' title='bbox 2060 1024 2221 1092; x_wconf 81' lang='lat' dir='ltr'><strong>Atqui</strong></span> <span class='ocrx_word' id='word_1_171' title='bbox 2242 1038 2349 1092; x_wconf 91' lang='lat' dir='ltr'><strong>quo</strong></span> <span class='ocrx_word' id='word_1_172' title='bbox 2374 1032 2535 1091; x_wconf 85' lang='lat' dir='ltr'><strong>pacto</strong></span> <span class='ocrx_word' id='word_1_173' title='bbox 2568 1038 2755 1078; x_wconf 90' lang='lat' dir='ltr'><strong>verum</strong></span> <span class='ocrx_word' id='word_1_174' title='bbox 2779 1026 2878 1079; x_wconf 89' lang='lat' dir='ltr'><strong>hoc</strong></span> <span class='ocrx_word' id='word_1_175' title='bbox 2910 1025 3035 1090; x_wconf 88' lang='lat' dir='ltr'><strong>erit,</strong></span> <span class='ocrx_word' id='word_1_176' title='bbox 3065 1025 3166 1079; x_wconf 89' lang='lat' dir='ltr'><strong>nisi</strong></span> <span class='ocrx_word' id='word_1_177' title='bbox 3187 1026 3362 1094; x_wconf 90' lang='lat' dir='ltr'><strong>ipsum</strong></span> <span class='ocrx_word' id='word_1_178' title='bbox 3399 1025 3632 1081; x_wconf 82' lang='lat' dir='ltr'><strong>Verbum</strong></span> 
     </span>
    </p>
   </div>
   <div class='ocr_carea' id='block_1_23' title="bbox 2061 1114 3636 1185">
    <p class='ocr_par' dir='ltr' id='par_1_23' title="bbox 2061 1114 3636 1185">
     <span class='ocr_line' id='line_1_23' title="bbox 2061 1114 3636 1185; baseline 0.002 -17"><span class='ocrx_word' id='word_1_179' title='bbox 2061 1114 2262 1168; x_wconf 82' lang='lat' dir='ltr'><strong>factum</strong></span> <span class='ocrx_word' id='word_1_180' title='bbox 2296 1124 2380 1169; x_wconf 80' lang='grc' dir='ltr'><strong>εει</strong></span> <span class='ocrx_word' id='word_1_181' title='bbox 2400 1130 2551 1179; x_wconf 88' lang='lat' dir='ltr'><strong>caro,</strong></span> <span class='ocrx_word' id='word_1_182' title='bbox 2580 1115 2683 1169; x_wconf 88' lang='lat' dir='ltr'><strong>hoc</strong></span> <span class='ocrx_word' id='word_1_183' title='bbox 2700 1124 2802 1181; x_wconf 89' lang='lat' dir='ltr'><strong>est,</strong></span> <span class='ocrx_word' id='word_1_184' title='bbox 2828 1116 3027 1180; x_wconf 64' lang='lat' dir='ltr'><strong>homo},</strong></span> <span class='ocrx_word' id='word_1_185' title='bbox 3086 1117 3283 1185; x_wconf 83' lang='lat' dir='ltr'><strong>quippe</strong></span> <span class='ocrx_word' id='word_1_186' title='bbox 3321 1118 3463 1185; x_wconf 89' lang='lat' dir='ltr'><strong>quod</strong></span> <span class='ocrx_word' id='word_1_187' title='bbox 3509 1133 3636 1185; x_wconf 90' lang='lat' dir='ltr'><strong>pro-</strong></span> 
     </span>
    </p>
   </div>
   <div class='ocr_carea' id='block_1_24' title="bbox 2060 1206 3633 1278">
    <p class='ocr_par' dir='ltr' id='par_1_24' title="bbox 2060 1206 3633 1278">
     <span class='ocr_line' id='line_1_24' title="bbox 2060 1206 3633 1278; baseline 0.003 -19"><span class='ocrx_word' id='word_1_188' title='bbox 2060 1206 2235 1274; x_wconf 89' lang='lat' dir='ltr'><strong>prium</strong></span> <span class='ocrx_word' id='word_1_189' title='bbox 2265 1207 2365 1261; x_wconf 86' lang='lat' dir='ltr'><strong>sibi</strong></span> <span class='ocrx_word' id='word_1_190' title='bbox 2387 1206 2574 1261; x_wconf 74' lang='lat' dir='ltr'><strong>fecerit</strong></span> <span class='ocrx_word' id='word_1_191' title='bbox 2598 1222 2795 1277; x_wconf 90' lang='lat' dir='ltr'><strong>corpus</strong></span> <span class='ocrx_word' id='word_1_192' title='bbox 2822 1224 2884 1262; x_wconf 89' lang='lat' dir='ltr'><strong>ea</strong></span> <span class='ocrx_word' id='word_1_193' title='bbox 2914 1208 3120 1263; x_wconf 85' lang='lat' dir='ltr'><strong>unitate</strong></span> <span class='ocrx_word' id='word_1_194' title='bbox 3147 1224 3266 1278; x_wconf 65' lang='lat' dir='ltr'><strong>qua:</strong></span> <span class='ocrx_word' id='word_1_195' title='bbox 3283 1211 3463 1265; x_wconf 80' lang='lat' dir='ltr'><strong>divelli</strong></span> <span class='ocrx_word' id='word_1_196' title='bbox 3490 1210 3633 1263; x_wconf 88' lang='lat' dir='ltr'><strong>nulla</strong></span> 
     </span>
    </p>
   </div>
   <div class='ocr_carea' id='block_1_25' title="bbox 2060 1295 3637 1365">
    <p class='ocr_par' dir='ltr' id='par_1_25' title="bbox 2060 1295 3637 1365">
     <span class='ocr_line' id='line_1_25' title="bbox 2060 1295 3637 1365; baseline 0.001 -16"><span class='ocrx_word' id='word_1_197' title='bbox 2060 1295 2271 1349; x_wconf 80' lang='lat' dir='ltr'><strong>ratione</strong></span> <span class='ocrx_word' id='word_1_198' title='bbox 2288 1303 2488 1365; x_wconf 86' lang='lat' dir='ltr'><strong>queat:</strong></span> <span class='ocrx_word' id='word_1_199' title='bbox 2517 1296 2591 1349; x_wconf 90' lang='lat' dir='ltr'><strong>ita</strong></span> <span class='ocrx_word' id='word_1_200' title='bbox 2629 1296 2884 1349; x_wconf 87' lang='lat' dir='ltr'><strong>nimirum</strong></span> <span class='ocrx_word' id='word_1_201' title='bbox 2910 1306 2965 1351; x_wconf 93' lang='lat' dir='ltr'><strong>ut</strong></span> <span class='ocrx_word' id='word_1_202' title='bbox 2999 1296 3167 1365; x_wconf 77' lang='lat' dir='ltr'><strong>ipsius</strong></span> <span class='ocrx_word' id='word_1_203' title='bbox 3209 1297 3366 1353; x_wconf 86' lang='lat' dir='ltr'><strong>Verbi</strong></span> <span class='ocrx_word' id='word_1_204' title='bbox 3415 1312 3637 1352; x_wconf 89' lang='lat' dir='ltr'><strong>censea-</strong></span> 
     </span>
    </p>
   </div>
   <div class='ocr_carea' id='block_1_26' title="bbox 2060 1388 3632 1459">
    <p class='ocr_par' dir='ltr' id='par_1_26' title="bbox 2060 1388 3632 1459">
     <span class='ocr_line' id='line_1_26' title="bbox 2060 1388 3632 1459; baseline 0.002 -20"><span class='ocrx_word' id='word_1_205' title='bbox 2060 1396 2167 1455; x_wconf 87' lang='lat' dir='ltr'><strong>tur,</strong></span> <span class='ocrx_word' id='word_1_206' title='bbox 2201 1397 2377 1443; x_wconf 93' lang='lat' dir='ltr'><strong>etnon</strong></span> <span class='ocrx_word' id='word_1_207' title='bbox 2399 1388 2623 1443; x_wconf 84' lang='lat' dir='ltr'><strong>alterius</strong></span> <span class='ocrx_word' id='word_1_208' title='bbox 2645 1388 2980 1459; x_wconf 86' lang='lat' dir='ltr'><strong>cuiuspiam?</strong></span> <span class='ocrx_word' id='word_1_209' title='bbox 3006 1389 3117 1444; x_wconf 89' lang='lat' dir='ltr'><strong>Hoc</strong></span> <span class='ocrx_word' id='word_1_210' title='bbox 3138 1391 3279 1445; x_wconf 88' lang='lat' dir='ltr'><strong>enim</strong></span> <span class='ocrx_word' id='word_1_211' title='bbox 3297 1401 3451 1459; x_wconf 85' lang='lat' dir='ltr'><strong>pacto</strong></span> <span class='ocrx_word' id='word_1_212' title='bbox 3468 1392 3632 1444; x_wconf 85' lang='lat' dir='ltr'><strong>etiam</strong></span> 
     </span>
    </p>
   </div>
   <div class='ocr_carea' id='block_1_27' title="bbox 2061 1479 3635 1549">
    <p class='ocr_par' dir='ltr' id='par_1_27' title="bbox 2061 1479 3635 1549">
     <span class='ocr_line' id='line_1_27' title="bbox 2061 1479 3635 1549; baseline 0.002 -16"><span class='ocrx_word' id='word_1_213' title='bbox 2061 1481 2112 1533; x_wconf 90' lang='lat' dir='ltr'><strong>in</strong></span> <span class='ocrx_word' id='word_1_214' title='bbox 2142 1493 2241 1534; x_wconf 81' lang='lat' dir='ltr'><strong>nos</strong></span> <span class='ocrx_word' id='word_1_215' title='bbox 2282 1480 2609 1534; x_wconf 85' lang='lat' dir='ltr'><strong>transmittet</strong></span> <span class='ocrx_word' id='word_1_216' title='bbox 2667 1479 2939 1534; x_wconf 82' lang='lat' dir='ltr'><strong>liliationis</strong></span> <span class='ocrx_word' id='word_1_217' title='bbox 2988 1482 3546 1549; x_wconf 76' lang='lat' dir='ltr'><strong>gratiam,genitique</strong></span> <span class='ocrx_word' id='word_1_218' title='bbox 3603 1496 3635 1536; x_wconf 87' lang='lat' dir='ltr'><strong>e</strong></span> 
     </span>
    </p>
   </div>
   <div class='ocr_carea' id='block_1_28' title="bbox 2061 1567 3633 1639">
    <p class='ocr_par' dir='ltr' id='par_1_28' title="bbox 2061 1567 3633 1639">
     <span class='ocr_line' id='line_1_28' title="bbox 2061 1567 3633 1639; baseline 0.001 -17"><span class='ocrx_word' id='word_1_219' title='bbox 2061 1567 2265 1637; x_wconf 81' lang='lat' dir='ltr'><strong>Spiritu</strong></span> <span class='ocrx_word' id='word_1_220' title='bbox 2295 1568 2499 1624; x_wconf 86' lang='lat' dir='ltr'><strong>erimus</strong></span> <span class='ocrx_word' id='word_1_221' title='bbox 2544 1568 2709 1623; x_wconf 87' lang='lat' dir='ltr'><strong>etiam</strong></span> <span class='ocrx_word' id='word_1_222' title='bbox 2746 1585 2867 1635; x_wconf 89' lang='lat' dir='ltr'><strong>nos,</strong></span> <span class='ocrx_word' id='word_1_223' title='bbox 2919 1580 3109 1639; x_wconf 88' lang='lat' dir='ltr'><strong>utpote</strong></span> <span class='ocrx_word' id='word_1_224' title='bbox 3168 1581 3362 1625; x_wconf 89' lang='lat' dir='ltr'><strong>natura</strong></span> <span class='ocrx_word' id='word_1_225' title='bbox 3395 1572 3633 1624; x_wconf 88' lang='lat' dir='ltr'><strong>humana</strong></span> 
     </span>
    </p>
   </div>
   <div class='ocr_carea' id='block_1_29' title="bbox 2059 1657 3638 1737">
    <p class='ocr_par' dir='ltr' id='par_1_29' title="bbox 2059 1657 3638 1737">
     <span class='ocr_line' id='line_1_29' title="bbox 2059 1657 3638 1737; baseline 0.001 -25"><span class='ocrx_word' id='word_1_226' title='bbox 2059 1661 2159 1713; x_wconf 89' lang='lat' dir='ltr'><strong>hoc</strong></span> <span class='ocrx_word' id='word_1_227' title='bbox 2176 1660 2230 1712; x_wconf 91' lang='lat' dir='ltr'><strong>in</strong></span> <span class='ocrx_word' id='word_1_228' title='bbox 2249 1659 2367 1728; x_wconf 85' lang='lat' dir='ltr'><strong>ipso</strong></span> <span class='ocrx_word' id='word_1_229' title='bbox 2387 1668 2443 1713; x_wconf 90' lang='lat' dir='ltr'><strong>et</strong></span> <span class='ocrx_word' id='word_1_230' title='bbox 2461 1657 2683 1729; x_wconf 88' lang='lat' dir='ltr'><strong>quidem</strong></span> <span class='ocrx_word' id='word_1_231' title='bbox 2720 1660 2896 1728; x_wconf 87' lang='lat' dir='ltr'><strong>primo</strong></span> <span class='ocrx_word' id='word_1_232' title='bbox 2922 1670 3238 1715; x_wconf 86' lang='lat' dir='ltr'><strong>consecuta.</strong></span> <span class='ocrx_word' id='word_1_233' title='bbox 3262 1661 3340 1714; x_wconf 82' lang='lat' dir='ltr'><strong>Ac</strong></span> <span class='ocrx_word' id='word_1_234' title='bbox 3361 1662 3491 1715; x_wconf 90' lang='lat' dir='ltr'><strong>mihi</strong></span> <span class='ocrx_word' id='word_1_235' title='bbox 3522 1660 3638 1737; x_wconf 37' lang='lat' dir='ltr'><strong>quis</strong></span> 
     </span>
    </p>
   </div>
   <div class='ocr_carea' id='block_1_30' title="bbox 371 1741 1948 1827">
    <p class='ocr_par' dir='ltr' id='par_1_30' title="bbox 371 1747 1944 1827">
     <span class='ocr_line' id='line_1_30' title="bbox 371 1747 1944 1827; baseline 0.009 -28"><span class='ocrx_word' id='word_1_236' title='bbox 371 1747 619 1812; x_wconf 78' lang='grc' dir='ltr'><strong>Παῦλος·</strong></span> <span class='ocrx_word' id='word_1_237' title='bbox 653 1768 673 1801; x_wconf 79' lang='grc' dir='ltr'><strong>ε</strong></span> <span class='ocrx_word' id='word_1_238' title='bbox 710 1750 924 1823; x_wconf 81' lang='grc' dir='ltr'>’Ὥσπερ</span> <span class='ocrx_word' id='word_1_239' title='bbox 962 1755 1071 1825; x_wconf 85' lang='grc' dir='ltr'>γὰρ</span> <span class='ocrx_word' id='word_1_240' title='bbox 1106 1754 1450 1825; x_wconf 81' lang='grc' dir='ltr'>ὲφορέσαμεν</span> <span class='ocrx_word' id='word_1_241' title='bbox 1484 1755 1581 1827; x_wconf 85' lang='grc' dir='ltr'>τὴν</span> <span class='ocrx_word' id='word_1_242' title='bbox 1625 1758 1811 1812; x_wconf 82' lang='grc' dir='ltr'>είκόνα</span> <span class='ocrx_word' id='word_1_243' title='bbox 1851 1759 1944 1813; x_wconf 89' lang='grc' dir='ltr'><strong>τοῦ</strong></span> 
     </span>
    </p>
   </div>
   <div class='ocr_carea' id='block_1_31' title="bbox 2052 1741 3631 1827">
    <p class='ocr_par' dir='ltr' id='par_1_31' title="bbox 2052 1749 3631 1820">
     <span class='ocr_line' id='line_1_31' title="bbox 2052 1749 3631 1820; baseline 0.001 -16"><span class='ocrx_word' id='word_1_244' title='bbox 2052 1749 2171 1804; x_wconf 81' lang='lat' dir='ltr'><strong>dem</strong></span> <span class='ocrx_word' id='word_1_245' title='bbox 2232 1750 2448 1805; x_wconf 83' lang='lat' dir='ltr'><strong>videtur</strong></span> <span class='ocrx_word' id='word_1_246' title='bbox 2492 1750 2657 1804; x_wconf 82' lang='lat' dir='ltr'><strong>etiam</strong></span> <span class='ocrx_word' id='word_1_247' title='bbox 2699 1751 2915 1805; x_wconf 86' lang='lat' dir='ltr'><strong>divinus</strong></span> <span class='ocrx_word' id='word_1_248' title='bbox 2981 1751 3203 1815; x_wconf 82' lang='lat' dir='ltr'><strong>Paulus,</strong></span> <span class='ocrx_word' id='word_1_249' title='bbox 3263 1751 3631 1820; x_wconf 84' lang='lat' dir='ltr'><strong>hujuscemodi</strong></span> 
     </span>
    </p>
   </div>
   <div class='ocr_carea' id='block_1_32' title="bbox 369 1840 1941 1921">
    <p class='ocr_par' dir='ltr' id='par_1_32' title="bbox 369 1840 1941 1921">
     <span class='ocr_line' id='line_1_32' title="bbox 369 1840 1941 1921; baseline 0.007 -28"><span class='ocrx_word' id='word_1_250' title='bbox 369 1840 580 1910; x_wconf 84' lang='grc' dir='ltr'>χοῖκοῦ,</span> <span class='ocrx_word' id='word_1_251' title='bbox 615 1842 919 1914; x_wconf 83' lang='grc' dir='ltr'>φορέσομεν</span> <span class='ocrx_word' id='word_1_252' title='bbox 953 1845 1046 1900; x_wconf 74' lang='grc' dir='ltr'>καὶ</span> <span class='ocrx_word' id='word_1_253' title='bbox 1085 1845 1183 1914; x_wconf 70' lang='grc' dir='ltr'>τὴν</span> <span class='ocrx_word' id='word_1_254' title='bbox 1215 1846 1401 1902; x_wconf 81' lang='grc' dir='ltr'>είκόνα</span> <span class='ocrx_word' id='word_1_255' title='bbox 1432 1847 1524 1901; x_wconf 84' lang='grc' dir='ltr'><strong>τοῦ</strong></span> <span class='ocrx_word' id='word_1_256' title='bbox 1548 1849 1873 1921; x_wconf 74' lang='grc' dir='ltr'>ἐπουρανίου</span> <span class='ocrx_word' id='word_1_257' title='bbox 1894 1869 1941 1904; x_wconf 77' lang='grc' dir='ltr'>ο»</span> 
     </span>
    </p>
   </div>
   <div class='ocr_carea' id='block_1_33' title="bbox 369 1932 1948 2013">
    <p class='ocr_par' dir='ltr' id='par_1_33' title="bbox 369 1932 1948 2013">
     <span class='ocr_line' id='line_1_33' title="bbox 369 1932 1948 2013; baseline 0.007 -28"><span class='ocrx_word' id='word_1_258' title='bbox 369 1933 466 1986; x_wconf 76' lang='grc' dir='ltr'>καὶ</span> <span class='ocrx_word' id='word_1_259' title='bbox 491 1932 585 1986; x_wconf 86' lang='grc' dir='ltr'><strong>τὸν</strong></span> <span class='ocrx_word' id='word_1_260' title='bbox 633 1934 733 2004; x_wconf 87' lang='grc' dir='ltr'>μὲν</span> <span class='ocrx_word' id='word_1_261' title='bbox 782 1936 1001 2007; x_wconf 85' lang='grc' dir='ltr'>πρῶτον</span> <span class='ocrx_word' id='word_1_262' title='bbox 1032 1937 1320 2006; x_wconf 77' lang='grc' dir='ltr'>ἄνθρωπον</span> <span class='ocrx_word' id='word_1_263' title='bbox 1362 1940 1428 1992; x_wconf 72' lang='grc' dir='ltr'>ὲκ</span> <span class='ocrx_word' id='word_1_264' title='bbox 1462 1940 1567 2010; x_wconf 83' lang='grc' dir='ltr'><strong>γῆς</strong></span> <span class='ocrx_word' id='word_1_265' title='bbox 1607 1942 1709 2012; x_wconf 73' lang='grc' dir='ltr'>ἔφη</span> <span class='ocrx_word' id='word_1_266' title='bbox 1742 1943 1948 2013; x_wconf 85' lang='grc' dir='ltr'>χοῖκὸν,</span> 
     </span>
    </p>
   </div>
   <div class='ocr_carea' id='block_1_34' title="bbox 365 2022 1947 2102">
    <p class='ocr_par' dir='ltr' id='par_1_34' title="bbox 365 2022 1947 2102">
     <span class='ocr_line' id='line_1_34' title="bbox 365 2022 1947 2102; baseline 0.007 -27"><span class='ocrx_word' id='word_1_267' title='bbox 365 2022 463 2076; x_wconf 86' lang='grc' dir='ltr'><strong>τὸν</strong></span> <span class='ocrx_word' id='word_1_268' title='bbox 508 2022 568 2076; x_wconf 81' lang='grc' dir='ltr'>δὲ</span> <span class='ocrx_word' id='word_1_269' title='bbox 601 2022 852 2096; x_wconf 85' lang='grc' dir='ltr'>δεύτερον</span> <span class='ocrx_word' id='word_1_270' title='bbox 890 2026 952 2093; x_wconf 72' lang='grc' dir='ltr'><strong>ἐξ</strong></span> <span class='ocrx_word' id='word_1_271' title='bbox 991 2025 1227 2097; x_wconf 85' lang='grc' dir='ltr'>οὐρανοῦ</span> <span class='ocrx_word' id='word_1_272' title='bbox 1249 2043 1264 2058; x_wconf 81' lang='grc'><em>’</em></span> <span class='ocrx_word' id='word_1_273' title='bbox 1306 2046 1325 2080; x_wconf 79' lang='lat' dir='ltr'><strong>t</strong></span> <span class='ocrx_word' id='word_1_274' title='bbox 1363 2028 1501 2081; x_wconf 81' lang='grc' dir='ltr'>Ἀλλ’</span> <span class='ocrx_word' id='word_1_275' title='bbox 1549 2025 1661 2094; x_wconf 74' lang='grc' dir='ltr'>οἷος</span> <span class='ocrx_word' id='word_1_276' title='bbox 1690 2031 1718 2082; x_wconf 89' lang='lat'><strong>6</strong></span> <span class='ocrx_word' id='word_1_277' title='bbox 1745 2032 1947 2102; x_wconf 84' lang='grc' dir='ltr'>χοῖκὸς,</span> 
     </span>
    </p>
   </div>
   <div class='ocr_carea' id='block_1_35' title="bbox 366 2113 1947 2194">
    <p class='ocr_par' dir='ltr' id='par_1_35' title="bbox 366 2113 1947 2194">
     <span class='ocr_line' id='line_1_35' title="bbox 366 2113 1947 2194; baseline 0.007 -27"><span class='ocrx_word' id='word_1_278' title='bbox 366 2113 597 2169; x_wconf 84' lang='grc' dir='ltr'>τοιοῦτοι</span> <span class='ocrx_word' id='word_1_279' title='bbox 642 2116 740 2169; x_wconf 77' lang='grc' dir='ltr'><strong>καὶ</strong></span> <span class='ocrx_word' id='word_1_280' title='bbox 762 2118 810 2170; x_wconf 88' lang='grc' dir='ltr'><strong>οί</strong></span> <span class='ocrx_word' id='word_1_281' title='bbox 843 2118 1039 2188; x_wconf 65' lang='grc' dir='ltr'>χοϊκοί,</span> <span class='ocrx_word' id='word_1_282' title='bbox 1084 2119 1240 2190; x_wconf 79' lang='grc' dir='ltr'>φησὶ,</span> <span class='ocrx_word' id='word_1_283' title='bbox 1272 2119 1368 2173; x_wconf 74' lang='grc' dir='ltr'>καὶ</span> <span class='ocrx_word' id='word_1_284' title='bbox 1399 2116 1511 2186; x_wconf 79' lang='grc' dir='ltr'>οἷος</span> <span class='ocrx_word' id='word_1_285' title='bbox 1541 2122 1571 2175; x_wconf 90' lang='grc' dir='ltr'><strong>ό</strong></span> <span class='ocrx_word' id='word_1_286' title='bbox 1604 2123 1947 2194; x_wconf 69' lang='grc' dir='ltr'>ἐπουράνιος,</span> 
     </span>
    </p>
   </div>
   <div class='ocr_carea' id='block_1_36' title="bbox 365 2205 1951 2286">
    <p class='ocr_par' dir='ltr' id='par_1_36' title="bbox 365 2205 1951 2286">
     <span class='ocr_line' id='line_1_36' title="bbox 365 2205 1951 2286; baseline 0.007 -28"><span class='ocrx_word' id='word_1_287' title='bbox 365 2205 603 2259; x_wconf 84' lang='grc' dir='ltr'>τοιοῦτοι</span> <span class='ocrx_word' id='word_1_288' title='bbox 634 2208 727 2261; x_wconf 78' lang='grc' dir='ltr'><strong>καὶ</strong></span> <span class='ocrx_word' id='word_1_289' title='bbox 757 2209 807 2261; x_wconf 86' lang='lat' dir='ltr'><strong>0i</strong></span> <span class='ocrx_word' id='word_1_290' title='bbox 857 2210 1196 2279; x_wconf 72' lang='grc' dir='ltr'>έπουράνιοι.</span> <span class='ocrx_word' id='word_1_291' title='bbox 1224 2228 1247 2262; x_wconf 51' lang='grc' dir='ltr'><strong>ιν</strong></span> <span class='ocrx_word' id='word_1_292' title='bbox 1282 2212 1473 2266; x_wconf 67' lang='grc' dir='ltr'>Χοῖκοὶ</span> <span class='ocrx_word' id='word_1_293' title='bbox 1511 2214 1620 2286; x_wconf 79' lang='grc' dir='ltr'><strong>γάρ</strong></span> <span class='ocrx_word' id='word_1_294' title='bbox 1655 2216 1843 2285; x_wconf 73' lang='grc' dir='ltr'>ἐσμεν,</span> <span class='ocrx_word' id='word_1_295' title='bbox 1873 2216 1951 2280; x_wconf 81' lang='grc' dir='ltr'>ὡς</span> 
     </span>
    </p>
   </div>
   <div class='ocr_carea' id='block_1_37' title="bbox 367 2298 1950 2377">
    <p class='ocr_par' dir='ltr' id='par_1_37' title="bbox 367 2298 1950 2377">
     <span class='ocr_line' id='line_1_37' title="bbox 367 2298 1950 2377; baseline 0.007 -27"><span class='ocrx_word' id='word_1_296' title='bbox 367 2299 433 2351; x_wconf 79' lang='grc' dir='ltr'>ἑκ</span> <span class='ocrx_word' id='word_1_297' title='bbox 473 2298 661 2368; x_wconf 79' lang='grc' dir='ltr'>χοϊκοῦ</span> <span class='ocrx_word' id='word_1_298' title='bbox 694 2299 790 2353; x_wconf 88' lang='grc' dir='ltr'><strong>τοῦ</strong></span> <span class='ocrx_word' id='word_1_299' title='bbox 826 2299 998 2371; x_wconf 83' lang='grc' dir='ltr'>Ἀδὰμ</span> <span class='ocrx_word' id='word_1_300' title='bbox 1032 2303 1500 2375; x_wconf 80' lang='grc' dir='ltr'><strong>παρεμπεσούσης</strong></span> <span class='ocrx_word' id='word_1_301' title='bbox 1533 2307 1615 2368; x_wconf 87' lang='grc' dir='ltr'><strong>είς</strong></span> <span class='ocrx_word' id='word_1_302' title='bbox 1650 2306 1797 2376; x_wconf 75' lang='grc' dir='ltr'><strong>ἡμᾶς</strong></span> <span class='ocrx_word' id='word_1_303' title='bbox 1848 2307 1950 2377; x_wconf 82' lang='grc' dir='ltr'>τῆς</span> 
     </span>
    </p>
   </div>
   <div class='ocr_carea' id='block_1_38' title="bbox 366 2389 1949 2469">
    <p class='ocr_par' dir='ltr' id='par_1_38' title="bbox 366 2389 1949 2469">
     <span class='ocr_line' id='line_1_38' title="bbox 366 2389 1949 2469; baseline 0.007 -28"><span class='ocrx_word' id='word_1_304' title='bbox 366 2390 509 2461; x_wconf 76' lang='grc' dir='ltr'>ἀρᾶς</span> <span class='ocrx_word' id='word_1_305' title='bbox 546 2389 649 2460; x_wconf 84' lang='grc' dir='ltr'>τῆς</span> <span class='ocrx_word' id='word_1_306' title='bbox 686 2391 918 2463; x_wconf 73' lang='grc' dir='ltr'>φθορᾶς,</span> <span class='ocrx_word' id='word_1_307' title='bbox 946 2393 1013 2446; x_wconf 82' lang='grc' dir='ltr'><strong>δι’</strong></span> <span class='ocrx_word' id='word_1_308' title='bbox 1046 2390 1116 2467; x_wconf 80' lang='grc' dir='ltr'>ἦς</span> <span class='ocrx_word' id='word_1_309' title='bbox 1140 2397 1234 2449; x_wconf 78' lang='grc' dir='ltr'>καὶ</span> <span class='ocrx_word' id='word_1_310' title='bbox 1264 2397 1294 2450; x_wconf 87' lang='lat'><strong>6</strong></span> <span class='ocrx_word' id='word_1_311' title='bbox 1334 2397 1434 2467; x_wconf 83' lang='grc' dir='ltr'>τῆς</span> <span class='ocrx_word' id='word_1_312' title='bbox 1466 2397 1741 2469; x_wconf 78' lang='grc' dir='ltr'>ἁμαρτίας</span> <span class='ocrx_word' id='word_1_313' title='bbox 1771 2399 1949 2452; x_wconf 82' lang='grc' dir='ltr'>είσέδυ</span> 
     </span>
    </p>
   </div>
   <div class='ocr_carea' id='block_1_39' title="bbox 364 2480 1948 2560">
    <p class='ocr_par' dir='ltr' id='par_1_39' title="bbox 364 2480 1948 2560">
     <span class='ocr_line' id='line_1_39' title="bbox 364 2480 1948 2560; baseline 0.007 -27"><span class='ocrx_word' id='word_1_314' title='bbox 364 2480 551 2551; x_wconf 78' lang='grc' dir='ltr'>νόμος,</span> <span class='ocrx_word' id='word_1_315' title='bbox 582 2484 610 2536; x_wconf 85' lang='grc' dir='ltr'><strong>ό</strong></span> <span class='ocrx_word' id='word_1_316' title='bbox 632 2484 820 2547; x_wconf 78' lang='grc' dir='ltr'>ἐντοῖς</span> <span class='ocrx_word' id='word_1_317' title='bbox 854 2484 1041 2555; x_wconf 78' lang='grc' dir='ltr'>μέλεσι</span> <span class='ocrx_word' id='word_1_318' title='bbox 1070 2489 1184 2550; x_wconf 85' lang='grc' dir='ltr'>τοῖς</span> <span class='ocrx_word' id='word_1_319' title='bbox 1210 2488 1311 2557; x_wconf 84' lang='grc' dir='ltr'><strong>τῆς</strong></span> <span class='ocrx_word' id='word_1_320' title='bbox 1346 2488 1569 2559; x_wconf 81' lang='grc' dir='ltr'>σαρκός.</span> <span class='ocrx_word' id='word_1_321' title='bbox 1604 2490 1948 2560; x_wconf 78' lang='grc' dir='ltr'>Ἑπουράνιοι</span> 
     </span>
    </p>
   </div>
   <div class='ocr_carea' id='block_1_40' title="bbox 364 2571 1947 2653">
    <p class='ocr_par' dir='ltr' id='par_1_40' title="bbox 364 2571 1947 2653">
     <span class='ocr_line' id='line_1_40' title="bbox 364 2571 1947 2653; baseline 0.009 -29"><span class='ocrx_word' id='word_1_322' title='bbox 364 2571 424 2624; x_wconf 74' lang='grc' dir='ltr'>δὲ</span> <span class='ocrx_word' id='word_1_323' title='bbox 454 2572 782 2644; x_wconf 80' lang='grc' dir='ltr'><strong>γεγόναμεν,</strong></span> <span class='ocrx_word' id='word_1_324' title='bbox 831 2576 908 2640; x_wconf 85' lang='grc' dir='ltr'><strong>ὡς</strong></span> <span class='ocrx_word' id='word_1_325' title='bbox 958 2578 1019 2631; x_wconf 76' lang='grc' dir='ltr'><strong>έν</strong></span> <span class='ocrx_word' id='word_1_326' title='bbox 1070 2577 1293 2649; x_wconf 83' lang='grc' dir='ltr'>Χριστῷ</span> <span class='ocrx_word' id='word_1_327' title='bbox 1338 2578 1596 2644; x_wconf 72' lang='grc' dir='ltr'>λαϐόντες</span> <span class='ocrx_word' id='word_1_328' title='bbox 1640 2580 1701 2635; x_wconf 91' lang='grc' dir='ltr'><strong>τὸ</strong></span> <span class='ocrx_word' id='word_1_329' title='bbox 1735 2583 1947 2653; x_wconf 81' lang='grc' dir='ltr'>χρῆμα.</span> 
     </span>
    </p>
   </div>
   <div class='ocr_carea' id='block_1_41' title="bbox 365 2661 1951 2738">
    <p class='ocr_par' dir='ltr' id='par_1_41' title="bbox 365 2661 1951 2738">
     <span class='ocr_line' id='line_1_41' title="bbox 365 2661 1951 2738; baseline 0.009 -24"><span class='ocrx_word' id='word_1_330' title='bbox 365 2661 499 2726; x_wconf 89' lang='grc' dir='ltr'>Θεὸς</span> <span class='ocrx_word' id='word_1_331' title='bbox 524 2662 635 2735; x_wconf 83' lang='grc' dir='ltr'>γὰρ</span> <span class='ocrx_word' id='word_1_332' title='bbox 675 2663 751 2717; x_wconf 80' lang='grc' dir='ltr'>ὢν</span> <span class='ocrx_word' id='word_1_333' title='bbox 792 2665 953 2734; x_wconf 84' lang='grc' dir='ltr'>φύσει</span> <span class='ocrx_word' id='word_1_334' title='bbox 977 2666 1074 2721; x_wconf 82' lang='grc' dir='ltr'>καὶ</span> <span class='ocrx_word' id='word_1_335' title='bbox 1121 2669 1185 2721; x_wconf 80' lang='grc' dir='ltr'>ὲκ</span> <span class='ocrx_word' id='word_1_336' title='bbox 1220 2667 1357 2723; x_wconf 82' lang='grc' dir='ltr'>Θεοῦ</span> <span class='ocrx_word' id='word_1_337' title='bbox 1378 2670 1473 2723; x_wconf 78' lang='grc' dir='ltr'>καὶ</span> <span class='ocrx_word' id='word_1_338' title='bbox 1515 2670 1743 2738; x_wconf 78' lang='grc' dir='ltr'>ἄνωθεν,</span> <span class='ocrx_word' id='word_1_339' title='bbox 1780 2690 1951 2728; x_wconf 77' lang='grc' dir='ltr'>καταο</span> 
     </span>
    </p>
   </div>
   <div class='ocr_carea' id='block_1_42' title="bbox 370 2755 1950 2834">
    <p class='ocr_par' dir='ltr' id='par_1_42' title="bbox 370 2755 1950 2834">
     <span class='ocr_line' id='line_1_42' title="bbox 370 2755 1950 2834; baseline 0.009 -28"><span class='ocrx_word' id='word_1_340' title='bbox 370 2755 708 2826; x_wconf 78' lang='grc' dir='ltr'>πεφοίτηκεν</span> <span class='ocrx_word' id='word_1_341' title='bbox 757 2758 817 2809; x_wconf 81' lang='grc' dir='ltr'>ὲν</span> <span class='ocrx_word' id='word_1_342' title='bbox 862 2760 979 2822; x_wconf 83' lang='grc' dir='ltr'>τοῖς</span> <span class='ocrx_word' id='word_1_343' title='bbox 1025 2759 1150 2813; x_wconf 82' lang='grc' dir='ltr'>καθ’</span> <span class='ocrx_word' id='word_1_344' title='bbox 1196 2761 1347 2830; x_wconf 76' lang='grc' dir='ltr'><strong>ἡμᾶς</strong></span> <span class='ocrx_word' id='word_1_345' title='bbox 1404 2763 1691 2834; x_wconf 80' lang='grc' dir='ltr'>ἀσυνήθως</span> <span class='ocrx_word' id='word_1_346' title='bbox 1745 2780 1805 2818; x_wconf 83' lang='grc' dir='ltr'><strong>τε</strong></span> <span class='ocrx_word' id='word_1_347' title='bbox 1855 2766 1950 2821; x_wconf 77' lang='grc' dir='ltr'>καὶ</span> 
     </span>
    </p>
   </div>
   <div class='ocr_carea' id='block_1_43' title="bbox 366 2844 1945 2928">
    <p class='ocr_par' dir='ltr' id='par_1_43' title="bbox 366 2844 1945 2928">
     <span class='ocr_line' id='line_1_43' title="bbox 366 2844 1945 2928; baseline 0.009 -30"><span class='ocrx_word' id='word_1_348' title='bbox 366 2844 555 2910; x_wconf 81' lang='grc' dir='ltr'>ξένως,</span> <span class='ocrx_word' id='word_1_349' title='bbox 576 2849 834 2918; x_wconf 80' lang='grc' dir='ltr'>γεννητὸς</span> <span class='ocrx_word' id='word_1_350' title='bbox 856 2850 999 2903; x_wconf 81' lang='grc' dir='ltr'>κατὰ</span> <span class='ocrx_word' id='word_1_351' title='bbox 1022 2851 1203 2925; x_wconf 81' lang='grc' dir='ltr'>σάρκα</span> <span class='ocrx_word' id='word_1_352' title='bbox 1227 2852 1468 2921; x_wconf 85' lang='grc' dir='ltr'>γεγονὼς</span> <span class='ocrx_word' id='word_1_353' title='bbox 1494 2853 1591 2907; x_wconf 87' lang='grc' dir='ltr'><strong>τοῦ</strong></span> <span class='ocrx_word' id='word_1_354' title='bbox 1614 2856 1945 2928; x_wconf 78' lang='grc' dir='ltr'>πνεύματος,</span> 
     </span>
    </p>
   </div>
   <div class='ocr_carea' id='block_1_44' title="bbox 367 2936 1949 3018">
    <p class='ocr_par' dir='ltr' id='par_1_44' title="bbox 367 2936 1949 3018">
     <span class='ocr_line' id='line_1_44' title="bbox 367 2936 1949 3018; baseline 0.009 -29"><span class='ocrx_word' id='word_1_355' title='bbox 367 2936 455 2989; x_wconf 84' lang='grc' dir='ltr'><strong>ῖνα</strong></span> <span class='ocrx_word' id='word_1_356' title='bbox 510 2937 657 3007; x_wconf 80' lang='grc' dir='ltr'>ᾰγιοί</span> <span class='ocrx_word' id='word_1_357' title='bbox 709 2956 771 2993; x_wconf 87' lang='grc' dir='ltr'><strong>τε</strong></span> <span class='ocrx_word' id='word_1_358' title='bbox 819 2941 914 2995; x_wconf 77' lang='grc' dir='ltr'>καὶ</span> <span class='ocrx_word' id='word_1_359' title='bbox 970 2942 1240 3017; x_wconf 78' lang='grc' dir='ltr'>ἄφθαρτοι</span> <span class='ocrx_word' id='word_1_360' title='bbox 1277 2946 1373 3000; x_wconf 70' lang='grc' dir='ltr'><strong>καὶ</strong></span> <span class='ocrx_word' id='word_1_361' title='bbox 1417 2948 1583 3018; x_wconf 80' lang='grc' dir='ltr'>ἡμεῖς</span> <span class='ocrx_word' id='word_1_362' title='bbox 1614 2948 1737 3003; x_wconf 70' lang='grc' dir='ltr'>κατ’</span> <span class='ocrx_word' id='word_1_363' title='bbox 1786 2948 1949 3004; x_wconf 82' lang='grc' dir='ltr'>αὐτὸν</span> 
     </span>
    </p>
   </div>
   <div class='ocr_carea' id='block_1_45' title="bbox 363 3026 1945 3110">
    <p class='ocr_par' dir='ltr' id='par_1_45' title="bbox 363 3026 1945 3110">
     <span class='ocr_line' id='line_1_45' title="bbox 363 3026 1945 3110; baseline 0.009 -30"><span class='ocrx_word' id='word_1_364' title='bbox 363 3026 733 3101; x_wconf 84' lang='grc' dir='ltr'>διαμείνωμεν</span> <span class='ocrx_word' id='word_1_365' title='bbox 755 3029 832 3095; x_wconf 80' lang='grc' dir='ltr'><strong>ὡς</strong></span> <span class='ocrx_word' id='word_1_366' title='bbox 869 3030 931 3098; x_wconf 77' lang='grc' dir='ltr'><strong>ἐξ</strong></span> <span class='ocrx_word' id='word_1_367' title='bbox 958 3033 1131 3106; x_wconf 74' lang='grc' dir='ltr'>ἀρχῆς</span> <span class='ocrx_word' id='word_1_368' title='bbox 1157 3036 1254 3089; x_wconf 73' lang='grc' dir='ltr'>καὶ</span> <span class='ocrx_word' id='word_1_369' title='bbox 1290 3036 1448 3109; x_wconf 72' lang='grc' dir='ltr'>ῥίζης</span> <span class='ocrx_word' id='word_1_370' title='bbox 1469 3038 1733 3110; x_wconf 78' lang='grc' dir='ltr'>δευτέρας</span> <span class='ocrx_word' id='word_1_371' title='bbox 1758 3039 1945 3105; x_wconf 77' lang='grc' dir='ltr'>αὑτοῦ,</span> 
     </span>
    </p>
   </div>
   <div class='ocr_carea' id='block_1_46' title="bbox 364 3116 1771 3202">
    <p class='ocr_par' dir='ltr' id='par_1_46' title="bbox 364 3116 1771 3202">
     <span class='ocr_line' id='line_1_46' title="bbox 364 3116 1771 3202; baseline 0.011 -32"><span class='ocrx_word' id='word_1_372' title='bbox 364 3116 609 3187; x_wconf 73' lang='grc' dir='ltr'>δηλονότι</span> <span class='ocrx_word' id='word_1_373' title='bbox 636 3121 1072 3197; x_wconf 74' lang='grc' dir='ltr'>καταδαινούσης</span> <span class='ocrx_word' id='word_1_374' title='bbox 1104 3126 1185 3190; x_wconf 80' lang='grc' dir='ltr'><strong>τίς</strong></span> <span class='ocrx_word' id='word_1_375' title='bbox 1211 3127 1361 3198; x_wconf 77' lang='grc' dir='ltr'><strong>ἡμᾶς</strong></span> <span class='ocrx_word' id='word_1_376' title='bbox 1399 3128 1498 3200; x_wconf 82' lang='grc' dir='ltr'>τῆς</span> <span class='ocrx_word' id='word_1_377' title='bbox 1524 3130 1771 3202; x_wconf 80' lang='grc' dir='ltr'>χάριτος.</span> 
     </span>
    </p>
   </div>
   <div class='ocr_carea' id='block_1_47' title="bbox 436 3397 970 3469">
    <p class='ocr_par' dir='ltr' id='par_1_47' title="bbox 436 3397 970 3469">
     <span class='ocr_line' id='line_1_47' title="bbox 436 3397 970 3469; baseline 0.002 -18"><span class='ocrx_word' id='word_1_378' title='bbox 436 3397 500 3452; x_wconf 82' lang='grc' dir='ltr'><strong>Β.</strong></span> <span class='ocrx_word' id='word_1_379' title='bbox 538 3398 773 3468; x_wconf 69' lang='lat' dir='ltr'><strong>&quot;Aptata</strong></span> <span class='ocrx_word' id='word_1_380' title='bbox 814 3400 970 3469; x_wconf 79' lang='grc' dir='ltr'>εφης.</span> 
     </span>
    </p>
   </div>
   <div class='ocr_carea' id='block_1_48' title="bbox 434 3478 1989 3562">
    <p class='ocr_par' dir='ltr' id='par_1_48' title="bbox 434 3478 1989 3562">
     <span class='ocr_line' id='line_1_48' title="bbox 434 3478 1989 3562; baseline 0.001 -19"><span class='ocrx_word' id='word_1_381' title='bbox 434 3489 502 3545; x_wconf 77' lang='grc' dir='ltr'><strong>Α.</strong></span> <span class='ocrx_word' id='word_1_382' title='bbox 540 3489 677 3543; x_wconf 88' lang='grc' dir='ltr'>Τίνα</span> <span class='ocrx_word' id='word_1_383' title='bbox 726 3488 789 3542; x_wconf 73' lang='grc' dir='ltr'>δὲ</span> <span class='ocrx_word' id='word_1_384' title='bbox 832 3491 1035 3560; x_wconf 84' lang='grc' dir='ltr'>τρόπον</span> <span class='ocrx_word' id='word_1_385' title='bbox 1083 3490 1179 3546; x_wconf 73' lang='grc' dir='ltr'><strong>καὶ</strong></span> <span class='ocrx_word' id='word_1_386' title='bbox 1205 3490 1525 3562; x_wconf 80' lang='grc' dir='ltr'>ὡμοιῶσθαί</span> <span class='ocrx_word' id='word_1_387' title='bbox 1566 3507 1733 3561; x_wconf 87' lang='grc' dir='ltr'>φασιν</span> <span class='ocrx_word' id='word_1_388' title='bbox 1785 3490 1949 3545; x_wconf 81' lang='grc' dir='ltr'>αὐτὸν</span> <span class='ocrx_word' id='word_1_389' title='bbox 1985 3478 1989 3481; x_wconf 49' lang='grc'><em>’</em></span> 
     </span>
    </p>
   </div>
   <div class='ocr_carea' id='block_1_49' title="bbox 364 3576 1948 3651">
    <p class='ocr_par' dir='ltr' id='par_1_49' title="bbox 364 3576 1948 3651">
     <span class='ocr_line' id='line_1_49' title="bbox 364 3576 1948 3651; baseline 0 -21"><span class='ocrx_word' id='word_1_390' title='bbox 364 3576 513 3630; x_wconf 81' lang='grc' dir='ltr'>κατὰ</span> <span class='ocrx_word' id='word_1_391' title='bbox 553 3578 734 3632; x_wconf 84' lang='grc' dir='ltr'>πάντα</span> <span class='ocrx_word' id='word_1_392' title='bbox 774 3578 890 3641; x_wconf 78' lang='grc' dir='ltr'>τοῖς</span> <span class='ocrx_word' id='word_1_393' title='bbox 937 3578 1207 3647; x_wconf 74' lang='grc' dir='ltr'>ἀδελφοῖς,</span> <span class='ocrx_word' id='word_1_394' title='bbox 1250 3580 1531 3633; x_wconf 86' lang='grc' dir='ltr'>τουτέστιν</span> <span class='ocrx_word' id='word_1_395' title='bbox 1567 3582 1735 3650; x_wconf 74' lang='grc' dir='ltr'>ὴμῖνς</span> <span class='ocrx_word' id='word_1_396' title='bbox 1785 3580 1818 3651; x_wconf 81' lang='grc' dir='ltr'>ἢ</span> <span class='ocrx_word' id='word_1_397' title='bbox 1854 3579 1948 3633; x_wconf 77' lang='grc' dir='ltr'><strong>καὶ</strong></span> 
     </span>
    </p>
   </div>
   <div class='ocr_carea' id='block_1_50' title="bbox 365 3669 1947 3743">
    <p class='ocr_par' dir='ltr' id='par_1_50' title="bbox 365 3669 1947 3743">
     <span class='ocr_line' id='line_1_50' title="bbox 365 3669 1947 3743; baseline 0.001 -21"><span class='ocrx_word' id='word_1_398' title='bbox 365 3669 453 3733; x_wconf 91' lang='grc' dir='ltr'><strong>τίς</strong></span> <span class='ocrx_word' id='word_1_399' title='bbox 489 3669 627 3733; x_wconf 81' lang='grc' dir='ltr'>ὅλως</span> <span class='ocrx_word' id='word_1_400' title='bbox 664 3670 824 3724; x_wconf 85' lang='grc' dir='ltr'>νοοῖτ⁹</span> <span class='ocrx_word' id='word_1_401' title='bbox 862 3669 930 3725; x_wconf 78' lang='grc' dir='ltr'>ἂν</span> <span class='ocrx_word' id='word_1_402' title='bbox 970 3672 1000 3725; x_wconf 92' lang='grc' dir='ltr'><strong>ό</strong></span> <span class='ocrx_word' id='word_1_403' title='bbox 1031 3670 1134 3743; x_wconf 79' lang='grc' dir='ltr'><strong>τὴν</strong></span> <span class='ocrx_word' id='word_1_404' title='bbox 1175 3672 1438 3741; x_wconf 83' lang='grc' dir='ltr'>ὁμοίωσιν</span> <span class='ocrx_word' id='word_1_405' title='bbox 1479 3670 1764 3736; x_wconf 82' lang='grc' dir='ltr'>ὑπελθὼν,</span> <span class='ocrx_word' id='word_1_406' title='bbox 1792 3672 1842 3723; x_wconf 86' lang='grc' dir='ltr'><strong>εί</strong></span> <span class='ocrx_word' id='word_1_407' title='bbox 1873 3669 1947 3741; x_wconf 79' lang='grc' dir='ltr'>μὴ</span> 
     </span>
    </p>
   </div>
   <div class='ocr_carea' id='block_1_51' title="bbox 362 3756 1942 3832">
    <p class='ocr_par' dir='ltr' id='par_1_51' title="bbox 362 3756 1942 3832">
     <span class='ocr_line' id='line_1_51' title="bbox 362 3756 1942 3832; baseline 0.001 -20"><span class='ocrx_word' id='word_1_408' title='bbox 362 3760 510 3813; x_wconf 78' lang='grc' dir='ltr'>κατὰ</span> <span class='ocrx_word' id='word_1_409' title='bbox 536 3760 698 3829; x_wconf 83' lang='grc' dir='ltr'>φύσιν</span> <span class='ocrx_word' id='word_1_410' title='bbox 715 3761 900 3830; x_wconf 72' lang='grc' dir='ltr'>ἔτερος</span> <span class='ocrx_word' id='word_1_411' title='bbox 920 3756 1010 3832; x_wconf 81' lang='grc' dir='ltr'>ἦν,</span> <span class='ocrx_word' id='word_1_412' title='bbox 1040 3762 1135 3815; x_wconf 81' lang='grc' dir='ltr'>καὶ</span> <span class='ocrx_word' id='word_1_413' title='bbox 1165 3761 1266 3815; x_wconf 83' lang='grc' dir='ltr'>οὐκ</span> <span class='ocrx_word' id='word_1_414' title='bbox 1302 3760 1361 3813; x_wconf 74' lang='grc' dir='ltr'><strong>έν</strong></span> <span class='ocrx_word' id='word_1_415' title='bbox 1381 3777 1445 3829; x_wconf 83' lang='grc' dir='ltr'><strong>γε</strong></span> <span class='ocrx_word' id='word_1_416' title='bbox 1470 3761 1585 3823; x_wconf 85' lang='grc' dir='ltr'>τοῖς</span> <span class='ocrx_word' id='word_1_417' title='bbox 1616 3759 1738 3814; x_wconf 85' lang='grc' dir='ltr'>καθ’</span> <span class='ocrx_word' id='word_1_418' title='bbox 1762 3760 1942 3829; x_wconf 55' lang='lat' dir='ltr'><strong>huic;</strong></span> 
     </span>
    </p>
   </div>
   <div class='ocr_carea' id='block_1_52' title="bbox 364 3847 1947 3925">
    <p class='ocr_par' dir='ltr' id='par_1_52' title="bbox 364 3847 1947 3925">
     <span class='ocr_line' id='line_1_52' title="bbox 364 3847 1947 3925; baseline -0.002 -19"><span class='ocrx_word' id='word_1_419' title='bbox 364 3852 441 3906; x_wconf 88' lang='grc' dir='ltr'>Τὸ</span> <span class='ocrx_word' id='word_1_420' title='bbox 495 3852 604 3924; x_wconf 86' lang='grc' dir='ltr'><strong>γάρ</strong></span> <span class='ocrx_word' id='word_1_421' title='bbox 646 3852 711 3923; x_wconf 83' lang='grc' dir='ltr'><strong>γέ</strong></span> <span class='ocrx_word' id='word_1_422' title='bbox 754 3869 903 3907; x_wconf 87' lang='grc' dir='ltr'>τισιν</span> <span class='ocrx_word' id='word_1_423' title='bbox 952 3852 1331 3925; x_wconf 80' lang='grc' dir='ltr'>ὁμοιούμενον,</span> <span class='ocrx_word' id='word_1_424' title='bbox 1369 3847 1510 3906; x_wconf 72' lang='grc' dir='ltr'>εἷναί</span> <span class='ocrx_word' id='word_1_425' title='bbox 1558 3868 1662 3905; x_wconf 86' lang='grc' dir='ltr'><strong>που</strong></span> <span class='ocrx_word' id='word_1_426' title='bbox 1726 3850 1947 3914; x_wconf 83' lang='grc' dir='ltr'>πάντως</span> 
     </span>
    </p>
   </div>
   <div class='ocr_carea' id='block_1_53' title="bbox 363 3942 1943 4016">
    <p class='ocr_par' dir='ltr' id='par_1_53' title="bbox 363 3942 1943 4016">
     <span class='ocr_line' id='line_1_53' title="bbox 363 3942 1943 4016; baseline -0.001 -18"><span class='ocrx_word' id='word_1_427' title='bbox 363 3945 581 4014; x_wconf 81' lang='grc' dir='ltr'>ἀνάγκη</span> <span class='ocrx_word' id='word_1_428' title='bbox 611 3945 868 4016; x_wconf 83' lang='grc' dir='ltr'>διάφορον</span> <span class='ocrx_word' id='word_1_429' title='bbox 891 3947 1021 4015; x_wconf 86' lang='grc' dir='ltr'>παρ’</span> <span class='ocrx_word' id='word_1_430' title='bbox 1051 3944 1271 4009; x_wconf 76' lang='grc' dir='ltr'>αὐτοὺς,</span> <span class='ocrx_word' id='word_1_431' title='bbox 1297 3944 1393 3999; x_wconf 75' lang='grc' dir='ltr'>καὶ</span> <span class='ocrx_word' id='word_1_432' title='bbox 1417 3943 1517 3999; x_wconf 79' lang='grc' dir='ltr'>οὐκ</span> <span class='ocrx_word' id='word_1_433' title='bbox 1533 3942 1708 4008; x_wconf 70' lang='grc' dir='ltr'>έοικὸς</span> <span class='ocrx_word' id='word_1_434' title='bbox 1739 3944 1943 4009; x_wconf 81' lang='grc' dir='ltr'>αὐτοῖς,</span> 
     </span>
    </p>
   </div>
   <div class='ocr_carea' id='block_1_54' title="bbox 363 4036 1946 4109">
    <p class='ocr_par' dir='ltr' id='par_1_54' title="bbox 363 4036 1946 4109">
     <span class='ocr_line' id='line_1_54' title="bbox 363 4036 1946 4109; baseline 0 -20"><span class='ocrx_word' id='word_1_435' title='bbox 363 4037 663 4107; x_wconf 79' lang='grc' dir='ltr'>ἑτεροειδὲς</span> <span class='ocrx_word' id='word_1_436' title='bbox 709 4038 767 4091; x_wconf 81' lang='grc' dir='ltr'>δὲ</span> <span class='ocrx_word' id='word_1_437' title='bbox 815 4038 1038 4107; x_wconf 77' lang='grc' dir='ltr'>μᾶλλον,</span> <span class='ocrx_word' id='word_1_438' title='bbox 1078 4036 1256 4091; x_wconf 81' lang='grc' dir='ltr'>είτουν</span> <span class='ocrx_word' id='word_1_439' title='bbox 1308 4038 1621 4109; x_wconf 62' lang='grc' dir='ltr'><strong>ἑτεμφυές.</strong></span> <span class='ocrx_word' id='word_1_440' title='bbox 1670 4036 1946 4106; x_wconf 81' lang='grc' dir='ltr'>Ἀνόμοιος</span> 
     </span>
    </p>
   </div>
   <div class='ocr_carea' id='block_1_55' title="bbox 362 4129 1942 4201">
    <p class='ocr_par' dir='ltr' id='par_1_55' title="bbox 362 4129 1942 4201">
     <span class='ocr_line' id='line_1_55' title="bbox 362 4129 1942 4201; baseline 0.001 -20"><span class='ocrx_word' id='word_1_441' title='bbox 362 4130 546 4184; x_wconf 79' lang='grc' dir='ltr'>τοίνυν</span> <span class='ocrx_word' id='word_1_442' title='bbox 608 4130 872 4201; x_wconf 79' lang='grc' dir='ltr'>ὑπάρχων</span> <span class='ocrx_word' id='word_1_443' title='bbox 919 4132 1053 4201; x_wconf 79' lang='grc' dir='ltr'>ἡμῖν</span> <span class='ocrx_word' id='word_1_444' title='bbox 1113 4130 1258 4183; x_wconf 81' lang='grc' dir='ltr'>κατὰ</span> <span class='ocrx_word' id='word_1_445' title='bbox 1304 4130 1469 4200; x_wconf 85' lang='grc' dir='ltr'>φύσιν</span> <span class='ocrx_word' id='word_1_446' title='bbox 1510 4132 1540 4184; x_wconf 91' lang='lat'><strong>6</strong></span> <span class='ocrx_word' id='word_1_447' title='bbox 1593 4129 1904 4199; x_wconf 80' lang='grc' dir='ltr'>Μονογενὴς</span> <span class='ocrx_word' id='word_1_448' title='bbox 1927 4169 1942 4194; x_wconf 95' lang='grc'><strong>,</strong></span> 
     </span>
    </p>
   </div>
   <div class='ocr_carea' id='block_1_56' title="bbox 361 4220 1944 4294">
    <p class='ocr_par' dir='ltr' id='par_1_56' title="bbox 361 4220 1944 4294">
     <span class='ocr_line' id='line_1_56' title="bbox 361 4220 1944 4294; baseline -0.001 -21"><span class='ocrx_word' id='word_1_449' title='bbox 361 4220 683 4291; x_wconf 85' lang='grc' dir='ltr'>ὡμοιῶσθαι</span> <span class='ocrx_word' id='word_1_450' title='bbox 727 4222 946 4290; x_wconf 81' lang='grc' dir='ltr'>λέγεται</span> <span class='ocrx_word' id='word_1_451' title='bbox 988 4220 1229 4290; x_wconf 83' lang='grc' dir='ltr'>γεγονὼς</span> <span class='ocrx_word' id='word_1_452' title='bbox 1279 4222 1399 4276; x_wconf 75' lang='grc' dir='ltr'>καθ’</span> <span class='ocrx_word' id='word_1_453' title='bbox 1451 4222 1631 4294; x_wconf 78' lang='grc' dir='ltr'>ἡμᾶς,</span> <span class='ocrx_word' id='word_1_454' title='bbox 1667 4220 1944 4273; x_wconf 82' lang='grc' dir='ltr'>τουτέστιν</span> 
     </span>
    </p>
   </div>
   <div class='ocr_carea' id='block_1_57' title="bbox 362 4310 1945 4382">
    <p class='ocr_par' dir='ltr' id='par_1_57' title="bbox 362 4310 1945 4382">
     <span class='ocr_line' id='line_1_57' title="bbox 362 4310 1945 4382; baseline -0.001 -16"><span class='ocrx_word' id='word_1_455' title='bbox 362 4310 673 4380; x_wconf 80' lang='grc' dir='ltr'>ἄνθρωπος.</span> <span class='ocrx_word' id='word_1_456' title='bbox 710 4312 922 4366; x_wconf 82' lang='grc' dir='ltr'>Γένοιτο</span> <span class='ocrx_word' id='word_1_457' title='bbox 949 4313 994 4365; x_wconf 64' lang='grc' dir='ltr'>δ’</span> <span class='ocrx_word' id='word_1_458' title='bbox 1034 4312 1100 4366; x_wconf 81' lang='grc' dir='ltr'>ἂν</span> <span class='ocrx_word' id='word_1_459' title='bbox 1128 4311 1285 4366; x_wconf 85' lang='grc' dir='ltr'>τοῦτο</span> <span class='ocrx_word' id='word_1_460' title='bbox 1317 4314 1413 4367; x_wconf 75' lang='grc' dir='ltr'>καὶ</span> <span class='ocrx_word' id='word_1_461' title='bbox 1455 4312 1599 4381; x_wconf 82' lang='grc' dir='ltr'>μάλα</span> <span class='ocrx_word' id='word_1_462' title='bbox 1639 4311 1816 4382; x_wconf 79' lang='grc' dir='ltr'>ὀρθῶς</span> <span class='ocrx_word' id='word_1_463' title='bbox 1850 4312 1945 4365; x_wconf 79' lang='grc' dir='ltr'>καὶ</span> 
     </span>
    </p>
   </div>
   <div class='ocr_carea' id='block_1_58' title="bbox 2052 1840 3632 1911">
    <p class='ocr_par' dir='ltr' id='par_1_58' title="bbox 2052 1840 3632 1911">
     <span class='ocr_line' id='line_1_58' title="bbox 2052 1840 3632 1911; baseline 0.002 -19"><span class='ocrx_word' id='word_1_464' title='bbox 2052 1840 2331 1911; x_wconf 81' lang='lat' dir='ltr'><strong>quidpiam</strong></span> <span class='ocrx_word' id='word_1_465' title='bbox 2359 1841 2621 1909; x_wconf 80' lang='lat' dir='ltr'><strong>sentiens,</strong></span> <span class='ocrx_word' id='word_1_466' title='bbox 2653 1840 2780 1896; x_wconf 83' lang='lat' dir='ltr'><strong>alibi</strong></span> <span class='ocrx_word' id='word_1_467' title='bbox 2806 1842 2880 1897; x_wconf 89' lang='lat' dir='ltr'><strong>ita</strong></span> <span class='ocrx_word' id='word_1_468' title='bbox 2940 1850 3089 1897; x_wconf 90' lang='lat' dir='ltr'><strong>recte</strong></span> <span class='ocrx_word' id='word_1_469' title='bbox 3131 1842 3420 1897; x_wconf 87' lang='lat' dir='ltr'><strong>admodutn</strong></span> <span class='ocrx_word' id='word_1_470' title='bbox 3460 1843 3632 1896; x_wconf 77' lang='lat' dir='ltr'><strong>dixis-</strong></span> 
     </span>
    </p>
   </div>
   <div class='ocr_carea' id='block_1_59' title="bbox 2050 1932 3632 2005">
    <p class='ocr_par' dir='ltr' id='par_1_59' title="bbox 2050 1932 3632 2005">
     <span class='ocr_line' id='line_1_59' title="bbox 2050 1932 3632 2005; baseline 0 -18"><span class='ocrx_word' id='word_1_471' title='bbox 2050 1947 2153 1989; x_wconf 90' lang='lat' dir='ltr'><strong>se:</strong></span> <span class='ocrx_word' id='word_1_472' title='bbox 2197 1951 2217 1985; x_wconf 77' lang='grc' dir='ltr'><strong>ε</strong></span> <span class='ocrx_word' id='word_1_473' title='bbox 2247 1932 2719 2000; x_wconf 80' lang='lat' dir='ltr'><strong>Quemadmodum</strong></span> <span class='ocrx_word' id='word_1_474' title='bbox 2765 1934 2910 1988; x_wconf 87' lang='lat' dir='ltr'><strong>enim</strong></span> <span class='ocrx_word' id='word_1_475' title='bbox 2954 1934 3290 2005; x_wconf 82' lang='lat' dir='ltr'><strong>portavimus</strong></span> <span class='ocrx_word' id='word_1_476' title='bbox 3339 1935 3632 2004; x_wconf 77' lang='lat' dir='ltr'><strong>imaginem</strong></span> 
     </span>
    </p>
   </div>
   <div class='ocr_carea' id='block_1_60' title="bbox 2053 2025 3627 2095">
    <p class='ocr_par' dir='ltr' id='par_1_60' title="bbox 2053 2025 3627 2095">
     <span class='ocr_line' id='line_1_60' title="bbox 2053 2025 3627 2095; baseline 0.001 -16"><span class='ocrx_word' id='word_1_477' title='bbox 2053 2026 2277 2092; x_wconf 84' lang='lat' dir='ltr'><strong>terreni,</strong></span> <span class='ocrx_word' id='word_1_478' title='bbox 2308 2026 2648 2094; x_wconf 83' lang='lat' dir='ltr'><strong>portabimus</strong></span> <span class='ocrx_word' id='word_1_479' title='bbox 2678 2025 2841 2080; x_wconf 89' lang='lat' dir='ltr'><strong>etiam</strong></span> <span class='ocrx_word' id='word_1_480' title='bbox 2880 2027 3167 2095; x_wconf 71' lang='lat' dir='ltr'><strong>imaginem</strong></span> <span class='ocrx_word' id='word_1_481' title='bbox 3229 2027 3468 2082; x_wconf 61' lang='lat' dir='ltr'><strong>caelestis</strong></span> <span class='ocrx_word' id='word_1_482' title='bbox 3527 2026 3571 2080; x_wconf 83' lang='lat'><strong>&#39;.</strong></span> <span class='ocrx_word' id='word_1_483' title='bbox 3608 2044 3627 2080; x_wconf 77' lang='grc' dir='ltr'><strong>ι</strong></span> 
     </span>
    </p>
   </div>
   <div class='ocr_carea' id='block_1_61' title="bbox 2052 2116 3638 2187">
    <p class='ocr_par' dir='ltr' id='par_1_61' title="bbox 2052 2116 3638 2187">
     <span class='ocr_line' id='line_1_61' title="bbox 2052 2116 3638 2187; baseline 0.002 -17"><span class='ocrx_word' id='word_1_484' title='bbox 2052 2116 2122 2170; x_wconf 86' lang='grc' dir='ltr'>Ει</span> <span class='ocrx_word' id='word_1_485' title='bbox 2151 2117 2384 2187; x_wconf 87' lang='lat' dir='ltr'><strong>primum</strong></span> <span class='ocrx_word' id='word_1_486' title='bbox 2423 2116 2641 2187; x_wconf 83' lang='lat' dir='ltr'><strong>quidem</strong></span> <span class='ocrx_word' id='word_1_487' title='bbox 2686 2118 2957 2172; x_wconf 80' lang='lat' dir='ltr'><strong>hominem</strong></span> <span class='ocrx_word' id='word_1_488' title='bbox 2992 2133 3057 2172; x_wconf 76' lang='lat' dir='ltr'><strong>ex</strong></span> <span class='ocrx_word' id='word_1_489' title='bbox 3099 2127 3265 2182; x_wconf 89' lang='lat' dir='ltr'><strong>terra,</strong></span> <span class='ocrx_word' id='word_1_490' title='bbox 3296 2117 3431 2172; x_wconf 77' lang='lat' dir='ltr'><strong>dixit</strong></span> <span class='ocrx_word' id='word_1_491' title='bbox 3471 2126 3638 2173; x_wconf 84' lang='lat' dir='ltr'><strong>terre-</strong></span> 
     </span>
    </p>
   </div>
   <div class='ocr_carea' id='block_1_62' title="bbox 2052 2207 3635 2279">
    <p class='ocr_par' dir='ltr' id='par_1_62' title="bbox 2052 2207 3635 2279">
     <span class='ocr_line' id='line_1_62' title="bbox 2052 2207 3635 2279; baseline -0.001 -14"><span class='ocrx_word' id='word_1_492' title='bbox 2052 2225 2213 2275; x_wconf 82' lang='lat' dir='ltr'><strong>num;</strong></span> <span class='ocrx_word' id='word_1_493' title='bbox 2245 2212 2540 2266; x_wconf 84' lang='lat' dir='ltr'><strong>secundum</strong></span> <span class='ocrx_word' id='word_1_494' title='bbox 2560 2221 2690 2264; x_wconf 83' lang='lat' dir='ltr'><strong>vero</strong></span> <span class='ocrx_word' id='word_1_495' title='bbox 2714 2224 2776 2265; x_wconf 80' lang='lat' dir='ltr'><strong>ex</strong></span> <span class='ocrx_word' id='word_1_496' title='bbox 2805 2209 2963 2273; x_wconf 73' lang='lat' dir='ltr'><strong>cmlo,</strong></span> <span class='ocrx_word' id='word_1_497' title='bbox 2988 2209 3287 2264; x_wconf 71' lang='lat' dir='ltr'><strong>caelestem.</strong></span> <span class='ocrx_word' id='word_1_498' title='bbox 3322 2226 3342 2260; x_wconf 71' lang='grc' dir='ltr'>ς</span> <span class='ocrx_word' id='word_1_499' title='bbox 3370 2207 3475 2263; x_wconf 89' lang='lat' dir='ltr'><strong>Sed</strong></span> <span class='ocrx_word' id='word_1_500' title='bbox 3496 2222 3635 2279; x_wconf 86' lang='lat' dir='ltr'><strong>qua-</strong></span> 
     </span>
    </p>
   </div>
   <div class='ocr_carea' id='block_1_63' title="bbox 2052 2300 3630 2371">
    <p class='ocr_par' dir='ltr' id='par_1_63' title="bbox 2052 2300 3630 2371">
     <span class='ocr_line' id='line_1_63' title="bbox 2052 2300 3630 2371; baseline 0 -15"><span class='ocrx_word' id='word_1_501' title='bbox 2052 2302 2117 2357; x_wconf 92' lang='lat' dir='ltr'><strong>lis</strong></span> <span class='ocrx_word' id='word_1_502' title='bbox 2154 2313 2422 2366; x_wconf 85' lang='lat' dir='ltr'><strong>terrenus,</strong></span> <span class='ocrx_word' id='word_1_503' title='bbox 2475 2301 2611 2357; x_wconf 79' lang='lat' dir='ltr'><strong>tales</strong></span> <span class='ocrx_word' id='word_1_504' title='bbox 2668 2310 2725 2355; x_wconf 88' lang='lat' dir='ltr'><strong>et</strong></span> <span class='ocrx_word' id='word_1_505' title='bbox 2782 2301 3021 2365; x_wconf 89' lang='lat' dir='ltr'><strong>terreni;</strong></span> <span class='ocrx_word' id='word_1_506' title='bbox 3071 2309 3126 2357; x_wconf 90' lang='lat' dir='ltr'><strong>et</strong></span> <span class='ocrx_word' id='word_1_507' title='bbox 3168 2300 3630 2371; x_wconf 72' lang='lat' dir='ltr'><strong>qualisemlestis,</strong></span> 
     </span>
    </p>
   </div>
   <div class='ocr_carea' id='block_1_64' title="bbox 2052 2392 3635 2462">
    <p class='ocr_par' dir='ltr' id='par_1_64' title="bbox 2052 2392 3635 2462">
     <span class='ocr_line' id='line_1_64' title="bbox 2052 2392 3635 2462; baseline 0 -13"><span class='ocrx_word' id='word_1_508' title='bbox 2052 2395 2187 2450; x_wconf 86' lang='lat' dir='ltr'><strong>tales</strong></span> <span class='ocrx_word' id='word_1_509' title='bbox 2214 2404 2269 2449; x_wconf 88' lang='lat' dir='ltr'><strong>et</strong></span> <span class='ocrx_word' id='word_1_510' title='bbox 2313 2395 2591 2450; x_wconf 66' lang='lat' dir='ltr'><strong>caelestes.</strong></span> <span class='ocrx_word' id='word_1_511' title='bbox 2630 2412 2650 2446; x_wconf 76' lang='grc' dir='ltr'><strong>ι</strong></span> <span class='ocrx_word' id='word_1_512' title='bbox 2683 2392 2911 2449; x_wconf 82' lang='lat' dir='ltr'><strong>Tcrreni</strong></span> <span class='ocrx_word' id='word_1_513' title='bbox 2965 2394 3111 2449; x_wconf 89' lang='lat' dir='ltr'><strong>enim</strong></span> <span class='ocrx_word' id='word_1_514' title='bbox 3173 2406 3381 2460; x_wconf 84' lang='lat' dir='ltr'><strong>sumus,</strong></span> <span class='ocrx_word' id='word_1_515' title='bbox 3447 2401 3635 2462; x_wconf 83' lang='lat' dir='ltr'><strong>utpote</strong></span> 
     </span>
    </p>
   </div>
   <div class='ocr_carea' id='block_1_65' title="bbox 2053 2482 3635 2539">
    <p class='ocr_par' dir='ltr' id='par_1_65' title="bbox 2053 2482 3635 2539">
     <span class='ocr_line' id='line_1_65' title="bbox 2053 2482 3635 2539; baseline 0 -1"><span class='ocrx_word' id='word_1_516' title='bbox 2053 2482 2371 2538; x_wconf 85' lang='lat' dir='ltr'><strong>transmissa</strong></span> <span class='ocrx_word' id='word_1_517' title='bbox 2400 2482 2453 2537; x_wconf 87' lang='lat' dir='ltr'><strong>in</strong></span> <span class='ocrx_word' id='word_1_518' title='bbox 2495 2498 2593 2538; x_wconf 88' lang='lat' dir='ltr'><strong>nos</strong></span> <span class='ocrx_word' id='word_1_519' title='bbox 2649 2498 2716 2537; x_wconf 80' lang='lat' dir='ltr'><strong>ex</strong></span> <span class='ocrx_word' id='word_1_520' title='bbox 2764 2493 2979 2537; x_wconf 90' lang='lat' dir='ltr'><strong>terreno</strong></span> <span class='ocrx_word' id='word_1_521' title='bbox 3026 2483 3199 2537; x_wconf 79' lang='lat' dir='ltr'><strong>Adam</strong></span> <span class='ocrx_word' id='word_1_522' title='bbox 3250 2482 3635 2539; x_wconf 76' lang='lat' dir='ltr'><strong>maledictione</strong></span> 
     </span>
    </p>
   </div>
   <div class='ocr_carea' id='block_1_66' title="bbox 2050 2574 3632 2647">
    <p class='ocr_par' dir='ltr' id='par_1_66' title="bbox 2050 2574 3632 2647">
     <span class='ocr_line' id='line_1_66' title="bbox 2050 2574 3632 2647; baseline 0.001 -18"><span class='ocrx_word' id='word_1_523' title='bbox 2050 2574 2439 2645; x_wconf 83' lang='lat' dir='ltr'><strong>corruptionis,</strong></span> <span class='ocrx_word' id='word_1_524' title='bbox 2482 2589 2757 2646; x_wconf 84' lang='lat' dir='ltr'><strong>perquam</strong></span> <span class='ocrx_word' id='word_1_525' title='bbox 2788 2585 2843 2631; x_wconf 89' lang='lat' dir='ltr'><strong>et</strong></span> <span class='ocrx_word' id='word_1_526' title='bbox 2868 2576 2950 2630; x_wconf 79' lang='lat' dir='ltr'><strong>lex</strong></span> <span class='ocrx_word' id='word_1_527' title='bbox 2982 2577 3193 2646; x_wconf 84' lang='lat' dir='ltr'><strong>peccati</strong></span> <span class='ocrx_word' id='word_1_528' title='bbox 3229 2576 3479 2647; x_wconf 90' lang='lat' dir='ltr'><strong>irrepsit,</strong></span> <span class='ocrx_word' id='word_1_529' title='bbox 3509 2591 3632 2645; x_wconf 66' lang='lat' dir='ltr'><strong>qua:</strong></span> 
     </span>
    </p>
   </div>
   <div class='ocr_carea' id='block_1_67' title="bbox 2049 2666 3631 2733">
    <p class='ocr_par' dir='ltr' id='par_1_67' title="bbox 2049 2666 3631 2733">
     <span class='ocr_line' id='line_1_67' title="bbox 2049 2666 3631 2733; baseline 0 -13"><span class='ocrx_word' id='word_1_530' title='bbox 2049 2676 2133 2722; x_wconf 92' lang='lat' dir='ltr'><strong>est</strong></span> <span class='ocrx_word' id='word_1_531' title='bbox 2159 2667 2210 2720; x_wconf 92' lang='lat' dir='ltr'><strong>in</strong></span> <span class='ocrx_word' id='word_1_532' title='bbox 2239 2668 2500 2722; x_wconf 82' lang='lat' dir='ltr'><strong>membris</strong></span> <span class='ocrx_word' id='word_1_533' title='bbox 2530 2667 2733 2722; x_wconf 83' lang='lat' dir='ltr'><strong>carnis.</strong></span> <span class='ocrx_word' id='word_1_534' title='bbox 2764 2666 3026 2723; x_wconf 62' lang='lat' dir='ltr'><strong>Caelestes</strong></span> <span class='ocrx_word' id='word_1_535' title='bbox 3043 2677 3220 2723; x_wconf 85' lang='lat' dir='ltr'><strong>autem</strong></span> <span class='ocrx_word' id='word_1_536' title='bbox 3252 2667 3381 2724; x_wconf 82' lang='lat' dir='ltr'><strong>facti</strong></span> <span class='ocrx_word' id='word_1_537' title='bbox 3420 2683 3631 2733; x_wconf 81' lang='lat' dir='ltr'><strong>sumus,</strong></span> 
     </span>
    </p>
   </div>
   <div class='ocr_carea' id='block_1_68' title="bbox 2049 2756 3629 2823">
    <p class='ocr_par' dir='ltr' id='par_1_68' title="bbox 2049 2756 3629 2823">
     <span class='ocr_line' id='line_1_68' title="bbox 2049 2756 3629 2823; baseline -0.002 -10"><span class='ocrx_word' id='word_1_538' title='bbox 2049 2759 2103 2813; x_wconf 90' lang='lat' dir='ltr'><strong>in</strong></span> <span class='ocrx_word' id='word_1_539' title='bbox 2126 2757 2345 2814; x_wconf 85' lang='lat' dir='ltr'><strong>Christo</strong></span> <span class='ocrx_word' id='word_1_540' title='bbox 2367 2756 2420 2814; x_wconf 88' lang='lat' dir='ltr'><strong>id</strong></span> <span class='ocrx_word' id='word_1_541' title='bbox 2443 2760 2741 2815; x_wconf 85' lang='lat' dir='ltr'><strong>consecuti.</strong></span> <span class='ocrx_word' id='word_1_542' title='bbox 2776 2759 2919 2815; x_wconf 87' lang='lat' dir='ltr'><strong>Deus</strong></span> <span class='ocrx_word' id='word_1_543' title='bbox 2941 2760 3087 2815; x_wconf 86' lang='lat' dir='ltr'><strong>enim</strong></span> <span class='ocrx_word' id='word_1_544' title='bbox 3111 2759 3387 2814; x_wconf 79' lang='lat' dir='ltr'><strong>exsistens</strong></span> <span class='ocrx_word' id='word_1_545' title='bbox 3416 2768 3629 2823; x_wconf 81' lang='lat' dir='ltr'><strong>natura,</strong></span> 
     </span>
    </p>
   </div>
   <div class='ocr_carea' id='block_1_69' title="bbox 2047 2848 3629 2921">
    <p class='ocr_par' dir='ltr' id='par_1_69' title="bbox 2047 2848 3629 2921">
     <span class='ocr_line' id='line_1_69' title="bbox 2047 2848 3629 2921; baseline 0 -17"><span class='ocrx_word' id='word_1_546' title='bbox 2047 2858 2103 2904; x_wconf 91' lang='lat' dir='ltr'><strong>et</strong></span> <span class='ocrx_word' id='word_1_547' title='bbox 2130 2865 2195 2905; x_wconf 84' lang='lat' dir='ltr'><strong>ex</strong></span> <span class='ocrx_word' id='word_1_548' title='bbox 2233 2848 2343 2906; x_wconf 89' lang='lat' dir='ltr'><strong>Deo</strong></span> <span class='ocrx_word' id='word_1_549' title='bbox 2362 2858 2527 2920; x_wconf 87' lang='lat' dir='ltr'><strong>atque</strong></span> <span class='ocrx_word' id='word_1_550' title='bbox 2556 2865 2621 2905; x_wconf 76' lang='lat' dir='ltr'><strong>ex</strong></span> <span class='ocrx_word' id='word_1_551' title='bbox 2649 2850 2918 2921; x_wconf 83' lang='lat' dir='ltr'><strong>supernis,</strong></span> <span class='ocrx_word' id='word_1_552' title='bbox 2988 2851 3268 2907; x_wconf 85' lang='lat' dir='ltr'><strong>descendit</strong></span> <span class='ocrx_word' id='word_1_553' title='bbox 3306 2852 3372 2905; x_wconf 90' lang='lat' dir='ltr'><strong>ad</strong></span> <span class='ocrx_word' id='word_1_554' title='bbox 3420 2861 3629 2916; x_wconf 83' lang='lat' dir='ltr'><strong>nostra,</strong></span> 
     </span>
    </p>
   </div>
   <div class='ocr_carea' id='block_1_70' title="bbox 2051 2940 3630 3011">
    <p class='ocr_par' dir='ltr' id='par_1_70' title="bbox 2051 2940 3630 3011">
     <span class='ocr_line' id='line_1_70' title="bbox 2051 2940 3630 3011; baseline 0.001 -17"><span class='ocrx_word' id='word_1_555' title='bbox 2051 2956 2187 2996; x_wconf 85' lang='lat' dir='ltr'><strong>nove</strong></span> <span class='ocrx_word' id='word_1_556' title='bbox 2216 2952 2379 3011; x_wconf 86' lang='lat' dir='ltr'><strong>atque</strong></span> <span class='ocrx_word' id='word_1_557' title='bbox 2421 2941 2683 2996; x_wconf 84' lang='lat' dir='ltr'><strong>inusitato</strong></span> <span class='ocrx_word' id='word_1_558' title='bbox 2720 2954 2870 2996; x_wconf 89' lang='lat' dir='ltr'><strong>more</strong></span> <span class='ocrx_word' id='word_1_559' title='bbox 2891 2940 3110 3011; x_wconf 73' lang='lat' dir='ltr'><strong>genitus</strong></span> <span class='ocrx_word' id='word_1_560' title='bbox 3156 2942 3454 2997; x_wconf 86' lang='lat' dir='ltr'><strong>secundum</strong></span> <span class='ocrx_word' id='word_1_561' title='bbox 3505 2956 3630 2996; x_wconf 85' lang='lat' dir='ltr'><strong>car-</strong></span> 
     </span>
    </p>
   </div>
   <div class='ocr_carea' id='block_1_71' title="bbox 2052 3030 3629 3104">
    <p class='ocr_par' dir='ltr' id='par_1_71' title="bbox 2052 3030 3629 3104">
     <span class='ocr_line' id='line_1_71' title="bbox 2052 3030 3629 3104; baseline 0.002 -17"><span class='ocrx_word' id='word_1_562' title='bbox 2052 3047 2173 3087; x_wconf 86' lang='lat' dir='ltr'><strong>nem</strong></span> <span class='ocrx_word' id='word_1_563' title='bbox 2198 3033 2372 3087; x_wconf 80' lang='lat' dir='ltr'><strong>factus</strong></span> <span class='ocrx_word' id='word_1_564' title='bbox 2393 3040 2478 3089; x_wconf 88' lang='lat' dir='ltr'><strong>est</strong></span> <span class='ocrx_word' id='word_1_565' title='bbox 2523 3030 2781 3101; x_wconf 84' lang='lat' dir='ltr'><strong>Spiritus,</strong></span> <span class='ocrx_word' id='word_1_566' title='bbox 2831 3040 2889 3087; x_wconf 91' lang='lat' dir='ltr'><strong>ut</strong></span> <span class='ocrx_word' id='word_1_567' title='bbox 2921 3032 3179 3088; x_wconf 81' lang='lat' dir='ltr'><strong>videlicet</strong></span> <span class='ocrx_word' id='word_1_568' title='bbox 3229 3034 3405 3089; x_wconf 83' lang='lat' dir='ltr'><strong>sancti</strong></span> <span class='ocrx_word' id='word_1_569' title='bbox 3462 3043 3629 3104; x_wconf 82' lang='lat' dir='ltr'><strong>atque</strong></span> 
     </span>
    </p>
   </div>
   <div class='ocr_carea' id='block_1_72' title="bbox 2054 3122 3632 3193">
    <p class='ocr_par' dir='ltr' id='par_1_72' title="bbox 2054 3122 3632 3193">
     <span class='ocr_line' id='line_1_72' title="bbox 2054 3122 3632 3193; baseline 0.001 -15"><span class='ocrx_word' id='word_1_570' title='bbox 2054 3123 2494 3191; x_wconf 85' lang='lat' dir='ltr'><strong>incorruptibiles</strong></span> <span class='ocrx_word' id='word_1_571' title='bbox 2543 3122 2709 3177; x_wconf 81' lang='lat' dir='ltr'><strong>etiam</strong></span> <span class='ocrx_word' id='word_1_572' title='bbox 2767 3138 2867 3179; x_wconf 91' lang='lat' dir='ltr'><strong>nos</strong></span> <span class='ocrx_word' id='word_1_573' title='bbox 2911 3124 2967 3178; x_wconf 91' lang='lat' dir='ltr'><strong>in</strong></span> <span class='ocrx_word' id='word_1_574' title='bbox 3032 3125 3151 3193; x_wconf 78' lang='lat' dir='ltr'><strong>ipso</strong></span> <span class='ocrx_word' id='word_1_575' title='bbox 3220 3136 3536 3179; x_wconf 85' lang='lat' dir='ltr'><strong>maneamus</strong></span> <span class='ocrx_word' id='word_1_576' title='bbox 3562 3138 3632 3179; x_wconf 80' lang='lat' dir='ltr'><strong>ex</strong></span> 
     </span>
    </p>
   </div>
   <div class='ocr_carea' id='block_1_73' title="bbox 2056 3215 3633 3287">
    <p class='ocr_par' dir='ltr' id='par_1_73' title="bbox 2056 3215 3633 3287">
     <span class='ocr_line' id='line_1_73' title="bbox 2056 3215 3633 3287; baseline 0.001 -17"><span class='ocrx_word' id='word_1_577' title='bbox 2056 3217 2196 3287; x_wconf 91' lang='lat' dir='ltr'><strong>ipso,</strong></span> <span class='ocrx_word' id='word_1_578' title='bbox 2241 3225 2503 3286; x_wconf 82' lang='lat' dir='ltr'><strong>tanquam</strong></span> <span class='ocrx_word' id='word_1_579' title='bbox 2533 3231 2597 3271; x_wconf 72' lang='lat' dir='ltr'><strong>ex</strong></span> <span class='ocrx_word' id='word_1_580' title='bbox 2638 3216 2913 3287; x_wconf 79' lang='lat' dir='ltr'><strong>principio</strong></span> <span class='ocrx_word' id='word_1_581' title='bbox 2935 3225 2990 3271; x_wconf 89' lang='lat' dir='ltr'><strong>et</strong></span> <span class='ocrx_word' id='word_1_582' title='bbox 3043 3216 3228 3271; x_wconf 83' lang='lat' dir='ltr'><strong>radice</strong></span> <span class='ocrx_word' id='word_1_583' title='bbox 3282 3216 3541 3281; x_wconf 84' lang='lat' dir='ltr'><strong>secunda,</strong></span> <span class='ocrx_word' id='word_1_584' title='bbox 3576 3215 3633 3272; x_wconf 88' lang='lat' dir='ltr'><strong>in</strong></span> 
     </span>
    </p>
   </div>
   <div class='ocr_carea' id='block_1_74' title="bbox 2052 3305 2728 3377">
    <p class='ocr_par' dir='ltr' id='par_1_74' title="bbox 2052 3305 2728 3377">
     <span class='ocr_line' id='line_1_74' title="bbox 2052 3305 2728 3377; baseline -0.006 -12"><span class='ocrx_word' id='word_1_585' title='bbox 2052 3323 2152 3365; x_wconf 88' lang='lat' dir='ltr'><strong>nos</strong></span> <span class='ocrx_word' id='word_1_586' title='bbox 2182 3305 2505 3362; x_wconf 84' lang='lat' dir='ltr'><strong>transmissa</strong></span> <span class='ocrx_word' id='word_1_587' title='bbox 2531 3308 2728 3377; x_wconf 74' lang='lat' dir='ltr'><strong>gratia.</strong></span> 
     </span>
    </p>
   </div>
   <div class='ocr_carea' id='block_1_75' title="bbox 2121 3398 2678 3469">
    <p class='ocr_par' dir='ltr' id='par_1_75' title="bbox 2121 3398 2678 3469">
     <span class='ocr_line' id='line_1_75' title="bbox 2121 3398 2678 3469; baseline 0 -16"><span class='ocrx_word' id='word_1_588' title='bbox 2121 3400 2183 3453; x_wconf 81' lang='grc' dir='ltr'><strong>Β.</strong></span> <span class='ocrx_word' id='word_1_589' title='bbox 2222 3399 2440 3469; x_wconf 79' lang='lat' dir='ltr'><strong>Optime</strong></span> <span class='ocrx_word' id='word_1_590' title='bbox 2470 3398 2678 3453; x_wconf 82' lang='lat' dir='ltr'><strong>dixisti.</strong></span> 
     </span>
    </p>
   </div>
   <div class='ocr_carea' id='block_1_76' title="bbox 2118 3486 3632 3558">
    <p class='ocr_par' dir='ltr' id='par_1_76' title="bbox 2118 3486 3632 3558">
     <span class='ocr_line' id='line_1_76' title="bbox 2118 3486 3632 3558; baseline -0.001 -14"><span class='ocrx_word' id='word_1_591' title='bbox 2118 3492 2186 3544; x_wconf 79' lang='grc' dir='ltr'><strong>Α.</strong></span> <span class='ocrx_word' id='word_1_592' title='bbox 2226 3486 2471 3557; x_wconf 80' lang='lat' dir='ltr'><strong>Quonam</strong></span> <span class='ocrx_word' id='word_1_593' title='bbox 2504 3503 2635 3543; x_wconf 83' lang='lat' dir='ltr'><strong>vero</strong></span> <span class='ocrx_word' id='word_1_594' title='bbox 2675 3498 2831 3558; x_wconf 86' lang='lat' dir='ltr'><strong>pacto</strong></span> <span class='ocrx_word' id='word_1_595' title='bbox 2871 3488 3037 3543; x_wconf 86' lang='lat' dir='ltr'><strong>etiam</strong></span> <span class='ocrx_word' id='word_1_596' title='bbox 3066 3488 3295 3543; x_wconf 84' lang='lat' dir='ltr'><strong>similem</strong></span> <span class='ocrx_word' id='word_1_597' title='bbox 3334 3488 3506 3558; x_wconf 87' lang='lat' dir='ltr'><strong>ipsum</strong></span> <span class='ocrx_word' id='word_1_598' title='bbox 3547 3487 3632 3544; x_wconf 80' lang='lat' dir='ltr'><strong>fa—</strong></span> 
     </span>
    </p>
   </div>
   <div class='ocr_carea' id='block_1_77' title="bbox 2049 3579 3634 3646">
    <p class='ocr_par' dir='ltr' id='par_1_77' title="bbox 2049 3579 3634 3646">
     <span class='ocr_line' id='line_1_77' title="bbox 2049 3579 3634 3646; baseline -0.001 -10"><span class='ocrx_word' id='word_1_599' title='bbox 2049 3591 2196 3637; x_wconf 89' lang='lat' dir='ltr'><strong>ctum</strong></span> <span class='ocrx_word' id='word_1_600' title='bbox 2228 3595 2350 3635; x_wconf 81' lang='lat' dir='ltr'><strong>esse</strong></span> <span class='ocrx_word' id='word_1_601' title='bbox 2377 3581 2530 3634; x_wconf 81' lang='lat' dir='ltr'><strong>aiunt</strong></span> <span class='ocrx_word' id='word_1_602' title='bbox 2552 3595 2647 3646; x_wconf 93' lang='lat' dir='ltr'><strong>per</strong></span> <span class='ocrx_word' id='word_1_603' title='bbox 2667 3581 2848 3633; x_wconf 83' lang='lat' dir='ltr'><strong>omnia</strong></span> <span class='ocrx_word' id='word_1_604' title='bbox 2880 3579 3158 3645; x_wconf 79' lang='lat' dir='ltr'><strong>fratribus,</strong></span> <span class='ocrx_word' id='word_1_605' title='bbox 3188 3580 3289 3633; x_wconf 85' lang='lat' dir='ltr'><strong>hoc</strong></span> <span class='ocrx_word' id='word_1_606' title='bbox 3314 3590 3417 3643; x_wconf 90' lang='lat' dir='ltr'><strong>est,</strong></span> <span class='ocrx_word' id='word_1_607' title='bbox 3444 3580 3634 3636; x_wconf 72' lang='lat' dir='ltr'><strong>nobis?</strong></span> 
     </span>
    </p>
   </div>
   <div class='ocr_carea' id='block_1_78' title="bbox 2047 3664 3628 3739">
    <p class='ocr_par' dir='ltr' id='par_1_78' title="bbox 2047 3664 3628 3739">
     <span class='ocr_line' id='line_1_78' title="bbox 2047 3664 3628 3739; baseline -0.002 -13"><span class='ocrx_word' id='word_1_608' title='bbox 2047 3664 2418 3739; x_wconf 46' lang='lat' dir='ltr'><strong>aut&#39;quisnam</strong></span> <span class='ocrx_word' id='word_1_609' title='bbox 2449 3670 2672 3723; x_wconf 88' lang='lat' dir='ltr'><strong>omnino</strong></span> <span class='ocrx_word' id='word_1_610' title='bbox 2703 3677 2994 3723; x_wconf 87' lang='lat' dir='ltr'><strong>censeatur</strong></span> <span class='ocrx_word' id='word_1_611' title='bbox 3032 3667 3202 3721; x_wconf 81' lang='lat' dir='ltr'><strong>fuisse</strong></span> <span class='ocrx_word' id='word_1_612' title='bbox 3232 3667 3278 3720; x_wconf 89' lang='lat' dir='ltr'><strong>is</strong></span> <span class='ocrx_word' id='word_1_613' title='bbox 3306 3668 3396 3735; x_wconf 92' lang='lat' dir='ltr'><strong>qui</strong></span> <span class='ocrx_word' id='word_1_614' title='bbox 3431 3666 3628 3723; x_wconf 88' lang='lat' dir='ltr'><strong>simili-</strong></span> 
     </span>
    </p>
   </div>
   <div class='ocr_carea' id='block_1_79' title="bbox 2051 3760 3630 3825">
    <p class='ocr_par' dir='ltr' id='par_1_79' title="bbox 2051 3760 3630 3825">
     <span class='ocr_line' id='line_1_79' title="bbox 2051 3760 3630 3825; baseline -0.003 -8"><span class='ocrx_word' id='word_1_615' title='bbox 2051 3764 2289 3818; x_wconf 85' lang='lat' dir='ltr'><strong>tudinem</strong></span> <span class='ocrx_word' id='word_1_616' title='bbox 2325 3771 2565 3816; x_wconf 86' lang='lat' dir='ltr'><strong>nostram</strong></span> <span class='ocrx_word' id='word_1_617' title='bbox 2595 3761 2778 3825; x_wconf 88' lang='lat' dir='ltr'><strong>subiit,</strong></span> <span class='ocrx_word' id='word_1_618' title='bbox 2805 3760 2905 3814; x_wconf 90' lang='lat' dir='ltr'><strong>nisi</strong></span> <span class='ocrx_word' id='word_1_619' title='bbox 2939 3760 3231 3812; x_wconf 86' lang='lat' dir='ltr'><strong>secundum</strong></span> <span class='ocrx_word' id='word_1_620' title='bbox 3263 3768 3509 3812; x_wconf 85' lang='lat' dir='ltr'><strong>naturam</strong></span> <span class='ocrx_word' id='word_1_621' title='bbox 3544 3761 3630 3812; x_wconf 90' lang='lat' dir='ltr'><strong>dl-</strong></span> 
     </span>
    </p>
   </div>
   <div class='ocr_carea' id='block_1_80' title="bbox 2047 3848 3630 3917">
    <p class='ocr_par' dir='ltr' id='par_1_80' title="bbox 2047 3848 3630 3917">
     <span class='ocr_line' id='line_1_80' title="bbox 2047 3848 3630 3917; baseline -0.005 -7"><span class='ocrx_word' id='word_1_622' title='bbox 2047 3866 2238 3910; x_wconf 85' lang='lat' dir='ltr'><strong>versns</strong></span> <span class='ocrx_word' id='word_1_623' title='bbox 2272 3864 2411 3917; x_wconf 86' lang='lat' dir='ltr'><strong>erat,</strong></span> <span class='ocrx_word' id='word_1_624' title='bbox 2452 3861 2507 3907; x_wconf 87' lang='lat' dir='ltr'><strong>et</strong></span> <span class='ocrx_word' id='word_1_625' title='bbox 2549 3867 2659 3906; x_wconf 86' lang='lat' dir='ltr'><strong>non</strong></span> <span class='ocrx_word' id='word_1_626' title='bbox 2706 3852 2860 3905; x_wconf 87' lang='lat' dir='ltr'><strong>nobis</strong></span> <span class='ocrx_word' id='word_1_627' title='bbox 2898 3850 3134 3905; x_wconf 86' lang='lat' dir='ltr'><strong>similis?</strong></span> <span class='ocrx_word' id='word_1_628' title='bbox 3161 3849 3312 3916; x_wconf 84' lang='lat' dir='ltr'><strong>Quod</strong></span> <span class='ocrx_word' id='word_1_629' title='bbox 3344 3849 3488 3903; x_wconf 92' lang='lat' dir='ltr'><strong>enim</strong></span> <span class='ocrx_word' id='word_1_630' title='bbox 3526 3848 3630 3902; x_wconf 83' lang='lat' dir='ltr'><strong>ali-</strong></span> 
     </span>
    </p>
   </div>
   <div class='ocr_carea' id='block_1_81' title="bbox 2047 3940 3632 4016">
    <p class='ocr_par' dir='ltr' id='par_1_81' title="bbox 2047 3940 3632 4016">
     <span class='ocr_line' id='line_1_81' title="bbox 2047 3940 3632 4016; baseline -0.004 -17"><span class='ocrx_word' id='word_1_631' title='bbox 2047 3946 2243 4016; x_wconf 78' lang='lat' dir='ltr'><strong>quibus</strong></span> <span class='ocrx_word' id='word_1_632' title='bbox 2271 3944 2450 4000; x_wconf 83' lang='lat' dir='ltr'><strong>simile</strong></span> <span class='ocrx_word' id='word_1_633' title='bbox 2482 3942 2738 4007; x_wconf 83' lang='lat' dir='ltr'><strong>eﬂicitur,</strong></span> <span class='ocrx_word' id='word_1_634' title='bbox 2789 3952 3008 3996; x_wconf 86' lang='lat' dir='ltr'><strong>necesse</strong></span> <span class='ocrx_word' id='word_1_635' title='bbox 3041 3952 3126 3996; x_wconf 87' lang='lat' dir='ltr'><strong>est</strong></span> <span class='ocrx_word' id='word_1_636' title='bbox 3156 3952 3215 3994; x_wconf 90' lang='lat' dir='ltr'><strong>ut</strong></span> <span class='ocrx_word' id='word_1_637' title='bbox 3244 3941 3515 3995; x_wconf 89' lang='lat' dir='ltr'><strong>diversum</strong></span> <span class='ocrx_word' id='word_1_638' title='bbox 3562 3940 3632 3994; x_wconf 94' lang='lat' dir='ltr'><strong>ab</strong></span> 
     </span>
    </p>
   </div>
   <div class='ocr_carea' id='block_1_82' title="bbox 2048 4033 3631 4107">
    <p class='ocr_par' dir='ltr' id='par_1_82' title="bbox 2048 4033 3631 4107">
     <span class='ocr_line' id='line_1_82' title="bbox 2048 4033 3631 4107; baseline -0.006 -12"><span class='ocrx_word' id='word_1_639' title='bbox 2048 4038 2115 4095; x_wconf 84' lang='lat' dir='ltr'><strong>iis</strong></span> <span class='ocrx_word' id='word_1_640' title='bbox 2144 4039 2438 4102; x_wconf 78' lang='lat' dir='ltr'><strong>exstiterit,</strong></span> <span class='ocrx_word' id='word_1_641' title='bbox 2470 4050 2645 4107; x_wconf 88' lang='lat' dir='ltr'><strong>neque</strong></span> <span class='ocrx_word' id='word_1_642' title='bbox 2691 4034 2867 4091; x_wconf 84' lang='lat' dir='ltr'><strong>simile</strong></span> <span class='ocrx_word' id='word_1_643' title='bbox 2896 4035 3049 4105; x_wconf 87' lang='lat' dir='ltr'><strong>ipsis,</strong></span> <span class='ocrx_word' id='word_1_644' title='bbox 3082 4036 3177 4089; x_wconf 85' lang='lat' dir='ltr'><strong>sed</strong></span> <span class='ocrx_word' id='word_1_645' title='bbox 3202 4034 3382 4102; x_wconf 87' lang='lat' dir='ltr'><strong>potius</strong></span> <span class='ocrx_word' id='word_1_646' title='bbox 3411 4033 3631 4087; x_wconf 89' lang='lat' dir='ltr'><strong>alterius</strong></span> 
     </span>
    </p>
   </div>
   <div class='ocr_carea' id='block_1_83' title="bbox 2046 4122 3629 4200">
    <p class='ocr_par' dir='ltr' id='par_1_83' title="bbox 2046 4122 3629 4200">
     <span class='ocr_line' id='line_1_83' title="bbox 2046 4122 3629 4200; baseline -0.005 -17"><span class='ocrx_word' id='word_1_647' title='bbox 2046 4129 2270 4200; x_wconf 83' lang='lat' dir='ltr'><strong>speciei,</strong></span> <span class='ocrx_word' id='word_1_648' title='bbox 2302 4129 2419 4182; x_wconf 84' lang='lat' dir='ltr'><strong>sive</strong></span> <span class='ocrx_word' id='word_1_649' title='bbox 2452 4137 2682 4181; x_wconf 67' lang='lat' dir='ltr'><strong>naturae.</strong></span> <span class='ocrx_word' id='word_1_650' title='bbox 2904 4123 3194 4178; x_wconf 78' lang='lat' dir='ltr'><strong>Dissimilis</strong></span> <span class='ocrx_word' id='word_1_651' title='bbox 3218 4122 3400 4191; x_wconf 79' lang='lat' dir='ltr'><strong>itaque</strong></span> <span class='ocrx_word' id='word_1_652' title='bbox 3425 4132 3629 4175; x_wconf 72' lang='lat' dir='ltr'><strong>natura-</strong></span> 
     </span>
    </p>
   </div>
   <div class='ocr_carea' id='block_1_84' title="bbox 2049 4213 3626 4290">
    <p class='ocr_par' dir='ltr' id='par_1_84' title="bbox 2049 4213 3626 4290">
     <span class='ocr_line' id='line_1_84' title="bbox 2049 4213 3626 4290; baseline -0.008 -12"><span class='ocrx_word' id='word_1_653' title='bbox 2049 4239 2077 4278; x_wconf 86' lang='lat' dir='ltr'><strong>a</strong></span> <span class='ocrx_word' id='word_1_654' title='bbox 2115 4222 2271 4278; x_wconf 81' lang='lat' dir='ltr'><strong>nobis</strong></span> <span class='ocrx_word' id='word_1_655' title='bbox 2296 4223 2565 4277; x_wconf 79' lang='lat' dir='ltr'><strong>exsistens</strong></span> <span class='ocrx_word' id='word_1_656' title='bbox 2598 4218 2939 4290; x_wconf 76' lang='lat' dir='ltr'><strong>Unigenitns,</strong></span> <span class='ocrx_word' id='word_1_657' title='bbox 2968 4216 3160 4271; x_wconf 89' lang='lat' dir='ltr'><strong>similis</strong></span> <span class='ocrx_word' id='word_1_658' title='bbox 3190 4214 3361 4269; x_wconf 81' lang='lat' dir='ltr'><strong>factus</strong></span> <span class='ocrx_word' id='word_1_659' title='bbox 3399 4228 3519 4269; x_wconf 88' lang='lat' dir='ltr'><strong>esse</strong></span> <span class='ocrx_word' id='word_1_660' title='bbox 3543 4213 3626 4267; x_wconf 89' lang='lat' dir='ltr'><strong>di-</strong></span> 
     </span>
    </p>
   </div>
   <div class='ocr_carea' id='block_1_85' title="bbox 2047 4301 3625 4380">
    <p class='ocr_par' dir='ltr' id='par_1_85' title="bbox 2047 4301 3625 4380">
     <span class='ocr_line' id='line_1_85' title="bbox 2047 4301 3625 4380; baseline -0.01 -12"><span class='ocrx_word' id='word_1_661' title='bbox 2047 4316 2211 4377; x_wconf 82' lang='lat' dir='ltr'><strong>citur,</strong></span> <span class='ocrx_word' id='word_1_662' title='bbox 2242 4317 2415 4367; x_wconf 77' lang='lat' dir='ltr'><strong>factus</strong></span> <span class='ocrx_word' id='word_1_663' title='bbox 2460 4312 2687 4380; x_wconf 84' lang='lat' dir='ltr'><strong>id&#39;quod</strong></span> <span class='ocrx_word' id='word_1_664' title='bbox 2721 4323 2838 4374; x_wconf 88' lang='lat' dir='ltr'><strong>nos,</strong></span> <span class='ocrx_word' id='word_1_665' title='bbox 2894 4307 2996 4361; x_wconf 90' lang='lat' dir='ltr'><strong>hoc</strong></span> <span class='ocrx_word' id='word_1_666' title='bbox 3031 4314 3133 4371; x_wconf 84' lang='lat' dir='ltr'><strong>est,</strong></span> <span class='ocrx_word' id='word_1_667' title='bbox 3181 4304 3358 4358; x_wconf 84' lang='lat' dir='ltr'><strong>homo.</strong></span> <span class='ocrx_word' id='word_1_668' title='bbox 3404 4301 3625 4356; x_wconf 84' lang='lat' dir='ltr'><strong>Factum</strong></span> 
     </span>
    </p>
   </div>
   <div class='ocr_carea' id='block_1_86' title="bbox 367 4392 1948 4475">
    <p class='ocr_par' dir='ltr' id='par_1_86' title="bbox 367 4402 1941 4475">
     <span class='ocr_line' id='line_1_86' title="bbox 367 4402 1941 4475; baseline 0.001 -19"><span class='ocrx_word' id='word_1_669' title='bbox 367 4404 567 4473; x_wconf 79' lang='grc' dir='ltr'>μόνως.</span> <span class='ocrx_word' id='word_1_670' title='bbox 599 4406 656 4457; x_wconf 75' lang='grc' dir='ltr'>ὲν</span> <span class='ocrx_word' id='word_1_671' title='bbox 678 4405 929 4470; x_wconf 77' lang='grc' dir='ltr'>άποτέξει</span> <span class='ocrx_word' id='word_1_672' title='bbox 960 4407 1029 4475; x_wconf 73' lang='grc' dir='ltr'>τῇ</span> <span class='ocrx_word' id='word_1_673' title='bbox 1063 4405 1185 4459; x_wconf 86' lang='grc' dir='ltr'>καθ’</span> <span class='ocrx_word' id='word_1_674' title='bbox 1210 4407 1384 4475; x_wconf 80' lang='grc' dir='ltr'>ἡμᾶς,</span> <span class='ocrx_word' id='word_1_675' title='bbox 1407 4406 1455 4458; x_wconf 88' lang='grc' dir='ltr'><strong>εί</strong></span> <span class='ocrx_word' id='word_1_676' title='bbox 1484 4406 1579 4459; x_wconf 70' lang='grc' dir='ltr'><strong>καὶ</strong></span> <span class='ocrx_word' id='word_1_677' title='bbox 1606 4402 1941 4475; x_wconf 78' lang='grc' dir='ltr'>παραδόξως,</span> 
     </span>
    </p>
   </div>
   <div class='ocr_carea' id='block_1_87' title="bbox 2052 4392 3627 4475">
    <p class='ocr_par' dir='ltr' id='par_1_87' title="bbox 2052 4392 3627 4467">
     <span class='ocr_line' id='line_1_87' title="bbox 2052 4392 3627 4467; baseline -0.009 -8"><span class='ocrx_word' id='word_1_678' title='bbox 2052 4419 2231 4460; x_wconf 80' lang='lat' dir='ltr'><strong>autem</strong></span> <span class='ocrx_word' id='word_1_679' title='bbox 2263 4406 2362 4459; x_wconf 79' lang='lat' dir='ltr'><strong>fuit</strong></span> <span class='ocrx_word' id='word_1_680' title='bbox 2388 4406 2508 4467; x_wconf 90' lang='lat' dir='ltr'><strong>hoc,</strong></span> <span class='ocrx_word' id='word_1_681' title='bbox 2549 4412 2601 4455; x_wconf 91' lang='lat' dir='ltr'><strong>et</strong></span> <span class='ocrx_word' id='word_1_682' title='bbox 2626 4402 2770 4455; x_wconf 54' lang='lat' dir='ltr'><strong>mete</strong></span> <span class='ocrx_word' id='word_1_683' title='bbox 2804 4400 3090 4453; x_wconf 86' lang='lat' dir='ltr'><strong>admodum</strong></span> <span class='ocrx_word' id='word_1_684' title='bbox 3122 4411 3187 4451; x_wconf 91' lang='lat' dir='ltr'><strong>ac</strong></span> <span class='ocrx_word' id='word_1_685' title='bbox 3216 4395 3554 4450; x_wconf 88' lang='lat' dir='ltr'><strong>solummodo</strong></span> <span class='ocrx_word' id='word_1_686' title='bbox 3577 4392 3627 4447; x_wconf 92' lang='lat' dir='ltr'><strong>in</strong></span> 
     </span>
    </p>
   </div>
   <div class='ocr_carea' id='block_1_88' title="bbox 360 4491 1942 4567">
    <p class='ocr_par' dir='ltr' id='par_1_88' title="bbox 360 4491 1942 4567">
     <span class='ocr_line' id='line_1_88' title="bbox 360 4491 1942 4567; baseline -0.001 -19"><span class='ocrx_word' id='word_1_687' title='bbox 360 4496 450 4548; x_wconf 79' lang='grc' dir='ltr'><strong>ἐπ’</strong></span> <span class='ocrx_word' id='word_1_688' title='bbox 473 4495 661 4549; x_wconf 78' lang='grc' dir='ltr'>αὐτοῦ.</span> <span class='ocrx_word' id='word_1_689' title='bbox 690 4496 822 4558; x_wconf 81' lang='grc' dir='ltr'>Θεὸς</span> <span class='ocrx_word' id='word_1_690' title='bbox 844 4496 954 4566; x_wconf 86' lang='grc' dir='ltr'>γὰρ</span> <span class='ocrx_word' id='word_1_691' title='bbox 983 4491 1052 4565; x_wconf 79' lang='grc' dir='ltr'>ἦν</span> <span class='ocrx_word' id='word_1_692' title='bbox 1078 4498 1106 4549; x_wconf 89' lang='lat'><strong>6</strong></span> <span class='ocrx_word' id='word_1_693' title='bbox 1127 4496 1517 4567; x_wconf 87' lang='grc' dir='ltr'>σαρκούμενος.</span> <span class='ocrx_word' id='word_1_694' title='bbox 1549 4494 1942 4565; x_wconf 79' lang='grc' dir='ltr'>Ὀμολογείσθω</span> 
     </span>
    </p>
   </div>
   <div class='ocr_carea' id='block_1_89' title="bbox 360 4587 1939 4659">
    <p class='ocr_par' dir='ltr' id='par_1_89' title="bbox 360 4587 1939 4659">
     <span class='ocr_line' id='line_1_89' title="bbox 360 4587 1939 4659; baseline 0.002 -21"><span class='ocrx_word' id='word_1_695' title='bbox 360 4604 425 4653; x_wconf 81' lang='grc' dir='ltr'><strong>γε</strong></span> <span class='ocrx_word' id='word_1_696' title='bbox 462 4588 570 4658; x_wconf 86' lang='grc' dir='ltr'>μὴν</span> <span class='ocrx_word' id='word_1_697' title='bbox 608 4587 683 4650; x_wconf 84' lang='grc' dir='ltr'>ὡς</span> <span class='ocrx_word' id='word_1_698' title='bbox 722 4587 970 4657; x_wconf 69' lang='grc' dir='ltr'>ὲψύχωτο</span> <span class='ocrx_word' id='word_1_699' title='bbox 998 4591 1201 4659; x_wconf 80' lang='grc' dir='ltr'>νοερῶς</span> <span class='ocrx_word' id='word_1_700' title='bbox 1232 4588 1293 4640; x_wconf 93' lang='grc' dir='ltr'><strong>τὸ</strong></span> <span class='ocrx_word' id='word_1_701' title='bbox 1339 4587 1537 4641; x_wconf 82' lang='grc' dir='ltr'>ἑνωθὲν</span> <span class='ocrx_word' id='word_1_702' title='bbox 1575 4587 1721 4657; x_wconf 81' lang='grc' dir='ltr'>αὐτῷ</span> <span class='ocrx_word' id='word_1_703' title='bbox 1761 4587 1939 4657; x_wconf 85' lang='grc' dir='ltr'>σῶμα.</span> 
     </span>
    </p>
   </div>
   <div class='ocr_carea' id='block_1_90' title="bbox 360 4678 1941 4749">
    <p class='ocr_par' dir='ltr' id='par_1_90' title="bbox 360 4678 1941 4749">
     <span class='ocr_line' id='line_1_90' title="bbox 360 4678 1941 4749; baseline 0.002 -19"><span class='ocrx_word' id='word_1_704' title='bbox 360 4678 441 4730; x_wconf 83' lang='grc' dir='ltr'><strong>Οὐ</strong></span> <span class='ocrx_word' id='word_1_705' title='bbox 473 4678 583 4748; x_wconf 84' lang='grc' dir='ltr'><strong>γάρ</strong></span> <span class='ocrx_word' id='word_1_706' title='bbox 618 4696 702 4731; x_wconf 93' lang='grc' dir='ltr'><strong>τοι</strong></span> <span class='ocrx_word' id='word_1_707' title='bbox 729 4679 790 4731; x_wconf 90' lang='grc' dir='ltr'><strong>τὸ</strong></span> <span class='ocrx_word' id='word_1_708' title='bbox 828 4680 1076 4749; x_wconf 82' lang='grc' dir='ltr'>κρεῖττον</span> <span class='ocrx_word' id='word_1_709' title='bbox 1103 4679 1213 4732; x_wconf 83' lang='grc' dir='ltr'><strong>τῶν</strong></span> <span class='ocrx_word' id='word_1_710' title='bbox 1247 4681 1303 4731; x_wconf 81' lang='grc' dir='ltr'>ἐν</span> <span class='ocrx_word' id='word_1_711' title='bbox 1331 4681 1462 4749; x_wconf 80' lang='grc' dir='ltr'>ἡμῖν</span> <span class='ocrx_word' id='word_1_712' title='bbox 1490 4680 1667 4747; x_wconf 80' lang='grc' dir='ltr'>ἀφεὶς,</span> <span class='ocrx_word' id='word_1_713' title='bbox 1695 4682 1941 4735; x_wconf 81' lang='grc' dir='ltr'>τουτέστι</span> 
     </span>
    </p>
   </div>
   <div class='ocr_carea' id='block_1_91' title="bbox 361 4769 1941 4841">
    <p class='ocr_par' dir='ltr' id='par_1_91' title="bbox 361 4769 1941 4841">
     <span class='ocr_line' id='line_1_91' title="bbox 361 4769 1941 4841; baseline 0.001 -18"><span class='ocrx_word' id='word_1_714' title='bbox 361 4771 561 4841; x_wconf 66' lang='grc' dir='ltr'>ψυχὴν,</span> <span class='ocrx_word' id='word_1_715' title='bbox 596 4770 761 4841; x_wconf 83' lang='grc' dir='ltr'>μόνου</span> <span class='ocrx_word' id='word_1_716' title='bbox 792 4771 1088 4841; x_wconf 78' lang='grc' dir='ltr'>πεποίηται</span> <span class='ocrx_word' id='word_1_717' title='bbox 1110 4769 1277 4839; x_wconf 84' lang='grc' dir='ltr'>φειδὼ</span> <span class='ocrx_word' id='word_1_718' title='bbox 1305 4771 1498 4840; x_wconf 81' lang='grc' dir='ltr'>γηῖνου</span> <span class='ocrx_word' id='word_1_719' title='bbox 1529 4770 1804 4840; x_wconf 84' lang='grc' dir='ltr'>σώματος,</span> <span class='ocrx_word' id='word_1_720' title='bbox 1826 4772 1941 4824; x_wconf 83' lang='grc' dir='ltr'>ἀλλ’</span> 
     </span>
    </p>
   </div>
   <div class='ocr_carea' id='block_1_92' title="bbox 361 4862 1943 4934">
    <p class='ocr_par' dir='ltr' id='par_1_92' title="bbox 361 4862 1943 4934">
     <span class='ocr_line' id='line_1_92' title="bbox 361 4862 1943 4934; baseline 0.002 -19"><span class='ocrx_word' id='word_1_721' title='bbox 361 4863 499 4933; x_wconf 77' lang='grc' dir='ltr'>ὁμοῦ</span> <span class='ocrx_word' id='word_1_722' title='bbox 531 4863 709 4933; x_wconf 80' lang='grc' dir='ltr'>ψυχῆς</span> <span class='ocrx_word' id='word_1_723' title='bbox 748 4864 839 4917; x_wconf 80' lang='grc' dir='ltr'>καὶ</span> <span class='ocrx_word' id='word_1_724' title='bbox 885 4862 1138 4934; x_wconf 85' lang='grc' dir='ltr'>σώματος</span> <span class='ocrx_word' id='word_1_725' title='bbox 1171 4863 1469 4934; x_wconf 83' lang='grc' dir='ltr'>προενόησε</span> <span class='ocrx_word' id='word_1_726' title='bbox 1512 4863 1687 4934; x_wconf 84' lang='grc' dir='ltr'>σοφῶς</span> <span class='ocrx_word' id='word_1_727' title='bbox 1711 4864 1843 4928; x_wconf 79' lang='grc' dir='ltr'>Θεὸς</span> <span class='ocrx_word' id='word_1_728' title='bbox 1867 4864 1943 4918; x_wconf 84' lang='grc' dir='ltr'>ὣν</span> 
     </span>
    </p>
   </div>
   <div class='ocr_carea' id='block_1_93' title="bbox 362 4954 614 5021">
    <p class='ocr_par' dir='ltr' id='par_1_93' title="bbox 362 4954 614 5021">
     <span class='ocr_line' id='line_1_93' title="bbox 362 4954 614 5021; baseline 0.012 -16"><span class='ocrx_word' id='word_1_729' title='bbox 362 4955 392 5005; x_wconf 88' lang='grc' dir='ltr'><strong>ὁ</strong></span> <span class='ocrx_word' id='word_1_730' title='bbox 420 4954 614 5021; x_wconf 83' lang='grc' dir='ltr'>Λόγος.</span> 
     </span>
    </p>
   </div>
   <div class='ocr_carea' id='block_1_94' title="bbox 432 5129 1944 5207">
    <p class='ocr_par' dir='ltr' id='par_1_94' title="bbox 432 5129 1944 5207">
     <span class='ocr_line' id='line_1_94' title="bbox 432 5129 1944 5207; baseline -0.005 -14"><span class='ocrx_word' id='word_1_731' title='bbox 432 5142 560 5193; x_wconf 82' lang='grc' dir='ltr'><strong>Ὀτι</strong></span> <span class='ocrx_word' id='word_1_732' title='bbox 605 5140 663 5193; x_wconf 72' lang='grc' dir='ltr'>δὲ</span> <span class='ocrx_word' id='word_1_733' title='bbox 700 5139 802 5191; x_wconf 85' lang='grc' dir='ltr'>οὐκ</span> <span class='ocrx_word' id='word_1_734' title='bbox 844 5137 1145 5207; x_wconf 71' lang='grc' dir='ltr'>ἠλλοίωται</span> <span class='ocrx_word' id='word_1_735' title='bbox 1193 5131 1436 5204; x_wconf 85' lang='grc' dir='ltr'>γεγονὼς</span> <span class='ocrx_word' id='word_1_736' title='bbox 1485 5131 1773 5201; x_wconf 71' lang='grc' dir='ltr'>ἄνθρωπος</span> <span class='ocrx_word' id='word_1_737' title='bbox 1824 5129 1944 5186; x_wconf 80' lang='grc' dir='ltr'>καθ’</span> 
     </span>
    </p>
   </div>
   <div class='ocr_carea' id='block_1_95' title="bbox 362 5228 1948 5305">
    <p class='ocr_par' dir='ltr' id='par_1_95' title="bbox 362 5228 1948 5305">
     <span class='ocr_line' id='line_1_95' title="bbox 362 5228 1948 5305; baseline -0.006 -18"><span class='ocrx_word' id='word_1_738' title='bbox 362 5237 509 5305; x_wconf 76' lang='grc' dir='ltr'>ἡμᾶς</span> <span class='ocrx_word' id='word_1_739' title='bbox 568 5235 597 5286; x_wconf 87' lang='lat'><strong>6</strong></span> <span class='ocrx_word' id='word_1_740' title='bbox 655 5234 854 5301; x_wconf 85' lang='grc' dir='ltr'>Λόγος,</span> <span class='ocrx_word' id='word_1_741' title='bbox 894 5231 1282 5301; x_wconf 73' lang='grc' dir='ltr'>διαμεμήνυκε</span> <span class='ocrx_word' id='word_1_742' title='bbox 1328 5229 1504 5295; x_wconf 76' lang='grc' dir='ltr'>λέγων</span> <span class='ocrx_word' id='word_1_743' title='bbox 1552 5229 1582 5280; x_wconf 90' lang='lat'><strong>6</strong></span> <span class='ocrx_word' id='word_1_744' title='bbox 1632 5228 1948 5295; x_wconf 80' lang='grc' dir='ltr'>Πνευματο-</span> 
     </span>
    </p>
   </div>
   <div class='ocr_carea' id='block_1_96' title="bbox 2050 4484 3632 4557">
    <p class='ocr_par' dir='ltr' id='par_1_96' title="bbox 2050 4484 3632 4557">
     <span class='ocr_line' id='line_1_96' title="bbox 2050 4484 3632 4557; baseline -0.008 -6"><span class='ocrx_word' id='word_1_745' title='bbox 2050 4497 2330 4551; x_wconf 83' lang='lat' dir='ltr'><strong>nativitate</strong></span> <span class='ocrx_word' id='word_1_746' title='bbox 2362 4505 2561 4551; x_wconf 78' lang='lat' dir='ltr'><strong>nesme</strong></span> <span class='ocrx_word' id='word_1_747' title='bbox 2601 4492 2790 4557; x_wconf 90' lang='lat' dir='ltr'><strong>simili,</strong></span> <span class='ocrx_word' id='word_1_748' title='bbox 2825 4492 3036 4545; x_wconf 87' lang='lat' dir='ltr'><strong>tametsi</strong></span> <span class='ocrx_word' id='word_1_749' title='bbox 3062 4486 3451 4542; x_wconf 79' lang='lat' dir='ltr'><strong>admirabiliter</strong></span> <span class='ocrx_word' id='word_1_750' title='bbox 3490 4484 3632 4554; x_wconf 84' lang='lat' dir='ltr'><strong>quod</strong></span> 
     </span>
    </p>
   </div>
   <div class='ocr_carea' id='block_1_97' title="bbox 2048 4576 3632 4655">
    <p class='ocr_par' dir='ltr' id='par_1_97' title="bbox 2048 4576 3632 4655">
     <span class='ocr_line' id='line_1_97' title="bbox 2048 4576 3632 4655; baseline -0.009 -14"><span class='ocrx_word' id='word_1_751' title='bbox 2048 4590 2115 4641; x_wconf 81' lang='lat' dir='ltr'><strong>ad</strong></span> <span class='ocrx_word' id='word_1_752' title='bbox 2158 4588 2331 4655; x_wconf 87' lang='lat' dir='ltr'><strong>ipsum</strong></span> <span class='ocrx_word' id='word_1_753' title='bbox 2377 4587 2590 4640; x_wconf 85' lang='lat' dir='ltr'><strong>attinet.</strong></span> <span class='ocrx_word' id='word_1_754' title='bbox 2636 4583 2781 4637; x_wconf 85' lang='lat' dir='ltr'><strong>Deus</strong></span> <span class='ocrx_word' id='word_1_755' title='bbox 2822 4580 2966 4636; x_wconf 86' lang='lat' dir='ltr'><strong>enim</strong></span> <span class='ocrx_word' id='word_1_756' title='bbox 3021 4588 3163 4645; x_wconf 82' lang='lat' dir='ltr'><strong>erat,</strong></span> <span class='ocrx_word' id='word_1_757' title='bbox 3194 4577 3288 4645; x_wconf 85' lang='lat' dir='ltr'><strong>qui</strong></span> <span class='ocrx_word' id='word_1_758' title='bbox 3320 4576 3632 4629; x_wconf 83' lang='lat' dir='ltr'><strong>incarnatus</strong></span> 
     </span>
    </p>
   </div>
   <div class='ocr_carea' id='block_1_98' title="bbox 2049 4664 3633 4743">
    <p class='ocr_par' dir='ltr' id='par_1_98' title="bbox 2049 4664 3633 4743">
     <span class='ocr_line' id='line_1_98' title="bbox 2049 4664 3633 4743; baseline -0.011 -10"><span class='ocrx_word' id='word_1_759' title='bbox 2049 4688 2151 4733; x_wconf 89' lang='lat' dir='ltr'><strong>est.</strong></span> <span class='ocrx_word' id='word_1_760' title='bbox 2192 4677 2549 4732; x_wconf 78' lang='lat' dir='ltr'><strong>Droliteamur</strong></span> <span class='ocrx_word' id='word_1_761' title='bbox 2586 4676 2775 4743; x_wconf 90' lang='lat' dir='ltr'><strong>utique</strong></span> <span class='ocrx_word' id='word_1_762' title='bbox 2813 4672 3109 4725; x_wconf 87' lang='lat' dir='ltr'><strong>animatum</strong></span> <span class='ocrx_word' id='word_1_763' title='bbox 3141 4679 3259 4722; x_wconf 89' lang='lat' dir='ltr'><strong>esse</strong></span> <span class='ocrx_word' id='word_1_764' title='bbox 3294 4664 3633 4719; x_wconf 82' lang='lat' dir='ltr'><strong>intellectua-</strong></span> 
     </span>
    </p>
   </div>
   <div class='ocr_carea' id='block_1_99' title="bbox 2049 4754 3632 4838">
    <p class='ocr_par' dir='ltr' id='par_1_99' title="bbox 2049 4754 3632 4838">
     <span class='ocr_line' id='line_1_99' title="bbox 2049 4754 3632 4838; baseline -0.011 -13"><span class='ocrx_word' id='word_1_765' title='bbox 2049 4773 2177 4826; x_wconf 89' lang='lat' dir='ltr'><strong>liter</strong></span> <span class='ocrx_word' id='word_1_766' title='bbox 2200 4783 2396 4838; x_wconf 87' lang='lat' dir='ltr'><strong>corpus</strong></span> <span class='ocrx_word' id='word_1_767' title='bbox 2439 4768 2538 4838; x_wconf 89' lang='lat' dir='ltr'><strong>ipsi</strong></span> <span class='ocrx_word' id='word_1_768' title='bbox 2586 4767 2819 4821; x_wconf 85' lang='lat' dir='ltr'><strong>unitum.</strong></span> <span class='ocrx_word' id='word_1_769' title='bbox 2868 4761 3055 4831; x_wconf 85' lang='lat' dir='ltr'><strong>Neque</strong></span> <span class='ocrx_word' id='word_1_770' title='bbox 3083 4760 3225 4814; x_wconf 89' lang='lat' dir='ltr'><strong>enim</strong></span> <span class='ocrx_word' id='word_1_771' title='bbox 3256 4754 3632 4826; x_wconf 60' lang='lat' dir='ltr'><strong>prastantiore</strong></span> 
     </span>
    </p>
   </div>
   <div class='ocr_carea' id='block_1_100' title="bbox 2048 4843 3629 4932">
    <p class='ocr_par' dir='ltr' id='par_1_100' title="bbox 2048 4843 3629 4932">
     <span class='ocr_line' id='line_1_100' title="bbox 2048 4843 3629 4932; baseline -0.014 -14"><span class='ocrx_word' id='word_1_772' title='bbox 2048 4863 2222 4918; x_wconf 89' lang='lat' dir='ltr'><strong>nostri</strong></span> <span class='ocrx_word' id='word_1_773' title='bbox 2256 4872 2430 4932; x_wconf 86' lang='lat' dir='ltr'><strong>parte,</strong></span> <span class='ocrx_word' id='word_1_774' title='bbox 2466 4862 2570 4915; x_wconf 80' lang='lat' dir='ltr'><strong>hoc</strong></span> <span class='ocrx_word' id='word_1_775' title='bbox 2593 4866 2696 4924; x_wconf 89' lang='lat' dir='ltr'><strong>est,</strong></span> <span class='ocrx_word' id='word_1_776' title='bbox 2730 4856 2909 4911; x_wconf 83' lang='lat' dir='ltr'><strong>anima</strong></span> <span class='ocrx_word' id='word_1_777' title='bbox 2936 4852 3199 4923; x_wconf 75' lang='lat' dir='ltr'><strong>neglecta,</strong></span> <span class='ocrx_word' id='word_1_778' title='bbox 3228 4847 3395 4903; x_wconf 88' lang='lat' dir='ltr'><strong>solius</strong></span> <span class='ocrx_word' id='word_1_779' title='bbox 3426 4843 3629 4900; x_wconf 86' lang='lat' dir='ltr'><strong>terreni</strong></span> 
     </span>
    </p>
   </div>
   <div class='ocr_carea' id='block_1_101' title="bbox 2049 4940 3629 5023">
    <p class='ocr_par' dir='ltr' id='par_1_101' title="bbox 2049 4940 3629 5023">
     <span class='ocr_line' id='line_1_101' title="bbox 2049 4940 3629 5023; baseline -0.01 -15"><span class='ocrx_word' id='word_1_780' title='bbox 2049 4956 2297 5023; x_wconf 78' lang='lat' dir='ltr'><strong>corporis</strong></span> <span class='ocrx_word' id='word_1_781' title='bbox 2330 4968 2460 5009; x_wconf 88' lang='lat' dir='ltr'><strong>cura</strong></span> <span class='ocrx_word' id='word_1_782' title='bbox 2500 4951 2685 5005; x_wconf 84' lang='lat' dir='ltr'><strong>habita</strong></span> <span class='ocrx_word' id='word_1_783' title='bbox 2722 4957 2823 5013; x_wconf 87' lang='lat' dir='ltr'><strong>est,</strong></span> <span class='ocrx_word' id='word_1_784' title='bbox 2864 4946 2956 5002; x_wconf 86' lang='lat' dir='ltr'><strong>sed</strong></span> <span class='ocrx_word' id='word_1_785' title='bbox 2985 4944 3147 4999; x_wconf 83' lang='lat' dir='ltr'><strong>simul</strong></span> <span class='ocrx_word' id='word_1_786' title='bbox 3174 4940 3369 4995; x_wconf 82' lang='lat' dir='ltr'><strong>animae</strong></span> <span class='ocrx_word' id='word_1_787' title='bbox 3408 4946 3463 4993; x_wconf 90' lang='lat' dir='ltr'><strong>et</strong></span> <span class='ocrx_word' id='word_1_788' title='bbox 3501 4951 3629 4993; x_wconf 88' lang='lat' dir='ltr'><strong>cor-</strong></span> 
     </span>
    </p>
   </div>
   <div class='ocr_carea' id='block_1_102' title="bbox 2048 5030 3520 5118">
    <p class='ocr_par' dir='ltr' id='par_1_102' title="bbox 2048 5030 3520 5118">
     <span class='ocr_line' id='line_1_102' title="bbox 2048 5030 3520 5118; baseline -0.014 -16"><span class='ocrx_word' id='word_1_789' title='bbox 2048 5048 2165 5118; x_wconf 88' lang='lat' dir='ltr'><strong>pori</strong></span> <span class='ocrx_word' id='word_1_790' title='bbox 2200 5046 2474 5114; x_wconf 87' lang='lat' dir='ltr'><strong>sapienter</strong></span> <span class='ocrx_word' id='word_1_791' title='bbox 2493 5041 2773 5113; x_wconf 74' lang='lat' dir='ltr'><strong>prospexit</strong></span> <span class='ocrx_word' id='word_1_792' title='bbox 2803 5039 2942 5094; x_wconf 84' lang='lat' dir='ltr'><strong>Deus</strong></span> <span class='ocrx_word' id='word_1_793' title='bbox 2967 5034 3235 5091; x_wconf 77' lang='lat' dir='ltr'><strong>exsistens</strong></span> <span class='ocrx_word' id='word_1_794' title='bbox 3259 5030 3520 5087; x_wconf 80' lang='lat' dir='ltr'><strong>Verbum.</strong></span> 
     </span>
    </p>
   </div>
   <div class='ocr_carea' id='block_1_103' title="bbox 2127 5123 3631 5197">
    <p class='ocr_par' dir='ltr' id='par_1_103' title="bbox 2127 5123 3631 5197">
     <span class='ocr_line' id='line_1_103' title="bbox 2127 5123 3631 5197; baseline -0.005 -12"><span class='ocrx_word' id='word_1_795' title='bbox 2127 5130 2284 5197; x_wconf 79' lang='lat' dir='ltr'><strong>Quod</strong></span> <span class='ocrx_word' id='word_1_796' title='bbox 2343 5139 2525 5184; x_wconf 87' lang='lat' dir='ltr'><strong>autem</strong></span> <span class='ocrx_word' id='word_1_797' title='bbox 2583 5128 2822 5184; x_wconf 84' lang='lat' dir='ltr'><strong>Verbum</strong></span> <span class='ocrx_word' id='word_1_798' title='bbox 2870 5129 3033 5183; x_wconf 87' lang='lat' dir='ltr'><strong>homo</strong></span> <span class='ocrx_word' id='word_1_799' title='bbox 3081 5126 3253 5181; x_wconf 89' lang='lat' dir='ltr'><strong>nostri</strong></span> <span class='ocrx_word' id='word_1_800' title='bbox 3306 5125 3501 5180; x_wconf 85' lang='lat' dir='ltr'><strong>similis</strong></span> <span class='ocrx_word' id='word_1_801' title='bbox 3551 5123 3631 5179; x_wconf 79' lang='lat' dir='ltr'><strong>fa-</strong></span> 
     </span>
    </p>
   </div>
   <div class='ocr_carea' id='block_1_104' title="bbox 2055 5216 3633 5290">
    <p class='ocr_par' dir='ltr' id='par_1_104' title="bbox 2055 5216 3633 5290">
     <span class='ocr_line' id='line_1_104' title="bbox 2055 5216 3633 5290; baseline -0.004 -13"><span class='ocrx_word' id='word_1_802' title='bbox 2055 5233 2203 5279; x_wconf 86' lang='lat' dir='ltr'><strong>ctum</strong></span> <span class='ocrx_word' id='word_1_803' title='bbox 2237 5223 2584 5276; x_wconf 85' lang='lat' dir='ltr'><strong>immutatum</strong></span> <span class='ocrx_word' id='word_1_804' title='bbox 2628 5236 2738 5276; x_wconf 89' lang='lat' dir='ltr'><strong>non</strong></span> <span class='ocrx_word' id='word_1_805' title='bbox 2788 5221 2880 5283; x_wconf 88' lang='lat' dir='ltr'><strong>sit,</strong></span> <span class='ocrx_word' id='word_1_806' title='bbox 2913 5218 3236 5290; x_wconf 74' lang='lat' dir='ltr'><strong>signiﬁcavit</strong></span> <span class='ocrx_word' id='word_1_807' title='bbox 3260 5218 3459 5272; x_wconf 85' lang='lat' dir='ltr'><strong>Paulus</strong></span> <span class='ocrx_word' id='word_1_808' title='bbox 3508 5216 3633 5286; x_wconf 82' lang='lat' dir='ltr'><strong>Spi-</strong></span> 
     </span>
    </p>
   </div>
   <div class='ocr_carea' id='block_1_105' title="bbox 362 5307 1948 5395">
    <p class='ocr_par' dir='ltr' id='par_1_105' title="bbox 362 5315 1948 5395">
     <span class='ocr_line' id='line_1_105' title="bbox 362 5315 1948 5395; baseline -0.006 -19"><span class='ocrx_word' id='word_1_809' title='bbox 362 5326 564 5395; x_wconf 76' lang='grc' dir='ltr'>φόροςο</span> <span class='ocrx_word' id='word_1_810' title='bbox 624 5342 641 5375; x_wconf 74' lang='grc' dir='ltr'><strong>ι</strong></span> <span class='ocrx_word' id='word_1_811' title='bbox 666 5321 874 5393; x_wconf 79' lang='grc' dir='ltr'>Ἰησοῦς</span> <span class='ocrx_word' id='word_1_812' title='bbox 918 5320 1159 5391; x_wconf 84' lang='grc' dir='ltr'>Χριστὸς</span> <span class='ocrx_word' id='word_1_813' title='bbox 1198 5320 1323 5388; x_wconf 71' lang='grc' dir='ltr'>χθδς</span> <span class='ocrx_word' id='word_1_814' title='bbox 1370 5319 1466 5373; x_wconf 79' lang='grc' dir='ltr'>καὶ</span> <span class='ocrx_word' id='word_1_815' title='bbox 1513 5318 1755 5388; x_wconf 82' lang='grc' dir='ltr'>σήμεγος</span> <span class='ocrx_word' id='word_1_816' title='bbox 1784 5318 1812 5368; x_wconf 86' lang='lat'><strong>6</strong></span> <span class='ocrx_word' id='word_1_817' title='bbox 1854 5315 1948 5368; x_wconf 86' lang='grc' dir='ltr'><strong>αὐ-</strong></span> 
     </span>
    </p>
   </div>
   <div class='ocr_carea' id='block_1_106' title="bbox 2052 5307 3633 5395">
    <p class='ocr_par' dir='ltr' id='par_1_106' title="bbox 2058 5307 3633 5370">
     <span class='ocr_line' id='line_1_106' title="bbox 2058 5307 3633 5370; baseline -0.005 0"><span class='ocrx_word' id='word_1_818' title='bbox 2058 5319 2167 5370; x_wconf 88' lang='lat' dir='ltr'><strong>ritu</strong></span> <span class='ocrx_word' id='word_1_819' title='bbox 2222 5315 2437 5369; x_wconf 81' lang='lat' dir='ltr'><strong>amatus</strong></span> <span class='ocrx_word' id='word_1_820' title='bbox 2486 5315 2721 5369; x_wconf 88' lang='lat' dir='ltr'><strong>dicens:</strong></span> <span class='ocrx_word' id='word_1_821' title='bbox 2779 5331 2799 5364; x_wconf 80' lang='grc' dir='ltr'><strong>ε</strong></span> <span class='ocrx_word' id='word_1_822' title='bbox 2850 5311 3011 5366; x_wconf 76' lang='lat' dir='ltr'><strong>.lesus</strong></span> <span class='ocrx_word' id='word_1_823' title='bbox 3063 5308 3315 5366; x_wconf 88' lang='lat' dir='ltr'><strong>Christus</strong></span> <span class='ocrx_word' id='word_1_824' title='bbox 3363 5307 3527 5362; x_wconf 89' lang='lat' dir='ltr'><strong>hodie</strong></span> <span class='ocrx_word' id='word_1_825' title='bbox 3577 5314 3633 5362; x_wconf 86' lang='lat' dir='ltr'><strong>et</strong></span> 
     </span>
    </p>
   </div>
   <div class='ocr_carea' id='block_1_107' title="bbox 360 5400 1948 5481">
    <p class='ocr_par' dir='ltr' id='par_1_107' title="bbox 360 5407 1948 5481">
     <span class='ocr_line' id='line_1_107' title="bbox 360 5407 1948 5481; baseline -0.008 -11"><span class='ocrx_word' id='word_1_826' title='bbox 360 5421 477 5479; x_wconf 70' lang='grc' dir='ltr'>τὸς.</span> <span class='ocrx_word' id='word_1_827' title='bbox 509 5417 605 5469; x_wconf 71' lang='grc' dir='ltr'>καὶ</span> <span class='ocrx_word' id='word_1_828' title='bbox 652 5419 732 5477; x_wconf 76' lang='grc' dir='ltr'>εἰς</span> <span class='ocrx_word' id='word_1_829' title='bbox 784 5416 916 5478; x_wconf 80' lang='grc' dir='ltr'>τοὺς</span> <span class='ocrx_word' id='word_1_830' title='bbox 972 5414 1204 5477; x_wconf 80' lang='grc' dir='ltr'>αίῶνας.</span> <span class='ocrx_word' id='word_1_831' title='bbox 1242 5432 1261 5465; x_wconf 71' lang='grc' dir='ltr'><strong>ι</strong></span> <span class='ocrx_word' id='word_1_832' title='bbox 1312 5413 1424 5468; x_wconf 74' lang='grc' dir='ltr'><strong>Καὶ</strong></span> <span class='ocrx_word' id='word_1_833' title='bbox 1461 5408 1795 5481; x_wconf 80' lang='grc' dir='ltr'>σημαντικὸν</span> <span class='ocrx_word' id='word_1_834' title='bbox 1850 5407 1948 5473; x_wconf 70' lang='grc' dir='ltr'>μὲν</span> 
     </span>
    </p>
   </div>
   <div class='ocr_carea' id='block_1_108' title="bbox 2052 5400 3628 5481">
    <p class='ocr_par' dir='ltr' id='par_1_108' title="bbox 2061 5400 3628 5475">
     <span class='ocr_line' id='line_1_108' title="bbox 2061 5400 3628 5475; baseline -0.005 -15"><span class='ocrx_word' id='word_1_835' title='bbox 2061 5407 2203 5473; x_wconf 78' lang='lat' dir='ltr'><strong>heri,</strong></span> <span class='ocrx_word' id='word_1_836' title='bbox 2235 5408 2353 5475; x_wconf 85' lang='lat' dir='ltr'><strong>ipse</strong></span> <span class='ocrx_word' id='word_1_837' title='bbox 2389 5415 2443 5460; x_wconf 87' lang='lat' dir='ltr'><strong>et</strong></span> <span class='ocrx_word' id='word_1_838' title='bbox 2479 5407 2535 5461; x_wconf 91' lang='lat' dir='ltr'><strong>in</strong></span> <span class='ocrx_word' id='word_1_839' title='bbox 2574 5405 2801 5470; x_wconf 63' lang='lat' dir='ltr'><strong>sarcula;</strong></span> <span class='ocrx_word' id='word_1_840' title='bbox 2837 5423 2856 5455; x_wconf 72' lang='grc' dir='ltr'><strong>ι</strong></span> <span class='ocrx_word' id='word_1_841' title='bbox 2892 5418 2957 5458; x_wconf 83' lang='lat' dir='ltr'><strong>ac</strong></span> <span class='ocrx_word' id='word_1_842' title='bbox 2995 5417 3088 5472; x_wconf 87' lang='lat' dir='ltr'><strong>per</strong></span> <span class='ocrx_word' id='word_1_843' title='bbox 3121 5402 3254 5466; x_wconf 79' lang='lat' dir='ltr'><strong>lteri,</strong></span> <span class='ocrx_word' id='word_1_844' title='bbox 3291 5400 3628 5471; x_wconf 72' lang='lat' dir='ltr'><strong>praeteritum</strong></span> 
     </span>
    </p>
   </div>
   <div class='ocr_carea' id='block_1_109' title="bbox 364 5488 1948 5579">
    <p class='ocr_par' dir='ltr' id='par_1_109' title="bbox 364 5497 1948 5579">
     <span class='ocr_line' id='line_1_109' title="bbox 364 5497 1948 5579; baseline -0.009 -15"><span class='ocrx_word' id='word_1_845' title='bbox 364 5508 459 5563; x_wconf 87' lang='grc' dir='ltr'><strong>τοῦ</strong></span> <span class='ocrx_word' id='word_1_846' title='bbox 489 5507 883 5579; x_wconf 76' lang='grc' dir='ltr'>παρῳχηκότος</span> <span class='ocrx_word' id='word_1_847' title='bbox 916 5507 1113 5576; x_wconf 81' lang='grc' dir='ltr'>χρόνου</span> <span class='ocrx_word' id='word_1_848' title='bbox 1162 5507 1425 5566; x_wconf 78' lang='grc' dir='ltr'>ποιεῖται,</span> <span class='ocrx_word' id='word_1_849' title='bbox 1457 5504 1516 5556; x_wconf 79' lang='grc' dir='ltr'><strong>τὸ</strong></span> <span class='ocrx_word' id='word_1_850' title='bbox 1564 5501 1729 5569; x_wconf 81' lang='grc' dir='ltr'>χθές,</span> <span class='ocrx_word' id='word_1_851' title='bbox 1756 5497 1853 5552; x_wconf 86' lang='grc' dir='ltr'><strong>τοῦ</strong></span> <span class='ocrx_word' id='word_1_852' title='bbox 1887 5515 1948 5566; x_wconf 87' lang='grc' dir='ltr'><strong>γε</strong></span> 
     </span>
    </p>
   </div>
   <div class='ocr_carea' id='block_1_110' title="bbox 2052 5488 3631 5579">
    <p class='ocr_par' dir='ltr' id='par_1_110' title="bbox 2060 5488 3631 5566">
     <span class='ocr_line' id='line_1_110' title="bbox 2060 5488 3631 5566; baseline -0.008 -11"><span class='ocrx_word' id='word_1_853' title='bbox 2060 5510 2273 5566; x_wconf 79' lang='lat' dir='ltr'><strong>tempus</strong></span> <span class='ocrx_word' id='word_1_854' title='bbox 2313 5496 2551 5563; x_wconf 84' lang='lat' dir='ltr'><strong>indicat;</strong></span> <span class='ocrx_word' id='word_1_855' title='bbox 2596 5511 2692 5565; x_wconf 85' lang='lat' dir='ltr'><strong>per</strong></span> <span class='ocrx_word' id='word_1_856' title='bbox 2739 5494 2915 5557; x_wconf 76' lang='lat' dir='ltr'><strong>hodie,</strong></span> <span class='ocrx_word' id='word_1_857' title='bbox 2966 5506 3242 5562; x_wconf 68' lang='lat' dir='ltr'><strong>praesens;</strong></span> <span class='ocrx_word' id='word_1_858' title='bbox 3289 5507 3384 5562; x_wconf 88' lang='lat' dir='ltr'><strong>per</strong></span> <span class='ocrx_word' id='word_1_859' title='bbox 3436 5488 3631 5543; x_wconf 69' lang='lat' dir='ltr'><strong>anicula</strong></span> 
     </span>
    </p>
   </div>
   <div class='ocr_carea' id='block_1_111' title="bbox 370 5584 1948 5671">
    <p class='ocr_par' dir='ltr' id='par_1_111' title="bbox 370 5592 1948 5671">
     <span class='ocr_line' id='line_1_111' title="bbox 370 5592 1948 5671; baseline -0.008 -17"><span class='ocrx_word' id='word_1_860' title='bbox 370 5601 479 5671; x_wconf 73' lang='grc' dir='ltr'>μὴν</span> <span class='ocrx_word' id='word_1_861' title='bbox 511 5599 833 5663; x_wconf 70' lang='grc' dir='ltr'>ἐνεστῶτος,</span> <span class='ocrx_word' id='word_1_862' title='bbox 869 5598 929 5652; x_wconf 85' lang='grc' dir='ltr'><strong>τὸ</strong></span> <span class='ocrx_word' id='word_1_863' title='bbox 959 5597 1253 5668; x_wconf 79' lang='grc' dir='ltr'>σήμερον,</span> <span class='ocrx_word' id='word_1_864' title='bbox 1285 5595 1377 5649; x_wconf 81' lang='grc' dir='ltr'><strong>τοῦ</strong></span> <span class='ocrx_word' id='word_1_865' title='bbox 1424 5595 1478 5648; x_wconf 75' lang='grc' dir='ltr'>δὲ</span> <span class='ocrx_word' id='word_1_866' title='bbox 1528 5592 1824 5655; x_wconf 71' lang='grc' dir='ltr'>ἐνεστῶτος</span> <span class='ocrx_word' id='word_1_867' title='bbox 1857 5592 1948 5643; x_wconf 78' lang='grc' dir='ltr'>καὶ</span> 
     </span>
    </p>
   </div>
   <div class='ocr_carea' id='block_1_112' title="bbox 2052 5584 3631 5671">
    <p class='ocr_par' dir='ltr' id='par_1_112' title="bbox 2062 5584 3631 5660">
     <span class='ocr_line' id='line_1_112' title="bbox 2062 5584 3631 5660; baseline -0.008 -14"><span class='ocrx_word' id='word_1_868' title='bbox 2062 5606 2216 5657; x_wconf 83' lang='lat' dir='ltr'><strong>vero,</strong></span> <span class='ocrx_word' id='word_1_869' title='bbox 2250 5602 2487 5660; x_wconf 83' lang='lat' dir='ltr'><strong>praesens</strong></span> <span class='ocrx_word' id='word_1_870' title='bbox 2518 5597 2567 5641; x_wconf 90' lang='lat' dir='ltr'><strong>et</strong></span> <span class='ocrx_word' id='word_1_871' title='bbox 2598 5588 2858 5642; x_wconf 78' lang='lat' dir='ltr'><strong>futurum.</strong></span> <span class='ocrx_word' id='word_1_872' title='bbox 2884 5584 2953 5639; x_wconf 84' lang='lat' dir='ltr'><strong>At</strong></span> <span class='ocrx_word' id='word_1_873' title='bbox 2987 5584 3033 5640; x_wconf 90' lang='lat' dir='ltr'><strong>si</strong></span> <span class='ocrx_word' id='word_1_874' title='bbox 3056 5590 3245 5655; x_wconf 76' lang='lat' dir='ltr'><strong>putant</strong></span> <span class='ocrx_word' id='word_1_875' title='bbox 3275 5596 3334 5638; x_wconf 86' lang='lat' dir='ltr'><strong>se</strong></span> <span class='ocrx_word' id='word_1_876' title='bbox 3372 5595 3631 5654; x_wconf 69' lang='lat' dir='ltr'><strong>magnum</strong></span> 
     </span>
    </p>
   </div>
   <div class='ocr_carea' id='block_1_113' title="bbox 440 5781 1265 5853">
    <p class='ocr_par' dir='ltr' id='par_1_113' title="bbox 440 5781 1265 5853">
     <span class='ocr_line' id='line_1_113' title="bbox 440 5781 1265 5853; baseline -0.004 -12"><span class='ocrx_word' id='word_1_877' title='bbox 440 5784 457 5818; x_wconf 79' lang='grc'><strong><em>⁸</em></strong></span> <span class='ocrx_word' id='word_1_878' title='bbox 494 5782 663 5841; x_wconf 84' lang='lat' dir='ltr'><strong>ICor.</strong></span> <span class='ocrx_word' id='word_1_879' title='bbox 688 5802 775 5853; x_wconf 80' lang='lat' dir='ltr'><strong>xv,</strong></span> <span class='ocrx_word' id='word_1_880' title='bbox 807 5785 898 5839; x_wconf 70' lang='lat'><strong>23.</strong></span> <span class='ocrx_word' id='word_1_881' title='bbox 971 5781 1146 5839; x_wconf 82' lang='lat' dir='ltr'><strong>’Ibid.</strong></span> <span class='ocrx_word' id='word_1_882' title='bbox 1177 5782 1265 5838; x_wconf 69' lang='lat'><strong>49.</strong></span> 
     </span>
    </p>
   </div>
  </div>
