2018 3105
225 174 275 205 907

846 170 1036 200 EUl‘llYMlI
1057 169 1239 200 ZlGABENI

1811 170 1865 201 968

225 229 328 264 aliquid
347 229 527 263 excogitasse,
548 228 620 262 quod
637 236 685 262 per
700 227 756 254 heri
772 232 799 253 ct
820 227 906 257 hodie,
923 233 1018 253 recen-

1075 225 1228 260 μέλλοντος,
1238 225 1278 256 τὸ,
1289 225 1329 256 sic
1342 225 1405 256 τοὺς
1419 223 1530 255 αἰῶνας.
1542 224 1573 251 Et
1582 223 1610 250 δὲ
1622 224 1725 251 οἴονταί
1737 233 1762 251 τι
1777 227 1862 260 σοφὶν

227 281 280 303 ιυιιι
298 276 462 310 intelligunt,
474 274 510 301 ita
526 274 739 300 contendentes:
752 272 802 305 Qui
819 272 877 299 heri
893 276 921 299 et
937 271 1019 298 hodie

227 327 279 354 cst,
296 321 433 356 quomodo
453 320 487 347 sit
504 319 586 347 etiatn
602 319 629 346 in
648 318 765 346 sa'cula?
782 317 978 345 transferemus
992 321 1020 344 et

230 376 277 395 nos
302 365 525 401 interrogationis
548 365 603 391 vim
633 364 660 391 in
686 364 874 392 contrarium:
900 363 1018 391 Verbum

228 415 298 441 Illllll
317 413 452 441 exsistens
475 412 502 438 in
537 411 647 443 saecula,
674 419 728 445 quo
749 407 828 445 pacto
847 410 960 445 recipiat
990 410 1017 437 in

229 467 257 486 se
274 459 367 486 Iteiiet
383 457 485 484 hodie?
507 456 647 490 Siquidem
671 460 713 483 est
736 463 807 482 unus
832 454 967 486 Christus,
991 458 1018 481 et

231 514 284 532 non
305 510 347 532 est
364 504 480 536 divisus,
506 503 582 538 juxta
601 502 687 529 divini
714 501 785 528 illius
811 501 885 527 Pauli
913 508 1016 528 vocem.

232 551 370 584 Scriptum
385 550 457 576 enitn
478 553 519 575 est
535 549 569 575 de
589 548 669 575 beato
695 548 824 582 Baptista,
840 547 911 582 quod
931 556 939 571 t
953 546 1019 574 Pos-

232 597 312 623 ll'ldte
331 595 403 623 videt
419 595 513 622 Jesum
528 595 681 622 venientem
696 594 729 620 ad
745 601 785 626 se,
802 599 830 620 et
849 594 933 621 dicit:
950 592 1020 620 Ecce

230 642 322 676 Agnus
346 640 403 674 Dei,
427 639 475 678 qui
493 639 562 667 tollit
577 644 719 674 peccatnnt
737 639 841 666 mundi.
862 638 912 665 llic
933 643 974 664 est
987 638 1020 665 de

231 696 285 723 quo
308 688 386 715 dixi:
403 681 466 715 Post
488 695 530 715 me
553 688 627 714 venit
650 687 702 720 vir,
723 687 768 721 qui
791 692 854 714 ante
877 695 919 714 me
935 687 1020 714 factus

233 739 284 765 est.
307 733 371 768 quia
393 734 468 767 prior
492 741 534 760 me
560 737 629 765 erat,
655 737 682 760 et
706 740 755 767 ego
771 732 924 760 nesciebam
945 740 1019 764 eum.

233 781 281 807 sed
297 785 327 807 ut
350 778 542 807 manifestatur
566 779 592 805 in
616 778 710 811 Israel,
726 783 867 812 propterea
892 778 951 805 veni
971 785 1020 813 ego
1038 775 1057 802 Β

234 825 261 852 in
285 832 356 860 aqua
382 825 524 859 baptizatus
550 826 569 852 ⁸.
589 833 599 851 ›
614 823 745 859 lntelligis
774 825 866 859 itaque
886 824 1021 859 quomodo

232 872 320 897 virum
356 877 464 900 vocans,
492 877 646 904 agnumque
676 871 763 906 ipsum
790 870 939 905 appellans,
967 877 1020 897 non

233 915 315 942 alium
335 921 396 942 esse
421 914 486 941 dicit
502 915 548 948 qui
573 914 642 941 tollit
657 921 769 949 peccata
793 914 895 947 mundi,
918 919 945 941 et
968 922 1023 941 ma-

233 967 312 995 gnam
332 960 402 986 hanc
421 964 504 993 atque
526 959 687 987 immensam
710 960 885 995 divinamque
906 960 1022 995 dignita-

233 1010 287 1033 tem
300 1007 324 1033 ei
337 1006 441 1033 tribuit.
460 1006 531 1044 Ante
547 1013 611 1033 vero
630 1013 662 1033 ac
677 1006 794 1040 priorem
807 1013 837 1033 se
859 1006 958 1033 factum
972 1006 1020 1039 ait,

233 1051 295 1079 licet
317 1051 451 1086 posterior
481 1050 581 1083 fuerit,
607 1051 712 1078 ratione
737 1051 863 1079 nimirum
892 1052 1022 1087 temporis

233 1104 287 1131 quo
310 1097 458 1123 secundum
484 1103 594 1123 carnem
620 1101 699 1123 natus
722 1101 773 1124 est.
803 1097 933 1130 Quamvis
948 1097 1020 1124 enim

235 1142 393 1169 Emmanuel
415 1146 549 1177 quatenus
573 1143 652 1169 homo
676 1147 737 1176 post
762 1142 836 1169 illum
859 1147 939 1170 natus
961 1142 1020 1175 fuit,

1072 271 1272 306 ἐννενοηκέναι,
1288 270 1318 297 τὸ
1334 270 1404 305 χθές
1429 271 1476 297 καὶ
1492 270 1628 304 σήμερον
1639 270 1701 297 ἀντὶ
1718 271 1764 297 τοῦ
1776 280 1863 306 προσ-

1072 318 1159 353 φάτου
1173 318 1324 352 δεχόμενοι,
1341 317 1540 350 διατεινόμενοί
1556 325 1584 343 τε
1599 317 1646 343 καὶ
1668 316 1807 350 λέγοντες,
1829 318 1866 344 ὀ

1071 364 1135 400 χθὲς
1154 364 1202 391 καὶ
1219 364 1352 399 σήμερον,
1366 363 1424 395 πῶς
1438 363 1471 390 ἂν
1488 364 1530 398 εῐη
1545 364 1593 390 καὶ
1609 364 1650 395 ιῐς
1665 365 1728 395 τοὺς
1744 364 1864 397 αἰῶνα;;

1074 411 1281 446 μεταστήσομεν
1293 410 1341 437 καὶ
1352 410 1431 445 ἡμεῖς
1440 410 1490 445 τὴν
1500 411 1551 445 τῆς
1561 410 1725 445 ἐρωτήσεως
1735 410 1864 445 δύναμιν,

1071 459 1111 488 el;
1126 458 1157 484 τὸ
1173 457 1235 492 ἕχον
1259 457 1398 487 ἐναντίως.
1418 457 1449 483 ὐ
1465 457 1519 491 γὰρ
1543 459 1583 488 εἰς
1612 458 1676 488 τοὺς
1701 458 1801 489 αἰῶνας
1824 458 1865 483 ὢ)

1071 504 1169 537 Λόγος,
1180 503 1238 534 πῶς
1251 503 1285 530 ἂν
1298 503 1376 529 λάὸοι
1390 503 1421 529 τὸ
1433 503 1496 538 χθὲς
1511 504 1558 529 καὶ
1570 505 1692 538 σήμερον
1703 504 1746 537 ἐφ’
1760 504 1862 538 ἑαυτῷ,

1071 550 1151 584 εἰπερ
1166 550 1240 576 ἐστὶν
1256 547 1297 581 εἷς
1318 551 1332 575 6
1347 550 1475 584 Χριστὸς,
1493 550 1540 576 καὶ
1555 550 1586 575 οὗ
1608 550 1772 583 μεμέρισται
1790 551 1864 576 aut}!

1072 595 1120 630 τὴν
1136 596 1183 622 τοῦ
1201 595 1345 622 θεσπεσίου
1366 595 1473 622 Παύλου
1500 596 1605 630 φωνήν.
1622 596 1778 629 Γέγραπται
1797 596 1864 630 γοῦν

1073 643 1137 676 περὶ
1161 641 1208 667 τοῦ
1228 642 1366 676 μακαρίου
1390 641 1607 673 Βαπτιστοῦ,ὁτι
1631 650 1641 667 ι
1667 641 1707 676 Τῇ
1727 642 1864 677 ἐπαύριον

1073 685 1166 721 βλέπει
1177 687 1222 712 τὸν
1238 686 1342 720 Ἰησοῦν
1352 687 1503 721 ἐρχόμενον
1521 687 1587 722 πρὸς
1602 687 1695 718 αὑτὸν,
1705 688 1752 713 καὶ
1768 688 1864 721 λέγει·

1074 731 1126 759 Ἴδε
1137 731 1256 766 ὸἈμνὸς
1265 732 1312 759 τοῦ
1325 732 1425 765 Θεοῦ,ό
1436 732 1522 768 αἴρων
1534 733 1674 767 ἁμαρτίαν
1685 733 1733 759 τοῦ
1746 734 1865 768 κοσμου,

1071 779 1147 813 οὗτός
1169 783 1227 808 ἐστι
1249 780 1314 815 περὶ
1335 776 1366 806 οὗ
1390 778 1446 812 ἐγὼ
1462 776 1549 805 εἷπον·
1568 777 1671 803 Ὀπίσω
1687 784 1738 812 μου
1753 777 1865 811 ἔρχεται

1071 828 1152 864 ἀνὴρ,
1178 828 1208 859 ὃς
1230 825 1386 862 ἔμπροσθέν
1405 834 1456 860 μου
1477 824 1601 858 γέγονεν,
1619 824 1662 850 ὅτι
1683 822 1792 856 πριῖιτὸς
1811 821 1864 856 μού

1072 876 1141 906 ἐστι,
1156 872 1234 907 κάγὼ
1248 873 1299 899 οὐκ
1321 870 1390 899 εῐδον
1413 871 1506 902 αὐτὸν,
1525 870 1583 897 ἀλλ’
1609 870 1651 896 ἵνα
1665 868 1809 904 φανερωθῇ
1824 867 1866 903 τῷ

1079 918 1198 955 Ἰσραὴλ,
1215 917 1259 945 διὰ
1275 916 1354 944 τοῦτο
1376 914 1458 953 ἦλθον
1475 915 1531 950 ἐγὼ
1546 916 1576 941 ὲν
1593 915 1671 941 ὕδατι
1688 914 1839 949 βαπτίζων.
1851 923 1861 938 ι

1072 963 1156 995 Σύνες
1169 960 1216 989 οὖν
1235 963 1308 994 ὅπως
1322 961 1407 996 ἄνδρα
1426 961 1523 995 λέγων,
1548 960 1594 986 καὶ
1617 959 1704 994 ἀμνὸν
1723 957 1865 993 ὀνομάζων

1072 1008 1164 1041 αὑτὸν,
1179 1008 1229 1043 οὺχ
1245 1007 1340 1043 ἕτερον
1354 1005 1424 1033 εἶναι
1438 1015 1506 1041 φησι
1519 1005 1564 1032 τδν
1579 1005 1694 1040 αἴροντα
1706 1004 1755 1039 τὴν
1769 1004 1864 1038 ἁμαρ-

1071 1056 1132 1082 τίαν
1152 1054 1200 1081 τοῦ
1225 1054 1341 1089 κόσμου,
1361 1053 1409 1079 καὶ
1431 1052 1462 1079 τὸ
1485 1052 1557 1087 μέγα
1578 1051 1658 1078 τοῦτο
1683 1050 1730 1077 καὶ
1746 1049 1865 1083 ἐξαίσιον

1072 1100 1181 1137 ἀληθῶς
1214 1100 1262 1126 καὶ
1306 1099 1456 1134 θεοπρεπὲς
1493 1097 1601 1132 ἀξίωμα
1643 1096 1866 1132 προσνενέμηκεν

1073 1146 1156 1181 αὐτῷ.
1178 1145 1355 1180 Ἐμπροπθεν
1373 1144 1403 1171 δὲ
1424 1144 1472 1171 καὶ
1493 1143 1601 1178 πρῶτον
1625 1141 1752 1176 γενέσθαι
1782 1141 1867 1176 φησὶν

234 1193 291 1216 erat
307 1193 394 1215 tamen
417 1192 479 1215 ante
499 1188 590 1215 omnia
606 1190 714 1222 szecula,
739 1195 767 1215 nt
793 1189 872 1216 Dens.
894 1190 1019 1223 Ejusdem

1075 1192 1166 1223 αὑτοῦ,
1183 1192 1270 1218 καίτοι
1286 1191 1401 1217 κατόπιν
1420 1190 1575 1224 γενόμενον,
1593 1189 1663 1214 κατὰ
1679 1187 1711 1220 γέ
1732 1195 1804 1221 φημι
1821 1187 1867 1212 τὸν

235 1235 326 1268 itaque
348 1239 388 1260 est
409 1238 436 1260 et
459 1238 596 1260 recentem
621 1241 682 1260 esse
706 1234 808 1260 ratione
831 1234 954 1261 lunnnnre
975 1243 1020 1261 na-

236 1284 314 1310 tura),
332 1284 360 1306 et
372 1283 515 1310 aeternum,
532 1279 637 1306 ratione
656 1281 762 1306 divinus.
786 1280 889 1307 Idcirco
908 1286 935 1307 ct
956 1288 1023 1314 prte-

235 1324 420 1351 stantissituus
448 1325 492 1352 ille
519 1324 635 1357 Petrus,
660 1332 713 1351 non
743 1325 842 1351 nudum
867 1329 894 1352 et
922 1326 1022 1359 alisque

235 1377 317 1398 carne
340 1370 490 1405 respiciens
520 1370 649 1402 Verbum,
675 1370 720 1397 sed
746 1370 816 1404 quod
843 1371 868 1397 in
889 1378 970 1397 carne
995 1376 1022 1398 et

235 1416 367 1451 sanguine
386 1422 568 1451 apparuerat,
593 1417 761 1444 manifestum
792 1421 819 1444 et
842 1417 1021 1443 certissimam

237 1462 298 1490 fidei
317 1463 344 1490 in
367 1463 453 1498 ipsum
475 1463 671 1498 professionem
696 1463 762 1494 edit,
780 1464 893 1490 dicens:
911 1473 919 1489 ι
938 1463 976 1489 Tn
993 1472 1022 1490 cs

235 1508 364 1536 Christus
380 1507 464 1536 Filius
479 1508 527 1536 Dei
543 1509 606 1536 vivi.
623 1518 632 1534 ι
652 1509 699 1535 Cui
716 1509 841 1535 Christus
861 1509 997 1543 respondit
1014 1517 1020 1535 :

239 1554 352 1582 «Beatus
363 1554 515 1586 es,Simon.
528 1554 564 1581 fili
574 1553 658 1586 Jonm,
667 1555 728 1588 quia
740 1562 803 1581 caro
815 1559 840 1581 et
849 1556 958 1589 sanguis
970 1562 1022 1581 non

237 1601 366 1628 revelavit
379 1600 438 1632 tibi,
455 1600 502 1628 sed
518 1599 599 1628 Pater
613 1607 690 1627 meus
707 1600 751 1633 qui
769 1604 811 1626 est
829 1600 855 1627 in
871 1601 948 1627 caelis
973 1599 994 1626 ’.
1011 1609 1019 1626 ι

237 1645 269 1672 At
288 1646 339 1673 nisi
358 1645 442 1673 altum
466 1652 561 1673 revera
584 1650 625 1672 est
645 1645 815 1679 mysterium,
831 1650 857 1672 et
878 1645 947 1672 Deus
964 1651 1024 1673 erat

239 1693 265 1719 in
290 1699 373 1719 carne
388 1701 394 1718 :
411 1691 492 1719 homo
508 1694 608 1723 autem,
636 1695 664 1716 ut
681 1690 730 1724 ipsi
748 1690 850 1722 volunt,
867 1690 1023 1718 tiliationcm

238 1744 286 1771 per
309 1737 424 1771 gratiam
452 1740 628 1768 consecutus,
650 1736 785 1769 quomodo
808 1735 922 1770 indiguit
950 1740 1024 1762 tanto

238 1782 359 1817 mysterii
380 1782 506 1813 doctore,
524 1782 592 1808 adeo
615 1786 644 1808 ut
671 1788 751 1807 nemo
768 1781 921 1807 mortalium
939 1781 1020 1808 disci’

237 1829 298 1864 pulo
311 1829 446 1859 revelat-it,
463 1828 509 1855 sed
525 1836 540 1855 a
555 1829 633 1855 Patre
649 1828 706 1862 ipso
718 1828 743 1854 id
756 1828 868 1855 edoctus
883 1828 938 1855 sit?
953 1827 1023 1861 Quin

236 1880 263 1902 et
278 1873 402 1909 discipuli
417 1881 478 1900 cmn
499 1874 572 1900 illum
592 1873 737 1907 aliquando
753 1873 778 1899 in
801 1873 868 1899 mari
891 1874 1021 1900 obamhn-
1038 1868 1060 1894 D

237 1921 336 1947 lzmtem
356 1919 503 1953 conspicati
522 1924 625 1950 essent,
642 1919 749 1945 attoniti
772 1918 903 1946 miraculo
916 1918 1021 1953 profes-

236 1966 339 1993 sionem
358 1965 418 1992 l‘nlei
436 1972 492 1992 sua:
504 1964 658 1995 ediderunt,
671 1964 792 1990 dicentes
808 1973 814 1991 :
833 1972 842 1989 t
856 1963 926 1991 Vere
938 1963 1021 1991 Filius

237 2011 282 2038 Dei
296 2019 326 2038 es
349 2015 369 2038 ³.
388 2021 397 2037 ι
418 2011 453 2038 At
470 2011 492 2038 si
506 2012 605 2038 nothus
618 2016 645 2038 et
662 2011 719 2036 falsi
738 2011 853 2037 nominis
865 2016 915 2042 est,
929 2016 955 2037 et
967 2011 1022 2037 ad-

238 2056 379 2083 ventitium
403 2056 428 2083 ei
454 2060 496 2083 est
520 2055 592 2090 quod
619 2056 656 2082 sit
682 2055 778 2088 Filius,
807 2056 938 2082 mendacii
965 2056 1023 2083 illos

238 2107 362 2135 arguant,
381 2102 450 2135 quod
463 2106 489 2128 et
499 2100 678 2136 jurejurando
692 2101 895 2128 conﬁrmarunt.
910 2102 1023 2135 Adjece-

240 2151 299 2171 runt
313 2146 396 2178 enim,
415 2155 425 2171 ‹
441 2153 514 2177 vere,
529 2155 538 2171 ›
550 2151 737 2173 assevermtes
755 2146 841 2179 ipsum
854 2153 914 2173 esse
927 2147 1024 2173 Filium

238 2189 285 2217 Dei
299 2198 330 2216 ac
347 2190 444 2217 Patris.

1072 1241 1121 1273 τῆς
1143 1238 1214 1264 κατὰ
1242 1238 1331 1271 σάρκα
1348 1237 1501 1270 γεννήσεως
1525 1234 1630 1269 χρόνον.
1660 1235 1691 1260 Εἰ
1715 1233 1769 1269 γάρ
1791 1234 1867 1259 ἐστιν

1073 1284 1200 1319 ὀψιγενὴς
1216 1283 1284 1309 καθὸ
1299 1282 1441 1316 ἄνθρωπος
1453 1282 1467 1307 6
1489 1279 1673 1315 Ἐμμανουήλ,
1693 1279 1750 1305 ἀλλ’
1763 1276 1798 1313 ἦν
1813 1278 1867 1312 ττρὸ

1074 1330 1173 1360 παντὸς
1202 1329 1298 1359 αἰῶνος
1327 1328 1364 1359 ὡς
1389 1328 1464 1357 Θεὸς.
1483 1326 1570 1352 Αὑτοῦ
1596 1325 1740 1359 τοιγαροῦν
1765 1325 1812 1350 καὶ
1836 1325 1867 1350 τὸ

1074 1376 1229 1410 πρόσφατον
1246 1373 1435 1409 ἀνθρωπίνως,
1452 1373 1498 1399 καὶ
1518 1372 1548 1398 τὸ
1567 1372 1653 1398 ἀΐδιον
1669 1371 1778 1402 θεῑκῶς,
1798 1370 1867 1396 ταύ-

1072 1430 1107 1458 τῃ
1123 1431 1162 1448 τοι
1177 1422 1223 1448 καὶ
1243 1422 1256 1447 6
1271 1421 1438 1455 πανάριστος
1466 1420 1583 1454 Πέτρος,
1610 1419 1640 1444 οὺ
1665 1418 1780 1453 γυμνὸν,
1803 1417 1865 1444 οὐδὲ

1074 1468 1193 1502 ἇσαρκοί
1208 1466 1417 1500 καταθεώμενον
1429 1465 1473 1491 τὸν
1486 1465 1580 1499 Λόγον,
1599 1464 1656 1490 ἀλλ’
1671 1464 1701 1490 ὲν
1716 1464 1798 1498 σαρκὶ
1819 1463 1867 1489 aut

1073 1513 1169 1547 αἵματι
1198 1512 1347 1546 πεφηνότα,
1368 1511 1461 1545 σαφῶς
1480 1519 1511 1536 τε
1532 1510 1579 1537 καὶ
1603 1509 1730 1541 ἀπλανῶς
1752 1510 1803 1544 τῆς
1827 1509 1867 1540 εἱς

1074 1557 1155 1583 αὐτὸν
1177 1556 1295 1587 πίστεως
1318 1555 1368 1591 τὴν
1390 1555 1520 1581 ἀπόδοσιν
1544 1555 1673 1585 ἐποιεῖτο,
1690 1554 1789 1587 λέγων.
1808 1553 1866 1579 (ΣΞ)

1074 1601 1097 1628 εἷ
1112 1604 1125 1628 6
1138 1602 1264 1637 Χριστὸς,
1283 1603 1296 1628 6
1312 1602 1374 1633 Υἱὸς
1389 1601 1435 1627 τοῦ
1448 1601 1515 1627 Θεοῦ
1533 1600 1579 1626 τοῦ
1593 1600 1693 1632 ζῶντος
1715 1609 1724 1625 ι
1749 1599 1865 1632 Ἀκήκοε

1073 1649 1101 1674 δὲ
1118 1648 1185 1682 πρὸς
1199 1647 1286 1673 τοῦτο·
1308 1647 1465 1681 «Maximo;
1482 1644 1516 1678 εἴ,
1534 1646 1635 1681 Σίμων,
1651 1646 1707 1680 Bap
1727 1646 1814 1676 Ἰωνᾶ,
1827 1645 1868 1670 ὅτι

1075 1693 1144 1728 σὰρξ
1160 1693 1206 1718 καὶ
1229 1689 1297 1726 αἷμα
1320 1693 1368 1718 οὐκ
1391 1691 1549 1726 ἁπεκάλυψέ
1572 1700 1624 1722 σοι,
1648 1691 1705 1717 ἀλλ’
1730 1691 1745 1717 6
1772 1690 1869 1724 Πατήρ

1076 1748 1138 1774 μου,
1168 1740 1182 1765 6
1206 1741 1234 1766 ἐν
1260 1740 1316 1770 τοῖς
1346 1739 1504 1773 οὐρανοῖς.)
1543 1738 1612 1764 Ἀλλ’
1633 1738 1657 1763 ει
1689 1737 1727 1772 μὴ
1751 1736 1818 1771 βαθὺ
1839 1736 1870 1761 τὸ

1076 1786 1237 1821 μυστήριον,
1252 1786 1299 1811 καὶ
1315 1785 1380 1815 Θεὸς
1396 1783 1429 1819 ἦν
1449 1785 1478 1810 ἐν
1493 1783 1587 1819 σαρκὶ,
1607 1783 1750 1817 ἄνθρωπος
1761 1782 1791 1808 δὲ
1808 1781 1869 1807 κατ’

1075 1833 1184 1864 αὐτοὺς,
1207 1833 1297 1867 χάριτι
1314 1832 1363 1865 τὴν
1383 1830 1518 1856 υἱοθεσίαν
1539 1830 1620 1864 ἔχων,
1642 1829 1700 1860 πῶς
1715 1828 1750 1855 ἂν
1770 1827 1868 1862 ὖδεήοη

1074 1878 1203 1905 τοσούτου
1218 1877 1409 1912 μυοταγωγοῦ,
1433 1876 1470 1907 ὡς
1489 1876 1590 1910 μηδένα
1608 1875 1657 1910 μὲν
1676 1874 1731 1900 τῶν
1752 1874 1800 1900 ἐπὶ
1819 1873 1868 1907 τῆς

1074 1925 1126 1959 γῆς
1156 1923 1330 1957 ἀποκαλύψαι
1359 1922 1398 1957 τῷ
1427 1922 1547 1957 μαθητῇ,
1573 1921 1720 1956 παιδευτὴν
1744 1920 1772 1946 δὲ
1802 1919 1869 1954 πρὸς

1074 1970 1153 1996 τοῦτο
1178 1970 1270 2004 λαχεῖν
1297 1969 1377 1995 αὐτὸν
1403 1969 1448 1994 τὸν
1472 1968 1596 2003 Πατέρα;
1617 1968 1671 1994 Καὶ
1693 1967 1748 2002 μὴν
1774 1966 1822 1992 καὶ
1846 1968 1869 1992 οἱ

1076 2015 1213 2042 θεσπέσιοι
1230 2014 1362 2049 μαθηταὶ,
1380 2013 1522 2040 διαθέοντα
1538 2013 1603 2039 ποτὲ
1615 2013 1664 2047 τῆς
1682 2012 1820 2046 θαλάττης
1835 2012 1869 2038 τὰ

1073 2061 1145 2087 νῶτα
1161 2061 1313 2095 βλέποντες,
1329 2060 1554 2095 κατατεθήπεσαν
1573 2059 1622 2094 μὲν
1639 2058 1689 2094 τὴν
1706 2058 1868 2093 θεοσημίαν,

1073 2107 1228 2141 ὡμολόγουν
1246 2106 1273 2132 δὲ
1288 2107 1337 2141 τὴν
1360 2106 1463 2137 πίστιν,
1479 2106 1614 2139 λέγοντες·
1636 2113 1646 2130 t
1665 2103 1786 2139 ’Δληθῶς
1800 2103 1868 2130 Θεοῦ

1075 2153 1137 2183 Υἱὸς
1161 2150 1194 2178 εἷ.
1209 2161 1218 2176 ι
1250 2151 1319 2177 Ἀλλ’
1341 2152 1366 2177 ει
1387 2151 1465 2181 νόθος
1482 2150 1540 2177 ἐστὶ
1555 2150 1602 2176 καὶ
1615 2149 1803 2184 ψευδώνυμος,
1823 2150 1869 2175 καὶ

1076 2197 1230 2232 εἰσποιητὸν
1255 2197 1310 2232 ἔχει
1331 2197 1360 2223 τὸ
1376 2195 1445 2224 εἶναι
1461 2197 1535 2228 Υἱὸς,
1555 2196 1758 2230 ἐγκαλείτωσαν
1777 2196 1870 2226 αὐτοῖς

238 2235 286 2271 τὴν
298 2235 489 2271 ψευδηγορίαν,
508 2237 649 2263 καὶτοῦτο
670 2236 842 2272 ὀμωμοκόσι.
866 2239 1080 2273 Προστεθείκασι
1114 2243 1168 2278 γὰρ
1191 2243 1232 2276 τὸ,
1248 2243 1366 2278 ἀληθῶς,
1399 2244 1463 2271 Υῐὸν
1500 2243 1582 2270 αὑτὸν
1603 2242 1674 2270 εἶναι
1697 2243 1870 2269 διαϐεϐαιού-

238 2293 314 2321 μενοι
326 2284 374 2311 τοῦ
389 2283 457 2311 Θεοῦ
473 2285 520 2311 καὶ
534 2285 651 2321 Πατρός.

273 2332 301 2358 Β.
325 2330 433 2366 Optime
449 2331 552 2358 dixisti.

274 2379 307 2405 Α.
325 2378 384 2410 Quo
398 2382 477 2412 pacto
497 2383 587 2405 autem
606 2378 688 2406 etiam
706 2379 830 2414 proprios
845 2380 926 2408 habet
944 2388 1026 2415 ange-

238 2424 279 2451 los
297 2424 381 2451 Filius
398 2424 526 2455 hominis.
549 2428 577 2451 et
599 2424 722 2459 splendet
738 2424 765 2451 in
783 2425 867 2459 gloria
882 2425 970 2453 Patris
985 2427 1026 2454 sui

237 2479 299 2498 cum
325 2471 429 2505 angelis
456 2470 552 2498 suis‘i
570 2470 604 2497 Et
632 2477 746 2497 rursus:
774 2478 783 2495 ι
805 2468 837 2496 Et
865 2469 954 2496 mittet
980 2469 1026 2496 Fi-

238 2518 291 2545 lius
320 2517 440 2544 hominis
461 2516 571 2551 angelos
595 2523 661 2544 suos
671 2516 692 2543 '.
714 2525 724 2542 ι
742 2515 770 2543 Si
791 2522 856 2543 vero
881 2516 972 2543 adhuc
997 2516 1028 2543 ti-

238 2563 299 2590 dem
322 2563 454 2597 derogant
467 2566 496 2589 et
522 2561 657 2589 increduli
676 2565 759 2594 sunt,
778 2568 840 2589 cum
855 2569 918 2589 eum
934 2561 1026 2588 divina

239 2609 323 2644 gloria
349 2609 472 2643 adeoque
495 2608 640 2643 splendida
658 2613 739 2643 atque
763 2608 863 2635 eximia
894 2607 1027 2642 dignitate

239 2660 364 2683 ornatum
376 2654 494 2687 videant,
505 2653 616 2681 audient
631 2653 779 2689 ipsummet
789 2654 927 2682 dicentem
950 2662 958 2680 :
978 2663 988 2680 ‹
1001 2653 1029 2681 Si

240 2701 307 2729 mihi
329 2708 384 2729 non
407 2696 538 2732 creditis.
556 2699 686 2735 operibus
709 2699 778 2727 meis
804 2701 907 2728 credite
917 2701 940 2727 ⁸⁵.
959 2709 969 2727 ι
997 2701 1031 2728 Et

242 2754 336 2775 rursus
349 2755 357 2775 :
372 2755 383 2773 ι
401 2747 429 2775 Si
444 2754 497 2775 non
510 2746 580 2774 facio
595 2753 678 2782 opera
693 2745 783 2775 Patris
800 2747 863 2780 mei,
884 2754 919 2775 ne
931 2746 1030 2774 creda-

277 2856 285 2871 ‘
302 2855 381 2882 Joan.
404 2864 423 2884 ι.
439 2854 533 2883 29-51.

583 2856 594 2872 ¹
611 2855 707 2885 Matth.
731 2865 786 2892 lVl,
804 2857 847 2891 l6,
862 2859 903 2887 l7.

241 2890 252 2906 ⁶
266 2889 345 2917 Juan.
359 2897 384 2922 ι,
400 2890 444 2919 58.

956 2859 967 2875 ⁸
979 2858 1075 2888 Matth.
1103 2867 1148 2888 xiv
1160 2880 1167 2894 ,
1187 2859 1232 2889 33.

1113 2335 1144 2361 Β.
1165 2335 1283 2370 ’Δριστα
1300 2335 1378 2371 ἔφης.

1114 2381 1147 2407 Α.
1163 2380 1225 2412 Πῶς
1239 2381 1268 2408 δὲ
1290 2382 1336 2408 καὶ
1357 2381 1438 2412 ἰδίους
1455 2380 1511 2416 ἔχει
1532 2381 1597 2412 τοὺς
1617 2380 1749 2415 ἀγγέλους
1773 2381 1788 2406 .'.
1809 2381 1872 2412 re;

1079 2425 1126 2453 τοῦ
1150 2425 1310 2461 ἀνθρώπου,
1337 2425 1484 2461 διαπρέπει
1505 2426 1534 2453 δὲ
1560 2426 1606 2453 καὶ
1629 2427 1659 2453 ὲν
1678 2427 1711 2461 τῇ
1737 2426 1802 2464 δόξῃ
1824 2427 1873 2454 τοῦ

1077 2470 1183 2506 Πατρδς
1195 2471 1279 2497 αὐτοῦ
1293 2471 1363 2506 μετὰ
1374 2471 1429 2498 τῶν
1443 2470 1569 2506 ἀγγέλων
1581 2471 1664 2498 αὐτοῦ
1674 2491 1682 2505 ,
1699 2471 1752 2509 Ital.
1764 2474 1849 2500 πάλιν
1862 2481 1870 2490 ο

1078 2526 1087 2543 ι
1102 2518 1156 2544 Καὶ
1171 2517 1318 2543 ἀποστελεῖ
1331 2518 1346 2544 6
1361 2517 1424 2549 Υιδς
1437 2516 1485 2544 τοῦ
1501 2516 1647 2551 ἀνθρώπου
1659 2520 1722 2549 τοὺς
1734 2519 1873 2553 ἀγγέλους

1075 2562 1170 2590 αὑτοῦ.
1186 2571 1195 2588 ι
1211 2562 1243 2589 El
1257 2562 1287 2589 δὲ
1303 2563 1350 2589 καὶ
1368 2563 1532 2590 ἀπιστοῦσιν
1547 2563 1599 2596 ἔτι,
1611 2564 1659 2590 aut
1675 2563 1737 2599 δόξῃ
1755 2563 1875 2600 θεοπρε-

1082 2610 1128 2635 πεῖ
1150 2610 1198 2636 καὶ
1215 2609 1272 2640 τοῖς
1289 2608 1361 2635 οὕτω
1379 2608 1517 2644 λαμπροῖς
1542 2610 1591 2636 καὶ
1606 2610 1772 2645 ὑπερτάτως
1787 2612 1875 2644 ἀξιώ-

1083 2662 1166 2689 μαοιν
1180 2654 1299 2689 ὁρῶντες
1316 2656 1550 2690 κατεστεμμένον,
1563 2655 1728 2682 ἁκούτονται
1744 2656 1874 2690 λέγοντος

1081 2699 1184 2727 αὐτοῦ·
1205 2709 1214 2726 ι
1241 2701 1273 2727 ιιι
1290 2702 1361 2737 ἐμοὶ,
1377 2701 1408 2728 οὒ
1431 2701 1589 2735 πιστεύετε,
1612 2703 1670 2734 τοῖς
1694 2702 1789 2737 ἔργοις
1818 2711 1872 2737 μου

1082 2747 1239 2775 πιστεύετε.
1258 2756 1268 2774 ι
1289 2748 1345 2775 Καὶ
1362 2748 1457 2776 πάλιν·
1476 2758 1486 2775 ι
1508 2748 1541 2776 Et
1556 2749 1585 2776 οὐ
1604 2750 1672 2777 ποιῶ
1686 2749 1721 2776 τὰ
1737 2749 1808 2784 ἔργα
1825 2749 1872 2776 τοῦ

1284 2862 1295 2877 ⁸
1310 2860 1406 2889 Matth.
1431 2870 1486 2898 XVI,
1507 2863 1553 2891 27.
1604 2864 1615 2880 ⁵
1631 2864 1725 2892 Matth.
1752 2873 1809 2895 un.
1827 2865 1873 2893 41.
