4036 6210
430 230 535 295 969

1430 218 1808 299 PANOPLIA
1847 239 2310 303 DOGMATICA.
2344 264 2415 276 —
2444 238 2591 301 TIT.
2625 240 2746 301 xv.

3567 235 3674 301 9'10

427 379 641 449 Πατρός
693 396 817 449 μου,
872 378 946 449 μή
992 379 1276 433 πιστεύετέ
1332 397 1439 449 μοι.
1484 380 1548 432 Ei
1593 378 1649 432 δὲ
1700 379 1857 441 ποιῶ,
1907 377 2009 430 κᾶν

2109 378 2177 433 tis
2212 378 2364 433 mihi.
2401 377 2508 433 Sed
2544 378 2590 433 si
2627 375 2789 443 facio,
2822 387 2874 432 et
2899 376 2945 431 si
2981 375 3111 431 mihi
3142 390 3247 430 non
3276 375 3520 437 creditis,
3552 388 3680 443 epe-

426 472 552 540 ἑμοὶ
591 471 667 540 μὴ
702 471 1017 541 πιστεύητε,
1046 473 1159 535 τοῖς
1190 470 1370 541 ἔργοις
1400 490 1499 542 μου
1541 471 1840 524 πιστεύετε.
1872 489 1889 522 ι
1935 470 2010 523 Τὸ

427 561 535 632 γὰρ
568 563 626 612 ὲν
666 560 939 633 ἀνθρώπῳ
985 562 1202 632 βλέπειν
1251 565 1350 635 τῆς
1385 564 1664 634 ἀφράστου
1707 562 1865 633 δόξης
1910 563 2008 633 τὴν

428 652 725 723 ὑπεροχὴν,
768 653 866 723 οὐχ
897 654 972 717 ὡς
1000 655 1287 725 ἀλλοτρίαν
1329 656 1528 726 μᾶλλον
1556 658 1724 728 ήγουν
1758 658 1815 708 ὲν
1846 657 2005 726 χάριν

425 760 519 806 τος
550 744 707 813 μέρει
749 747 1326 818 προσπεπορισμένην,
1366 748 1481 800 ἀλλ’
1511 747 1645 802 ἰδίαν
1674 750 1855 815 αὐτοῦ,
1892 750 2008 811 πῶς

427 833 530 886 οὐκ
558 834 862 896 ἀναπείσει,
898 835 980 887 ὅτι
1017 835 1148 899 Θεὸς
1179 832 1247 905 ἦν
1284 840 1341 890 ἐν
1378 838 1508 891 εἴδει
1551 838 1630 909 τῷ
1669 839 1789 893 καθ’
1836 841 2003 910 ἡμᾶς,

414 925 528 979 atati.
552 925 677 988 Υἱὸς
716 924 930 993 ἀληθῶς
962 926 1056 978 τοῦ
1092 928 1185 979 ἐπὶ
1215 929 1421 991 πάντας
1445 928 1580 982 Θεοῦ
1605 948 1620 994 ;

501 1013 564 1067 Β.
617 1012 845 1067 Ἑαυτοῦ
866 1053 881 1077 ,
909 1016 1036 1083 φησὶ
1058 1056 1072 1080 ,
1114 1018 1241 1079 τοὺς
1278 1016 1544 1085 ἀγγέλους
1574 1018 1713 1072 εἶναι
1744 1020 2006 1090 διϊσχυρί-

434 1122 586 1171 σατο,
613 1105 708 1158 καὶ
733 1104 899 1157 τῶνδε
940 1105 1049 1158 τῶν
1080 1106 1321 1176 σημείων
1364 1108 1585 1176 γέγονεν
1614 1109 2000 1182 ἀποτελεστὴς,

431 1195 767 1259 ἐνοικοῦντος
814 1195 964 1266 αὐτῷ
1006 1196 1101 1250 τοῦ
1147 1197 1353 1265 Λόγου,
1398 1199 1556 1266 δόξαν
1604 1202 1661 1256 δὲ
1710 1202 1808 1273 τὴν
1869 1204 2004 1257 ἰδίαν

429 1284 579 1356 αὐτῷ
611 1286 705 1338 καὶ
733 1286 793 1337 τὸ
817 1287 1039 1357 ἐνεργὲς
1062 1289 1244 1341 ὲκνενε
1255 1291 1506 1359 μηκότος.
1528 1292 1841 1362 Γέγραπται
1873 1296 2001 1367 γὰρ,

434 1378 516 1429 ὅτι
548 1394 566 1427 ι
614 1374 823 1445 Ἰησοῦν
858 1376 950 1429 τὸν
984 1379 1092 1431 ἀπὸ
1121 1378 1373 1450 Ναζαρὲτ
1420 1380 1495 1444 ὡς
1535 1380 1749 1453 ἔχρισεν
1779 1385 1943 1439 αὑτὸν
1975 1388 2003 1439 6

429 1467 561 1531 Θεὸς
594 1468 869 1539 Πνεύματι
895 1470 1035 1539 ἁγίῳ
1064 1472 1156 1524 καὶ
1183 1472 1429 1543 δυνάμει,
1459 1474 1757 1547 ὃςνδιῆλθεν
1783 1480 2003 1549 εὐεργε-

429 1555 560 1618 τῶν,
587 1558 683 1609 καὶ
712 1557 938 1628 ἰώμενος
968 1560 1178 1623 πάντας
1215 1564 1339 1625 τοὺς
1369 1565 2002 1638 καταδυναστευομένους

430 1645 537 1698 ὑπὸ
579 1645 676 1698 τοῦ
726 1647 994 1700 διαϐόλου.
1032 1668 1048 1697 ι
1105 1651 1481 1722 Κεχρισμένος
1518 1652 1611 1708 οὖν
1651 1660 1746 1711 καὶ
1774 1658 2002 1729 δυνάμει

432 1736 527 1787 καὶ
556 1733 857 1805 Πνεύματι,
886 1736 1252 1807 τερατουργὸς
1278 1734 1367 1809 ἦν,

498 1829 668 1898 Φησὶν
697 1828 724 1879 ό
753 1827 1026 1895 πάνσοφος
1052 1828 1259 1891 Παῦλος
1279 1843 1295 1859 ⁸
1329 1846 1347 1879 ι
1384 1827 1526 1882 Ἀλλ’
1550 1830 1682 1898 ἡμῖν
1711 1825 1791 1892 εἷς
1813 1830 1947 1893 Θαὶς
1967 1832 1997 1884 6

431 1917 645 1989 Πατὴρ,
665 1918 723 1983 ἐξ
762 1910 823 1970 οὗ
852 1916 918 1969 τὰ
953 1916 1153 1975 πάντα.
1174 1919 1270 1969 καὶ
1301 1917 1461 1985 ἡμεῖς
1493 1916 1561 1970 δι’
1589 1917 1778 1984 αὑτοῦ,
1799 1922 1889 1970 καὶ
1918 1914 2000 1981 εἷς

430 2009 634 2080 Κύριος
682 2006 890 2077 Ἰησοῦς
912 2008 1170 2077 Χριστὸς,
1194 2007 1261 2060 δι’
1289 2002 1350 2063 οῦ
1384 2009 1452 2061 τὰ
1491 2011 1692 2073 πάντα,
1719 2010 1815 2062 καὶ
1840 2011 2001 2079 ἡμεῖς

429 2099 498 2153 δι’
533 2099 722 2154 αὑτοῦ.
766 2118 784 2151 ι
824 2100 946 2162 Πῶς
1001 2095 1115 2161 οὖν,
1145 2100 1265 2152 εἰπέ
1320 2118 1433 2170 μοι,
1475 2100 1546 2154 δι’
1590 2101 1882 2171 ἀνθρώπου
1934 2104 2003 2156 τὰ

430 2195 644 2260 πάντας
675 2193 903 2247 ἁνθότου
934 2193 991 2246 δὲ
1025 2195 1123 2247 καὶ
1151 2193 1371 2261 ἀμίσως
1397 2193 1474 2258 ὡς
1510 2194 1632 2256 Υἱὸς
1666 2195 1839 2265 Πατρὶ
1876 2212 2003 2247 συν-

428 2286 709 2350 τάττεται,
743 2284 1173 2354 μεσολασοῦντος
1224 2286 1480 2351 οὒδενόςς
1531 2283 1661 2339 Είτα
1693 2287 1819 2340 ὅποι
1874 2287 2004 2339 ποτὲ

428 2377 523 2430 τὸν
550 2376 832 2445 Μονογενῆ
860 2376 1100 2448 θήσομεν
1126 2379 1205 2441 είς
1229 2378 1321 2433 τὸν
1349 2376 1514 2432 αὑτοῦ
1546 2378 1709 2433 τόπον
1737 2379 2004 2434 ἀναϐιϐά-

430 2472 615 2536 ζοντες
644 2471 736 2524 τὸν
767 2470 1076 2541 ἄνθρωπον,
1105 2470 1407 2537 καὶτοῦτο,
1446 2471 1593 2526 καθά
1622 2489 1811 2543 φησιν,
1844 2473 2003 2544 ἔνερ-

432 2561 699 2631 γούμινον
722 2560 855 2631 παρ’
885 2561 1077 2626 αὑτοῦ,
1100 2564 1195 2615 καὶ
1215 2560 1284 2616 δι’
1306 2562 1471 2616 αὐτὸν
1491 2566 1840 2633 τιμώμενονς
1870 2559 2004 2635 'Ap’

431 2652 533 2706 οὐκ
567 2652 838 2723 ἐκϐέϐηκε
866 2654 929 2707 τὸ
957 2653 1105 2718 είκὸς
1134 2656 1163 2708 6
1188 2653 1348 2722 λόγος
1376 2655 1598 2723 αὐτοῖς;
1625 2656 1726 2710 οὐκ
1761 2656 1868 2723 ἔξω
1896 2657 2001 2725 φέ-

433 2763 588 2816 ρεται
646 2745 886 2812 σκοποῦ,
941 2747 1039 2802 καὶ
1088 2745 1164 2812 ὡς
1212 2748 1316 2819 τῆς
1374 2749 1634 2820 ἀληθείας
1646 2749 1995 2829 κόλοτρόπως

431 2838 793 2910 ἡμαρτηκὼς,
825 2839 1032 2912 γελῷτο
1063 2842 1131 2897 ἂν
1166 2843 1419 2908 ἐνδίκωςς

2059 497 2063 501 ’
2106 469 2254 523 ribus
2286 469 2418 523 meis
2453 467 2658 522 credite
2714 461 2746 520 '.
2777 485 2795 517 ι
2828 464 2962 521 Cum
3002 465 3146 518 enim
3175 463 3462 518 ineﬂ'abilis
3494 463 3680 531 gloriae

2106 561 2422 617 excellentia
2457 562 2508 614 in
2558 558 2779 615 homine
2825 566 3104 623 cernatur,
3149 572 3252 611 non
3299 566 3355 609 ιιι
3400 556 3569 609 aliena
3614 554 3683 607 ab

2109 650 2225 720 ipso
2274 659 2365 704 aut
2404 666 2500 717 per
2534 649 2765 719 gratiam
2811 647 3029 711 collata,
3085 647 3178 701 sed
3218 647 3434 716 propria
3486 643 3681 713 ipsius,

2106 740 2376 807 quomodo
2416 754 2521 792 non
2562 738 2885 805 persuadeat
2935 735 3090 790 nobis
3120 736 3260 804 quod
3308 734 3444 787 Deus
3480 743 3597 785 erat
3626 731 3679 785 in

2108 833 2279 885 forma
2318 839 2519 885 nostrae
2553 830 2713 883 simili
2748 839 2799 882 et
2830 827 2999 881 Filius
3031 842 3155 882 vere
3184 828 3416 895 supremi
3450 825 3578 878 Dei?

2180 1010 2238 1063 Β.
2275 1008 2434 1074 Suos,
2463 1009 2727 1076 inquiunt,
2764 1006 2981 1076 angelos
3009 1018 3130 1060 esse
3161 1003 3316 1070 dixit,
3347 1010 3401 1056 et
3425 1002 3681 1058 miracula

2104 1100 2297 1167 edidit,
2332 1100 2401 1155 ob
2449 1099 2756 1154 inhabitans
2794 1100 2845 1151 in
2879 1112 2937 1152 se
2971 1094 3202 1150 Verbum
3224 1134 3240 1158 ,
3271 1094 3493 1165 gloriam
3526 1106 3681 1149 suam

2104 1201 2158 1246 et
2194 1194 2299 1246 vim
2331 1203 2493 1261 atque
2519 1190 2811 1246 elﬁcaciam
2845 1189 2948 1259 ipsi
2981 1187 3247 1244 tribuens.
3300 1187 3574 1256 Scriptum
3599 1194 3683 1241 est

2104 1285 2292 1338 enim:
2351 1303 2370 1336 ι
2431 1283 2615 1339 Jesum
2673 1281 3041 1345 Nazarenam,
3101 1278 3257 1335 unxit
3317 1280 3494 1348 ipsum
3542 1276 3683 1331 Deus

2105 1375 2309 1445 Spiritu
2329 1386 2513 1431 sancto
2530 1385 2585 1429 et
2605 1375 2823 1436 virtute.
2848 1383 2903 1429 et
2923 1373 3172 1428 transivit
3187 1371 3382 1441 juvans
3404 1379 3457 1425 et
3483 1384 3683 1426 sanans

2103 1482 2291 1522 oumes
2343 1468 2594 1522 obsessos
2626 1481 2655 1520 a
2691 1464 2903 1520 diabolo
2956 1460 2997 1517 ’.
3032 1482 3053 1516 ι
3089 1462 3295 1519 Unctus
3351 1462 3530 1527 itaque
3574 1459 3682 1514 viro

2107 1569 2218 1611 tute
2250 1568 2304 1610 et
2333 1556 2557 1626 Spiritu,
2591 1556 2846 1609 miracula
2884 1553 3091 1609 edebat.

2177 1827 2267 1882 Ait
2327 1826 2766 1897 sapientissimus
2812 1825 3060 1880 Paulus:
3101 1841 3118 1875 ι
3158 1823 3261 1878 Sed
3319 1822 3478 1878 nobis
3532 1838 3675 1878 unus

2110 1919 2252 1975 Deus
2308 1917 2492 1985 Pater,
2551 1934 2616 1973 ex
2664 1933 2772 1988 quo
2806 1918 3012 1977 omnia.
3062 1926 3116 1971 et
3148 1932 3250 1972 nos
3297 1930 3365 1969 ex
3428 1917 3544 1985 ipso
3576 1934 3588 1969 :
3626 1925 3683 1969 et

2110 2027 2251 2067 unus
2299 2010 2559 2067 Dominus
2613 2008 2773 2065 Jcsus
2817 2010 3109 2075 Christus,
3155 2022 3251 2078 per
3278 2023 3437 2079 quem
3470 2009 3674 2072 omnia,

2108 2112 2162 2157 et
2214 2116 2312 2156 nos
2362 2116 2459 2171 per
2488 2102 2665 2171 ipsum
2694 2102 2735 2157 ³.
2771 2121 2790 2153 ι
2840 2100 3128 2169 Quomodo
3185 2100 3369 2172 igitur,
3427 2100 3678 2165 obsecro,

2110 2209 2205 2261 per
2252 2192 2527 2248 hominem
2579 2203 2709 2247 sunt
2764 2192 2988 2248 omnia?
3039 2207 3202 2262 quam
3258 2206 3385 2247 vero
3418 2192 3490 2248 ob
3542 2208 3679 2248 can-

2108 2299 2223 2338 sam
2277 2284 2589 2339 immediate
2649 2294 2709 2339 ut
2764 2284 2930 2339 Filius
2982 2282 3128 2338 Patri
3177 2284 3529 2355 adjungitur,
3580 2298 3680 2337 ne-

2110 2376 2251 2430 mine
2277 2374 2722 2431 intervenieute?
2752 2375 2949 2431 deinde
2977 2375 3200 2431 ubinam
3234 2375 3452 2430 tandem
3470 2374 3675 2443 Unige-

2102 2482 2274 2537 uitum
2323 2473 2741 2541 collocabimus,
2776 2474 2822 2529 si
2870 2470 3144 2528 hominem
3198 2471 3252 2526 in
3288 2470 3458 2540 ipsius
3505 2470 3677 2525 locum

2103 2571 2383 2628 evehimus
2416 2583 2432 2634 ;
2466 2575 2521 2622 et
2546 2564 2801 2636 quidem,
2834 2572 2894 2619 ut
2922 2562 3023 2633 ipsi
3051 2560 3271 2626 volunt,
3302 2562 3354 2616 vi
3394 2575 3458 2616 ae
3481 2562 3680 2616 virtute

2104 2664 2171 2718 ab
2197 2663 2314 2731 ipso
2341 2657 2687 2729 insignitum,
2712 2654 2989 2725 gloriaque
3040 2668 3135 2723 per
3181 2653 3353 2723 ipsum
3382 2652 3681 2709 aﬂectum?

2109 2756 2259 2809 Anne
2286 2750 2379 2806 tibi
2409 2748 2619 2805 illorum
2648 2748 2884 2802 rationes
2916 2745 3161 2801 absurdae
3187 2753 3243 2799 et
3266 2761 3296 2797 a
3323 2758 3487 2812 scopo
3518 2746 3677 2800 aher-

2107 2850 2317 2905 rautes,
2355 2848 2517 2907 atque
2553 2838 2687 2892 adeo
2724 2852 2754 2890 a
2790 2836 3020 2891 veritate
3063 2848 3287 2905 prorsus
3323 2835 3540 2899 alienat,
3568 2835 3678 2890 risu

2111 2933 2303 2988 merito
2340 2929 2671 3001 excipiendae
2709 2926 2990 2982 videntur?

508 3015 567 3069 Β.
598 3012 938 3082 Ἄνθρωπος,
963 3012 1190 3082 φησὶν,ό
1214 3012 1307 3065 τοῦ
1337 3011 1473 3066 Θεοῦ
1501 3014 1671 3082 Λόγος
1691 3015 2004 3086 ὠνόμασται.

2172 3023 2231 3078 Β.
2269 3021 2497 3077 Verbum
2532 3020 2659 3083 Dei,
2693 3018 2975 3087 inquiunt,
3011 3026 3233 3071 vocatur
3269 3015 3463 3079 homo,
3496 3014 3679 3084 hujus-

434 3104 576 3159 κατὰ
613 3100 813 3155 τοιόνδε
843 3100 966 3154 τινὰ
997 3101 1218 3172 τρόπον.
1247 3102 1459 3173 Ὠσπερ
1485 3104 1594 3175 γὰρ
1622 3107 1650 3158 6
1681 3106 1811 3176 παρ’
1840 3106 2004 3161 αὐτοῦ

2108 3113 2306 3170 εθιιιοιιί
2328 3111 2563 3181 quadam
2591 3109 2819 3163 ratione.
2848 3105 3311 3173 Quemadmodum
3337 3106 3482 3159 enim
3515 3105 3678 3159 homo

432 3195 656 3266 ληφθεὶς
691 3193 1014 3265 ἄνθρωπος,
1060 3193 1318 3265 ἐγεννήθη
1372 3194 1470 3266 μὲν
1516 3197 1575 3248 ὲν
1624 3194 1872 3267 Βηθλεὲμ
1907 3198 2007 3268 τῆς

2108 3205 2189 3274 ιιιιί
2250 3203 2319 3258 ab
2382 3204 2495 3271 ipso
2533 3211 2840 3269 assumptus
2880 3208 2965 3254 est
3006 3209 3166 3254 natus
3226 3198 3441 3268 quidem
3485 3205 3569 3252 est
3624 3195 3680 3251 in

445 3288 724 3351 Ἰουδαίας,
772 3286 986 3356 εἴρηται
1017 3284 1073 3338 δὲ
1100 3283 1440 3357 Ναζωραῖος,
1461 3286 1549 3341 διὰ
1571 3286 1631 3340 τὸ
1655 3288 1876 3357 οίκῆσαι
1906 3289 2007 3359 τὴν

435 3380 711 3449 Ναζαρὲτ,
744 3379 889 3432 οὕτω
915 3377 1010 3430 καὶ
1037 3378 1066 3430 6
1088 3375 1220 3439 Θεὸς
1258 3376 1449 3444 Λόγος,
1494 3377 1777 3449 ἄνθρωπος
1804 3378 2004 3449 ὀνομά-

434 3470 609 3535 ζεται,
637 3468 728 3521 διὰ
761 3468 823 3520 τὸ
844 3465 1168 3536 κατοικῆσαι
1198 3466 1257 3518 ὲν
1284 3464 1575 3537 ἀνθρώπῳ.

504 3562 571 3616 Δ.
608 3560 672 3613 Ὢ
718 3558 916 3629 φρενὸς
944 3556 1362 3626 γραοπριποῦς,
1399 3557 1492 3610 καὶ
1516 3556 1609 3610 νοῦ
1647 3552 2004 3629 παρειμένον,

438 3655 533 3708 καὶ
546 3650 891 3723 βατταρίξειν
912 3648 1135 3710 εἰδότος,
1151 3648 1243 3713 καὶ.
1260 3646 1447 3716 ἕτερον
1470 3646 1646 3700 οὐδέν.
1670 3648 1999 3719 Ἐκνήψατε,

436 3747 488 3800 οι
538 3743 847 3816 μεθύοντες,
885 3738 946 3805 ἔξ
970 3738 1115 3793 οἴνου
1146 3737 1361 3803 αὐτῶν,
1394 3736 1733 3805 ὲπιφωνείτω
1774 3755 1860 3802 τις
1894 3743 2007 3805 τοῖς

437 3834 759 3899 διεναντίας,
790 3831 842 3886 τί
876 3827 1286 3901 παραϐιάζεσθε
1312 3826 1563 3898 τάληθὲς,
1589 3828 1686 3881 καὶ
1713 3830 1822 3882 τῶν
1848 3831 2006 3887 θείων

438 3929 722 3997 δογμάτων
755 3925 852 3996 τὴν
882 3923 1111 3992 δύναμιν
1154 3919 1600 3989 παρευθύνοντες,
1632 3919 1737 3986 ἔξω
1776 3923 2008 3996 φέρεσθε

2104 3296 2416 3351 Bethlehem
2443 3292 2640 3348 Judaeze
2681 3292 2704 3324 ⁵
2766 3310 2779 3346 :
2828 3291 3004 3347 dictus
3032 3301 3210 3347 autem
3253 3299 3337 3345 est
3369 3287 3678 3352 Nazarene,

2106 3389 2247 3457 quod
2275 3386 2327 3440 in
2368 3383 2636 3440 Nazareth
2680 3384 2949 3440 habitaret
2973 3384 2995 3415 '
3051 3400 3067 3449 ;
3105 3383 3177 3437 ita
3203 3393 3258 3437 et
3284 3381 3423 3436 Deus
3445 3378 3683 3436 Verbum

2111 3487 2330 3532 uocatur
2360 3476 2540 3540 homo,
2572 3475 2698 3545 quia
2735 3472 3002 3529 inhabitat
3025 3472 3077 3528 in
3109 3471 3345 3527 homine.

2162 3566 2279 3623 A.O
2294 3567 2452 3621 anilia
2468 3574 2794 3631 commenta,
2812 3578 3096 3633 merasque
3109 3577 3300 3633 nugas,
3318 3562 3506 3627 verba,
3522 3574 3684 3617 voces

2114 3670 2482 3729 praetereaque
2510 3656 2675 3711 nihil!
2707 3654 2988 3725 Evigilate,
3017 3656 3315 3718 temulenti,
3343 3668 3410 3710 ea
3438 3655 3561 3709 vino
3585 3668 3684 3708 ve-

2113 3756 2249 3811 stro,
2272 3746 2465 3800 merito
2476 3744 2598 3816 quis
2620 3743 3180 3800 hatreticisocclamet.
3196 3743 3334 3811 Quid
3533 3743 3684 3798 veri-

2115 3836 2211 3892 tati
2241 3837 2350 3890 vitn
2380 3834 2589 3892 iniertis
2613 3836 2637 3890 τ
2678 3847 2734 3891 et
2763 3835 3065 3890 divinorum
3090 3835 3398 3906 dogmatum
3427 3833 3685 3889 virtutem

2111 3928 2506 3992 sulivertentes,
2535 3942 2567 3982 a
2588 3928 2673 3982 via
2701 3926 2847 3994 regia
2865 3923 3147 3980 deﬂectitis
3171 3922 3397 3993 ?Neque
3434 3923 3604 3984 enim.
3628 3930 3687 3977 ut

438 4021 631 4091 τρίῦου
668 4023 769 4088 τῆς
807 4015 1132 4088 βασιλικῆς;
1176 4012 1370 4080 Γέγονε
1396 4010 1507 4082 γὰρ
1531 4047 1548 4075 ,
1582 4008 1659 4073 ὡς
1683 4007 1881 4070 ἔοικεν,
1918 4007 2010 4062 οὐκ

2108 4012 2339 4077 ridetur,
2360 4008 2594 4066 Verbum
2612 4008 2958 4064 rarefactum
2972 4016 3075 4072 est,
3091 4008 3183 4061 sed
3212 4006 3390 4076 potius
3407 4004 3696 4077 ἀνθρωπο-

440 4113 520 4166 ἐτι
556 4111 659 4180 μὲν
692 4108 830 4180 σὰρξ
858 4109 887 4160 6
916 4107 1089 4175 Λόγος
1118 4103 1259 4159 κατὰ
1282 4102 1379 4166 τὰς
1422 4100 1643 4171 Γραφὰς
1669 4142 1684 4165 ,
1729 4098 2010 4172 ἀνθρωττο-

2108 4100 2357 4170 πολίτης,
2374 4101 2474 4155 ltoc
2500 4109 2605 4166 est,
2626 4098 2863 4155 hominis
2886 4096 3085 4162 incola,
3101 4107 3158 4152 et
3183 4096 3510 4153 conveniens
3529 4096 3692 4153 fuerit

439 4201 665 4270 πολίτης
696 4199 755 4253 δὲ
792 4197 1015 4269 μᾶλλον,
1051 4196 1147 4250 καὶ
1173 4191 1242 4266 ἦν
1279 4192 1571 4247 ἀκόλουθον
1606 4189 1768 4245 αὑτὸν
1812 4187 2010 4259 ἀνθρω-

2109 4192 2255 4247 illum
2281 4206 2387 4246 non
2415 4190 2686 4247 hominem
2709 4190 2803 4244 sed
2838 4189 3133 4243 humanum
3159 4201 3351 4243 vocare
3384 4205 3398 4241 :
3434 4187 3693 4254 quemad-

442 4295 599 4346 παῖον
647 4290 869 4362 μᾶλλον,
911 4289 1012 4343 οὐκ
1037 4288 1321 4359 ἄνθρωπον
1346 4282 1732 4354 ὀνομάζεσθαι,
1768 4278 2010 4352 καθάπερ

2115 4281 2336 4337 modum
2349 4289 2405 4335 et
2424 4280 2517 4351 qui
2533 4278 2805 4334 Nazareth
2823 4278 3148 4334 inhabitavit
3174 4276 3490 4334 Nazarenus
3517 4279 3692 4333 dictus

2050 4342 2089 4396 D

443 4385 640 4456 ἀμέλει
676 4384 771 4438 καὶ
802 4385 831 4437 6
863 4380 1200 4451 κατοικήσας
1237 4379 1337 4448 τὴν
1382 4376 1669 4447 Ναζαρὲτ,
1703 4372 2010 4443 Ναζωραῖος

2110 4381 2215 4438 est,
2252 4386 2356 4425 non
2386 4368 2678 4424 Nazareth.
2707 4367 2962 4435 Quinimo
2979 4365 3112 4422 nihil
3142 4381 3365 4437 prorsus
3395 4367 3691 4430 obstiterit,

443 4479 758 4547 ὠνόμασται
777 4516 792 4542 ,
822 4474 919 4528 καὶ
941 4474 1001 4526 οὐ
1043 4470 1315 4540 Ναζαρέτ.
1357 4471 1545 4540 Εῐργει
1575 4468 1654 4532 δὲ,
1682 4463 1858 4538 οἶμαι,
1892 4482 2028 4519 παν-

447 4569 619 4631 τελῶς
651 4566 825 4629 οὐδὲν,
848 4564 1008 4635 εἴπερ
1041 4557 1100 4617 εὖ
1133 4561 1277 4631 ἔχειν
1308 4559 1509 4613 οἴονται
1538 4557 1600 4611 τὸ
1632 4557 1815 4627 σφίσιν
1843 4556 2029 4618 αὐτοῖς

447 4635 725 4716 ἀσυνέτως
767 4650 1154 4723 ἐξευρημένον,
1188 4648 1478 4720 ἄνθρωπον
1522 4644 1888 4717 ὀνομάζεσθαι.
1931 4643 2029 4697 σὺν

451 4746 569 4816 Υίῴ
607 4745 699 4799 τὸν
747 4744 970 4815 Πατέρα
1010 4743 1107 4796 καὶ
1135 4740 1355 4812 προσέτι
1402 4739 1463 4793 τὸ
1500 4738 1724 4809 Πνεῦμα
1763 4737 1824 4789 τὸ
1856 4736 2033 4803 ἅγιον.

454 4840 715 4892 Κατοικεῖ
743 4837 849 4907 γὰρ
877 4836 936 4890 ὲν
964 4837 1097 4907 ἡμῖν
1134 4834 1221 4888 διὰ
1247 4830 1343 4886 τοῦ
1374 4830 1711 4901 Πνεύματος,
1748 4829 1847 4898 τῆς
1872 4827 2034 4894 ἁγίας

452 4948 514 4983 τε
548 4931 643 4983 καὶ⁴
679 4928 968 4999 ὁμοουσίου
998 4927 1228 4997 Τριάδος
1275 4926 1337 4979 τὸ
1367 4925 1659 4995 πλήρωμα.
1696 4922 1806 4975 Καὶ
1837 4920 1969 4988 γοῦν
2008 4919 2036 4970 6

458 5021 667 5086 Παῦλὸς
698 5038 886 5092 φησιν’
923 5039 942 5073 ι
973 5021 1088 5074 Οὐκ
1113 5018 1292 5073 οἴδατε
1320 5018 1403 5071 ὅτι
1434 5017 1562 5080 ναὸς
1594 5014 1730 5068 Θεοῦ
1758 5017 1902 5075 ἐστε,
1935 5012 2032 5066 καὶ

455 5115 518 5167 τὸ
565 5113 791 5183 Πνεῦμα
835 5113 929 5166 τοῦ
969 5111 1106 5166 Θεοῦ
1132 5111 1380 5165 κατοικεῖ
1417 5110 1477 5163 ὲν
1519 5109 1680 5177 ὑμῖν;
1719 5126 1735 5157 ι
1783 5105 1892 5159 Καὶ
1934 5103 2040 5175 μὴν

2111 4465 2160 4521 si
2199 4472 2564 4520 commentum
2597 4460 2809 4516 illorum
2842 4474 3027 4514 verum
3056 4468 3172 4522 est,
3210 4458 3483 4513 hominem
3513 4458 3694 4512 vocari

2114 4571 2217 4611 una
2249 4570 2369 4610 cum
2391 4553 2526 4609 Filio
2540 4552 2701 4607 etiam
2726 4549 2941 4605 Patrem
2960 4557 3014 4602 et
3035 4548 3298 4619 Spiritum
3316 4547 3692 4602 sanctutqua-

2110 4646 2247 4702 bitat
2273 4646 2417 4700 enim
2450 4644 2504 4699 in
2533 4641 2690 4698 nobis
2720 4657 2816 4713 per
2845 4639 3130 4710 Spiritum,
3158 4648 3362 4693 sancta:
3389 4646 3445 4691 et
3468 4640 3698 4691 οοιιειιιι-

2110 4738 2376 4795 stantialis
2394 4734 2677 4791 Trinitatis
2700 4729 3159 4803 pleuitudo.Unde
3180 4740 3234 4784 et
3264 4727 3458 4782 Paulus
3479 4728 3653 4797 inquit
3683 4742 3697 4780 :

2116 4852 2136 4886 ι
2174 4833 2254 4887 An
2305 4830 2530 4887 nescitis
2564 4828 2703 4899 quod
2740 4826 2996 4894 templum
3029 4824 3122 4878 Dei
3180 4822 3339 4888 estis,
3380 4830 3434 4876 et
3468 4819 3702 4890 Spiritus

2110 4925 2208 4981 Dei
2242 4925 2505 4980 inhabitat
2532 4922 2586 4976 in
2618 4920 2770 4977 vobis
2825 4917 2845 4947 ⁸
2878 4917 2901 4970 ?
2930 4935 2949 4968 ι
2994 4914 3131 4981 Quin
3163 4923 3218 4970 et
3275 4913 3510 4983 ipsemet
3542 4910 3700 4966 Chri-

2112 5028 2230 5072 stus
2259 5031 2273 5069 :
2308 5034 2329 5068 ι
2363 5015 2420 5070 Si
2454 5014 2572 5085 quis
2592 5021 2739 5066 amat
2769 5024 2874 5073 me,
2906 5022 3213 5064 sermonem
3245 5019 3423 5059 meum
3446 5003 3700 5061 servabit.

2112 5114 2167 5161 et
2182 5104 2344 5161 Pater
2381 5116 2531 5159 meus
2554 5101 2737 5170 diliget
2764 5114 2887 5154 eum
2909 5138 2926 5164 ,
2950 5107 3005 5154 et
3026 5097 3330 5162 veniemus,
3362 5109 3427 5150 ac
3465 5095 3701 5149 mansio-

457 5207 554 5262 καὶ
583 5206 746 5269 αὐτὸς
764 5209 792 5260 6
815 5205 1081 5277 Χριστὸς,
1110 5223 1127 5255 ι
1153 5203 1279 5258 Ἐάν
1304 5219 1389 5265 τις
1418 5202 1610 5271 ἀγαπᾷ
1641 5217 1730 5270 με,
1764 5198 1855 5252 τὸν
1884 5198 2010 5267 λόγο

2118 5211 2240 5252 nem
2278 5194 2418 5265 apud
2444 5209 2565 5247 eum
2599 5192 2861 5246 faciemus
2928 5192 2971 5243 ⁷.
3011 5208 3032 5241 ι
3074 5188 3338 5244 Caeterum
3370 5186 3533 5241 Pater
3561 5184 3704 5239 nulla

464 5318 566 5371 μου
594 5301 851 5373 τηρήσει,
880 5300 975 5354 καὶ
998 5299 1028 5351 6
1057 5298 1248 5368 Πατήρ
1290 5312 1391 5366 μου
1423 5295 1705 5365 ἀγαπήσει
1730 5292 1915 5356 αὐτὸν,
1949 5308 2010 5345 κα

2119 5289 2328 5344 ratione
2369 5286 2545 5341 dictus
2585 5295 2671 5340 est
2722 5285 2916 5344 homo,
2959 5288 3149 5335 utnec
3192 5278 3428 5349 Spiritus
3460 5288 3704 5340 sanctus,

466 5394 819 5459 ἐλευσόμεθα,
869 5392 964 5446 καὶ
1013 5390 1182 5458 μονὴν
1246 5388 1376 5456 παρ’
1414 5387 1565 5456 αὐτῷ
1616 5383 1977 5453 ποιησόμεθα.
2024 5400 2041 5432 ι

2119 5377 2243 5448 quia
2270 5377 2325 5432 in
2371 5374 2527 5431 nobis
2561 5372 2891 5429 habitarunt.
2943 5370 3052 5425 Sed
3080 5370 3312 5425 irrident
3343 5371 3429 5426 isti
3460 5370 3710 5424 incarna-

531 5544 546 5576 ⁸
580 5543 736 5599 Juau.
763 5559 814 5605 ιι,
846 5540 934 5595 57.
1011 5539 1031 5569 ’
1052 5538 1173 5594 Act.
1198 5554 1254 5601 tt,
1284 5533 1373 5589 38.
1452 5536 1473 5567 ³
1513 5533 1527 5586 I
1558 5532 1688 5588 Cor.
1714 5547 1833 5595 vut,
1863 5529 1917 5585 6.
2003 5529 2010 5559 '

2108 5529 2242 5585 attlt.
2282 5544 2337 5593 ιι,
2372 5528 2421 5583 5.
2498 5528 2517 5558 ⁵
2546 5529 2681 5585 Luc.
2709 5544 2765 5595 ιι,
2795 5528 2884 5583 51.
2960 5530 2981 5561 ⁸
3007 5528 3027 5584 l
3057 5528 3185 5587 Cor.
3213 5545 3295 5599 ιιι,
3333 5531 3423 5589 16;
3500 5530 3522 5566 '
3545 5530 3709 5591 Joan.

496 5632 566 5671 Iv.
612 5616 697 5667 '33.

496 5632 566 5671 IV.
612 5631 697 5667 ἲς).

456 5631 487 5669 χ
775 5709 1042 5766 ΡΑτιιυι..
1086 5703 1204 5763 GR.
1248 5700 1506 5761 CXXX.

3266 5694 3333 5754 31
