4036 6210
395 200 494 266 ρτι
1734 202 2121 263 EUTHYMII
2163 206 2540 270 ZLGABENI
3542 208 3651 271 972

390 335 551 391 tionis
584 332 897 405 mysterium
926 332 1060 386 adeo
1098 340 1241 383 recta
1265 340 1425 399 atque
1453 326 1751 381 veneranda
1796 325 1978 381 Eccle-

2100 335 2236 389 Ἀλλ’
2266 338 2479 408 εἴρηται
2512 337 2611 408 μὲν
2645 339 2894 408 οὐδαμῶς
2925 340 3213 411 ἄνθρωπος
3240 344 3269 394 6
3303 341 3516 413 Πατὴρ,
3538 347 3665 399 οὒτε

391 429 486 481 sine
530 426 781 495 dogmata
827 422 895 478 ad
928 422 1221 477 absurdum
1256 419 1656 487 detorquentcs.
1696 419 1763 475 At
1797 428 1978 473 nostra

2093 425 2196 495 μὴν
2224 424 2285 477 τὸ
2310 425 2535 495 Πνεῦμα
2565 426 2624 479 τὸ
2650 426 2827 494 ἅγιον,
2870 428 2957 481 διὰ
2986 428 3045 481 τὸ
3077 433 3358 483 κατοικεῖν
3405 433 3465 484 ὲν
3508 433 3663 502 ἡμῖν.

396 534 609 573 rursum
658 517 915 587 procedat
960 514 1168 578 oratio,
1209 512 1425 566 omissis
1476 511 1684 564 illorum
1745 510 1975 567 deliriis.

394 610 451 663 Si
476 611 618 665 enim
658 609 776 665 ideo
808 604 1062 660 miracula
1094 603 1296 666 edidit,
1328 602 1449 671 quia
1481 600 1712 657 Verbum
1754 602 1809 657 in
1857 602 1975 673 ipso

2085 515 2289 568 Γελῶσι
2329 517 2387 569 δὲ
2415 510 2561 570 οὗτοι
2588 518 2685 587 τῆς
2720 519 3191 591 ὲνανθρωπήσεως
3234 520 3296 573 τὸ
3342 525 3666 594 μυστήριον,

2086 605 2507 677 περιτρέποντες
2553 612 2632 671 είς
2679 608 2741 661 τὸ
2786 608 3000 679 ἀπηχὲς
3059 607 3127 661 τὰ
3174 608 3349 671 οὕτως
3389 610 3525 681 ὀρθὰ
3572 612 3669 664 καὶ

394 711 511 756 erat
533 740 549 767 ,
582 716 743 752 unmn
780 698 1007 765 aliquem
1050 702 1357 749 sanctorum
1388 693 1768 762 prophetarum
1800 692 1975 763 ipsum

2093 695 2414 762 ὶξιάκουστα
2444 698 2886 771 τῆςἘκκλησίας
2913 700 3180 771 δόγματα.
3207 699 3352 770 Πλὴν
3378 702 3479 754 ίτω
3507 702 3671 755 πάλιν

395 807 513 846 csse
543 797 805 845 statuunt.
854 785 987 839 Nam
1016 795 1069 839 et
1099 784 1355 838 miracula
1384 798 1481 853 per
1522 799 1711 839 manus
1749 785 1981 854 prophe-

398 892 572 935 tartnu
603 880 789 934 edidit.
847 876 901 930 Si
935 890 1061 930 vero
1100 876 1151 928 in
1190 875 1273 928 his
1308 874 1500 928 Filium
1548 883 1817 937 statuunt,
1852 889 1980 943 pro-

395 975 623 1045 phetica:
675 972 788 1026 sive
841 969 1150 1039 apestolicze
1187 966 1509 1021 conditionis
1539 964 1715 1035 ipsum
1754 965 1978 1020 faciunt.

2082 790 2213 859 ήμῖν
2263 788 2403 841 κατὰ
2449 788 2577 861 ῥοῦν
2617 792 2645 842 ό
2689 790 2880 858 λόγος,
2931 794 3043 853 τοῖς
3086 790 3311 843 ἐκείνων
3346 792 3565 861 ὲμετοῖς
3610 790 3673 844 τὸ

2084 880 2296 947 χαιρεῖν
2327 877 2516 931 εἰπών.
2550 879 2615 933 Ei
2644 879 2773 949 γὰρ,
2799 878 3029 948 ἐπείπερ
3056 875 3125 949 ἧν
3153 880 3182 932 6
3207 879 3381 947 Λόγος
3412 882 3469 932 ὲν
3498 878 3672 951 αὐτῷ,

2090 968 2334 1039 σημείων
2380 968 2603 1039 γέγονεν
2638 970 3027 1040 ἁποτελεστὴς,
3076 970 3171 1023 ἕνα
3220 987 3323 1024 που
3368 970 3509 1041 τάχα
3562 971 3673 1023 τῶν

396 1067 567 1135 ἁγίων
605 1062 900 1136 προφητῶν
953 1078 1117 1131 φασιν
1167 1060 1348 1113 αὐτόν.
1400 1060 1706 1130 Ἐνήργηκε
1746 1058 1855 1131 γὰρ
1894 1059 1981 1113 διὰ
2022 1061 2203 1132 χειρὸς
2248 1063 2419 1131 ἁγίων
2488 1064 2586 1126 τὰς
2620 1062 2940 1135 θεοσημίας.
2989 1061 3051 1116 Et
3082 1062 3139 1115 δὲ
3168 1063 3227 1114 ὲν
3290 1061 3499 1126 τούτοις
3533 1058 3699 1117 εἶναι

398 1181 532 1235 φασι
575 1162 665 1216 τὸν
700 1161 847 1225 Υἱὸν,
892 1161 954 1211 ὲν
1010 1159 1367 1229 προφητικοῖς
1418 1156 1579 1208 αὑτὸν
1630 1156 1795 1225 ήγουν
1845 1158 2219 1222 ἁποστολικοίς
2251 1160 2679 1231 κατακομίζουσι
2708 1160 2949 1230 μέτροις.

468 1261 528 1313 Β.
557 1257 746 1313 Nonne
779 1256 946 1317 enim,
980 1254 1229 1320 inquiunt
1250 1290 1264 1315 ,
1302 1252 1479 1306 dictus
1510 1261 1591 1305 est
1636 1252 1897 1321 propheta
1929 1261 1981 1307 et

398 1349 672 1421 apostolus
699 1348 721 1401 ?
751 1347 933 1414 Neque
972 1344 1118 1398 enim
1155 1342 1378 1396 falleris.

470 1442 535 1494 A.
571 1438 779 1509 Moyses
809 1435 1025 1504 quidem
1055 1435 1190 1489 dixit
1213 1435 1276 1488 iis
1306 1434 1394 1503 qui
1425 1442 1581 1487 erant
1623 1447 1689 1488 ex
1722 1432 1983 1503 sanguine

400 1532 565 1589 Israel
599 1547 611 1583 :
648 1548 665 1581 ι
705 1528 1030 1598 Pr0phetam
1058 1528 1209 1581 vobis
1245 1526 1530 1581 suscitabit
1558 1524 1814 1579 Dominus
1848 1525 1986 1580 Deus

2165 1254 2221 1305 Β.
2239 1255 2311 1306 Οὐ
2339 1254 2447 1324 γὰρ
2477 1253 2714 1325 εἴρηται,
2734 1254 2888 1323 φασὶ,
2915 1251 3202 1323 προφήτης
3222 1250 3316 1304 καὶ
3345 1249 3641 1311 ἀπόστολος
3657 1268 3673 1317 ;

2090 1345 2191 1399 οὐκ
2216 1345 2280 1399 ἂν
2305 1344 2644 1414 διαψεύσαιο.

2161 1440 2226 1492 Α.
2279 1438 2337 1490 '0
2368 1438 2571 1507 Μωσῆς
2620 1436 2720 1506 μὲν
2754 1435 2856 1506 ἔφη
2902 1436 3015 1498 τοῖς
3064 1434 3122 1501 ἐξ
3156 1434 3390 1503 αἵματος
3430 1434 3671 1502 Ἰσραήλ·

2098 1550 2118 1583 ι
2154 1532 2445 1604 Προφήτην
2478 1529 2607 1599 ὑμῖν
2645 1529 2943 1598 ἀναστήσει
2987 1526 3191 1596 Κύριος
3218 1526 3245 1577 ὁ
3272 1525 3401 1587 θεὸς
3426 1525 3581 1594 ὑμῶν
3609 1527 3678 1577 ὲκ

401 1634 581 1678 vester
613 1637 675 1675 ex
714 1620 971 1673 fratribus
1016 1618 1244 1684 vestris,
1280 1618 1417 1672 sicut
1461 1631 1545 1671 me
1618 1615 1655 1669 ί.
1694 1635 1711 1667 ι
1767 1616 1904 1683 Quin
1937 1627 1991 1671 et

2093 1624 2200 1677 τῶν
2240 1622 2483 1692 ἀδελφῶν
2529 1621 2715 1692 ὑμῶν,
2762 1620 2835 1683 ὡς
2876 1618 2997 1689 ἐμέ.
3033 1638 3051 1671 ι
3095 1618 3345 1688 Γέγραφε
3391 1618 3449 1669 δὲ
3504 1618 3597 1669 καὶ
3645 1620 3677 1670 6

403 1713 615 1767 divinus
684 1710 880 1764 Paulus
942 1709 1172 1764 scribit:
1214 1726 1232 1757 ι
1284 1707 1472 1772 Unde,
1532 1708 1727 1761 fratres
1794 1708 1989 1773 sancti,

402 1800 701 1855 vocationis
717 1798 951 1853 caelestis
974 1797 1285 1865 participes,
1314 1797 1655 1851 considerate
1692 1797 1990 1866 apostolum

403 1901 457 1949 et
486 1890 792 1960 pontiﬁcem
822 1889 1176 1944 confessionis
1215 1897 1413 1943 nostra;
1441 1885 1625 1941 Jesum
1675 1885 1715 1940 ’.
1754 1905 1772 1937 ι

481 1985 948 2054 Quemadmodum
1006 1997 1133 2039 vero
1182 1997 1306 2036 eum
1360 1980 1431 2038 sit
1479 1990 1671 2036 natura
1705 1981 1867 2043 Deus,
1928 1993 1979 2039 et

414 2096 541 2137 vere
584 2078 867 2141 Dominus,
909 2074 1135 2131 formam
1173 2075 1315 2130 servi
1342 2075 1573 2143 accepit,
1614 2084 1800 2143 utpote
1830 2074 1885 2129 in
1922 2090 1983 2129 ea

412 2184 595 2240 natus,
624 2180 680 2227 et
710 2180 896 2226 nostra
929 2169 1228 2239 assumpsit
1255 2185 1269 2221 :
1306 2168 1377 2220 ita
1408 2181 1628 2235 quoque
1667 2175 1719 2217 et
1749 2166 1984 2234 pruphe-

417 2268 504 2322 tiae
526 2265 771 2334 spiritum
806 2262 976 2326 dedit,
1006 2272 1061 2316 et
1080 2260 1353 2329 apostolus
1371 2260 1730 2320 constituens,
1764 2270 1816 2312 et
1841 2273 1977 2327 pon-

416 2358 591 2412 tiﬁces
621 2370 838 2419 creans,
874 2355 1049 2408 factus
1084 2364 1167 2408 est
1219 2368 1314 2419 per
1348 2352 1527 2405 omnia
1574 2349 1769 2404 similis
1798 2347 1983 2402 fratri-

415 2448 542 2504 bus.
573 2446 646 2501 lta
673 2446 818 2502 enim
844 2454 1069 2501 voratus
1088 2453 1173 2498 est
1199 2452 1255 2497 et
1286 2443 1570 2512 propheta,
1595 2453 1650 2496 et
1677 2442 1983 2511 apostolus.

417 2548 475 2594 et
505 2537 771 2609 pontifex.

477 2636 536 2690 Β.
570 2638 863 2701 Caeterum,
882 2646 941 2692 ut
961 2636 1125 2692 etiam
1148 2635 1277 2691 deut
1306 2637 1481 2707 ipsum
1498 2653 1619 2694 esse
1644 2638 1986 2709 prophetam,

406 2747 515 2788 non
549 2742 803 2801 tanquam
834 2746 1002 2786 unum
1047 2745 1114 2785 ex
1174 2729 1450 2799 prophetis
1504 2728 1711 2784 factum
1777 2730 1985 2793 dicunt,

2094 1718 2381 1779 θεσπέσιος
2412 1714 2625 1776 Παῦλος
2652 1731 2666 1744 ·
2694 1732 2713 1765 ι
2752 1713 2935 1775 Ὥστε,
2968 1710 3191 1778 ἀδελφοὶ
3222 1710 3390 1776 ᾶγιοι,
3428 1708 3676 1778 κλήσεως

2092 1807 2415 1876 ἐπουρανίου
2457 1804 2698 1874 μέτοχοι,
2724 1803 3100 1871 κατανοήσατε
3125 1801 3214 1855 τὸν
3249 1801 3547 1854 ἀπόστολον
3580 1799 3676 1863 καὶ
3728 1866 3733 1869 1

2094 1898 2353 1968 ἀρχιερέα
2390 1896 2489 1965 τῆς
2516 1894 2803 1965 ὁμολογίας
2829 1892 2990 1963 ἡμῶν
3029 1890 3262 1964 Ἰησοῦν.
3298 1911 3316 1942 ι

2163 1982 2374 2051 Ὥσπερ
2392 1983 2447 2039 δὲ
2468 1982 2600 2045 Θεὸς
2624 1982 2702 2037 ὢν
2723 1982 2884 2052 φύσει
2911 1984 3007 2035 καὶ
3028 1982 3233 2055 Κύριος
3253 1984 3668 2055 ἀ),ηθῶς,ῑλα6α

2089 2076 2277 2131 δούλου
2300 2077 2539 2147 μορφὴν,
2565 2078 2660 2131 καὶ
2685 2078 2743 2129 ὲν
2765 2077 2903 2147 αὐτῇ
2927 2075 3191 2143 γεγονὼς,
3207 2076 3302 2129 καὶ
3331 2077 3391 2129 ὲν
3420 2078 3667 2147 προσλή-

2090 2168 2181 2237 ψει
2213 2168 2322 2222 τῶν
2372 2168 2495 2222 καθ’
2553 2170 2720 2238 ἡμᾶς,
2756 2166 2901 2221 οὕτω
2936 2171 3030 2220 καὶ
3069 2170 3170 2239 τῆς
3222 2169 3561 2238 προφητείας
3601 2170 3667 2223 ὀδ

2094 2258 2318 2327 Πνεῦμα
2349 2260 2547 2322 διδοὺς.
2567 2259 2663 2313 καὶ
2696 2258 3027 2321 ἀποστόλους
3060 2258 3402 2324 ἀναδεικνὺς,
3436 2261 3529 2312 καὶ
3560 2276 3667 2312 κα-
3700 2326 3701 2329 η

2092 2350 2282 2413 θιστὰς
2320 2350 2923 2420 ίερουργοὺς.όμοιώθη
2951 2351 3093 2405 κατὰ
3136 2351 3317 2405 πάντα
3359 2354 3473 2413 τοῖς
3510 2351 3673 2405 ἀδελ-

2092 2444 2211 2511 φοῖς
2234 2458 2247 2472 ⁸
2285 2442 2577 2512 ὠνομάσθη
2605 2444 2714 2511 γὰρ
2741 2442 2904 2507 οὕτω,
2937 2446 3031 2497 καὶ
3070 2444 3325 2515 προφήτῃ
3338 2462 3383 2509 ς,
3414 2448 3511 2497 καὶ
3533 2444 3677 2498 ἁπό-

2096 2534 2307 2597 στολος,
2342 2533 2438 2586 καὶ
2474 2533 2791 2604 ἀρχιερεύς.

2165 2638 2223 2690 Β.
2282 2637 2417 2689 Ἀλλ’
2449 2638 2499 2689 εί
2538 2636 2632 2688 καὶ
2673 2635 2815 2687 δοῖεν
2844 2634 3007 2688 αὐτὸν
3035 2631 3175 2689 εἶναι
3213 2636 3502 2707 προφήτην
3522 2680 3538 2704 ,
3572 2637 3674 2708 οὐχ

2094 2729 2167 2792 ὡς
2198 2730 2295 2782 ἕνα
2322 2728 2430 2781 τῶν
2463 2727 2759 2797 προφητῶν
2791 2726 3043 2795 γενέσθαι
3075 2728 3259 2796 φασιν,
3306 2728 3670 2799 ὑπερκεῖσθαι

406 2826 500 2880 sed
527 2824 704 2895 potius
725 2822 883 2892 longe
908 2820 1027 2877 illos
1045 2834 1326 2889 superare.
1358 2819 1422 2873 Hi
1484 2820 1629 2875 enim
1678 2831 1880 2876 certam
1928 2835 1992 2875 ac

2093 2820 2142 2872 δὲ
2187 2818 2388 2889 μᾶλλον
2427 2819 2562 2871 πολὺ
2605 2818 2673 2870 τὰ
2720 2818 2963 2871 ἐκείνων.
2998 2819 3060 2871 Ol
3091 2819 3189 2888 μὲν
3217 2818 3346 2888 γὰρ,
3386 2836 3668 2889 μεμετρη-

407 2914 684 2970 delinitam
732 2928 827 2982 pro
851 2930 915 2967 eo
944 2926 1010 2967 ac
1053 2912 1248 2984 visum.
1283 2910 1382 2965 fuit
1412 2911 1521 2967 Deo
1540 2912 1768 2981 gratiam
1797 2926 1989 2966 conse-

2090 2912 2258 2981 μένην
2301 2910 2443 2962 κατὰ
2467 2910 2527 2962 τὸ
2556 2908 2633 2979 τῷ
2672 2909 2793 2979 Θεῷ
2823 2910 3016 2963 δοκοῦν
3060 2911 3330 2981 ἐσχήκασι
3359 2912 3541 2981 χάριν,
3572 2913 3668 2964 καὶ

408 3010 515 3062 cuti
551 3016 698 3072 sunt,
725 3016 779 3061 et
815 3022 935 3075 qua:
961 3007 1012 3060 in
1040 3016 1283 3074 tempore
1303 3006 1439 3074 ipsis
1475 3007 1676 3059 accidit
1706 3021 1718 3056 :
1750 3005 1840 3058 hic
1863 3018 1992 3057 vero

2093 3005 2147 3055 ὲν
2168 3004 2346 3073 χρόνῳ
2376 3002 2822 3072 προσγενομένην
2846 3003 3027 3063 αὐτοῖς
3053 3018 3066 3031 ο
3089 3004 3117 3054 6
3137 3002 3194 3053 δὲ
3226 3003 3440 3073 πλήρης
3470 2998 3541 3074 ἦν
3567 3003 3669 3072 τῆς

407 3100 599 3169 plenus
616 3110 738 3152 erat
774 3097 1001 3150 Deitatis
1025 3097 1192 3150 etiam
1228 3113 1294 3150 ex
1329 3100 1439 3165 ipsa
1468 3097 1651 3149 statim
1689 3096 1990 3151 nativitute.

406 3187 606 3241 Aderat
634 3187 777 3241 enim
810 3188 909 3255 ipsi
941 3187 1077 3241 Deus
1096 3188 1364 3243 exsistens
1394 3186 1645 3241 Verbum.

476 3280 544 3332 Δ.
578 3278 713 3347 Ergo
733 3277 1034 3346 quantitate
1057 3279 1263 3346 gratiae,
1284 3289 1335 3333 et
1371 3277 1985 3347 longinquitatetempo-

412 3366 488 3421 ris
518 3366 789 3435 superavit
819 3362 1071 3419 Christus
1110 3381 1202 3419 eos
1236 3368 1326 3434 qtti
1362 3376 1487 3419 ante
1540 3367 1715 3435 ipsum
1776 3372 2000 3422 exstite-

416 3468 546 3514 runt
571 3469 788 3515 sanctos
812 3460 1104 3528 prophetas
1135 3477 1150 3513 :
1184 3468 1345 3527 atque
1388 3460 1487 3513 hoc
1517 3468 1601 3515 est
1651 3460 1702 3513 in
1739 3459 1854 3529 ipso
1878 3460 1995 3513 exi-

419 3551 605 3605 mimu.
635 3550 978 3619 Propositum
1013 3564 1142 3605 vero
1174 3561 1256 3606 est
1277 3551 1573 3619 inquirere,
1608 3566 1733 3604 num
1762 3552 1999 3619 praphe-

416 3651 469 3695 ta
493 3642 714 3697 omnino
739 3642 920 3707 fuerit,
954 3657 1059 3697 non
1104 3652 1282 3696 autem
1312 3658 1381 3695 an
1444 3641 1615 3706 major
1658 3652 1753 3695 aut
1799 3643 2000 3707 minor,

424 3744 519 3787 aut
561 3734 811 3802 superior
841 3748 856 3785 :
888 3733 961 3788 ita
993 3741 1053 3787 ut
1086 3733 1139 3787 in
1174 3748 1237 3787 eo
1270 3735 1413 3802 quod
1476 3734 1545 3785 sit
1596 3734 1861 3802 propheta
1887 3773 1900 3797 ,
1951 3742 2006 3787 et

418 3824 560 3893 quod
595 3840 698 3877 non
733 3825 1222 3878 excedutnostram
1281 3824 1678 3885 conditionem,
1730 3823 2003 3877 humilitas

418 3912 535 3979 ejus
561 3915 841 3975 consistat,
882 3914 1097 3968 tametsi
1151 3913 1206 3968 id
1248 3915 1314 3967 ab
1370 3914 1528 3967 initio
1574 3914 1850 3968 exstitisse
1876 3929 2004 3967 con-

418 4015 624 4067 seatur,
650 4006 785 4059 sicut
817 4016 869 4058 et
893 4005 1109 4060 divinus
1145 4005 1400 4075 Baptista,
1425 4008 1615 4076 dequo
1641 4006 1772 4060 dicit
1805 4004 1994 4059 beatus

420 4098 678 4167 angelus:
716 4116 734 4149 ι
768 4098 834 4151 Ει
889 4096 1093 4166 Spiritu
1137 4106 1325 4152 sancto
1386 4098 1680 4165 replebitur
1735 4097 1909 4151 adhuc
1948 4097 2001 4150 in

348 4242 349 4245 η
420 4199 575 4242 utero
607 4191 795 4243 matris
822 4205 930 4242 sua:
992 4190 1031 4242 ³.
1083 4208 1102 4240 ι
1132 4189 1330 4243 Deinde
1354 4188 1628 4259 quomodo
1660 4189 1747 4242 hic
1767 4187 1989 4256 quidem

419 4285 535 4328 crat
560 4290 772 4340 servus,
807 4276 894 4331 ille
923 4292 1048 4332 vero
1096 4257 1386 4331 Dominica
1417 4276 1679 4346 dignitate
1733 4276 1997 4331 illustris?
2032 4257 2073 4311 D

419 4366 497 4418 Ac
528 4366 593 4420 de
616 4367 793 4433 seipso
825 4368 1014 4422 beatus
1052 4367 1289 4423 Joannes
1316 4370 1386 4422 ita
1413 4369 1487 4422 ait
1516 4384 1529 4421 :
1567 4386 1584 4419 ι
1621 4368 1722 4435 Qui
1756 4383 1821 4421 ex
1855 4379 2001 4422 terra

419 4467 521 4518 est,
565 4469 777 4511 terrena
810 4460 1073 4527 loquitur;
1110 4479 1128 4511 ι
1158 4460 1225 4514 de
1250 4460 1601 4515 Emutunuele
1632 4475 1765 4516 vero
1794 4479 1807 4515 ι
1847 4478 1866 4513 t
1893 4460 1998 4528 Qui

419 4566 451 4603 e
476 4551 725 4619 supernis
749 4552 911 4613 venit,
951 4566 1112 4618 supra
1150 4566 1340 4607 omnes
1369 4561 1453 4606 est
1517 4549 1557 4607 ⁸.
1601 4572 1619 4606 ι

493 4724 551 4777 Β.
586 4724 749 4795 Atqui
810 4727 1045 4782 dixerint
1091 4727 1323 4783 fortasse
1372 4741 1405 4783 e
1439 4730 1711 4798 supernis,
1741 4737 1797 4786 et
1840 4745 2003 4799 supra

419 4836 611 4876 omnes
643 4834 765 4875 esse
800 4819 1031 4875 Verbum
1062 4834 1126 4874 ex
1161 4820 1269 4875 Deo
1292 4820 1454 4877 Patre
1484 4824 1726 4893 genitum
1755 4840 1770 4888 ;
1808 4837 2003 4877 veren-

422 4922 510 4967 tur
550 4924 727 4967 autem
772 4911 847 4966 illi
902 4912 1142 4968 tribuere
1181 4909 1440 4981 liumana,
1472 4928 1541 4969 ne
1587 4915 1762 4985 ipsum
1804 4914 2001 4984 injuria

420 5004 654 5069 allicere,
706 5004 1041 5074 gloriamque
1086 5006 1254 5074 ipsius
1314 5005 1633 5062 imminuere
1684 5006 1991 5061 videantur.

423 5096 628 5151 Idcirco
654 5096 984 5151 contendunt
1018 5096 1190 5165 ipsum
1228 5111 1508 5154 assumere
1523 5098 1825 5163 hominem,
1855 5112 2003 5153 eunt-

422 5202 526 5257 que
555 5187 1014 5257 sibiconjungere,
1039 5189 1089 5241 in
1138 5202 1300 5257 quem
1358 5192 1556 5244 cadant
1587 5192 1733 5245 etde
1767 5206 1877 5260 quo
1926 5192 2000 5245 di-

422 5289 616 5333 cantur
660 5278 894 5334 bominis
926 5279 1284 5347 proprietates
1319 5297 1334 5345 ;
1370 5280 1441 5334 ita
1509 5291 1567 5335 ut
1615 5280 1777 5337 Verbi
1839 5283 2007 5353 ipsius

425 5378 616 5423 natura
652 5367 854 5423 nullum
883 5368 1107 5423 omnino
1139 5370 1523 5425 detrimentum
1570 5373 1827 5443 accipiat.

502 5543 668 5596 Aiunt
707 5550 893 5612 itaque
929 5540 1211 5599 Christum
1274 5543 1672 5601 sanctiﬁcatum
1736 5562 1767 5602 a
1819 5546 2001 5603 Patre.

506 5639 523 5669 ¹
561 5637 714 5692 Deut.
751 5654 905 5700 xvnt.
934 5639 1021 5695 l5.
1122 5642 1141 5671 ⁸
1166 5641 1331 5697 llebr.
1366 5658 1446 5706 ιιι,
1478 5644 1528 5698 1.
1620 5644 1638 5675 ³
1663 5644 1793 5700 Luc.
1841 5660 1879 5709 ι,
1918 5643 2009 5698 l5.

2090 3094 2363 3164 θεότητος,
2396 3094 2490 3146 καὶ
2518 3092 2577 3159 ἐξ
2606 3094 2775 3163 αὐτῆς
2810 3094 2973 3156 εὐθὺς
2999 3095 3097 3163 τῆς
3124 3096 3435 3164 γεννήσεως
3455 3111 3470 3126 ⁸
3500 3095 3669 3163 συνῆν

2089 3186 2198 3256 γὰρ
2223 3183 2371 3254 αὐτῷ
2398 3183 2531 3247 Θεὸς
2559 3184 2636 3239 ῶν
2662 3187 2691 3237 ό
2724 3185 2919 3252 Λόγος.

2161 3276 2226 3327 Δ.
2267 3271 2479 3327 Οὐκοῦν
2524 3277 2582 3328 ὲν
2630 3274 2898 3345 ποσότητι
2949 3275 3209 3343 χάριτος,
3253 3276 3345 3328 καὶ
3396 3279 3458 3331 ιν
3500 3278 3661 3344 μήκει

2094 3355 2289 3427 καιροῦ
2334 3355 2803 3426 πεπλεονέκτηκεν
2834 3360 2863 3410 ό
2889 3360 3146 3429 Χριστὸς,
3200 3361 3326 3421 τοὺς
3361 3361 3470 3429 πρὸ
3503 3362 3671 3414 αὑτοῦ

2094 3448 2386 3517 γεγονότας
2444 3448 2633 3516 ἁγίους
2681 3451 3008 3520 προφήτας,
3059 3452 3151 3504 καὶ
3207 3452 3368 3507 τοῦτό
3407 3456 3558 3507 ἐστιν
3616 3456 3675 3507 ὲν

2094 3537 2246 3607 αὑτῷ
2282 3540 2343 3591 τὸ
2374 3538 2673 3607 ἐξαίρετον.
2724 3541 3016 3610 Πρόκειται
3064 3541 3121 3593 δὲ
3168 3542 3673 3614 πολυπραγμονεῖν,

2093 3631 2144 3685 εί
2188 3631 2477 3699 προφήτης
2520 3629 2693 3692 ὅλως,
2744 3629 2837 3683 καὶ
2882 3631 3003 3685 οὔτι
3048 3649 3150 3684 που
3196 3634 3259 3685 τὸ
3302 3634 3505 3702 μᾶλλον
3537 3638 3570 3705 ἦ
3614 3637 3677 3688 τὸ

2097 3722 2248 3793 μεῖον
2274 3720 2433 3790 ἔχων,
2458 3721 2491 3791 ἦ
2535 3723 2627 3774 καὶ
2662 3722 3061 3792 ὑπερκείμενος
3079 3764 3093 3784 .
3123 3723 3201 3787 ὡς
3231 3724 3289 3777 ἐν
3329 3742 3392 3793 γε
3426 3726 3505 3796 τῷ
3534 3723 3676 3780 εἶναι

2093 3818 2401 3885 προφήτην,
2447 3816 2544 3867 καὶ
2584 3814 2662 3884 τῷ
2695 3814 2769 3885 μὴ
2798 3815 2943 3886 πέρα
2981 3816 3179 3888 μέτρου
3210 3818 3304 3871 τοῦ
3338 3818 3459 3872 καθ’
3486 3822 3672 3889 ἡμᾶς»,

2094 3906 2157 3958 τὸ
2190 3906 2604 3975 σμικροπρεπές
2628 3907 2777 3958 ἐστιν
2800 3906 2970 3976 αὐτῷ,
2997 3908 3102 3960 κᾶν
3129 3910 3179 3962 εἰ
3212 3910 3472 3980 ἀπαρχῆς
3499 3915 3674 3964 νοοῖτο

2092 3994 2254 4048 τοῦτο
2299 3996 2580 4065 ὑπάρχων,
2625 3996 2875 4067 καθάπερ
2924 3999 3117 4068 ἀμέλει
3158 4003 3253 4053 καὶ
3298 4003 3325 4053 ό
3369 4003 3676 4072 θαυμάσιος

2095 4087 2407 4159 Βαπτιστὴς
2456 4090 2585 4159 περὶ
2607 4083 2668 4143 οὗ
2694 4108 2861 4161 φησιν
2883 4094 2911 4143 ὁ
2942 4094 3214 4163 μακάριος
3244 4094 3493 4160 ἄγγελοςο
3519 4114 3538 4146 s
3567 4096 3675 4147 Καὶ

2096 4180 2415 4249 Πνεύματος
2445 4182 2600 4249 ἁγίου
2632 4181 3006 4253 πλησθήσεται
3030 4184 3110 4235 ἔτι
3141 4186 3204 4236 ὲκ
3228 4185 3434 4248 κοιλίας
3468 4188 3676 4254 μητρὸς

2097 4273 2284 4328 αὑτοῦ.
2319 4291 2336 4326 ι
2374 4270 2507 4327 Εῐτα
2541 4274 2660 4336 πῶς
2703 4277 2731 4327 ό
2777 4275 2874 4344 μὲν
2902 4271 2970 4345 ἦν
2997 4275 3235 4344 οίκὲτης,
3278 4277 3306 4327 6
3346 4275 3402 4327 δὲ
3438 4280 3551 4339 ⁸τοῖς
3591 4279 3674 4328 δε-

2100 4370 2376 4429 σποτικοῖς
2407 4366 2711 4437 ἀξιώμασιν
2741 4367 3128 4438 ὲναόρύνεταις
3179 4369 3289 4421 Καὶ
3338 4368 3536 4421 ἑαυτοῦ
3576 4372 3674 4437 μὲν

2098 4458 2244 4529 πέρι,
2278 4459 2440 4529 φησίν
2485 4459 2513 4510 6
2544 4458 2814 4528 μακάριος
2866 4459 3154 4528 Ἰωάννης·
3195 4478 3212 4510 ι
3255 4460 3313 4511 Ὀ
3351 4458 3429 4513 ῶν
3467 4462 3532 4511 ὲκ
3572 4461 3674 4527 τῆς

2098 4552 2218 4620 γῆς,
2242 4552 2305 4603 ἐκ
2330 4550 2427 4621 τῆς
2459 4551 2560 4620 γῆς
2590 4551 2755 4604 λαλεῖ.
2792 4570 2808 4601 ι
2845 4551 2978 4620 Περὶ
3004 4549 3059 4603 δέ
3080 4568 3141 4618 γε
3169 4550 3262 4603 τοῦ
3300 4551 3672 4620 Ἐμμανουήλ.

2100 4660 2119 4693 ι
2144 4644 2199 4694 ’0
2234 4642 2435 4696 ἄνωθεν
2463 4644 2776 4713 ἐρχόμενος,
2808 4642 2993 4696 ἐπάνω
3030 4643 3247 4697 πάντων
3281 4644 3416 4697 ἐστί.
3459 4663 3476 4695 ι

2168 4716 2225 4788 Π.
2258 4734 2447 4788 Καίτοι
2471 4736 2627 4803 φαῖεν
2658 4734 2723 4788 ἂν
2758 4733 2911 4798 ἴσως,
2939 4734 3147 4788 ἄνωθέν
3175 4751 3235 4788 τε
3262 4732 3426 4798 εἶναι,
3449 4735 3545 4787 καὶ
3571 4734 3679 4804 μὴν

2098 4826 2189 4880 καὶ
2234 4824 2421 4877 ἐπάνω
2454 4824 2693 4888 πάντων,
2727 4823 2819 4877 τὸν
2869 4826 2934 4876 ὲκ
2977 4822 3112 4877 Θεοῦ
3154 4825 3365 4895 Πατρός
3396 4828 3681 4894 πεφηνότα

2098 4917 2304 4981 Λόγον,
2344 4916 2546 4968 δεδίασι
2594 4915 2651 4968 δὲ
2685 4914 3015 4985 προσνέμειν
3051 4914 3203 4985 αὑτῷ
3237 4917 3307 4969 τὰ
3339 4916 3679 4985 ἀνθρώπινα,

2099 5008 2174 5080 μὴ
2200 5008 2309 5078 ἄρα
2343 5025 2460 5069 πως
2506 5007 2742 5059 ἀδικοῖτο
2779 5006 2851 5059 δι’
2882 5006 3087 5070 αὐτῶν,
3130 5009 3225 5061 καὶ
3254 5008 3686 5078 κατακομίζοιτο

2097 5101 2234 5173 πρὸς
2280 5099 2342 5152 τὸ
2383 5098 2661 5161 δυσκλεές.
2709 5097 2894 5171 Ταύτῃ
2942 5115 3026 5151 τοι
3069 5098 3428 5151 διατείνονται
3490 5100 3682 5153 λαϐεῖν

2096 5190 2262 5247 αὐτὸν
2293 5190 2612 5259 ἄνθρωπον,
2645 5189 2824 5261 ἑαυτῷ
2851 5206 2912 5243 τε
2946 5189 3135 5243 τοῦτον
3166 5190 3401 5258 συνάψαι
3420 5231 3434 5255 ,
3469 5194 3601 5261 περὶ
3622 5193 3682 5245 ὃν

2099 5282 2166 5338 ἃν
2193 5282 2406 5351 γένοιτό
2436 5299 2494 5334 τε
2539 5282 2635 5336 καὶ
2676 5281 2886 5351 λέγοιτο
2912 5282 2985 5335 τὰ
3010 5281 3348 5351 ἀνθρώπινα.
3388 5284 3588 5337 Ἔσται
3625 5285 3684 5337 δὲ

2096 5375 2234 5437 ὅλως
2274 5376 2354 5437 είς
2394 5372 2491 5445 τὴν
2538 5374 2703 5428 αὑτοῦ
2753 5373 2851 5428 τοῦ
2892 5374 3068 5441 Λόγου
3124 5372 3318 5441 φύσιν,
3376 5375 3435 5425 τὸ
3488 5375 3684 5441 έσλὰὕος

2096 5466 2271 5519 οὐδέν.

2183 5547 2321 5600 Φασὶ
2356 5546 2671 5615 τοιγαροῦν,
2703 5546 2941 5616 Χριστὸν
2969 5546 3229 5617 ήγιάσθαι
3259 5547 3412 5618 παρὰ
3448 5546 3546 5601 τοῦ
3576 5548 3692 5604 Πα-

2122 5644 2142 5675 δ
2167 5644 2301 5699 Jnan
2356 5661 2437 5711 ιιι,
2481 5644 2570 5697 5|.
