4036 6210
294 148 430 211 Ἣἷὸ

1549 145 1923 207 EUTHYMII
1968 144 2326 204 ZlGABENI

3465 148 3579 209 976

312 285 600 349 tenuitate,
632 280 804 354 gloria
837 280 1038 346 divina,
1084 290 1134 335 et
1178 281 1323 349 regia
1364 281 1596 350 dignitas
1624 282 1677 335 iu
1717 284 1887 338 servi-

1993 271 2045 324 ὲν
2079 269 2392 341 ἀνθρωπίνῃ
2433 271 2904 344 σμικροπρεπείᾳ,
2941 273 3069 338 δόξα
3108 276 3443 353 θεοπρεπὴς,
3475 288 3570 339 καὶ

316 385 449 439 tute,
509 380 769 443 quantum
824 372 891 425 ad
943 371 1190 425 humana:
1251 381 1456 425 natura:
1522 372 1882 427 conditionem

314 463 507 518 attinet
538 478 554 527 ;
584 471 637 516 et
697 460 971 516 humilitas
1032 475 1240 513 summa
1294 461 1589 514 eminentia
1638 463 1879 530 praedita.

317 552 511 607 Factus
536 561 619 607 est
648 551 795 606 enim
833 550 993 604 homo
1014 549 1371 619 .Unigenitus,
1398 565 1504 604 non
1537 561 1595 603 ut
1626 552 1677 604 in
1697 552 1883 605 exina-

317 645 522 698 uitiuue
572 635 904 711 permaneat,
967 641 1063 694 sed
1105 648 1163 693 ut
1204 641 1475 709 accipiens
1528 657 1649 695 cum
1680 655 1742 694 ea
1770 641 1887 711 ejus

317 734 676 802 prOprietates
708 750 723 797 ;
757 732 897 786 Deus
954 740 1133 785 tamen
1193 733 1513 788 naturaliter
1550 748 1670 789 esse
1724 736 1885 788 etiam

317 825 419 877 hoc
437 830 591 893 pacto
610 820 960 891 intelligatur,
985 822 1326 892 hominisque
1346 830 1591 877 naturam
1622 823 1676 877 in
1709 825 1889 893 seipso

316 910 567 979 illustret',’
598 906 876 983 sacrarum
913 929 975 967 ac
1002 913 1304 968 divinarum
1348 914 1675 985 dignitatum
1714 914 1885 984 parti-

316 1006 486 1074 cipem
548 1004 716 1074 ipsam
767 1002 1072 1060 declarans.
1142 1005 1273 1058 Nam
1332 1016 1388 1061 et
1449 1007 1621 1061 sancti
1667 1005 1886 1069 Filium,

317 1099 478 1148 etiam
531 1103 811 1162 postquam
861 1093 1036 1148 factus
1090 1104 1175 1149 est
1214 1096 1396 1161 homo,
1433 1096 1655 1166 gloriam
1688 1097 1779 1151 Dei
1823 1113 1886 1152 ac

316 1185 516 1248 Patris,
579 1194 633 1239 et
689 1200 870 1255 regem
931 1201 995 1261 ac
1046 1187 1329 1240 Dominum
1383 1188 1677 1257 appellant.
1722 1187 1889 1242 Isaias

318 1280 461 1330 enim
495 1277 566 1329 ita
602 1276 673 1329 ait
703 1294 716 1329 :
753 1278 785 1327 ι
826 1275 978 1329 Sicut
1032 1276 1189 1331 homo
1235 1277 1531 1332 vindemiat
1567 1278 1763 1342 oleam,
1816 1280 1887 1331 ita

321 1364 723 1418 vindemiabuut
754 1379 864 1429 eos,
885 1363 948 1417 et
980 1358 1192 1443 quando
1243 1369 1537 1421 cessaverit
1596 1367 1886 1431 vindemia,

323 1456 409 1509 isti
437 1469 567 1508 voce
603 1446 930 1508 clamabunt.
980 1455 1078 1520 Qui
1111 1472 1236 1509 vero
1267 1458 1437 1510 relicti
1474 1458 1675 1511 fuerint
1725 1471 1890 1523 super

322 1539 556 1605 terram,’
604 1543 952 1596 exsultabunt
1003 1557 1125 1596 cum
1175 1543 1344 1611 gloria
1400 1543 1605 1596 Domini
1664 1544 1700 1595 ι.
1755 1562 1774 1595 ι
1841 1543 1903 1595 Et

322 1648 509 1687 rursus
531 1634 670 1688 alius
700 1635 921 1703 quidam
958 1647 987 1687 e
1018 1634 1221 1688 sanctis
1251 1652 1264 1688 :
1295 1651 1314 1681 σ
1353 1632 1684 1698 llluminare,
1707 1635 1899 1704 inquit,

318 1722 642 1781 Jerusalem.
693 1723 854 1777 Venit
901 1725 1044 1778 enim
1084 1726 1259 1778 lumen
1292 1732 1468 1788 tuum,
1498 1734 1552 1778 et
1583 1725 1753 1795 gloria
1796 1726 1899 1779 Do-

323 1816 453 1869 mini
500 1832 663 1884 super
706 1826 758 1869 te
806 1829 925 1871 orta
960 1828 1064 1871 eat.
1089 1817 1222 1882 Quia
1247 1832 1376 1872 ecce
1402 1818 1633 1871 tenebrae
1655 1818 1902 1885 aperient

324 1916 544 1970 terram,
577 1906 827 1977 etcaligo
860 1908 1117 1977 populos:
1166 1922 1329 1976 super
1377 1916 1429 1961 tc
1467 1916 1647 1961 autem
1694 1907 1900 1961 orietur

325 1999 603 2062 Dominus,
661 2008 715 2052 et
749 1999 917 2067 gloria
972 2000 1089 2069 ejus
1121 2000 1173 2052 in
1232 2010 1287 2053 te
1340 1999 1609 2053 videbitur
1672 2000 1714 2053 ⁸.
1750 2016 1768 2050 ι
1836 1999 1901 2054 Et

320 2087 554 2144 Iacobus
585 2088 701 2159 ejus
730 2088 1026 2159 discipulus
1061 2108 1074 2143 :
1116 2108 1134 2141 ι
1199 2089 1440 2152 Fratres,
1476 2090 1674 2158 inquit,
1732 2090 1901 2146 nolite

321 2179 374 2233 in
424 2194 776 2250 personarum
829 2180 1165 2250 acceptione
1202 2182 1401 2234 habere
1471 2179 1632 2234 tidem
1687 2179 1898 2237 Domini

319 2272 489 2326 nosn‘i
544 2271 669 2325 Jesu
730 2271 932 2327 Christi
968 2272 1152 2341 gloria:
1200 2271 1240 2325 ³.
1283 2289 1300 2322 ι
1336 2270 1528 2325 Petrus
1583 2286 1751 2326 vero:
1784 2290 1803 2323 ι
1842 2271 1898 2327 Si

320 2363 720 2431 exproliratuini
753 2362 805 2416 in
824 2362 1063 2428 Christo,
1096 2362 1240 2417 beati
1273 2362 1451 2428 eritis,
1472 2362 1728 2433 quoniam
1757 2364 1900 2433 quod

320 2464 407 2507 est
444 2456 664 2507 honoris
691 2454 876 2524 gloriae
920 2465 976 2509 et
1020 2454 1237 2510 virtutis
1280 2455 1400 2521 Dei,
1447 2464 1504 2512 et
1532 2456 1623 2526 qui
1662 2464 1743 2511 est
1786 2454 1902 2525 ejus

322 2543 554 2613 Spiritus
583 2559 746 2614 super
789 2558 885 2601 vos
918 2545 1225 2615 requiescet
1274 2548 1317 2602 ⁸.
1352 2566 1370 2600 ι

395 2719 677 2775 Sutiiciunt
742 2720 855 2788 jam
923 2721 1057 2774 haec.
1117 2719 1385 2775 Caeterum
1450 2720 1549 2772 hoc
1620 2716 1754 2772 mihi
1802 2717 1886 2771 di-

323 2829 414 2868 cas
474 2812 671 2877 velim,
723 2813 992 2881 quomodo
1056 2810 1459 2881 intelligendum
1512 2809 1587 2864 sit
1636 2807 1767 2863 illud
1824 2808 1892 2864 de

318 2906 536 2961 Christo
594 2902 858 2973 scriptum
911 2920 926 2956 :

1990 361 2257 433 βασιλείας
2300 362 2613 432 αὐχήμασιν
2645 364 3107 434 ἐστεφανωμένον,
3152 368 3214 421 τὸ
3246 372 3350 424 ὑπὸ
3382 372 3565 443 ζυγὶη,

1987 455 2048 507 τό
2078 470 2142 522 γε
2167 448 2297 524 ἧκον
2324 454 2404 513 είς
2429 453 2846 521 ἀνθρωπότήτος
2878 455 3098 524 μέτρον,
3129 460 3223 511 καὶ
3248 463 3306 511 ἐν
3339 463 3578 535 ὑπερτά-

1989 563 2108 609 ταις
2140 546 2433 614 ὑπεροχαῖς
2452 584 2466 608 ,
2500 543 2561 595 τὸ
2585 544 2854 597 ταπεινόν.
2880 546 3076 613 Γέγονε
3105 548 3213 617 γὰρ
3233 550 3517 622 ἄνθρωπος
3541 558 3570 608 r‘,

1992 635 2319 705 Μονογενὴς,
2361 635 2458 703 οὑχ
2490 635 2575 686 ἵνα
2605 637 2716 697 τοῖς
2762 638 2859 705 τῆς
2907 635 3186 701 κενώσεως
3236 641 3571 716 ὲναπομείνῃ

1995 728 2233 797 μέτροις,
2260 725 2373 778 ἀλλ’
2399 725 2485 777 ἵνα
2509 724 2690 777 λαϐὼν
2719 724 2813 777 σὺν
2843 727 2978 798 αὑτῇ
3009 728 3074 781 τὰ
3109 730 3301 799 αὑτῆς,
3332 732 3463 796 Θεὸς
3492 735 3571 788 ὣν

1992 820 2171 886 φύσει,
2204 815 2299 870 καὶ
2332 816 2473 868 οὕτω
2505 814 2858 886 γνωρίζήται,
2896 819 2989 870 καὶ
3019 820 3116 890 τὴν
3153 821 3249 873 τοῦ
3281 824 3569 894 ἀνθρώπου

1990 905 2370 977 κατασεμνύνῃ
2418 906 2581 974 φύσιν
2623 906 2710 973 ἐφ’
2750 906 2944 976 ἑαυτῷ,
2982 909 3204 979 μέτοχον
3229 913 3400 983 αὐτὴν
3430 917 3566 970 ἀποο

1990 1000 2156 1069 φήνας
2216 997 2377 1067 ἱερῶν
2422 997 2515 1050 καὶ
2563 995 2724 1048 θείων
2768 994 3126 1066 ἀξιωμάτων·
3170 1002 3477 1073 εὑρήσομεν
3510 1008 3567 1060 δὲ

1989 1092 2083 1143 καὶ
2106 1089 2301 1150 αὐτοὺς
2326 1089 2452 1150 τοὺς
2482 1086 2692 1155 ἁγίους,
2724 1087 2881 1151 δόξαν
2908 1089 3268 1157 ὀνομάζοντας
3307 1096 3401 1147 τοῦ
3433 1098 3567 1150 Θεοῦ

1988 1181 2082 1233 καὶ
2130 1181 2371 1251 Πατρὸς,
2418 1179 2511 1231 καὶ
2550 1181 2730 1247 μέντοι
2776 1180 2871 1231 καὶ
2919 1179 3159 1247 βασιλέα,
3205 1186 3298 1236 καὶ
3347 1190 3568 1256 προσέτι

1990 1274 2212 1343 Κύριον,
2241 1271 2330 1323 τὸν
2360 1270 2503 1331 Υίὸν,
2529 1270 2621 1321 καὶ
2641 1270 2729 1321 ὅτε
2751 1271 2970 1338 γέγονεν
3010 1271 3313 1343 ἄνθρωπος.
3345 1277 3566 1341 Ἡσαΐας

1992 1365 2088 1431 μὲν
2120 1364 2229 1432 γὰρ
2273 1353 2375 1414 ὧδέ
2408 1377 2481 1429 πη
2529 1360 2712 1427 φησίν·
2752 1378 2768 1410 ι
2807 1363 2903 1412 Ὃν
2924 1362 3124 1431 τρόπον
3154 1365 3247 1414 ἐὰν
3286 1365 3566 1437 ἄνθρωπος

1991 1456 2299 1522 καλαμᾶται
2346 1453 2553 1513 ἐλαίαν,
2580 1449 2723 1501 οὑτω
2773 1450 3181 1519 καλαμήσοχται
3216 1454 3411 1513 αὑτοὺς
3431 1495 3444 1514 .
3476 1460 3568 1511 καὶ

1988 1544 2083 1593 ἐὰν
2125 1541 2398 1609 παύσηται
2436 1538 2465 1591 ὃ
2494 1541 2784 1612 τρυγητδς,
2811 1536 2956 1593 οὗτοι
2985 1542 3134 1610 φωνῇ
3178 1540 3482 1609 βοήσονται·
3517 1543 3565 1592 oi

1988 1632 2043 1685 δὲ
2072 1631 2519 1701 καταλειφθέντες
2545 1633 2638 1686 ἐπὶ
2669 1635 2768 1705 τῆς
2790 1633 2912 1703 γῆς,
2944 1631 3415 1703 εὐφρανθήσονται
3451 1632 3567 1702 ἅμα

1991 1727 2054 1793 τῇ
2103 1724 2226 1795 δόξῃ
2282 1725 2554 1795 Κυρίου.)
2613 1727 2722 1780 Καὶ
2786 1725 2950 1779 πάλιν
2985 1724 3174 1796 ἕτερος
3219 1724 3330 1778 τῶν
3378 1723 3574 1792 ἁγίων,

1997 1831 2014 1864 r
2039 1816 2297 1879 Φωτίζου,
2323 1817 2508 1886 φησὶν,
2541 1816 2850 1887 ’ῐερουσαλή
2862 1834 2918 1887 μ’
2943 1817 3067 1886 ἥκει
3093 1816 3203 1887 γάρ
3231 1834 3324 1869 σου
3344 1816 3405 1869 τὸ
3432 1816 3567 1885 φῶς,

1990 1907 2081 1959 καὶ
2108 1909 2139 1976 ή
2173 1907 2299 1971 δόξα
2338 1908 2545 1977 Κυρίου
2586 1909 2678 1961 ἐπὶ
2709 1908 2768 1960 σὲ
2799 1907 3184 1961 ἀνατέταλκεν.
3219 1908 3351 1961 Ἰδοὺ
3383 1908 3572 1972 σκότος

1990 1996 2082 2047 καὶ
2110 1996 2305 2064 γνόφος
2328 1996 2559 2063 καλύψει
2589 1998 2710 2067 γῆν,
2748 1998 2840 2050 ἐπὶ
2861 1998 2915 2051 δὲ
2939 1998 2996 2050 σὲ
3019 1999 3319 2068 φανήσεται
3348 1997 3566 2068 Κύριος,

1992 2087 2086 2138 καὶ
2125 2086 2253 2153 δόξα
2316 2088 2521 2158 Κυρίου
2569 2089 2662 2141 ἐπὶ
2712 2088 2770 2139 σὲ
2815 2087 3133 2158 ὀφθήσεται.
3159 2107 3177 2139 ο
3216 2087 3472 2150 Ἰάκωὸός
3507 2105 3571 2156 γε

1994 2174 2101 2245 μήν
2130 2177 2157 2228 ὁ
2186 2176 2350 2229 αὑτοῦ
2388 2177 2654 2248 μαθητὴς,
2684 2196 2702 2227 t
2733 2176 2998 2246 Ἀδελφοί,
3029 2177 3180 2247 φησὶ,
3215 2177 3286 2248 μὴ
3313 2180 3371 2230 ὲν
3409 2194 3573 2247 προσ-

1991 2265 2329 2336 ωποληψίαις
2363 2268 2512 2338 ἔχετε
2554 2268 2652 2337 τὴν
2694 2268 2877 2321 πίστιν
2921 2267 3016 2320 τοῦ
3049 2267 3255 2339 Κυρίου
3282 2267 3435 2337 ἡμῶν
3470 2268 3574 2338 Ίήο

1993 2359 2085 2410 σοῦ
2122 2361 2357 2430 Χριστοῦ
2384 2362 2481 2430 τῆς
2506 2360 2680 2432 δόξης.
2712 2380 2730 2412 ι
2771 2362 2977 2432 Πέτρος
3021 2361 3078 2413 δὲ
3105 2356 3172 2414 αὖ
3197 2363 3224 2414 ὁ
3261 2360 3570 2424 θεσπέσιος,

1998 2470 2016 2502 ι
2051 2452 2113 2505 Ei
2145 2452 2464 2517 ὀνειδίζεσθε
2504 2455 2562 2507 ὲν
2611 2454 2851 2524 Χριστῷ,
2894 2454 3153 2525 μακάριοί
3196 2456 3319 2508 ἐστε
3350 2454 3449 2523 τῆς
3482 2453 3568 2509 δό⁹

1994 2539 2110 2611 ξης,
2152 2545 2247 2595 καὶ
2276 2543 2338 2595 τὸ
2369 2542 2462 2596 τοῦ
2501 2544 2637 2598 Θεοῦ
2667 2544 2894 2616 Πνεῦμα
2924 2547 3007 2614 ἐφ’
3054 2545 3200 2615 ὑμᾶς
3248 2544 3569 2599 ἀναπέπαυ-

1993 2647 2131 2685 ται.»

2071 2720 2228 2783 Ἀλις
2283 2723 2384 2792 μὲν
2428 2721 2492 2793 δὴ
2537 2720 2647 2775 τῶν
2706 2724 2962 2780 τοιούτων
3018 2728 3150 2799 ἡμῖν
3168 2770 3184 2794 ,
3242 2724 3288 2784 ὦ
3332 2736 3566 2801 γενναῖε.

1997 2813 2175 2884 Φράζε
2234 2813 2290 2867 δὲ
2344 2816 2492 2875 ὅπως
2548 2817 2683 2884 πρὸς
2729 2818 2888 2887 ήμῶν
2948 2822 3191 2875 νοεῖσθαι
3250 2827 3451 2894 πρέπει
3501 2830 3563 2883 τὸ

979 2921 997 2954 ι
1065 2903 1167 2969 Qui
1220 2903 1274 2957 iu
1326 2904 1515 2959 diebus
1576 2906 1758 2959 carnis
1798 2920 1900 2961 suae

2002 2906 2130 2999 περὶ
2163 2905 2398 2974 Χριστοῦ
2436 2908 2839 2977 γεγραμμένον,
2883 2927 2902 2960 r
2950 2913 3049 2974 Ὃς
3079 2916 3138 2966 ὲν
3170 2917 3290 2979 ταῖς
3326 2919 3569 2989 ἡμέραις

324 3011 512 3067 preces
538 2995 1069 3066 supplicationesque
1119 2995 1184 3049 ad
1228 3010 1351 3050 eum
1390 2995 1484 3064 qui
1521 2996 1693 3066 possit
1733 2997 1900 3065 ipsum

1993 2995 2089 3059 τῆς
2125 2996 2326 3063 σαρκὸς
2372 2995 2574 3060 αὑτοῦ,
2621 2996 2835 3066 δεήσεις
2872 3016 2931 3052 τε
2970 3001 3064 3053 καὶ
3103 3002 3387 3072 ἱκετηρίας
3435 3003 3570 3074 πρὸς

324 3090 531 3143 salvum
582 3089 765 3144 facere
814 3105 842 3141 a
892 3099 1064 3142 morte
1105 3105 1225 3142 cum
1264 3089 1502 3145 clamore
1552 3090 1730 3145 valido
1753 3100 1809 3146 et
1832 3090 1911 3145 la-

325 3182 526 3251 crymis
569 3179 827 3242 offerens,
864 3181 1152 3235 exauditus
1193 3192 1275 3236 est
1301 3197 1398 3251 pro
1436 3198 1535 3236 sua
1579 3186 1905 3240 reverentia.

320 3272 391 3327 Et
421 3273 635 3338 quidem
664 3289 788 3327 cum
827 3282 974 3327 esset
1005 3272 1173 3326 Filius
1209 3273 1324 3340 Dei,
1363 3273 1554 3329 didicit
1583 3288 1649 3329 ex
1687 3276 1753 3331 iis
1791 3292 1908 3346 qua

326 3379 515 3429 passus
550 3372 663 3429 est,
731 3363 1120 3419 obedientiam.
1150 3364 1217 3419 Et
1268 3376 1680 3423 consummatus
1734 3368 1911 3426 factus

318 3468 409 3511 est
479 3457 734 3512 omnibus
780 3456 1287 3523 obtemperantibus
1338 3458 1441 3512 sihi
1497 3472 1661 3513 causa
1718 3459 1909 3516 salutis

321 3556 539 3601 aeterna:
587 3549 631 3601 ⁸.
696 3565 716 3599 ι
772 3547 1036 3616 Adjiciam
1097 3563 1229 3603 vero
1284 3549 1445 3603 dictis
1510 3551 1674 3603 etiam
1733 3550 1908 3607 illud:

326 3657 351 3690 ί
384 3639 523 3694 Deus
551 3654 726 3704 meus,
752 3639 897 3694 Deus
920 3656 1092 3703 meus,
1114 3655 1285 3710 quare
1304 3657 1390 3697 me
1412 3644 1745 3713 deretiqnisti
1774 3644 1795 3675 ⁸
1829 3644 1855 3697 ‘l
1886 3663 1906 3697 ι

323 3732 513 3785 Aliena
540 3732 684 3787 enim
736 3732 851 3787 hate
906 3747 1029 3788 esse
1059 3733 1245 3787 dicunt
1296 3750 1324 3788 a
1376 3736 1484 3789 Deo
1521 3736 1714 3801 Verbo,
1747 3747 1912 3807 atque

321 3837 425 3891 ego
455 3823 673 3891 quidem
705 3823 970 3893 dignitate
1006 3825 1175 3894 ipsius
1209 3835 1372 3897 atque
1400 3826 1718 3881 excellentia
1756 3829 1912 3899 longe

326 3915 583 3971 inferiora
613 3932 674 3971 ea
702 3933 823 3972 esse
852 3918 1233 3986 judicaverim.

396 4007 462 4062 A.
514 4007 654 4073 Quin
721 4017 777 4063 et
839 4023 941 4079 ego
963 4012 1079 4079 ipse
1140 4010 1297 4066 facile
1348 4012 1586 4085 intelligo
1634 4015 1749 4070 haec
1804 4032 1911 4073 non

327 4099 619 4151 convenire
649 4099 827 4154 Verbo
856 4102 1040 4171 genito
1062 4116 1129 4155 ex
1168 4101 1278 4158 Deo
1326 4102 1506 4168 Patre,
1567 4106 1611 4161 si
1666 4106 1794 4163 illud
1844 4108 1914 4164 ab

1987 3082 2081 3136 ’.ὸν
2107 3083 2404 3156 δυνάμενον
2434 3087 2627 3151 σώζειν
2663 3090 2823 3143 αὑτὸν
2854 3091 2920 3143 ὲκ
2951 3090 3204 3155 θανάτου,
3241 3094 3377 3161 μετά
3406 3112 3573 3164 κραυ⁴

1989 3173 2093 3241 γῆς
2124 3174 2351 3245 ἰσχυρᾶς
2377 3177 2470 3229 καὶ
2493 3176 2749 3247 δακρύων
2777 3180 3171 3250 προσενέγκας,
3206 3183 3299 3235 καὶ
3324 3186 3574 3237 εἰσακουο

1997 3263 2137 3327 τθεὶς
2182 3266 2291 3319 ἀπὸ
2332 3266 2435 3338 τῆς
2463 3268 2786 3337 εὐλαϐείας,
2812 3271 3012 3341 καίπερ
3050 3270 3127 3324 ὢν
3160 3272 3306 3336 Υἱὸς,
3348 3273 3567 3343 ἔμαθεν,

1989 3355 2082 3425 ἀφ’
2106 3350 2181 3410 ὧν
2220 3357 2409 3423 ἔπαθε,
2443 3359 2543 3431 τὴν
2574 3361 2843 3433 ὑπακοὴν,
2876 3364 2970 3415 καὶ
2994 3361 3322 3426 τελειωθεὶς,
3359 3366 3576 3432 ἐγένετο

1988 3451 2101 3512 τοῖς
2154 3449 2519 3504 ὑπακούουσιν
2566 3452 2716 3523 αὐτῷ
2755 3452 2929 3517 αἴτιος
2984 3455 3259 3525 σωτηρίας
3305 3458 3578 3510 ἀκαταλύ-

1987 3555 2116 3592 τουο
2144 3558 2162 3591 ι
2202 3542 2548 3613 προσεποίσω
2589 3544 2646 3597 δὲ
2701 3545 2923 3598 κάκεῖνο
2961 3541 3044 3608 οἷς
3091 3548 3250 3618 ἔφην,
3288 3548 3377 3613 τὸ,
3421 3567 3439 3599 r
3474 3548 3575 3602 Θεέ

1993 3647 2114 3701 μου,
2154 3630 2255 3684 Θεέ
2300 3649 2423 3704 μου,
2456 3634 2541 3688 ἵνα
2574 3634 2627 3687 τί
2663 3651 2731 3704 με
2771 3636 3161 3704 ὲγκατέλιπεςς
3191 3655 3208 3688 ι
3255 3638 3574 3691 Ἀπεοικότα

1990 3724 2099 3794 γὰρ
2137 3718 2277 3777 εἶναί
2312 3742 2447 3793 φασι
2478 3727 2547 3779 τά
2577 3727 2758 3781 τοιάδε
2804 3727 2883 3799 τῷ
2917 3728 3036 3799 Θεῷ
3079 3729 3256 3799 Λόγῳ,
3288 3730 3382 3781 καὶ
3415 3732 3579 3800 ὴττῆο

1990 3811 2116 3866 σθαι
2139 3813 2276 3866 πολὺ
2302 3812 2404 3883 τῆς
2432 3814 2659 3886 ἐνούσης
2682 3816 2962 3888 ὑπεροχῆς
2987 3818 3136 3888 αὐτῷ
3161 3819 3331 3889 φαίην
3358 3818 3445 3871 ἀν.

2058 4021 2121 4074 Δ.
2166 4019 2352 4089 Ἴσημι
2401 4022 2493 4073 καὶ
2524 4021 2686 4085 αὑτὸς
2728 4021 2859 4089 ἐγὼ,
2927 4020 3002 4091 μὴ
3040 4020 3105 4073 ἂν
3139 4020 3383 4091 ἁρμόσαι
3418 4021 3579 4076 ταυτὶ

1986 4110 2064 4183 τῷ
2108 4113 2171 4165 ἐκ
2204 4110 2338 4163 Θεοῦ
2389 4110 2598 4182 [ἰατρὸς
2676 4111 2833 4180 φῦντι
2908 4112 3090 4182 Λόγῳ,
3123 4111 3449 4175 ὲξωσθέντος
3481 4112 3575 4165 τοῦ

326 4190 799 4246 administratione
855 4194 907 4246 in
967 4208 1134 4250 carne
1180 4210 1580 4265 remoreamus,
1613 4215 1787 4271 neque
1814 4200 1900 4257 ad-

1993 4202 2191 4272 τρόπου
2228 4201 2328 4271 τῆς
2360 4200 2702 4271 οἰκονομίας,
2750 4200 2845 4253 καὶ
2897 4201 2996 4253 οὑκ
3038 4200 3407 4270 είσδεχθέντος
3441 4202 3575 4272 πρὸς

330 4280 608 4334 mittamus
658 4282 709 4335 id
735 4283 879 4350 quod
935 4282 1217 4355 Scriptura
1274 4297 1528 4356 testatur,
1572 4293 1713 4361 quod
1746 4293 1900 4349 nimi-

1993 4294 2147 4367 ήμῶν
2214 4292 2340 4359 τοῦ,
2393 4293 2472 4346 ὅτι
2524 4293 2716 4361 γέγονε
2777 4291 2914 4364 σὰρξ
2965 4292 3107 4346 κατὰ
3170 4295 3269 4357 τὰς
3327 4294 3572 4364 Γραφάς.

328 4386 448 4425 rum
482 4371 656 4427 factus
685 4376 756 4428 sit
781 4390 931 4431 caro.
966 4376 1100 4432 Cum
1135 4394 1261 4434 vero
1297 4381 1400 4436 hoc
1457 4383 1687 4439 ﬁrmiter
1723 4394 1900 4443 tenea-

2003 4387 2222 4459 Ἐπειδὴ
2253 4387 2309 4440 δὲ
2344 4386 2480 4457 πρὸς
2509 4386 2665 4439 τοῦτο
2695 4386 3139 4457 διερηρείσμεθα,
3172 4386 3265 4438 καὶ
3293 4384 3353 4437 τὸ
3378 4384 3580 4439 ἐνδοιά-

328 4478 449 4517 mns
508 4473 561 4517 et
614 4464 879 4521 dubitatio
944 4468 1050 4522 hac
1098 4469 1149 4523 in
1205 4486 1265 4524 re
1310 4486 1433 4526 cum
1508 4475 1787 4545 impietate
1838 4481 1900 4535 sil

1993 4481 2106 4548 ζειν
2138 4480 2274 4543 ὅλως
2300 4479 2620 4543 δυσσεϐείας
2682 4478 2796 4549 ἔχει
2849 4478 3088 4549 γραφὴν,
3131 4478 3265 4548 φέρε
3301 4478 3402 4547 τῆς
3437 4479 3582 4530 οἰκο-

327 4555 650 4623 conjuncta,
702 4558 1098 4615 incarnationis
1132 4562 1451 4633 mysterium
1501 4578 1763 4634 quantum
1794 4572 1900 4629 fieri

1993 4574 2185 4646 νομίας
2208 4573 2267 4629 τὸ
2302 4572 2485 4643 βάθος,
2508 4573 2581 4634 ὡς
2609 4571 2708 4635 ἔνι,
2741 4570 3271 4639 κατασκεπτώμεοα.
3308 4570 3583 4639 Ἐπέφανε

326 4658 503 4717 potest
535 4651 952 4719 perpendamus.
980 4653 1246 4723 Apparuit
1286 4654 1469 4722 itaque
1501 4660 1657 4716 nobis
1678 4660 1900 4719 Verbum

1993 4648 2172 4717 Nivuv
2225 4664 2358 4733 ἡμῖν
2414 4663 2468 4713 ὲν
2508 4661 2637 4713 εῖδει
2691 4659 2768 4731 τῷ
2820 4661 2941 4713 καθ’
2989 4662 3137 4731 ἡμᾶς
3189 4661 3314 4741 δὲκ
3371 4659 3581 4728 Κυρίου

325 4754 393 4792 ex
429 4739 540 4793 Deo
581 4741 633 4794 in
692 4740 865 4796 forma
897 4753 1095 4797 nostra)
1153 4747 1339 4810 simili,
1408 4748 1708 4807 innumeris
1741 4756 1915 4811 modis

328 4834 620 4886 humanam
671 4846 925 4889 naturam
985 4835 1210 4905 juvaus,
1255 4839 1564 4911 optimeque
1616 4845 1770 4900 nobis
1820 4848 1916 4902 de-

326 4934 639 4978 monstrans
680 4925 821 4979 viam
856 4941 977 4995 quae
1030 4928 1097 4982 ad
1144 4931 1349 4998 Optima
1407 4948 1635 5004 qumque
1674 4936 1912 4992 deducit.

328 5013 561 5069 Necesse
601 5016 785 5086 itaque
836 5028 955 5072 erat
1018 5032 1075 5075 ut
1122 5022 1454 5088 diceremus,
1514 5041 1639 5080 cum
1687 5032 1917 5085 teutatio

328 5105 538 5159 invadit
590 5121 684 5162 eos
743 5110 833 5177 qui
887 5110 956 5165 ob
1002 5111 1346 5168 dilectionem
1383 5113 1476 5170 Dei
1516 5116 1914 5188 periclitantur,

326 5196 518 5264 quales
552 5206 805 5269 oporteat
838 5216 957 5257 esse
980 5218 1075 5258 eos
1106 5206 1195 5273 qui
1239 5206 1563 5262 laudabilem
1593 5218 1757 5279 atque
1796 5210 1915 5264 exi-

331 5287 495 5342 miam
525 5290 695 5344 vitam
724 5291 1012 5351 instituere
1045 5296 1216 5350 velint
1255 5314 1270 5353 :
1322 5307 1506 5354 utrum
1532 5301 1599 5355 ad
1644 5300 1916 5371 ignaviam

406 5482 422 5513 ¹
452 5482 556 5559 i_sa.
588 5498 735 5549 χειν,
776 5483 862 5559 l5.
898 5483 983 5537 M.
1059 5485 1079 5516 ²
1111 5484 1216 5542 lsa.
1239 5501 1331 5554 ιι,
1366 5486 1414 5553 l,
1450 5487 1504 5545 2.
1574 5489 1594 5521 ³
1618 5490 1732 5546 Jac.
1777 5507 1835 5559 u,
1872 5492 1921 5549 t.

333 5551 521 5606 Matth.
561 5568 728 5617 xxvn,
763 5556 854 5607 ιδ.

1996 4754 2206 4826 [ἰατρὸς
2266 4753 2472 4823 Λόγος,
2522 4752 2659 4805 κατὰ
2718 4751 2945 4822 μυρίους
2995 4753 3151 4815 ὅσους
3208 4752 3419 4820 ὀνήσων
3466 4751 3587 4821 τρόο

1998 4866 2133 4912 πους
2170 4847 2238 4901 τὰ
2270 4844 2611 4917 ἀνθρώπινα,
2665 4846 2759 4898 xei.
2803 4844 3136 4910 καταδείξων
3194 4840 3254 4897 εὖ
3298 4844 3444 4914 μάλα
3482 4844 3587 4912 τὴν

1998 4940 2076 5003 είς
2124 4940 2233 4993 πᾶν
2262 4935 2441 5007 ὁτιοῦν
2476 4934 2583 4990 τῶν
2624 4934 3095 5006 τεθαυμασμένων
3138 4934 3588 5004 ἀποκομίζουσαν

1997 5030 2204 5104 τρίϐον.
2249 5027 2358 5084 Ἧν
2406 5024 2501 5082 οὖν
2548 5028 2846 5096 ἀναγκαῖον
2892 5027 3217 5097 ἀναμαθεῖν,
3276 5025 3589 5097 πειρασμοῦ

2000 5122 2354 5185 καταθέοντος
2395 5121 2519 5183 τοὺς
2549 5118 2650 5189 τῆς
2689 5119 2769 5181 είς
2798 5116 2932 5171 Θεὸν
2962 5118 3182 5188 ἀγάπης
3216 5118 3377 5170 ἕνεκα
3410 5117 3585 5169 κινδυ-

2002 5215 2278 5278 νεύοντας,
2310 5215 2525 5278 ὁποίους
2571 5213 2721 5277 τινας
2751 5209 2891 5267 εἶναι
2923 5214 3027 5285 χρή
3080 5214 3203 5275 τοὺς
3252 5211 3350 5282 τήν
3389 5212 3591 5264 adﬂat!

2003 5302 2098 5356 ml.
2125 5300 2398 5369 ἐξαίρετον
2431 5301 2707 5355 πολιτείαν
2742 5300 2836 5353 καὶ
2867 5299 3012 5370 ζωήν
3046 5300 3343 5371 κατορθοῦν
3371 5300 3591 5373 ᾑρημέ-

1998 5493 2018 5525 ⁸
2044 5495 2063 5548 Ι
2094 5494 2237 5551 Patr.
2277 5512 2349 5563 tv,
2398 5497 2481 5555 ιι.
2560 5500 2580 5531 ⁸
2613 5498 2783 5556 Hebr.
2822 5518 2874 5569 ν,
2910 5506 2940 5558 7
2980 5507 3031 5560 9.
3124 5507 3145 5537 '
3175 5506 3318 5565 Psal.
3353 5525 3471 5579 ut,
3506 5511 3533 5568 ί
3563 5528 3583 5580 3
