4042 6208
404 364 513 432 977

1382 355 1755 419 PANOPLIA
1801 356 2258 421 DOGMATICA.
2286 383 2357 395 —
2381 359 2526 421 Tl'l‘.
2570 358 2694 421 XV.

3563 356 3676 420 978

402 505 559 554 νους,
605 489 813 557 πότερα
846 482 1199 557 μεθιεμένους
1228 482 1326 565 καὶ⁵
1373 482 1777 544 ἀναπίπτοντας
1821 482 1901 543 είς
1930 482 1990 532 τὸ

2111 507 2310 557 ιωιιοε,
2345 502 2399 548 et
2440 493 2650 548 deliciis
2689 493 2931 558 deditos,
2968 494 3338 565 bilaritatique
3393 504 3448 550 et
3479 497 3682 564 gaudio

404 579 667 653 ῥᾴθυμον,
704 578 798 631 καὶ
831 577 930 630 οὐκ
962 577 1020 629 ἐν
1055 562 1584 646 καιρῷτρυφῶντας
1626 575 1721 627 καὶ
1762 573 1990 644 εὐρυνο-

406 673 603 743 μένους
630 671 706 733 είς
733 668 1018 740 εὐθυμίαν,
1045 668 1079 738 ἢ
1115 667 1561 738 συντεινομένους
1587 667 1665 729 είς
1692 666 1864 730 λιτὰς,
1896 665 1992 719 καὶ

402 760 841 833 δεδακρυμένους
879 759 1109 831 ὁρᾶσθαι
1145 757 1224 829 τῷ
1259 758 1522 823 σώζοντι,
1572 758 1668 812 καὶ
1714 756 1815 829 τήν
1859 766 1991 828 παρ’

408 854 574 908 αὐτοῦ
619 852 889 923 διψῶντας
939 850 1281 922 ἐπικουρίαν,
1329 853 1423 905 καὶ
1459 850 1644 922 μέντοι
1689 850 1784 904 καὶ
1830 849 1990 903 εὐαν-

407 944 578 1018 δρίαν,
612 942 771 1012 εἴπερ
811 942 985 995 ἕλοιτο
1030 943 1124 996 καὶ
1153 943 1346 996 παθεῖν
1376 943 1542 1013 ἡμᾶς.
1578 943 1724 995 Ἔδει
1767 959 1826 995 τε
1858 941 1991 1012 πρὸς

411 1033 625 1096 τούτοις
670 1034 865 1086 εἰδέναι
918 1034 1235 1105 χρησίμως,
1285 1035 1406 1086 ὅποι
1448 1032 1578 1087 ποτέ
1624 1034 1734 1103 ἄρα
1784 1032 1846 1085 τὸ
1891 1033 1994 1103 τῆς

412 1126 656 1193 ὑπακοῆς
697 1124 917 1188 διέξεισι
951 1122 1161 1193 πέρας,
1199 1124 1296 1176 καὶ
1336 1123 1424 1177 διὰ
1454 1124 1623 1178 ποίων
1650 1124 1870 1194 ἔρχεται
1901 1142 1995 1193 γε-

416 1219 546 1289 ρῶν,
573 1218 696 1279 ὅσος
719 1233 777 1268 τε
806 1217 899 1269 καὶ
923 1213 1034 1279 οἶος
1079 1215 1181 1284 τῆς
1205 1214 1484 1285 ὑπομονῆς
1506 1218 1533 1269 6
1562 1215 1772 1285 μισθός.
1798 1215 1993 1285 Γέγονε

414 1310 591 1363 τοίνυν
611 1306 961 1371 ὐποτύπωσις
986 1307 1093 1360 τῶν
1123 1306 1378 1359 τοιούτων
1404 1309 1535 1378 ἡμῖν
1570 1308 1598 1359 6
1621 1308 1875 1378 Χριστὸς,
1898 1310 1998 1362 καὶ

417 1398 553 1470 πρός
588 1415 657 1467 γε
681 1397 839 1451 τοῦτο
869 1399 1021 1467 ἡμᾶς
1048 1397 1272 1468 ἐμπεδοῖ
1298 1397 1472 1465 λέγων
1512 1399 1540 1449 6
1573 1398 1864 1463 θεσπέσιος
1894 1398 1999 1451 Πέ-

416 1506 564 1562 τρος·
604 1506 624 1541 ι
657 1490 815 1542 Ποῖον
849 1488 960 1559 γὰρ
987 1488 1163 1553 κλέος,
1195 1490 1242 1541 εί
1272 1489 1679 1559 ἁμαρτάνοντες
1715 1491 1808 1543 καὶ
1838 1489 1998 1545 κολα-

419 1582 699 1653 φιζόμενοι
744 1579 1078 1650 ὑπομένετε;
1123 1578 1261 1632 Ἀλλ’
1293 1579 1341 1632 εί
1374 1578 1829 1647 ἀγαθοποιοῦντες
1862 1581 1998 1636 ὐπο-

422 1673 637 1738 μένετε,
680 1669 841 1723 τοῦτο
876 1670 1037 1741 χάρις
1099 1670 1250 1741 παρά
1301 1669 1440 1741 Θεῷ,
1487 1671 1571 1723 ὃτι
1622 1670 1716 1723 καὶ
1765 1671 2000 1741 Χριστὸς

2093 583 2332 639 animum
2359 587 2602 640 laxantes
2633 603 2646 639 :
2677 600 2744 638 an
2779 586 2956 654 potius
2989 602 3092 640 una
3136 587 3386 655 precibus
3412 587 3674 650 intentos,

2094 686 2148 732 et
2196 678 2559 748 lacrymantes
2586 693 2771 733 coram
2837 678 3121 735 Salvatore
3187 680 3357 745 cerni,
3403 690 3457 733 et
3511 679 3678 747 ipsius

2092 769 2352 825 auxilium
2407 771 2565 827 avide
2627 782 2964 841 appetentes,
3027 773 3259 842 fortique
3316 772 3499 826 animo
3544 788 3681 840 prae-

2094 860 2237 916 dilos
2285 875 2430 926 esse,
2486 862 2531 915 si
2567 861 2729 916 etiam
2779 878 2875 916 nos
2911 866 3019 932 pati
3058 864 3309 917 voluerit.
3362 862 3679 917 Consultum

2096 963 2356 1023 praeterea
2409 966 2528 1009 erat
2566 956 2708 1011 scire
2763 957 2885 1025 quis
2942 956 3012 1009 sit
3055 953 3570 1017 obedientiaaﬁnis,
3628 963 3683 1008 et

2096 1044 2274 1113 qualis
2311 1045 2944 1115 quatitaquetolerantize
3001 1045 3325 1101 intercessit
3380 1042 3679 1114 proposita.

2102 1134 2308 1192 Horum
2370 1139 2557 1206 itaque
2621 1138 2861 1193 omnium
2924 1136 3090 1206 ﬁgura
3149 1145 3313 1206 atque
3376 1134 3682 1203 exemplum

2104 1226 2261 1282 nobis
2316 1226 2488 1283 factus
2556 1236 2640 1282 est
2692 1226 2963 1293 Christus,
3020 1226 3167 1295 quod
3210 1236 3265 1279 et
3316 1225 3533 1281 divinus
3600 1223 3682 1277 ille

2104 1318 2296 1373 Petrus
2328 1318 2612 1374 conﬁrmat
2636 1320 2822 1374 dicens
2853 1337 2867 1372 :
2906 1338 2923 1371 ι
2960 1312 3091 1384 Quae
3128 1317 3272 1373 enim
3318 1327 3398 1372 est
3453 1317 3590 1380 laus,
3641 1316 3684 1370 si

2102 1419 2392 1476 peccantes
2457 1419 2512 1463 et
2563 1409 2886 1480 colaphizati
2944 1408 3243 1466 sulfertis‘?
3289 1408 3393 1463 Sed
3445 1408 3491 1462 si
3552 1406 3687 1461 bene

2105 1497 2365 1555 facientes
2395 1500 2662 1568 patienter
2719 1502 3020 1568 sustinetis,
3047 1502 3161 1555 haec
3201 1508 3281 1554 est
3326 1498 3497 1569 gratia
3548 1497 3691 1567 apud

2107 1588 2272 1643 Deum
2308 1611 2321 1643 :
2351 1592 2475 1659 quia
2503 1591 2823 1647 etChrislus
2853 1607 3048 1661 passus
3065 1598 3149 1646 est
3174 1604 3270 1659 pro
3313 1587 3488 1651 vobis,
3520 1587 3688 1641 relin—

2105 1692 2280 1745 quens
2304 1679 2452 1733 vobis
2474 1682 2779 1749 exemplum
2799 1690 2857 1735 ut
2878 1681 3177 1751 sequamini
3201 1677 3549 1748 vestigiaejus
3594 1676 3629 1731 ⁸.
3666 1696 3691 1731 ι

427 1772 703 1825 ἀπέθανεν
731 1772 872 1843 ὑπὲρ
909 1770 1089 1840 ὑμῶν,
1117 1769 1245 1838 ὑμῖν
1293 1764 1689 1837 ὑπολιμπάνων
1720 1765 2009 1835 ὑπογραμ-

2116 1773 2366 1837 Proinde,
2421 1791 2524 1828 non
2562 1774 2759 1826 nudum
2816 1785 2871 1827 et
2926 1771 3313 1826 exinanitionis
3369 1786 3561 1839 expers
3598 1769 3690 1824 Dei

429 1861 549 1931 μὸν,
581 1864 668 1917 ίνα
701 1860 1176 1930 ἐπακολουθήσητε
1206 1860 1320 1921 τοῖς
1349 1857 1554 1928 ἴχνεσιν
1592 1856 1779 1916 αὐτοῦ.
1806 1878 1825 1912 ι
1866 1859 2013 1915 Οὐκ-

426 1952 540 2017 οῦν,
582 1953 641 2005 οὐ
673 1952 877 2022 γυμνὴς
903 1950 978 2005 ὣν
1005 1950 1086 2003 ἔτι
1122 1950 1216 2003 καὶ
1247 1949 1359 2002 τῶν
1388 1949 1488 2020 τῆς
1521 1948 1805 2013 κενώσεως
1840 1950 2011 2021 ἀμέτ-

427 2058 552 2111 οχος
579 2042 798 2111 τρόπων
818 2043 847 2094 6
871 2040 966 2093 τοῦ
1022 2038 1157 2093 Θεοῦ
1186 2038 1378 2108 Λόγος,
1409 2038 1522 2092 ἀλλ’
1547 2040 1604 2092 ἐν
1633 2041 1752 2101 ταῖς
1776 2039 2014 2112 ἡμέραις

426 2135 525 2205 τῆς
564 2133 766 2203 σαρκὸς
806 2130 969 2186 αὐτοῦ
1013 2130 1237 2199 γέγονεν
1283 2131 1419 2201 ήμῖν
1478 2130 1866 2200 ὑπογραμμὸς,
1915 2132 2012 2184 ἅτε

428 2224 521 2276 καὶ
543 2224 963 2293 ἀνεπιπλήκτως
992 2221 1112 2286 ἐξὸν
1149 2220 1298 2292 αὐτῷ
1323 2223 1435 2285 τοῖς
1465 2224 1564 2292 τῆς
1599 2221 2013 2293 ἀνθρωπότητος

428 2313 663 2384 χρῆσθαι
696 2313 940 2384 μέτροις,
978 2313 1072 2366 καὶ
1098 2313 1376 2366 ἀνατεῖναι
1406 2311 1583 2380 λιτὴν,
1614 2313 1705 2364 καὶ
1738 2313 2015 2368 καταστά-

430 2405 517 2468 Eat
559 2404 814 2474 δάκρυον,
860 2404 955 2457 καὶ
998 2404 1179 2457 δοκεῖν
1216 2402 1318 2474 ἤδη
1369 2419 1487 2465 πως
1534 2401 1631 2455 καὶ
1676 2402 1882 2457 δεῖσθαι
1919 2400 2015 2455 τοῦ

431 2491 715 2556 σώζοντος,
747 2493 841 2546 καὶ
874 2492 1167 2560 μανθάνειν
1217 2492 1315 2561 τὴν
1344 2490 1614 2562 ὑπακοὴν,
1647 2491 1847 2562 καίπερ
1885 2493 2015 2546 ὅντα

430 2583 577 2637 Υῖόν.
607 2583 971 2654 Κατατέθηπε
1010 2584 1120 2654 γὰρ
1146 2582 1337 2653 ὥσπερ
1363 2582 1423 2635 τὸ
1457 2584 1754 2654 μυστήριον
1786 2586 1814 2636 6
1845 2600 2013 2637 πνευ-

433 2671 759 2743 ματοφόρος,
790 2674 873 2725 ὅτι
908 2671 1069 2741 φύσει
1106 2689 1167 2725 τε
1199 2673 1293 2725 καὶ
1322 2672 1537 2743 ἀληθῶς
1570 2672 1830 2743 ὑπάρχων
1865 2672 2013 2739 Υἱὸς,

430 2761 525 2814 καὶ
551 2764 662 2824 τοῖς
685 2761 786 2830 τῆς
815 2760 1066 2832 θεότητος
1098 2763 1414 2832 αὐχήμασιν
1441 2763 1751 2833 ἐμπρεπὴς,
1776 2764 2017 2834 καθῆκεν

430 2852 621 2905 ἐαυτὸν
652 2853 733 2915 είς
759 2853 1108 2919 ταπείνωσιν,
1132 2852 1208 2916 ὼς
1237 2853 1338 2923 τῆς
1370 2853 1712 2924 ἀνθρωπίνης
1745 2855 2018 2925 πτωχείας

430 2941 684 2995 ὑπελθεῖν
728 2942 791 2996 τὸ
839 2943 1272 3014 σμικροπρεπές.
1308 2943 1449 2995 Ἀλλ’
1489 2939 1557 3014 ἦν
1592 2946 1672 3007 είς
1714 2946 1894 3015 ἡμᾶς,
1942 2944 2019 3008 ὡς

430 3033 588 3101 ἔφην,
617 3035 645 3086 6
664 3031 761 3085 τοῦ
792 3034 1115 3103 πράγματος
1139 3033 1330 3099 τύπος,
1362 3034 1523 3097 καλὸς
1550 3037 1646 3087 καὶ
1671 3036 2017 3107 ὀνησιφόρος·

2118 1864 2370 1927 Verbum,
2578 1862 2672 1916 sed
2716 1861 2767 1916 in
2795 1859 2982 1915 diebus
3014 1860 3195 1915 carnis
3235 1875 3345 1915 suae
3382 1861 3583 1915 factum
3608 1872 3688 1915 εει

2114 1951 2270 2007 nobis
2319 1949 2623 2021 exemplum
2662 1967 2678 2017 ;
2713 1953 2846 2004 adeo
2910 1959 2969 2004 ut
3030 1950 3167 2004 citra
3214 1951 3703 2020 reprehensionem-

2113 2044 2271 2099 liceat
2308 2043 2355 2097 ei
2383 2041 2630 2096 humanis
2663 2041 2905 2095 moribus
2946 2040 3047 2105 uti,
3080 2049 3135 2094 et
3180 2057 3368 2111 preces
3392 2041 3604 2102 offerre,
3636 2050 3690 2093 et

2115 2136 2381 2205 lacrymas
2444 2132 2791 2201 profundere,
2854 2139 2908 2185 et
2960 2130 3297 2186 Salvatorem
3373 2143 3707 2200 exspectare

2113 2235 2274 2291 atque
2318 2221 2631 2291 implorare,
2684 2230 2739 2275 et
2766 2221 3133 2276 obedientiam
3186 2220 3418 2282 discere,
3476 2220 3687 2273 tametsi

2111 2316 2183 2368 sit
2213 2312 2399 2367 Filius.
2419 2313 2693 2366 Attonitus
2717 2312 2859 2364 enim
2888 2311 3289 2379 quodammodo
3317 2310 3417 2364 fuit
3448 2309 3692 2380 mysterii

2114 2402 2484 2473 magnitudine
2530 2401 2818 2471 Apostolus
2883 2399 3087 2470 Spiritu
3125 2399 3361 2461 amatus,
3423 2401 3563 2468 quod
3596 2414 3691 2451 nn.

2114 2506 2229 2547 Iura
2264 2508 2329 2549 ac
2358 2507 2484 2548 vere
2505 2494 2779 2547 exsistens
2799 2492 2990 2557 Filius,
3046 2501 3100 2546 et
3133 2492 3313 2545 divina
3351 2491 3520 2558 gloria
3553 2488 3689 2542 emi-

2113 2602 2267 2655 nens,
2322 2587 2557 2656 seipsum
2603 2585 2669 2637 ad
2717 2600 2836 2639 eant
2892 2583 3247 2638 humilitatem
3296 2580 3594 2641 demiserit,
3634 2590 3691 2632 ιιι

2114 2683 2360 2736 humana!
2390 2679 2583 2748 inopiae
2605 2677 2865 2732 vilitatem
2900 2677 3083 2730 subire
3112 2691 3218 2729 non
3245 2676 3530 2728 recusarit.
3562 2674 3690 2735 Sed,

2112 2782 2170 2827 ut
2200 2772 2329 2838 dixi,
2383 2771 2582 2841 negotii
2636 2769 2797 2838 hujus
2855 2768 3159 2837 exemplum
3213 2766 3279 2819 ad
3332 2780 3429 2819 nos
3500 2780 3692 2833 magno

2113 2871 2297 2919 nostro
2345 2861 2629 2916 commodo
2700 2857 2977 2928 spectabat
3023 2875 3038 2911 :
3090 2863 3150 2909 ut
3199 2855 3525 2909 doceremur
3588 2870 3691 2908 non

2114 2955 2312 3009 debere
2335 2966 2434 3007 nos
2470 2951 2522 3005 in
2570 2949 2730 3004 aliam
2768 2950 2906 3002 viam
2953 2946 3261 3010 deﬂectere,
3299 2960 3421 2999 cum
3482 2952 3692 3013 tempus

2114 3041 2481 3098 fortitudinem
2506 3046 2731 3109 poscat;
2755 3040 2897 3107 quod
2932 3036 3015 3091 vel
3053 3037 3178 3090 hinc
3203 3035 3404 3105 optime
3426 3034 3691 3103 quispiam

430 3121 508 3184 ὡς
538 3122 601 3174 τό
633 3138 715 3174 τοι
752 3120 827 3191 μὴ
856 3122 1053 3191 χρῆναι
1082 3122 1318 3192 διᾴττειν
1348 3125 1496 3195 ἡμᾶς
1539 3125 1619 3189 εἰς
1652 3126 1849 3196 ἑτέραν
1876 3125 2009 3192 ὁδὸν,

2118 3129 2460 3186 intellexerit.
2516 3126 2786 3183 Christus
2831 3126 2977 3180 enim
3031 3125 3158 3179 alibi
3206 3123 3422 3192 quidem
3477 3124 3689 3191 inquit:

435 3210 529 3263 καὶ
567 3210 631 3264 οὐ
659 3209 775 3282 [γρ.
803 3210 1021 3283 καιροῦ]
1046 3211 1339 3278 καλοῦντος
1366 3215 1445 3277 είς
1471 3214 1778 3284 εὐανδρίαν,
1805 3216 2020 3288 ἀναμά-

431 3303 515 3356 θοι
545 3319 631 3367 τις
663 3303 732 3358 ἂν
766 3302 1041 3370 ἐντεῦθεν,
1082 3304 1175 3359 καὶ
1203 3306 1376 3377 ῥᾷστά
1400 3323 1463 3374 γε
1486 3306 1573 3377 δή.
1605 3308 1714 3361 Καὶ
1747 3309 1878 3378 γοῦν
1912 3311 2016 3383 ἐφη

428 3395 686 3466 Χριστὸς,
726 3394 859 3448 ποτέ
892 3395 1014 3467 μὲν,
1044 3396 1124 3450 ὅτι
1161 3398 1258 3451 καὶ
1296 3418 1315 3449 ι
1346 3398 1437 3469 Μὴ
1479 3400 1730 3467 φοϐεῖσθε
1764 3401 1871 3455 ἀπὸ
1904 3402 2018 3457 τῶν

431 3486 870 3541 ἀποκτιννύντων
900 3487 965 3540 τὺ
996 3489 1175 3560 σῶμα,
1227 3491 1327 3561 τὴν
1356 3491 1414 3544 δέ
1442 3491 1622 3561 ψυχὴν
1660 3492 1734 3562 μὴ
1778 3492 2017 3563 δυναμέ-

432 3596 540 3632 νων
570 3578 926 3632 ἀποκτεῖναν
960 3578 1236 3651 φοϐήθητε
1261 3580 1318 3633 δὲ
1354 3581 1557 3650 μᾶλλον
1601 3581 1692 3634 τὸν
1720 3582 2018 3651 δυνάμενον

434 3672 526 3724 καὶ
552 3669 729 3739 ψυχὴν
758 3670 853 3722 καὶ
882 3669 1042 3740 σῶμα
1083 3670 1349 3724 ἀπολέσαι
1384 3673 1443 3723 ἐν
1480 3671 1705 3744 γεέννῃ·
1734 3690 1752 3722 ι
1790 3673 1917 3724 ποτέ
1959 3672 2017 3726 δὲ

424 3757 516 3826 αὖ,
568 3779 587 3813 ι
615 3759 682 3814 Et
712 3777 795 3824 τις
832 3760 975 3815 θέλει
1014 3761 1190 3815 ὀπίσω
1222 3778 1323 3830 μου
1368 3761 1562 3826 ἐλθεῖν,
1610 3762 2019 3833 ἀπαρνησάσθω

426 3852 641 3918 ἑαυτὸν,
680 3853 776 3906 καὶ
809 3853 999 3923 ἀράτω
1024 3852 1118 3907 τὸν
1145 3852 1379 3923 σταυρὸν
1410 3852 1627 3917 ἑαυτοῦ,
1662 3853 1755 3905 καὶ
1789 3852 2017 3906 ἀκολου-

429 3943 593 3998 θείτω
625 3960 735 4013 μοι.
760 3961 781 3994 ι
813 3943 887 3997 Τὸ
918 3943 978 3997 δέ
1003 3943 1113 3997 δεῖν
1136 3944 1347 3997 οἴεσθαι
1383 3943 1803 3996 κατακολουθεῖν
1841 3943 2015 4012 αὐτῷ,

427 4034 483 4087 τί
523 4034 591 4088 ἀν
620 4035 810 4105 ἓτερον
861 4034 949 4106 εῐη
993 4035 1144 4105 παρά
1172 4052 1235 4104 γε
1265 4036 1327 4087 τὸ
1351 4035 1545 4105 χρῆναι
1571 4034 2019 4105 κατανδρίζεσθαι

430 4127 774 4195 πειρασμῶν,
807 4127 946 4198 μετά
971 4127 1065 4180 τοῦ
1092 4128 1192 4199 τὴν
1218 4128 1424 4183 ἀνωθεν
1462 4128 1784 4198 ἐπικουρίαν
1823 4129 2016 4189 αἰτεῖν,

2118 3241 2137 3275 ι
2170 3221 2344 3277 Nolite
2371 3222 2561 3275 timere
2587 3232 2683 3274 eos
2712 3218 2801 3288 qui
2834 3218 3172 3274 interﬁciunt
3194 3231 3417 3286 corpus,
3449 3217 3694 3270 animam

2110 3326 2289 3370 autem
2353 3328 2458 3367 non
2518 3319 2746 3380 possunt
2798 3308 3048 3366 occidere
3091 3309 3232 3364 :sed
3282 3308 3461 3378 potius
3509 3306 3698 3361 timete

2115 3420 2234 3460 eum
2296 3405 2385 3473 qui
2438 3412 2612 3472 potest
2642 3410 2696 3455 et
2728 3400 2967 3455 animam
3030 3407 3085 3455 et
3130 3414 3328 3470 corpus
3364 3397 3591 3469 perdere
3635 3396 3690 3451 in

2114 3494 2417 3565 gehennam
2442 3493 2507 3544 ⁸⁸.
2545 3510 2565 3543 ι
2599 3491 2736 3544 Alibi
2768 3505 2896 3545 vero
2929 3508 2942 3543 :
2979 3509 2999 3540 ε
3045 3489 3102 3543 Si
3139 3490 3262 3557 quis
3295 3488 3410 3542 vult
3452 3496 3573 3556 post
3603 3501 3695 3541 me

2118 3587 2318 3645 venire,
2342 3585 2574 3651 abneget
2604 3586 2979 3650 semetipsum,
3015 3589 3069 3634 et
3116 3579 3269 3634 tollat
3294 3593 3509 3633 crucem
3535 3594 3691 3633 suam

2117 3684 2167 3732 et
2211 3683 2470 3744 sequatur
2504 3687 2589 3726 me
2609 3671 2676 3725 θ’.
2709 3688 2729 3722 ι
2783 3670 2938 3736 Quod
2994 3678 3176 3724 autem
3222 3677 3472 3739 Oporteat
3519 3670 3695 3738 ipsum

2114 3767 2287 3837 sequi,
2330 3765 2592 3835 quidnam
2634 3762 2780 3817 aliud
2821 3762 3115 3831 significet,
3146 3776 3308 3830 quam
3355 3760 3555 3815 debere
3596 3775 3693 3814 nos

2114 3859 2327 3916 fortiter
2368 3855 2638 3912 obsistere
2702 3852 3115 3917 tentationibus,
3180 3867 3305 3906 cutn
3353 3851 3695 3905 invocatione

2114 3950 2301 4007 auxilii
2324 3947 2513 4012 divini,
2538 3961 2648 4001 non
2675 3944 3014 4014 negligenter
3037 3957 3100 3997 ac
3128 3943 3374 4006 remisse,
3404 3942 3497 3997 sed
3519 3940 3701 4010 petius

2116 4049 2329 4098 utentes
2356 4039 2611 4109 precibus
2632 4033 3075 4100 ferventissimis,
3106 4033 3223 4103 pias
3243 4034 3398 4088 nobis
3437 4048 3502 4087 ex
3527 4031 3701 4087 oculis

2114 4134 2382 4199 lacrymas
2415 4126 2836 4185 excutientibus.

430 4225 534 4279 οὐκ
560 4218 853 4292 ἀτημελῶς
891 4233 953 4270 τε
991 4217 1085 4271 καὶ
1116 4215 1492 4286 παρειμένως,
1525 4210 1910 4284 κεχρημένους
1945 4207 2003 4261 δέ
2049 4208 2254 4283 μᾶλλον
2285 4206 2463 4270 λιταῖς
2508 4209 2629 4270 ταῖς
2660 4206 3078 4268 ἐκτενεστάταις
3119 4203 3215 4260 καὶ
3244 4203 3539 4268 καθιέντας
3588 4202 3696 4276 δμ-

436 4321 627 4391 μάτων
657 4318 720 4368 τὸ
752 4312 811 4378 ἐξ
838 4312 1125 4374 εὐλαϐείας
1150 4310 1415 4382 δάκρυον;

439 4411 551 4465 Τοῦ
587 4407 777 4463 αὐτοῦ
816 4406 886 4460 ἐκ
919 4402 1038 4457 τῶν
1066 4403 1202 4471 περὶ
1243 4401 1355 4468 τῆς
1388 4396 1663 4460 ἐνώσεως
1702 4392 2000 4461 Σχολιων.

506 4501 582 4552 Τὸ
606 4501 707 4565 τῆς
739 4497 985 4557 ἐνὼσεως
1023 4494 1213 4565 χρῆμα
1245 4493 1387 4544 κατά
1420 4486 1650 4549 πολλοὺς
1682 4483 2013 4537 ἐπιτελεῖται

2453 4392 2704 4459 Ejusdem
2734 4408 2798 4445 ea:
2830 4389 3049 4445 Schaliis
3079 4389 3144 4444 de
3175 4392 3385 4445 unione.

2194 4480 2468 4536 Adunatio
2500 4481 2686 4536 multis
2719 4482 2897 4536 modis
2938 4480 3199 4551 impletur
3228 4500 3244 4537 :
3288 4482 3527 4551 sejuncti
3553 4483 3701 4536 enim

433 4549 705 4663 τρόπους
739 4549 1075 4662 διῃρημένοσι.
1106 4549 1214 4653 γαρ
1250 4599 1395 4645 τινες
1450 4578 1589 4634 κατά
1643 4575 1889 4631 διάθεσιν
1921 4574 2009 4627 καὶ

2121 4571 2370 4627 nonnulli
2391 4569 2586 4625 aﬂectu
2619 4572 2704 4627 vel
2736 4549 3037 4637 voluntate,
3059 4580 3115 4626 et
3138 4549 3520 4626 discordantes
3562 4571 3704 4622 inter

437 4683 684 4754 γνώμην,
718 4682 812 4736 καὶ
851 4678 1211 4749 διχονοοῦντες
1245 4675 1381 4744 πρὸς
1414 4671 1680 4741 ἀλλήλους
1701 4708 1716 4731 ,
1764 4664 2014 4719 ἐνοῦσθαι

434 4755 690 4843 λέγονται
717 4773 858 4828 κατά
884 4770 1152 4841 σύμϐασιν
1183 4765 1429 4837 φιλικὴν,
1452 4765 1515 4816 ἐκ
1536 4762 1702 4828 μέσου
1728 4757 2014 4817 ποιοῦντες

435 4869 538 4929 τὰς
580 4850 847 4937 διαφοράς
870 4882 885 4896 ο
919 4861 1171 4917 ἐνοῦσθαι
1201 4858 1258 4913 δέ
1284 4872 1468 4928 φαμεν
1516 4855 1613 4907 καὶ
1644 4852 1713 4906 τά
1762 4848 2014 4919 ἀλλήλοις

437 4957 776 5027 κολλώμενα,
806 4956 975 5026 ἦγουν
1026 4948 1403 5021 συνηνεγμένα
1457 4944 1581 4999 καθ’
1614 4943 1837 5014 ἐτέρους
1888 4937 2013 5010 τρό-

439 5062 598 5109 πους,
630 5045 665 5115 ἢ
701 5046 843 5099 κατὰ
878 5041 1204 5113 παράθεσιν,
1241 5039 1273 5109 ἢ
1313 5037 1480 5108 μίξιν,
1524 5034 1558 5105 ἢ
1602 5034 1798 5104 κρᾶσιν
1821 5047 1835 5063 ο
1882 5031 2015 5084 ὅταν

438 5134 534 5191 οὖν
574 5136 825 5190 ἐνοῦσθαι
857 5136 1090 5205 λέγομεν
1126 5134 1190 5200 τῇ
1227 5129 1350 5183 καθ’
1389 5129 1536 5198 ἡμᾶς
1571 5124 1732 5194 φύσει
1780 5123 1871 5178 τὸν
1918 5121 2012 5176 τοῦ

439 5228 577 5283 Θεοῦ
608 5228 800 5295 Λόγον,
827 5228 1088 5296 κρείττων
1110 5225 1304 5295 δρᾶται
1335 5220 1435 5289 τῆς
1460 5217 1748 5288 ἀνθρώπου
1774 5213 2013 5278 διανοίας

440 5325 468 5376 ὁ
496 5322 593 5391 τῆς
640 5323 887 5383 ὲνώσεως
925 5319 1160 5389 τράποιτ’
1194 5316 1255 5369 οὐ
1308 5314 1419 5382 γάρ
1463 5327 1548 5363 τοι
1592 5308 1719 5363 καθ’
1767 5307 1867 5361 ἕνα
1909 5306 2020 5358 τῶν

441 5414 749 5485 εἰρημένων
773 5414 919 5465 ἐστίν
940 5426 952 5439 ·
980 5411 1291 5481 ἀπόρρητος
1315 5406 1371 5459 δὲ
1406 5402 1707 5466 παντελῶς,
1726 5401 1821 5454 καὶ
1842 5398 2020 5453 οὐδενὶ

442 5508 582 5576 τάχα
612 5506 719 5558 τῶν
752 5505 924 5557 ὄντων
978 5500 1399 5571 διεγνωσμένος,
1434 5495 1577 5569 πλὴν
1624 5495 1707 5548 ὅτι
1766 5492 1915 5564 μόνῳ
1943 5488 2022 5561 τῷ

446 5600 627 5655 πάντα
664 5597 829 5651 εἰδότι
863 5594 997 5666 Θεῷ

517 5784 533 5814 ¹
569 5783 589 5839 1
623 5778 767 5839 Petr.
793 5796 852 5845 ιι,
881 5777 971 5844 20,
1000 5776 1089 5833 21.

2120 4659 2467 4726 se,_adunari
2525 4659 2804 4726 dicuntur,
2846 4674 2944 4729 per
2992 4659 3494 4717 reconciliationem
3533 4672 3561 4712 s
3598 4659 3705 4711 οἰι-

2122 4755 2252 4821 lem,
2282 4754 2527 4823 deposita
2574 4754 2871 4810 simultate.
2915 4752 3161 4808 Adunari
3210 4751 3341 4806 item
3373 4749 3609 4805 dicimus
3640 4762 3704 4800 ea

2121 4862 2243 4919 quae
2271 4846 2377 4903 sibi
2405 4846 2875 4918 conglutinantur,
2902 4844 3019 4899 sive
3042 4842 3219 4897 modis
3247 4842 3368 4896 aliis
3403 4839 3670 4895 conferun
3695 4870 3702 4877 -

2122 4949 2230 5008 tur,
2252 4948 2347 4995 aut
2371 4956 2469 5011 per
2501 4938 2984 5008 compositionem,
3001 4944 3097 4990 aut
3125 4948 3225 5003 per
3251 4932 3588 4994 mistionem,
3606 4939 3703 4983 aut

2122 5046 2221 5100 per
2248 5029 2719 5099 temperationem.
2769 5026 2997 5092 Quoties
3036 5032 3219 5079 autem
3254 5023 3548 5076 adunatum
3584 5035 3705 5074 esse

2124 5129 2328 5177 nostrae
2365 5130 2574 5174 naturae
2599 5119 2690 5173 Dei
2726 5118 2965 5174 Verbum
2995 5112 3431 5180 dicimus;omni
3465 5112 3705 5165 humana

2119 5213 2445 5284 cogitatione
2503 5210 2852 5266 adunationis
2903 5207 3023 5279 ejus
3080 5205 3275 5261 modus
3329 5202 3543 5258 videtur
3582 5216 3707 5258 esse

2122 5304 2391 5375 superior.
2458 5286 2645 5372 Neque
2690 5301 2839 5356 enim
2886 5316 2982 5368 per
3031 5313 3194 5367 supra
3238 5296 3470 5365 scriptos
3513 5295 3707 5351 modos

2124 5396 2265 5451 facta
2295 5403 2381 5451 est
2421 5408 2620 5450 arcana
2653 5394 2764 5456 illa,
2797 5403 2852 5448 et
2900 5390 3029 5445 nulli
3072 5389 3289 5459 penitus
3330 5394 3482 5455 nota,
3516 5387 3619 5444 nisi
3655 5385 3713 5445 εἰ

2125 5489 2213 5544 cui
2243 5487 2427 5545 omnia
2456 5496 2587 5543 nota
2620 5496 2769 5547 sunt,
2805 5484 2957 5539 unio.
