4036 6210
375 373 487 437 979

1650 369 2025 432 EUTHYMH
2068 372 2238 433 ZIGA
2254 374 2427 433 BENI

3532 370 3657 433 οθο

484 503 551 557 Ει
601 501 735 558 nihil
798 502 1029 570 mirum,
1067 503 1112 558 si
1156 502 1210 557 in
1274 500 1581 569 hujusmodi
1635 498 1947 568 cogitationt

2137 500 2248 554 Kal.
2282 499 2593 569 θαυμαστὸν
2643 502 2827 567 οὐδὲν,
2865 502 2915 556 ει
2953 502 3064 555 τῶν
3121 500 3379 555 τοιούτων
3430 502 3656 554 ἐννοιῶν

382 596 685 659 vincamur,
734 609 855 649 cum
891 610 979 649 res
1012 604 1253 659 nostras,
1300 595 1571 665 quomodo
1614 608 1674 649 se
1704 593 1957 659 habeant,

377 684 743 754 inquirentes,
789 685 928 739 ultra
966 688 1182 739 modum
1216 695 1415 739 nostrte
1462 683 1956 756 meutisinveutio-

377 792 500 831 nem
545 792 664 832 esse
707 777 1103 843 conﬁteantur;
1137 788 1489 846 quonamque
1535 776 1693 831 modo
1720 777 1960 835 animant

376 866 616 925 hominis
659 882 758 924 suo
791 868 1009 937 corpori
1045 869 1335 923 adunatam
1364 880 1487 923 esse
1517 867 1805 938 putemus?
1829 868 1960 934 Quis

374 967 461 1012 est
494 960 583 1027 qui
616 957 669 1013 id
694 957 866 1026 possit
895 957 1245 1027 exprimere?
1269 957 1374 1013 Sed
1408 958 1453 1014 si
1483 966 1697 1026 oportet
1726 972 1841 1025 eos,
1866 958 1958 1028 qui

376 1062 541 1118 parva
572 1063 637 1103 ea
687 1048 775 1104 vix
794 1049 1134 1119 -intelligere
1184 1049 1427 1115 soleant;
1475 1050 1584 1106 imo
1632 1059 1686 1106 et
1733 1066 1829 1107 eos
1867 1052 1956 1120 qui

378 1139 949 1221 valeant~intelligere3
996 1152 1105 1197 tam
1137 1142 1363 1197 subtiles
1398 1157 1483 1197 res
1521 1152 1575 1197 et
1602 1156 1817 1199 omnem
1866 1160 1956 1197 ru-

377 1234 579 1291 tionem
628 1234 1082 1290 transcendentes
1132 1234 1441 1302 conjectare
1480 1254 1493 1290 :
1528 1235 1760 1290 dicimus
1813 1236 1956 1305 quod

376 1321 568 1378 deceat
602 1314 845 1390 cogitare
875 1326 1149 1394 (quamvis
1198 1328 1375 1380 minor
1407 1324 1477 1379 sit
1506 1324 1681 1380 oratio
1711 1323 1777 1378 ad
1814 1324 1956 1379 veri-

386 1404 573 1473 tatem)
611 1406 769 1463 talem
803 1414 921 1463 esse
966 1409 1353 1465 adunatiouem
1401 1407 1574 1478 ipsius
1608 1408 1955 1481 Emmanuel,

376 1498 588 1569 qualem
640 1500 761 1566 quis
812 1498 1075 1571 intelligat
1114 1505 1352 1556 animam
1402 1503 1638 1559 hominis
1683 1505 1748 1559 ad
1797 1520 1955 1560 suum

374 1604 571 1656 corpus
610 1589 829 1644 habere.
971 1587 1211 1661 [Anima
1251 1593 1395 1648 enim
1437 1595 1618 1648 omnia
1668 1610 1787 1664 qua:
1829 1604 1956 1653 sunt

374 1679 640 1746 rnrporis,
672 1695 791 1735 esse
834 1688 1049 1750 reputat
1083 1697 1201 1748 sua,
1243 1683 1370 1739 licet
1400 1699 1496 1755 per
1529 1697 1781 1742 naturam
1826 1702 1953 1757 pro-

373 1787 545 1838 prtam
578 1786 772 1840 expers
804 1771 875 1826 sit
1018 1773 1362 1842 passionibus
1398 1776 1672 1845 .corporis,
1700 1786 1754 1831 et
1793 1786 1954 1833 natu-

374 1861 601 1926 ralibus,
630 1869 683 1916 et
703 1875 825 1931 quae
851 1864 1192 1919 extrinsecus
1219 1867 1514 1921 accedunt:
1536 1878 1783 1923 movetur
1804 1870 1952 1925 enim

373 1967 569 2022 corpus
616 1952 669 2005 in
719 1954 1193 2023 concupiscentias
1234 1956 1530 2023 naturales,
1569 1966 1626 2013 et
1674 1962 1950 2016 consentit

372 2044 571 2111 anima,
619 2052 674 2099 et
725 2044 875 2100 nullo
921 2046 1045 2101 licet
1092 2047 1251 2101 modo
1294 2048 1645 2118 participans,
1685 2053 1950 2121 concupi-

370 2131 591 2185 scentia:
627 2139 810 2187 tamen
855 2133 1059 2188 exitum
1096 2133 1510 2191 delectationem
1543 2140 1816 2209 propriam
1851 2143 1955 2196 du—

371 2221 464 2275 cit.
507 2221 571 2281 Et
604 2222 649 2278 si
700 2221 841 2279 forte
872 2224 1016 2278 ferro
1061 2238 1259 2295 corpus
1299 2226 1659 2294 percutiatur,
1697 2239 1791 2284 aut
1839 2240 1953 2285 tor-

368 2323 622 2381 queatur,
666 2314 917 2370 condolet
956 2314 1047 2369 illa
1079 2315 1324 2385 quidem,
1357 2317 1501 2386 quod
1547 2332 1704 2374 suum
1753 2334 1952 2390 corpus

370 2408 654 2472 patiatur:
684 2405 800 2475 ipsa
850 2421 976 2461 vero
1010 2406 1063 2462 in
1112 2421 1211 2463 sua
1261 2416 1454 2463 natura
1505 2409 1712 2465 nullum
1746 2410 1951 2480 patitur

368 2496 587 2550 omnino
618 2505 969 2553 tormentum.

439 2587 646 2643 Tamen
690 2604 855 2660 super
903 2590 1008 2645 hoc
1056 2603 1276 2660 quoque
1312 2589 1543 2647 dicimus
1590 2606 1713 2651 esse
1745 2597 1948 2652 aduna-

369 2680 592 2746 tionem,
646 2694 765 2749 qua‘
815 2680 984 2736 estin
1037 2680 1392 2738 Emmanuele
1419 2682 1563 2739 facta
1592 2702 1606 2739 :
1637 2693 1757 2741 erat
1803 2687 1947 2742 enim

372 2782 591 2823 necesse
635 2784 755 2824 cum
788 2784 888 2825 suo
917 2784 1149 2840 corpore
1176 2772 1467 2827 adunatam
1501 2774 1548 2828 ei
1582 2775 1819 2831 animam
1850 2777 1948 2830 du-

366 2857 500 2922 Iere,
647 2868 706 2912 ut
750 2860 876 2913 dum
910 2861 1134 2916 timebat
1168 2863 1477 2933 passiones,
1522 2866 1795 2923 subditam
1825 2882 1950 2923 cer-

363 2947 535 3001 vicem
565 2947 675 3002 Deo
699 2950 1092 3025 submitteret].
1128 2951 1204 3008 De
1234 2952 1347 3009 Deo
1384 2963 1564 3010 autem
1592 2956 1765 3013 Verbo
1817 2974 1950 3014 con-

363 3038 547 3092 dolere
575 3040 921 3108 passionibds
949 3043 1102 3101 nefas
1128 3055 1210 3100 est
1236 3045 1424 3101 dicere
1451 3063 1465 3099 :
1695 3048 1949 3117 impassi-

2066 588 2382 661 ἡττώμεθα·
2421 592 2509 645 ὅτε
2542 594 2609 647 τά
2645 594 2767 647 καθ’
2792 573 2951 665 ’ἡμᾶς
2983 594 3181 657 αὐτοὺς
3234 594 3385 657 ὅπως
3425 592 3495 646 ἀν
3537 593 3654 663 ἔχοι

2064 682 2505 754 διερευνώμενοι,
2534 688 2631 756 τῆς
2684 685 2915 756 ἐνούσης
2957 688 3088 756 ἡμῖν
3120 684 3358 747 διανοίας
3391 684 3657 738 ἐπέκεινα

2062 773 2164 844 ’τὴν
2195 774 2500 843 κατάληψιν
2525 776 2898 847 ὁμολογοῦμεν
2926 776 3364 847 ύπάρχειν.Τίνα
3389 774 3499 844 γὰρ
3529 776 3656 846 τρό-

2067 881 2168 917 πον
2199 865 2443 935 ἡνῶσθαι
2482 866 2714 936 νοοῦμεν
2758 868 2856 939 τὴν
2888 868 2984 923 τοῦ
3034 869 3325 941 ἀνθρώπου
3368 867 3546 939 ψυχὴν
3577 868 3656 939 τῷ

2066 956 2186 1027 ἰδίῳ
2211 958 2459 1028 σώματι;
2494 958 2590 1023 Τίς
2640 961 2668 1013 ό
2705 960 2912 1031 φράσαι
2955 960 3287 1029 δυνάμενος;
3316 960 3378 1011 El
3413 958 3472 1011 δὲ
3520 960 3654 1029 χρὴ,

2064 1050 2240 1121 μικρά
2274 1050 2369 1103 καὶ
2389 1050 2542 1120 μόλις
2571 1052 2774 1106 ἐννοεῖν
2812 1052 3091 1115 εἰωθότας,
3117 1052 3214 1105 καὶ
3230 1050 3659 1120 λαλεῖνίσχύον-

2059 1159 2190 1208 τας,
2225 1142 2333 1196 τῶν
2367 1140 2540 1205 οὕτως
2594 1142 2791 1212 ίσχνῶν
2814 1185 2829 1208 ,
2867 1144 2962 1198 καὶ
3010 1142 3150 1213 ὑπὲρ
3201 1141 3328 1195 νοῦν
3363 1140 3459 1193 καὶ
3494 1140 3654 1208 λόγον

2060 1234 2405 1303 πραγμάτων
2429 1236 2976 1307 κατα-τεκμήρασθαι,
3003 1234 3206 1303 φαμὲν,
3231 1233 3313 1285 ὅτι
3348 1231 3547 1300 πρέποι
3584 1229 3656 1284 ἂν

2059 1329 2289 1381 ἐννοεῖψ
2322 1327 2490 1399 μείων
2510 1330 2567 1384 δὲ
2599 1329 2820 1390 πάντως
2844 1328 2944 1397 τῆς
2974 1326 3233 1397 ἀληθείας
3256 1326 3287 1378 ὁ
3312 1324 3471 1392 λόγος
3488 1339 3503 1353 ο
3531 1338 3655 1376 τοι·

2052 1411 2224 1483 αὐτην
2252 1409 2392 1467 εἶναι
2419 1413 2517 1484 τὴν
2545 1413 2743 1467 ἕνωσιν
2779 1412 2874 1465 τοῦ
2931 1413 3303 1484 Ἐμμανουήλ,
3345 1414 3649 1482 ὁποίαν-περ

2051 1502 2119 1557 ἂν
2151 1503 2428 1572 λογίσαιτό
2459 1521 2543 1567 τις
2573 1504 2671 1556 καὶ
2693 1503 2793 1572 τὴν
2820 1503 2944 1574 [Ion
2975 1504 3077 1572 τῆς
3101 1503 3197 1556 τοῦ
3225 1504 3385 1574 ἀνθρ.
3414 1503 3633 1576 ψυχῆς]

2050 1593 2145 1648 τοῦ
2167 1595 2460 1666 ἀνθρώπου
2492 1596 2669 1666 ψυχὴν
2700 1595 2835 1666 πρὸς
2855 1596 2918 1647 τὸ
2939 1595 3073 1648 ῖδιον
3106 1594 3287 1665 σῶμα.
3325 1595 3635 1648 Οίκειοῦται

2048 1684 2159 1756 γὰρ
2182 1686 2217 1757 ἡ
2242 1686 2389 1757 ψυχὴ
2409 1686 2477 1739 τά
2506 1686 2599 1739 τοῦ
2633 1685 2905 1756 σώματος,
2933 1684 3109 1739 καίτοι
3141 1686 3284 1740 κατά
3312 1686 3475 1754 φύσιν
3499 1686 3635 1739 ἰδίαν

2047 1776 2315 1846 ἀμέτοχος
2340 1773 2478 1830 οὖσα
2516 1775 2624 1827 τῶν
2659 1775 2824 1828 αὐτοῦ
2858 1775 3050 1828 παθῶν
3095 1774 3345 1843 φυσικῶν
3390 1792 3450 1828 τε
3490 1774 3631 1844 ἅμα,

2048 1868 2143 1920 καὶ
2174 1867 2284 1919 τῶν
2312 1867 2512 1931 ἔξωθεν
2552 1867 2934 1935 ἐπαγομένων.
2968 1868 3216 1919 Κινεῖται
3269 1865 3367 1935 μὲν
3411 1867 3521 1935 γάρ
3553 1868 3633 1929 είς

2047 1954 2255 2024 ὀρέξεις
2285 1955 2345 2007 τὸ
2381 1955 2540 2024 σῶμα
2573 1954 2832 2023 φυσικάς,
2855 1956 2949 2007 καὶ
2973 1954 3393 2007 συναισθάνεται
3422 1954 3510 2007 διὰ
3532 1956 3632 2024 τὴν

2045 2043 2239 2097 ἕνωσιν
2272 2046 2303 2114 ἡ
2346 2043 2541 2097 ἐνοῦσα
2575 2044 2750 2115 ψυχή·
2784 2044 3149 2113 ωμμετὶσχει
3185 2042 3243 2096 δὲ
3285 2045 3407 2097 κατ’
3440 2044 3633 2097 οὐδένα

2041 2135 2277 2205 τρόπον’
2308 2134 2477 2187 οἴεταί
2508 2150 2573 2203 γε
2606 2134 2713 2204 μὴν
2747 2133 2883 2187 ἰδίαν
2930 2132 3235 2187 ἀπόλαυσιν
3265 2127 3409 2186 εἷναι
3442 2132 3504 2185 τὸ
3531 2133 3635 2202 τῆς

2040 2226 2272 2296 ὀρέξεως
2303 2227 2674 2296 ἀποτέλεσμα·
2706 2225 2811 2279 κᾶν
2840 2226 2889 2279 εί
2928 2224 3315 2290 καταξαίνοιτο
3360 2224 3523 2293 τυχὸν
3567 2224 3634 2277 τὸ

2045 2317 2228 2385 σῶμα,
2277 2318 2369 2369 καὶ
2408 2316 2614 2388 σιδήρῳ
2671 2314 3056 2380 καταξαίνοιτο
3085 2316 3344 2382 συναλγεῖ
3395 2316 3514 2384 μὲν,
3552 2315 3634 2378 ὡς

2044 2406 2176 2460 ἰδίου
2202 2407 2503 2477 πάσχοντος
2531 2406 2814 2478 σώματος·
2851 2407 2990 2477 αὐτή
3020 2423 3083 2475 γε
3116 2408 3223 2476 μὴν
3257 2410 3339 2471 εἰς
3368 2406 3504 2460 ἰδίαν
3529 2407 3635 2475 φύ.

2044 2517 2126 2553 σιν
2159 2498 2259 2552 ούκ
2288 2499 2354 2554 ἄν
2379 2517 2433 2553 τι
2468 2498 2633 2555 πάθοι
2655 2500 2767 2552 τῶν
2797 2499 3272 2569 ἐπενηνεγμένων.

2114 2590 2261 2661 Πλὴν
2284 2590 2379 2645 καὶ
2417 2590 2560 2660 ὑπὲρ
2588 2589 2747 2643 τοῦτό
2790 2606 2973 2660 φαμεν
3007 2590 3101 2642 ἐπὶ
3127 2589 3227 2642 τοῦ
3276 2589 3634 2660 Ἐμμανουὴλ

2038 2682 2136 2750 τὴν
2168 2676 2508 2735 ἐνωσινῘΗν
2537 2681 2637 2751 μὲν
2672 2682 2781 2751 γὰρ
2812 2683 3134 2749 ἀναγκαῖον,
3163 2682 3244 2751 τῷ
3267 2682 3381 2751 ίδίφ
3412 2683 3631 2751 σώματι

2042 2771 2328 2840 συναλγεῖν
2355 2772 2455 2843 τὴν
2488 2770 2786 2826 ἐνωθεῖσαν
2831 2771 3013 2841 ψυχήν
3034 2788 3048 2800 ·
3086 2770 3174 2825 ἵνα
3209 2770 3489 2840 φεύγουσα
3524 2771 3630 2835 τὰς

2041 2862 2247 2925 αἰκίας,
2283 2862 2496 2933 εὐήνιον
2540 2862 2807 2932 ύποφέροι
2854 2864 2933 2935 τῷ
2972 2862 3091 2934 Θεῷ
3111 2862 3206 2915 τὸν
3235 2862 3460 2932 αὐχένα.
3498 2862 3629 2915 Ἐπὶ

2040 2953 2098 3009 δέ
2132 2969 2195 3020 γε
2224 2952 2320 3007 τοῦ
2338 2952 2474 3007 Θεοῦ
2509 2953 2689 3021 Λόγου
2720 2954 2780 3007 τὸ
2814 2954 3272 3009 συναισθάνεσθαι
3299 2954 3409 3007 τῶν
3433 2955 3631 3007 αίκιῶν

2040 3044 2242 3098 ἄτοπον
2267 3044 2444 3098 εἰπεῖν
2467 3061 2481 3075 ·
2515 3043 2730 3109 ἀπαθὲς
2753 3046 2863 3116 γὰρ
2890 3046 2952 3099 τὸ
2996 3045 3173 3107 Θείον,
3214 3045 3311 3099 καὶ
3334 3045 3437 3098 οὐκ
3466 3046 3525 3099 ἐν
3561 3063 3629 3114 γε

363 3130 486 3185 bilis
510 3133 655 3186 enim
687 3132 829 3189 Deus
855 3143 959 3202 est,
995 3147 1051 3191 et
1080 3147 1393 3194 nostrarum
1422 3154 1600 3194 rerum
1644 3139 1803 3210 longe
1830 3141 1945 3197 dis.

2052 3137 2154 3197 τοῖς
2174 3135 2295 3189 καθ’
2324 3136 2475 3207 ἡμᾶς
2495 3150 2508 3163 ⁴
2532 3134 2648 3189 ἀλλ’
2675 3137 2854 3206 ἧνωτο
2884 3137 2982 3207 μὲν
3011 3136 3199 3209 σαρκὶ,
3222 3136 3401 3206 ψυχὴν
3425 3137 3630 3210 ἐχούσῃ

359 3222 592 3290 similis;
646 3225 742 3280 sed
783 3227 1053 3283 adnnatus
1088 3229 1305 3297 quidem
1352 3238 1472 3287 erat
1517 3231 1669 3285 carni
1715 3232 1945 3288 habenti

362 3314 598 3368 animam
641 3316 1039 3383 rationabilem,
1067 3334 1175 3389 qua
1202 3321 1447 3389 patiente
1477 3319 1592 3390 ipse
1635 3321 1947 3391 impassibi-

360 3403 450 3471 lis,
490 3420 556 3458 ea
591 3419 710 3474 qua:
757 3406 951 3463 anima:
992 3410 1400 3481 contingerent,
1447 3412 1838 3481 cognoscebat,
1891 3422 1949 3469 et

358 3496 725 3553 contundebat
768 3498 1009 3568 quidem,
1039 3509 1097 3554 ut
1137 3499 1301 3565 Deus,
1338 3506 1522 3559 carnis
1564 3504 1943 3573 inﬁrmitates;

359 3600 488 3641 suas
523 3594 704 3643 tamen
743 3602 859 3651 eas,
893 3596 1150 3657 tanquam
1190 3589 1274 3644 sui
1312 3592 1581 3659 corporis,
1611 3605 1734 3647 esse
1772 3590 1942 3648 duee-

361 3680 474 3734 b’at.
507 3677 695 3748 Itaque
717 3682 979 3739 esuriisse
1015 3681 1233 3751 dicitur,
1272 3682 1533 3754 fatigatus
1566 3700 1708 3754 esse,
1746 3700 1945 3756 passus

360 3770 530 3825 fuisse
559 3786 659 3840 pro
698 3772 874 3829 nobis.

431 3858 576 3927 Ergo
623 3858 787 3916 Verbi
836 3861 1117 3929 adunatio,
1150 3879 1271 3933 qua:
1315 3875 1400 3921 est
1431 3882 1554 3923 cum
1607 3869 1945 3927 humanitate

358 3949 529 4015 facta,
577 3967 682 4006 non
728 3953 1180 4010 irrationabiliter
1214 3956 1374 4013 rebus
1419 3959 1619 4015 nostris
1656 3975 1943 4030 compare-

360 4052 468 4099 tur.
506 4041 638 4097 Nam
675 4044 819 4101 sicut
850 4060 1049 4115 corpus
1091 4047 1319 4102 alterius
1361 4061 1447 4103 est
1498 4060 1707 4105 natura:
1744 4063 1944 4120 praeter

363 4135 628 4200 animam,
661 4147 715 4191 et
744 4152 885 4192 unus
918 4145 1098 4191 tamen
1129 4152 1195 4191 ex
1248 4148 1479 4207 utroque
1521 4141 1684 4195 homo
1713 4140 1943 4199 efﬁcitur

358 4233 417 4279 et
446 4235 709 4289 vocatur;
741 4226 818 4280 ita
860 4227 1025 4282 etiam
1055 4241 1123 4282 ex
1160 4227 1401 4298 perfecta
1431 4229 1524 4285 Dei
1560 4231 1720 4287 Verbi
1767 4234 1942 4288 subsi-

354 4312 551 4369 stentia
594 4321 649 4367 et
696 4329 761 4368 ex
812 4315 1154 4370 humanitate
1182 4314 1425 4385 perfecta
1483 4333 1622 4374 unus
1671 4329 1752 4375 est
1782 4320 1940 4377 Chri-

2040 3223 2138 3294 τὴν
2164 3225 2389 3296 λογικήν
2409 3240 2422 3255 ⁶
2457 3224 2776 3297 πασχούσης
2792 3227 2857 3295 δὲ
2886 3227 3078 3299 αὐτῆς,
3109 3226 3339 3290 ἀπαθῶς
3362 3223 3431 3298 ἦν
3461 3228 3519 3280 ἐν
3546 3230 3629 3279 εί-

2038 3315 2193 3387 δήσει
2225 3317 2335 3371 τῶν
2365 3318 2448 3379 εἰς
2476 3317 2648 3388 αὐτὴν
2672 3318 2976 3389 γινομένων
2999 3334 3013 3349 ·
3042 3318 3137 3373 καὶ
3160 3317 3392 3388 ἠφάνιζε
3424 3318 3524 3388 μὲν
3550 3318 3633 3381 ὡς

2038 3407 2171 3471 Θεὸς
2215 3408 2314 3472 τὰς
2350 3409 2451 3479 τῆς
2484 3408 2688 3478 σαρκὸς
2733 3409 3055 3473 ἀσθενείας,
3105 3408 3369 3481 ᾠκειοῦτό
3409 3425 3476 3477 γε
3519 3409 3632 3480 μὴν

2038 3500 2208 3563 αύτάς
2243 3500 2320 3564 ὡς
2347 3499 2479 3553 ἰδίου
2509 3498 2765 3571 σώματος
2785 3515 2801 3532 ⁸
2828 3500 2973 3555 οὕτω
3002 3502 3098 3556 καὶ
3123 3501 3383 3572 πεινῆσαι
3410 3502 3632 3570 λέγεται

2040 3592 2134 3646 καὶ
2167 3593 2386 3663 καμεῖν,
2423 3592 2520 3648 καὶ
2555 3592 2749 3648 παθεῖν
2784 3593 2926 3663 ὑπὲρ
2951 3591 3137 3663 ἡμῶν.

2110 3854 2327 3909 Οὐκοῦν
2350 3854 2740 3926 παρεικάζοιτο
2772 3854 2840 3910 ἂν
2864 3855 2899 3925 ή
2931 3854 3125 3920 ἐνωσις
3160 3852 3257 3909 τοῦ
3287 3856 3464 3924 Λόγου
3492 3857 3629 3926 πρὸς

2036 3950 2098 4000 τὸ
2118 3946 2459 4017 ἀνθρώπινον
2487 3948 2589 4001 οὐκ
2615 3947 2725 4002 ἀπὸ
2761 3946 2968 4001 σκοποῦ
2995 3950 3113 4011 τοῖς
3142 3947 3269 4002 καθ’
3302 3950 3471 4018 ἡμᾶς.
3498 3950 3631 4001 '03-

2037 4056 2145 4109 περ
2168 4040 2277 4109 γάρ
2307 4038 2602 4109 ἐτεροφυές
2636 4039 2737 4109 μὲν
2759 4040 2821 4094 τὸ
2851 4039 3013 4110 σῶμα
3038 4040 3177 4111 πρὸς
3194 4040 3295 4109 τὴν
3322 4039 3521 4111 ψυχὴν,
3546 4035 3631 4103 εἷς

2037 4146 2102 4200 γε
2137 4130 2244 4199 μὴν
2286 4128 2346 4195 ἐξ
2377 4129 2585 4198 ἀμφοῖν
2625 4128 2916 4200 ἄνθρωπος
2940 4128 3289 4184 ἀποτελεῖται
3325 4131 3423 4183 καὶ
3470 4129 3631 4197 λέγε-

2036 4236 2128 4273 ται
2149 4236 2163 4251 θ
2196 4217 2340 4273 οὕτω
2372 4219 2467 4271 καὶ
2488 4220 2554 4272 ἐκ
2584 4217 2798 4281 τελείας
2828 4218 3184 4281 ὑποστάσεως
3230 4216 3325 4270 τοῦ
3358 4218 3497 4271 Θεοῦ
3526 4220 3630 4271 A6-

2037 4327 2160 4379 γου,
2195 4308 2290 4362 καὶ
2327 4307 2433 4379 μὴν
2474 4308 2572 4361 καὶ
2602 4307 2662 4374 ἐξ
2687 4308 3110 4379 άνθρωπότητος
3140 4307 3365 4372 τελείως
3394 4308 3630 4379 ἐχούσης

355 4414 493 4469 stus,
532 4404 677 4458 idem
708 4406 762 4460 in
804 4407 995 4461 eodem
1033 4408 1175 4464 Deus
1205 4410 1365 4464 simul
1412 4420 1467 4465 et
1510 4412 1706 4476 homo;
1739 4421 1793 4467 et
1841 4428 1937 4469 sua

2052 4400 2183 4456 ιιατά
2202 4398 2295 4455 τὸν
2323 4400 2456 4454 ῖδιον
2476 4400 2657 4469 λόγον,
2686 4394 2769 4465 εἷς
2794 4401 2824 4454 ὁ
2851 4400 3109 4470 Χριστὸς,
3127 4402 3156 4454 ό
3179 4401 3343 4463 αὐτὸς
3366 4401 3631 4471 ὑπάρχων

354 4462 571 4566 quidem
620 4496 769 4551 ducit
803 4497 947 4553 Deus
988 4462 1356 4564 Verbum,"ut
1388 4462 1791 4568 anteﬁdixi;

2052 4496 2099 4548 ὲν
2116 4489 2299 4562 ταυτῷ
2326 4491 2458 4555 Θεός
2481 4462 2705 4562 τενόμοῦ
2736 4462 2832 4545 καὶ
2850 4462 3169 4575 ,ἄνθρωπος
3195 4490 3307 4545 Καὶ
3324 4462 3632 4545 οἰκειοῦται

354 4596 482 4643 sunt
536 4588 722 4644 carnis
757 4591 999 4658 propria,
1041 4591 1166 4660 quia
1219 4592 1391 4661 ipsius
1435 4602 1521 4649 est
1566 4609 1784 4665 corpus,
1833 4570 1940 4653 non

2052 4586 2145 4657 μὲν
2170 4586 2200 4638 ὁ
2226 4582 2420 4652 Λόγος,
2453 4583 2531 4646 ὡς
2559 4582 2720 4654 ιφην,
2758 4582 2828 4637 τὰ
2850 4570 2956 4654 inﬁt;
2997 4583 3131 4648 ίδίας
3163 4582 3388 4654 σαρκὸς,
3420 4583 3503 4635 ὃτι
3542 4583 3634 4636 καὶ

353 4677 602 4735 alterius.
639 4678 972 4735 Communes
1003 4690 1187 4735 autem
1228 4680 1367 4739 facit
1395 4693 1655 4755 tanquam
1690 4702 1813 4742 cum
1841 4703 1936 4743 sua

2052 4679 2207 4734 αὑτοῦ
2236 4678 2299 4733 τὸ
2329 4678 2509 4748 σῶμα,
2565 4677 2660 4731 καὶ
2701 4676 2802 4746 οὺχ
2854 4674 3078 4745 ἐτέρου·
3134 4677 3525 4729 κοινοποιεῖται
3574 4674 3635 4727 δέ

352 4784 522 4825 carne
554 4770 751 4826 divinae
780 4786 893 4826 suae
948 4773 1255 4842 maiestatis
1295 4778 1668 4845 operationes,
1722 4786 1783 4833 ut
1814 4794 1940 4848 pos-

2052 4771 2230 4843 ὧσπερ
2264 4773 2333 4842 τῇ
2372 4769 2480 4840 ίδίᾳ
2511 4768 2679 4840 σαρκὶ⁸
2706 4767 2805 4838 τῆς
2842 4767 3070 4838 ἐνούσης
3108 4765 3261 4837 αύτῷ
3292 4766 3635 4837 θεοπρεποῦς

352 4873 435 4916 set
466 4863 631 4920 etiam
664 4864 944 4921 viviﬁcare
975 4876 1238 4935 mortuos,
1260 4878 1318 4923 et
1346 4884 1545 4926 sanare
1572 4870 1838 4927 inﬁrmos.

2052 4860 2322 4933 Ξυνάμεως
2362 4859 2462 4931 τὴν
2512 4857 2827 4928 ἐνέργειανο
2873 4856 3015 4911 ὥστε
3061 4855 3322 4911 δύνασθαι
3352 4856 3446 4909 καὶ
3496 4858 3637 4921 ζωο-

2044 4955 2217 5006 ποιεῖν
2259 4951 2387 5015 τοὺς
2446 4948 2710 5019 νεκροὺς,
2769 4948 2863 5002 καὶ
2914 4947 3096 5003 ἰᾶσθαι
3152 4948 3279 5010 τοὺς
3330 4948 3388 4999 ἐν
3440 4948 3631 5020 άῤῥω.

2044 5042 2243 5106 στίαις.

426 5208 491 5261 At
537 5211 584 5264 si
640 5214 897 5269 convenit
939 5216 1204 5286 exemplis
1228 5217 1395 5271 etiam
1442 5216 1640 5270 divinat
1684 5216 1928 5287 Scriptu-

357 5312 450 5362 rze,
484 5302 637 5370 quasi
686 5320 783 5374 per
835 5307 1084 5376 ﬁguram,
1116 5307 1497 5363 adunationcm
1529 5308 1929 5377 demonstrare,

2131 5222 2195 5278 Ei.
2232 5224 2288 5280 δι
2319 5227 2449 5297 χρὴ,
2480 5225 2573 5278 καὶ
2600 5226 2713 5289 τοῖς
2743 5227 2808 5278 ἐκ
2862 5224 2967 5292 τῆς
3014 5221 3382 5277 θεοπνεύστου
3406 5220 3636 5290 Γραφῆς

2063 5319 2473 5389 παραδείγμασι
2501 5317 2897 5388 κεχρημένους,
2927 5316 3180 5385 καθάπερ
3214 5316 3273 5370 ἐν
3305 5315 3502 5379 τύποις
3541 5315 3635 5369 τὶν

356 5404 479 5459 age,
524 5393 792 5460 dicamus,
832 5409 886 5452 ut
919 5413 1229 5467 possumus.
1263 5399 1457 5453 Beatus
1504 5400 1711 5455 Isaias:
1745 5419 1763 5452 ι
1799 5400 1929 5455 Μίδα

357 5492 449 5533 sus
492 5492 596 5548 est,
633 5484 831 5554 inquit,
883 5489 948 5541 ad
1002 5502 1089 5541 me
1126 5504 1267 5542 unus
1306 5504 1371 5541 ex
1420 5486 1728 5559 Serapbim,
1768 5499 1821 5544 et
1871 5490 1925 5544 in

358 5584 521 5625 manu
570 5575 799 5641 habebat
829 5578 1142 5640 carbonem,
1183 5594 1342 5648 quem
1382 5578 1588 5649 forcipe
1620 5580 1833 5650 accepit
1854 5582 1922 5635 ab

357 5658 541 5720 altari,
604 5672 658 5715 et
700 5668 852 5719 venit
902 5669 969 5722 ad
1016 5683 1124 5733 me,
1177 5678 1233 5724 et
1281 5670 1453 5739 tetigit
1493 5671 1633 5726 labia
1686 5687 1825 5737 mea,
1868 5683 1923 5728 et

362 5745 500 5805 dixit
530 5748 597 5827 ad
634 5764 754 5805 me:
790 5754 929 5809 Ecce
952 5756 1130 5829 tetigit
1178 5758 1278 5815 hoc
1321 5758 1457 5816 labia
1494 5769 1604 5826 tua,
1635 5770 1687 5815 et
1718 5760 1918 5817 adimet

2060 5410 2149 5479 τῆ.
2188 5410 2432 5472 ἐνὼσεως
2473 5408 2788 5475 καταδεῖξαι
2835 5408 3058 5479 τρόπον,
3091 5408 3225 5478 φέρε
3254 5407 3527 5475 λέγωμεν.
3566 5405 3632 5459 ὐ

2064 5497 2331 5566 μακάριος
2359 5498 2606 5561 Ἡσαΐας,
2628 5498 2987 5565 ι’Δπεστάλη,
3015 5496 3171 5567 φησι,
3192 5494 3323 5566 πρός
3350 5511 3415 5563 με
3438 5493 3499 5546 ἐν
3522 5494 3632 5546 τῶν
3676 5525 3681 5529 ~

2061 5588 2337 5657 Σεραφίμ·
2376 5590 2468 5641 καὶ
2500 5580 2557 5642 ἐν
2586 5592 2650 5659 τῇ
2694 5590 2839 5658 χειρὶ
2876 5585 3022 5657 εἶχεν
3054 5588 3323 5655 ἄνθρακα,
3349 5584 3409 5637 ὃν
3433 5587 3501 5653 τῇ
3534 5584 3633 5637 λα-

2056 5677 2163 5730 6ίδι
2184 5677 2375 5732 ἐλαῦεν
2401 5680 2507 5732 ἀπὸ
2528 5679 2622 5733 τοῦ
2654 5679 3063 5750 θυσιαστηρίου·
3096 5680 3189 5731 καὶ
3210 5672 3342 5748 ἦλθε
3370 5675 3509 5743 πρός
3533 5690 3624 5740 με.

2059 5766 2154 5819 καὶ
2185 5767 2359 5840 ἥψατο
2393 5768 2499 5824 τῶν
2540 5768 2763 5842 χειλέων
2800 5785 2927 5839 μου,
2965 5768 3058 5822 καὶ
3087 5760 3261 5821 εἶπεν·
3290 5766 3419 5820 Ἰδοὺ
3448 5764 3630 5836 ἥψατο
