4036 6210
399 313 501 382 981
1361 315 1739 377 ΡΑΝΟΡΙᾸΑ
1781 313 1967 377 DOGll

2080 313 2238 375 ,‘ICA.
2276 337 2347 351 -
2385 315 2532 378 TlT.
2561 318 2683 380 XV.
3542 333 3646 395 982

388 427 548 481 τοῦτο
577 426 687 480 τῶν
715 427 944 495 χειλέων
970 445 1084 494 σου,
1113 428 1208 483 καὶ
1247 429 1440 499 ἀφελεί
1467 430 1569 492 τὰς
1598 428 1834 498 ἀνομίας
1869 445 1964 481 σου

2095 426 2407 495 iniquitates
2455 435 2592 493 tuas,
2627 437 2682 482 ct
2710 436 2931 498 peccata
2963 438 3051 484 tua
3104 437 3432 505 repurgabit.
3467 457 3486 488 ι
3523 440 3655 495 (Zar-

389 523 486 574 καὶ⁵
507 521 608 584 τὰς
642 521 922 591 ἁμαρτίας
956 519 1047 574 σοῦ
1083 520 1495 592 περικαθαριεῖ.
1527 537 1545 572 ι
1577 520 1762 587 Φαμὲν
1791 520 1847 572 δὲ
1886 519 1967 573 τοι

2084 519 2279 573 bonetn
2326 526 2508 574 autem
2562 519 2794 574 dicimus
2853 521 3078 592 ﬁguram
3133 535 3187 580 et
3235 527 3522 600 imaginem
3561 546 3659 582 na-

389 611 642 680 ἄνθρακα
679 611 844 664 τύπον
876 612 1005 680 ἡμῖν
1042 611 1134 664 καὶ
1193 609 1376 664 εἰκόνα
1419 608 1661 681 πληροῦν
1687 609 1782 662 τοῦ
1813 611 1968 663 ἐναν-

393 703 783 774 θρωπήσαντος
814 703 1024 772 Λόγου·
1069 702 1147 766 ὃς,
1179 702 1341 774 εἴπερ
1375 701 1572 772 ἅψαιτο
1606 701 1715 754 τῶν
1747 701 1970 772 χειλέων

393 793 582 864 ἡμῶν,
616 793 760 847 τοῦτ’
783 793 950 858 ἐστιν,
983 795 1110 847 ὃταν
1130 793 1229 865 τὴν
1258 797 1335 859 εἰς
1352 794 1514 848 αὑτὸν
1542 791 1968 865 ὁμολογήσωμεν

393 885 598 950 πίστιν,
638 886 759 940 τότε
795 886 890 938 καὶ
925 886 1142 955 ἁπάσης
1181 885 1450 957 ἁμαρτίας
1477 884 1765 952 ἀποφαίνει
1795 882 1965 937 καθα.-

393 981 542 1052 ροὺς,
571 978 670 1032 καὶ
693 977 801 1031 τῶν
829 977 1076 1048 ἀρχαίων
1107 978 1447 1048 αἰτιαμάτων
1479 975 1774 1046 ἐλευθεροῖ.

462 1071 610 1140 Πλὴν
645 1069 796 1122 ἔστιν
820 1070 969 1135 ἰδεῖν,
996 1068 1072 1132 ὡς
1095 1071 1154 1121 ὲν
1180 1069 1350 1122 εἰκόνι
1370 1068 1459 1121 τὸν
1487 1067 1735 1139 ἄνθρακα
1761 1066 1857 1138 [τῷ
1876 1066 1970 1120 ἇνο

391 1159 602 1231 Θρακι],
627 1159 896 1212 ἐνωθὲντα
933 1158 1030 1229 μὲν
1063 1160 1129 1229 τῇ
1175 1157 1553 1228 ἁνθρωπότητι
1585 1156 1677 1208 τὸν
1706 1155 1798 1208 τοῦ
1831 1153 1966 1207 Θεοῦ

391 1252 589 1318 Λόγον,
620 1251 683 1303 οὐ
742 1250 848 1322 μὴν
877 1248 1292 1318 ἀποΰεόληκάτα
1322 1248 1382 1301 τὸ
1409 1243 1549 1302 εἶναι
1577 1248 1605 1302 ὅ
1631 1249 1766 1308 ἐστι,
1806 1262 1968 1317 μετα-

393 1342 801 1411 στοιχειώσαντι
853 1337 1499 1412 [μεταστοιχειὼσαντα]
1550 1338 1605 1391 δὲ
1659 1336 1858 1409 μᾶλλον
1907 1335 1968 1389 τδ

391 1433 617 1502 ληφθὲν,
661 1433 830 1502 ἤγουν
855 1431 1076 1494 ὲνωθὲν,
1112 1432 1192 1493 εἰς
1218 1431 1315 1498 τὴν
1347 1428 1543 1483 ἑαυτοῦ
1579 1429 1738 1492 δόξαν
1779 1444 1836 1480 τε
1873 1427 1967 1480 καὶ

392 1527 692 1594 ἐνέργειαν.
711 1524 1043 1594 Ὄνπεργὰρ
1072 1525 1271 1594 τρόπον
1291 1523 1351 1575 τὸ
1381 1522 1488 1592 πῦρ
1509 1521 1777 1592 ὁμιλῆσαν
1803 1520 1964 1590 ξύλῳ,

394 1615 486 1666 καὶ
533 1613 838 1676 εἰσδεδυκὸς
868 1613 1022 1676 αὐτὸ,
1060 1613 1490 1683 καταδράττεται
1524 1614 1622 1686 μὲν
1663 1611 1849 1676 αὐτοῦ,
1875 1611 1966 1664 καὶ⁴

391 1705 491 1758 οὐκ
524 1705 766 1774 ἐξίστησι
798 1703 896 1774 μὲν
933 1703 1028 1757 τοῦ
1055 1699 1196 1758 εἶναι
1225 1703 1402 1770 ξύλον,
1436 1702 1720 1774 μεθίστησι
1744 1701 1802 1755 δὲ
1834 1700 1968 1773 μᾶλ-

392 1796 481 1849 λον
515 1797 592 1858 εἰς
612 1795 710 1865 τὴν
741 1795 838 1848 τοῦ
873 1796 1043 1867 πυρὸς
1077 1796 1197 1867 δψιν
1225 1813 1286 1849 τε
1321 1797 1414 1850 καί
1439 1795 1690 1867 δύναμιν,
1731 1795 1827 1848 καὶ
1854 1794 1965 1847 πᾶν

391 1884 541 1956 αὐτῷ
580 1885 644 1939 τὸ
696 1887 827 1940 ῐδιον
863 1887 1243 1959 ἐνεργάζεται,
1275 1889 1370 1940 καὶ
1420 1888 1495 1953 ὡς
1554 1888 1614 1941 ἓν
1661 1887 1765 1959 ἤδη
1814 1886 1966 1940 λελό-

392 1993 574 2045 γισται
611 1977 729 2048 μετ’
766 1977 971 2032 αὐτοῦ·
1019 1977 1164 2034 οὕτω
1203 1980 1406 2051 νοήσῃς
1444 1979 1540 2032 καὶ
1571 1979 1663 2032 ἐπὶ
1706 1977 1963 2050 Χριστοῦ.

403 2067 656 2131 Ἐνωθεὶς
685 2067 794 2138 γὰρ
826 2069 1156 2141 ἀπορρήτως
1205 2068 1585 2140 ἀνθρωπὼητι
1630 2069 1784 2135 Θεὸς,
1811 2070 1966 2140 τετή-

394 2175 530 2230 ρηκε
561 2160 659 2230 μὲν
708 2160 880 2232 αὐτὴν
915 2161 1062 2215 τοῦθ’
1091 2162 1228 2233 ὅπερ
1261 2156 1403 2215 εἶναί
1440 2179 1621 2232 φαμεν
1642 2178 1657 2194 ο
1691 2164 1965 2232 μεμένηκε

391 2251 448 2303 δὲ
488 2252 581 2303 καὶ
611 2251 772 2314 αὐτὸς
803 2253 942 2323 ὅπερ
979 2247 1048 2322 ἦν
1069 2270 1082 2284 ·
1121 2253 1343 2317 ὲνωθεὶς
1367 2252 1424 2306 δὲ
1459 2252 1626 2317 ἅπαξ,
1666 2253 1742 2317 ὡς
1773 2247 1854 2316 εἷς
1883 2254 1968 2305 λε-

392 2339 638 2408 λόγισται
670 2345 790 2413 μετ’
845 2327 1043 2414 αὐῗτῆς,
1096 2344 1467 2414 οἰκειούμενος
1517 2344 1615 2414 μὲν
1659 2343 1728 2397 τὰ
1775 2344 1969 2412 αὐτῆς,

394 2431 702 2502 ἐμποιήσας
729 2434 786 2488 δὲ
818 2435 913 2488 καὶ⁵
958 2435 1121 2497 αὐτὸς
1148 2437 1286 2506 αὐτῇ
1324 2437 1423 2505 τῆς
1465 2434 1598 2498 ἰδίας
1629 2435 1842 2505 φύσεως
1873 2434 1970 2496 τὴν

394 2518 479 2573 ὲνέ
489 2539 697 2592 ργειαν.

506 2621 616 2678 Τοῦ
647 2618 836 2674 αὑτοῦ
864 2617 932 2670 ἐκ
962 2616 1075 2684 τῆς
1104 2614 1238 2682 περὶ
1270 2611 1411 2678 ἐνὸς
1445 2609 1584 2663 Υιοῦ
1617 2609 1871 2676 ὁμιλίας.

475 2713 614 2768 ’Υπδ
640 2710 888 2779 κατάραν
918 2706 1085 2776 ἐσμὲν
1116 2705 1166 2758 οἰ
1202 2707 1283 2768 εἰς
1317 2701 1552 2773 Χριστὸν
1589 2697 1942 2760 πιστεύοντες
1963 2738 1978 2764 ,

395 2806 445 2859 εἰ
478 2803 554 2874 μὴ
587 2802 748 2870 φύσει
775 2816 835 2852 τε
873 2799 968 2852 καὶ
993 2795 1213 2867 ἀληθῶς
1239 2797 1360 2848 ἐστι
1385 2791 1518 2855 Θεδς
1545 2793 1574 2844 ὁ
1600 2792 1666 2845 ὲκ
1699 2788 1979 2860 Παρθένου

396 2893 698 2966 γενηθείς.
747 2890 894 2958 Ἔφη
944 2889 1052 2956 γάρ
1095 2902 1202 2940 που
1245 2886 1378 2955 περὶ
1413 2881 1579 2936 αὑτοῦ
1618 2884 1646 2934 ὁ
1691 2881 1981 2952 προφήτης

405 2987 636 3047 Ἠσαῖας
663 2999 680 3016 ·
716 2981 828 3037 Καὶ
881 2980 1054 3034 ἔσται
1114 2979 1154 3046 ἠ
1205 2975 1338 3045 ῥίζα
1387 2974 1498 3030 τοῦ
1567 2973 1819 3036 Ἰεσσαὶ,
1872 2970 1974 3026 καὶ

395 3084 427 3134 ό
450 3072 847 3144 ἀνιστάμενος
875 3072 1082 3140 ἄρχειν
1124 3067 1336 3134 ἐθνῶν,
1386 3066 1479 3121 ἐπ’
1511 3065 1671 3129 αὐτῷ
1698 3066 1841 3132 ἔθνη
1869 3065 1972 3118 £7.1-

2091 611 2176 669 bis
2222 612 2479 668 exhibere
2518 610 2678 667 Verbi
2725 614 2962 669 hominis
3013 615 3182 670 facti:
3217 621 3382 686 quod,
3431 622 3474 674 sl
3526 613 3661 675 labia

2093 711 2274 758 nostra
2305 704 2566 774 tetigerit,
2598 704 2650 759 id
2686 714 2790 769 est,
2841 706 2883 760 si
2915 704 3074 761 [idem
3122 707 3174 760 in
3208 709 3386 778 ipsum
3423 712 3659 766 conlessi

2093 795 2372 861 fuerimus,
2426 807 2556 852 tunc
2595 812 2690 852 nos
2733 798 2801 852 ab
2833 798 2978 852 omni
3027 811 3246 868 peccato
3285 818 3445 870 puros
3477 801 3660 867 cﬂicit,

2089 897 2144 942 et
2175 887 2416 958 pristinis
2457 888 2776 943 criminibus
2809 887 3022 944 liberal.
3492 874 3494 877 ’

2160 1063 2454 1132 Caeterum,
2491 1073 2743 1132 tanquam
2776 1064 2832 1119 in
2879 1059 3130 1136 imagine,
3168 1067 3292 1122 licet
3326 1057 3378 1122 in
3429 1071 3662 1126 carbone

2092 1156 2412 1222 conspicere
2443 1155 2735 1208 adunatum
2764 1155 2979 1223 quidem
3030 1155 3350 1232 humanitati
3401 1159 3493 1214 Diei
3532 1159 3664 1212 Ver-

2098 1247 2245 1308 bum,
2280 1259 2386 1298 non
2435 1255 2614 1299 tamen
2659 1245 2953 1314 proiecisse
2983 1247 3127 1314 quod
3171 1245 3364 1312 fuerat,
3399 1249 3661 1302 transfor-

2091 1349 2266 1389 n.asse
2312 1344 2490 1389 autem
2533 1337 2710 1404 magis
2741 1345 3074 1405 assumptam
3119 1321 3366 1391 naturain
3412 1339 3463 1391 in
3510 1355 3662 1393 suam

2089 1425 2313 1494 gloriam
2348 1433 2404 1480 et
2429 1426 2822 1495 operationem.
2854 1422 3487 1492 Quemadmodumenim
3526 1424 3664 1498 ignis

2087 1517 2232 1587 ligno
2261 1515 2471 1582 aﬂixus,
2504 1527 2557 1572 et
2585 1517 2636 1572 id
2667 1526 2974 1587 penetrans,
3013 1520 3422 1588 comprehcndit
3445 1521 3662 1590 quidem

2088 1607 2288 1674 ipsum,
2331 1617 2389 1663 et
2433 1607 2681 1678 quamvis
2721 1608 2924 1679 lignum
2959 1623 3080 1664 esse
3116 1625 3223 1664 non
3266 1610 3501 1676 desinat,
3556 1612 3662 1666 vim

2089 1705 2269 1752 tamen
2288 1712 2440 1752 suam
2640 1699 2983 1768 speciemque
3004 1707 3350 1765 transmutat,
3374 1710 3429 1755 ct
3445 1717 3661 1755 omnem

2086 1802 2146 1844 se
2174 1787 2388 1844 confert
2429 1789 2484 1843 in
2519 1789 2743 1860 lignum,
2774 1800 2826 1845 et
2867 1805 2988 1844 cum
3027 1791 3142 1859 ipso
3163 1791 3275 1861 jam
3311 1792 3464 1860 quasi
3497 1807 3660 1845 unum

2087 1879 2305 1954 aliquod
2330 1880 2634 1936 aestimatur
2667 1899 2681 1935 :
2714 1881 2853 1936 idem
2899 1880 3137 1951 intelligo
3180 1883 3247 1935 de
3283 1882 3518 1937 Christo.
3551 1883 3662 1935 Διι-

2089 1978 2290 2029 Unatus
2331 1971 2476 2025 enim
2519 1969 2972 2024 inaestimabiliter
3003 1970 3322 2024 humanitati
3353 1969 3495 2024 Deus
3548 1985 3662 2022 scr—

2089 2060 2235 2114 vavit
2263 2060 2478 2129 quidem
2513 2060 2684 2129 ipsam
2719 2060 2774 2114 in
2822 2075 2888 2115 eo
2915 2060 3060 2130 quod
3089 2059 3285 2126 fuerat,
3320 2070 3374 2114 et
3405 2063 3516 2128 ipse
3543 2076 3663 2128 per-

2087 2151 2288 2206 mansit
2327 2151 2471 2219 quod
2513 2161 2666 2215 erat;
2720 2149 2888 2204 semel
2935 2161 3115 2205 tamen
3163 2151 3450 2216 adunatus,
3508 2151 3662 2219 quasi

2090 2254 2234 2295 unus
2277 2240 2389 2308 jam
2439 2254 2564 2293 cum
2611 2239 2724 2307 ipsa
2781 2247 3021 2309 putatur,
3059 2253 3136 2294 ea
3185 2253 3302 2308 quae
3356 2247 3483 2316 sunt
3525 2239 3665 2293 illius

2087 2345 2186 2386 sua
2229 2330 2466 2396 iaciens;
2501 2329 2786 2384 conferens
2811 2339 2990 2384 autem
3029 2330 3078 2383 ei
3100 2331 3271 2384 etiam
3302 2331 3417 2400 ipse
3452 2341 3663 2384 natura:

2085 2433 2198 2475 sua:
2217 2419 2610 2489 operationem.

2366 2601 2621 2668 Eiusdem
2651 2617 2717 2656 ea:
2739 2602 2981 2656 oratione
3008 2602 3071 2653 de
3090 2615 3194 2654 tuto
3226 2597 3385 2655 Filio.

2149 2692 2264 2749 Sub
2279 2694 2651 2751 exsecratione
2671 2706 2878 2756 sumus,
2898 2694 2989 2762 qui
3013 2693 3066 2746 in
3085 2690 3357 2747 Christum
3373 2690 3667 2754 credimus,

2083 2787 2186 2840 nisi
2216 2794 2409 2840 natura
2441 2793 2496 2840 et
2525 2800 2654 2840 vere
2676 2784 2846 2840 Filius
2877 2793 2982 2850 est,
3007 2782 3097 2852 qui
3130 2791 3290 2836 natus
3317 2793 3400 2836 est
3426 2796 3490 2835 ex
3549 2781 3669 2833 Vir-

2079 2876 2228 2946 gine.
2257 2874 2332 2929 De
2353 2875 2456 2929 hoc
2495 2878 2637 2929 enim
2678 2873 2846 2929 Isaias
2894 2875 2972 2930 ait
3005 2876 3250 2942 'quoclam
3287 2871 3403 2926 loco
3435 2890 3448 2926 :
3481 2871 3540 2925 Et
3570 2875 3671 2926 erit

2077 2969 2235 3020 radix
2256 2964 2428 3031 Jesse,
2449 2977 2499 3021 et
2518 2968 2608 3036 qui
2637 2977 2884 3035 exsurgat
2921 2967 3179 3035 imperare
3206 2965 3465 3034 gentibus,
3486 2965 3538 3016 in
3561 2965 3671 3031 ipso

2076 3068 2250 3126 gentes
2280 3059 2565 3127 sperabunt
2598 3059 2636 3112 ⁸.
2685 3056 2972 3122 Quomodo
3017 3057 3184 3126 igitur
3217 3070 3337 3120 nos,
3391 3055 3483 3124 qui
3519 3070 3670 3122 spent

395 3162 628 3218 πιοῦσι.
665 3159 785 3221 liti);
816 3157 910 3212 οῦν
939 3157 1026 3210 ἐπ’
1055 3155 1205 3226 αὺτῷ
1231 3156 1332 3217 τὰς
1357 3153 1585 3215 ὲλπίδας
1619 3152 1832 3223 ιχοντες
1864 3153 1963 3205 οὐκ

2088 3165 2119 3203 n
2144 3151 2262 3217 ipso
2285 3147 2514 3218 positam
2574 3149 2858 3212 habemus,
2892 3161 2998 3201 non
3023 3159 3215 3200 sumus
3275 3145 3666 3208 exsecrabiles,

393 3257 559 3326 ἐσμὲν
613 3253 902 3321 ὲπάρατοι,
948 3249 1106 3320 εἰπερ
1155 3251 1303 3301 ἔστιν
1344 3245 1555 3317 ἀληθὴς
1605 3246 1634 3302 ὁ
1677 3244 1971 3314 προφήτης

400 3345 673 3415 Ἱερεμίας
687 3339 883 3408 λέγων,
907 3337 1392 3405 Ἐπικατάρατος,
1420 3336 1592 3402 ὅστις
1614 3334 1730 3402 τὴν
1747 3333 1971 3388 ἐλπίδα

391 3437 482 3491 ἐπ’
509 3435 823 3501 ἄνθρωπον
846 3431 1007 3498 ἔχεις
1046 3429 1185 3482 Ἀλλ’
1213 3430 1314 3483 οὐκ
1338 3430 1426 3482 ἐπ’
1451 3425 1730 3500 ἀνθρώπῳ
1755 3425 1853 3484 τὰς
1883 3426 1970 3478 ἑλ-

393 3522 549 3583 πὶδας
581 3519 897 3589 ἐσχήκαμεν
935 3516 986 3569 οἰ
1013 3517 1092 3580 εἰς
1119 3517 1355 3588 Χριστὸν
1387 3515 1804 3579 πιστεύσαντες.
1836 3514 1970 3577 Θεὸς

387 3613 497 3680 ἄρα
523 3611 671 3663 ἑστιν
699 3605 780 3671 εἷς
807 3605 902 3660 καὶ
932 3606 1115 3676 μόνος,
1142 3607 1236 3661 καὶ
1259 3606 1404 3660 κατὰ
1429 3606 1692 3675 ἀλήθειαν
1716 3606 1845 3668 Tib;
1872 3606 1969 3659 καὶ

392 3703 498 3772 πρὸ
546 3698 768 3771 σαρκὸς,
815 3699 912 3752 καὶ
967 3697 1107 3764 μετὰ
1152 3697 1381 3766 σαρκὸς,
1419 3694 1480 3759 δς
1521 3695 1720 3765 ἔποχος
1770 3693 1848 3749 ὢν
1892 3695 1969 3766 τῷ

391 3788 577 3857 πώλῳ,
613 3787 754 3840 κατὰ
791 3785 892 3856 τὴν
923 3784 1034 3864 τῶν
1063 3783 1418 3853 Εὐαγγελίων
1449 3783 1654 3849 πίστιν,
1687 3784 1972 3840 ἀνέϐαινεν

389 3883 467 3942 εἰς
508 3878 878 3948 Ἱεροσόλυμα.
902 3871 1038 3931 Εἶτα
1065 3876 1435 3947 προῦπήντων
1462 3876 1820 3947 εὐφημοῦντα
1846 3894 1969 3947 μει.

394 3973 582 4044 ράκια,
615 3971 712 4024 καὶ
733 3969 798 4040 δὴ
820 3970 912 4022 καὶ
934 3969 1194 4037 ἔφασκονο
1229 3967 1492 4024 Ὡσαννὰ
1509 3967 1589 4034 τῷ
1620 3969 1730 4034 Υἰῷ
1754 3969 1933 4024 Δαϐίδ
1953 3987 1970 4004 ο

387 4062 791 4135 εὐλογημένος
813 4063 846 4116 ὁ
862 4063 1185 4129 ἐρχόμενος
1205 4062 1276 4114 ἐν
1293 4061 1540 4130 ὀνόματι
1561 4061 1801 4130 Κυρίου.
1826 4061 1967 4132 Πρὸς

387 4152 594 4223 τιύτην
617 4151 714 4221 τὴν
745 4149 854 4203 τῶν
892 4151 1099 4202 παίδων
1130 4156 1314 4221 φωνην
1341 4152 1691 4222 ἠγανάκτουν
1723 4154 1773 4205 οἰ
1801 4154 1967 4222 Φαρι-

390 4244 552 4296 σαῖοι.
617 4240 835 4310 Ἐπειδὴ
876 4241 985 4310 γὰρ
1037 4242 1315 4310 ὁρώμενος
1361 4243 1649 4312 ἄνθρωπος
1696 4243 1795 4313 τὴν
1843 4242 1963 4314 Θεῷ

390 4337 708 4403 πρέπουσαν
733 4331 1059 4401 ὓμνολογίαν
1080 4333 1312 4402 ἐδέχετο,
1336 4333 1648 4404 προσῄεσαν
1669 4337 1719 4388 οἰ
1741 4335 1964 4404 Θρασεῖς

390 4425 676 4497 μονονουχὶ
716 4425 1214 4495 διαμαρτυράμενοι
1252 4441 1314 4478 τε
1369 4427 1462 4480 καὶ
1524 4425 1794 4494 λέγοντες,
1837 4429 1959 4482 Οὐκ

2079 3241 2348 3310 siquidem
2390 3238 2660 3295 Jeremias
2699 3249 2783 3294 est
2815 3254 2976 3294 verus
3021 3239 3305 3310 propheta,
3353 3238 3467 3307 qui,
3504 3236 3675 3290 Male-

2075 3333 2268 3397 dictus,
2299 3333 2495 3402 inquit,
2523 3332 2612 3401 qui
2651 3348 2796 3395 spem
2822 3331 2975 3386 habet
3001 3331 3058 3384 in
3091 3330 3302 3386 homine
3321 3330 3340 3361 '
3365 3328 3392 3383 ?
3435 3329 3506 3382 At
3549 3344 3668 3393 nos,

2073 3425 2166 3493 qui
2198 3424 2252 3478 in
2276 3425 2552 3480 Christum
2585 3424 2938 3489 credidimus,
2966 3424 3018 3478 in
3045 3423 3266 3479 homine
3307 3436 3430 3492 spes
3458 3429 3673 3477 nostras

2075 3529 2180 3567 non
2209 3515 2636 3572 collocavimus:
2670 3513 2812 3569 Dens
2847 3515 2996 3583 enim
3031 3523 3116 3568 est
3155 3530 3296 3569 unus
3349 3525 3402 3569 et
3427 3515 3673 3578 solus,et

2072 3618 2202 3659 vere
2242 3605 2434 3672 Filius,
2495 3615 2553 3660 et
2597 3615 2894 3675 antequam
2957 3618 3178 3661 carnem
3239 3615 3566 3672 assumeret,
3619 3616 3673 3660 et

2075 3706 2358 3764 postquam
2391 3710 2612 3750 carnem
2644 3695 2960 3766 assumpsit,
3018 3696 3111 3764 qui
3138 3696 3382 3750 Insidens
3405 3696 3573 3764 pullo,
3611 3707 3672 3751 ut

2069 3785 2414 3853 evangelista
2478 3786 2834 3849 tradiderunt.
2914 3786 3161 3843 ascendit
3217 3787 3270 3841 in
3346 3786 3666 3845 Jerusalem.

2084 3873 2238 3930 Tunc
2269 3875 2488 3930 obviam
2520 3885 2908 3945 processerunt
2946 3877 3126 3944 pueri,
3161 3876 3255 3946 qui
3288 3885 3344 3933 et
3369 3877 3613 3932 dicebant
3650 3892 3666 3929 :

2080 3967 2336 4022 Hosamta
2367 3965 2516 4022 Filio
2548 3967 2745 4022 David.
2779 3966 3116 4034 Benedictus,
3136 3973 3228 4039 qui
3253 3971 3388 4024 venit
3413 3970 3470 4023 in
3501 3970 3670 4023 uomi-

2075 4075 2138 4113 ne
2157 4059 2426 4115 Domini'.
2439 4059 2519 4113 Ad
2544 4059 2685 4114 hanc
2701 4073 2993 4130 puerorum
3039 4075 3224 4115 vocem
3249 4061 3509 4132 indignati
3545 4068 3670 4114 sunt

2071 4147 2352 4204 Pharisaei.
2374 4149 2507 4204 Cum
2537 4147 2682 4204 enim
2705 4149 2758 4204 in
2813 4149 3054 4206 hominis
3119 4149 3294 4206 forma
3339 4151 3667 4220 conspicuus

2069 4241 2179 4297 Deo
2201 4241 2611 4297 convenientem
2648 4239 2860 4295 laudem
2894 4241 3227 4309 admisisset,
3260 4243 3517 4298 audacter
3571 4258 3668 4297 ac-

2067 4341 2352 4386 cesserunt
2371 4340 2427 4386 et
2452 4339 2665 4386 tantum
2705 4345 2814 4386 non
2841 4330 3026 4386 testati
3049 4341 3196 4398 sunt,
3221 4333 3504 4390 dicentes:
3534 4331 3661 4387 Non

2069 4423 2246 4486 audis,
2262 4423 2390 4492 quid
2422 4423 2513 4478 isti
2544 4423 2730 4478 dicunt
2751 4423 2814 4478 δί
2841 4421 2986 4478 Nihil
3013 4425 3189 4490 abest,
3228 4424 3503 4493 inquiunt,
3534 4440 3670 4494 quo-

387 4518 629 4584 ἀκούεις
678 4516 735 4570 τι
767 4511 933 4572 οὗτοι
969 4515 1222 4584 λέγουσι
1242 4533 1262 4582 ;
1297 4517 1583 4588 μονονουχὶ
1613 4519 1722 4587 γάρ
1773 4534 1962 4588 φασιν,

2080 4513 2252 4570 minus
2284 4516 2448 4570 homo
2498 4528 2623 4572 cum
2685 4516 2786 4582 sis,
2823 4516 3049 4584 patiaris
3097 4526 3149 4572 te
3197 4526 3452 4585 tanquam
3499 4517 3664 4571 Deum

391 4609 713 4679 ’Δνῦρωπος
747 4605 842 4672 ὣν,
881 4607 1046 4677 ἀνέχῃ
1084 4607 1369 4676 δοξολογού
1380 4626 1561 4681 μενος,
1595 4610 1690 4663 καὶ
1721 4611 1794 4673 ὡς
1831 4610 1967 4675 Θεὸς

388 4699 750 4771 ὑμνούμενος.
807 4700 917 4753 Καὶ
967 4700 1020 4752 τί
1075 4700 1212 4770 πρὸς
1256 4700 1427 4755 ταῦτα
1477 4701 1752 4773 Χριστόςς
1794 4703 1962 4771 Ἠγα-

387 4789 660 4858 νάκτησεν
711 4783 822 4858 ἄρα
875 4791 1016 4843 κατὰ
1061 4791 1170 4844 τῶν
1217 4791 1460 4858 παίδωνς
1503 4792 1832 4848 ἀπεσείσατο
1862 4795 1962 4864 τὴν

2067 4605 2241 4678 gloria
2269 4615 2326 4662 et
2375 4607 2630 4663 laudibus
2663 4607 2824 4663 allici.
2854 4605 2992 4662 Num
3026 4608 3115 4664 his
3165 4608 3367 4664 auditis
3409 4607 3662 4662 Christus

2065 4699 2250 4766 pueris
2284 4697 2598 4770 indignatus
2619 4698 2742 4754 est?
2767 4713 2897 4753 num
2935 4698 3124 4754 laudes
3153 4698 3397 4766 ipsorum
3445 4711 3665 4752 recusa-

2065 4789 2183 4845 vit?
2216 4791 2600 4848 succeasuitne
2625 4791 2754 4856 illis,
2775 4804 2806 4845 a
2840 4791 3036 4860 quibus
3058 4791 3378 4845 laudabatur
3404 4800 3460 4842 ut
3485 4789 3662 4844 Deus?

385 4879 728 4948 δοξολογίαη
775 4883 1078 4953 ἐπετίμησε
1127 4886 1239 4946 τοῖς
1286 4884 1630 4956 εὐφημοῦσιν
1676 4885 1840 4939 αὐτὸν
1883 4886 1958 4951 ὼς

2080 4881 2434 4953 Nequaquam.
2460 4882 2602 4950 Quin
2626 4883 2785 4939 etiam
2817 4883 2884 4938 ad
2911 4896 3025 4948 eos,
3075 4883 3165 4952 qui
3189 4881 3660 4936 criminatimtibus

391 4973 562 5038 Θεόνς
601 4973 890 5043 Οὐδαμῶς.
925 4975 1070 5045 Ἔφη
1110 4977 1220 5046 γὰρ
1263 4977 1463 5046 μᾶλλον
1503 4977 1638 5047 πρὸς
1676 4980 1802 5042 τοὺς
1841 4977 1964 5047 φιλο

391 5062 768 5132 εγκλήμοναςο
826 5066 950 5119 Οὐκ
1002 5064 1320 5135 ἀνέγνωτε,
1383 5067 1474 5120 ὅτι
1521 5069 1621 5121 Ἐκ
1664 5069 1966 5135 στόματος

388 5154 624 5220 νηπίων
649 5154 744 5207 καί
774 5153 1155 5223 θηλαζόντων
1173 5159 1520 5225 κατηρτίσω
1549 5154 1757 5222 uiror;
1787 5158 1967 5228 Ἀμὴν

385 5245 542 5315 λέγω
583 5245 723 5315 ὑμῖν
744 5287 759 5311 ,
797 5246 908 5302 ἐὰν
936 5243 1102 5304 οὗτοι
1134 5250 1561 5318 σιωπήσωσιν,
1598 5254 1650 5304 οι
1681 5253 1838 5305 λίθοι
1868 5266 1964 5303 κε-

383 5334 732 5401 κράξονται.
782 5336 948 5410 Ὁρᾷς
983 5341 1131 5403 ὅπως
1171 5342 1748 5414 προσμεμαρτύρηκεν
1786 5339 1964 5412 ἑαυτῷ

383 5426 486 5495 τὴν
525 5426 629 5496 τῆς
677 5427 932 5500 Θεότητος
968 5429 1129 5498 δόξαν
1171 5433 1199 5485 ὁ
1242 5432 1610 5504 ἐποχούμενος
1648 5431 1727 5503 τῷ
1774 5432 1960 5503 πώλῳ,

384 5517 482 5571 καὶ
511 5518 653 5573 κατὰ
683 5521 860 5592 σάρκα
882 5521 1010 5587 Υἰὺς
1041 5522 1232 5588 Δα6’ἰδ;
1278 5522 1417 5578 Ἀλλ’
1448 5525 1548 5577 οὐκ
1577 5520 1645 5597 ἦν
1673 5524 1832 5594 δόξης
1864 5522 1960 5576 ἀλ-

464 5692 480 5724 ¹
521 5693 622 5749 lsa.
650 5712 726 5762 XI,
762 5699 858 5766 10;
918 5701 1072 5755 llum.
1101 5716 1188 5767 xv,
1219 5701 1303 5755 l2.
1382 5705 1400 5734 ²
1440 5701 1642 5760 Jcrcm.
1669 5720 1800 5770 xvn,
1825 5705 1879 5759 5.

2067 4974 2481 5030 delectabantur
2515 4992 2532 5030 :
2572 4973 2783 5040 Nonne,
2833 4976 3027 5043 inquit,
3059 4975 3257 5044 legistis
3285 4988 3302 5026 :
3338 4972 3421 5029 Ea:
3463 4991 3551 5028 ore
3582 4975 3662 5026 in-

2065 5069 2296 5136 fantium
2364 5079 2412 5121 et
2478 5067 2787 5122 lactentium
2859 5066 3121 5137 perfecisti
3187 5066 3447 5121 Iaudem?
3496 5067 3658 5120 Amen

2065 5157 2186 5210 dico
2208 5156 2375 5220 vobis,
2403 5159 2447 5209 si
2473 5157 2524 5210 hi
2551 5159 2833 5224 tacuerint,
2866 5158 3066 5226 lapides
3087 5157 3391 5211 clamabunt
3422 5158 3462 5209 '.
3497 5156 3656 5213 Vides

2066 5248 2336 5317 quomodo
2389 5250 2480 5319 qui
2531 5249 2676 5320 pullo
2725 5250 3022 5310 insederat,
3079 5249 3374 5304 secundum
3435 5263 3652 5305 tarnem

2073 5339 2216 5394 [llius
2241 5339 2482 5406 Davidis,
2517 5341 2818 5398 divinitatis
2866 5341 3092 5412 gloriam
3140 5350 3198 5394 ut
3239 5355 3390 5395 suam
3437 5343 3653 5408 agnovit

2072 5433 2385 5487 testimonio
2411 5434 2554 5489 suo?
2581 5433 2698 5489 Non
2729 5433 2892 5503 igitur
2945 5439 3065 5487 erat
3115 5431 3306 5487 alienat
3351 5433 3537 5502 gloria
3566 5447 3651 5486 so-

2069 5521 2211 5588 cius,
2235 5533 2293 5578 ut
2321 5523 2408 5579 isti
2445 5525 2652 5593 dicunt,
2679 5539 2852 5595 neque
2881 5524 3176 5580 diversusa
3200 5521 3380 5581 Verbo
3428 5525 3542 5593 Dei,
3594 5536 3650 5580 ut

1958 5703 1978 5734 ³
2021 5704 2208 5762 Matth.
2240 5725 2369 5774 xxv,
2406 5708 2490 5764 l5.
2579 5709 2599 5740 ⁵
2646 5707 2781 5764 lbid.
2823 5706 2908 5762 16.
2985 5709 3006 5742 ⁸
3037 5707 3168 5767 Luc.
3198 5726 3310 5768 six.
3343 5711 3435 5770 40.
