4020 6214
364 242 471 326 9δί

1601 267 1984 329 EUTHYMII
2020 265 2378 328 ZIGABENI

3506 260 3619 324 984

363 377 533 434 Filius
560 379 850 451 sigillatim.
889 383 954 438 Et
1014 383 1216 437 idcirco
1257 394 1306 434 et
1357 382 1520 445 Dens,
1557 393 1611 436 et
1651 380 1932 447 Dominus,

2049 381 2260 452 λοτρίας
2282 377 2560 441 κοινωνὸς,
2583 378 2660 442 ὡς
2689 374 2847 431 αὐτοί
2875 389 3061 444 φασιν.
3111 373 3252 428 Ἀλλ’
3281 373 3390 427 οὐδ’
3420 373 3616 443 ἔτερος

358 476 416 526 et
457 469 767 526 Altissimus
821 471 1138 541 angelorum
1209 471 1373 525 etiam
1425 484 1553 524 voce
1597 470 1931 524 nominatur.

361 560 495 614 Nam
553 563 746 616 beatus
794 564 1012 630 quidem
1056 561 1274 616 Gabriel
1314 574 1435 616 cum
1481 560 1708 616 Joannis
1754 571 1932 615 ortum

355 651 653 715 nuntiaret,
713 662 764 707 et
813 667 1013 706 munus
1062 651 1231 719 ipsius
1289 660 1475 720 aperte
1527 650 1813 713 indicaret,
1869 653 1934 703 at

363 741 722 797 Zachariam:
763 742 943 808 Multi,
983 742 1178 812 inquit,
1213 743 1266 796 in
1322 743 1589 797 nativitate
1645 743 1758 811 ejus
1803 759 1905 810 gau

360 832 575 899 dabunt,
621 843 670 888 et
732 836 925 888 multos
995 834 1229 903 ﬁliorum
1285 833 1500 888 Israelis
1549 841 1809 887 convertet
1867 831 1936 883 ad

362 923 642 977 Dominum
674 924 839 979 Deum
871 928 1101 994 ipsorum
1124 927 1166 979 ¹.
1196 925 1477 991 Quomodo
1507 925 1670 993 igitur
1712 938 1938 978 conver-

360 1016 424 1069 tit
446 1014 514 1070 ad
550 1016 836 1072 Dominum
881 1017 1050 1072 Deum
1074 1019 1312 1088 ipsorum
1341 1017 1477 1070 ﬁlios
1510 1015 1763 1070 lsraelis?
1793 1014 1938 1068 Nun-

360 1106 516 1160 tiavit
539 1106 620 1160 eis
646 1123 660 1160 :
686 1107 812 1162 Post
842 1126 941 1175 nte,
968 1110 1241 1178 inquiens,
1265 1112 1420 1171 venit,
1443 1109 1530 1178 qui
1567 1119 1687 1160 ante
1718 1124 1795 1160 me
1826 1108 1932 1174 fac-

360 1207 445 1251 tus
473 1208 570 1264 est,
597 1200 721 1265 quia
767 1202 915 1269 prior
952 1218 1031 1256 me
1085 1212 1222 1269 erat,
1252 1213 1298 1256 et
1328 1217 1420 1270 ego
1481 1200 1769 1253 nesciebam
1792 1215 1930 1264 eum,

359 1283 453 1339 red
479 1287 567 1354 qui
595 1288 735 1340 misit
767 1305 848 1341 me
873 1288 1143 1358 baptizare
1176 1293 1228 1345 in
1274 1307 1432 1359 aqua,
1467 1289 1554 1342 ille
1583 1290 1714 1343 dixit
1762 1291 1888 1342 mihi
1924 1307 1937 1342 :

362 1373 537 1443 Super
583 1394 733 1444 quem
767 1379 966 1434 'videris
1012 1379 1264 1448 Spiritum
1310 1379 1701 1432 descendentem
1753 1388 1800 1431 et
1825 1394 1942 1431 ma-

361 1474 592 1546 mntem,
623 1468 713 1523 ille
738 1479 818 1524 est
837 1471 928 1539 qui
949 1471 1180 1540 baptizat
1210 1472 1264 1524 in
1298 1469 1502 1540 Spiritu
1525 1477 1731 1522 sancto.
1758 1467 1824 1521 Et
1846 1485 1937 1537 ego

359 1559 484 1619 vidi.
517 1572 566 1613 et
601 1572 822 1616 testatus
869 1582 1008 1629 sum,
1058 1569 1192 1617 hunc
1228 1580 1336 1616 esse
1369 1561 1568 1615 Filium
1597 1560 1692 1614 Dei
1719 1557 1758 1608 ².
1812 1558 1930 1614 Non

355 1650 516 1718 dixit,
554 1669 671 1707 cum
704 1655 821 1720 illo,
853 1658 956 1721 vel,
1012 1659 1066 1710 in
1117 1656 1210 1710 illo
1260 1672 1369 1710 esse
1406 1653 1607 1708 Fiiium
1653 1652 1768 1715 Dei,
1819 1654 1932 1720 sed,

357 1742 493 1796 hunc
516 1760 625 1799 esse
652 1747 845 1800 Filium
877 1747 993 1802 Dei.

2033 472 2187 543 παρά
2212 472 2305 524 τδν
2338 473 2402 524 ὲκ
2429 470 2564 523 Θεοῦ
2595 469 2807 538 Πατρός
2841 466 3041 534 Λόγον,
3072 465 3149 527 ὡς
3182 465 3306 528 Υίὸς
3334 466 3477 518 κατὰ
3511 466 3613 533 μό-

2032 580 2128 625 νας
2150 604 2164 624 ,
2190 563 2278 615 διὰ
2304 562 2462 614 τοῦτο
2491 564 2584 614 καλ
2613 562 2774 626 Θεὸς,
2813 562 2909 614 καὶ
2943 559 3181 629 Κύριος,
3219 559 3313 611 καὶ
3346 559 3614 626 ’Υψιστος

2033 653 2357 720 ὀνομάζεται
2387 653 2479 705 καὶ
2503 652 2592 705 διὰ
2625 653 2723 722 τῆς
2752 651 3002 720 ἀγγέλων
3043 651 3249 718 φωνῆς.
3281 651 3389 703 Καὶ
3421 649 3550 718 γοῦν
3584 652 3616 702 ό

2038 746 2305 813 μακάριος
2336 744 2576 814 Γαϐριὴλ
2601 743 2699 814 τὴν
2747 744 2998 798 Ἰωάννου
3036 742 3297 811 γέννησιν
3328 741 3620 809 εὐαγγελι-

2037 836 2285 905 ζόμενος,
2327 838 2422 888 καὶ
2455 837 2554 905 τὴν
2594 835 2860 906 ἐσομένην
2897 833 3064 887 αὐτοῦ
3097 833 3369 886 διακονίαν
3404 833 3614 902 ἐναργῆ

2037 926 2322 990 καθιστὰς,
2360 927 2438 996 τῷ
2475 926 2727 997 Ζαχαρία
2764 927 2952 995 φησιν,
2997 926 3080 978 ὅτι
3131 924 3358 979 Πολλοί
3387 925 3486 978 ἐπὶ
3525 923 3608 992 τῇ

2037 1018 2310 1086 γεννέσει
2327 1018 2513 1071 αὑτοῦ
2529 1017 2924 1086 χαρήσονται,
2940 1017 3039 1071 καί
3052 1016 3326 1081 πολλοὺς
3340 1016 3458 1070 τῶν
3469 1016 3620 1071 υίῶν

2051 1107 2300 1175 Ἰσραὴλ
2325 1109 2676 1178 ἐπιστρέψει
2704 1109 2803 1161 ἐπὶ
2831 1109 3054 1177 Κύριον
3085 1109 3192 1162 τόν
3217 1107 3366 1161 Θεὸν
3391 1105 3619 1162 αὐτῶν.

2039 1202 2167 1265 Πῶς
2197 1202 2291 1256 οὖν
2316 1204 2652 1272 ἐπέστρεφεν
2676 1204 2768 1255 ἐπὶ
2794 1204 3000 1273 Κύριον
3019 1202 3110 1256 τὸν
3133 1201 3267 1255 Θεδν
3290 1201 3472 1255 αὐτῶν
3487 1201 3617 1263 τοὺς

2040 1292 2188 1353 υἱοὺς
2258 1293 2511 1363 Ἰσραήλς
2560 1293 2965 1364 Εὑηγγελίζετο
3018 1295 3127 1366 γὰρ
3170 1295 3354 1357 αὐτοῖς
3403 1292 3620 1360 λέγων·

2050 1384 2264 1435 Ὀπίσω
2293 1402 2412 1452 μου
2442 1387 2678 1452 ἔρχεται
2711 1384 2888 1452 ἀνὴρ,
2920 1385 2989 1450 ὃς
3011 1386 3357 1455 ἔμπροσθέν
3379 1402 3497 1454 μου
3523 1384 3622 1451 τό·

2039 1490 2237 1541 τον-εν.
2271 1473 2358 1527 ὅτι
2392 1473 2621 1541 πρῶτός
2652 1493 2770 1543 μου
2801 1472 2899 1544 ἦν.
2934 1475 3104 1545 Κάγὼ
3158 1478 3272 1530 οὐκ
3305 1474 3475 1544 ᾔδειν
3512 1475 3626 1527 αῠο

2041 1562 2169 1627 τὸν,
2201 1562 2336 1615 ἀλλ’
2375 1565 2406 1614 ὁ
2439 1563 2681 1633 πέμψας
2719 1581 2791 1632 με
2816 1565 3130 1627 βαπτίζειν
3154 1567 3223 1619 ἐν
3250 1566 3444 1632 ὕδατι,
3471 1564 3627 1619 ἐκεῖ-

2041 1654 2148 1718 νός
2172 1671 2275 1722 μοι
2304 1651 2494 1722 εἷπεν,
2536 1657 2660 1726 Ἐφ’
2691 1657 2763 1710 ὃν
2796 1654 2873 1712 ἂν
2907 1658 3042 1726 16m-
3067 1659 3133 1712 τὸ
3168 1658 3409 1728 Πνεῦμα
3442 1673 3625 1711 κατα-

2045 1744 2254 1800 ϐαῖνον
2288 1745 2357 1811 ἐξ
2389 1746 2673 1815 οὐρανοῦ.
2712 1749 2812 1801 καὶ
2837 1749 3027 1817 μένον
3057 1750 3150 1804 ἐπ’
3188 1750 3410 1810 αὐτὸν.
3444 1744 3629 1813 οὗτός

357 1833 985 1902 ἐστινόβαπτιζωνέν
1001 1841 1479 1909 Πνεύματιάγίῳ.
1537 1837 1709 1908 Κάγὼ
1754 1835 2005 1906 ἑώρακα,
2047 1836 2147 1890 καί
2189 1840 2630 1908 μεμαρτύρηκα,
2682 1839 2771 1894 ὅτι
2813 1837 2995 1900 οὗτός
3042 1841 3215 1895 ἐστιν
3260 1845 3292 1895 ό
3342 1841 3473 1904 Υἱὸς
3513 1837 3626 1893 τοῦ

361 1923 532 1980 Θεοῦ.
566 1928 679 1982 Οὐκ
704 1925 853 1998 εἷπε,
885 1931 1042 1985 Μετά
1071 1930 1264 1983 τούτου
1295 1931 1444 1983 ἐστὶν
1475 1931 1504 1982 ό
1530 1928 1659 1992 Υίὸς
1689 1925 1782 1981 τοῦ
1809 1927 1966 1992 Θεοῦ,
1990 1927 2106 1981 ἀλλ’
2130 1928 2261 1993 οὐδ’,
2301 1929 2390 1984 Ἐν
2421 1931 2596 2001 τούτῳ
2623 1933 2791 1999 ἔστιν,
2823 1931 2960 1998 ἀλλ’,
2997 1933 3125 1986 Ὅτι
3153 1929 3333 2000 οὗτός
3362 1934 3551 1987 ἐστιν.

745 2019 997 2090 Ejusdem
1026 2022 1499 2078 anathematismus
1529 2023 1584 2078 6.

430 2109 488 2164 Si
540 2111 664 2181 quis
705 2113 856 2180 dicit,
888 2111 1126 2169 Verbum
1155 2115 1249 2169 Dei
1286 2113 1462 2169 Patris
1487 2129 1609 2171 esse
1659 2113 1828 2168 Deum
1857 2122 1946 2166 aut

361 2198 648 2257 Dominum
704 2201 928 2268 Christi,
959 2218 1024 2259 ac
1056 2219 1160 2258 non
1194 2205 1373 2274 potius
1417 2205 1594 2276 ipsum
1658 2212 1711 2258 et
1778 2205 1945 2257 Deum

355 2291 520 2348 s’mul
546 2300 601 2348 et
659 2294 929 2349 hominem
980 2295 1288 2358 conﬁtetur,
1347 2311 1471 2353 cum
1527 2295 1756 2353 Verbum
1819 2308 1948 2349 caro

359 2385 560 2440 factum
592 2385 684 2450 sit,
713 2394 770 2442 ut
800 2385 1094 2456 Scriptura
1137 2397 1407 2445 testantur
1433 2397 1474 2454 ³,
1521 2388 1808 2444 anathema
1855 2387 1945 2441 sit.

360 2475 624 2533 Dominus
650 2479 792 2534 enim
848 2490 1033 2536 uoster
1086 2480 1244 2536 Jesus
1288 2480 1557 2546 Christus,
1591 2481 1682 2553 qui
1719 2489 1772 2534 et
1808 2496 1947 2534 unus

362 2578 418 2624 et
451 2571 595 2625 solus
619 2584 744 2626 vere
769 2571 938 2628 Filius
956 2581 1038 2628 est
1065 2569 1159 2626 Dei
1192 2581 1246 2626 et
1271 2571 1469 2639 Patris,
1493 2572 1668 2628 factus
1692 2582 1773 2626 est
1797 2586 1945 2636 caro,

363 2666 418 2711 et
443 2673 552 2713 una
585 2674 710 2715 cum
738 2661 956 2730 proprio
989 2662 1248 2718 Genitore
1299 2664 1459 2718 rebus
1488 2662 1738 2718 omnibus
1770 2663 1944 2718 domi-

364 2756 548 2814 natur,
575 2749 734 2819 eique
762 2765 924 2806 omne
957 2767 1095 2822 genu
1127 2751 1361 2809 ﬂeetitur
1409 2753 1730 2817 C(Blestium,
1780 2763 1950 2807 terre-

363 2840 557 2894 strium
589 2849 646 2895 et
699 2841 1074 2910 infernorum;
1115 2855 1170 2899 et
1225 2844 1402 2899 omnis
1437 2845 1622 2912 lingua
1660 2845 1949 2899 conﬁtetur

365 2929 651 2985 Dominum
706 2931 889 2987 Jesum
956 2933 1230 2989 Christum
1309 2949 1431 2991 esse
1513 2936 1565 2988 in
1617 2934 1784 3004 gloria
1857 2937 1947 2992 Dei

355 3023 561 3078 Patris.

736 3114 992 3184 Ejusdem
1024 3115 1498 3173 anathemattsmus
1542 3119 1590 3173 7.

435 3202 637 3274 Siquis
661 3203 792 3260 dicit
819 3203 1002 3259 Jesum
1034 3214 1092 3259 ut
1120 3204 1393 3261 hominem
1427 3222 1457 3262 a
1487 3207 1579 3262 Dei
1614 3208 1788 3264 Verbo
1811 3212 1942 3282 regi,

364 3303 420 3351 et
443 3295 723 3365 Unigeniti
764 3294 991 3365 gloriam
1025 3296 1072 3348 ei
1128 3306 1380 3364 tanquam
1415 3297 1483 3351 ab
1512 3298 1630 3366 ipso
1677 3297 1943 3355 diﬂ'erenti

367 3385 720 3452 circumdari,
750 3385 1041 3440 anathema
1090 3386 1182 3441 sit.
1249 3386 1479 3452 Quando
1533 3388 1696 3444 etiam
1756 3392 1950 3448 beatus

367 3474 581 3530 Gabriel
610 3474 869 3544 unigeniti
920 3475 1040 3530 Filii
1071 3474 1166 3530 Dei
1219 3486 1396 3532 ortum
1451 3477 1504 3532 in
1543 3491 1706 3533 carne
1752 3491 1953 3536 sancta:

367 3565 576 3636 Virgini
603 3567 870 3621 nuntiavit
896 3583 911 3622 :
943 3566 1153 3633 Paries,
1178 3569 1371 3639 inquit,
1407 3567 1632 3634 Filium,
1664 3581 1714 3625 et
1743 3573 1949 3628 vocabis

369 3673 552 3711 nomen
572 3658 684 3727 ejus
717 3657 926 3712 Jesunt.
957 3656 1076 3728 Ipse
1105 3661 1244 3715 enim
1274 3662 1475 3715 salvum
1515 3663 1673 3731 faciet
1702 3665 1952 3732 populum

367 3767 520 3804 suum
563 3767 593 3803 a
624 3752 849 3820 peccatis
902 3752 1068 3818 ipsius
1097 3752 1138 3804 ⁸.
1193 3751 1425 3808 Vocatus
1457 3763 1636 3809 autem
1665 3765 1746 3810 est
1795 3753 1948 3810 Chri~

366 3849 486 3897 stus
510 3840 635 3911 quia
663 3844 938 3898 nobiscum
965 3855 1157 3900 unctus
1186 3854 1270 3899 est
1298 3846 1622 3902 humaniter.

620 4109 870 4180 Ejusdem
902 4129 966 4166 ea:
1003 4113 1222 4183 epistola
1245 4114 1312 4166 ad
1343 4112 1668 4167 Nestorium.

447 4200 634 4272 Neque
657 4203 804 4257 enim
825 4204 1058 4259 dii-imus
1082 4204 1244 4260 Verbi
1275 4215 1521 4260 naturam
1552 4220 1648 4274 per
1663 4207 1746 4261 sui
1769 4216 1946 4262 muta-

2345 2021 2463 2077 Τοῦ
2505 2023 2696 2078 αὑτοῦ
2728 2025 3214 2093 ἀναθεματισμός
3246 2029 3322 2088 ς’.

2121 2114 2183 2166 Εἰ
2228 2129 2310 2175 τις
2341 2112 2487 2181 λέγει
2517 2113 2669 2179 Θεὸν,
2705 2114 2738 2184 ἢ
2788 2117 3065 2184 Δεσπότην
3093 2110 3233 2168 εἶναι
3263 2112 3358 2166 τοῦ
3387 2111 3632 2182 Χριστοῦ

2049 2205 2141 2255 τὸν
2171 2202 2272 2255 τοῦ
2306 2203 2442 2256 Θεοῦ
2477 2205 2688 2276 Πατρός
2722 2206 2919 2275 Λόγον,
2956 2208 3050 2260 καὶ
3087 2207 3209 2276 οὐχὶ
3246 2206 3310 2273 δὴ
3345 2208 3436 2258 τὸν
3464 2205 3634 2259 αὑτὸν

2053 2293 2253 2363 μᾶλλον
2278 2295 2534 2364 ὁμολογεῖ
2553 2296 2684 2351 Θεόν
2708 2315 2767 2349 τε
2802 2298 2939 2366 ὁμοῦ
2971 2300 3064 2350 καὶ
3086 2297 3400 2369 ἄνθρωπον,
3427 2296 3501 2358 ὡς
3535 2313 3636 2362 γε-

2050 2382 2268 2448 γονότος
2310 2383 2512 2452 σαρκὸς
2544 2383 2638 2437 τοῦ
2672 2386 2872 2463 Λῇγου,
2912 2389 3052 2441 κατά
3071 2387 3168 2450 τὰς
3202 2387 3240 2438 Γ
3245 2387 3456 2457 ραφάς,
3489 2388 3634 2440 ἀνά-

2052 2472 2194 2542 θεμα
2228 2473 2391 2526 ἔστω.
2440 2475 2496 2527 Ὀ
2533 2477 2644 2547 γὰρ
2677 2477 2884 2547 Κύριος
2921 2480 3083 2549 ἡμῶν
3128 2479 3337 2547 Ἰησοῦς
3370 2480 3632 2549 Χριστὸς,

2048 2566 2075 2616 ό
2103 2559 2183 2628 εἷς
2208 2581 2268 2618 τε
2300 2567 2393 2620 καὶ
2421 2567 2583 2636 μόνος
2616 2569 2758 2622 κατά
2791 2570 3053 2640 ἀλήθειαν
3085 2571 3209 2632 Υἱὸς
3240 2571 3503 2639 ὑπάρχων
3531 2569 3631 2622 τοῦ

2049 2656 2186 2709 Θεοῦ
2214 2658 2309 2711 καὶ
2332 2658 2565 2730 Πατρὺς,
2599 2660 2792 2728 γέγονε
2826 2662 2980 2731 σὰρξ,
3006 2664 3101 2715 καὶ
3128 2663 3500 2731 συγκατάρχει
3519 2663 3633 2714 τῶν

2050 2746 2188 2801 ὅλων
2229 2747 2364 2817 όμοῦ
2391 2749 2468 2819 τῷ
2499 2748 2613 2819 ίδίῳ
2648 2751 2958 2820 γεννήτορι,
2984 2750 3224 2820 κάμπτει
3254 2766 3311 2801 τε
3341 2747 3492 2818 αὑτῷ
3522 2751 3632 2801 πᾶν

2051 2847 2180 2914 γόνυ
2220 2847 2592 2918 ἐπουρανίων,
2632 2845 2727 2900 καὶ
2762 2847 3054 2914 ἐπιγείων,
3092 2846 3187 2899 καὶ
3219 2844 3630 2915 καταχθονίων,

2052 2941 2146 2991 καὶ
2174 2938 2584 3009 ὲξομολογεῖται
2615 2939 2765 2992 πᾶσα
2791 2937 3033 3006 γλῶσσα,
3061 2938 3145 2990 ὅτι
3173 2937 3376 3006 Κύριος
3421 2932 3630 3006 Ἰησοῦς

2052 3027 2286 3096 Χριστὸς
2317 3028 2395 3088 είς
2420 3026 2578 3090 δόξαν
2609 3025 2745 3079 Θεοῦ
2789 3026 3021 3097 Πατρός.

2376 3117 2482 3172 Τοῦ
2511 3118 2698 3171 αὑτοῦ
2732 3117 3214 3186 ἁναθεματισμός
3247 3115 3308 3177 ζ’.

2126 3209 2188 3261 Εἴ
2220 3207 2300 3269 τίς
2347 3224 2511 3277 φησιν
2557 3209 2632 3270 ὡς
2673 3207 2964 3278 ἄνθρωπον
2997 3208 3342 3275 ἐνεργεῖσθαι
3381 3207 3488 3260 υπὸ
3533 3204 3631 3260 τοῦ

2053 3297 2188 3349 Θεοῦ
2213 3298 2387 3366 Λόγου
2414 3299 2504 3351 τὸν
2536 3298 2769 3368 Ἰησοῦν,
2799 3298 2892 3351 καὶ
2923 3298 3023 3365 τὴν
3051 3299 3147 3351 τοῦ
3176 3297 3512 3365 Μονογενοῦς
3543 3299 3634 3352 εὑ-

2054 3385 2234 3451 δοξίαν
2265 3386 2569 3456 περιῆφθαι
2604 3388 2754 3459 αὐτῷ
2783 3389 2859 3451 ὡς
2891 3387 3067 3459 ἑτέρῳ
3099 3390 3228 3459 παρ’
3260 3389 3423 3443 αὑτὸν
3453 3390 3634 3459 ὕπαρ-

2053 3491 2240 3546 χοντα,
2283 3477 2538 3547 ἀνάθεμα
2576 3477 2741 3532 ἔστω.
2791 3479 2923 3531 "Ore
2967 3484 3076 3549 γὰρ
3119 3479 3219 3548 τὴν
3257 3479 3399 3534 κατά
3451 3485 3635 3550 σάρκα

2052 3568 2304 3638 γέννησιν
2328 3568 2421 3621 τοῦ
2450 3569 2771 3637 μονογενοῦς
2801 3569 2931 3624 Υίοῦ
2961 3569 3056 3622 τοῦ
3079 3568 3216 3623 Θεοῦ
3242 3570 3631 3638 εὐηγγελίζετο

2051 3661 2119 3728 τῇ
2147 3659 2280 3729 ἁγίᾳ
2305 3661 2565 3730 Παρθένῳ
2587 3662 2614 3713 ό
2638 3661 2912 3731 μακάριος
2944 3659 3208 3729 Γασριὴλ,
3244 3660 3412 3727 Τέεῃ,
3439 3666 3628 3731 φησιν,

2054 3749 2208 3814 υἱὸν,
2247 3751 2343 3803 καὶ
2372 3751 2651 3817 καλέσεις
2678 3752 2744 3805 τὸ
2775 3752 2960 3820 ὄνομα
2987 3751 3175 3804 αὐτοῦ
3215 3749 3484 3818 Ἰησοῦν.
3511 3755 3628 3804 Αὐ-

2055 3841 2154 3906 τὸς
2183 3844 2293 3910 γὰρ
2317 3843 2504 3896 σώσει
2531 3844 2637 3898 τὸν
2657 3843 2810 3897 λαὸν
2835 3841 3022 3897 αὐτοῦ
3046 3842 3167 3896 ἀπὸ
3194 3842 3312 3896 τῶν
3335 3841 3633 3912 ἁμαρτιῶν

2055 3933 2274 3986 αὐτῶν.
2334 3935 2663 4006 Ὤνόμασται
2709 3936 2765 3988 δὲ
2814 3934 3048 4005 Χριστὸς
3093 3934 3185 3989 διὰ
3235 3936 3298 3989 τὸ
3339 3935 3633 4005 κεκρίσθαι

2059 4025 2178 4094 μεθ’
2205 4028 2236 4095 ἡ
2247 4026 2364 4095 μῶν
2391 4026 2767 4097 ἀνθρωπίνως.

2062 4117 2172 4171 Τοῦ
2219 4118 2406 4174 αὑτοῦ
2447 4118 2514 4171 ἐκ
2557 4117 2670 4184 τῆς
2710 4118 2858 4187 ,πρὸς
2903 4119 3230 4186 Νεστόριον
3273 4115 3631 4185 ἐπιστολῆς.

2131 4212 2205 4265 Οὐ
2240 4212 2347 4280 γάρ
2373 4228 2549 4279 φαμεν
2573 4212 2655 4263 ὅτι
2681 4213 2713 4280 ἡ
2742 4211 2837 4263 τοῦ
2858 4212 3034 4275 Λόγου
3063 4210 3224 4279 φύσις
3244 4208 3634 4278 μεταποιηθεῖ-

373 4294 578 4351 tionem
631 4305 854 4348 carnem
892 4309 1014 4350 esse
1049 4295 1280 4360 factam;
1329 4297 1423 4352 sed
1465 4311 1644 4366 neque
1678 4296 1732 4350 in
1773 4305 1944 4352 totum

2057 4317 2124 4353 σα
2148 4301 2335 4369 γέγονε
2370 4300 2523 4368 σάρξ’
2544 4300 2660 4352 ἀλλ’
2684 4299 2805 4354 οὐδὲ
2835 4301 2915 4353 ὅτι
2941 4301 3020 4363 είς
3045 4298 3165 4352 ὅλον
3190 4298 3480 4366 ἄνθρωπον
3503 4315 3634 4368 μετ-

373 4389 654 4446 hominem
681 4388 1120 4443 transformatam
1139 4404 1202 4440 ex
1229 4389 1409 4442 anima
1424 4396 1478 4442 et
1499 4401 1730 4456 corpore
1758 4385 1944 4438 consti-

2049 4386 2265 4457 ιϐλήθη,
2294 4386 2383 4436 τὸν
2408 4388 2468 4436 ἐκ
2497 4385 2672 4454 ψυχῆς
2702 4383 2796 4436 καλ⁸
2815 4380 3085 4450 σώματος·
3116 4381 3366 4436 έκεῖνοδὲ
3399 4380 3627 4450 μᾶλλον.

375 4493 552 4538 tutum
583 4493 598 4548 ;
627 4480 926 4536 asserimus
947 4487 1128 4534 autem
1157 4479 1419 4543 Verbum,
1450 4479 1603 4533 unita
1629 4477 1733 4532 sibi
1758 4491 1944 4530 secun-

2049 4480 2126 4532 ότι
2148 4478 2325 4548 σάρκα
2353 4479 2373 4529 ὲ
2386 4475 2753 4546 μψυχωμένην
2778 4475 2924 4545 ψυχῇ
2953 4474 3144 4544 λογικῇ
3173 4473 3380 4535 ἐνώσας
3405 4471 3434 4524 ό
3453 4472 3628 4539 Λόγος

374 4575 506 4629 dum
548 4572 885 4644 hypostasim
918 4587 1083 4626 carne
1107 4571 1344 4625 animata
1373 4569 1620 4624 rationali
1643 4568 1844 4631 anima,
1872 4568 1944 4622 in-

2049 4569 2223 4638 ἑαυτῷ
2245 4568 2367 4622 καθ’
2393 4567 2708 4630 ὑπόστασιν,
2745 4566 3037 4636 ἀφράστως
3057 4581 3117 4616 τε
3140 4563 3234 4616 καὶ⁸
3254 4561 3632 4633 ἀπερινοήτως

375 4643 688 4735 explicabili
744 4661 1400 4733 incomprehensibilique
1458 4660 1621 4715 modo
1679 4659 1944 4714 hominen

2049 4659 2266 4727 γέγονεν
2293 4658 2386 4712 ἄνθ
2397 4674 2596 4727 ρωπος,
2624 4657 2716 4708 καὶ
2735 4654 3144 4726 κεχρημάτικεν
3165 4652 3292 4714 Υἱὸς
3313 4650 3627 4720 ἀνθρώπου,

376 4758 602 4820 factum,
627 4765 683 4810 et
706 4756 948 4810 hominis
973 4753 1169 4809 Filium
1200 4753 1496 4815 exstitisse,
1526 4767 1635 4808 non
1661 4767 1756 4819 per
1789 4750 1944 4804 solan‘

2049 4750 2107 4803 οῦ
2143 4747 2284 4802 κατά
2315 4747 2531 4815 θέλησιν
2573 4747 2760 4817 μόνην,
2795 4746 2828 4816 ἢ
2858 4744 3126 4798 εὐδοκίαν·
3163 4741 3279 4795 ἀλλ’
3305 4740 3425 4794 οὐδὲ
3461 4739 3539 4804 ὥς
3569 4740 3632 4794 ὲν

377 4847 715 4902 voluntatem
765 4858 861 4902 aut
908 4845 1333 4916 beneplacitum,
1373 4845 1486 4899 sive
1524 4859 1623 4913 per
1643 4843 1812 4894 solam
1839 4858 1944 4910 per-

2049 4837 2351 4911 προσλήψει
2383 4835 2675 4906 προσώπου
2685 4835 2890 4905 ,μόνον’
2924 4835 3018 4886 καὶ
3045 4833 3128 4886 ὅτι
3151 4832 3403 4902 διάφοροι
3439 4828 3541 4898 μὲν
3569 4829 3633 4916 αι

381 4955 530 4994 sonas
573 4939 1023 5007 assumptionem.
1071 4939 1140 4992 Et
1183 4937 1432 5007 quamvis
1475 4942 1685 4991 natura:
1716 4933 1826 4986 sint
1874 4933 1944 4986 di-

2051 4930 2185 5000 πρὸς
2223 4927 2450 4997 ἑνότητα
2489 4926 2588 4993 τὴν
2619 4924 2879 4994 ἀληθινὴν
2912 4922 3261 4990 συναχθεῖσαι
3296 4918 3510 4988 φύσεις
3547 4911 3635 5007 εἷς

380 5043 574 5092 versae,
616 5043 743 5082 vera
793 5036 974 5083 tamen
1018 5026 1221 5082 unione
1269 5033 1551 5086 coeuntes,
1596 5038 1766 5078 unum
1803 5022 1944 5078 nobis

2049 5021 2105 5071 δὲ
2142 5019 2202 5082 ἐξ
2228 5018 2552 5088 ἀμφοτέρων
2580 5015 2809 5085 Χριστὸς
2851 5014 2942 5066 καὶ
2981 5011 3127 5073 Υἱός·
3164 5009 3260 5078 οὐχ
3289 5009 3363 5070 ὼς
3395 5007 3493 5078 τῆς
3523 5005 3637 5058 τῶν

381 5118 658 5175 Christum
687 5125 745 5172 et
775 5118 973 5173 Filium
1005 5117 1308 5173 eﬂ‘ecerunt
1337 5133 1351 5181 ;
1397 5131 1506 5169 non
1548 5113 1695 5183 quod
1737 5122 1961 5170 natura-

384 5226 506 5272 rum
533 5210 842 5265 differentia
871 5219 1095 5279 propter
1129 5197 1387 5262 unionem
1415 5205 1626 5259 sublata
1653 5204 1742 5267 sit,
1775 5218 1963 5258 verum

385 5303 530 5373 quod
557 5302 817 5362 divinitas
843 5311 898 5357 et
920 5299 1234 5358 humanitas
1259 5306 1467 5352 secreta
1503 5295 1738 5365 quadam
1770 5294 1964 5350 ineﬂ‘a-

387 5393 593 5463 bilique
633 5393 1017 5465 conjunmione
1057 5391 1112 5445 in
1158 5405 1264 5444 una
1311 5404 1543 5458 persona
1597 5402 1767 5442 unum
1809 5385 1968 5441 nobis

387 5485 572 5542 Jesum
603 5483 884 5541 Christum
924 5492 981 5538 et
1020 5483 1220 5538 Filium
1260 5479 1667 5535 constituerint.
1701 5477 1781 5533 Ad
1820 5479 1967 5532 hunc

391 5578 636 5641 modum,
674 5579 766 5646 qui
802 5586 927 5632 ante
956 5591 1117 5630 omne
1140 5573 1396 5628 sacculum
1430 5571 1662 5637 exsistit,
1692 5579 1747 5624 et
1774 5587 1840 5625 ex
1865 5571 1966 5624 Pa-

2051 5110 2263 5181 φύσεων
2307 5109 2570 5178 διαφορᾶς
2606 5105 2956 5180 ἀνῃρημένης
2989 5105 3073 5156 διὰ
3107 5103 3204 5173 τὴν
3240 5103 3460 5154 ἕνωσιν·
3498 5101 3635 5151 ἀπο-

2051 5199 2358 5254 τελεσασῶν
2394 5200 2450 5252 δὲ
2487 5196 2687 5267 μᾶλλον
2728 5199 2860 5267 ἡμῖν
2900 5195 2990 5248 τὸν
3032 5194 3126 5246 ἕνα
3173 5192 3377 5261 Κύριον
3426 5189 3639 5259 Ἰησοῦν

2053 5293 2287 5364 Χριστὸν
2311 5291 2404 5345 καὶ
2437 5290 2584 5356 Υίὸν,
2609 5289 2860 5359 θεότητός
2885 5306 2942 5341 τε
2967 5287 3058 5340 καὶ
3081 5283 3522 5354 ἀνθρωπότητος,
3548 5280 3639 5333 διὰ

2054 5387 2154 5455 τῆς
2186 5385 2466 5456 ἀφράστου
2503 5385 2596 5436 καὶ
2628 5384 2942 5455 ἀπορρήτου
2989 5380 3124 5450 πρὸς
3156 5377 3382 5444 ἑνότητα
3415 5373 3640 5440 συνδροο

2061 5478 2186 5548 μῆς.
2218 5476 2372 5529 Οὕτω
2410 5493 2466 5528 τε
2502 5475 2749 5542 λέγεται,
2783 5472 2958 5525 καίτοι
3004 5471 3106 5540 πρὸ
3134 5467 3345 5522 αἰώνων
3376 5464 3514 5534 ἔχων
3540 5462 3640 5530 τὴν

2059 5568 2310 5639 ὓπαρξιν,
2344 5570 2435 5621 καὶ
2470 5567 2748 5636 γεννηθεὶς
2787 5567 2850 5618 ἐκ
2892 5563 3136 5635 Πατρὸς,
3172 5558 3498 5629 γεννηθῆναι
3543 5555 3639 5606 καὶ

479 5672 652 5728 'Luc.
679 5689 718 5738 ι,
757 5672 843 5727 ιι.
919 5675 939 5703 ¹
971 5669 1125 5726 Joau.
1156 5687 1194 5736 t,
1229 5674 1316 5737 δυ,
1349 5669 1437 5727 54.
1515 5672 1534 5700 ³
1560 5665 1714 5723 Joan.
1752 5680 1790 5730 t,
1822 5665 1903 5718 Η.

2049 5661 2162 5716 Luc.
2209 5678 2242 5726 ι,
2276 5662 2366 5717 31.
