4042 6208
310 326 423 388 985

1279 323 1647 380 t’ANUPLlA
1691 314 2150 381 DOGMATICA.
2180 343 2250 358 -·
2278 319 2425 383 ΤιΤ.
2469 322 2588 383 XV.

3467 329 3571 391 986

315 453 461 505 κατὰ
487 450 665 520 σάρκα
691 464 757 504 εκ
784 463 1060 519 γυναικός,
1092 460 1192 519 οὐχ
1212 452 1287 513 ὼς
1307 452 1407 519 τῆς
1435 451 1584 511 θείας
1607 449 1774 504 αὐτοῦ
1802 450 1891 519 φύ-

1996 474 2078 519 tre
2102 465 2319 535 genitus
2337 465 2460 530 fuit,
2494 464 2796 520 secundum
2827 481 3044 521 carnem
3069 483 3134 521 ex
3157 471 3385 525 muliere
3407 482 3567 527 natus

316 559 457 606 σεως
490 541 666 613 ἀρχὴν
698 542 791 596 τοῦ
825 536 966 595 εῖναι
1009 540 1280 610 λαϐούσης
1367 543 1425 594 ἐν
1470 545 1536 613 τῇ
1577 542 1711 611 ἁγίᾳ
1744 543 1893 613 Παρ-

314 635 474 707 θένῳ·
501 635 624 690 οὔτε
658 637 764 707 μὴν
786 636 1070 706 δεηθείσης
1105 634 1419 703 ἀναγκαίως
1450 636 1515 689 δι’
1547 635 1743 707 ἑαυτὴν
1768 636 1891 688 δευ-

310 729 481 799 τέρας
526 728 863 797 γεννήσεως,
907 725 1045 796 μετὰ
1086 726 1185 796 τὴν
1219 730 1283 779 ὲκ
1318 726 1552 797 Πατρός.
1594 728 1747 779 Ἔστι
1784 728 1893 799 γὰρ

312 818 523 873 εἰκαῖόν
551 835 611 872 τε
638 817 773 888 ὁμοῦ
805 819 898 871 καὶ
921 817 1131 887 ἀμαθὲς
1156 818 1248 872 τὸν
1275 820 1587 889 ὑπάρχοντα
1622 819 1729 890 πρὸ
1757 837 1892 874 παν-

310 911 407 973 τὸς
434 909 662 975 αἰῶνος,
690 909 784 962 καὶ
796 910 1077 963 ςσυναῖὸιον
1104 910 1182 979 τῷ
1226 911 1403 981 Πατρὶ
1424 949 1439 974 ,
1467 908 1675 962 δεῖσθαι
1707 910 1888 978 λέγειν

312 1000 492 1071 ἀρχῆς
524 1000 621 1070 τῆς
642 1003 720 1063 είς
742 1001 804 1054 τὸ
827 995 964 1055 εἶναι
985 1002 1263 1071 δευτέρας.
1309 1000 1528 1071 Ἐπειδὴ
1549 999 1603 1053 δὲ
1629 1001 1695 1054 δι’
1718 1002 1887 1071 ἡμᾶς,

312 1091 409 1143 καὶ
442 1091 530 1143 διὰ
558 1092 656 1160 τὴν
686 1091 956 1162 ἡμετέραν
992 1093 1268 1163 σωτηρίαν
1300 1091 1508 1156 ἑνώσας
1538 1094 1721 1164 ἐαυτῷ
1766 1094 1889 1149 καθ’

206 1192 213 1213 ³
312 1180 610 1233 ὑπόστασιν
656 1183 717 1234 τὸ
768 1182 1129 1254 ἀνθρώπινον.
1173 1183 1445 1254 προῆλθεν
1492 1186 1558 1236 ἐκ
1600 1186 1886 1253 γυναικὸς,

312 1270 486 1343 ταύτῃ
505 1289 586 1324 τοι
608 1272 821 1340 λέγεται
842 1273 1165 1344 γεννηθῆναι
1190 1273 1487 1343 σαρκικῶς.
1510 1275 1583 1328 Οὐ
1608 1275 1718 1345 γὰρ
1746 1277 1891 1346 πρῶ-

309 1377 404 1414 τον
437 1362 718 1430 ἄνθρωπος
751 1364 1014 1435 ἐγεννήθη
1042 1364 1218 1427 κοινὸς
1246 1366 1310 1418 ὲκ
1337 1364 1438 1434 τῆς
1474 1366 1637 1434 ἁγίας
1676 1368 1892 1439 Παρθέ-

309 1469 403 1505 νου
426 1469 439 1482 ο
485 1449 583 1505 εἷθ’
628 1451 770 1507 οὕτω
810 1455 1284 1525 καταπεφοιτηκεν
1320 1455 1410 1507 ἐπ’
1444 1456 1607 1510 αὑτὸν
1641 1460 1669 1511 6
1699 1458 1890 1525 Λόγος·

306 1541 428 1595 (DN
471 1543 532 1609 ἐξ
575 1543 746 1613 αὐτῆς
789 1546 1005 1617 μήτρας
1050 1546 1309 1612 ἐνωθεὶς,
1339 1547 1630 1616 ὑπομεῖναι
1674 1549 1893 1617 λέγεται

308 1632 566 1721 γέννησιν
597 1635 889 1721 σαρκικὴν,
908 1635 999 1721 id);
1029 1635 1130 1706 τῆς
1169 1637 1306 1721 ιδίας
1335 1638 1537 1721 σαρκὸς
1566 1639 1666 1708 τὴν
1698 1641 1893 1721 γέννη-

308 1735 398 1771 σιν
435 1718 825 1785 οἰκειούμενος.
860 1718 1018 1771 Οῦτω
1046 1718 1226 1787 φαμὲν
1249 1719 1412 1773 αὐτὸν
1445 1721 1538 1774 καὶ
1563 1718 1776 1798 παθεῖν,
1802 1724 1894 1775 καὶ

1994 552 2234 606 dicitur:
2264 569 2373 606 non
2416 553 2559 621 quod
2598 553 2783 607 divina
2829 555 2977 608 illius
3012 566 3204 611 natura
3238 561 3566 617 exsistentim

1994 658 2107 698 suae
2142 644 2355 698 initium
2394 645 2451 698 in
2484 660 2639 699 sacra
2678 646 2900 715 Virgine
2934 647 3247 715 sumpserit,
3282 660 3376 704 aut
3419 652 3563 721 quod

1994 744 2118 805 post
2166 736 2397 804 primam
2440 751 2509 790 ex
2538 737 2718 799 Patre,
2750 740 2919 790 altera
2942 745 3167 807 propter
3204 740 3435 809 seipsam
3469 760 3564 813 ge-

1992 823 2277 878 neratione
2321 825 2627 879 necessario
2670 824 2962 894 indiguerit
2990 843 3002 877 :
3039 826 3265 880 stultum
3300 838 3383 882 est
3417 831 3563 883 enim

1992 917 2262 985 planeque
2314 915 2560 985 ineptum
2608 931 2856 970 asserere
2907 931 3033 969 eum
3074 918 3168 985 qui
3221 927 3347 972 ante
3379 922 3561 973 omnia

1988 1008 2184 1061 saecula
2224 1006 2370 1061 Patri
2395 1015 2700 1061 coaeternus
2733 1006 2968 1069 exsistit,
3005 1007 3173 1060 altera
3209 1008 3410 1081 denuo,
3449 1026 3563 1083 quo

1984 1099 2247 1153 exsistere
2279 1107 2475 1168 queat,
2507 1098 2859 1167 generatione
2895 1097 3195 1168 indiguisse
3228 1115 3241 1150 :
3270 1100 3378 1169 sed
3417 1102 3561 1169 quod

1986 1202 2207 1260 propter
2251 1206 2370 1253 nos,
2414 1197 2470 1243 et
2506 1199 2731 1259 propter
2772 1196 3014 1245 nostram
3055 1190 3560 1249 salutem'humana

1988 1289 2182 1333 natura
2211 1279 2511 1334 secundum
2551 1278 2886 1348 hypostasiin
2910 1277 3014 1331 sibi
3039 1277 3212 1341 unita,
3239 1293 3304 1332 ex
3332 1280 3559 1333 muliere

1986 1380 2146 1425 natus
2191 1379 2307 1424 est:
2345 1370 2475 1424 hinc
2509 1378 2595 1424 est
2637 1368 2785 1438 quod
2826 1369 3127 1423 secundum
3152 1384 3370 1443 carnem
3397 1369 3560 1423 natus

1985 1460 2333 1530 praedicatur.
2392 1460 2512 1513 Non
2564 1458 2710 1513 enim
2768 1448 2946 1528 primo
2993 1458 3232 1527 vulgaris
3288 1458 3556 1527 quispiam

1986 1550 2151 1605 homo
2191 1567 2259 1605 ex
2298 1550 2519 1621 Virgine
2568 1558 2724 1605 ortus
2770 1560 2875 1613 est,
2914 1549 2968 1601 in
3009 1565 3170 1617 quem
3200 1550 3295 1604 Dei
3319 1550 3555 1604 Verbum

1986 1640 2185 1695 deinde
2220 1658 2339 1698 sese
2362 1642 2678 1706 demiserit;
2723 1642 2815 1696 sed
2843 1642 2898 1696 in
2925 1643 3044 1710 ipso
3070 1648 3228 1695 utero
3250 1641 3402 1695 carni
3430 1639 3552 1695 uni-

1970 1737 2087 1782 tum
2124 1726 2425 1781 secundum
2465 1741 2687 1781 carnem
2731 1728 3076 1797 progenitum
3117 1726 3551 1795 dicitur,ntpote

306 1808 632 1880 ἀναστῆναι,
656 1810 756 1880 ούχ
781 1808 857 1874 ὡς
883 1809 980 1862 τοῦ
1009 1808 1144 1863 Θεοῦ
1164 1810 1338 1878 Λόγου
1367 1810 1634 1876 παθόντος
1653 1816 1734 1877 είς
1760 1816 1891 1870 ἰδίαν

1977 1833 2083 1873 sua:
2124 1816 2308 1871 carnis
2350 1816 2763 1885 generationem
2804 1817 2909 1871 sibi
2954 1826 3013 1871 ut
3058 1817 3333 1885 propriam
3368 1818 3548 1871 vindi-

305 1899 494 1969 φύσιν,
520 1900 555 1971 ἢ
594 1900 830 1970 πληγὰς,
860 1900 893 1972 ἢ
920 1901 1228 1973 διατρήσεις
1259 1900 1425 1972 ἥλων,
1450 1904 1616 1974 ἤγουν
1644 1905 1712 1960 τὰ
1736 1906 1897 1979 ἕτερα

304 1989 421 2043 τῶν
454 1990 806 2062 τραυμάτωνο
838 1990 1051 2055 ἀπαθὲς
1084 1992 1194 2061 γὰρ
1224 1991 1286 2045 τὺ
1301 1992 1478 2059 Θεῖον,
1511 1995 1594 2048 ὅτι
1624 1996 1721 2050 καὶ
1750 1996 1897 2051 ἀσώ-

310 2098 503 2153 ματον·
539 2081 727 2153 ἐπειδὴ
768 2082 825 2135 δὲ
852 2081 913 2135 τὸ
944 2083 1167 2152 γεγονὸς
1197 2082 1363 2137 αὑτοῦ
1421 2083 1549 2138 ἴδιον
1598 2086 1758 2157 σῶμα
1803 2088 1899 2142 πέ-

307 2170 473 2225 πονθε
494 2171 688 2235 ταῦτα,
716 2172 880 2226 πάλιν
903 2173 1068 2237 αὐτὸς
1086 2173 1307 2243 λέγεται
1337 2174 1529 2230 παθεῖν
1549 2176 1691 2248 ὑπὲρ
1716 2178 1892 2248 ἡμῶν.

305 2259 421 2316 Ἦν
442 2263 551 2335 γὰρ
579 2264 608 2316 6
636 2263 853 2334 ἀπαθὴς
876 2267 935 2318 ὲν
960 2264 1039 2335 τῷ
1067 2265 1332 2336 πάσχοντι
1355 2264 1589 2338 σώματι.
1624 2269 1897 2324 Κατά”τδν

308 2352 427 2405 ἴσον
457 2352 514 2405 δὲ
543 2352 762 2423 τρόπον,
798 2354 893 2407 καὶ
933 2355 1025 2407 ἐπὶ
1056 2353 1152 2409 τοῦ
1190 2354 1445 2410 τεθνάναι
1477 2356 1724 2427 νοοῦμεν·
1762 2360 1898 2413 ἀθά-

305 2461 468 2507 νατος
500 2444 607 2516 γὰρ
651 2444 792 2498 κατὰ
825 2444 1006 2514 φύσιν,
1052 2446 1149 2499 καὶ
1181 2447 1482 2520 ἄφθαρτος,
1524 2450 1619 2502 καὶ
1652 2448 1765 2519 ζωὴ
1801 2453 1896 2504 καὶ

303 2534 571 2599 ζωοποιός
595 2537 742 2589 ἐστιν
771 2538 798 2589 6
818 2534 913 2588 τοῦ
941 2537 1076 2591 Θεοῦ
1107 2545 1146 2568 ¹¹¹
1170 2538 1361 2607 Λόγος.
1403 2538 1625 2612 Ἐπειδὴ
1653 2541 1708 2593 δὲ
1734 2541 1896 2594 πάλιν

300 2626 367 2678 τὸ
396 2625 525 2679 ῖδιον
558 2625 722 2679 αὐτοῦ
750 2626 910 2697 σῶμα
940 2628 1125 2698 χάριτι
1153 2628 1312 2693 Θεοῦ,
1344 2630 1489 2684 καθά
1517 2648 1681 2702 φησιν
1702 2633 1731 2685 6
1758 2632 1897 2686 Παῦ-

301 2717 418 2782 λος,
452 2717 595 2787 ὑπὲρ
629 2718 830 2782 παντὸς
859 2718 1124 2787 ἐγεύσατο
1156 2720 1424 2786 θανάτου,
1453 2721 1670 2791 λέγεται
1700 2725 1896 2779 παθεῖν

300 2810 469 2873 αὐτὸς
511 2810 600 2864 τὸν
633 2809 773 2879 ὑπὲρ
813 2810 975 2881 ἡμῶν
1023 2811 1275 2867 θάνατον·
1319 2815 1419 2884 οὐχ
1463 2815 1539 2879 ὡς
1573 2818 1653 2879 είς
1698 2819 1896 2888 πεῖραν

302 2897 475 2952 ἐλθὼν
506 2900 599 2954 τοῦ
638 2900 892 2968 θανάτου,
922 2903 985 2957 τό
1032 2921 1096 2973 γε
1129 2899 1265 2977 ἦχον
1295 2906 1374 2969 εἰς
1404 2906 1501 2977 τὴν
1530 2906 1699 2961 αὐτοῦ
1731 2910 1897 2979 φύσιν

303 2991 659 3061 (ἀποπληξία
690 2993 802 3065 γὰρ
839 2994 998 3049 τοῦτο
1025 2994 1206 3065 λέγειν
1234 2997 1268 3068 ἢ
1308 3000 1551 3069 φρονεῖν)
1573 3041 1589 3065 ,
1636 3001 1754 3056 ἀλλ’
1787 3002 1893 3071 ὅτι,

301 3080 558 3153 καθάπερ
600 3083 737 3155 ἔφην
776 3085 1013 3156 ἀρτίως,
1047 3089 1081 3158 ή
1129 3086 1267 3161 σὰρξ
1296 3090 1460 3143 αὑτοῦ
1498 3093 1762 3160 ἐγεύσατο
1799 3094 1895 3147 θα-

1969 1920 2119 1960 cans.
2156 1904 2237 1959 Ad
2267 1904 2521 1959 eumdem
2557 1906 2781 1959 modum
2817 1906 2952 1960 illud
2992 1921 3210 1975 passum
3242 1916 3299 1960 et
3321 1907 3552 1961 resusci-

1970 2004 2146 2050 tatum
2189 1994 2445 2059 dicimus,
2488 2010 2600 2049 non
2637 1996 2785 2065 quod
2830 1996 2929 2051 Dei
2957 1996 3197 2051 Verbum
3223 2008 3318 2051 aut
3342 1998 3548 2065 plagas,

1970 2095 2068 2143 aut
2104 2087 2385 2142 clavorum
2424 2087 2844 2155 perforationes,
2882 2096 2978 2141 aut
3002 2088 3107 2141 alia
3144 2086 3197 2140 id
3224 2103 3396 2157 genus
3429 2089 3550 2140 vul-

1970 2195 2103 2234 nera
2134 2179 2191 2233 in
2228 2179 2507 2249 propriam
2531 2186 2782 2232 naturam
2813 2179 3088 2248 acceperit
3117 2198 3129 2232 :
3169 2195 3291 2233 nam
3318 2188 3378 2232 ut
3406 2180 3549 2231 divi-

1969 2285 2103 2324 num
2126 2284 2331 2324 numen
2362 2268 2608 2338 corporis
2626 2284 2822 2337 expers
2843 2278 2947 2333 est,
2993 2268 3068 2322 ita
3098 2269 3309 2339 perpeti
3332 2285 3551 2339 quoque

1970 2359 2112 2414 nihil
2135 2366 2360 2436 potest‘;
2526 2357 2620 2411 sed
2651 2358 2778 2426 quia
2812 2371 3014 2427 corpus
3043 2356 3190 2427 quod
3213 2358 3316 2412 sibi
3337 2359 3548 2412 ascive-

1970 2460 2075 2514 rat,
2128 2450 2244 2504 hac
2280 2449 2385 2503 fuit
2424 2457 2733 2517 expertum,
2774 2463 2897 2502 eam
2929 2448 3000 2502 ob
3026 2463 3139 2503 rem
3162 2448 3340 2518 ipsum
3373 2449 3548 2502 nostri

1969 2555 2138 2595 causa
2192 2540 2284 2593 illa
2332 2554 2653 2609 perpessum
2702 2538 2989 2592 asseritur.
3041 2539 3343 2618 lmpatibile
3401 2540 3549 2594 enim

1968 2632 2213 2687 Verbum
2251 2631 2307 2684 in
2343 2645 2574 2700 corpore
2615 2629 2830 2699 patibili
2875 2630 3191 2685 exsistebat.
3230 2631 3377 2685 Idem
3401 2641 3454 2685 et
3481 2630 3549 2684 de

1970 2723 2219 2794 ejusdem
2278 2738 2500 2792 quoque
2563 2732 2740 2776 morte
2786 2723 3091 2787 sentimus,
3133 2723 3404 2793 siquidem
3452 2724 3549 2777 Dei

1970 2816 2233 2880 Verbum,
2271 2824 2465 2886 suapte
2494 2824 2689 2870 natura
2722 2815 3032 2870 immortale
3064 2824 3119 2870 et
3141 2832 3173 2870 a
3194 2818 3550 2886 corruptione

1970 2906 2231 2970 alienum,
2254 2912 2313 2960 et
2329 2904 2441 2961 vita
2463 2919 2683 2959 rursum
2702 2912 2758 2959 et
2780 2903 3064 2959 viviﬁcans
3081 2914 3185 2958 est.
3202 2904 3405 2959 Verum
3420 2904 3547 2973 quia

1970 3012 2135 3052 suum
2171 2995 2346 3066 ipsius
2379 3010 2579 3065 corpus
2616 2994 2857 3065 gratuito
2899 2995 2995 3048 Dei
3039 3008 3268 3048 munere
3290 3002 3547 3057 mortem,

1970 3095 2267 3146 attestante
2303 3087 2475 3143 Paulo
2519 3092 2567 3152 ⁸,
2597 3086 2843 3141 omnium
2865 3101 3028 3141 causa
3053 3086 3382 3156 degustavit,
3410 3084 3470 3139 ﬁt
3491 3095 3550 3139 ut

299 3173 488 3229 νάτευ.
506 3172 666 3228 Οὕτω
691 3176 784 3230 καὶ
808 3177 1189 3250 ὲγηγερμένης
1214 3181 1378 3234 αὐτοῦ
1408 3183 1507 3253 τῆς
1535 3186 1756 3255 σαρκὸς,
1788 3186 1891 3241 πά-

1977 3184 2153 3253 ipsum
2180 3188 2412 3235 mortem
2440 3187 2666 3250 propter
2686 3194 2788 3233 nos
2817 3194 3136 3249 perpessum
3159 3177 3375 3232 dicatur
3399 3194 3412 3229 :
3440 3193 3549 3229 non
3592 3242 3595 3243 ν

299 3267 386 3320 λιν
416 3268 450 3339 ἡ
489 3268 789 3334 ἀνάστασις
816 3272 981 3324 αὑτοῦ
1021 3272 1257 3342 λέγεται⁸
1292 3276 1391 3346 οὐχ
1425 3277 1501 3342 ὡς
1523 3279 1782 3344 πεσόντος
1812 3281 1894 3344 εις

301 3357 531 3428 φθοράνο
565 3358 639 3430 μὴ
668 3361 897 3427 γένοιτο·
927 3362 1044 3416 ἀλλ’
1072 3364 1154 3416 ὅτι
1182 3363 1244 3417 τὸ
1267 3365 1432 3419 αὐτοῦ
1467 3368 1629 3423 πάλιν
1651 3371 1892 3442 ἐγήγερ-

297 3466 392 3501 ται
434 3451 613 3519 σῶμα.
655 3450 813 3505 Οὕτω
861 3452 1097 3523 Χριστὸν
1130 3453 1226 3508 ἕνα
1265 3455 1359 3510 καὶ
1389 3456 1594 3529 Κύριον
1621 3461 1890 3532 ὁμολογή-

302 3556 489 3610 σομεν·
520 3541 617 3611 οὐχ
639 3541 713 3605 ὡς
730 3542 1015 3614 ἄνθρωπον
1041 3548 1585 3617 συμπροσκυνοῦντες
1604 3549 1685 3620 τῷ
1706 3551 1885 3621 Λόγῳ.

300 3627 391 3682 ἵνα
442 3629 517 3699 μὴ
562 3631 733 3701 τομῆς
779 3632 1047 3699 φαντασία
1107 3637 1604 3706 παρεισκρίνηται,
1652 3639 1740 3692 διὰ
1788 3640 1890 3694 τοῦ

299 3719 483 3789 λέγειν
506 3722 599 3785 τὸ,
631 3724 771 3777 σύν·
808 3723 925 3777 ἀλλ’
962 3724 1038 3788 ὼς
1081 3725 1175 3779 ἕνα
1205 3727 1301 3779 καὶ
1328 3728 1419 3780 τὸν
1451 3729 1613 3784 αὑτὸν
1648 3744 1897 3800 προσκυ-

299 3808 543 3873 νοῦντες,
573 3811 655 3867 ὄτι
688 3813 762 3883 μὴ
787 3813 1065 3887 ἀλλότριον
1092 3815 1188 3869 τοῦ
1212 3816 1389 3885 Λόγου
1415 3818 1476 3872 τὸ
1509 3820 1669 3891 σῶμα
1696 3823 1887 3890 αὐτοῦ,

304 3899 429 3970 μεθ’
458 3895 519 3956 οὖ
550 3903 644 3954 καὶ
676 3903 828 3974 αὑτῷ
857 3906 1165 3976 συνεδρεύει
1193 3907 1272 3978 τῷ
1314 3910 1508 3980 Πατρί·
1545 3912 1643 3983 οὐχ
1682 3913 1758 3976 ὡς
1795 3915 1889 3968 δύο

302 3992 469 4047 πάλιν
494 3996 922 4065 συνεδρευόντων
948 3998 1101 4061 υίῶν,
1133 3998 1248 4051 ἀλλ’
1285 3999 1360 4063 ὡς
1397 4002 1516 4066 ἑνὸς
1543 4003 1665 4057 καθ’
1693 4004 1888 4058 ἕνωσιν

303 4084 448 4155 μετὰ
483 4085 581 4155 τῆς
623 4086 762 4150 ίδίας
794 4090 1015 4159 σαρκός.
1060 4089 1188 4144 Ἐὰν
1216 4090 1272 4145 δὲ
1312 4091 1412 4163 τὴν
1440 4093 1561 4147 καθ’
1591 4095 1889 4149 ὑπόστασιν

1973 3272 2118 3343 quod
2152 3272 2353 3342 ipsum,
2386 3270 2535 3340 quod
2557 3268 2781 3340 quidem
2806 3268 2874 3323 ad
2898 3268 3176 3338 prepriam
3196 3275 3448 3320 naturam
3471 3273 3552 3318 at—

1974 3365 2129 3428 tinet,
2188 3370 2419 3416 mortem
2456 3360 2737 3431 exceperit
2765 3359 2998 3432 (insania
3031 3373 3265 3427 namque
3294 3372 3442 3411 mera
3468 3370 3553 3409 es-

1971 3462 2075 3519 set,
2128 3453 2278 3508 lstud
2321 3453 2405 3507 vel
2446 3452 2652 3516 dicere,
2698 3450 2786 3504 vel
2830 3448 3115 3519 cogitare),
3149 3447 3243 3502 sed
3273 3447 3400 3517 quia
3421 3459 3551 3499 caro

1973 3547 2121 3603 illius
2166 3554 2422 3608 mortem,
2476 3552 2539 3597 ut
2579 3542 2745 3596 modo
2782 3541 3018 3603 aiebam,
3066 3539 3391 3609 degustavit.
3429 3534 3549 3589 Pari

1973 3634 2159 3698 modo,
2190 3634 2320 3703 quia
2346 3646 2474 3686 caro
2493 3631 2641 3685 illius
2659 3629 2988 3693 resurrexit,
3015 3637 3071 3682 et
3092 3629 3195 3697 ipsi
3218 3627 3552 3681 resurrectio

1973 3725 2243 3781 tribuitur
2276 3742 2289 3777 :
2328 3739 2438 3778 non
2466 3723 2613 3792 quod
2651 3722 2831 3790 ipsum
2868 3718 3130 3775 ceciderit
3166 3719 3221 3771 in
3246 3716 3555 3785 corruptio-

1972 3833 2121 3881 nem,
2148 3816 2290 3870 absit
2317 3815 2331 3868 ι
2367 3813 2463 3869 sed
2489 3813 2617 3882 quia
2642 3827 2834 3866 rursus
2856 3826 3055 3881 corpus
3084 3809 3232 3863 illius
3251 3809 3554 3862 exsuscita-

1974 3918 2089 3964 tum
2103 3916 2205 3963 est.
2223 3908 2303 3961 Ita
2320 3920 2491 3960 unum
2514 3904 2795 3959 Christum
2812 3911 2868 3957 et
2882 3901 3171 3956 Dominum
3200 3900 3552 3963 confitemur;

1972 4018 2085 4057 non
2122 3999 2271 4071 quod
2309 3998 2591 4052 hominem
2625 4011 2735 4049 una
2769 4009 2894 4048 cum
2942 3992 3121 4047 Verbo
3146 3990 3460 4051 adoremus,
3488 4005 3556 4043 ne

1971 4092 2111 4149 illud
2150 4108 2270 4146 cum
2319 4089 2501 4155 Verbo,
2542 4090 2792 4154 aliquam
2808 4084 3094 4140 divisionis
3116 4080 3557 4151 imaginationem

304 4184 473 4240 menti
500 4185 748 4255 obiiciat;
783 4182 878 4238 sed
908 4193 1078 4235 unum
1126 4178 1493 4247 eumdemque
1521 4177 1815 4233 adoramus
1838 4217 1854 4237 .
1879 4175 2321 4245 quandoquidem
2353 4190 2552 4245 corpus
2580 4188 2739 4227 suum
2771 4188 2879 4227 non
2908 4179 2993 4227 est
3025 4169 3261 4225 alienum
3290 4186 3320 4225 a
3349 4170 3549 4243 Verbo,

304 4294 431 4333 cum
466 4295 576 4349 quo
612 4279 757 4333 Patri
794 4276 1029 4333 assidet:
1059 4288 1170 4329 non
1199 4273 1343 4346 quod
1372 4273 1480 4329 duo
1514 4272 1610 4328 lilii
1640 4272 1788 4327 Patri
1820 4270 2132 4329 assideant:
2165 4270 2371 4327 assidet
2390 4270 2538 4324 enim
2579 4283 2721 4323 unus
2752 4274 2985 4330 tantum,
3010 4280 3107 4335 per
3139 4265 3392 4318 unionem
3428 4282 3553 4320 eum

305 4374 530 4442 propria
563 4387 757 4426 carne.

344 4463 463 4517 Τοῦ
501 4462 689 4517 αὑτοῦ
717 4464 786 4517 ἐκ
817 4460 926 4530 τῆς
954 4462 1105 4529 πρὸς
1151 4460 1448 4527 Εὑλότιον
1484 4456 1839 4526 ἐπιστολῆς.
1912 4477 1969 4534 D,

391 4553 882 4623 Ἐπιλαμὸἀνονταί
904 4570 1048 4613 τινες
1079 4551 1175 4620 τῆς
1236 4548 1491 4613 Αθὲσεως,
1523 4548 1589 4620 ἢν
1619 4548 1881 4617 πεποίηνο

298 4662 391 4698 ται
416 4646 468 4697 οἱ
507 4645 836 4708 ἀνατολικοὶ,
864 4640 955 4695 καί
985 4656 1141 4710 φασι,
1171 4637 1346 4698 Διατί,
1374 4638 1565 4708 φύσεις
1593 4636 1877 4706 ὀνομαζόν-

297 4750 410 4784 των
441 4732 643 4794 αὐτῶν,
675 4733 932 4800 ἀνέσχετο
989 4729 1079 4783 καὶ
1117 4726 1376 4797 ἐπῄνεσεν
1421 4728 1449 4779 6
1479 4726 1579 4795 τῆς
1625 4726 1875 4791 Ἀλεξαν-

297 4823 522 4894 δρείας,
579 4824 630 4875 οἱ
680 4823 737 4876 δὲ
790 4825 855 4876 τὰ
919 4820 1213 4889 Νεστορίου
1271 4816 1594 4887 φρονοῦντες
1657 4817 1877 4885 λέγουσι

298 4916 556 4967 κάκεῖνον
612 4912 754 4967 οὕτω
810 4913 1050 4983 φρονεῖν.
1103 4907 1542 4979 συναρπάζοντες
1599 4909 1725 4971 τοὺς
1774 4908 1877 4960 οὐκ

300 5004 514 5065 εἰδότας
548 5002 610 5055 τὸ
637 5002 900 5071 ἀκριϐέςς
933 5000 1051 5069 Χρὴ
1084 4999 1140 5050 δὲ
1168 4999 1279 5060 τοῖς
1300 4997 1667 5068 μεμφομένοις
1695 4998 1879 5050 ἐκεῖνα

301 5092 507 5159 λέγειν,
536 5091 619 5143 ὅτι
654 5092 711 5144 οὐ
743 5091 920 5144 πάντα
950 5092 1050 5143 ὅσα
1078 5088 1172 5153 λέγ
1248 5104 1327 5140 σιν
1352 5088 1402 5139 ol
1431 5087 1722 5157 αἱρετικοὶ,
1752 5087 1880 5156 φεύ-

304 5199 424 5248 γειν
450 5183 544 5235 καὶ
569 5180 951 5253 παραιτεῖσθαι
1002 5180 1130 5251 χρή.
1164 5178 1341 5232 ..υλλά
1366 5179 1471 5249 γὰρ
1501 5178 1875 5249 ὁμολογοῦσιν,

300 5266 378 5327 ὧν
410 5274 507 5326 καὶ
535 5274 694 5341 ἡμεῖς
723 5272 1095 5343 ὁμολογοῦμεν
1115 5286 1129 5302 ⁸
1166 5265 1277 5323 οἷον
1334 5271 1387 5320 Ἀ
1399 5272 1600 5339 ρειανοὶ
1629 5271 1755 5325 ὅταν
1788 5270 1878 5323 λέ-

300 5377 441 5430 γωσι
470 5362 563 5414 τὸν
593 5362 828 5432 Πατέρα,
858 5361 939 5414 ὅτι
969 5359 1297 5431 δημιουργός
1326 5361 1442 5412 ἐστι
1472 5359 1578 5414 τῶν
1601 5360 1736 5415 ὅλων
1787 5361 1880 5413 καὶ

299 5456 528 5524 Κύριος,
565 5454 640 5525 μὴ
690 5455 780 5507 διὰ
812 5453 970 5509 τοῦτο
1002 5453 1225 5524 φεύγειν
1259 5454 1405 5522 ἡμᾶς
1451 5453 1742 5507 ἀκόλουθον
1779 5454 1879 5515 τὰς

306 5545 578 5608 τοσαύτας
612 5544 919 5615 ὁμολογίας.
967 5544 1124 5601 Οὕτω
1165 5544 1261 5599 καὶ
1298 5544 1392 5597 ἐπὶ
1424 5543 1741 5613 Νεστορίου,
1778 5543 1880 5598 κᾶν

370 5724 387 5756 ’
426 5724 595 5781 Hebr.
632 5740 693 5790 ll,
727 5723 784 5784 9.

2222 4454 2470 4524 Ejusdem
2500 4469 2565 4507 ex
2606 4452 2832 4522 epistola
2861 4452 2931 4507 ad
2965 4449 3267 4520 Eulogium.

2046 4548 2395 4605 Orientalium
2449 4545 2840 4615 expositionem
2890 4545 3288 4614 reprehendunt
3329 4544 3549 4613 quidam

1974 4647 2029 4693 et
2055 4640 2238 4693 dicunt
2265 4655 2279 4691 :
2309 4636 2419 4691 Cur
2455 4650 2575 4689 Clllll
2613 4646 2835 4689 naturas
2867 4635 3218 4700 nominarint,
3267 4634 3552 4703 episcopus

1974 4725 2309 4780 Alexandria:
2337 4724 2555 4793 pertult
2592 4734 2663 4791 ,οι
2687 4723 2942 4786 laudavit,
2982 4738 3104 4778 cum
3138 4723 3233 4789 illi,
3292 4722 3385 4791 qui
3434 4720 3554 4775 Ne-

1979 4816 2155 4872 storio
2184 4815 2387 4881 favent,
2425 4833 2549 4872 eum
2586 4816 2773 4871 dicant
2804 4818 2945 4873 idem
2985 4818 3210 4883 sentire,
3266 4830 3427 4884 atque
3480 4818 3550 4867 ita

1978 4907 2274 4976 corripiant
2298 4922 2413 4973 eos,
2446 4907 2534 4977 qui
2570 4922 2683 4961 rem
2706 4907 2849 4962 haud
2875 4910 2944 4960 ita
2984 4907 3143 4976 plane
3171 4902 3405 4958 norunt?
3433 4901 3553 4956 lstis

1978 4999 2456 5063 reprehensorihus
2517 4996 2950 5065 respondendum
3008 5005 3113 5062 est,
3180 5009 3285 5048 non
3341 4993 3551 5056 omnia,

1977 5100 2099 5157 qua
2138 5087 2323 5141 dicunt
2352 5086 2613 5152 haeretici,
2648 5087 2832 5156 fugere
2854 5096 2910 5143 et
2948 5099 3207 5141 accusare
3262 5092 3507 5153 oportere
3531 5095 3551 5136 ε

1977 5176 2147 5230 multa
2170 5178 2314 5232 enim
2338 5177 2682 5243 conﬁtentur,
2713 5194 2834 5249 qua:
2865 5193 2962 5232 nos
3021 5178 3152 5231 item
3210 5174 3551 5228 confitemur.

1982 5268 2052 5325 Ut
2081 5284 2202 5324 cum
2237 5270 2436 5331 Ariani.
2453 5270 2664 5324 Patrem
2731 5285 2910 5324 rerum
2934 5271 3172 5323 omnium
3203 5278 3477 5320 auctorem
3501 5275 3555 5316 et

1978 5361 2263 5417 Dominum
2312 5361 2514 5424 dicunt,
2548 5376 2653 5415 non
2682 5362 2941 5415 debemus
2971 5374 3073 5414 nos
3107 5346 3159 5413 id
3188 5370 3408 5426 negare,
3463 5352 3554 5408 Sic

1976 5454 2138 5508 etiam
2180 5452 2244 5506 de
2271 5448 2518 5513 Nestqrio
2565 5451 2909 5505 sentiendum
2974 5458 3077 5512 est,
3122 5446 3365 5516 quamvis
3419 5446 3554 5497 duas

1979 5545 2121 5599 dicat
2144 5550 2388 5611 naturas,
2410 5540 2768 5597 diil‘creutiam
2799 5540 3095 5597 ostendens
3126 5538 3305 5595 carnis
3323 5547 3377 5594 et
3400 5533 3555 5590 ναίω
