4042 6208
500 316 605 379 987

1746 328 2129 393 EUTHYMII
2171 335 2533 397 ZIGABENI

3668 338 3777 401 933

501 427 595 480 Dci
624 444 639 494 ;
670 428 773 481 alia
802 429 945 483 enim
1001 439 1082 484 est
1143 431 1298 487 Verbi
1345 442 1558 501 natura,
1599 445 1655 491 et
1704 437 1808 493 alia
1860 441 2079 497 carnis:

2194 447 2281 501 δύο
2312 446 2499 518 φύσεις
2530 449 2662 519 λέγῃ
2691 450 2792 519 τὴν
2813 449 3078 519 διαφορὰν
3105 450 3389 520 σημαίνων
3417 450 3517 522 τῆς
3539 456 3777 523 σαρκὺς,

499 532 688 572 verum
726 520 1003 574 uobiscum
1044 537 1145 575 non
1203 525 1494 579 conﬁtetur
1547 528 1711 582 etiam
1743 531 1998 585 unionem
2031 541 2089 587 et

500 606 961 674 coniunctionem.
1039 609 1145 663 Nos
1192 612 1337 667 enim
1395 616 1512 670 haec
1562 619 1876 688 copulantes
1919 638 2087 677 unum

501 695 803 763 Christum,
843 713 1006 751 unum
1040 699 1324 757 Dominum
1368 708 1620 763 eumdem
1668 711 2009 781 confitemur,
2033 724 2090 769 et

505 802 662 838 uuam
694 787 848 840 Verbi
895 788 989 842 Dei
1026 800 1272 845 naturam
1319 810 1539 853 carnem
1581 803 1964 871 assumpsisse.
2021 804 2090 860 Et

503 893 622 942 paltt
645 880 690 932 is
765 882 941 936 verbis
1010 885 1349 953 interjectis:
1419 889 1746 947 Naturarum
1800 897 2087 953 discrimen

504 984 815 1035 aguo~cere,
849 987 955 1024 non
986 984 1068 1027 est
1108 990 1271 1031 unum
1313 978 1590 1037 Christum
1633 986 1683 1039 in
1725 986 1832 1041 duo
1878 1003 2088 1044 secare.

786 1150 1036 1235 Ejusdem
1067 1172 1133 1211 ex
1154 1226 1155 1229 η
1178 1158 1401 1225 epistola
1430 1170 1497 1216 ad
1533 1168 1808 1222 Acacium.

575 1237 855 1296 Nestorius
882 1260 1009 1313 ergo
1051 1248 1187 1301 tollit
1245 1253 1462 1307 omnino
1506 1257 1766 1327 unigeniti
1812 1258 1929 1314 Filii
1988 1261 2085 1315 Dei

506 1342 686 1385 Ortum
718 1334 769 1387 in
798 1350 981 1391 carne.
1017 1337 1352 1407 Negateuim
1411 1347 1584 1413 ipsum
1625 1365 1747 1406 esse
1793 1363 1972 1407 natum
2018 1369 2083 1407 ex

506 1425 735 1479 muliere
767 1432 1059 1484 secundum
1095 1431 1427 1502 S«.:ripturas.
1467 1440 1559 1493 Sic
1591 1444 1734 1495 enim
1769 1445 1845 1498 ait
1878 1464 1890 1499 :
1921 1446 2085 1500 Deum

505 1532 568 1568 ex
621 1516 820 1572 Christi
866 1524 1127 1590 geuitrice
1181 1528 1393 1597 Virgine
1439 1534 1766 1599 processisse
1786 1551 1851 1589 ex
1906 1538 2085 1592 divina

509 1604 785 1676 Scriptura
810 1612 994 1673 didici,
1052 1628 1234 1669 natum
1272 1629 1448 1673 autem
1489 1638 1554 1676 ex
1610 1627 1722 1691 ipsa
1759 1626 1925 1679 Deum
1959 1644 2089 1682 nus-

506 1712 668 1763 quam
698 1698 882 1754 didici.
920 1700 985 1753 Et
1020 1702 1070 1755 iu
1115 1705 1280 1761 altera
1316 1724 1527 1764 rursum
1553 1717 1891 1781 expositione
1918 1736 1933 1772 :
1960 1716 2089 1770 Nul-

507 1788 558 1838 lo
586 1789 745 1853 igitur
782 1792 937 1845 modo
966 1792 1241 1863 Scriptura
1278 1800 1442 1854 Deum
1473 1819 1538 1857 ex
1588 1804 1789 1859 Christi
1824 1809 2087 1877 genitrice

506 1878 727 1948 Virgine
763 1892 947 1935 natum
975 1885 1124 1952 dicit,
1166 1892 1256 1942 sed
1291 1889 1474 1945 Jesum
1526 1895 1822 1964 Christum,
1867 1899 2084 1964 Filium.

508 1980 560 2020 et
596 1969 904 2025 Dominum.
971 1974 1122 2039 Quod
1180 1989 1356 2034 autem
1423 1984 1537 2038 haec
1592 1987 1801 2052 dicens,
1845 1989 1899 2042 in
1952 1992 2089 2047 duos

508 2062 538 2111 li
568 2060 648 2115 ius
681 2078 843 2115 uuunt
896 2067 1117 2130 dividat,
1146 2078 1201 2124 et
1228 2072 1459 2128 alterum
1538 2093 1632 2143 per
1683 2093 1740 2132 se
1790 2078 2007 2146 Filium,
2034 2091 2089 2139 et

506 2151 801 2217 Christum,
829 2166 882 2209 et
926 2155 1233 2229 Dominum,
1267 2178 1458 2231 nempe
1518 2180 1583 2220 ex
1613 2167 1725 2222 Deo
1747 2169 1908 2224 Patre
1936 2172 2089 2238 geni-

508 2247 619 2293 tum
674 2240 941 2308 Veibum,
1001 2248 1232 2304 alterum
1286 2268 1477 2311 rursus
1533 2261 1748 2326 proprie
1788 2261 2086 2329 sigillatim,

506 2342 561 2384 ct
583 2348 674 2401 per
702 2351 760 2390 sc
798 2336 1015 2402 F.lium,
1046 2350 1100 2394 et
1121 2340 1421 2413 Christum,
1471 2359 1527 2402 et
1556 2350 1839 2407 Dominum
1881 2355 2089 2408 consti-

511 2429 645 2486 tuat,
677 2424 795 2493 quis
824 2426 1054 2495 dubitet,
1081 2443 1201 2485 cum
1234 2434 1347 2501 ipse
1376 2436 1427 2488 id
1460 2436 1600 2492 clara
1654 2455 1782 2495 voce
1814 2440 2089 2498 fateatur?

507 2516 577 2567 At
634 2516 826 2572 fratres
891 2520 1216 2579 Antiocheni
1274 2526 1367 2581 Dei
1423 2529 1741 2597 genitricem
1814 2536 2087 2604 appellant

513 2617 755 2661 sanctam
786 2609 1081 2680 Virginem,
1114 2625 1169 2669 et
1201 2632 1367 2672 unum
1403 2633 1523 2676 esse
1558 2622 1746 2677 dicunt
1789 2624 2005 2690 Filium,
2034 2637 2087 2681 et

508 2696 803 2765 Christum,
834 2713 889 2756 et
917 2702 1228 2774 Dominum,
1267 2709 1564 2778 perfectura
1603 2714 1654 2766 in
1701 2714 1998 2783 divinitate,
2034 2730 2089 2774 et

512 2786 565 2840 in
620 2792 954 2849 humanitate
1002 2798 1301 2866 perfectum
1369 2805 1655 2871 eumdem,
1713 2808 1913 2877 quippe
1962 2824 2085 2865 cum

514 2878 661 2936 illius
697 2897 826 2939 caro
860 2889 937 2940 sit
963 2889 1204 2946 animata
1274 2894 1456 2949 anima
1486 2898 1697 2953 ratione
1728 2902 1979 2969 prmdita.

1041 3065 1128 3120 Ea:
1154 3070 1333 3123 eadem
1361 3071 1627 3140 Epicteto.

583 3148 865 3208 Nestorius
894 3155 1110 3212 simulat
1138 3173 1197 3214 se
1249 3162 1492 3219 confiteri
1525 3166 1621 3221 Det
1651 3166 1885 3224 Verbum
1918 3172 2092 3227 homi-

514 3258 657 3309 nem,
686 3260 780 3300 seu
832 3262 1052 3304 carnem
1105 3256 1489 3324 assumpsisse,
1539 3259 1635 3314 sed
1704 3263 2092 3332 assumptiouis

512 3333 766 3401 ignorans
791 3339 918 3405 vim,
945 3341 1077 3397 duas
1096 3345 1312 3413 quidem
1363 3356 1587 3404 naturas
1656 3353 1916 3418 nominat,
1974 3370 2091 3411 eas-

511 3443 618 3495 que
658 3430 895 3485 vicissim
931 3443 1170 3502 separat,
1200 3436 1364 3493 Deum
1404 3442 1696 3509 separatim
1730 3455 2001 3512 statuens,
2033 3456 2090 3503 et

512 3519 784 3576 hominem
813 3522 990 3578 itidem
1025 3531 1334 3595 separatim,
1367 3534 1455 3598 qui
1497 3534 1685 3588 habitu
1734 3545 1788 3590 et
1833 3538 1945 3592 sola
1995 3540 2087 3593 ho-

511 3614 661 3669 noris
719 3617 1043 3683 a-qualitate,
1114 3636 1209 3676 seu
1270 3626 1592 3681 auctoritate
1641 3629 1969 3699 conjunctus
2021 3636 2091 3688 sit

511 3703 639 3761 Deo.
677 3706 768 3763 Sic
808 3710 951 3764 enim
986 3713 1059 3763 ait
1094 3730 1107 3766 :
1139 3714 1220 3767 Al)
1247 3729 1311 3767 eo
1349 3717 1488 3783 quod
1529 3720 1793 3786 cernitur,
1850 3738 1955 3777 non
2009 3734 2092 3779 est

511 3809 790 3869 separatus
817 3802 975 3857 Deus.
1003 3804 1191 3874 Itaque
1222 3822 1345 3861 cum
1390 3821 1671 3879 separatus
1706 3828 1815 3868 non
1843 3816 1935 3881 sit,
1990 3831 2091 3872 nec

514 3892 772 3945 honorem
808 3909 1023 3963 separo.
1074 3896 1303 3954 Natus-as
1335 3916 1553 3971 separo,
1602 3906 1695 3959 sed
1719 3906 2088 3963 adoratiouem

511 3981 795 4051 conjuugo.
827 3985 893 4037 At
925 3985 1119 4040 fratres
1148 3991 1463 4047 Antioeheui
1494 4009 1578 4059 ea,
1604 4009 1670 4049 ex
1704 3997 1897 4065 quibus
1930 4001 2090 4055 intel-

510 4069 694 4141 ligitur
728 4073 997 4143 Christus,
1050 4077 1103 4132 in
1142 4081 1310 4134 nudis‘
1328 4092 1383 4136 et
1414 4083 1540 4139 solis
1577 4088 1884 4143 notionibus
1916 4094 2090 4146 susci-

510 4166 742 4234 pientes,
775 4177 1085 4224 naturarum
1113 4172 1324 4239 quidem
1365 4173 1723 4232 differentiam
1757 4191 2087 4252 statuerunt,

509 4258 654 4323 quod
687 4258 825 4311 idem
874 4260 924 4313 in
978 4262 1236 4329 qualitate
1277 4268 1509 4322 naturali
1557 4285 1664 4325 non
1712 4273 1782 4325 sit
1837 4274 2091 4331 divinitas

512 4356 675 4414 atque
710 4348 1034 4415 humanitas,
1058 4369 1223 4408 unum
1255 4366 1432 4411 tamen
1467 4358 1683 4425 Filium.
1711 4372 1764 4417 et
1788 4362 2086 4433 Christum,

2114 3099 2156 3155 C

2190 539 2284 592 καὶ
2313 540 2408 592 τοῦ
2444 541 2577 593 Θεοῦ
2609 541 2783 609 Λόγου
2808 558 2822 571 ο
2857 542 3019 611 ἑτέρα
3043 542 3151 610 γὰρ
3184 544 3216 609 ἡ
3251 542 3346 595 τοῦ
3376 543 3550 611 Λόγου
3575 545 3777 612 φύσις,

2189 633 2284 686 καὶ
2315 633 2475 703 ἑτέρα
2528 634 2691 703 ὴτῆς
2743 635 2982 704 σαρκός·
3036 634 3152 687 ἀλλ’
3203 635 3386 688 οὐκέτι
3433 635 3532 701 τὴν
3571 635 3783 689 ἕνωσιν

2189 724 2439 791 ὁμολογεῖ
2473 725 2592 794 μεθ’
2619 726 2801 795 ἡμῶν.
2845 722 3037 795 Ἡμεῖς
3069 727 3181 795 γὰρ
3230 725 3534 788 ἑνώσαντες
3567 726 3780 793 ταῦτα,

2191 814 2287 866 ἕνα
2327 813 2580 884 Χριστὸν,
2624 813 2721 866 ἕνα
2766 812 2970 883 Κύριον
3008 817 3102 867 τὸν
3153 814 3318 868 αὑτὸν
3366 813 3779 884 ὁμολογοῦμεν,

2190 906 2285 959 καὶ
2316 905 2445 973 μίαν
2474 905 2635 973 φύσιν
2662 904 2757 957 τοῦ
2786 904 2922 960 Θεοῦ
2953 905 3128 973 Λόγου
3173 900 3632 975 σεῶρκωμένην.
3667 904 3780 956 Καὶ

2191 996 2310 1067 μετ’
2331 997 2487 1065 ἑλίγα
2511 1013 2525 1027 ·
2561 998 2636 1052 Οὐ
2664 998 2726 1050 τὸ
2753 998 2955 1051 εἰδέναι
2980 998 3093 1050 τῶν
3130 997 3347 1067 φύσεων
3376 997 3477 1067 τὴν
3503 996 3780 1067 διαφορὰν

2186 1087 2493 1156 διατέμνειν
2519 1088 2665 1140 ἐστὶν
2693 1088 2772 1149 είς
2807 1087 2898 1141 δύο
2924 1087 3015 1141 τὸν
3040 1087 3135 1140 ἕνα
3162 1088 3415 1157 Χριστόν.

2250 1179 2361 1232 Τοῦ
2384 1179 2569 1233 αὑτοῦ
2598 1179 2666 1232 ἐκ
2702 1177 2815 1247 τῆς
2848 1179 2999 1246 πρὸς
3041 1179 3319 1232 ’Δκὰκιον
3348 1177 3714 1247 ἐπιστολῆς.

2258 1270 2466 1323 Οὐκοῦν
2499 1268 2791 1338 Νεστόριος
2841 1268 2941 1336 μὲν
2971 1270 3186 1338 ἀναιρεῖ
3220 1269 3300 1330 είς
3350 1268 3498 1322 ἅπαν
3542 1268 3642 1321 τοῦ
3682 1287 3776 1339 μο-

2190 1358 2438 1426 νογενοῦς
2484 1359 2615 1412 Υίοῦ
2642 1358 2737 1411 τοῦ
2786 1358 2923 1411 Θεοῦ
2952 1358 3051 1427 τὴν
3094 1360 3237 1411 κατὰ
3269 1358 3450 1427 σάρκα
3489 1358 3776 1427 γέννησιν.

2191 1452 2266 1503 Οὐ
2302 1452 2409 1519 γὰρ
2434 1448 2684 1518 τετέχθαι
2714 1448 2879 1517 φησιν
2909 1448 3072 1501 αὑτὸν
3103 1449 3168 1500 ὲκ
3214 1449 3471 1515 γυναικὸς
3503 1450 3652 1501 κατὰ
3681 1448 3778 1511 τὰς

2190 1542 2229 1593 Γ
2237 1543 2433 1609 ραφάς.
2476 1541 2622 1610 Ἔφη
2656 1541 2763 1609 γὰρ
2786 1539 2934 1592 οὕτω
2957 1556 2972 1571 ο
3002 1539 3076 1592 Τὸ
3109 1539 3404 1609 παρελθεῖν
3436 1540 3525 1592 τὸν
3554 1542 3697 1594 Θεὸν
3720 1542 3777 1607 ἐξ

2190 1630 2357 1701 αὐτῆς
2394 1630 2492 1697 τῆς
2535 1629 2896 1698 Χριστοτόκου
2931 1626 3207 1700 Παρθένου
3262 1630 3415 1698 παρὰ
3454 1629 3561 1698 τῆς
3620 1629 3777 1693 θείας

2190 1720 2473 1787 ἐδιδάχθην
2508 1719 2731 1787 Γραφῆς
2754 1735 2770 1751 ο
2800 1719 2860 1770 τλ
2902 1717 2959 1771 δὲ
2993 1718 3321 1788 γεννηθῆναι
3348 1719 3477 1771 Θεὸν
3512 1720 3577 1784 ἐξ
3607 1720 3778 1787 αὐτῆς

2190 1805 2430 1873 οὐδαμοῦ
2485 1804 2785 1875 ἐδιδάχθην.
2843 1806 2931 1860 Ἐν
2972 1806 3133 1876 ἑτέρᾳ
3176 1805 3232 1859 δὲ
3264 1806 3426 1859 πάλιν
3464 1807 3773 1877 ἐξηγήσει·

2192 1893 2445 1961 Οὐδαμοῦ
2490 1894 2669 1946 τοίνυν
2709 1897 2741 1964 ἡ
2773 1895 2961 1965 Γραφῇ
2996 1897 3129 1949 Θεὸν
3162 1898 3227 1950 ἐκ
3261 1896 3363 1967 τῆς
3398 1898 3774 1969 Χριστοτύκου

2192 1986 2467 2055 Παρθένου
2500 1986 2649 2053 λέγει
2672 1988 3058 2056 γεγεννῆσθαι,
3084 1988 3221 2043 ἀλλὰ
3267 1989 3479 2058 Ἰησοῦν
3506 1988 3772 2061 Χρισσὼν.

2192 2081 2342 2145 Υίὸν,
2394 2084 2616 2151 Κύριον.
2648 2083 2773 2134 Ὅτι
2822 2084 2879 2137 δὲ
2924 2084 3097 2138 ταῦτα
3146 2086 3320 2153 λέγων
3364 2087 3449 2150 είς
3477 2085 3578 2140 δύο
3629 2086 3775 2149 υἱοὺς

2195 2170 2405 2239 μερίζει
2436 2172 2526 2223 τον
2576 2172 2694 2235 ἕνα,
2734 2173 2830 2225 καὶ
2879 2174 3067 2244 ἓτερον
3115 2174 3299 2240 ίδικῶς
3334 2193 3501 2245 φησιν
3567 2176 3774 2247 Ἰησοῦν

2191 2263 2424 2331 Χριστὸν
2462 2264 2555 2317 καὶ
2588 2264 2794 2334 Κύριον
2823 2265 2917 2318 τὸν
2940 2268 3005 2319 ἐκ
3030 2267 3167 2321 Θεοῦ
3199 2268 3413 2339 ιῐατρὸς
3438 2269 3773 2340 γεννηθέντα

2190 2354 2384 2421 Λόγον.
2417 2355 2603 2423 ἕτερον
2642 2356 2697 2409 δὲ
2744 2357 2906 2410 πάλιν
2938 2359 3042 2411 ἀνὰ
3105 2359 3269 2430 μέρος
3304 2360 3400 2413 καὶ
3433 2359 3628 2425 ῖδικῶς
3651 2360 3777 2415 Υίδν

2192 2449 2284 2498 καὶ
2314 2448 2547 2513 Χριστὸν
2586 2448 2681 2502 καὶ
2711 2448 2914 2519 Κύριον
2958 2450 3051 2503 τὸν
3079 2451 3145 2505 ὲκ
3178 2455 3278 2523 τῆς
3319 2452 3630 2523 Παρθένου,
3660 2452 3775 2515 πῶς

2190 2536 2256 2589 ἂν
2293 2539 2585 2590 ὲνδοιὰσειέ
2616 2556 2731 2601 τις,
2773 2540 2904 2592 αὐτὸ
2948 2539 3012 2610 δὴ
3065 2540 3223 2594 τοῦτο
3261 2540 3449 2609 σαφῶς
3488 2542 3777 2610 μονονουχὶ

2193 2628 2422 2697 βοῶντος
2453 2630 2660 2682 ἐκείνου
2687 2646 2702 2692 ;
2734 2628 2802 2684 Oi
2845 2630 2902 2684 δὲ
2945 2631 3088 2684 κατὰ
3113 2632 3214 2699 τὴν
3247 2631 3589 2702 Ἀντιόχειαν
3625 2632 3775 2687 ἁδελ-

2191 2721 2279 2789 φοὶ
2312 2719 2570 2772 Θεοτόκον
2617 2721 2948 2790 ὀνομάζουσι
2992 2722 3093 2794 τὴν
3134 2722 3297 2791 ἁγίαν
3340 2722 3651 2796 Παρθένον,
3684 2723 3776 2777 καὶ

2189 2808 2283 2860 ἕνα
2321 2811 2483 2877 φασὶν
2513 2807 2651 2863 εἶναι
2678 2812 2803 2863 Υἱὺν
2838 2812 2933 2866 καὶ
2959 2814 3164 2884 Κύριον
3206 2813 3413 2867 τέλειον
3441 2814 3502 2867 ὲν
3528 2812 3771 2885 θεότητι,

2189 2904 2283 2954 καὶ
2315 2902 2519 2954 τέλειον
2570 2906 2626 2955 ὲν
2658 2903 3036 2974 ἀνθρωπότητι
3084 2905 3176 2960 τὸν
3209 2906 3395 2971 αὐτὸν,
3438 2906 3537 2960 aut
3576 2906 3647 2977 δὴ
3683 2906 3775 2960 καὶ

2189 2991 2605 3063 ἐνεψυχωμένης
2634 2995 2731 3064 τῆς
2762 2996 2964 3063 σαρκὸς
2990 2996 3156 3049 αὐτοῦ
3195 2997 3344 3068 ψυχῇ
3373 2998 3560 3069 νοερᾷ.

2555 3086 2655 3139 Ἐκ
2681 3085 2791 3155 τῆς
2838 3086 3030 3155 αὐτῆς
3059 3087 3415 3159 ἐπιστολῆς.

2282 3173 2662 3244 ’Υποκρὶνεται
2689 3177 2789 3246 μὲν
2829 3180 2858 3231 ὁ
2887 3178 3183 3248 Νεστόριος
3212 3180 3527 3250 ὀμολογεῐνί
3570 3180 3657 3235 ὃτι
3680 3182 3771 3234 καὶ

2200 3264 2516 3335 έσαρκὼθη,
2555 3268 2648 3319 καὶ
2686 3268 3105 3338 ἐνηνθρὼπησεν
3154 3272 3183 3324 ὁ
3229 3272 3324 3324 τοῦ
3380 3270 3518 3326 Θεοῦ
3567 3272 3769 3342 Λόγος*

2198 3359 2296 3428 τὴν
2322 3360 2377 3412 δὲ
2414 3359 2507 3410 τοῦ
2534 3360 2914 3428 σεσαρκῶσθαι
2947 3361 3178 3430 δύναμιν
3215 3362 3314 3416 οὐκ
3346 3362 3524 3429 εἰδὼς,
3548 3363 3648 3418 δύο
3677 3363 3769 3433 μὲν

2197 3448 2454 3515 ὀνομάζει
2505 3449 2719 3515 φύσεις,
2773 3450 3119 3521 ἀποδιίστησι
3171 3452 3231 3505 δὲ
3284 3452 3535 3524 ἀλλήλων
3581 3452 3764 3521 αὑτᾶς,

2199 3539 2333 3592 Θεὸν
2382 3540 2486 3610 {Eia
2515 3540 2705 3605 τιθεὶς,
2758 3542 2851 3593 καὶ
2895 3543 3093 3611 ὁμοίως
3143 3544 3430 3615 ἄνθρωπον
3466 3546 3572 3599 ἀνὰ
3612 3547 3767 3617 μέρος

2200 3631 2537 3700 συναφθέντα
2561 3632 2681 3701 Θεῷ
2722 3634 3073 3703 μετεσχηκὼς
3104 3636 3249 3689 κατὰ
3284 3638 3452 3707 μόνην
3488 3636 3587 3709 τὴν
3614 3640 3765 3691 ίσοτιρ

2201 3724 2349 3792 μίαν,
2396 3723 2563 3792 ἡγουν
2606 3723 2915 3779 αὐθεντίαν.
2957 3727 3101 3795 Ἔφη
3140 3727 3250 3799 γὰρ
3290 3728 3462 3791 οὕτως
3487 3744 3503 3760 ·
3540 3727 3765 3800 Ἀχῶριο

2199 3830 2321 3866 στον
2353 3813 2446 3866 τοῦ
2475 3815 2803 3883 φαινομένου
2836 3816 2969 3879 Θεὸς
2991 3833 3004 3845 ·
3049 3818 3137 3871 διὰ
3167 3818 3326 3872 τοῦτο
3354 3820 3449 3872 τοῦ
3484 3819 3561 3891 μὴ
3609 3834 3763 3891 χωρι-

2198 3906 2421 3973 ζομένου
2452 3905 2551 3974 τὴν
2591 3906 2756 3977 τιμὴν
2783 3907 2843 3960 ού
2891 3910 3125 3979 χωρίζω.
3161 3912 3395 3982 Χωρίζω
3428 3912 3529 3976 τὰς
3557 3910 3763 3984 φύσεις,

2196 3998 2310 4052 ἀλλ’
2342 4000 2443 4050 ένίῖ)
2475 3999 2571 4068 τὴν
2598 4001 2983 4070 προσκύνησιν.
3009 4004 3073 4055 Ol.
3097 4004 3156 4055 δέ
3178 4021 3242 4072 γε
3273 4006 3413 4059 κατὰ
3439 4004 3541 4077 τὴν
3579 4004 3767 4059 Ἀντιό-

2195 4105 2348 4157 χειαν
2394 4090 2612 4159 ἀδελφοὶ
2648 4093 2717 4145 τὰ
2750 4094 2847 4163 μὲν
2876 4095 2938 4158 te
2980 4088 3055 4148 ὧν
3094 4097 3296 4151 νοεῖται
3336 4097 3594 4166 Χριστος,
3624 4098 3696 4160 ὡς
3714 4098 3766 4150 ἐν

2194 4182 2375 4251 ψιλαῖς
2430 4186 2521 4238 καὶ
2562 4186 2751 4254 μόναις
2801 4188 3033 4251 ἐννοίαις
3077 4189 3379 4259 δεχόμενοι,
3424 4188 3647 4258 φύσεων
3677 4190 3768 4261 μὲν

2196 4276 2447 4344 εἰρήκασι
2478 4277 2758 4347 διαφορὰν,
2784 4280 2867 4331 ὅτι
2904 4279 2979 4349 μὴ
3000 4283 3197 4335 ταυτὸν
3217 4283 3276 4333 ὲν
3298 4276 3544 4349 ποιύτητι
3573 4283 3768 4353 φυσικῇ

2199 4364 2387 4434 θεότης
2422 4383 2481 4417 τε
2532 4372 2627 4419 καὶ
2674 4369 3056 4439 ἁνθρωπότης,
3093 4371 3189 4424 ἕνα
3224 4388 3289 4441 γε
3326 4371 3433 4443 μὴν
3480 4372 3637 4441 Υῑδν,
3682 4372 3768 4425 καὶ

513 4449 569 4493 et
590 4440 892 4507 Dominum,
923 4456 975 4499 et
1007 4461 1168 4500 unam
1201 4447 1368 4517 ipsius
1389 4452 1549 4507 unius
1575 4457 1885 4511 exsistentis
1909 4475 2088 4528 perso-

2198 4458 2454 4527 Χριστὸν,
2497 4460 2590 4511 καὶ
2622 4459 2843 4530 Κύριον,
2874 4464 2969 4515 καὶ
3008 4461 3085 4526 ὡς
3111 4440 3243 4527 ένδςν
3447 4464 3686 4536 ἀληθῶς,
3710 4464 3766 4516 ἓν

512 4548 637 4587 nam
667 4544 939 4599 asserunt,
977 4546 1030 4591 et
1057 4539 1195 4592 nulla
1251 4546 1460 4598 ratione
1497 4547 1766 4614 dividunt,
1808 4567 1927 4620 quae
1961 4564 2088 4609 sunt

2196 4550 2359 4601 αὑτοῦ
2395 4552 2486 4601 καὶ
2519 4551 2809 4619 πρόσωπον
2857 4548 2996 4606 εἷναί
3037 4571 3195 4623 φασι,
3237 4556 3522 4627 μερίζουσι
3565 4555 3630 4612 δὲ
3657 4553 3769 4610 κατ’

512 4624 823 4696 conjuncta,
858 4642 1030 4695 neque
1078 4634 1376 4688 naturalem
1423 4637 1715 4694 admittunt
1744 4640 2087 4711 divisionem,

511 4716 961 4784 quemadmodum
1008 4726 1212 4776 sentire
1267 4725 1551 4781 videbatur
1598 4728 1700 4783 iste
1751 4731 2090 4789 decretorum

511 4807 803 4862 infelicium
835 4811 1204 4877 introductor;
1237 4815 1330 4869 sed
1359 4817 1521 4871 dividi
1564 4819 1709 4873 solas
1761 4826 2091 4878 contendunt

508 4914 689 4962 Vticcs,
720 4915 838 4969 qua:
859 4902 926 4954 de
951 4900 1175 4957 Domino
1204 4904 1361 4959 dit-ta:
1390 4915 1537 4972 sunt,
1566 4924 1771 4978 easque
1800 4916 2092 4969 convenire

511 4995 716 5053 dicunt.
752 5008 855 5046 non
883 4996 1074 5062 partim
1102 4998 1321 5065 quidem
1349 4998 1503 5064 Filio,
1532 5001 1623 5069 qui
1655 5006 1943 5072 separatim
1962 5020 2092 5060 con-

510 5084 782 5139 sideretur
807 5084 1039 5140 Verbum
1091 5085 1208 5152 Dei,
1260 5090 1452 5158 partim
1482 5106 1698 5146 rursum
1751 5095 1901 5149 alteri
1932 5095 2088 5161 Filio,

509 5180 597 5247 qui
631 5195 694 5233 ex
740 5180 963 5235 muliere
1010 5194 1167 5235 natus
1202 5184 1270 5236 sit
1299 5198 1313 5246 ;
1345 5184 1438 5238 sed
1491 5185 1628 5241 alias
1675 5187 1889 5257 quidem
1924 5188 2090 5255 ipsius

515 5271 804 5333 divinitati,
837 5272 969 5326 alias
1000 5286 1214 5326 rursum
1256 5273 1495 5341 ejusdem
1532 5274 1879 5333 humanitati.
1925 5279 2089 5333 Eum-

511 5366 631 5420 dem
661 5364 806 5419 enim
841 5377 964 5419 esse
994 5364 1161 5419 Deum
1191 5374 1353 5431 atque
1389 5367 1680 5423 hominem.
1729 5370 1877 5426 Alias
1907 5383 2086 5425 autem

509 5458 697 5513 diruat
721 5472 844 5514 esse
876 5473 1191 5513 communes
1224 5462 1642 5527 quodammodo,
1692 5473 1743 5517 et
1798 5463 2088 5519 att-divini-

513 5557 677 5602 tatem
706 5561 868 5617 atque
917 5551 1311 5607 humanitatem
1358 5553 1739 5623 respicientes.
1787 5554 1919 5609 Nam
1970 5556 2087 5612 alia:

508 5639 726 5707 quidem
766 5653 926 5695 Voces
954 5640 1189 5697 maxime
1228 5640 1337 5697 Deo
1387 5650 1767 5713 congruentes,
1812 5643 1927 5700 aliae
1962 5660 2092 5700 cou-

514 5741 597 5786 tra
632 5730 861 5797 homini,
902 5732 1020 5787 aliae
1051 5734 1229 5789 medio
1263 5734 1494 5807 quodam
1546 5750 1605 5792 se
1658 5738 1858 5793 habent
1906 5738 2085 5803 modo,

2192 4640 2380 4692 οὐδένα
2414 4642 2613 4711 τρόπον
2639 4644 2708 4694 τὰ
2731 4644 3005 4713 ⁴ἡνωμένα,
3035 4642 3161 4698 οὔτε
3203 4647 3311 4716 μὴν
3333 4647 3573 4719 φυσικὴν
3601 4660 3767 4717 παραυ

2193 4732 2437 4800 δέχονται
2469 4733 2568 4802 τὴν
2614 4733 2902 4804 διαίρεσιν,
2936 4734 3078 4789 καθά
3126 4738 3344 4807 φρονεῖν
3387 4736 3534 4805 ἔδοξε
3562 4737 3644 4811 τῷ
3669 4736 3769 4791 τῶν

2193 4824 2394 4877 ἀθλίων
2424 4824 2713 4894 δογμάτων
2756 4827 3045 4897 είοηγητῇ.
3081 4828 3386 4900 Διῃρῆσθαι
3418 4829 3476 4883 δὲ
3505 4829 3651 4885 κατὰ
3680 4825 3766 4900 μᾶο

2193 4932 2287 4978 νας
2315 4915 2670 4968 διατείνονται
2709 4916 2809 4976 τὰς
2852 4917 2946 4969 ἐπὶ
2979 4916 3055 4987 τῷ
3082 4918 3278 4988 Κυρίῳ
3308 4918 3517 4988 φωνὰς,
3544 4919 3767 4991 πρέπειν

2191 5006 2247 5059 δέ
2284 5023 2446 5072 φασιν
2483 5005 2650 5068 αὑτὰς
2680 5006 2741 5058 οὐ
2784 5005 2885 5069 τὰς
2918 5005 3019 5076 μὲν
3060 5005 3175 5075 Υἱῷ
3210 5007 3351 5061 κατὰ
3393 5008 3563 5079 μόνας
3592 5007 3669 5081 τῷ
3708 5008 3767 5061 lx

2192 5097 2327 5150 Θεοῦ
2369 5098 2580 5167 [ἰατρὸς
2612 5098 2791 5166 Λόγῳ,
2836 5096 2935 5161 τὰς
2965 5097 3021 5149 δὲ
3063 5097 3238 5169 ἑτέρῳ
3267 5098 3431 5153 πάλιν
3458 5099 3575 5171 Υίῷ
3599 5098 3677 5169 τῷ
3708 5099 3766 5168 ἐκ

2191 5190 2469 5257 γυναικὸς,
2503 5190 2638 5243 ἀλλὰ
2668 5191 2763 5252 τὰς
2797 5190 2895 5258 μὲν
2926 5192 2991 5260 τῇ
3025 5188 3242 5259 θεότητι
3282 5186 3469 5257 αὐτοῦ,
3498 5191 3602 5252 τὰς
3628 5189 3682 5243 δὲ
3701 5188 3761 5258 τῇ

2192 5279 2356 5333 αὑτοῦ
2416 5281 2577 5333 πάλιν
2625 5280 3029 5350 ἁνθρωπὸτητι.
3065 5279 3199 5344 Θεὸς
3250 5280 3307 5334 δέ
3354 5284 3504 5334 ἐστιν
3538 5284 3568 5334 ὁ
3615 5279 3763 5338 am

2193 5374 2287 5426 καὶ
2321 5371 2626 5443 ἄνθρωπος.
2662 5368 2816 5426 Εἶναι
2860 5371 2919 5423 δέ
2960 5387 3091 5439 φασι
3122 5372 3215 5426 καὶ
3241 5373 3434 5445 ἑτέρας
3468 5387 3759 5439 κοινοποιηο

2194 5463 2376 5525 θείσας
2412 5464 2611 5533 τρόπον
2654 5466 2795 5523 τινὰ.
2830 5463 2926 5515 καὶ
2971 5459 3083 5515 οἷον
3129 5463 3216 5516 ἐπ’
3240 5464 3407 5533 ἄμφω
3446 5462 3754 5535 βλεπούσας,

2192 5546 2421 5625 θεότητα
2444 5555 2586 5621 λέγω
2618 5557 2708 5607 καὶ
2738 5554 3154 5625 ἅνθρωποι-ητα.
3186 5549 3313 5609 Οίον
3337 5554 3401 5626 δή
3424 5561 3476 5610 τί
3504 5568 3676 5626 φημι*
3701 5550 3754 5605 αι

2195 5646 2294 5715 μὲν
2326 5648 2433 5716 γάρ
2483 5649 2587 5699 εἰσι
2642 5647 2751 5698 τῶν
2799 5644 2992 5713 φωνῶν
3033 5646 3115 5697 ὅτι
3153 5646 3386 5716 μάλιστα
3422 5643 3750 5717 θεαπρεπιῖς.

2192 5741 2245 5792 αἱ
2278 5737 2331 5791 δὲ
2371 5737 2513 5791 o'uctu
2546 5738 2705 5793 πάλιν
2735 5737 3243 5809 ἀνθρωποπρεπεῖς,
3277 5740 3329 5793 al
3367 5738 3423 5791 δὲ
3452 5738 3619 5809 μέσην
3638 5731 3748 5787 τινὰ
