4042 6208
241 337 360 401 989

1214 342 1587 403 PAtVi)I‘LlA
1640 347 2090 411 DOGMATICA.
2130 378 2201 389 ·-·
2242 353 2391 413 ΤΙΤ.
2432 354 2550 414 XV.

3400 356 3505 418 990

243 452 403 517 τάξιν
447 451 737 521 ἐπέχουσιν
777 460 1176 521 εμφανιςουσαι
1205 454 1332 508 Υιὸν
1370 456 1506 509 Θεοῦ
1547 458 1694 517 ὄντα,
1734 464 1827 513 καὶ

1936 460 2048 531 ane
2086 463 2277 521 Filium
2315 465 2404 519 Dei
2437 464 2620 529 simul,
2667 472 2720 516 et
2754 463 3046 528 hominem,
3100 472 3155 516 et
3213 464 3266 516 in
3319 465 3502 517 eodem

238 543 536 615 ἄνθρωπον
577 537 710 613 ὁμοῦ
745 559 806 597 τε
851 544 943 597 καὶ
970 545 1029 599 ἐν
1063 545 1266 616 ταυτῷ.
1303 547 1414 601 Καὶ
1463 550 1583 616 μεθ’
1616 550 1777 618 ἔτερα
1808 568 1819 577 ·

238 637 325 690 Οὐ
348 634 459 706 γάρ
506 636 584 697 είς
631 634 791 688 τοῦτο
823 636 1091 705 προῆλθον
1139 637 1505 709 ἀποπληξίας.
1532 640 1607 704 ὡς
1648 659 1824 709 παρα-

238 727 420 789 ϐάτας
448 726 677 790 ἑαυτοὺς
705 728 1040 781 συνιστάνειν
1064 728 1100 782 ἃ
1128 730 1432 785 κατέλυσαν
1456 732 1650 801 ὀρθῶς,
1682 734 1825 787 olito-

238 817 539 887 νομοῦντες
585 815 852 879 ἀδούλως.
885 817 948 869 Ei
977 819 1087 886 γὰρ
1128 820 1248 881 ταῖς
1292 820 1585 891 Νεστορίου
1618 823 1828 890 συμφέ-

241 927 433 977 ρονται
506 908 718 973 δόξαις,
783 910 903 973 πῶς
965 909 1133 974 αὑτὰς
1189 910 1680 981 ἀναθεματίζουσιν
1750 914 1826 978 ὡς

244 999 514 1068 βεϐήλους
545 997 639 1051 καὶ
670 999 920 1068 μυσαράς
943 1014 959 1063 ;
979 994 1149 1067 Οἶμαι
1170 1000 1225 1052 δὲ
1256 999 1367 1052 δεῖν
1392 1001 1485 1051 καὶ⁵
1519 1002 1615 1063 τὰς
1646 1002 1826 1065 αἰτίας

242 1089 462 1151 εἰπεῖν,
515 1087 583 1141 δι’
639 1087 706 1151 ἂς
766 1088 846 1141 el:
901 1087 1059 1141 τοῦτο
1113 1089 1383 1158 προῆλθον
1452 1091 1824 1160 ίσχνομυθίας.

256 1179 482 1250 Ἐπειδὴ
507 1180 615 1249 γὰρ
633 1179 681 1231 oi
711 1178 810 1248 τῆς
846 1178 1057 1248 ’Δρείου
1084 1179 1334 1243 άσεόείας
1355 1181 1698 1234 ὑπασπισταὶ
1728 1183 1824 1250 τὴν

239 1268 508 1337 ἀλήθειαν
528 1267 756 1330 ἀνοσίως
786 1267 1273 1336 ἐκκαπηλεύοντες,
1301 1270 1393 1322 τὸν
1418 1271 1507 1323 τοῦ
1532 1271 1665 1324 Θεοῦ
1692 1289 1824 1339 φασι

241 1360 425 1425 Λόγον
458 1357 714 1425 γενέσθαι
746 1358 843 1429 μὲν
868 1357 1178 1428 ἄνθρωπον,
1207 1359 1345 1427 πλὴν
1378 1360 1568 1430 ἀψύχῳ
1589 1378 1824 1431 προσκε-

244 1448 490 1516 χρῆσθαι
545 1448 777 1518 σώματι,
814 1450 902 1503 ἵνα
935 1450 1031 1513 τὰς
1075 1449 1423 1521 ἀνθρωπίνας
1464 1454 1613 1520 αὑτῳ
1642 1452 1825 1520 φωνὰς

244 1540 678 1608 προσνέμοντες,
729 1541 1084 1596 ἐλαττοῦσθαι
1121 1543 1218 1611 τῆς
1245 1542 1340 1596 τοῦ
1370 1543 1590 1612 Πατρὸς
1628 1543 1827 1612 ὑπερο-

246 1636 355 1701 χῆς
384 1637 499 1697 τοῖς
542 1636 674 1706 παρ’
702 1637 885 1691 αὐτῶν
920 1637 1294 1707 πλανωμένοις
1343 1637 1824 1695 καταδεικνύωσιν,

246 1726 527 1795 ἑτεροφυᾶ
556 1745 613 1781 τε
643 1729 776 1799 παρ’
808 1729 971 1783 αὐτὸν
998 1724 1139 1782 εἶναι
1169 1729 1366 1796 λέγωσι
1392 1743 1406 1757 ⁸
1429 1728 1660 1790 δεδιότες
1688 1728 1735 1779 oi
1764 1728 1825 1778 ἐκ

1931 558 2131 621 pariter
2162 558 2475 610 ostendunt.
2522 556 2586 609 Et
2616 563 2736 622 post
2760 554 2861 606 alia
2891 552 3114 621 :‘Neque
3146 554 3289 606 enim
3330 567 3395 606 eo
3417 554 3506 605 de.

1930 650 2146 701 mentire
2185 660 2586 717 processerunt,
2612 658 2677 700 ut
2733 662 2791 700 se
2826 656 3252 713 transgressores
3302 640 3503 698 Consti-

1931 745 2163 795 tuerent,
2221 752 2282 790 ea
2340 754 2458 806 qua:
2510 750 2655 791 recte
2685 737 3064 795 dissolverant.
3113 735 3507 788 inconsiderate

1927 836 2321 881 construentes.
2387 828 2517 881 Nam
2542 830 2585 883 si
2641 827 2872 882 Nestorii
2925 827 3154 895 probant
3201 826 3505 894 opiniones,

1926 918 2199 984 quomodo
2236 919 2353 972 illas
2381 931 2438 971 ut
2467 920 2792 972 adulterinas
2842 927 2896 971 et
2939 918 3298 971 cxsecrandas
3361 917 3505 967 dcte-

1934 1021 1961 1060 s
1988 1007 2187 1059 antur?
2211 1009 2417 1061 Causas
2449 1019 2628 1061 autem
2661 1009 2898 1062 arbitror
2923 1007 3289 1076 explicandas,
3316 1019 3504 1073 quatu-

1931 1098 2119 1152 obrem
2150 1101 2213 1152 ad
2239 1100 2501 1169 ejusmodi
2538 1115 2800 1170 nugarum
2840 1100 3188 1173 subtilitatmu
3237 1095 3505 1166 progressi

1928 1198 2074 1243 sunt.
2104 1188 2368 1256 Quoniam
2403 1192 2545 1244 enim
2598 1191 2811 1242 Ariame
2850 1190 3142 1256 impietatis
3191 1180 3505 1237 defensores

1933 1281 2208 1336 veritatem
2233 1281 2440 1336 nefarie
2473 1282 2826 1343 venditantes,
2870 1279 2959 1333 Dei
3009 1268 3226 1348 quidem
3275 1273 3502 1328 Verbum
3543 1264 3545 1267 ’

1931 1371 2131 1425 factum
2181 1372 2455 1426 hOminem
2510 1372 2719 1436 dicunt,
2772 1370 2865 1424 sed
2916 1378 3097 1421 tamen
3148 1366 3501 1441 inanimatam

1928 1472 2122 1527 corpus
2177 1460 2550 1529 assumpsisse,
2588 1471 2646 1513 ut
2702 1460 2968 1512 humanas
3027 1458 3125 1525 ipsi
3190 1442 3369 1509 voces
3412 1455 3508 1505 tri-

1928 1550 2156 1604 buentes
2187 1552 2473 1605 OStettdaul
2501 1552 2562 1603 iis
2590 1566 2724 1618 quos
2746 1553 3095 1617 deceperunt,
3128 1549 3297 1616 ipsum
3333 1545 3509 1597 Patris

1928 1640 2259 1695 excellentia:
2289 1643 2500 1705 cedere,
2534 1654 2587 1693 et
2620 1641 2848 1694 diversa:
2882 1638 2950 1692 ab
3005 1640 3120 1706 ipso
3161 1636 3346 1689 dicant
3384 1649 3507 1691 esse

1930 1738 2172 1786 naturae:
2205 1730 2511 1786 Orientales
2538 1730 2715 1793 veriti,
2747 1745 2811 1783 ne
2834 1728 2927 1783 Dei
2966 1725 3125 1781 Verbi
3158 1725 3321 1792 gloria
3355 1733 3514 1777 natu.

244 1818 352 1885 τῆς
378 1819 646 1889 ἀνατολῆς
678 1820 752 1891 μὴ
785 1820 894 1891 ἄρα
930 1837 1048 1880 πως
1071 1823 1105 1890 ἡ
1148 1821 1240 1874 τοῦ
1286 1820 1422 1872 Θεοῦ
1454 1820 1628 1885 Λόγου
1660 1834 1825 1870 κατα-

1936 1837 2098 1892 raque
2130 1823 2404 1878 minuatur
2433 1824 2501 1877 ob
2529 1836 2593 1878 ea
2630 1837 2771 1889 quae,
2804 1829 3021 1889 prapter
3051 1818 3510 1885 dispensationem

249 1912 629 1979 σμικρύνηται
652 1912 778 1978 δόξα
797 1913 891 1966 καὶ
913 1912 1097 1981 φύσις,
1122 1913 1230 1967 άπό
1254 1929 1317 1981 γε
1340 1912 1446 1965 τῶν
1475 1910 1830 1980 ἀνθρωπίνως

250 2002 564 2076 εἰρημένων
587 2002 678 2056 διὰ
698 2003 796 2072 τὴν
815 2005 954 2073 μετὰ
972 2005 1172 2076 σαρκός
1194 2004 1507 2073 οἰκονομίαν
1532 2002 1829 2073 διορίζουσι

248 2093 358 2155 τὰς
379 2094 585 2159 φωνὰς,
616 2094 718 2147 οὐκ
738 2095 818 2157 εἰς
844 2094 1111 2163 πρόσωπα
1126 2093 1220 2149 δύο
1241 2095 1543 2161 τέμνοντες.
1572 2092 1645 2155 ὡς
1669 2094 1829 2161 ἔφην,

251 2183 352 2234 τὸν
386 2182 483 2237 ἕνα
514 2181 751 2253 Χριστὸν
794 2186 888 2238 καὶ
921 2184 1148 2252 Κύριον,
1193 2185 1328 2249 ἀλλὰ
1365 2172 1462 2248 τὰς
1493 2186 1590 2253 μὲν
1615 2187 1680 2254 τῇ
1709 2184 1829 2237 θεό-

251 2288 387 2339 τητι
413 2272 580 2326 αὑτοῦ
625 2276 1047 2343 προσνέμοντες,
1083 2275 1182 2338 τὰς
1230 2275 1289 2327 δὲ
1342 2276 1407 2345 τῇ
1452 2273 1832 2344 ἀνθρωπότητι

256 2361 429 2415 πάλιν
452 2366 518 2433 τῇ
554 2364 739 2429 αὐτοῦ,
773 2365 908 2434 πλὴν
929 2366 1024 2427 τὰς
1060 2366 1238 2428 πάσας
1269 2365 1370 2418 ἐνί.

258 2474 384 2529 Τοῦ
421 2478 608 2531 αὐτοῦ
638 2479 706 2532 ἐκ
747 2479 853 2534 τοῦ
894 2480 1022 2548 περὶ
1059 2478 1168 2545 τῆς
1197 2477 1699 2545 ἐναγθρωπὴσεως
1727 2478 1833 2531 λό-

543 2565 675 2616 γου,
706 2548 795 2601 ὅτι
826 2554 1113 2614 Θεοτόκος
1152 2551 1191 2617 ἡ
1232 2548 1549 2614 Παρθένος.

346 2638 739 2693 Ὑποκὶέπτειν
768 2641 973 2694 οἴονταί
1016 2659 1157 2703 τινες
1196 2641 1304 2693 τῶν
1336 2640 1700 2710 ἀκροωμένων
1737 2640 1835 2701 τὰς

253 2732 464 2801 ψιχὰῖ,
494 2734 779 2799 ἄνθρωπον
804 2734 1053 2800 λέγοντες
1078 2733 1421 2801 ἀνειληφέναι
1454 2732 1545 2784 τὸν
1569 2730 1704 2783 Θεὸν
1734 2731 1837 2782 Δό-

256 2843 381 2894 γον,
410 2830 503 2884 καὶ
528 2826 618 2879 διὰ
637 2826 823 2879 τούτου
855 2827 1074 2895 πρόοδον
1101 2824 1430 2894 πεποιῆσθαι
1455 2826 1520 2878 ἐκ
1546 2825 1645 2893 τῆς
1674 2825 1837 2892 ἁγίας

259 2917 569 2984 Παρθένου,
602 2916 695 2967 καὶ
742 2914 928 2967 τοῦτον
969 2915 1132 2968 αὑτὸν
1176 2915 1267 2966 τὸν
1313 2913 1598 2982 ἄνθρωπον
1635 2913 1835 2968 ἀποτε-

260 3007 502 3059 θεῶσθαι
549 3005 624 3075 τῷ
656 3004 774 3073 Θεῷ
808 3006 985 3073 Λόγῳ,
1019 3006 1079 3056 οὐ
1137 3004 1406 3066 συνιέντες
1453 3004 1515 3056 τὸ
1549 3005 1646 3073 τῆς
1678 3005 1835 3058 εὐσε-

260 3096 419 3156 ϐείας
470 3097 785 3164 μυστήριον,
819 3096 912 3146 καὶ
965 3093 1063 3161 τῆς
1110 3094 1248 3161 μετὰ
1290 3093 1491 3163 σαρκὸς
1527 3094 1835 3162 οίκονομίας

260 3187 361 3239 τοῦ
384 3185 717 3253 Μονογενοῦς
738 3185 836 3253 τὴν
855 3184 1015 3252 χάριν
1038 3200 1267 3253 μετρίαν
1292 3182 1620 3251 ποιούμενοι.
1647 3183 1837 3249 Ἡμεῖς

263 3279 324 3331 δέ
355 3279 454 3347 οὐχ
478 3277 619 3330 οὓτω
646 3274 1019 3343 δεδιδάγμεθα.
1054 3273 1191 3325 Ἕνα
1226 3277 1317 3327 καὶ
1350 3275 1440 3327 τὸν
1465 3274 1625 3326 αὑτὸν
1655 3273 1834 3342 ἴσμεν,

263 3368 621 3436 ἁδελφοὶ,τὸν
651 3366 741 3419 διὰ
777 3366 877 3435 τῆς
914 3365 1077 3433 άγίας
1113 3365 1388 3435 Παρθένου
1435 3366 1534 3433 τῆς
1571 3364 1835 3417 Θεοτόκου

262 3460 485 3531 Μαρίας
510 3457 839 3528 γεννηθέντα
874 3456 1006 3508 Θεὸν
1033 3456 1257 3519 τέλειον,
1295 3458 1388 3508 καὶ
1423 3455 1707 3523 ἄνθρωπον
1739 3453 1836 3522 ἐμ-

261 3554 457 3622 ψυχον,
482 3551 696 3619 λογικόν
722 3566 739 3581 ι
766 3548 937 3619 ταύτῃ
965 3565 1047 3600 τοι
1072 3550 1167 3601 καὶ
1195 3549 1452 3601 Θεοτόκον
1484 3547 1718 3614 λέγομεν
1738 3546 1839 3615 τὴν

266 3646 433 3713 ἁγίαν
464 3644 760 3713 Παρθένον,
799 3643 895 3694 καὶ
924 3640 1260 3710 ἐνῳκηκέναι
1289 3639 1558 3701 οὐσιωδῶς
1582 3640 1672 3691 τὸν
1702 3639 1837 3689 Θεὸν

269 3737 442 3803 Λόγον
470 3737 528 3787 ἐν
571 3736 709 3804 αὐτῇ
743 3734 804 3786 οὗ
849 3732 1089 3802 δοκήσει,
1128 3729 1265 3782 ἀλλὰ
1316 3729 1589 3798 ἐνεργείᾳ,
1623 3727 1750 3779 Υίόν
1777 3744 1834 3779 τε

266 3827 406 3881 Θεοῦ
441 3827 578 3893 ἅμα,
628 3827 721 3877 καὶ
750 3824 875 3876 Υἱὸν
914 3820 1224 3891 ἀνθρώπου.
1271 3817 1430 3870 Ἀλλὰ
1471 3818 1575 3885 γὰρ
1605 3817 1698 3870 καὶ
1740 3815 1839 3878 τὰς

268 3921 369 3988 τῆς
427 3915 868 3986 ἁνθρωπότητος,
899 3915 959 3966 οὐ
1015 3912 1120 3982 μὴν
1168 3912 1264 3962 καὶ
1314 3908 1413 3969 τὰς
1460 3907 1555 3976 τῆς
1586 3908 1838 3976 θεότητος

270 4007 475 4075 φωνὰς,
508 4005 573 4067 ἃς
599 4003 1006 4073 διαγορεῦουσιν
1043 4002 1176 4070 ἡμῖν
1212 4000 1268 4051 αί
1299 3998 1437 4063 θεῖαι
1472 3996 1684 4065 Γραφαὶ
1711 3995 1841 4066 περὶ

268 4096 460 4160 αὑτοῦ,
486 4100 563 4159 εἰς
589 4096 648 4148 ἐν
689 4097 980 4167 πρόσωπον
1022 4092 1286 4163 συνῆχθαι
1316 4109 1518 4163 φαμεν.
1546 4090 1649 4142 Τὸν
1679 4089 1841 4143 αὐτὸν

269 4191 382 4259 γὰρ
419 4191 576 4258 ἴσμεν
626 4189 719 4239 ἐπὶ
749 4188 811 4240 τὸ
861 4184 1300 4258 προσκεφάλαιον
1353 4181 1705 4246 καθεύδοντα,
1748 4180 1840 4233 τὸν

268 4285 434 4336 αὐτὸν
457 4284 524 4350 τῇ
578 4281 823 4352 θαλάσσῃ
854 4278 1192 4349 ἐπιτιμῶντα
1242 4278 1299 4329 ἐν
1338 4274 1554 4346 ἐξουσίᾳ
1598 4274 1693 4328 καὶ
1730 4274 1841 4335 τοῖς

268 4375 514 4440 ἀνέμοις,
545 4371 636 4422 τὸν
684 4369 847 4423 αὐτὸν
879 4367 972 4420 ἐπὶ
1017 4367 1116 4436 τῆς
1143 4366 1454 4436 ὁδοιπορίας
1498 4363 1841 4434 κεκμηκότα,

1862 3142 1910 3202 ο

1932 1911 1985 1966 in
2020 1924 2184 1967 carne
2217 1913 2436 1976 factam,
2472 1912 2707 1966 humana
2739 1912 2948 1965 ratione
2989 1909 3128 1962 dicta
3175 1915 3322 1971 sunt,
3355 1920 3514 1959 voces

1931 2001 2211 2069 deﬁniunt,
2274 2018 2379 2056 non
2432 2018 2594 2057 unum
2648 2001 2926 2056 Christum
2981 2009 3035 2051 et
3092 1981 3519 2060 Dominum-nt.

1929 2094 2186 2159 diximus,
2256 2097 2306 2149 in
2336 2097 2469 2149 duas
2524 2096 2818 2148 dividentes
2878 2104 3174 2159 personas,
3227 2088 3321 2140 sed
3384 2088 3517 2139 alias

1931 2186 2145 2253 quidem
2199 2187 2370 2257 ipsius
2419 2187 2719 2239 tribuentes
2764 2182 3071 2243 divinitati,
3134 2180 3269 2232 alias
3332 2188 3512 2231 autem

1932 2277 2254 2331 humanitati
2279 2316 2294 2341 ,
2320 2278 2598 2331 universas
2627 2288 2807 2330 tamen
2841 2274 2954 2329 uni.

1937 2480 2189 2550 Ejusdem
2219 2495 2284 2533 ea:
2316 2481 2557 2550 oratione
2576 2480 2639 2532 de
2662 2486 2939 2550 assumunt
2966 2493 3026 2550 a_
3057 2472 3227 2550 Verbo
3264 2471 3516 2525 Immani-

2175 2560 2284 2603 tate
2304 2565 2324 2604 :
2356 2548 2614 2618 Virginem
2647 2563 2755 2602 esse
2776 2546 2871 2600 Dei
2898 2544 3234 2600 Genitricem.

2004 2640 2350 2695 Audientiutn
2397 2640 2607 2694 animos
2639 2637 2957 2707 deeepturos
2994 2650 3052 2690 se
3074 2634 3288 2704 quidem
3324 2631 3517 2687 existi-

1940 2740 2109 2797 mant,
2127 2730 2570 2795 dicentes,Deutn
2594 2728 2823 2785 Verbum
2845 2727 3115 2781 hominem
3137 2722 3515 2792 assumpsisse,

1939 2831 1993 2874 ct
2016 2836 2111 2890 per
2139 2824 2317 2888 ipsum
2350 2835 2413 2874 ex
2449 2820 2667 2891 Virgine
2692 2819 2975 2888 prodiisse,
2997 2825 3049 2872 et
3070 2830 3192 2871 eum
3218 2816 3391 2885 ipsum
3420 2813 3515 2865 ho-

1940 2915 2137 2967 minem
2170 2929 2197 2966 a
2230 2912 2338 2968 Deo
2386 2914 2561 2968 Verbo
2607 2913 2847 2967 divinum
2902 2925 3021 2965 esse
3073 2908 3364 2961 redditum.
3415 2904 3516 2971 Qui

1939 3020 2070 3061 sane
2100 3005 2356 3060 homines
2383 3005 2599 3075 pictatis
2635 3004 2951 3076 mysterium
3006 3003 3279 3071 ignorant,
3312 3008 3367 3053 et
3389 2995 3521 3053 Uni-

1941 3099 2107 3171 genili
2138 3101 2363 3171 gratiam
2404 3116 2469 3155 ex
2522 3108 2788 3169 susceptae
2840 3096 3022 3152 carnis
3076 3094 3303 3149 consilio
3341 3090 3522 3158 profe-

1942 3203 2083 3248 ctam
2117 3193 2443 3248 mediocrem
2464 3189 2718 3247 eﬂiciunt.
2753 3187 2862 3244 Nos
2920 3196 3098 3243 autem
3136 3186 3277 3242 haud
3312 3186 3383 3238 ita
3432 3199 3522 3237 su-

1939 3298 2059 3340 mus
2090 3284 2293 3349 edocti,
2327 3285 2422 3339 sed
2453 3300 2617 3339 unum
2647 3281 3012 3349 eamdemque
3041 3280 3266 3341 scimus,
3300 3276 3519 3338 fratres,

1938 3393 2034 3446 per
2058 3384 2300 3432 Ianclatn
2330 3373 2601 3446 Virginem
2628 3373 2717 3429 Dei
2743 3373 3072 3430 Genitricetu
3094 3370 3331 3441 genitum
3353 3368 3520 3422 Deum

1938 3466 2259 3537 perfectum,
2275 3477 2327 3522 et
2352 3468 2622 3523 hominem
2640 3468 2934 3520 animatum
2960 3464 3138 3519 anima
3157 3463 3366 3521 ratione
3384 3476 3526 3526 pra--

1936 3557 2070 3611 dita.
2111 3556 2203 3611 Sic
2245 3565 2299 3611 et
2346 3556 2437 3610 Dei
2475 3556 2804 3611 Genitricem
2838 3554 3073 3609 dicimus
3119 3552 3176 3607 S.
3226 3550 3521 3620 Virgini-tn,

1940 3647 1992 3700 in
2016 3660 2188 3714 eaque
2213 3644 2379 3701 Deum
2406 3643 2640 3700 Verbum
2665 3658 2760 3712 per
2788 3644 3078 3699 essentiam
3107 3656 3217 3695 non
3244 3641 3522 3709 opinione,

1937 3739 2033 3792 sed
2076 3736 2253 3805 rcipsa
2302 3734 2494 3791 Filium
2544 3733 2639 3789 Dei
2694 3735 2858 3790 simul
2912 3744 2967 3788 et
3026 3732 3221 3787 Filium
3288 3731 3521 3784 hominis

1941 3828 2231 3882 habitasse.
2288 3824 2429 3893 Quin
2480 3824 2643 3880 etiam
2702 3824 2996 3880 divinitatis
3063 3820 3525 3888 humanitatisque

1938 3932 2117 3985 voces,
2152 3932 2287 3989 quas
2318 3917 2474 3973 nobis
2501 3917 2570 3974 de
2596 3917 2708 3987 ipso
2732 3916 2926 3970 divinae
2955 3916 3176 3969 tradunt
3204 3912 3521 3981 Scriptum,

1940 4011 1993 4064 in
2048 4025 2208 4064 unam
2254 4024 2540 4081 personam
2608 4011 2840 4065 dicimus
2893 4006 3207 4062 convenire.
3260 4004 3522 4059 Eumdem

1940 4103 2084 4157 enim
2113 4103 2315 4158 scimus
2363 4117 2507 4170 esse,
2559 4102 2736 4171 quiin
2784 4099 3049 4170 pulvinari
3103 4096 3425 4161 dormiebat,
3470 4106 3524 4149 et

1940 4195 2031 4264 qui
2070 4209 2191 4249 cum
2219 4203 2485 4263 potestate
2516 4192 2647 4248 mari
2694 4200 2751 4247 et
2796 4189 2973 4245 ventis
3009 4178 3525 4258 imperabatfeum-

1943 4285 2089 4350 dem,
2116 4287 2210 4357 qui
2246 4288 2298 4341 in
2332 4286 2616 4341 itineribus
2646 4282 3071 4353 defatigabatur,
3102 4290 3155 4336 et
3178 4280 3271 4350 qui
3305 4279 3524 4347 propria

1942 4378 2269 4433 auctoritate
2334 4392 2496 4445 super
2557 4391 2708 4430 mare
2765 4384 3027 4444 tanquam
3083 4386 3247 4442 super
3295 4373 3523 4429 solidam

268 4466 364 4517 τὸν
393 4465 554 4515 αὑτὸν
599 4463 693 4515 ἐπὶ
740 4465 838 4530 τῆς
865 4460 1140 4527 θαλάσσης
1174 4457 1599 4528 περιπατοῦντα,
1633 4456 1708 4519 ὡς
1746 4456 1834 4508 ἐπὶ

1943 4474 2143 4524 terram
2166 4467 2495 4522 ambulabat.
2520 4466 2781 4522 Eumdem
2817 4466 2979 4535 igitur
3004 4466 3169 4520 Deum
3198 4473 3250 4518 et
3278 4465 3527 4518 eumdem

270 4556 495 4622 στερεᾶ.
526 4553 629 4622 γῆς
664 4554 769 4623 ibi;
797 4552 1031 4621 ἐξουσίᾳ.
1060 4552 1119 4604 ’0
1136 4550 1294 4614 αὐτὸς
1325 4549 1500 4601 τοίνυν
1521 4547 1672 4613 Θεὸς,
1691 4548 1719 4599 ὁ
1746 4546 1841 4599 αῦ-

267 4647 361 4709 τὸς
395 4646 680 4714 ἄνθρωπος
714 4644 1177 4715 ὁμολογουμένως.
1222 4642 1288 4694 Τί
1318 4642 1425 4712 γὰρ
1459 4639 1520 4693 τὸ
1551 4640 1756 4708 θαῦμα.
1790 4640 1839 4692 εί

268 4737 554 4803 ἄνθρωπός
584 4753 664 4797 τις
691 4734 799 4788 τῶν
846 4733 969 4786 καθ’
997 4733 1144 4803 ἡμᾶς
1172 4732 1230 4783 ἐν
1270 4729 1486 4801 ἐξουσίᾳ
1520 4728 1655 4781 Θεοῦ
1687 4727 1844 4786 δυνά-

274 4846 400 4899 μεις
430 4829 673 4896 ἐνεργεῖν
700 4826 952 4892 λέγεται;
994 4822 1134 4875 Ἀλλ’
1158 4823 1247 4875 ἵνα
1277 4824 1367 4873 τὸν
1396 4821 1558 4874 αὑτὸν
1587 4819 1717 4873 Θεὸν
1741 4820 1844 4872 Λό-

271 4933 370 4984 γον
390 4914 730 4968 κεκενῶσθαι
753 4911 1100 4975 ὕποδεὶξωσιν
1129 4910 1258 4979 ἡμῖν
1287 4908 1342 4961 ai
1365 4907 1505 4960 θεῖαι
1525 4905 1760 4975 Γραφαὶ,
1783 4905 1843 4957 οὐ

271 5010 516 5075 δοκήσει.
549 5006 687 5062 ἀλλὰ
716 5004 988 5076 ἐνεργείᾳ,
1013 5002 1110 5055 ἕνα
1141 5002 1237 5055 καὶ
1263 5001 1353 5053 τὸν
1382 5000 1703 5069 αὑτὸνῆμίν
1728 4999 1844 5052 δια-

271 5101 594 5171 γορεύουσιν
625 5101 683 5151 ἐν
721 5098 1100 5168 προφητικοῖς,
1134 5094 1227 5149 καὶ
1267 5093 1374 5164 μὴν
1416 5094 1511 5145 καὶ
1561 5092 1847 5146 ἀποστολι-

270 5193 393 5255 xci;
423 5208 492 5252 κη
501 5190 794 5263 ρύγμασιν.

286 5280 389 5335 Ἐκ
416 5280 530 5349 τῆς
550 5285 700 5349 πρὸς
733 5282 1021 5347 Ἰωάννην
1038 5279 1146 5333 τὸν
1176 5276 1472 5343 Ἀντιοχέα
1492 5275 1845 5342 ἐπιστολῆς.

357 5373 764 5444 Ὀμολογοῦμεν
792 5371 1078 5441 τοιγαροῦν
1107 5374 1194 5423 τὸν
1219 5369 1421 5439 Κύριον
1447 5368 1601 5437 ἡμῶν
1641 5366 1849 5435 Ἰησοῦν

275 5467 536 5537 Χριστὸν,
571 5468 663 5518 τὸν
708 5466 835 5519 Υίὸν
877 5465 971 5518 τοῦ
998 5464 1130 5517 Θεοῦ
1171 5464 1261 5515 τὸν
1294 5461 1575 5530 μονογενῆ,
1606 5461 1735 5511 Θεὸν
1764 5461 1851 5510 τέ-

1944 4561 2232 4619 Dominum
2258 4559 2605 4615 conﬁtemur.
2662 4556 2806 4624 Quid
2845 4557 2991 4611 enim
3047 4556 3265 4621 mirum,
3296 4557 3344 4607 si
3366 4554 3529 4607 homo

1942 4653 2235 4725 quispiam,
2262 4651 2452 4722 quales
2484 4666 2582 4706 nos
2621 4663 2831 4713 sumus,
2859 4648 2954 4703 Dei
2988 4657 3258 4719 potestate
3291 4646 3525 4699 miracu-

1943 4748 1993 4802 la
2022 4747 2199 4803 facere
2222 4745 2471 4801 dicatur?
2502 4742 2699 4799 Verum
2752 4750 2809 4795 ut
2850 4742 3015 4795 Deum
3070 4741 3243 4809 ipsum
3287 4734 3526 4794 Verbum

1944 4855 2064 4897 sese
2090 4838 2400 4898 exinanisse
2431 4837 2587 4895 nobis
2614 4836 2905 4892 ostendant
2957 4834 3153 4889 divinas
3210 4834 3526 4900 Scriptum.

1946 4946 2052 4987 non
2082 4932 2355 5001 opinione,
2392 4929 2485 4986 sed
2537 4927 2783 4988 veritate,
2842 4933 3004 4978 unum
3060 4933 3221 4993 atque
3279 4926 3526 4976 eumdem

1948 5023 2103 5077 nobis
2149 5021 2416 5079 aﬂirmant
2450 5020 2501 5074 in
2535 5013 3010 5088 praedicationibus
3059 5014 3446 5084 prophetarum
3478 5023 3533 5063 et

1949 5114 2338 5184 apostolorum.

2160 5273 2246 5327 Ex
2276 5272 2511 5340 Epistula
2540 5274 2608 5326 ad
2638 5270 2899 5327 Joannem
2927 5268 3322 5325 Antiochenam.

2020 5366 2354 5422 Conﬁtemur
2378 5367 2540 5436 igitur
2565 5366 2851 5421 Dominum
2877 5373 3119 5419 nostrum
3154 5360 3339 5416 Jesum
3374 5361 3534 5414 Citri-

1954 5471 2119 5523 stum,
2147 5459 2342 5513 Filium
2372 5460 2462 5512 Dei
2492 5458 2850 5529 unigenitum,
2905 5458 3071 5512 Deum
3126 5454 3452 5523 perfectum,
3482 5463 3537 5507 et

275 5558 448 5621 λειον,
481 5559 574 5611 καὶ
618 5558 904 5625 ἄνθρωπον
951 5556 1176 5617 τέλειον,
1209 5558 1271 5606 ἐκ
1300 5553 1477 5623 ψυχῆς
1509 5556 1728 5622 λογικῆς
1759 5554 1834 5607 κα⁴

1957 5551 2255 5620 perfectum
2280 5550 2575 5613 hominem,
2610 5564 2673 5603 ex
2712 5548 2892 5601 anima
2922 5547 3129 5601 ratione
3157 5544 3380 5613 praedita
3414 5560 3537 5596 cur-

282 5651 559 5718 σώματος,
589 5650 695 5717 πρὸ
714 5648 924 5702 αἰώνων
957 5647 1054 5716 μὲν
1084 5648 1144 5697 ἐν
1168 5645 1263 5698 τοῦ
1287 5646 1499 5715 Πατρὸς
1522 5645 1834 5714 γεννηθέντα

1958 5658 2194 5713 poreqne
2221 5651 2581 5706 constantem,
2614 5649 2737 5694 ante
2767 5640 2962 5695 sarcula
3004 5639 3221 5709 quidem
3266 5654 3331 5694 ex
3381 5637 3539 5692 Patre

282 5717 423 5798 κατὰ
453 5741 551 5810 τὴν
583 5740 842 5811 θεότητα,
886 5739 973 5792 ἐπ’
1008 5739 1250 5811 ἐσχάτων
1280 5737 1335 5790 δέ
1368 5736 1472 5790 τῶν
1511 5737 1731 5809 ἡμερῶν
1760 5740 1834 5792 τὸς

1963 5717 2525 5807 genitum'sectmdum
2558 5732 2917 5798 divinitatem,
2973 5730 3028 5786 in
3063 5730 3322 5786 extremis
3350 5738 3533 5783 autem
