  <div class='ocr_page' id='page_1' title='image "/cluster/home/n/w/nwhite01/storage/ocr_20150623/130/hvd.32044073502387/501.png"; bbox 0 0 4042 6208; ppageno 0'>
   <div class='ocr_carea' id='block_1_1' title="bbox 530 330 632 395">
    <p class='ocr_par' dir='ltr' id='par_1_1' title="bbox 530 330 632 395">
     <span class='ocr_line' id='line_1_1' title="bbox 530 330 632 395; baseline 0.02 -4"><span class='ocrx_word' id='word_1_1' title='bbox 530 330 632 395; x_wconf 81' lang='lat'><strong>991</strong></span> 
     </span>
    </p>
   </div>
   <div class='ocr_carea' id='block_1_2' title="bbox 1778 312 2556 377">
    <p class='ocr_par' dir='ltr' id='par_1_2' title="bbox 1778 312 2556 377">
     <span class='ocr_line' id='line_1_2' title="bbox 1778 312 2556 377; baseline -0.006 0"><span class='ocrx_word' id='word_1_2' title='bbox 1778 314 2160 377; x_wconf 81' lang='lat' dir='ltr'><strong>EUTIIYMII</strong></span> <span class='ocrx_word' id='word_1_3' title='bbox 2197 312 2556 373; x_wconf 76' lang='lat' dir='ltr'><strong>ZleBENI</strong></span> 
     </span>
    </p>
   </div>
   <div class='ocr_carea' id='block_1_3' title="bbox 3688 318 3785 381">
    <p class='ocr_par' dir='ltr' id='par_1_3' title="bbox 3688 318 3785 381">
     <span class='ocr_line' id='line_1_3' title="bbox 3688 318 3785 381; baseline 0 0"><span class='ocrx_word' id='word_1_4' title='bbox 3688 318 3785 381; x_wconf 76' lang='lat'><strong>992</strong></span> 
     </span>
    </p>
   </div>
   <div class='ocr_carea' id='block_1_4' title="bbox 526 428 2105 511">
    <p class='ocr_par' dir='ltr' id='par_1_4' title="bbox 526 441 2105 511">
     <span class='ocr_line' id='line_1_4' title="bbox 526 441 2105 511; baseline -0.008 -11"><span class='ocrx_word' id='word_1_5' title='bbox 526 448 717 501; x_wconf 82' lang='lat' dir='ltr'><strong>diebus</strong></span> <span class='ocrx_word' id='word_1_6' title='bbox 773 441 1021 498; x_wconf 86' lang='lat' dir='ltr'><strong>eumdem</strong></span> <span class='ocrx_word' id='word_1_7' title='bbox 1082 448 1301 511; x_wconf 82' lang='lat' dir='ltr'><strong>prapter</strong></span> <span class='ocrx_word' id='word_1_8' title='bbox 1349 453 1448 493; x_wconf 91' lang='lat' dir='ltr'><strong>nos</strong></span> <span class='ocrx_word' id='word_1_9' title='bbox 1481 446 1535 492; x_wconf 85' lang='lat' dir='ltr'><strong>et</strong></span> <span class='ocrx_word' id='word_1_10' title='bbox 1599 446 1823 507; x_wconf 76' lang='lat' dir='ltr'><strong>propter</strong></span> <span class='ocrx_word' id='word_1_11' title='bbox 1872 442 2105 489; x_wconf 87' lang='lat' dir='ltr'><strong>nostram</strong></span> 
     </span>
    </p>
   </div>
   <div class='ocr_carea' id='block_1_5' title="bbox 2208 428 3783 511">
    <p class='ocr_par' dir='ltr' id='par_1_5' title="bbox 2219 428 3783 501">
     <span class='ocr_line' id='line_1_5' title="bbox 2219 428 3783 501; baseline -0.001 -13"><span class='ocrx_word' id='word_1_12' title='bbox 2219 434 2385 488; x_wconf 80' lang='grc' dir='ltr'>αὐτὸν</span> <span class='ocrx_word' id='word_1_13' title='bbox 2416 432 2488 486; x_wconf 84' lang='grc' dir='ltr'><strong>δι’</strong></span> <span class='ocrx_word' id='word_1_14' title='bbox 2530 430 2679 501; x_wconf 75' lang='grc' dir='ltr'>ἡμᾶς</span> <span class='ocrx_word' id='word_1_15' title='bbox 2716 429 2811 483; x_wconf 78' lang='grc' dir='ltr'>καὶ</span> <span class='ocrx_word' id='word_1_16' title='bbox 2840 429 2929 483; x_wconf 74' lang='grc' dir='ltr'><strong>διά</strong></span> <span class='ocrx_word' id='word_1_17' title='bbox 2956 428 3053 500; x_wconf 81' lang='grc' dir='ltr'>τὴν</span> <span class='ocrx_word' id='word_1_18' title='bbox 3082 429 3359 500; x_wconf 76' lang='grc' dir='ltr'><strong>ἡμετέραν</strong></span> <span class='ocrx_word' id='word_1_19' title='bbox 3403 434 3685 501; x_wconf 74' lang='grc' dir='ltr'><strong>σωτηρίαν</strong></span> <span class='ocrx_word' id='word_1_20' title='bbox 3724 436 3783 488; x_wconf 79' lang='grc' dir='ltr'>ἐκ</span> 
     </span>
    </p>
   </div>
   <div class='ocr_carea' id='block_1_6' title="bbox 527 527 2111 600">
    <p class='ocr_par' dir='ltr' id='par_1_6' title="bbox 527 527 2111 600">
     <span class='ocr_line' id='line_1_6' title="bbox 527 527 2111 600; baseline -0.007 -9"><span class='ocrx_word' id='word_1_21' title='bbox 527 538 753 591; x_wconf 89' lang='lat' dir='ltr'><strong>salutem</strong></span> <span class='ocrx_word' id='word_1_22' title='bbox 776 549 840 588; x_wconf 79' lang='lat' dir='ltr'><strong>ex</strong></span> <span class='ocrx_word' id='word_1_23' title='bbox 867 532 1032 586; x_wconf 84' lang='lat' dir='ltr'><strong>Maria</strong></span> <span class='ocrx_word' id='word_1_24' title='bbox 1060 538 1247 585; x_wconf 82' lang='lat' dir='ltr'><strong>natum</strong></span> <span class='ocrx_word' id='word_1_25' title='bbox 1284 528 1505 600; x_wconf 84' lang='lat' dir='ltr'><strong>Virgine</strong></span> <span class='ocrx_word' id='word_1_26' title='bbox 1531 528 1827 585; x_wconf 85' lang='lat' dir='ltr'><strong>secundum</strong></span> <span class='ocrx_word' id='word_1_27' title='bbox 1862 527 2111 581; x_wconf 87' lang='lat' dir='ltr'><strong>humani-</strong></span> 
     </span>
    </p>
   </div>
   <div class='ocr_carea' id='block_1_7' title="bbox 528 616 2108 686">
    <p class='ocr_par' dir='ltr' id='par_1_7' title="bbox 528 616 2108 686">
     <span class='ocr_line' id='line_1_7' title="bbox 528 616 2108 686; baseline -0.008 -5"><span class='ocrx_word' id='word_1_28' title='bbox 528 635 712 681; x_wconf 73' lang='lat' dir='ltr'><strong>tatem.</strong></span> <span class='ocrx_word' id='word_1_29' title='bbox 746 624 979 676; x_wconf 85' lang='lat' dir='ltr'><strong>Duarum</strong></span> <span class='ocrx_word' id='word_1_30' title='bbox 1028 622 1171 675; x_wconf 86' lang='lat' dir='ltr'><strong>enim</strong></span> <span class='ocrx_word' id='word_1_31' title='bbox 1224 629 1541 673; x_wconf 75' lang='lat' dir='ltr'><strong>naturarum</strong></span> <span class='ocrx_word' id='word_1_32' title='bbox 1599 616 1910 686; x_wconf 87' lang='lat' dir='ltr'><strong>conjunctio</strong></span> <span class='ocrx_word' id='word_1_33' title='bbox 1969 616 2108 669; x_wconf 80' lang='lat' dir='ltr'><strong>facta</strong></span> 
     </span>
    </p>
   </div>
   <div class='ocr_carea' id='block_1_8' title="bbox 525 706 2103 780">
    <p class='ocr_par' dir='ltr' id='par_1_8' title="bbox 525 706 2103 780">
     <span class='ocr_line' id='line_1_8' title="bbox 525 706 2103 780; baseline -0.007 -10"><span class='ocrx_word' id='word_1_34' title='bbox 525 726 628 770; x_wconf 87' lang='lat' dir='ltr'><strong>cst.</strong></span> <span class='ocrx_word' id='word_1_35' title='bbox 675 712 1033 780; x_wconf 81' lang='lat' dir='ltr'><strong>Quamobrem</strong></span> <span class='ocrx_word' id='word_1_36' title='bbox 1098 725 1259 763; x_wconf 88' lang='lat' dir='ltr'><strong>unum</strong></span> <span class='ocrx_word' id='word_1_37' title='bbox 1307 708 1603 775; x_wconf 82' lang='lat' dir='ltr'><strong>Christum,</strong></span> <span class='ocrx_word' id='word_1_38' title='bbox 1666 722 1827 761; x_wconf 91' lang='lat' dir='ltr'><strong>unum</strong></span> <span class='ocrx_word' id='word_1_39' title='bbox 1884 706 2103 772; x_wconf 88' lang='lat' dir='ltr'><strong>Filium,</strong></span> 
     </span>
    </p>
   </div>
   <div class='ocr_carea' id='block_1_9' title="bbox 527 799 2103 867">
    <p class='ocr_par' dir='ltr' id='par_1_9' title="bbox 527 799 2103 867">
     <span class='ocr_line' id='line_1_9' title="bbox 527 799 2103 867; baseline -0.005 -8"><span class='ocrx_word' id='word_1_40' title='bbox 527 820 689 859; x_wconf 71' lang='lat' dir='ltr'><strong>unum</strong></span> <span class='ocrx_word' id='word_1_41' title='bbox 724 804 1008 857; x_wconf 86' lang='lat' dir='ltr'><strong>Dominum</strong></span> <span class='ocrx_word' id='word_1_42' title='bbox 1030 801 1351 855; x_wconf 85' lang='lat' dir='ltr'><strong>conﬁtemur</strong></span> <span class='ocrx_word' id='word_1_43' title='bbox 1383 817 1397 854; x_wconf 92' lang='lat'><strong>:</strong></span> <span class='ocrx_word' id='word_1_44' title='bbox 1428 811 1483 855; x_wconf 86' lang='lat' dir='ltr'><strong>et</strong></span> <span class='ocrx_word' id='word_1_45' title='bbox 1510 802 1608 854; x_wconf 89' lang='lat' dir='ltr'><strong>hac</strong></span> <span class='ocrx_word' id='word_1_46' title='bbox 1654 799 1870 867; x_wconf 83' lang='lat' dir='ltr'><strong>quidem</strong></span> <span class='ocrx_word' id='word_1_47' title='bbox 1924 799 2103 853; x_wconf 83' lang='lat' dir='ltr'><strong>incon-</strong></span> 
     </span>
    </p>
   </div>
   <div class='ocr_carea' id='block_1_10' title="bbox 528 890 2105 960">
    <p class='ocr_par' dir='ltr' id='par_1_10' title="bbox 528 890 2105 960">
     <span class='ocr_line' id='line_1_10' title="bbox 528 890 2105 960; baseline -0.004 -12"><span class='ocrx_word' id='word_1_48' title='bbox 528 898 656 950; x_wconf 66' lang='lat' dir='ltr'><strong>fusa:</strong></span> <span class='ocrx_word' id='word_1_49' title='bbox 712 893 1114 960; x_wconf 89' lang='lat' dir='ltr'><strong>conjunctionis</strong></span> <span class='ocrx_word' id='word_1_50' title='bbox 1192 892 1413 947; x_wconf 89' lang='lat' dir='ltr'><strong>notione</strong></span> <span class='ocrx_word' id='word_1_51' title='bbox 1481 890 1802 945; x_wconf 75' lang='lat' dir='ltr'><strong>conﬁtentur</strong></span> <span class='ocrx_word' id='word_1_52' title='bbox 1860 897 2105 942; x_wconf 82' lang='lat' dir='ltr'><strong>sanctam</strong></span> 
     </span>
    </p>
   </div>
   <div class='ocr_carea' id='block_1_11' title="bbox 528 968 2111 1054">
    <p class='ocr_par' dir='ltr' id='par_1_11' title="bbox 528 968 2111 1054">
     <span class='ocr_line' id='line_1_11' title="bbox 528 968 2111 1054; baseline -0.004 -15"><span class='ocrx_word' id='word_1_53' title='bbox 528 986 801 1054; x_wconf 73' lang='lat' dir='ltr'><strong>Virginem</strong></span> <span class='ocrx_word' id='word_1_54' title='bbox 834 999 955 1039; x_wconf 87' lang='lat' dir='ltr'><strong>esse</strong></span> <span class='ocrx_word' id='word_1_55' title='bbox 991 968 1081 1038; x_wconf 84' lang='lat' dir='ltr'><strong>Dei</strong></span> <span class='ocrx_word' id='word_1_56' title='bbox 1108 982 1436 1038; x_wconf 89' lang='lat' dir='ltr'><strong>Genitricem</strong></span> <span class='ocrx_word' id='word_1_57' title='bbox 1464 998 1477 1036; x_wconf 92' lang='lat'>:</span> <span class='ocrx_word' id='word_1_58' title='bbox 1507 980 1758 1049; x_wconf 87' lang='lat' dir='ltr'><strong>quoniam</strong></span> <span class='ocrx_word' id='word_1_59' title='bbox 1801 978 1942 1034; x_wconf 89' lang='lat' dir='ltr'><strong>Deus</strong></span> <span class='ocrx_word' id='word_1_60' title='bbox 1980 976 2111 1033; x_wconf 81' lang='lat' dir='ltr'><strong>Ver-</strong></span> 
     </span>
    </p>
   </div>
   <div class='ocr_carea' id='block_1_12' title="bbox 528 1072 2110 1142">
    <p class='ocr_par' dir='ltr' id='par_1_12' title="bbox 528 1072 2110 1142">
     <span class='ocr_line' id='line_1_12' title="bbox 528 1072 2110 1142; baseline -0.004 -9"><span class='ocrx_word' id='word_1_61' title='bbox 528 1079 655 1133; x_wconf 85' lang='lat' dir='ltr'><strong>bum</strong></span> <span class='ocrx_word' id='word_1_62' title='bbox 682 1092 807 1133; x_wconf 88' lang='lat' dir='ltr'><strong>caro</strong></span> <span class='ocrx_word' id='word_1_63' title='bbox 832 1086 887 1131; x_wconf 91' lang='lat' dir='ltr'><strong>et</strong></span> <span class='ocrx_word' id='word_1_64' title='bbox 907 1076 1072 1130; x_wconf 90' lang='lat' dir='ltr'><strong>homo</strong></span> <span class='ocrx_word' id='word_1_65' title='bbox 1102 1076 1277 1129; x_wconf 80' lang='lat' dir='ltr'><strong>factus</strong></span> <span class='ocrx_word' id='word_1_66' title='bbox 1298 1082 1403 1138; x_wconf 86' lang='lat' dir='ltr'><strong>est,</strong></span> <span class='ocrx_word' id='word_1_67' title='bbox 1437 1082 1494 1129; x_wconf 86' lang='lat' dir='ltr'><strong>et</strong></span> <span class='ocrx_word' id='word_1_68' title='bbox 1521 1080 1589 1127; x_wconf 83' lang='lat' dir='ltr'><strong>ex</strong></span> <span class='ocrx_word' id='word_1_69' title='bbox 1642 1072 1755 1142; x_wconf 82' lang='lat' dir='ltr'><strong>ipsa</strong></span> <span class='ocrx_word' id='word_1_70' title='bbox 1798 1072 2110 1142; x_wconf 80' lang='lat' dir='ltr'><strong>conceptio-</strong></span> 
     </span>
    </p>
   </div>
   <div class='ocr_carea' id='block_1_13' title="bbox 529 1166 2111 1238">
    <p class='ocr_par' dir='ltr' id='par_1_13' title="bbox 529 1166 2111 1238">
     <span class='ocr_line' id='line_1_13' title="bbox 529 1166 2111 1238; baseline -0.002 -14"><span class='ocrx_word' id='word_1_71' title='bbox 529 1186 597 1226; x_wconf 73' lang='lat' dir='ltr'><strong>ne</strong></span> <span class='ocrx_word' id='word_1_72' title='bbox 651 1170 755 1225; x_wconf 89' lang='lat' dir='ltr'><strong>sibi</strong></span> <span class='ocrx_word' id='word_1_73' title='bbox 829 1169 1085 1238; x_wconf 80' lang='lat' dir='ltr'><strong>templum</strong></span> <span class='ocrx_word' id='word_1_74' title='bbox 1135 1183 1199 1222; x_wconf 82' lang='lat' dir='ltr'><strong>ex</strong></span> <span class='ocrx_word' id='word_1_75' title='bbox 1261 1167 1350 1220; x_wconf 85' lang='lat' dir='ltr'><strong>illa</strong></span> <span class='ocrx_word' id='word_1_76' title='bbox 1413 1175 1683 1237; x_wconf 88' lang='lat' dir='ltr'><strong>sumptum</strong></span> <span class='ocrx_word' id='word_1_77' title='bbox 1758 1166 2004 1236; x_wconf 77' lang='lat' dir='ltr'><strong>adjunxlt</strong></span> <span class='ocrx_word' id='word_1_78' title='bbox 2054 1174 2111 1221; x_wconf 91' lang='lat' dir='ltr'><strong>et</strong></span> 
     </span>
    </p>
   </div>
   <div class='ocr_carea' id='block_1_14' title="bbox 526 1262 1033 1331">
    <p class='ocr_par' dir='ltr' id='par_1_14' title="bbox 526 1262 1033 1331">
     <span class='ocr_line' id='line_1_14' title="bbox 526 1262 1033 1331; baseline -0.008 -13"><span class='ocrx_word' id='word_1_79' title='bbox 526 1262 816 1331; x_wconf 66' lang='lat' dir='ltr'><strong>espulavit.</strong></span> <span class='ocrx_word' id='word_1_80' title='bbox 1030 1264 1033 1267; x_wconf 66' lang='grc'>“</span> 
     </span>
    </p>
   </div>
   <div class='ocr_carea' id='block_1_15' title="bbox 562 1350 2021 1423">
    <p class='ocr_par' dir='ltr' id='par_1_15' title="bbox 562 1350 2021 1423">
     <span class='ocr_line' id='line_1_15' title="bbox 562 1350 2021 1423; baseline 0.001 -19"><span class='ocrx_word' id='word_1_81' title='bbox 562 1398 567 1404; x_wconf 93' lang='grc'><em>.</em></span> <span class='ocrx_word' id='word_1_82' title='bbox 600 1354 685 1409; x_wconf 80' lang='lat' dir='ltr'><strong>Ea:</strong></span> <span class='ocrx_word' id='word_1_83' title='bbox 714 1355 947 1410; x_wconf 74' lang='lat' dir='ltr'><strong>oratione</strong></span> <span class='ocrx_word' id='word_1_84' title='bbox 981 1354 1051 1406; x_wconf 64' lang='lat' dir='ltr'><strong>a&#39;l</strong></span> <span class='ocrx_word' id='word_1_85' title='bbox 1090 1355 1489 1423; x_wconf 77' lang='lat' dir='ltr'><strong>angustissimas</strong></span> <span class='ocrx_word' id='word_1_86' title='bbox 1536 1354 1779 1408; x_wconf 84' lang='lat' dir='ltr'><strong>dominas</strong></span> <span class='ocrx_word' id='word_1_87' title='bbox 1820 1350 2021 1405; x_wconf 76' lang='lat' dir='ltr'><strong>habita.</strong></span> 
     </span>
    </p>
   </div>
   <div class='ocr_carea' id='block_1_16' title="bbox 602 1505 2104 1574">
    <p class='ocr_par' dir='ltr' id='par_1_16' title="bbox 602 1505 2104 1574">
     <span class='ocr_line' id='line_1_16' title="bbox 602 1505 2104 1574; baseline -0.003 -11"><span class='ocrx_word' id='word_1_88' title='bbox 602 1508 661 1563; x_wconf 87' lang='lat' dir='ltr'><strong>Si</strong></span> <span class='ocrx_word' id='word_1_89' title='bbox 730 1522 882 1562; x_wconf 86' lang='lat' dir='ltr'><strong>sacra</strong></span> <span class='ocrx_word' id='word_1_90' title='bbox 932 1505 1095 1574; x_wconf 85' lang='lat' dir='ltr'><strong>Virgo</strong></span> <span class='ocrx_word' id='word_1_91' title='bbox 1158 1506 1326 1560; x_wconf 88' lang='lat' dir='ltr'><strong>Deum</strong></span> <span class='ocrx_word' id='word_1_92' title='bbox 1397 1507 1741 1561; x_wconf 85' lang='lat' dir='ltr'><strong>incarnatum</strong></span> <span class='ocrx_word' id='word_1_93' title='bbox 1802 1506 2104 1562; x_wconf 90' lang='lat' dir='ltr'><strong>secundum</strong></span> 
     </span>
    </p>
   </div>
   <div class='ocr_carea' id='block_1_17' title="bbox 529 1595 2108 1667">
    <p class='ocr_par' dir='ltr' id='par_1_17' title="bbox 529 1595 2108 1667">
     <span class='ocr_line' id='line_1_17' title="bbox 529 1595 2108 1667; baseline -0.003 -12"><span class='ocrx_word' id='word_1_94' title='bbox 529 1615 748 1656; x_wconf 89' lang='lat' dir='ltr'><strong>carnem</strong></span> <span class='ocrx_word' id='word_1_95' title='bbox 837 1614 943 1653; x_wconf 90' lang='lat' dir='ltr'><strong>non</strong></span> <span class='ocrx_word' id='word_1_96' title='bbox 1048 1596 1305 1667; x_wconf 86' lang='lat' dir='ltr'><strong>peperit.</strong></span> <span class='ocrx_word' id='word_1_97' title='bbox 1396 1596 1482 1651; x_wconf 82' lang='lat' dir='ltr'><strong>vel</strong></span> <span class='ocrx_word' id='word_1_98' title='bbox 1565 1596 1721 1651; x_wconf 79' lang='lat' dir='ltr'><strong>inviti</strong></span> <span class='ocrx_word' id='word_1_99' title='bbox 1801 1595 2108 1651; x_wconf 78' lang='lat' dir='ltr'><strong>concedant</strong></span> 
     </span>
    </p>
   </div>
   <div class='ocr_carea' id='block_1_18' title="bbox 532 1688 2107 1761">
    <p class='ocr_par' dir='ltr' id='par_1_18' title="bbox 532 1688 2107 1761">
     <span class='ocr_line' id='line_1_18' title="bbox 532 1688 2107 1761; baseline -0.003 -16"><span class='ocrx_word' id='word_1_100' title='bbox 532 1700 785 1761; x_wconf 89' lang='lat' dir='ltr'><strong>oportet,</strong></span> <span class='ocrx_word' id='word_1_101' title='bbox 857 1689 1131 1742; x_wconf 88' lang='lat' dir='ltr'><strong>hominem</strong></span> <span class='ocrx_word' id='word_1_102' title='bbox 1203 1697 1411 1742; x_wconf 89' lang='lat' dir='ltr'><strong>tantum</strong></span> <span class='ocrx_word' id='word_1_103' title='bbox 1467 1688 1776 1758; x_wconf 75' lang='lat' dir='ltr'><strong>vulgarem,</strong></span> <span class='ocrx_word' id='word_1_104' title='bbox 1842 1688 2107 1755; x_wconf 86' lang='lat' dir='ltr'><strong>nobisque</strong></span> 
     </span>
    </p>
   </div>
   <div class='ocr_carea' id='block_1_19' title="bbox 2212 521 3784 595">
    <p class='ocr_par' dir='ltr' id='par_1_19' title="bbox 2212 521 3784 595">
     <span class='ocr_line' id='line_1_19' title="bbox 2212 521 3784 595; baseline -0.001 -17"><span class='ocrx_word' id='word_1_105' title='bbox 2212 524 2429 595; x_wconf 78' lang='grc' dir='ltr'>Μαρίας</span> <span class='ocrx_word' id='word_1_106' title='bbox 2462 525 2560 591; x_wconf 76' lang='grc' dir='ltr'>τῆς</span> <span class='ocrx_word' id='word_1_107' title='bbox 2604 521 2886 590; x_wconf 82' lang='grc' dir='ltr'><strong>Παρθένου</strong></span> <span class='ocrx_word' id='word_1_108' title='bbox 2934 521 3076 574; x_wconf 84' lang='grc' dir='ltr'>κατὰ</span> <span class='ocrx_word' id='word_1_109' title='bbox 3106 521 3204 592; x_wconf 78' lang='grc' dir='ltr'>τὴν</span> <span class='ocrx_word' id='word_1_110' title='bbox 3230 523 3649 592; x_wconf 85' lang='grc' dir='ltr'>ἀνθρωπότητα.</span> <span class='ocrx_word' id='word_1_111' title='bbox 3690 526 3784 577; x_wconf 65' lang='lat' dir='ltr'><strong>Atio</strong></span> 
     </span>
    </p>
   </div>
   <div class='ocr_carea' id='block_1_20' title="bbox 2210 614 3785 688">
    <p class='ocr_par' dir='ltr' id='par_1_20' title="bbox 2210 614 3785 688">
     <span class='ocr_line' id='line_1_20' title="bbox 2210 614 3785 688; baseline 0.001 -19"><span class='ocrx_word' id='word_1_112' title='bbox 2210 617 2321 688; x_wconf 81' lang='grc' dir='ltr'><strong>γάρ</strong></span> <span class='ocrx_word' id='word_1_113' title='bbox 2368 615 2586 682; x_wconf 74' lang='grc' dir='ltr'>φύσεων</span> <span class='ocrx_word' id='word_1_114' title='bbox 2636 615 2830 676; x_wconf 75' lang='grc' dir='ltr'>ινωσις</span> <span class='ocrx_word' id='word_1_115' title='bbox 2880 614 3071 682; x_wconf 82' lang='grc' dir='ltr'>γέγονε</span> <span class='ocrx_word' id='word_1_116' title='bbox 3098 629 3112 643; x_wconf 80' lang='grc'><strong>’</strong></span> <span class='ocrx_word' id='word_1_117' title='bbox 3141 614 3223 667; x_wconf 83' lang='grc' dir='ltr'>διὸ</span> <span class='ocrx_word' id='word_1_118' title='bbox 3266 615 3363 668; x_wconf 73' lang='grc' dir='ltr'>ἕνα</span> <span class='ocrx_word' id='word_1_119' title='bbox 3406 615 3668 683; x_wconf 79' lang='grc' dir='ltr'>Χριστὸν,</span> <span class='ocrx_word' id='word_1_120' title='bbox 3700 617 3785 670; x_wconf 74' lang='grc' dir='ltr'>ἕνα</span> 
     </span>
    </p>
   </div>
   <div class='ocr_carea' id='block_1_21' title="bbox 2212 704 3783 778">
    <p class='ocr_par' dir='ltr' id='par_1_21' title="bbox 2212 704 3783 778">
     <span class='ocr_line' id='line_1_21' title="bbox 2212 704 3783 778; baseline -0.003 -17"><span class='ocrx_word' id='word_1_121' title='bbox 2212 708 2363 772; x_wconf 84' lang='grc' dir='ltr'>Υίδν,</span> <span class='ocrx_word' id='word_1_122' title='bbox 2387 708 2481 760; x_wconf 72' lang='grc' dir='ltr'>ἕνα</span> <span class='ocrx_word' id='word_1_123' title='bbox 2507 705 2710 776; x_wconf 82' lang='grc' dir='ltr'><strong>Κύριον</strong></span> <span class='ocrx_word' id='word_1_124' title='bbox 2736 704 3127 773; x_wconf 78' lang='grc' dir='ltr'>ὁμολογοῦμεν.</span> <span class='ocrx_word' id='word_1_125' title='bbox 3159 705 3315 758; x_wconf 81' lang='grc' dir='ltr'>Κατά</span> <span class='ocrx_word' id='word_1_126' title='bbox 3340 706 3545 777; x_wconf 78' lang='grc' dir='ltr'>ταύτην</span> <span class='ocrx_word' id='word_1_127' title='bbox 3571 707 3671 777; x_wconf 79' lang='grc' dir='ltr'>τὴν</span> <span class='ocrx_word' id='word_1_128' title='bbox 3700 710 3783 778; x_wconf 75' lang='grc' dir='ltr'>τῆς</span> 
     </span>
    </p>
   </div>
   <div class='ocr_carea' id='block_1_22' title="bbox 2208 795 3788 868">
    <p class='ocr_par' dir='ltr' id='par_1_22' title="bbox 2208 795 3788 868">
     <span class='ocr_line' id='line_1_22' title="bbox 2208 795 3788 868; baseline -0.003 -17"><span class='ocrx_word' id='word_1_129' title='bbox 2208 797 2517 868; x_wconf 86' lang='grc' dir='ltr'>ἀσυγχύτου</span> <span class='ocrx_word' id='word_1_130' title='bbox 2546 796 2791 859; x_wconf 77' lang='grc' dir='ltr'>ἑνώσεως</span> <span class='ocrx_word' id='word_1_131' title='bbox 2839 795 3046 849; x_wconf 74' lang='grc' dir='ltr'>ἔννοιαν</span> <span class='ocrx_word' id='word_1_132' title='bbox 3074 795 3444 865; x_wconf 76' lang='grc' dir='ltr'>ὁμολογοῦμεν</span> <span class='ocrx_word' id='word_1_133' title='bbox 3482 798 3585 868; x_wconf 69' lang='grc' dir='ltr'><strong>τὴν</strong></span> <span class='ocrx_word' id='word_1_134' title='bbox 3630 798 3788 866; x_wconf 80' lang='grc' dir='ltr'>ἁγίαν</span> 
     </span>
    </p>
   </div>
   <div class='ocr_carea' id='block_1_23' title="bbox 2209 886 3786 960">
    <p class='ocr_par' dir='ltr' id='par_1_23' title="bbox 2209 886 3786 960">
     <span class='ocr_line' id='line_1_23' title="bbox 2209 886 3786 960; baseline 0 -17"><span class='ocrx_word' id='word_1_135' title='bbox 2209 889 2486 959; x_wconf 81' lang='grc' dir='ltr'>Παρθένον</span> <span class='ocrx_word' id='word_1_136' title='bbox 2516 886 2798 951; x_wconf 82' lang='grc' dir='ltr'>Θεοτόκον,</span> <span class='ocrx_word' id='word_1_137' title='bbox 2826 886 2915 939; x_wconf 81' lang='grc' dir='ltr'><strong>διὰ</strong></span> <span class='ocrx_word' id='word_1_138' title='bbox 2962 886 3023 939; x_wconf 84' lang='grc' dir='ltr'>τὸ</span> <span class='ocrx_word' id='word_1_139' title='bbox 3052 886 3145 938; x_wconf 81' lang='grc' dir='ltr'>τὸν</span> <span class='ocrx_word' id='word_1_140' title='bbox 3189 886 3324 939; x_wconf 80' lang='grc' dir='ltr'>Θεὸν</span> <span class='ocrx_word' id='word_1_141' title='bbox 3368 889 3539 956; x_wconf 76' lang='grc' dir='ltr'>Λόγον</span> <span class='ocrx_word' id='word_1_142' title='bbox 3574 907 3786 960; x_wconf 77' lang='grc' dir='ltr'>σαρκω-</span> 
     </span>
    </p>
   </div>
   <div class='ocr_carea' id='block_1_24' title="bbox 2210 978 3784 1055">
    <p class='ocr_par' dir='ltr' id='par_1_24' title="bbox 2210 978 3784 1055">
     <span class='ocr_line' id='line_1_24' title="bbox 2210 978 3784 1055; baseline -0.006 -20"><span class='ocrx_word' id='word_1_143' title='bbox 2210 980 2390 1052; x_wconf 85' lang='grc' dir='ltr'>θῆναι,</span> <span class='ocrx_word' id='word_1_144' title='bbox 2423 979 2520 1033; x_wconf 75' lang='grc' dir='ltr'>καὶ</span> <span class='ocrx_word' id='word_1_145' title='bbox 2566 978 3008 1050; x_wconf 77' lang='grc' dir='ltr'>ἑνανθρωπῆσαι,</span> <span class='ocrx_word' id='word_1_146' title='bbox 3050 980 3143 1031; x_wconf 78' lang='grc' dir='ltr'>καὶ</span> <span class='ocrx_word' id='word_1_147' title='bbox 3184 979 3243 1046; x_wconf 75' lang='grc' dir='ltr'><strong>ἐξ</strong></span> <span class='ocrx_word' id='word_1_148' title='bbox 3270 982 3439 1052; x_wconf 81' lang='grc' dir='ltr'>αὐτῆς</span> <span class='ocrx_word' id='word_1_149' title='bbox 3465 984 3571 1051; x_wconf 73' lang='grc' dir='ltr'>τῆς</span> <span class='ocrx_word' id='word_1_150' title='bbox 3604 984 3784 1055; x_wconf 64' lang='grc' dir='ltr'>συλλή-</span> 
     </span>
    </p>
   </div>
   <div class='ocr_carea' id='block_1_25' title="bbox 2209 1069 3687 1145">
    <p class='ocr_par' dir='ltr' id='par_1_25' title="bbox 2209 1069 3687 1145">
     <span class='ocr_line' id='line_1_25' title="bbox 2209 1069 3687 1145; baseline 0.003 -18"><span class='ocrx_word' id='word_1_151' title='bbox 2209 1075 2357 1145; x_wconf 83' lang='grc' dir='ltr'>ψεως</span> <span class='ocrx_word' id='word_1_152' title='bbox 2388 1073 2592 1126; x_wconf 75' lang='grc' dir='ltr'>ἑνῶσαι</span> <span class='ocrx_word' id='word_1_153' title='bbox 2618 1070 2797 1140; x_wconf 80' lang='grc' dir='ltr'>ἐαυτῷ</span> <span class='ocrx_word' id='word_1_154' title='bbox 2829 1070 2921 1123; x_wconf 80' lang='grc' dir='ltr'>τὸν</span> <span class='ocrx_word' id='word_1_155' title='bbox 2946 1069 3005 1135; x_wconf 68' lang='grc' dir='ltr'><strong>ἐξ</strong></span> <span class='ocrx_word' id='word_1_156' title='bbox 3034 1070 3204 1142; x_wconf 78' lang='grc' dir='ltr'>αὐτῆς</span> <span class='ocrx_word' id='word_1_157' title='bbox 3228 1070 3503 1143; x_wconf 74' lang='grc' dir='ltr'>ληφθέντα</span> <span class='ocrx_word' id='word_1_158' title='bbox 3534 1075 3687 1131; x_wconf 80' lang='grc' dir='ltr'>ναόν.</span> 
     </span>
    </p>
   </div>
   <div class='ocr_carea' id='block_1_26' title="bbox 2317 1343 3690 1411">
    <p class='ocr_par' dir='ltr' id='par_1_26' title="bbox 2317 1343 3690 1411">
     <span class='ocr_line' id='line_1_26' title="bbox 2317 1343 3690 1411; baseline 0.001 -13"><span class='ocrx_word' id='word_1_159' title='bbox 2317 1343 2434 1398; x_wconf 85' lang='grc' dir='ltr'><strong>Τοῦ</strong></span> <span class='ocrx_word' id='word_1_160' title='bbox 2460 1343 2651 1398; x_wconf 84' lang='grc' dir='ltr'>αὐτοῦ</span> <span class='ocrx_word' id='word_1_161' title='bbox 2678 1344 2745 1396; x_wconf 86' lang='grc' dir='ltr'>ἐκ</span> <span class='ocrx_word' id='word_1_162' title='bbox 2781 1343 2889 1397; x_wconf 82' lang='grc' dir='ltr'><strong>τοῦ</strong></span> <span class='ocrx_word' id='word_1_163' title='bbox 2915 1346 3067 1411; x_wconf 83' lang='grc' dir='ltr'>πρὸς</span> <span class='ocrx_word' id='word_1_164' title='bbox 3094 1344 3202 1409; x_wconf 80' lang='grc' dir='ltr'>τὰς</span> <span class='ocrx_word' id='word_1_165' title='bbox 3244 1346 3690 1411; x_wconf 73' lang='grc' dir='ltr'>εὐσεϐεστάτας</span> 
     </span>
    </p>
   </div>
   <div class='ocr_carea' id='block_1_27' title="bbox 2564 1414 3443 1484">
    <p class='ocr_par' dir='ltr' id='par_1_27' title="bbox 2564 1414 3443 1484">
     <span class='ocr_line' id='line_1_27' title="bbox 2564 1414 3443 1484; baseline 0.006 -18"><span class='ocrx_word' id='word_1_166' title='bbox 2564 1414 2896 1478; x_wconf 78' lang='grc' dir='ltr'><strong>δεσποίνας</strong></span> <span class='ocrx_word' id='word_1_167' title='bbox 2922 1414 3443 1484; x_wconf 76' lang='grc' dir='ltr'>προσφωνητικοῦ.</span> 
     </span>
    </p>
   </div>
   <div class='ocr_carea' id='block_1_28' title="bbox 2280 1506 3781 1576">
    <p class='ocr_par' dir='ltr' id='par_1_28' title="bbox 2280 1506 3781 1576">
     <span class='ocr_line' id='line_1_28' title="bbox 2280 1506 3781 1576; baseline -0.001 -17"><span class='ocrx_word' id='word_1_168' title='bbox 2280 1508 2343 1559; x_wconf 83' lang='lat' dir='ltr'><strong>El</strong></span> <span class='ocrx_word' id='word_1_169' title='bbox 2400 1507 2475 1576; x_wconf 82' lang='grc' dir='ltr'>μὴ</span> <span class='ocrx_word' id='word_1_170' title='bbox 2539 1506 2725 1558; x_wconf 81' lang='grc' dir='ltr'>τέτοκε</span> <span class='ocrx_word' id='word_1_171' title='bbox 2792 1506 3073 1573; x_wconf 86' lang='grc' dir='ltr'>σαρκικῶς</span> <span class='ocrx_word' id='word_1_172' title='bbox 3132 1507 3491 1575; x_wconf 87' lang='grc' dir='ltr'>σαρκωθέντα</span> <span class='ocrx_word' id='word_1_173' title='bbox 3566 1508 3703 1560; x_wconf 77' lang='grc' dir='ltr'>Θεὸν</span> <span class='ocrx_word' id='word_1_174' title='bbox 3752 1510 3781 1575; x_wconf 76' lang='grc' dir='ltr'>ἡ</span> 
     </span>
    </p>
   </div>
   <div class='ocr_carea' id='block_1_29' title="bbox 2211 1597 3772 1667">
    <p class='ocr_par' dir='ltr' id='par_1_29' title="bbox 2211 1597 3772 1667">
     <span class='ocr_line' id='line_1_29' title="bbox 2211 1597 3772 1667; baseline -0.003 -15"><span class='ocrx_word' id='word_1_175' title='bbox 2211 1599 2345 1667; x_wconf 87' lang='grc' dir='ltr'>άγία</span> <span class='ocrx_word' id='word_1_176' title='bbox 2378 1598 2675 1667; x_wconf 81' lang='grc' dir='ltr'>Παρθένος,</span> <span class='ocrx_word' id='word_1_177' title='bbox 2710 1598 2860 1651; x_wconf 83' lang='grc' dir='ltr'>πᾶσά</span> <span class='ocrx_word' id='word_1_178' title='bbox 2896 1614 3011 1659; x_wconf 88' lang='grc' dir='ltr'><strong>πως</strong></span> <span class='ocrx_word' id='word_1_179' title='bbox 3040 1597 3257 1666; x_wconf 78' lang='grc' dir='ltr'><strong>ἀνάγκη</strong></span> <span class='ocrx_word' id='word_1_180' title='bbox 3285 1598 3381 1650; x_wconf 81' lang='grc' dir='ltr'>καὶ</span> <span class='ocrx_word' id='word_1_181' title='bbox 3412 1600 3514 1667; x_wconf 85' lang='grc' dir='ltr'><strong>οὐχ</strong></span> <span class='ocrx_word' id='word_1_182' title='bbox 3547 1599 3772 1659; x_wconf 74' lang='grc' dir='ltr'>ἑκόντας</span> 
     </span>
    </p>
   </div>
   <div class='ocr_carea' id='block_1_30' title="bbox 2211 1688 3780 1759">
    <p class='ocr_par' dir='ltr' id='par_1_30' title="bbox 2211 1688 3780 1759">
     <span class='ocr_line' id='line_1_30' title="bbox 2211 1688 3780 1759; baseline -0.003 -14"><span class='ocrx_word' id='word_1_183' title='bbox 2211 1691 2409 1751; x_wconf 77' lang='grc' dir='ltr'>αὐτοὺς</span> <span class='ocrx_word' id='word_1_184' title='bbox 2442 1688 2748 1758; x_wconf 80' lang='grc' dir='ltr'>ὁμολογεῖν,</span> <span class='ocrx_word' id='word_1_185' title='bbox 2771 1689 2855 1741; x_wconf 83' lang='grc' dir='ltr'>ὅτι</span> <span class='ocrx_word' id='word_1_186' title='bbox 2886 1688 3064 1741; x_wconf 80' lang='grc' dir='ltr'>κοινὸν</span> <span class='ocrx_word' id='word_1_187' title='bbox 3095 1689 3428 1757; x_wconf 70' lang='grc' dir='ltr'>γεγέννηκεν</span> <span class='ocrx_word' id='word_1_188' title='bbox 3466 1688 3780 1759; x_wconf 72' lang='grc' dir='ltr'>ἄνθρωπον,</span> 
     </span>
    </p>
   </div>
   <div class='ocr_carea' id='block_1_31' title="bbox 536 1774 2105 1849">
    <p class='ocr_par' dir='ltr' id='par_1_31' title="bbox 536 1776 2105 1844">
     <span class='ocr_line' id='line_1_31' title="bbox 536 1776 2105 1844; baseline -0.003 -9"><span class='ocrx_word' id='word_1_189' title='bbox 536 1782 706 1836; x_wconf 86' lang='lat' dir='ltr'><strong>nihilo</strong></span> <span class='ocrx_word' id='word_1_190' title='bbox 737 1778 1169 1834; x_wconf 84' lang='lat' dir='ltr'><strong>excellentiorem</strong></span> <span class='ocrx_word' id='word_1_191' title='bbox 1250 1779 1305 1832; x_wconf 91' lang='lat' dir='ltr'><strong>in</strong></span> <span class='ocrx_word' id='word_1_192' title='bbox 1346 1779 1524 1833; x_wconf 86' lang='lat' dir='ltr'><strong>lucem</strong></span> <span class='ocrx_word' id='word_1_193' title='bbox 1557 1779 1813 1834; x_wconf 82' lang='lat' dir='ltr'><strong>edidisse.</strong></span> <span class='ocrx_word' id='word_1_194' title='bbox 1862 1777 2015 1844; x_wconf 88' lang='lat' dir='ltr'><strong>Quod</strong></span> <span class='ocrx_word' id='word_1_195' title='bbox 2059 1776 2105 1831; x_wconf 88' lang='lat' dir='ltr'><strong>si</strong></span> 
     </span>
    </p>
   </div>
   <div class='ocr_carea' id='block_1_32' title="bbox 2208 1774 3781 1849">
    <p class='ocr_par' dir='ltr' id='par_1_32' title="bbox 2208 1774 3781 1849">
     <span class='ocr_line' id='line_1_32' title="bbox 2208 1774 3781 1849; baseline -0.003 -15"><span class='ocrx_word' id='word_1_196' title='bbox 2208 1782 2358 1835; x_wconf 71' lang='grc' dir='ltr'>οὐδὲν</span> <span class='ocrx_word' id='word_1_197' title='bbox 2389 1781 2579 1849; x_wconf 73' lang='grc' dir='ltr'>ἔχοντα</span> <span class='ocrx_word' id='word_1_198' title='bbox 2613 1780 2745 1848; x_wconf 79' lang='grc' dir='ltr'>παρ’</span> <span class='ocrx_word' id='word_1_199' title='bbox 2781 1781 2931 1849; x_wconf 75' lang='grc' dir='ltr'>ἡμᾶς</span> <span class='ocrx_word' id='word_1_200' title='bbox 2979 1780 3039 1833; x_wconf 72' lang='grc' dir='ltr'><strong>τὸ</strong></span> <span class='ocrx_word' id='word_1_201' title='bbox 3073 1780 3277 1833; x_wconf 79' lang='grc' dir='ltr'>πλεῖον.</span> <span class='ocrx_word' id='word_1_202' title='bbox 3311 1774 3449 1833; x_wconf 78' lang='grc' dir='ltr'>Εἶτα</span> <span class='ocrx_word' id='word_1_203' title='bbox 3479 1781 3605 1842; x_wconf 80' lang='grc' dir='ltr'><strong>πῶς</strong></span> <span class='ocrx_word' id='word_1_204' title='bbox 3640 1780 3781 1847; x_wconf 80' lang='grc' dir='ltr'><strong>αὐτῷ</strong></span> 
     </span>
    </p>
   </div>
   <div class='ocr_carea' id='block_1_33' title="bbox 536 1868 2107 1939">
    <p class='ocr_par' dir='ltr' id='par_1_33' title="bbox 536 1868 2107 1939">
     <span class='ocr_line' id='line_1_33' title="bbox 536 1868 2107 1939; baseline -0.003 -13"><span class='ocrx_word' id='word_1_205' title='bbox 536 1889 623 1928; x_wconf 91' lang='lat' dir='ltr'><strong>res</strong></span> <span class='ocrx_word' id='word_1_206' title='bbox 675 1873 745 1925; x_wconf 88' lang='lat' dir='ltr'><strong>ita</strong></span> <span class='ocrx_word' id='word_1_207' title='bbox 810 1886 869 1925; x_wconf 89' lang='lat' dir='ltr'><strong>se</strong></span> <span class='ocrx_word' id='word_1_208' title='bbox 930 1872 1123 1933; x_wconf 86' lang='lat' dir='ltr'><strong>habet.</strong></span> <span class='ocrx_word' id='word_1_209' title='bbox 1181 1885 1287 1939; x_wconf 87' lang='lat' dir='ltr'><strong>qua</strong></span> <span class='ocrx_word' id='word_1_210' title='bbox 1355 1873 1581 1924; x_wconf 86' lang='lat' dir='ltr'><strong>obsecro</strong></span> <span class='ocrx_word' id='word_1_211' title='bbox 1633 1868 1880 1933; x_wconf 87' lang='lat' dir='ltr'><strong>ratione,</strong></span> <span class='ocrx_word' id='word_1_212' title='bbox 1944 1883 2107 1923; x_wconf 90' lang='lat' dir='ltr'><strong>omne</strong></span> 
     </span>
    </p>
   </div>
   <div class='ocr_carea' id='block_1_34' title="bbox 533 1957 2107 2031">
    <p class='ocr_par' dir='ltr' id='par_1_34' title="bbox 533 1957 2107 2031">
     <span class='ocr_line' id='line_1_34' title="bbox 533 1957 2107 2031; baseline -0.001 -18"><span class='ocrx_word' id='word_1_213' title='bbox 533 1976 677 2031; x_wconf 83' lang='lat' dir='ltr'><strong>genu</strong></span> <span class='ocrx_word' id='word_1_214' title='bbox 718 1960 793 2013; x_wconf 88' lang='lat' dir='ltr'><strong>illi</strong></span> <span class='ocrx_word' id='word_1_215' title='bbox 850 1958 1264 2023; x_wconf 87' lang='lat' dir='ltr'><strong>iucurvabitur,</strong></span> <span class='ocrx_word' id='word_1_216' title='bbox 1314 1958 1601 2026; x_wconf 90' lang='lat' dir='ltr'><strong>omnisque</strong></span> <span class='ocrx_word' id='word_1_217' title='bbox 1651 1958 1831 2028; x_wconf 87' lang='lat' dir='ltr'><strong>lingua</strong></span> <span class='ocrx_word' id='word_1_218' title='bbox 1884 1957 2107 2013; x_wconf 82' lang='lat' dir='ltr'><strong>conﬁte-</strong></span> 
     </span>
    </p>
   </div>
   <div class='ocr_carea' id='block_1_35' title="bbox 536 2047 2105 2121">
    <p class='ocr_par' dir='ltr' id='par_1_35' title="bbox 536 2047 2105 2121">
     <span class='ocr_line' id='line_1_35' title="bbox 536 2047 2105 2121; baseline 0.001 -18"><span class='ocrx_word' id='word_1_219' title='bbox 536 2050 703 2113; x_wconf 88' lang='lat' dir='ltr'><strong>bitur,</strong></span> <span class='ocrx_word' id='word_1_220' title='bbox 758 2049 899 2118; x_wconf 89' lang='lat' dir='ltr'><strong>quod</strong></span> <span class='ocrx_word' id='word_1_221' title='bbox 948 2048 1209 2102; x_wconf 83' lang='lat' dir='ltr'><strong>Dominus</strong></span> <span class='ocrx_word' id='word_1_222' title='bbox 1257 2061 1443 2103; x_wconf 88' lang='lat' dir='ltr'><strong>noster</strong></span> <span class='ocrx_word' id='word_1_223' title='bbox 1488 2047 1646 2103; x_wconf 86' lang='lat' dir='ltr'><strong>Jesus</strong></span> <span class='ocrx_word' id='word_1_224' title='bbox 1700 2058 1784 2104; x_wconf 85' lang='lat' dir='ltr'><strong>est</strong></span> <span class='ocrx_word' id='word_1_225' title='bbox 1832 2051 1888 2103; x_wconf 91' lang='lat' dir='ltr'><strong>in</strong></span> <span class='ocrx_word' id='word_1_226' title='bbox 1934 2050 2105 2121; x_wconf 85' lang='lat' dir='ltr'><strong>gloria</strong></span> 
     </span>
    </p>
   </div>
   <div class='ocr_carea' id='block_1_36' title="bbox 532 2134 2106 2207">
    <p class='ocr_par' dir='ltr' id='par_1_36' title="bbox 532 2134 2106 2207">
     <span class='ocr_line' id='line_1_36' title="bbox 532 2134 2106 2207; baseline 0.001 -15"><span class='ocrx_word' id='word_1_227' title='bbox 532 2137 628 2192; x_wconf 90' lang='lat' dir='ltr'><strong>Dei</strong></span> <span class='ocrx_word' id='word_1_228' title='bbox 676 2134 928 2193; x_wconf 74' lang='lat' dir='ltr'><strong>Patris“!</strong></span> <span class='ocrx_word' id='word_1_229' title='bbox 986 2134 1271 2201; x_wconf 79' lang='lat' dir='ltr'><strong>Quomodo</strong></span> <span class='ocrx_word' id='word_1_230' title='bbox 1311 2138 1508 2207; x_wconf 89' lang='lat' dir='ltr'><strong>angeli,</strong></span> <span class='ocrx_word' id='word_1_231' title='bbox 1552 2147 1609 2194; x_wconf 87' lang='lat' dir='ltr'><strong>et</strong></span> <span class='ocrx_word' id='word_1_232' title='bbox 1652 2152 1808 2193; x_wconf 89' lang='lat' dir='ltr'><strong>sacer</strong></span> <span class='ocrx_word' id='word_1_233' title='bbox 1856 2138 1947 2193; x_wconf 91' lang='lat' dir='ltr'><strong>ille</strong></span> <span class='ocrx_word' id='word_1_234' title='bbox 1993 2154 2106 2194; x_wconf 77' lang='lat' dir='ltr'><strong>cte-</strong></span> 
     </span>
    </p>
   </div>
   <div class='ocr_carea' id='block_1_37' title="bbox 530 2226 2107 2283">
    <p class='ocr_par' dir='ltr' id='par_1_37' title="bbox 530 2226 2107 2283">
     <span class='ocr_line' id='line_1_37' title="bbox 530 2226 2107 2283; baseline 0.001 -1"><span class='ocrx_word' id='word_1_235' title='bbox 530 2227 746 2282; x_wconf 88' lang='lat' dir='ltr'><strong>lestium</strong></span> <span class='ocrx_word' id='word_1_236' title='bbox 816 2226 1075 2281; x_wconf 90' lang='lat' dir='ltr'><strong>virtutum</strong></span> <span class='ocrx_word' id='word_1_237' title='bbox 1138 2236 1312 2281; x_wconf 64' lang='lat' dir='ltr'><strong>caelus</strong></span> <span class='ocrx_word' id='word_1_238' title='bbox 1378 2228 1531 2282; x_wconf 86' lang='lat' dir='ltr'><strong>illum</strong></span> <span class='ocrx_word' id='word_1_239' title='bbox 1587 2228 1867 2283; x_wconf 80' lang='lat' dir='ltr'><strong>adoret&#39;?</strong></span> <span class='ocrx_word' id='word_1_240' title='bbox 1934 2226 2107 2283; x_wconf 84' lang='lat' dir='ltr'><strong>Num-</strong></span> 
     </span>
    </p>
   </div>
   <div class='ocr_carea' id='block_1_38' title="bbox 530 2316 2104 2385">
    <p class='ocr_par' dir='ltr' id='par_1_38' title="bbox 530 2316 2104 2385">
     <span class='ocr_line' id='line_1_38' title="bbox 530 2316 2104 2385; baseline 0.003 -16"><span class='ocrx_word' id='word_1_241' title='bbox 530 2316 663 2385; x_wconf 87' lang='lat' dir='ltr'><strong>quid</strong></span> <span class='ocrx_word' id='word_1_242' title='bbox 718 2316 991 2369; x_wconf 89' lang='lat' dir='ltr'><strong>hominem</strong></span> <span class='ocrx_word' id='word_1_243' title='bbox 1034 2331 1405 2380; x_wconf 86' lang='lat' dir='ltr'><strong>communem.</strong></span> <span class='ocrx_word' id='word_1_244' title='bbox 1435 2328 1491 2371; x_wconf 90' lang='lat' dir='ltr'><strong>et</strong></span> <span class='ocrx_word' id='word_1_245' title='bbox 1549 2333 1651 2373; x_wconf 91' lang='lat' dir='ltr'><strong>nos</strong></span> <span class='ocrx_word' id='word_1_246' title='bbox 1684 2326 1739 2373; x_wconf 88' lang='lat' dir='ltr'><strong>et</strong></span> <span class='ocrx_word' id='word_1_247' title='bbox 1788 2320 2104 2374; x_wconf 85' lang='lat' dir='ltr'><strong>universum</strong></span> 
     </span>
    </p>
   </div>
   <div class='ocr_carea' id='block_1_39' title="bbox 531 2406 2105 2477">
    <p class='ocr_par' dir='ltr' id='par_1_39' title="bbox 531 2406 2105 2477">
     <span class='ocr_line' id='line_1_39' title="bbox 531 2406 2105 2477; baseline 0.004 -18"><span class='ocrx_word' id='word_1_248' title='bbox 531 2406 733 2461; x_wconf 67' lang='lat' dir='ltr'><strong>malum</strong></span> <span class='ocrx_word' id='word_1_249' title='bbox 803 2406 1065 2462; x_wconf 75' lang='lat' dir='ltr'><strong>hactenus</strong></span> <span class='ocrx_word' id='word_1_250' title='bbox 1129 2409 1496 2477; x_wconf 85' lang='lat' dir='ltr'><strong>percolimus?</strong></span> <span class='ocrx_word' id='word_1_251' title='bbox 1553 2410 1755 2465; x_wconf 84' lang='lat' dir='ltr'><strong>Absit:</strong></span> <span class='ocrx_word' id='word_1_252' title='bbox 1809 2414 2105 2466; x_wconf 88' lang='lat' dir='ltr'><strong>adoramus</strong></span> 
     </span>
    </p>
   </div>
   <div class='ocr_carea' id='block_1_40' title="bbox 532 2495 2105 2573">
    <p class='ocr_par' dir='ltr' id='par_1_40' title="bbox 532 2495 2105 2573">
     <span class='ocr_line' id='line_1_40' title="bbox 532 2495 2105 2573; baseline 0.007 -25"><span class='ocrx_word' id='word_1_253' title='bbox 532 2496 677 2549; x_wconf 81' lang='lat' dir='ltr'><strong>cnim</strong></span> <span class='ocrx_word' id='word_1_254' title='bbox 715 2495 1123 2553; x_wconf 88' lang='lat' dir='ltr'><strong>Emmanuelem</strong></span> <span class='ocrx_word' id='word_1_255' title='bbox 1172 2507 1427 2569; x_wconf 89' lang='lat' dir='ltr'><strong>tanquam</strong></span> <span class='ocrx_word' id='word_1_256' title='bbox 1473 2517 1660 2555; x_wconf 81' lang='lat' dir='ltr'><strong>verum</strong></span> <span class='ocrx_word' id='word_1_257' title='bbox 1697 2500 1893 2558; x_wconf 89' lang='lat' dir='ltr'><strong>Deum.</strong></span> <span class='ocrx_word' id='word_1_258' title='bbox 1941 2504 2105 2573; x_wconf 82' lang='lat' dir='ltr'><strong>Atqui</strong></span> 
     </span>
    </p>
   </div>
   <div class='ocr_carea' id='block_1_41' title="bbox 531 2586 2100 2661">
    <p class='ocr_par' dir='ltr' id='par_1_41' title="bbox 531 2586 2100 2661">
     <span class='ocr_line' id='line_1_41' title="bbox 531 2586 2100 2661; baseline 0.004 -23"><span class='ocrx_word' id='word_1_259' title='bbox 531 2586 678 2639; x_wconf 92' lang='lat' dir='ltr'><strong>nulla</strong></span> <span class='ocrx_word' id='word_1_260' title='bbox 713 2587 925 2642; x_wconf 88' lang='lat' dir='ltr'><strong>ratione</strong></span> <span class='ocrx_word' id='word_1_261' title='bbox 972 2588 1186 2641; x_wconf 88' lang='lat' dir='ltr'><strong>adorari</strong></span> <span class='ocrx_word' id='word_1_262' title='bbox 1228 2598 1426 2658; x_wconf 88' lang='lat' dir='ltr'><strong>potest,</strong></span> <span class='ocrx_word' id='word_1_263' title='bbox 1460 2591 1566 2645; x_wconf 90' lang='lat' dir='ltr'><strong>nisi</strong></span> <span class='ocrx_word' id='word_1_264' title='bbox 1603 2592 1890 2647; x_wconf 84' lang='lat' dir='ltr'><strong>credamus</strong></span> <span class='ocrx_word' id='word_1_265' title='bbox 1924 2593 2100 2661; x_wconf 89' lang='lat' dir='ltr'><strong>ipsum</strong></span> 
     </span>
    </p>
   </div>
   <div class='ocr_carea' id='block_1_42' title="bbox 531 2676 2102 2749">
    <p class='ocr_par' dir='ltr' id='par_1_42' title="bbox 531 2676 2102 2749">
     <span class='ocr_line' id='line_1_42' title="bbox 531 2676 2102 2749; baseline 0.006 -20"><span class='ocrx_word' id='word_1_266' title='bbox 531 2676 625 2729; x_wconf 81' lang='lat' dir='ltr'><strong>Dei</strong></span> <span class='ocrx_word' id='word_1_267' title='bbox 660 2676 839 2733; x_wconf 84' lang='lat' dir='ltr'><strong>Patris</strong></span> <span class='ocrx_word' id='word_1_268' title='bbox 872 2678 1131 2744; x_wconf 87' lang='lat' dir='ltr'><strong>Verbum,</strong></span> <span class='ocrx_word' id='word_1_269' title='bbox 1154 2680 1297 2749; x_wconf 93' lang='lat' dir='ltr'><strong>quod</strong></span> <span class='ocrx_word' id='word_1_270' title='bbox 1326 2681 1396 2735; x_wconf 90' lang='lat' dir='ltr'><strong>ab</strong></span> <span class='ocrx_word' id='word_1_271' title='bbox 1424 2681 1674 2736; x_wconf 84' lang='lat' dir='ltr'><strong>universa</strong></span> <span class='ocrx_word' id='word_1_272' title='bbox 1693 2691 1941 2737; x_wconf 87' lang='lat' dir='ltr'><strong>creatura</strong></span> <span class='ocrx_word' id='word_1_273' title='bbox 1966 2684 2102 2738; x_wconf 82' lang='lat' dir='ltr'><strong>ado-</strong></span> 
     </span>
    </p>
   </div>
   <div class='ocr_carea' id='block_1_43' title="bbox 529 2770 2099 2841">
    <p class='ocr_par' dir='ltr' id='par_1_43' title="bbox 529 2770 2099 2841">
     <span class='ocr_line' id='line_1_43' title="bbox 529 2770 2099 2841; baseline 0.008 -23"><span class='ocrx_word' id='word_1_274' title='bbox 529 2777 701 2833; x_wconf 83' lang='lat' dir='ltr'><strong>ratur,</strong></span> <span class='ocrx_word' id='word_1_275' title='bbox 736 2771 1037 2825; x_wconf 85' lang='lat' dir='ltr'><strong>secundum</strong></span> <span class='ocrx_word' id='word_1_276' title='bbox 1088 2770 1403 2841; x_wconf 88' lang='lat' dir='ltr'><strong>Scripturas</strong></span> <span class='ocrx_word' id='word_1_277' title='bbox 1436 2788 1655 2827; x_wconf 90' lang='lat' dir='ltr'><strong>carnem</strong></span> <span class='ocrx_word' id='word_1_278' title='bbox 1700 2772 1907 2828; x_wconf 78' lang='lat' dir='ltr'><strong>factum</strong></span> <span class='ocrx_word' id='word_1_279' title='bbox 1942 2789 2099 2830; x_wconf 86' lang='lat' dir='ltr'><strong>esse:</strong></span> 
     </span>
    </p>
   </div>
   <div class='ocr_carea' id='block_1_44' title="bbox 538 2856 2105 2925">
    <p class='ocr_par' dir='ltr' id='par_1_44' title="bbox 538 2856 2105 2925">
     <span class='ocr_line' id='line_1_44' title="bbox 538 2856 2105 2925; baseline 0.004 -16"><span class='ocrx_word' id='word_1_280' title='bbox 538 2870 645 2909; x_wconf 89' lang='lat' dir='ltr'><strong>non</strong></span> <span class='ocrx_word' id='word_1_281' title='bbox 695 2856 836 2924; x_wconf 88' lang='lat' dir='ltr'><strong>quod</strong></span> <span class='ocrx_word' id='word_1_282' title='bbox 894 2858 946 2912; x_wconf 93' lang='lat' dir='ltr'><strong>in</strong></span> <span class='ocrx_word' id='word_1_283' title='bbox 1005 2872 1226 2914; x_wconf 88' lang='lat' dir='ltr'><strong>carnem</strong></span> <span class='ocrx_word' id='word_1_284' title='bbox 1281 2861 1617 2916; x_wconf 88' lang='lat' dir='ltr'><strong>demutatum</strong></span> <span class='ocrx_word' id='word_1_285' title='bbox 1675 2862 1972 2925; x_wconf 87' lang='lat' dir='ltr'><strong>transierit,</strong></span> <span class='ocrx_word' id='word_1_286' title='bbox 2009 2862 2105 2916; x_wconf 89' lang='lat' dir='ltr'><strong>sed</strong></span> 
     </span>
    </p>
   </div>
   <div class='ocr_carea' id='block_1_45' title="bbox 550 2943 2108 3016">
    <p class='ocr_par' dir='ltr' id='par_1_45' title="bbox 550 2943 2108 3016">
     <span class='ocr_line' id='line_1_45' title="bbox 550 2943 2108 3016; baseline 0.004 -20"><span class='ocrx_word' id='word_1_287' title='bbox 550 2944 693 3011; x_wconf 80' lang='lat' dir='ltr'><strong>quod</strong></span> <span class='ocrx_word' id='word_1_288' title='bbox 728 2958 793 2996; x_wconf 79' lang='lat' dir='ltr'><strong>ex</strong></span> <span class='ocrx_word' id='word_1_289' title='bbox 827 2943 939 3011; x_wconf 88' lang='lat' dir='ltr'><strong>ipsa</strong></span> <span class='ocrx_word' id='word_1_290' title='bbox 973 2957 1124 2997; x_wconf 87' lang='lat' dir='ltr'><strong>sacra</strong></span> <span class='ocrx_word' id='word_1_291' title='bbox 1159 2944 1378 3013; x_wconf 81' lang='lat' dir='ltr'><strong>Virgine</strong></span> <span class='ocrx_word' id='word_1_292' title='bbox 1408 2960 1625 3001; x_wconf 85' lang='lat' dir='ltr'><strong>carnem</strong></span> <span class='ocrx_word' id='word_1_293' title='bbox 1666 2949 1981 3016; x_wconf 86' lang='lat' dir='ltr'><strong>susceperit,</strong></span> <span class='ocrx_word' id='word_1_294' title='bbox 2010 2949 2108 3003; x_wconf 91' lang='lat' dir='ltr'><strong>hu-</strong></span> 
     </span>
    </p>
   </div>
   <div class='ocr_carea' id='block_1_46' title="bbox 2208 1869 3781 1941">
    <p class='ocr_par' dir='ltr' id='par_1_46' title="bbox 2208 1869 3781 1941">
     <span class='ocr_line' id='line_1_46' title="bbox 2208 1869 3781 1941; baseline -0.002 -17"><span class='ocrx_word' id='word_1_295' title='bbox 2208 1870 2421 1941; x_wconf 79' lang='grc' dir='ltr'>κάμψει</span> <span class='ocrx_word' id='word_1_296' title='bbox 2473 1871 2583 1923; x_wconf 79' lang='grc' dir='ltr'><strong>πᾶν</strong></span> <span class='ocrx_word' id='word_1_297' title='bbox 2633 1870 2786 1936; x_wconf 81' lang='grc' dir='ltr'>γόνυ,</span> <span class='ocrx_word' id='word_1_298' title='bbox 2830 1870 2925 1920; x_wconf 86' lang='grc' dir='ltr'>καὶ</span> <span class='ocrx_word' id='word_1_299' title='bbox 2981 1872 3127 1921; x_wconf 78' lang='grc' dir='ltr'>πᾶσα</span> <span class='ocrx_word' id='word_1_300' title='bbox 3175 1869 3399 1936; x_wconf 84' lang='grc' dir='ltr'>γλῶσσα</span> <span class='ocrx_word' id='word_1_301' title='bbox 3452 1872 3781 1939; x_wconf 63' lang='grc' dir='ltr'>ἐξομολογή-</span> 
     </span>
    </p>
   </div>
   <div class='ocr_carea' id='block_1_47' title="bbox 2207 1956 3781 2027">
    <p class='ocr_par' dir='ltr' id='par_1_47' title="bbox 2207 1956 3781 2027">
     <span class='ocr_line' id='line_1_47' title="bbox 2207 1956 3781 2027; baseline -0.002 -15"><span class='ocrx_word' id='word_1_302' title='bbox 2207 1976 2382 2024; x_wconf 83' lang='grc' dir='ltr'><strong>σεται,</strong></span> <span class='ocrx_word' id='word_1_303' title='bbox 2422 1959 2505 2012; x_wconf 85' lang='grc' dir='ltr'>ὄτι</span> <span class='ocrx_word' id='word_1_304' title='bbox 2549 1958 2755 2027; x_wconf 81' lang='grc' dir='ltr'>Κύριος</span> <span class='ocrx_word' id='word_1_305' title='bbox 2796 1959 3005 2024; x_wconf 78' lang='grc' dir='ltr'>Ἰησοῦς</span> <span class='ocrx_word' id='word_1_306' title='bbox 3043 1958 3280 2027; x_wconf 74' lang='grc' dir='ltr'>Χριστὸς</span> <span class='ocrx_word' id='word_1_307' title='bbox 3312 1959 3395 2017; x_wconf 73' lang='grc' dir='ltr'><strong>είς</strong></span> <span class='ocrx_word' id='word_1_308' title='bbox 3448 1956 3617 2021; x_wconf 79' lang='grc' dir='ltr'>δόξαν</span> <span class='ocrx_word' id='word_1_309' title='bbox 3654 1958 3781 2009; x_wconf 75' lang='grc' dir='ltr'>Θεοῦ</span> 
     </span>
    </p>
   </div>
   <div class='ocr_carea' id='block_1_48' title="bbox 2206 2048 3777 2119">
    <p class='ocr_par' dir='ltr' id='par_1_48' title="bbox 2206 2048 3777 2119">
     <span class='ocr_line' id='line_1_48' title="bbox 2206 2048 3777 2119; baseline -0.003 -15"><span class='ocrx_word' id='word_1_310' title='bbox 2206 2051 2455 2119; x_wconf 63' lang='lat' dir='ltr'><strong>Harp/Sc;</strong></span> <span class='ocrx_word' id='word_1_311' title='bbox 2492 2049 2613 2110; x_wconf 74' lang='grc' dir='ltr'><strong>Πῶς</strong></span> <span class='ocrx_word' id='word_1_312' title='bbox 2646 2048 2795 2117; x_wconf 84' lang='grc' dir='ltr'><strong>αῦτῷ</strong></span> <span class='ocrx_word' id='word_1_313' title='bbox 2826 2048 3229 2118; x_wconf 81' lang='grc' dir='ltr'><strong>προσκυνοῦσιν</strong></span> <span class='ocrx_word' id='word_1_314' title='bbox 3265 2049 3515 2116; x_wconf 76' lang='grc' dir='ltr'>ἄγγελοι,</span> <span class='ocrx_word' id='word_1_315' title='bbox 3548 2051 3647 2104; x_wconf 80' lang='grc' dir='ltr'>καὶ</span> <span class='ocrx_word' id='word_1_316' title='bbox 3678 2051 3777 2102; x_wconf 80' lang='grc' dir='ltr'>τῶν</span> 
     </span>
    </p>
   </div>
   <div class='ocr_carea' id='block_1_49' title="bbox 2205 2137 3778 2211">
    <p class='ocr_par' dir='ltr' id='par_1_49' title="bbox 2205 2137 3778 2211">
     <span class='ocr_line' id='line_1_49' title="bbox 2205 2137 3778 2211; baseline -0.001 -14"><span class='ocrx_word' id='word_1_317' title='bbox 2205 2143 2465 2197; x_wconf 81' lang='grc' dir='ltr'><strong>ἀνωτάτω</strong></span> <span class='ocrx_word' id='word_1_318' title='bbox 2517 2142 2798 2209; x_wconf 82' lang='grc' dir='ltr'><strong>δυνάμεων</strong></span> <span class='ocrx_word' id='word_1_319' title='bbox 2855 2142 2888 2211; x_wconf 75' lang='grc' dir='ltr'><strong>η</strong></span> <span class='ocrx_word' id='word_1_320' title='bbox 2938 2141 3067 2208; x_wconf 82' lang='grc' dir='ltr'>ἁγία</span> <span class='ocrx_word' id='word_1_321' title='bbox 3106 2141 3359 2210; x_wconf 81' lang='grc' dir='ltr'>πληθύς;</span> <span class='ocrx_word' id='word_1_322' title='bbox 3392 2137 3523 2210; x_wconf 77' lang='lat' dir='ltr'><strong>&#39;Ap‘</strong></span> <span class='ocrx_word' id='word_1_323' title='bbox 3567 2141 3664 2195; x_wconf 76' lang='grc' dir='ltr'>οὖν</span> <span class='ocrx_word' id='word_1_324' title='bbox 3691 2144 3778 2195; x_wconf 66' lang='grc' dir='ltr'>ἀνα</span> 
     </span>
    </p>
   </div>
   <div class='ocr_carea' id='block_1_50' title="bbox 2205 2228 3777 2302">
    <p class='ocr_par' dir='ltr' id='par_1_50' title="bbox 2205 2228 3777 2302">
     <span class='ocr_line' id='line_1_50' title="bbox 2205 2228 3777 2302; baseline -0.001 -17"><span class='ocrx_word' id='word_1_325' title='bbox 2205 2231 2407 2302; x_wconf 85' lang='grc' dir='ltr'>θρὼπῳ</span> <span class='ocrx_word' id='word_1_326' title='bbox 2455 2230 2619 2299; x_wconf 86' lang='grc' dir='ltr'>κοινῷ</span> <span class='ocrx_word' id='word_1_327' title='bbox 2666 2230 2997 2299; x_wconf 85' lang='grc' dir='ltr'>λελάτρευκε</span> <span class='ocrx_word' id='word_1_328' title='bbox 3049 2228 3174 2299; x_wconf 77' lang='grc' dir='ltr'>μεθ’</span> <span class='ocrx_word' id='word_1_329' title='bbox 3222 2231 3382 2300; x_wconf 78' lang='grc' dir='ltr'>ημῶν</span> <span class='ocrx_word' id='word_1_330' title='bbox 3434 2232 3528 2283; x_wconf 78' lang='grc' dir='ltr'><strong>καὶ</strong></span> <span class='ocrx_word' id='word_1_331' title='bbox 3562 2232 3777 2301; x_wconf 77' lang='grc' dir='ltr'>σύμπας</span> 
     </span>
    </p>
   </div>
   <div class='ocr_carea' id='block_1_51' title="bbox 2204 2320 3775 2392">
    <p class='ocr_par' dir='ltr' id='par_1_51' title="bbox 2204 2320 3775 2392">
     <span class='ocr_line' id='line_1_51' title="bbox 2204 2320 3775 2392; baseline -0.001 -17"><span class='ocrx_word' id='word_1_332' title='bbox 2204 2326 2232 2376; x_wconf 87' lang='lat'><strong>6</strong></span> <span class='ocrx_word' id='word_1_333' title='bbox 2266 2323 2527 2392; x_wconf 84' lang='grc' dir='ltr'>οὐρανός;</span> <span class='ocrx_word' id='word_1_334' title='bbox 2554 2322 2646 2392; x_wconf 82' lang='grc' dir='ltr'><strong>Μὴ</strong></span> <span class='ocrx_word' id='word_1_335' title='bbox 2674 2322 2885 2389; x_wconf 79' lang='grc' dir='ltr'>γένοιτο</span> <span class='ocrx_word' id='word_1_336' title='bbox 2907 2338 2920 2351; x_wconf 87' lang='grc'><strong>·</strong></span> <span class='ocrx_word' id='word_1_337' title='bbox 2959 2320 3378 2390; x_wconf 78' lang='grc' dir='ltr'>προσκυνοῦμεν</span> <span class='ocrx_word' id='word_1_338' title='bbox 3408 2322 3515 2389; x_wconf 79' lang='grc' dir='ltr'>γὰρ</span> <span class='ocrx_word' id='word_1_339' title='bbox 3547 2321 3627 2385; x_wconf 80' lang='grc' dir='ltr'><strong>ὡς</strong></span> <span class='ocrx_word' id='word_1_340' title='bbox 3650 2321 3775 2373; x_wconf 76' lang='grc' dir='ltr'>Θεὸν</span> 
     </span>
    </p>
   </div>
   <div class='ocr_carea' id='block_1_52' title="bbox 2205 2412 3773 2484">
    <p class='ocr_par' dir='ltr' id='par_1_52' title="bbox 2205 2412 3773 2484">
     <span class='ocr_line' id='line_1_52' title="bbox 2205 2412 3773 2484; baseline -0.002 -15"><span class='ocrx_word' id='word_1_341' title='bbox 2205 2412 2461 2484; x_wconf 81' lang='grc' dir='ltr'>ἀληθινὸν</span> <span class='ocrx_word' id='word_1_342' title='bbox 2508 2415 2600 2467; x_wconf 84' lang='grc' dir='ltr'>τὸν</span> <span class='ocrx_word' id='word_1_343' title='bbox 2662 2414 3039 2484; x_wconf 83' lang='grc' dir='ltr'>Ἐμμανουήλ.</span> <span class='ocrx_word' id='word_1_344' title='bbox 3080 2414 3274 2465; x_wconf 87' lang='grc' dir='ltr'>Ἔσται</span> <span class='ocrx_word' id='word_1_345' title='bbox 3326 2414 3383 2465; x_wconf 74' lang='grc' dir='ltr'>δὲ</span> <span class='ocrx_word' id='word_1_346' title='bbox 3423 2414 3525 2483; x_wconf 76' lang='grc' dir='ltr'><strong>οὐχ</strong></span> <span class='ocrx_word' id='word_1_347' title='bbox 3579 2414 3773 2482; x_wconf 77' lang='grc' dir='ltr'>ἑτέρως</span> 
     </span>
    </p>
   </div>
   <div class='ocr_carea' id='block_1_53' title="bbox 2207 2506 3773 2579">
    <p class='ocr_par' dir='ltr' id='par_1_53' title="bbox 2207 2506 3773 2579">
     <span class='ocr_line' id='line_1_53' title="bbox 2207 2506 3773 2579; baseline -0.003 -19"><span class='ocrx_word' id='word_1_348' title='bbox 2207 2506 2602 2579; x_wconf 76' lang='grc' dir='ltr'>προσκυνητὸς.</span> <span class='ocrx_word' id='word_1_349' title='bbox 2634 2506 2727 2558; x_wconf 82' lang='grc' dir='ltr'><strong>ὲάν</strong></span> <span class='ocrx_word' id='word_1_350' title='bbox 2773 2508 2849 2573; x_wconf 78' lang='grc' dir='ltr'>μὴ</span> <span class='ocrx_word' id='word_1_351' title='bbox 2902 2506 3273 2574; x_wconf 74' lang='grc' dir='ltr'>πιστεύωμν,</span> <span class='ocrx_word' id='word_1_352' title='bbox 3312 2506 3396 2558; x_wconf 83' lang='grc' dir='ltr'>ὅτι</span> <span class='ocrx_word' id='word_1_353' title='bbox 3436 2506 3608 2566; x_wconf 74' lang='grc' dir='ltr'>αὐτὸς</span> <span class='ocrx_word' id='word_1_354' title='bbox 3645 2507 3673 2557; x_wconf 94' lang='lat'><strong>6</strong></span> <span class='ocrx_word' id='word_1_355' title='bbox 3714 2508 3773 2555; x_wconf 79' lang='grc' dir='ltr'>ἐκ</span> 
     </span>
    </p>
   </div>
   <div class='ocr_carea' id='block_1_54' title="bbox 2205 2593 3776 2667">
    <p class='ocr_par' dir='ltr' id='par_1_54' title="bbox 2205 2593 3776 2667">
     <span class='ocr_line' id='line_1_54' title="bbox 2205 2593 3776 2667; baseline -0.004 -15"><span class='ocrx_word' id='word_1_356' title='bbox 2205 2598 2338 2652; x_wconf 86' lang='grc' dir='ltr'>Θεοῦ</span> <span class='ocrx_word' id='word_1_357' title='bbox 2364 2597 2557 2665; x_wconf 81' lang='grc' dir='ltr'>Λόγος,</span> <span class='ocrx_word' id='word_1_358' title='bbox 2592 2599 2620 2648; x_wconf 97' lang='lat'><strong>6</strong></span> <span class='ocrx_word' id='word_1_359' title='bbox 2646 2598 2797 2665; x_wconf 70' lang='grc' dir='ltr'>παρὰ</span> <span class='ocrx_word' id='word_1_360' title='bbox 2825 2596 3008 2663; x_wconf 84' lang='grc' dir='ltr'>πάσης</span> <span class='ocrx_word' id='word_1_361' title='bbox 3040 2598 3141 2667; x_wconf 74' lang='grc' dir='ltr'>τῆς</span> <span class='ocrx_word' id='word_1_362' title='bbox 3172 2596 3406 2657; x_wconf 79' lang='grc' dir='ltr'>κτίσεως</span> <span class='ocrx_word' id='word_1_363' title='bbox 3438 2593 3776 2663; x_wconf 80' lang='grc' dir='ltr'>προσκυνού-</span> 
     </span>
    </p>
   </div>
   <div class='ocr_carea' id='block_1_55' title="bbox 2206 2684 3765 2757">
    <p class='ocr_par' dir='ltr' id='par_1_55' title="bbox 2206 2684 3765 2757">
     <span class='ocr_line' id='line_1_55' title="bbox 2206 2684 3765 2757; baseline -0.004 -18"><span class='ocrx_word' id='word_1_364' title='bbox 2206 2704 2387 2757; x_wconf 83' lang='grc' dir='ltr'>μενος,</span> <span class='ocrx_word' id='word_1_365' title='bbox 2432 2685 2568 2754; x_wconf 79' lang='grc' dir='ltr'><strong>σὰρξ</strong></span> <span class='ocrx_word' id='word_1_366' title='bbox 2627 2686 2845 2751; x_wconf 78' lang='grc' dir='ltr'>ἐγένετο</span> <span class='ocrx_word' id='word_1_367' title='bbox 2893 2685 3036 2736; x_wconf 85' lang='grc' dir='ltr'><strong>κατά</strong></span> <span class='ocrx_word' id='word_1_368' title='bbox 3088 2685 3184 2747; x_wconf 81' lang='grc' dir='ltr'>τὰς</span> <span class='ocrx_word' id='word_1_369' title='bbox 3226 2684 3492 2751; x_wconf 82' lang='grc' dir='ltr'>Γραφάς·</span> <span class='ocrx_word' id='word_1_370' title='bbox 3531 2685 3638 2736; x_wconf 71' lang='grc' dir='ltr'>οὐκ</span> <span class='ocrx_word' id='word_1_371' title='bbox 3690 2686 3765 2744; x_wconf 79' lang='grc' dir='ltr'><strong>είς</strong></span> 
     </span>
    </p>
   </div>
   <div class='ocr_carea' id='block_1_56' title="bbox 2205 2773 3772 2846">
    <p class='ocr_par' dir='ltr' id='par_1_56' title="bbox 2205 2773 3772 2846">
     <span class='ocr_line' id='line_1_56' title="bbox 2205 2773 3772 2846; baseline -0.003 -19"><span class='ocrx_word' id='word_1_372' title='bbox 2205 2777 2383 2846; x_wconf 84' lang='grc' dir='ltr'>σάρκα</span> <span class='ocrx_word' id='word_1_373' title='bbox 2418 2774 2916 2842; x_wconf 78' lang='grc' dir='ltr'>μεταδεδλημένος,</span> <span class='ocrx_word' id='word_1_374' title='bbox 2939 2773 3053 2828; x_wconf 81' lang='grc' dir='ltr'>ἀλλ’</span> <span class='ocrx_word' id='word_1_375' title='bbox 3089 2774 3155 2827; x_wconf 75' lang='grc' dir='ltr'>ὲκ</span> <span class='ocrx_word' id='word_1_376' title='bbox 3182 2775 3279 2842; x_wconf 80' lang='grc' dir='ltr'>τῆς</span> <span class='ocrx_word' id='word_1_377' title='bbox 3309 2773 3473 2841; x_wconf 88' lang='grc' dir='ltr'>άγίας</span> <span class='ocrx_word' id='word_1_378' title='bbox 3496 2773 3772 2842; x_wconf 74' lang='grc' dir='ltr'>Παρθένου</span> 
     </span>
    </p>
   </div>
   <div class='ocr_carea' id='block_1_57' title="bbox 2208 2863 3768 2939">
    <p class='ocr_par' dir='ltr' id='par_1_57' title="bbox 2208 2863 3768 2939">
     <span class='ocr_line' id='line_1_57' title="bbox 2208 2863 3768 2939; baseline 0.004 -24"><span class='ocrx_word' id='word_1_379' title='bbox 2208 2863 2386 2933; x_wconf 84' lang='grc' dir='ltr'>σάρκα</span> <span class='ocrx_word' id='word_1_380' title='bbox 2420 2864 2614 2928; x_wconf 61' lang='grc' dir='ltr'>λαϐὼν,</span> <span class='ocrx_word' id='word_1_381' title='bbox 2652 2864 2726 2927; x_wconf 87' lang='grc' dir='ltr'>ὼς</span> <span class='ocrx_word' id='word_1_382' title='bbox 2754 2866 2909 2934; x_wconf 73' lang='grc' dir='ltr'>ἔφην,</span> <span class='ocrx_word' id='word_1_383' title='bbox 2945 2866 3040 2919; x_wconf 77' lang='grc' dir='ltr'>καὶ</span> <span class='ocrx_word' id='word_1_384' title='bbox 3080 2868 3429 2938; x_wconf 75' lang='grc' dir='ltr'>ἀνθρωπίνην</span> <span class='ocrx_word' id='word_1_385' title='bbox 3461 2870 3585 2938; x_wconf 77' lang='grc' dir='ltr'>μεθ’</span> <span class='ocrx_word' id='word_1_386' title='bbox 3622 2867 3768 2939; x_wconf 77' lang='grc' dir='ltr'>ἡμῶν</span> 
     </span>
    </p>
   </div>
   <div class='ocr_carea' id='block_1_58' title="bbox 2213 2952 3767 3027">
    <p class='ocr_par' dir='ltr' id='par_1_58' title="bbox 2213 2952 3767 3027">
     <span class='ocr_line' id='line_1_58' title="bbox 2213 2952 3767 3027; baseline 0.003 -23"><span class='ocrx_word' id='word_1_387' title='bbox 2213 2952 2509 3021; x_wconf 73' lang='grc' dir='ltr'>ὑπομείνας</span> <span class='ocrx_word' id='word_1_388' title='bbox 2558 2955 2848 3023; x_wconf 83' lang='grc' dir='ltr'>γέννησιν·</span> <span class='ocrx_word' id='word_1_389' title='bbox 2912 2956 3000 3008; x_wconf 78' lang='grc' dir='ltr'>ἵνα</span> <span class='ocrx_word' id='word_1_390' title='bbox 3054 2958 3146 3009; x_wconf 77' lang='grc' dir='ltr'>καὶ</span> <span class='ocrx_word' id='word_1_391' title='bbox 3195 2959 3477 3027; x_wconf 79' lang='grc' dir='ltr'>ἄνθρωπος</span> <span class='ocrx_word' id='word_1_392' title='bbox 3532 2958 3767 3026; x_wconf 83' lang='grc' dir='ltr'>γεγονὼς</span> 
     </span>
    </p>
   </div>
   <div class='ocr_carea' id='block_1_59' title="bbox 543 3034 2105 3117">
    <p class='ocr_par' dir='ltr' id='par_1_59' title="bbox 543 3034 2103 3104">
     <span class='ocr_line' id='line_1_59' title="bbox 543 3034 2103 3104; baseline 0.003 -18"><span class='ocrx_word' id='word_1_393' title='bbox 543 3046 893 3100; x_wconf 88' lang='lat' dir='ltr'><strong>manamque,</strong></span> <span class='ocrx_word' id='word_1_394' title='bbox 945 3042 1003 3085; x_wconf 91' lang='lat' dir='ltr'><strong>ut</strong></span> <span class='ocrx_word' id='word_1_395' title='bbox 1056 3042 1181 3086; x_wconf 84' lang='lat' dir='ltr'><strong>ante</strong></span> <span class='ocrx_word' id='word_1_396' title='bbox 1235 3034 1536 3102; x_wconf 80' lang='lat' dir='ltr'><strong>expositum</strong></span> <span class='ocrx_word' id='word_1_397' title='bbox 1592 3047 1697 3101; x_wconf 86' lang='lat' dir='ltr'><strong>est,</strong></span> <span class='ocrx_word' id='word_1_398' title='bbox 1751 3037 2103 3104; x_wconf 76' lang='lat' dir='ltr'><strong>nativitatem,</strong></span> 
     </span>
    </p>
   </div>
   <div class='ocr_carea' id='block_1_60' title="bbox 2208 3034 3764 3117">
    <p class='ocr_par' dir='ltr' id='par_1_60' title="bbox 2209 3042 3764 3117">
     <span class='ocr_line' id='line_1_60' title="bbox 2209 3042 3764 3117; baseline 0.001 -23"><span class='ocrx_word' id='word_1_399' title='bbox 2209 3042 2349 3112; x_wconf 86' lang='grc' dir='ltr'>ὑπὲρ</span> <span class='ocrx_word' id='word_1_400' title='bbox 2403 3045 2578 3113; x_wconf 79' lang='grc' dir='ltr'>ὴμῶν,</span> <span class='ocrx_word' id='word_1_401' title='bbox 2624 3045 2869 3116; x_wconf 80' lang='grc' dir='ltr'>ἀποθάνῃ</span> <span class='ocrx_word' id='word_1_402' title='bbox 2912 3046 3010 3113; x_wconf 82' lang='grc' dir='ltr'>μὲν</span> <span class='ocrx_word' id='word_1_403' title='bbox 3059 3047 3433 3117; x_wconf 79' lang='grc' dir='ltr'>ἀνθρωπίνως,</span> <span class='ocrx_word' id='word_1_404' title='bbox 3468 3049 3679 3115; x_wconf 77' lang='grc' dir='ltr'>ἀναστῇ</span> <span class='ocrx_word' id='word_1_405' title='bbox 3713 3045 3764 3097; x_wconf 83' lang='grc' dir='ltr'>δὲ</span> 
     </span>
    </p>
   </div>
   <div class='ocr_carea' id='block_1_61' title="bbox 540 3122 2104 3194">
    <p class='ocr_par' dir='ltr' id='par_1_61' title="bbox 540 3122 2104 3194">
     <span class='ocr_line' id='line_1_61' title="bbox 540 3122 2104 3194; baseline 0.005 -19"><span class='ocrx_word' id='word_1_406' title='bbox 540 3122 767 3192; x_wconf 87' lang='lat' dir='ltr'><strong>perinde</strong></span> <span class='ocrx_word' id='word_1_407' title='bbox 794 3138 859 3177; x_wconf 91' lang='lat' dir='ltr'><strong>ac</strong></span> <span class='ocrx_word' id='word_1_408' title='bbox 887 3137 1003 3186; x_wconf 88' lang='lat' dir='ltr'><strong>nos,</strong></span> <span class='ocrx_word' id='word_1_409' title='bbox 1035 3124 1327 3191; x_wconf 90' lang='lat' dir='ltr'><strong>subiverit;</strong></span> <span class='ocrx_word' id='word_1_410' title='bbox 1364 3140 1469 3194; x_wconf 91' lang='lat' dir='ltr'><strong>quo</strong></span> <span class='ocrx_word' id='word_1_411' title='bbox 1504 3126 1759 3181; x_wconf 91' lang='lat' dir='ltr'><strong>nimirum</strong></span> <span class='ocrx_word' id='word_1_412' title='bbox 1803 3127 1965 3182; x_wconf 87' lang='lat' dir='ltr'><strong>homo</strong></span> <span class='ocrx_word' id='word_1_413' title='bbox 2006 3144 2104 3183; x_wconf 89' lang='lat' dir='ltr'><strong>no-</strong></span> 
     </span>
    </p>
   </div>
   <div class='ocr_carea' id='block_1_62' title="bbox 539 3213 2104 3283">
    <p class='ocr_par' dir='ltr' id='par_1_62' title="bbox 539 3213 2104 3283">
     <span class='ocr_line' id='line_1_62' title="bbox 539 3213 2104 3283; baseline 0.001 -14"><span class='ocrx_word' id='word_1_414' title='bbox 539 3215 636 3269; x_wconf 72' lang='lat' dir='ltr'><strong>stri</strong></span> <span class='ocrx_word' id='word_1_415' title='bbox 674 3229 832 3269; x_wconf 89' lang='lat' dir='ltr'><strong>causa</strong></span> <span class='ocrx_word' id='word_1_416' title='bbox 865 3213 1086 3281; x_wconf 82' lang='lat' dir='ltr'><strong>factum,</strong></span> <span class='ocrx_word' id='word_1_417' title='bbox 1120 3230 1272 3269; x_wconf 89' lang='lat' dir='ltr'><strong>more</strong></span> <span class='ocrx_word' id='word_1_418' title='bbox 1305 3215 1524 3283; x_wconf 88' lang='lat' dir='ltr'><strong>quidem</strong></span> <span class='ocrx_word' id='word_1_419' title='bbox 1555 3215 1786 3270; x_wconf 89' lang='lat' dir='ltr'><strong>aliorum</strong></span> <span class='ocrx_word' id='word_1_420' title='bbox 1828 3217 2104 3271; x_wconf 89' lang='lat' dir='ltr'><strong>hominum</strong></span> 
     </span>
    </p>
   </div>
   <div class='ocr_carea' id='block_1_63' title="bbox 541 3306 2104 3377">
    <p class='ocr_par' dir='ltr' id='par_1_63' title="bbox 541 3306 2104 3377">
     <span class='ocr_line' id='line_1_63' title="bbox 541 3306 2104 3377; baseline 0.004 -20"><span class='ocrx_word' id='word_1_421' title='bbox 541 3316 768 3359; x_wconf 84' lang='lat' dir='ltr'><strong>mortem</strong></span> <span class='ocrx_word' id='word_1_422' title='bbox 800 3314 1096 3374; x_wconf 86' lang='lat' dir='ltr'><strong>pateretur,</strong></span> <span class='ocrx_word' id='word_1_423' title='bbox 1140 3306 1449 3375; x_wconf 89' lang='lat' dir='ltr'><strong>proculcato</strong></span> <span class='ocrx_word' id='word_1_424' title='bbox 1480 3316 1657 3361; x_wconf 90' lang='lat' dir='ltr'><strong>autem</strong></span> <span class='ocrx_word' id='word_1_425' title='bbox 1702 3308 1892 3362; x_wconf 91' lang='lat' dir='ltr'><strong>mortis</strong></span> <span class='ocrx_word' id='word_1_426' title='bbox 1935 3308 2104 3377; x_wconf 87' lang='lat' dir='ltr'><strong>impe-</strong></span> 
     </span>
    </p>
   </div>
   <div class='ocr_carea' id='block_1_64' title="bbox 541 3391 2105 3464">
    <p class='ocr_par' dir='ltr' id='par_1_64' title="bbox 541 3391 2105 3464">
     <span class='ocr_line' id='line_1_64' title="bbox 541 3391 2105 3464; baseline 0.006 -22"><span class='ocrx_word' id='word_1_427' title='bbox 541 3391 642 3455; x_wconf 91' lang='lat' dir='ltr'><strong>rio,</strong></span> <span class='ocrx_word' id='word_1_428' title='bbox 674 3391 854 3447; x_wconf 85' lang='lat' dir='ltr'><strong>divina</strong></span> <span class='ocrx_word' id='word_1_429' title='bbox 890 3394 941 3447; x_wconf 92' lang='lat' dir='ltr'><strong>vi</strong></span> <span class='ocrx_word' id='word_1_430' title='bbox 978 3409 1191 3449; x_wconf 88' lang='lat' dir='ltr'><strong>rursum</strong></span> <span class='ocrx_word' id='word_1_431' title='bbox 1232 3406 1560 3464; x_wconf 86' lang='lat' dir='ltr'><strong>resurgeret.</strong></span> <span class='ocrx_word' id='word_1_432' title='bbox 1607 3394 1718 3449; x_wconf 88' lang='lat' dir='ltr'><strong>Hoc</strong></span> <span class='ocrx_word' id='word_1_433' title='bbox 1761 3396 1903 3450; x_wconf 88' lang='lat' dir='ltr'><strong>enim</strong></span> <span class='ocrx_word' id='word_1_434' title='bbox 1945 3398 2105 3452; x_wconf 90' lang='lat' dir='ltr'><strong>modo</strong></span> 
     </span>
    </p>
   </div>
   <div class='ocr_carea' id='block_1_65' title="bbox 539 3478 2106 3553">
    <p class='ocr_par' dir='ltr' id='par_1_65' title="bbox 539 3478 2106 3553">
     <span class='ocr_line' id='line_1_65' title="bbox 539 3478 2106 3553; baseline 0.006 -22"><span class='ocrx_word' id='word_1_435' title='bbox 539 3478 741 3534; x_wconf 79' lang='lat' dir='ltr'><strong>factum</strong></span> <span class='ocrx_word' id='word_1_436' title='bbox 775 3490 880 3546; x_wconf 91' lang='lat' dir='ltr'><strong>est,</strong></span> <span class='ocrx_word' id='word_1_437' title='bbox 910 3490 970 3536; x_wconf 92' lang='lat' dir='ltr'><strong>ut</strong></span> <span class='ocrx_word' id='word_1_438' title='bbox 1012 3496 1110 3538; x_wconf 89' lang='lat' dir='ltr'><strong>nos</strong></span> <span class='ocrx_word' id='word_1_439' title='bbox 1155 3497 1372 3551; x_wconf 90' lang='lat' dir='ltr'><strong>quoque</strong></span> <span class='ocrx_word' id='word_1_440' title='bbox 1416 3498 1512 3552; x_wconf 87' lang='lat' dir='ltr'><strong>per</strong></span> <span class='ocrx_word' id='word_1_441' title='bbox 1558 3483 1833 3540; x_wconf 87' lang='lat' dir='ltr'><strong>Christum</strong></span> <span class='ocrx_word' id='word_1_442' title='bbox 1869 3486 2106 3553; x_wconf 85' lang='lat' dir='ltr'><strong>vincere,</strong></span> 
     </span>
    </p>
   </div>
   <div class='ocr_carea' id='block_1_66' title="bbox 538 3571 2106 3643">
    <p class='ocr_par' dir='ltr' id='par_1_66' title="bbox 538 3571 2106 3643">
     <span class='ocr_line' id='line_1_66' title="bbox 538 3571 2106 3643; baseline 0.005 -20"><span class='ocrx_word' id='word_1_443' title='bbox 538 3578 865 3639; x_wconf 88' lang='lat' dir='ltr'><strong>peccatoque</strong></span> <span class='ocrx_word' id='word_1_444' title='bbox 901 3571 1185 3637; x_wconf 84' lang='lat' dir='ltr'><strong>debellato,</strong></span> <span class='ocrx_word' id='word_1_445' title='bbox 1214 3588 1277 3627; x_wconf 88' lang='lat' dir='ltr'><strong>ac</strong></span> <span class='ocrx_word' id='word_1_446' title='bbox 1311 3574 1481 3641; x_wconf 88' lang='lat' dir='ltr'><strong>posita</strong></span> <span class='ocrx_word' id='word_1_447' title='bbox 1535 3575 1881 3643; x_wconf 87' lang='lat' dir='ltr'><strong>corruptione</strong></span> <span class='ocrx_word' id='word_1_448' title='bbox 1903 3615 1918 3641; x_wconf 89' lang='lat'><strong>,</strong></span> <span class='ocrx_word' id='word_1_449' title='bbox 1959 3592 2106 3631; x_wconf 87' lang='lat' dir='ltr'><strong>mor-</strong></span> 
     </span>
    </p>
   </div>
   <div class='ocr_carea' id='block_1_67' title="bbox 542 3660 2103 3734">
    <p class='ocr_par' dir='ltr' id='par_1_67' title="bbox 542 3660 2103 3734">
     <span class='ocr_line' id='line_1_67' title="bbox 542 3660 2103 3734; baseline 0.004 -20"><span class='ocrx_word' id='word_1_450' title='bbox 542 3672 647 3717; x_wconf 89' lang='lat' dir='ltr'><strong>tem</strong></span> <span class='ocrx_word' id='word_1_451' title='bbox 677 3660 908 3731; x_wconf 77' lang='lat' dir='ltr'><strong>cﬁ&#39;ugere</strong></span> <span class='ocrx_word' id='word_1_452' title='bbox 940 3676 1239 3730; x_wconf 88' lang='lat' dir='ltr'><strong>possemus,</strong></span> <span class='ocrx_word' id='word_1_453' title='bbox 1270 3662 1562 3733; x_wconf 64' lang='lat' dir='ltr'><strong>laetitiaque</strong></span> <span class='ocrx_word' id='word_1_454' title='bbox 1610 3664 1662 3717; x_wconf 93' lang='lat' dir='ltr'><strong>in</strong></span> <span class='ocrx_word' id='word_1_455' title='bbox 1701 3664 1921 3719; x_wconf 88' lang='lat' dir='ltr'><strong>Christo</strong></span> <span class='ocrx_word' id='word_1_456' title='bbox 1963 3666 2103 3734; x_wconf 86' lang='lat' dir='ltr'><strong>pleni</strong></span> 
     </span>
    </p>
   </div>
   <div class='ocr_carea' id='block_1_68' title="bbox 2208 3132 3767 3207">
    <p class='ocr_par' dir='ltr' id='par_1_68' title="bbox 2208 3132 3767 3207">
     <span class='ocr_line' id='line_1_68' title="bbox 2208 3132 3767 3207; baseline 0.001 -22"><span class='ocrx_word' id='word_1_457' title='bbox 2208 3132 2428 3196; x_wconf 87' lang='grc' dir='ltr'>θεῖκῶς,</span> <span class='ocrx_word' id='word_1_458' title='bbox 2459 3137 2705 3207; x_wconf 77' lang='grc' dir='ltr'>πατήσας</span> <span class='ocrx_word' id='word_1_459' title='bbox 2742 3135 2836 3189; x_wconf 87' lang='grc' dir='ltr'><strong>τοῦ</strong></span> <span class='ocrx_word' id='word_1_460' title='bbox 2867 3135 3095 3189; x_wconf 88' lang='grc' dir='ltr'>θανάτου</span> <span class='ocrx_word' id='word_1_461' title='bbox 3125 3138 3185 3188; x_wconf 83' lang='grc' dir='ltr'>τὸ</span> <span class='ocrx_word' id='word_1_462' title='bbox 3224 3138 3441 3206; x_wconf 88' lang='grc' dir='ltr'>κράτος.</span> <span class='ocrx_word' id='word_1_463' title='bbox 3475 3137 3637 3191; x_wconf 82' lang='grc' dir='ltr'><strong>Οὕτω</strong></span> <span class='ocrx_word' id='word_1_464' title='bbox 3666 3135 3767 3203; x_wconf 84' lang='grc' dir='ltr'><strong>γάρ</strong></span> 
     </span>
    </p>
   </div>
   <div class='ocr_carea' id='block_1_69' title="bbox 2205 3217 3765 3298">
    <p class='ocr_par' dir='ltr' id='par_1_69' title="bbox 2205 3217 3765 3298">
     <span class='ocr_line' id='line_1_69' title="bbox 2205 3217 3765 3298; baseline 0.002 -24"><span class='ocrx_word' id='word_1_465' title='bbox 2205 3217 2274 3293; x_wconf 83' lang='grc' dir='ltr'>ἦν</span> <span class='ocrx_word' id='word_1_466' title='bbox 2322 3223 2579 3278; x_wconf 80' lang='grc' dir='ltr'>δύνασθαι</span> <span class='ocrx_word' id='word_1_467' title='bbox 2630 3227 2722 3279; x_wconf 79' lang='grc' dir='ltr'>καὶ</span> <span class='ocrx_word' id='word_1_468' title='bbox 2762 3228 2907 3296; x_wconf 80' lang='grc' dir='ltr'>ἡμᾶς</span> <span class='ocrx_word' id='word_1_469' title='bbox 2948 3226 3024 3289; x_wconf 84' lang='grc' dir='ltr'>ὡς</span> <span class='ocrx_word' id='word_1_470' title='bbox 3068 3228 3126 3281; x_wconf 76' lang='grc' dir='ltr'>ἐν</span> <span class='ocrx_word' id='word_1_471' title='bbox 3172 3228 3392 3298; x_wconf 80' lang='grc' dir='ltr'>Χριστῷ</span> <span class='ocrx_word' id='word_1_472' title='bbox 3442 3229 3765 3297; x_wconf 79' lang='grc' dir='ltr'>νικήσαντας</span> 
     </span>
    </p>
   </div>
   <div class='ocr_carea' id='block_1_70' title="bbox 2212 3314 3764 3387">
    <p class='ocr_par' dir='ltr' id='par_1_70' title="bbox 2212 3314 3764 3387">
     <span class='ocr_line' id='line_1_70' title="bbox 2212 3314 3764 3387; baseline -0.001 -22"><span class='ocrx_word' id='word_1_473' title='bbox 2212 3316 2688 3384; x_wconf 86' lang='grc' dir='ltr'>κατευμεγεθῆσαι</span> <span class='ocrx_word' id='word_1_474' title='bbox 2726 3318 2824 3386; x_wconf 87' lang='grc' dir='ltr'>μὲν</span> <span class='ocrx_word' id='word_1_475' title='bbox 2852 3317 2949 3385; x_wconf 83' lang='grc' dir='ltr'>τῆς</span> <span class='ocrx_word' id='word_1_476' title='bbox 2985 3318 3281 3387; x_wconf 82' lang='grc' dir='ltr'>ἁμαρτίας,</span> <span class='ocrx_word' id='word_1_477' title='bbox 3314 3318 3691 3371; x_wconf 75' lang='grc' dir='ltr'>ἀποδύσασθαι</span> <span class='ocrx_word' id='word_1_478' title='bbox 3714 3314 3764 3365; x_wconf 77' lang='grc' dir='ltr'>δὲ</span> 
     </span>
    </p>
   </div>
   <div class='ocr_carea' id='block_1_71' title="bbox 2208 3399 3765 3472">
    <p class='ocr_par' dir='ltr' id='par_1_71' title="bbox 2208 3399 3765 3472">
     <span class='ocr_line' id='line_1_71' title="bbox 2208 3399 3765 3472; baseline 0 -19"><span class='ocrx_word' id='word_1_479' title='bbox 2208 3399 2307 3471; x_wconf 81' lang='grc' dir='ltr'><strong>τὴν</strong></span> <span class='ocrx_word' id='word_1_480' title='bbox 2342 3402 2567 3472; x_wconf 69' lang='grc' dir='ltr'>φθορὰν,</span> <span class='ocrx_word' id='word_1_481' title='bbox 2608 3404 2702 3457; x_wconf 75' lang='grc' dir='ltr'>καὶ</span> <span class='ocrx_word' id='word_1_482' title='bbox 2734 3404 3016 3472; x_wconf 79' lang='grc' dir='ltr'>διαδρᾶναι</span> <span class='ocrx_word' id='word_1_483' title='bbox 3048 3405 3298 3470; x_wconf 88' lang='grc' dir='ltr'>θάνατον,</span> <span class='ocrx_word' id='word_1_484' title='bbox 3330 3406 3471 3458; x_wconf 72' lang='grc' dir='ltr'>οὕτω</span> <span class='ocrx_word' id='word_1_485' title='bbox 3510 3424 3571 3457; x_wconf 87' lang='grc' dir='ltr'><strong>τε</strong></span> <span class='ocrx_word' id='word_1_486' title='bbox 3604 3406 3765 3458; x_wconf 80' lang='grc' dir='ltr'>εἰπεῖν</span> 
     </span>
    </p>
   </div>
   <div class='ocr_carea' id='block_1_72' title="bbox 2208 3491 3762 3569">
    <p class='ocr_par' dir='ltr' id='par_1_72' title="bbox 2208 3491 3762 3569">
     <span class='ocr_line' id='line_1_72' title="bbox 2208 3491 3762 3569; baseline 0.003 -26"><span class='ocrx_word' id='word_1_487' title='bbox 2208 3491 2272 3544; x_wconf 81' lang='grc' dir='ltr'>ὲκ</span> <span class='ocrx_word' id='word_1_488' title='bbox 2306 3495 2659 3563; x_wconf 86' lang='grc' dir='ltr'>περιχαρείας</span> <span class='ocrx_word' id='word_1_489' title='bbox 2704 3497 2803 3565; x_wconf 80' lang='grc' dir='ltr'>τῆς</span> <span class='ocrx_word' id='word_1_490' title='bbox 2829 3498 2886 3549; x_wconf 81' lang='grc' dir='ltr'>ὲν</span> <span class='ocrx_word' id='word_1_491' title='bbox 2940 3498 3188 3567; x_wconf 84' lang='grc' dir='ltr'>Χριστῷ·</span> <span class='ocrx_word' id='word_1_492' title='bbox 3224 3518 3243 3550; x_wconf 87' lang='grc'><em>‹</em></span> <span class='ocrx_word' id='word_1_493' title='bbox 3279 3498 3386 3551; x_wconf 85' lang='grc' dir='ltr'>Ποῦ</span> <span class='ocrx_word' id='word_1_494' title='bbox 3420 3500 3452 3566; x_wconf 84' lang='grc' dir='ltr'><strong>ἡ</strong></span> <span class='ocrx_word' id='word_1_495' title='bbox 3483 3498 3610 3569; x_wconf 87' lang='grc' dir='ltr'>νίκη</span> <span class='ocrx_word' id='word_1_496' title='bbox 3647 3515 3762 3557; x_wconf 80' lang='grc' dir='ltr'>σου,</span> 
     </span>
    </p>
   </div>
   <div class='ocr_carea' id='block_1_73' title="bbox 2206 3579 3763 3655">
    <p class='ocr_par' dir='ltr' id='par_1_73' title="bbox 2206 3579 3763 3655">
     <span class='ocr_line' id='line_1_73' title="bbox 2206 3579 3763 3655; baseline -0.001 -22"><span class='ocrx_word' id='word_1_497' title='bbox 2206 3579 2435 3647; x_wconf 87' lang='grc' dir='ltr'>θάνατε;</span> <span class='ocrx_word' id='word_1_498' title='bbox 2485 3583 2587 3636; x_wconf 81' lang='grc' dir='ltr'><strong>ποῦ</strong></span> <span class='ocrx_word' id='word_1_499' title='bbox 2617 3585 2677 3636; x_wconf 79' lang='grc' dir='ltr'><strong>τὸ</strong></span> <span class='ocrx_word' id='word_1_500' title='bbox 2704 3584 2927 3654; x_wconf 79' lang='grc' dir='ltr'>κέντρον</span> <span class='ocrx_word' id='word_1_501' title='bbox 2959 3602 3074 3650; x_wconf 89' lang='grc' dir='ltr'>σου,</span> <span class='ocrx_word' id='word_1_502' title='bbox 3104 3586 3243 3655; x_wconf 74' lang='grc' dir='ltr'>ᾅδης</span> <span class='ocrx_word' id='word_1_503' title='bbox 3281 3604 3297 3635; x_wconf 77' lang='grc' dir='ltr'><strong>ι</strong></span> <span class='ocrx_word' id='word_1_504' title='bbox 3329 3586 3542 3655; x_wconf 77' lang='grc' dir='ltr'>Ὥσπερ</span> <span class='ocrx_word' id='word_1_505' title='bbox 3575 3584 3682 3653; x_wconf 81' lang='grc' dir='ltr'>γὰρ</span> <span class='ocrx_word' id='word_1_506' title='bbox 3712 3584 3763 3633; x_wconf 81' lang='grc' dir='ltr'>ὲν</span> 
     </span>
    </p>
   </div>
   <div class='ocr_carea' id='block_1_74' title="bbox 2218 3670 3761 3743">
    <p class='ocr_par' dir='ltr' id='par_1_74' title="bbox 2218 3670 3761 3743">
     <span class='ocr_line' id='line_1_74' title="bbox 2218 3670 3761 3743; baseline -0.001 -21"><span class='ocrx_word' id='word_1_507' title='bbox 2218 3670 2390 3740; x_wconf 85' lang='grc' dir='ltr'>’Δδὰμ</span> <span class='ocrx_word' id='word_1_508' title='bbox 2433 3670 2818 3742; x_wconf 84' lang='grc' dir='ltr'>πεπτώκαμεν,</span> <span class='ocrx_word' id='word_1_509' title='bbox 2864 3672 3005 3725; x_wconf 73' lang='grc' dir='ltr'>οὕτω</span> <span class='ocrx_word' id='word_1_510' title='bbox 3048 3674 3411 3743; x_wconf 79' lang='grc' dir='ltr'>νενικήκαμεν</span> <span class='ocrx_word' id='word_1_511' title='bbox 3443 3675 3500 3725; x_wconf 78' lang='grc' dir='ltr'>ἐν</span> <span class='ocrx_word' id='word_1_512' title='bbox 3533 3670 3761 3740; x_wconf 81' lang='grc' dir='ltr'>Χριστῷ.</span> 
     </span>
    </p>
   </div>
   <div class='ocr_carea' id='block_1_75' title="bbox 547 3752 3759 3827">
    <p class='ocr_par' dir='ltr' id='par_1_75' title="bbox 547 3752 3759 3827">
     <span class='ocr_line' id='line_1_75' title="bbox 547 3752 3759 3827; baseline 0.002 -21"><span class='ocrx_word' id='word_1_513' title='bbox 547 3755 846 3809; x_wconf 81' lang='lat' dir='ltr'><strong>diceremus</strong></span> <span class='ocrx_word' id='word_1_514' title='bbox 876 3771 889 3808; x_wconf 91' lang='lat'>:</span> <span class='ocrx_word' id='word_1_515' title='bbox 926 3772 944 3804; x_wconf 77' lang='grc' dir='ltr'><strong>ι</strong></span> <span class='ocrx_word' id='word_1_516' title='bbox 983 3752 1083 3808; x_wconf 84' lang='lat' dir='ltr'><strong>Ubi</strong></span> <span class='ocrx_word' id='word_1_517' title='bbox 1111 3764 1212 3818; x_wconf 85' lang='lat' dir='ltr'><strong>est,</strong></span> <span class='ocrx_word' id='word_1_518' title='bbox 1244 3768 1409 3821; x_wconf 82' lang='lat' dir='ltr'><strong>mors,</strong></span> <span class='ocrx_word' id='word_1_519' title='bbox 1451 3755 1673 3808; x_wconf 87' lang='lat' dir='ltr'><strong>victoria</strong></span> <span class='ocrx_word' id='word_1_520' title='bbox 1718 3759 1852 3810; x_wconf 82' lang='lat' dir='ltr'><strong>tua?</strong></span> <span class='ocrx_word' id='word_1_521' title='bbox 1898 3758 1984 3811; x_wconf 92' lang='lat' dir='ltr'><strong>ubi</strong></span> <span class='ocrx_word' id='word_1_522' title='bbox 2015 3768 2098 3813; x_wconf 87' lang='lat' dir='ltr'><strong>est</strong></span> <span class='ocrx_word' id='word_1_523' title='bbox 2137 3760 2389 3815; x_wconf 84' lang='lat' dir='ltr'><strong>stimulus</strong></span> <span class='ocrx_word' id='word_1_524' title='bbox 2413 3772 2557 3827; x_wconf 89' lang='lat' dir='ltr'><strong>tuus,</strong></span> <span class='ocrx_word' id='word_1_525' title='bbox 2597 3762 2807 3816; x_wconf 80' lang='lat' dir='ltr'><strong>inferne</strong></span> <span class='ocrx_word' id='word_1_526' title='bbox 2830 3764 2915 3816; x_wconf 66' lang='lat'><strong>&quot;‘1</strong></span> <span class='ocrx_word' id='word_1_527' title='bbox 2941 3782 2959 3814; x_wconf 76' lang='grc' dir='ltr'><strong>ι</strong></span> <span class='ocrx_word' id='word_1_528' title='bbox 2996 3762 3063 3817; x_wconf 87' lang='lat' dir='ltr'><strong>Ut</strong></span> <span class='ocrx_word' id='word_1_529' title='bbox 3117 3765 3259 3816; x_wconf 86' lang='lat' dir='ltr'><strong>enim</strong></span> <span class='ocrx_word' id='word_1_530' title='bbox 3292 3764 3343 3816; x_wconf 91' lang='lat' dir='ltr'><strong>in</strong></span> <span class='ocrx_word' id='word_1_531' title='bbox 3378 3764 3547 3815; x_wconf 79' lang='lat' dir='ltr'><strong>Adam</strong></span> <span class='ocrx_word' id='word_1_532' title='bbox 3575 3762 3759 3815; x_wconf 79' lang='lat' dir='ltr'><strong>devicti</strong></span> 
     </span>
    </p>
   </div>
   <div class='ocr_carea' id='block_1_76' title="bbox 547 3844 1766 3909">
    <p class='ocr_par' dir='ltr' id='par_1_76' title="bbox 547 3844 1766 3909">
     <span class='ocr_line' id='line_1_76' title="bbox 547 3844 1766 3909; baseline 0.002 -10"><span class='ocrx_word' id='word_1_533' title='bbox 547 3860 754 3909; x_wconf 84' lang='lat' dir='ltr'><strong>sumus,</strong></span> <span class='ocrx_word' id='word_1_534' title='bbox 784 3844 855 3899; x_wconf 90' lang='lat' dir='ltr'><strong>ita</strong></span> <span class='ocrx_word' id='word_1_535' title='bbox 882 3860 1089 3898; x_wconf 85' lang='lat' dir='ltr'><strong>rursum</strong></span> <span class='ocrx_word' id='word_1_536' title='bbox 1118 3845 1171 3899; x_wconf 92' lang='lat' dir='ltr'><strong>in</strong></span> <span class='ocrx_word' id='word_1_537' title='bbox 1204 3844 1419 3900; x_wconf 91' lang='lat' dir='ltr'><strong>Christo</strong></span> <span class='ocrx_word' id='word_1_538' title='bbox 1451 3847 1766 3901; x_wconf 89' lang='lat' dir='ltr'><strong>devicimus.</strong></span> 
     </span>
    </p>
   </div>
   <div class='ocr_carea' id='block_1_77' title="bbox 750 3935 2100 4006">
    <p class='ocr_par' dir='ltr' id='par_1_77' title="bbox 750 3935 2100 4006">
     <span class='ocr_line' id='line_1_77' title="bbox 750 3935 2100 4006; baseline 0.001 -17"><span class='ocrx_word' id='word_1_539' title='bbox 750 3935 903 4000; x_wconf 89' lang='lat' dir='ltr'><strong>Quod</strong></span> <span class='ocrx_word' id='word_1_540' title='bbox 934 3935 980 3990; x_wconf 92' lang='lat' dir='ltr'><strong>si</strong></span> <span class='ocrx_word' id='word_1_541' title='bbox 1013 3936 1250 4006; x_wconf 85' lang='lat' dir='ltr'><strong>vulgaris</strong></span> <span class='ocrx_word' id='word_1_542' title='bbox 1282 3945 1489 3990; x_wconf 90' lang='lat' dir='ltr'><strong>tantum</strong></span> <span class='ocrx_word' id='word_1_543' title='bbox 1526 3937 1684 3992; x_wconf 92' lang='lat' dir='ltr'><strong>homo</strong></span> <span class='ocrx_word' id='word_1_544' title='bbox 1711 3946 1856 3993; x_wconf 82' lang='lat' dir='ltr'><strong>esset</strong></span> <span class='ocrx_word' id='word_1_545' title='bbox 1884 3936 2100 3991; x_wconf 85' lang='lat' dir='ltr'><strong>Emma-</strong></span> 
     </span>
    </p>
   </div>
   <div class='ocr_carea' id='block_1_78' title="bbox 2405 3938 3765 4014">
    <p class='ocr_par' dir='ltr' id='par_1_78' title="bbox 2405 3938 3765 4014">
     <span class='ocr_line' id='line_1_78' title="bbox 2405 3938 3765 4014; baseline -0.004 -20"><span class='ocrx_word' id='word_1_546' title='bbox 2405 3943 2464 3995; x_wconf 84' lang='lat' dir='ltr'><strong>Ei</strong></span> <span class='ocrx_word' id='word_1_547' title='bbox 2493 3942 2548 3996; x_wconf 79' lang='grc' dir='ltr'>δὲ</span> <span class='ocrx_word' id='word_1_548' title='bbox 2584 3943 2866 4014; x_wconf 83' lang='grc' dir='ltr'>ἄνθρωπος</span> <span class='ocrx_word' id='word_1_549' title='bbox 2904 3938 2972 4013; x_wconf 84' lang='grc' dir='ltr'>ἧν</span> <span class='ocrx_word' id='word_1_550' title='bbox 3005 3942 3176 4005; x_wconf 78' lang='grc' dir='ltr'>κοινὸς</span> <span class='ocrx_word' id='word_1_551' title='bbox 3209 3943 3237 3993; x_wconf 87' lang='grc' dir='ltr'>ὁ</span> <span class='ocrx_word' id='word_1_552' title='bbox 3265 3941 3633 4012; x_wconf 76' lang='grc' dir='ltr'>Ἐμμανουὴλ,</span> <span class='ocrx_word' id='word_1_553' title='bbox 3661 3938 3765 3999; x_wconf 72' lang='grc' dir='ltr'><strong>πῶς</strong></span> 
     </span>
    </p>
   </div>
   <div class='ocr_carea' id='block_1_79' title="bbox 545 4026 2105 4104">
    <p class='ocr_par' dir='ltr' id='par_1_79' title="bbox 545 4026 2102 4098">
     <span class='ocr_line' id='line_1_79' title="bbox 545 4026 2102 4098; baseline 0.001 -18"><span class='ocrx_word' id='word_1_554' title='bbox 545 4026 687 4090; x_wconf 91' lang='lat' dir='ltr'><strong>nuel,</strong></span> <span class='ocrx_word' id='word_1_555' title='bbox 716 4026 983 4094; x_wconf 86' lang='lat' dir='ltr'><strong>quomodo</strong></span> <span class='ocrx_word' id='word_1_556' title='bbox 1017 4042 1159 4081; x_wconf 91' lang='lat' dir='ltr'><strong>mors</strong></span> <span class='ocrx_word' id='word_1_557' title='bbox 1188 4027 1422 4081; x_wconf 89' lang='lat' dir='ltr'><strong>hominis</strong></span> <span class='ocrx_word' id='word_1_558' title='bbox 1449 4027 1694 4081; x_wconf 83' lang='lat' dir='ltr'><strong>humanae</strong></span> <span class='ocrx_word' id='word_1_559' title='bbox 1718 4038 1920 4083; x_wconf 65' lang='lat' dir='ltr'><strong>natura;</strong></span> <span class='ocrx_word' id='word_1_560' title='bbox 1948 4044 2102 4098; x_wconf 91' lang='lat' dir='ltr'><strong>opem</strong></span> 
     </span>
    </p>
   </div>
   <div class='ocr_carea' id='block_1_80' title="bbox 2208 4026 3765 4104">
    <p class='ocr_par' dir='ltr' id='par_1_80' title="bbox 2208 4030 3765 4104">
     <span class='ocr_line' id='line_1_80' title="bbox 2208 4030 3765 4104; baseline -0.002 -20"><span class='ocrx_word' id='word_1_561' title='bbox 2208 4030 2276 4084; x_wconf 84' lang='grc' dir='ltr'>ἂν</span> <span class='ocrx_word' id='word_1_562' title='bbox 2299 4031 2545 4101; x_wconf 78' lang='grc' dir='ltr'>ὠφέλησε</span> <span class='ocrx_word' id='word_1_563' title='bbox 2574 4035 2673 4103; x_wconf 80' lang='grc' dir='ltr'>τὴν</span> <span class='ocrx_word' id='word_1_564' title='bbox 2716 4033 3004 4104; x_wconf 85' lang='grc' dir='ltr'>ἀνθρώπου</span> <span class='ocrx_word' id='word_1_565' title='bbox 3033 4032 3192 4101; x_wconf 83' lang='grc' dir='ltr'>φύσιν</span> <span class='ocrx_word' id='word_1_566' title='bbox 3224 4035 3251 4085; x_wconf 80' lang='lat'><strong>6</strong></span> <span class='ocrx_word' id='word_1_567' title='bbox 3276 4031 3563 4101; x_wconf 84' lang='grc' dir='ltr'>ἀνθρώπου</span> <span class='ocrx_word' id='word_1_568' title='bbox 3614 4032 3765 4082; x_wconf 87' lang='grc' dir='ltr'>θάνα-</span> 
     </span>
    </p>
   </div>
   <div class='ocr_carea' id='block_1_81' title="bbox 539 4116 2105 4193">
    <p class='ocr_par' dir='ltr' id='par_1_81' title="bbox 539 4116 2105 4188">
     <span class='ocr_line' id='line_1_81' title="bbox 539 4116 2105 4188; baseline 0.001 -18"><span class='ocrx_word' id='word_1_569' title='bbox 539 4116 793 4172; x_wconf 76' lang='lat' dir='ltr'><strong>tulisset?</strong></span> <span class='ocrx_word' id='word_1_570' title='bbox 826 4117 1113 4171; x_wconf 88' lang='lat' dir='ltr'><strong>Enimvero</strong></span> <span class='ocrx_word' id='word_1_571' title='bbox 1162 4132 1269 4172; x_wconf 91' lang='lat' dir='ltr'><strong>non</strong></span> <span class='ocrx_word' id='word_1_572' title='bbox 1324 4119 1484 4188; x_wconf 88' lang='lat' dir='ltr'><strong>pauci</strong></span> <span class='ocrx_word' id='word_1_573' title='bbox 1523 4126 1830 4172; x_wconf 87' lang='lat' dir='ltr'><strong>sanctorum</strong></span> <span class='ocrx_word' id='word_1_574' title='bbox 1882 4120 2105 4187; x_wconf 86' lang='lat' dir='ltr'><strong>prophe-</strong></span> 
     </span>
    </p>
   </div>
   <div class='ocr_carea' id='block_1_82' title="bbox 2208 4116 3763 4193">
    <p class='ocr_par' dir='ltr' id='par_1_82' title="bbox 2208 4121 3763 4193">
     <span class='ocr_line' id='line_1_82' title="bbox 2208 4121 3763 4193; baseline 0.003 -21"><span class='ocrx_word' id='word_1_575' title='bbox 2208 4136 2329 4188; x_wconf 87' lang='grc' dir='ltr'>τος;</span> <span class='ocrx_word' id='word_1_576' title='bbox 2380 4121 2570 4175; x_wconf 85' lang='grc' dir='ltr'>Καίτοι</span> <span class='ocrx_word' id='word_1_577' title='bbox 2622 4124 2805 4176; x_wconf 69' lang='grc' dir='ltr'>πολλοὶ</span> <span class='ocrx_word' id='word_1_578' title='bbox 2849 4122 3231 4193; x_wconf 78' lang='grc' dir='ltr'>προαπέθανον</span> <span class='ocrx_word' id='word_1_579' title='bbox 3284 4122 3429 4189; x_wconf 77' lang='grc' dir='ltr'>ἀγιοι</span> <span class='ocrx_word' id='word_1_580' title='bbox 3476 4121 3763 4190; x_wconf 59' lang='grc' dir='ltr'>προφῆται.</span> 
     </span>
    </p>
   </div>
   <div class='ocr_carea' id='block_1_83' title="bbox 539 4206 2105 4282">
    <p class='ocr_par' dir='ltr' id='par_1_83' title="bbox 539 4206 2105 4272">
     <span class='ocr_line' id='line_1_83' title="bbox 539 4206 2105 4272; baseline 0.001 -12"><span class='ocrx_word' id='word_1_581' title='bbox 539 4216 716 4260; x_wconf 88' lang='lat' dir='ltr'><strong>tarum</strong></span> <span class='ocrx_word' id='word_1_582' title='bbox 744 4215 972 4262; x_wconf 89' lang='lat' dir='ltr'><strong>mortem</strong></span> <span class='ocrx_word' id='word_1_583' title='bbox 1005 4206 1280 4272; x_wconf 89' lang='lat' dir='ltr'><strong>obierunt,</strong></span> <span class='ocrx_word' id='word_1_584' title='bbox 1309 4218 1363 4263; x_wconf 91' lang='lat' dir='ltr'><strong>ul</strong></span> <span class='ocrx_word' id='word_1_585' title='bbox 1397 4208 1799 4263; x_wconf 87' lang='lat' dir='ltr'><strong>laudatissimus</strong></span> <span class='ocrx_word' id='word_1_586' title='bbox 1828 4207 1918 4262; x_wconf 90' lang='lat' dir='ltr'><strong>ille</strong></span> <span class='ocrx_word' id='word_1_587' title='bbox 1943 4208 2105 4261; x_wconf 82' lang='lat' dir='ltr'><strong>Abra-</strong></span> 
     </span>
    </p>
   </div>
   <div class='ocr_carea' id='block_1_84' title="bbox 2208 4206 3765 4282">
    <p class='ocr_par' dir='ltr' id='par_1_84' title="bbox 2222 4207 3765 4282">
     <span class='ocr_line' id='line_1_84' title="bbox 2222 4207 3765 4282; baseline -0.001 -20"><span class='ocrx_word' id='word_1_588' title='bbox 2222 4211 2472 4282; x_wconf 78' lang='grc' dir='ltr'>Ἀϐραὰμ</span> <span class='ocrx_word' id='word_1_589' title='bbox 2520 4214 2724 4274; x_wconf 76' lang='grc' dir='ltr'>ἐκεῖνος</span> <span class='ocrx_word' id='word_1_590' title='bbox 2769 4216 2797 4267; x_wconf 92' lang='lat'><strong>6</strong></span> <span class='ocrx_word' id='word_1_591' title='bbox 2841 4212 3155 4281; x_wconf 80' lang='grc' dir='ltr'>διαϐόητος,</span> <span class='ocrx_word' id='word_1_592' title='bbox 3194 4211 3397 4272; x_wconf 83' lang='grc' dir='ltr'>Ἰσαάκ,</span> <span class='ocrx_word' id='word_1_593' title='bbox 3430 4210 3523 4263; x_wconf 76' lang='grc' dir='ltr'>καὶ</span> <span class='ocrx_word' id='word_1_594' title='bbox 3560 4207 3765 4269; x_wconf 74' lang='grc' dir='ltr'>Ἰακὼϐ,</span> 
     </span>
    </p>
   </div>
   <div class='ocr_carea' id='block_1_85' title="bbox 540 4296 2105 4374">
    <p class='ocr_par' dir='ltr' id='par_1_85' title="bbox 540 4296 2105 4368">
     <span class='ocr_line' id='line_1_85' title="bbox 540 4296 2105 4368; baseline 0.001 -16"><span class='ocrx_word' id='word_1_595' title='bbox 540 4299 689 4361; x_wconf 88' lang='lat' dir='ltr'><strong>ham,</strong></span> <span class='ocrx_word' id='word_1_596' title='bbox 744 4296 912 4361; x_wconf 85' lang='lat' dir='ltr'><strong>Isaac,</strong></span> <span class='ocrx_word' id='word_1_597' title='bbox 962 4297 1165 4365; x_wconf 73' lang='lat' dir='ltr'><strong>Iacob,</strong></span> <span class='ocrx_word' id='word_1_598' title='bbox 1212 4298 1456 4368; x_wconf 75' lang='lat' dir='ltr'><strong>Moyses,</strong></span> <span class='ocrx_word' id='word_1_599' title='bbox 1508 4298 1756 4363; x_wconf 88' lang='lat' dir='ltr'><strong>Samuel,</strong></span> <span class='ocrx_word' id='word_1_600' title='bbox 1810 4299 2105 4367; x_wconf 89' lang='lat' dir='ltr'><strong>reliquique</strong></span> 
     </span>
    </p>
   </div>
   <div class='ocr_carea' id='block_1_86' title="bbox 2208 4296 3765 4374">
    <p class='ocr_par' dir='ltr' id='par_1_86' title="bbox 2208 4300 3765 4374">
     <span class='ocr_line' id='line_1_86' title="bbox 2208 4300 3765 4374; baseline -0.003 -20"><span class='ocrx_word' id='word_1_601' title='bbox 2208 4300 2411 4372; x_wconf 85' lang='grc' dir='ltr'>Μωσῆς</span> <span class='ocrx_word' id='word_1_602' title='bbox 2442 4319 2522 4365; x_wconf 85' lang='grc' dir='ltr'><strong>τε,</strong></span> <span class='ocrx_word' id='word_1_603' title='bbox 2556 4303 2650 4356; x_wconf 72' lang='grc' dir='ltr'>καὶ</span> <span class='ocrx_word' id='word_1_604' title='bbox 2680 4303 2931 4374; x_wconf 81' lang='grc' dir='ltr'>Σαμουὴλ</span> <span class='ocrx_word' id='word_1_605' title='bbox 2958 4342 2971 4364; x_wconf 90' lang='grc'><strong>,</strong></span> <span class='ocrx_word' id='word_1_606' title='bbox 3008 4304 3100 4355; x_wconf 74' lang='grc' dir='ltr'>καὶ</span> <span class='ocrx_word' id='word_1_607' title='bbox 3142 4304 3191 4354; x_wconf 80' lang='grc' dir='ltr'>οἱ</span> <span class='ocrx_word' id='word_1_608' title='bbox 3236 4301 3466 4371; x_wconf 80' lang='grc' dir='ltr'>καθεξῆς</span> <span class='ocrx_word' id='word_1_609' title='bbox 3491 4301 3765 4369; x_wconf 77' lang='grc' dir='ltr'>γεγονότες</span> 
     </span>
    </p>
   </div>
   <div class='ocr_carea' id='block_1_87' title="bbox 539 4387 2105 4466">
    <p class='ocr_par' dir='ltr' id='par_1_87' title="bbox 539 4388 2105 4460">
     <span class='ocr_line' id='line_1_87' title="bbox 539 4388 2105 4460; baseline -0.001 -17"><span class='ocrx_word' id='word_1_610' title='bbox 539 4388 814 4457; x_wconf 88' lang='lat' dir='ltr'><strong>deinceps,</strong></span> <span class='ocrx_word' id='word_1_611' title='bbox 848 4389 939 4458; x_wconf 90' lang='lat' dir='ltr'><strong>qui</strong></span> <span class='ocrx_word' id='word_1_612' title='bbox 969 4389 1094 4443; x_wconf 72' lang='lat' dir='ltr'><strong>vita:</strong></span> <span class='ocrx_word' id='word_1_613' title='bbox 1124 4390 1484 4446; x_wconf 89' lang='lat' dir='ltr'><strong>sanctimonia</strong></span> <span class='ocrx_word' id='word_1_614' title='bbox 1509 4389 1856 4456; x_wconf 72' lang='lat' dir='ltr'><strong>claruerunt;</strong></span> <span class='ocrx_word' id='word_1_615' title='bbox 1886 4404 2105 4460; x_wconf 67' lang='lat' dir='ltr'><strong>verum-</strong></span> 
     </span>
    </p>
   </div>
   <div class='ocr_carea' id='block_1_88' title="bbox 2208 4387 3764 4466">
    <p class='ocr_par' dir='ltr' id='par_1_88' title="bbox 2209 4387 3764 4461">
     <span class='ocr_line' id='line_1_88' title="bbox 2209 4387 3764 4461; baseline -0.014 -3"><span class='ocrx_word' id='word_1_616' title='bbox 2209 4387 2386 4456; x_wconf 72' lang='grc' dir='ltr'>ἅγιοι·</span> <span class='ocrx_word' id='word_1_617' title='bbox 2420 4389 2533 4442; x_wconf 80' lang='grc' dir='ltr'>ἀλλ’</span> <span class='ocrx_word' id='word_1_618' title='bbox 2557 4390 2731 4461; x_wconf 78' lang='grc' dir='ltr'>ὤνησε</span> <span class='ocrx_word' id='word_1_619' title='bbox 2774 4392 2871 4460; x_wconf 83' lang='grc' dir='ltr'>μὲν</span> <span class='ocrx_word' id='word_1_620' title='bbox 2901 4391 3051 4444; x_wconf 76' lang='grc' dir='ltr'>οὐδὲν</span> <span class='ocrx_word' id='word_1_621' title='bbox 3081 4391 3140 4443; x_wconf 79' lang='grc' dir='ltr'>τὸ</span> <span class='ocrx_word' id='word_1_622' title='bbox 3166 4391 3259 4442; x_wconf 74' lang='grc' dir='ltr'><strong>ιπι</strong></span> <span class='ocrx_word' id='word_1_623' title='bbox 3287 4390 3389 4457; x_wconf 80' lang='grc' dir='ltr'>γῆς</span> <span class='ocrx_word' id='word_1_624' title='bbox 3422 4388 3531 4440; x_wconf 81' lang='grc' dir='ltr'><strong>τῶν</strong></span> <span class='ocrx_word' id='word_1_625' title='bbox 3560 4387 3764 4456; x_wconf 75' lang='grc' dir='ltr'>ἀνθρώ.</span> 
     </span>
    </p>
   </div>
   <div class='ocr_carea' id='block_1_89' title="bbox 541 4474 2105 4547">
    <p class='ocr_par' dir='ltr' id='par_1_89' title="bbox 541 4478 2105 4547">
     <span class='ocr_line' id='line_1_89' title="bbox 541 4478 2105 4547; baseline 0 -14"><span class='ocrx_word' id='word_1_626' title='bbox 541 4489 722 4534; x_wconf 90' lang='lat' dir='ltr'><strong>tamen</strong></span> <span class='ocrx_word' id='word_1_627' title='bbox 760 4494 905 4535; x_wconf 90' lang='lat' dir='ltr'><strong>mors</strong></span> <span class='ocrx_word' id='word_1_628' title='bbox 962 4478 1176 4534; x_wconf 92' lang='lat' dir='ltr'><strong>illorum</strong></span> <span class='ocrx_word' id='word_1_629' title='bbox 1210 4480 1391 4547; x_wconf 87' lang='lat' dir='ltr'><strong>generi</strong></span> <span class='ocrx_word' id='word_1_630' title='bbox 1444 4478 1681 4534; x_wconf 88' lang='lat' dir='ltr'><strong>humano</strong></span> <span class='ocrx_word' id='word_1_631' title='bbox 1712 4478 1844 4533; x_wconf 90' lang='lat' dir='ltr'><strong>nihil</strong></span> <span class='ocrx_word' id='word_1_632' title='bbox 1887 4478 2105 4533; x_wconf 78' lang='lat' dir='ltr'><strong>omnino</strong></span> 
     </span>
    </p>
   </div>
   <div class='ocr_carea' id='block_1_90' title="bbox 2208 4474 3761 4547">
    <p class='ocr_par' dir='ltr' id='par_1_90' title="bbox 2208 4474 3761 4547">
     <span class='ocr_line' id='line_1_90' title="bbox 2208 4474 3761 4547; baseline -0.003 -16"><span class='ocrx_word' id='word_1_633' title='bbox 2208 4495 2325 4531; x_wconf 85' lang='grc' dir='ltr'><strong>πων</strong></span> <span class='ocrx_word' id='word_1_634' title='bbox 2355 4477 2507 4546; x_wconf 86' lang='grc' dir='ltr'>γένος</span> <span class='ocrx_word' id='word_1_635' title='bbox 2540 4480 2568 4531; x_wconf 90' lang='lat'><strong>6</strong></span> <span class='ocrx_word' id='word_1_636' title='bbox 2602 4480 2824 4533; x_wconf 78' lang='grc' dir='ltr'>ἐκείνων</span> <span class='ocrx_word' id='word_1_637' title='bbox 2853 4480 3101 4545; x_wconf 88' lang='grc' dir='ltr'>θάνατος,</span> <span class='ocrx_word' id='word_1_638' title='bbox 3124 4479 3330 4531; x_wconf 84' lang='grc' dir='ltr'>σέσωκε</span> <span class='ocrx_word' id='word_1_639' title='bbox 3358 4478 3413 4529; x_wconf 84' lang='grc' dir='ltr'>δὲ</span> <span class='ocrx_word' id='word_1_640' title='bbox 3442 4478 3470 4528; x_wconf 87' lang='lat'><strong>6</strong></span> <span class='ocrx_word' id='word_1_641' title='bbox 3494 4474 3726 4547; x_wconf 75' lang='grc' dir='ltr'>Χριστοῦ</span> <span class='ocrx_word' id='word_1_642' title='bbox 3747 4488 3761 4501; x_wconf 90' lang='grc'><strong>·</strong></span> 
     </span>
    </p>
   </div>
   <div class='ocr_carea' id='block_1_91' title="bbox 538 4562 2105 4641">
    <p class='ocr_par' dir='ltr' id='par_1_91' title="bbox 538 4567 2103 4639">
     <span class='ocr_line' id='line_1_91' title="bbox 538 4567 2103 4639; baseline -0.003 -13"><span class='ocrx_word' id='word_1_643' title='bbox 538 4568 766 4626; x_wconf 90' lang='lat' dir='ltr'><strong>contulit</strong></span> <span class='ocrx_word' id='word_1_644' title='bbox 796 4585 811 4623; x_wconf 90' lang='lat'><strong>:</strong></span> <span class='ocrx_word' id='word_1_645' title='bbox 846 4580 902 4625; x_wconf 84' lang='lat' dir='ltr'><strong>at</strong></span> <span class='ocrx_word' id='word_1_646' title='bbox 950 4583 1078 4624; x_wconf 86' lang='lat' dir='ltr'><strong>vero</strong></span> <span class='ocrx_word' id='word_1_647' title='bbox 1112 4584 1259 4624; x_wconf 82' lang='lat' dir='ltr'><strong>mors</strong></span> <span class='ocrx_word' id='word_1_648' title='bbox 1306 4567 1505 4622; x_wconf 88' lang='lat' dir='ltr'><strong>Christi</strong></span> <span class='ocrx_word' id='word_1_649' title='bbox 1540 4568 1765 4624; x_wconf 89' lang='lat' dir='ltr'><strong>salutem</strong></span> <span class='ocrx_word' id='word_1_650' title='bbox 1817 4570 2103 4639; x_wconf 62' lang='lat' dir='ltr'><strong>praestitit;</strong></span> 
     </span>
    </p>
   </div>
   <div class='ocr_carea' id='block_1_92' title="bbox 2208 4562 3768 4641">
    <p class='ocr_par' dir='ltr' id='par_1_92' title="bbox 2208 4562 3768 4641">
     <span class='ocr_line' id='line_1_92' title="bbox 2208 4562 3768 4641; baseline -0.005 -18"><span class='ocrx_word' id='word_1_651' title='bbox 2208 4569 2613 4639; x_wconf 88' lang='grc' dir='ltr'>προσκεκόμικε</span> <span class='ocrx_word' id='word_1_652' title='bbox 2652 4572 2760 4640; x_wconf 77' lang='grc' dir='ltr'><strong>γάρ</strong></span> <span class='ocrx_word' id='word_1_653' title='bbox 2798 4570 2934 4640; x_wconf 79' lang='grc' dir='ltr'>ὑπὲρ</span> <span class='ocrx_word' id='word_1_654' title='bbox 2967 4570 3124 4641; x_wconf 81' lang='grc' dir='ltr'>ἡμῶν</span> <span class='ocrx_word' id='word_1_655' title='bbox 3153 4569 3250 4638; x_wconf 78' lang='grc' dir='ltr'>τὴν</span> <span class='ocrx_word' id='word_1_656' title='bbox 3279 4567 3412 4619; x_wconf 86' lang='grc' dir='ltr'>ίδίαν</span> <span class='ocrx_word' id='word_1_657' title='bbox 3458 4567 3658 4635; x_wconf 85' lang='grc' dir='ltr'>σάρκα,</span> <span class='ocrx_word' id='word_1_658' title='bbox 3681 4562 3768 4616; x_wconf 84' lang='grc' dir='ltr'>καὶ</span> 
     </span>
    </p>
   </div>
   <div class='ocr_carea' id='block_1_93' title="bbox 540 4655 2105 4733">
    <p class='ocr_par' dir='ltr' id='par_1_93' title="bbox 540 4658 2104 4733">
     <span class='ocr_line' id='line_1_93' title="bbox 540 4658 2104 4733; baseline -0.004 -15"><span class='ocrx_word' id='word_1_659' title='bbox 540 4663 805 4733; x_wconf 87' lang='lat' dir='ltr'><strong>siquidem</strong></span> <span class='ocrx_word' id='word_1_660' title='bbox 833 4660 1104 4732; x_wconf 89' lang='lat' dir='ltr'><strong>propriam</strong></span> <span class='ocrx_word' id='word_1_661' title='bbox 1134 4674 1231 4729; x_wconf 90' lang='lat' dir='ltr'><strong>pro</strong></span> <span class='ocrx_word' id='word_1_662' title='bbox 1273 4658 1426 4714; x_wconf 89' lang='lat' dir='ltr'><strong>nobis</strong></span> <span class='ocrx_word' id='word_1_663' title='bbox 1624 4674 1843 4716; x_wconf 89' lang='lat' dir='ltr'><strong>carnem</strong></span> <span class='ocrx_word' id='word_1_664' title='bbox 1889 4659 2104 4723; x_wconf 91' lang='lat' dir='ltr'><strong>obtulit,</strong></span> 
     </span>
    </p>
   </div>
   <div class='ocr_carea' id='block_1_94' title="bbox 2208 4655 3768 4733">
    <p class='ocr_par' dir='ltr' id='par_1_94' title="bbox 2208 4655 3768 4730">
     <span class='ocr_line' id='line_1_94' title="bbox 2208 4655 3768 4730; baseline -0.005 -18"><span class='ocrx_word' id='word_1_665' title='bbox 2208 4659 2329 4723; x_wconf 77' lang='grc' dir='ltr'>δοὺς</span> <span class='ocrx_word' id='word_1_666' title='bbox 2358 4658 2561 4730; x_wconf 71' lang='grc' dir='ltr'>αὐτὴνί</span> <span class='ocrx_word' id='word_1_667' title='bbox 2621 4660 2697 4729; x_wconf 83' lang='grc' dir='ltr'>τῷ</span> <span class='ocrx_word' id='word_1_668' title='bbox 2726 4660 2940 4729; x_wconf 84' lang='grc' dir='ltr'>θανάτῳ</span> <span class='ocrx_word' id='word_1_669' title='bbox 2985 4660 3054 4712; x_wconf 80' lang='grc' dir='ltr'>δι’</span> <span class='ocrx_word' id='word_1_670' title='bbox 3095 4659 3265 4729; x_wconf 78' lang='grc' dir='ltr'>ἡμᾶς,</span> <span class='ocrx_word' id='word_1_671' title='bbox 3304 4658 3511 4719; x_wconf 86' lang='grc' dir='ltr'>πάντας</span> <span class='ocrx_word' id='word_1_672' title='bbox 3544 4655 3768 4721; x_wconf 75' lang='grc' dir='ltr'>ἐξείλετο</span> 
     </span>
    </p>
   </div>
   <div class='ocr_carea' id='block_1_95' title="bbox 482 4748 2105 4823">
    <p class='ocr_par' dir='ltr' id='par_1_95' title="bbox 482 4748 2105 4823">
     <span class='ocr_line' id='line_1_95' title="bbox 482 4748 2105 4823; baseline -0.004 -17"><span class='ocrx_word' id='word_1_673' title='bbox 482 4818 487 4823; x_wconf 13' lang='grc' dir='ltr'><strong>ξ</strong></span> <span class='ocrx_word' id='word_1_674' title='bbox 539 4751 811 4820; x_wconf 82' lang='lat' dir='ltr'><strong>mortique</strong></span> <span class='ocrx_word' id='word_1_675' title='bbox 840 4748 1187 4818; x_wconf 87' lang='lat' dir='ltr'><strong>semetipsum</strong></span> <span class='ocrx_word' id='word_1_676' title='bbox 1214 4748 1382 4803; x_wconf 88' lang='lat' dir='ltr'><strong>nostri</strong></span> <span class='ocrx_word' id='word_1_677' title='bbox 1410 4761 1572 4802; x_wconf 88' lang='lat' dir='ltr'><strong>causa</strong></span> <span class='ocrx_word' id='word_1_678' title='bbox 1610 4751 1953 4811; x_wconf 88' lang='lat' dir='ltr'><strong>contradens,</strong></span> <span class='ocrx_word' id='word_1_679' title='bbox 1987 4762 2105 4801; x_wconf 85' lang='lat' dir='ltr'><strong>om—</strong></span> 
     </span>
    </p>
   </div>
   <div class='ocr_carea' id='block_1_96' title="bbox 539 4835 2105 4907">
    <p class='ocr_par' dir='ltr' id='par_1_96' title="bbox 539 4835 2105 4907">
     <span class='ocr_line' id='line_1_96' title="bbox 539 4835 2105 4907; baseline -0.004 -12"><span class='ocrx_word' id='word_1_680' title='bbox 539 4856 637 4896; x_wconf 88' lang='lat' dir='ltr'><strong>nes</strong></span> <span class='ocrx_word' id='word_1_681' title='bbox 661 4855 727 4894; x_wconf 76' lang='lat' dir='ltr'><strong>ex</strong></span> <span class='ocrx_word' id='word_1_682' title='bbox 769 4840 959 4895; x_wconf 90' lang='lat' dir='ltr'><strong>mortis</strong></span> <span class='ocrx_word' id='word_1_683' title='bbox 992 4838 1197 4907; x_wconf 88' lang='lat' dir='ltr'><strong>laqueis</strong></span> <span class='ocrx_word' id='word_1_684' title='bbox 1231 4838 1453 4893; x_wconf 78' lang='lat' dir='ltr'><strong>exemit.</strong></span> <span class='ocrx_word' id='word_1_685' title='bbox 1506 4835 1655 4892; x_wconf 89' lang='lat' dir='ltr'><strong>Unus</strong></span> <span class='ocrx_word' id='word_1_686' title='bbox 1687 4837 1829 4891; x_wconf 89' lang='lat' dir='ltr'><strong>enim</strong></span> <span class='ocrx_word' id='word_1_687' title='bbox 1865 4851 1962 4905; x_wconf 90' lang='lat' dir='ltr'><strong>pro</strong></span> <span class='ocrx_word' id='word_1_688' title='bbox 1990 4852 2105 4890; x_wconf 89' lang='lat' dir='ltr'><strong>om-</strong></span> 
     </span>
    </p>
   </div>
   <div class='ocr_carea' id='block_1_97' title="bbox 538 4927 2107 4997">
    <p class='ocr_par' dir='ltr' id='par_1_97' title="bbox 538 4927 2107 4997">
     <span class='ocr_line' id='line_1_97' title="bbox 538 4927 2107 4997; baseline -0.004 -11"><span class='ocrx_word' id='word_1_689' title='bbox 538 4933 698 4986; x_wconf 87' lang='lat' dir='ltr'><strong>nibus</strong></span> <span class='ocrx_word' id='word_1_690' title='bbox 730 4932 967 4986; x_wconf 87' lang='lat' dir='ltr'><strong>moriens</strong></span> <span class='ocrx_word' id='word_1_691' title='bbox 1011 4929 1291 4994; x_wconf 80' lang='lat' dir='ltr'><strong>satisfecit,</strong></span> <span class='ocrx_word' id='word_1_692' title='bbox 1344 4939 1403 4982; x_wconf 91' lang='lat' dir='ltr'><strong>ut</strong></span> <span class='ocrx_word' id='word_1_693' title='bbox 1442 4929 1529 4997; x_wconf 93' lang='lat' dir='ltr'><strong>qui</strong></span> <span class='ocrx_word' id='word_1_694' title='bbox 1566 4927 1853 4996; x_wconf 88' lang='lat' dir='ltr'><strong>plurimum</strong></span> <span class='ocrx_word' id='word_1_695' title='bbox 1898 4927 2107 4980; x_wconf 70' lang='lat' dir='ltr'><strong>cmteris</strong></span> 
     </span>
    </p>
   </div>
   <div class='ocr_carea' id='block_1_98' title="bbox 538 5021 2106 5096">
    <p class='ocr_par' dir='ltr' id='par_1_98' title="bbox 538 5021 2106 5096">
     <span class='ocr_line' id='line_1_98' title="bbox 538 5021 2106 5096; baseline -0.003 -17"><span class='ocrx_word' id='word_1_696' title='bbox 538 5024 790 5079; x_wconf 84' lang='lat' dir='ltr'><strong>omnibus</strong></span> <span class='ocrx_word' id='word_1_697' title='bbox 851 5024 1109 5096; x_wconf 85' lang='lat' dir='ltr'><strong>dignitate</strong></span> <span class='ocrx_word' id='word_1_698' title='bbox 1162 5032 1461 5094; x_wconf 64' lang='lat' dir='ltr'><strong>praestaret.</strong></span> <span class='ocrx_word' id='word_1_699' title='bbox 1515 5021 1651 5076; x_wconf 82' lang='lat' dir='ltr'><strong>Nam</strong></span> <span class='ocrx_word' id='word_1_700' title='bbox 1690 5029 1743 5076; x_wconf 88' lang='lat' dir='ltr'><strong>et</strong></span> <span class='ocrx_word' id='word_1_701' title='bbox 1794 5021 1886 5075; x_wconf 92' lang='lat' dir='ltr'><strong>Dei</strong></span> <span class='ocrx_word' id='word_1_702' title='bbox 1932 5021 2106 5075; x_wconf 86' lang='lat' dir='ltr'><strong>Patris</strong></span> 
     </span>
    </p>
   </div>
   <div class='ocr_carea' id='block_1_99' title="bbox 542 5115 2107 5182">
    <p class='ocr_par' dir='ltr' id='par_1_99' title="bbox 542 5115 2107 5182">
     <span class='ocr_line' id='line_1_99' title="bbox 542 5115 2107 5182; baseline -0.001 -14"><span class='ocrx_word' id='word_1_703' title='bbox 542 5115 773 5171; x_wconf 88' lang='lat' dir='ltr'><strong>Verbum</strong></span> <span class='ocrx_word' id='word_1_704' title='bbox 808 5125 911 5180; x_wconf 90' lang='lat' dir='ltr'><strong>est,</strong></span> <span class='ocrx_word' id='word_1_705' title='bbox 956 5124 1011 5171; x_wconf 89' lang='lat' dir='ltr'><strong>et</strong></span> <span class='ocrx_word' id='word_1_706' title='bbox 1064 5124 1251 5170; x_wconf 89' lang='lat' dir='ltr'><strong>natura</strong></span> <span class='ocrx_word' id='word_1_707' title='bbox 1297 5116 1457 5180; x_wconf 90' lang='lat' dir='ltr'><strong>Deus,</strong></span> <span class='ocrx_word' id='word_1_708' title='bbox 1502 5125 1557 5169; x_wconf 90' lang='lat' dir='ltr'><strong>et</strong></span> <span class='ocrx_word' id='word_1_709' title='bbox 1591 5127 1787 5182; x_wconf 90' lang='lat' dir='ltr'><strong>corpus</strong></span> <span class='ocrx_word' id='word_1_710' title='bbox 1827 5116 1965 5181; x_wconf 92' lang='lat' dir='ltr'><strong>quod</strong></span> <span class='ocrx_word' id='word_1_711' title='bbox 2011 5128 2107 5181; x_wconf 91' lang='lat' dir='ltr'><strong>pro</strong></span> 
     </span>
    </p>
   </div>
   <div class='ocr_carea' id='block_1_100' title="bbox 540 5204 2102 5268">
    <p class='ocr_par' dir='ltr' id='par_1_100' title="bbox 540 5204 2102 5268">
     <span class='ocr_line' id='line_1_100' title="bbox 540 5204 2102 5268; baseline -0.005 -4"><span class='ocrx_word' id='word_1_712' title='bbox 540 5210 696 5264; x_wconf 91' lang='lat' dir='ltr'><strong>nobis</strong></span> <span class='ocrx_word' id='word_1_713' title='bbox 728 5208 779 5262; x_wconf 92' lang='lat' dir='ltr'><strong>in</strong></span> <span class='ocrx_word' id='word_1_714' title='bbox 808 5208 1027 5263; x_wconf 88' lang='lat' dir='ltr'><strong>odorem</strong></span> <span class='ocrx_word' id='word_1_715' title='bbox 1058 5207 1341 5263; x_wconf 89' lang='lat' dir='ltr'><strong>suavitatis</strong></span> <span class='ocrx_word' id='word_1_716' title='bbox 1385 5205 1491 5261; x_wconf 89' lang='lat' dir='ltr'><strong>Deo</strong></span> <span class='ocrx_word' id='word_1_717' title='bbox 1534 5215 1591 5260; x_wconf 89' lang='lat' dir='ltr'><strong>et</strong></span> <span class='ocrx_word' id='word_1_718' title='bbox 1633 5204 1777 5260; x_wconf 87' lang='lat' dir='ltr'><strong>Patri</strong></span> <span class='ocrx_word' id='word_1_719' title='bbox 1821 5204 2102 5268; x_wconf 71' lang='lat' dir='ltr'><strong>oﬂ&#39;erebal,</strong></span> 
     </span>
    </p>
   </div>
   <div class='ocr_carea' id='block_1_101' title="bbox 538 5296 2106 5372">
    <p class='ocr_par' dir='ltr' id='par_1_101' title="bbox 538 5296 2106 5372">
     <span class='ocr_line' id='line_1_101' title="bbox 538 5296 2106 5372; baseline -0.003 -17"><span class='ocrx_word' id='word_1_720' title='bbox 538 5304 681 5359; x_wconf 92' lang='lat' dir='ltr'><strong>illius</strong></span> <span class='ocrx_word' id='word_1_721' title='bbox 721 5303 995 5372; x_wconf 91' lang='lat' dir='ltr'><strong>proprium</strong></span> <span class='ocrx_word' id='word_1_722' title='bbox 1051 5300 1168 5355; x_wconf 78' lang='lat' dir='ltr'><strong>fuit.</strong></span> <span class='ocrx_word' id='word_1_723' title='bbox 1229 5296 1450 5367; x_wconf 83' lang='lat' dir='ltr'><strong>[inpium</strong></span> <span class='ocrx_word' id='word_1_724' title='bbox 1494 5308 1577 5353; x_wconf 89' lang='lat' dir='ltr'><strong>est</strong></span> <span class='ocrx_word' id='word_1_725' title='bbox 1624 5313 1787 5369; x_wconf 80' lang='lat' dir='ltr'><strong>ergo,</strong></span> <span class='ocrx_word' id='word_1_726' title='bbox 1841 5297 2106 5365; x_wconf 78' lang='lat' dir='ltr'><strong>longoque</strong></span> 
     </span>
    </p>
   </div>
   <div class='ocr_carea' id='block_1_102' title="bbox 538 5385 2099 5457">
    <p class='ocr_par' dir='ltr' id='par_1_102' title="bbox 538 5385 2099 5457">
     <span class='ocr_line' id='line_1_102' title="bbox 538 5385 2099 5457; baseline -0.004 -10"><span class='ocrx_word' id='word_1_727' title='bbox 538 5394 1007 5457; x_wconf 85' lang='lat' dir='ltr'><strong>absurdissimum,</strong></span> <span class='ocrx_word' id='word_1_728' title='bbox 1062 5407 1227 5445; x_wconf 89' lang='lat' dir='ltr'><strong>unum</strong></span> <span class='ocrx_word' id='word_1_729' title='bbox 1291 5390 1571 5444; x_wconf 90' lang='lat' dir='ltr'><strong>Dominum</strong></span> <span class='ocrx_word' id='word_1_730' title='bbox 1624 5397 1865 5444; x_wconf 78' lang='lat' dir='ltr'><strong>nostrum</strong></span> <span class='ocrx_word' id='word_1_731' title='bbox 1919 5385 2099 5442; x_wconf 70' lang='lat' dir='ltr'><strong>Iesum</strong></span> 
     </span>
    </p>
   </div>
   <div class='ocr_carea' id='block_1_103' title="bbox 538 5480 2104 5547">
    <p class='ocr_par' dir='ltr' id='par_1_103' title="bbox 538 5480 2104 5547">
     <span class='ocr_line' id='line_1_103' title="bbox 538 5480 2104 5547; baseline -0.004 -9"><span class='ocrx_word' id='word_1_732' title='bbox 538 5482 813 5540; x_wconf 87' lang='lat' dir='ltr'><strong>Christum</strong></span> <span class='ocrx_word' id='word_1_733' title='bbox 845 5484 897 5537; x_wconf 90' lang='lat' dir='ltr'><strong>in</strong></span> <span class='ocrx_word' id='word_1_734' title='bbox 928 5482 1062 5538; x_wconf 88' lang='lat' dir='ltr'><strong>duos</strong></span> <span class='ocrx_word' id='word_1_735' title='bbox 1090 5481 1230 5537; x_wconf 84' lang='lat' dir='ltr'><strong>ﬁlios</strong></span> <span class='ocrx_word' id='word_1_736' title='bbox 1270 5480 1542 5547; x_wconf 87' lang='lat' dir='ltr'><strong>divellere,</strong></span> <span class='ocrx_word' id='word_1_737' title='bbox 1570 5481 1805 5535; x_wconf 82' lang='lat' dir='ltr'><strong>maxime</strong></span> <span class='ocrx_word' id='word_1_738' title='bbox 1853 5495 1972 5535; x_wconf 87' lang='lat' dir='ltr'><strong>cum</strong></span> <span class='ocrx_word' id='word_1_739' title='bbox 2017 5494 2104 5533; x_wconf 89' lang='lat' dir='ltr'><strong>sa-</strong></span> 
     </span>
    </p>
   </div>
   <div class='ocr_carea' id='block_1_104' title="bbox 607 5674 1218 5750">
    <p class='ocr_par' dir='ltr' id='par_1_104' title="bbox 607 5674 1218 5750">
     <span class='ocr_line' id='line_1_104' title="bbox 607 5674 1218 5750; baseline 0.005 -19"><span class='ocrx_word' id='word_1_740' title='bbox 607 5674 959 5750; x_wconf 55' lang='lat' dir='ltr'><strong>‘Pltilipp.‘,</strong></span> <span class='ocrx_word' id='word_1_741' title='bbox 1008 5681 1091 5744; x_wconf 84' lang='lat' dir='ltr'><strong>lO,</strong></span> <span class='ocrx_word' id='word_1_742' title='bbox 1142 5681 1218 5734; x_wconf 89' lang='lat' dir='ltr'><strong>ll.</strong></span> 
     </span>
    </p>
   </div>
   <div class='ocr_carea' id='block_1_105' title="bbox 1302 5680 2149 5749">
    <p class='ocr_par' dir='ltr' id='par_1_105' title="bbox 1302 5680 2149 5749">
     <span class='ocr_line' id='line_1_105' title="bbox 1302 5680 2149 5749; baseline 0.004 -16"><span class='ocrx_word' id='word_1_743' title='bbox 1302 5684 1319 5711; x_wconf 86' lang='lat'><em>’</em></span> <span class='ocrx_word' id='word_1_744' title='bbox 1345 5684 1509 5735; x_wconf 24' lang='lat' dir='ltr'><strong>llitlir.</strong></span> <span class='ocrx_word' id='word_1_745' title='bbox 1541 5699 1576 5746; x_wconf 79' lang='grc' dir='ltr'><strong>ι,</strong></span> <span class='ocrx_word' id='word_1_746' title='bbox 1600 5684 1650 5735; x_wconf 84' lang='grc'>6.</span> <span class='ocrx_word' id='word_1_747' title='bbox 1732 5681 1749 5711; x_wconf 86' lang='grc'><em>³</em></span> <span class='ocrx_word' id='word_1_748' title='bbox 1775 5680 1895 5735; x_wconf 87' lang='lat' dir='ltr'><strong>Cor.</strong></span> <span class='ocrx_word' id='word_1_749' title='bbox 1938 5697 2024 5749; x_wconf 77' lang='lat' dir='ltr'><strong>xv,</strong></span> <span class='ocrx_word' id='word_1_750' title='bbox 2066 5680 2149 5737; x_wconf 77' lang='grc'><strong>15.</strong></span> 
     </span>
    </p>
   </div>
   <div class='ocr_carea' id='block_1_106' title="bbox 2204 4742 3766 4819">
    <p class='ocr_par' dir='ltr' id='par_1_106' title="bbox 2204 4742 3766 4819">
     <span class='ocr_line' id='line_1_106' title="bbox 2204 4742 3766 4819; baseline -0.004 -16"><span class='ocrx_word' id='word_1_751' title='bbox 2204 4750 2314 4803; x_wconf 85' lang='grc' dir='ltr'>τῶν</span> <span class='ocrx_word' id='word_1_752' title='bbox 2360 4750 2453 4803; x_wconf 88' lang='grc' dir='ltr'><strong>τοῦ</strong></span> <span class='ocrx_word' id='word_1_753' title='bbox 2498 4751 2727 4803; x_wconf 87' lang='grc' dir='ltr'>θανάτου</span> <span class='ocrx_word' id='word_1_754' title='bbox 2775 4750 3009 4819; x_wconf 83' lang='grc' dir='ltr'>δεσμῶν.</span> <span class='ocrx_word' id='word_1_755' title='bbox 3056 4750 3296 4818; x_wconf 84' lang='grc' dir='ltr'>Ἥρκεσε</span> <span class='ocrx_word' id='word_1_756' title='bbox 3349 4747 3456 4818; x_wconf 80' lang='grc' dir='ltr'>γὰρ</span> <span class='ocrx_word' id='word_1_757' title='bbox 3510 4742 3591 4808; x_wconf 77' lang='grc' dir='ltr'><strong>εἷς</strong></span> <span class='ocrx_word' id='word_1_758' title='bbox 3636 4743 3766 4811; x_wconf 77' lang='grc' dir='ltr'>ὑπὲρ</span> 
     </span>
    </p>
   </div>
   <div class='ocr_carea' id='block_1_107' title="bbox 2208 4832 3766 4909">
    <p class='ocr_par' dir='ltr' id='par_1_107' title="bbox 2208 4832 3766 4909">
     <span class='ocr_line' id='line_1_107' title="bbox 2208 4832 3766 4909; baseline -0.006 -16"><span class='ocrx_word' id='word_1_759' title='bbox 2208 4840 2427 4893; x_wconf 79' lang='grc' dir='ltr'>πάντων</span> <span class='ocrx_word' id='word_1_760' title='bbox 2476 4839 2760 4893; x_wconf 84' lang='grc' dir='ltr'>ἀποθανὼν</span> <span class='ocrx_word' id='word_1_761' title='bbox 2818 4843 2845 4893; x_wconf 91' lang='lat'><strong>6</strong></span> <span class='ocrx_word' id='word_1_762' title='bbox 2896 4840 3111 4895; x_wconf 85' lang='grc' dir='ltr'>πάντων</span> <span class='ocrx_word' id='word_1_763' title='bbox 3158 4840 3485 4909; x_wconf 82' lang='grc' dir='ltr'>ἀξιώτερος,</span> <span class='ocrx_word' id='word_1_764' title='bbox 3542 4837 3628 4889; x_wconf 81' lang='grc' dir='ltr'>ὅτι</span> <span class='ocrx_word' id='word_1_765' title='bbox 3680 4832 3766 4885; x_wconf 79' lang='grc' dir='ltr'>καὶ</span> 
     </span>
    </p>
   </div>
   <div class='ocr_carea' id='block_1_108' title="bbox 2208 4919 3763 5001">
    <p class='ocr_par' dir='ltr' id='par_1_108' title="bbox 2208 4919 3763 5001">
     <span class='ocr_line' id='line_1_108' title="bbox 2208 4919 3763 5001; baseline -0.006 -17"><span class='ocrx_word' id='word_1_766' title='bbox 2208 4930 2371 5000; x_wconf 85' lang='grc' dir='ltr'>φύσει</span> <span class='ocrx_word' id='word_1_767' title='bbox 2406 4931 2537 4993; x_wconf 80' lang='grc' dir='ltr'>Θεὸς</span> <span class='ocrx_word' id='word_1_768' title='bbox 2566 4931 2593 4983; x_wconf 93' lang='lat'><strong>6</strong></span> <span class='ocrx_word' id='word_1_769' title='bbox 2623 4932 2685 4982; x_wconf 79' lang='grc' dir='ltr'>ὲκ</span> <span class='ocrx_word' id='word_1_770' title='bbox 2714 4931 2923 5001; x_wconf 75' lang='grc' dir='ltr'>Πατρός</span> <span class='ocrx_word' id='word_1_771' title='bbox 2956 4935 3071 4985; x_wconf 74' lang='grc' dir='ltr'>ἐστι</span> <span class='ocrx_word' id='word_1_772' title='bbox 3098 4931 3291 4999; x_wconf 84' lang='grc' dir='ltr'>Λόγος,</span> <span class='ocrx_word' id='word_1_773' title='bbox 3321 4924 3415 4982; x_wconf 83' lang='grc' dir='ltr'>καὶ</span> <span class='ocrx_word' id='word_1_774' title='bbox 3450 4927 3579 4979; x_wconf 71' lang='grc' dir='ltr'>ἴδιον</span> <span class='ocrx_word' id='word_1_775' title='bbox 3610 4919 3763 4978; x_wconf 76' lang='grc' dir='ltr'>αὐτοῦ</span> 
     </span>
    </p>
   </div>
   <div class='ocr_carea' id='block_1_109' title="bbox 2209 5011 3765 5089">
    <p class='ocr_par' dir='ltr' id='par_1_109' title="bbox 2209 5011 3765 5089">
     <span class='ocr_line' id='line_1_109' title="bbox 2209 5011 3765 5089; baseline -0.005 -18"><span class='ocrx_word' id='word_1_776' title='bbox 2209 5018 2389 5089; x_wconf 82' lang='grc' dir='ltr'>σῶμα,</span> <span class='ocrx_word' id='word_1_777' title='bbox 2419 5018 2478 5071; x_wconf 85' lang='grc' dir='ltr'>τὸ</span> <span class='ocrx_word' id='word_1_778' title='bbox 2503 5018 2642 5088; x_wconf 80' lang='grc' dir='ltr'>ὑπὲρ</span> <span class='ocrx_word' id='word_1_779' title='bbox 2676 5020 2834 5088; x_wconf 79' lang='grc' dir='ltr'>ἡμῶν</span> <span class='ocrx_word' id='word_1_780' title='bbox 2864 5022 2943 5082; x_wconf 82' lang='grc' dir='ltr'><strong>είς</strong></span> <span class='ocrx_word' id='word_1_781' title='bbox 2967 5020 3143 5089; x_wconf 80' lang='grc' dir='ltr'>ὀσμὴν</span> <span class='ocrx_word' id='word_1_782' title='bbox 3172 5018 3396 5079; x_wconf 74' lang='grc' dir='ltr'>εὐωδίας</span> <span class='ocrx_word' id='word_1_783' title='bbox 3427 5016 3504 5087; x_wconf 87' lang='grc' dir='ltr'>τῷ</span> <span class='ocrx_word' id='word_1_784' title='bbox 3529 5014 3648 5082; x_wconf 89' lang='grc' dir='ltr'>Θεῷ</span> <span class='ocrx_word' id='word_1_785' title='bbox 3679 5011 3765 5065; x_wconf 81' lang='grc' dir='ltr'>καὶ</span> 
     </span>
    </p>
   </div>
   <div class='ocr_carea' id='block_1_110' title="bbox 2208 5099 3765 5179">
    <p class='ocr_par' dir='ltr' id='par_1_110' title="bbox 2208 5099 3765 5179">
     <span class='ocr_line' id='line_1_110' title="bbox 2208 5099 3765 5179; baseline -0.008 -16"><span class='ocrx_word' id='word_1_786' title='bbox 2208 5108 2386 5179; x_wconf 73' lang='grc' dir='ltr'>Πατρὶ</span> <span class='ocrx_word' id='word_1_787' title='bbox 2418 5109 2977 5178; x_wconf 81' lang='grc' dir='ltr'>προσκεκομισμένον.</span> <span class='ocrx_word' id='word_1_788' title='bbox 3026 5108 3234 5162; x_wconf 79' lang='grc' dir='ltr'>Οὐκοῦν</span> <span class='ocrx_word' id='word_1_789' title='bbox 3282 5105 3476 5168; x_wconf 70' lang='grc' dir='ltr'>ἀσεϐὲς</span> <span class='ocrx_word' id='word_1_790' title='bbox 3498 5144 3511 5167; x_wconf 87' lang='grc'><strong>,</strong></span> <span class='ocrx_word' id='word_1_791' title='bbox 3543 5104 3637 5156; x_wconf 84' lang='grc' dir='ltr'>καί</span> <span class='ocrx_word' id='word_1_792' title='bbox 3666 5099 3765 5153; x_wconf 83' lang='grc' dir='ltr'><strong>τῶν</strong></span> 
     </span>
    </p>
   </div>
   <div class='ocr_carea' id='block_1_111' title="bbox 2206 5192 3763 5270">
    <p class='ocr_par' dir='ltr' id='par_1_111' title="bbox 2206 5192 3763 5270">
     <span class='ocr_line' id='line_1_111' title="bbox 2206 5192 3763 5270; baseline -0.006 -19"><span class='ocrx_word' id='word_1_793' title='bbox 2206 5198 2328 5251; x_wconf 92' lang='grc' dir='ltr'>λίαν</span> <span class='ocrx_word' id='word_1_794' title='bbox 2362 5198 2773 5263; x_wconf 79' lang='grc' dir='ltr'>ὲκτοπωτάτων,</span> <span class='ocrx_word' id='word_1_795' title='bbox 2805 5199 2866 5251; x_wconf 84' lang='grc' dir='ltr'>τὸ</span> <span class='ocrx_word' id='word_1_796' title='bbox 2890 5198 3107 5270; x_wconf 83' lang='grc' dir='ltr'>τέμνειν</span> <span class='ocrx_word' id='word_1_797' title='bbox 3135 5199 3210 5263; x_wconf 76' lang='grc' dir='ltr'><strong>είς</strong></span> <span class='ocrx_word' id='word_1_798' title='bbox 3244 5196 3392 5260; x_wconf 75' lang='grc' dir='ltr'>υἱοὺς</span> <span class='ocrx_word' id='word_1_799' title='bbox 3424 5195 3525 5249; x_wconf 74' lang='grc' dir='ltr'>δύο</span> <span class='ocrx_word' id='word_1_800' title='bbox 3559 5192 3644 5247; x_wconf 76' lang='grc' dir='ltr'><strong>τὸν</strong></span> <span class='ocrx_word' id='word_1_801' title='bbox 3674 5192 3763 5245; x_wconf 73' lang='grc' dir='ltr'>ἕνα</span> 
     </span>
    </p>
   </div>
   <div class='ocr_carea' id='block_1_112' title="bbox 2207 5279 3765 5363">
    <p class='ocr_par' dir='ltr' id='par_1_112' title="bbox 2207 5279 3765 5363">
     <span class='ocr_line' id='line_1_112' title="bbox 2207 5279 3765 5363; baseline -0.006 -19"><span class='ocrx_word' id='word_1_802' title='bbox 2207 5290 2409 5363; x_wconf 75' lang='grc' dir='ltr'>Κύριον</span> <span class='ocrx_word' id='word_1_803' title='bbox 2442 5290 2648 5362; x_wconf 83' lang='grc' dir='ltr'>Ἰησοῦν</span> <span class='ocrx_word' id='word_1_804' title='bbox 2694 5292 2943 5361; x_wconf 82' lang='grc' dir='ltr'>Χριστόν.</span> <span class='ocrx_word' id='word_1_805' title='bbox 2983 5290 3350 5355; x_wconf 78' lang='grc' dir='ltr'>’Λντιτάξεται</span> <span class='ocrx_word' id='word_1_806' title='bbox 3391 5288 3446 5340; x_wconf 79' lang='grc' dir='ltr'>δὲ</span> <span class='ocrx_word' id='word_1_807' title='bbox 3479 5279 3765 5345; x_wconf 75' lang='grc' dir='ltr'>αὐτοῖςκαὶ</span> 
     </span>
    </p>
   </div>
   <div class='ocr_carea' id='block_1_113' title="bbox 2210 5370 3765 5453">
    <p class='ocr_par' dir='ltr' id='par_1_113' title="bbox 2210 5370 3765 5453">
     <span class='ocr_line' id='line_1_113' title="bbox 2210 5370 3765 5453; baseline -0.008 -16"><span class='ocrx_word' id='word_1_808' title='bbox 2210 5382 2239 5437; x_wconf 85' lang='grc' dir='ltr'>ὁ</span> <span class='ocrx_word' id='word_1_809' title='bbox 2268 5382 2573 5453; x_wconf 82' lang='grc' dir='ltr'>σοφώτατος</span> <span class='ocrx_word' id='word_1_810' title='bbox 2608 5382 2819 5444; x_wconf 83' lang='grc' dir='ltr'>Παῦλος</span> <span class='ocrx_word' id='word_1_811' title='bbox 2851 5381 3057 5449; x_wconf 83' lang='grc' dir='ltr'>λέγων·</span> <span class='ocrx_word' id='word_1_812' title='bbox 3100 5400 3117 5431; x_wconf 81' lang='grc' dir='ltr'><strong>ι</strong></span> <span class='ocrx_word' id='word_1_813' title='bbox 3161 5378 3254 5444; x_wconf 76' lang='grc' dir='ltr'>Εἷς</span> <span class='ocrx_word' id='word_1_814' title='bbox 3290 5378 3511 5449; x_wconf 80' lang='grc' dir='ltr'>Κύριος,</span> <span class='ocrx_word' id='word_1_815' title='bbox 3544 5376 3639 5445; x_wconf 89' lang='grc' dir='ltr'><strong>μία</strong></span> <span class='ocrx_word' id='word_1_816' title='bbox 3677 5370 3765 5421; x_wconf 84' lang='grc' dir='ltr'>πί-</span> 
     </span>
    </p>
   </div>
   <div class='ocr_carea' id='block_1_114' title="bbox 2210 5455 3764 5545">
    <p class='ocr_par' dir='ltr' id='par_1_114' title="bbox 2210 5455 3764 5545">
     <span class='ocr_line' id='line_1_114' title="bbox 2210 5455 3764 5545; baseline -0.01 -15"><span class='ocrx_word' id='word_1_817' title='bbox 2210 5491 2348 5538; x_wconf 82' lang='grc' dir='ltr'>στις,</span> <span class='ocrx_word' id='word_1_818' title='bbox 2391 5473 2449 5528; x_wconf 79' lang='grc' dir='ltr'>ἓν</span> <span class='ocrx_word' id='word_1_819' title='bbox 2480 5473 2783 5545; x_wconf 77' lang='grc' dir='ltr'>βάπτισμα.</span> <span class='ocrx_word' id='word_1_820' title='bbox 2824 5490 2845 5526; x_wconf 85' lang='grc'><strong>›</strong></span> <span class='ocrx_word' id='word_1_821' title='bbox 2882 5473 2945 5528; x_wconf 82' lang='lat' dir='ltr'><strong>El</strong></span> <span class='ocrx_word' id='word_1_822' title='bbox 2972 5472 3079 5544; x_wconf 90' lang='grc' dir='ltr'><strong>γάρ</strong></span> <span class='ocrx_word' id='word_1_823' title='bbox 3124 5472 3237 5524; x_wconf 75' lang='grc' dir='ltr'>ἐστι</span> <span class='ocrx_word' id='word_1_824' title='bbox 3272 5468 3475 5539; x_wconf 83' lang='grc' dir='ltr'>Κύριος</span> <span class='ocrx_word' id='word_1_825' title='bbox 3506 5460 3587 5529; x_wconf 73' lang='grc' dir='ltr'><strong>εἷς</strong></span> <span class='ocrx_word' id='word_1_826' title='bbox 3654 5455 3764 5514; x_wconf 73' lang='grc' dir='ltr'>εἶτα</span> 
     </span>
    </p>
   </div>
  </div>
