4020 6214
289 225 393 285 993

1240 235 1611 298 PANOPLIA
1651 237 2106 309 DOGMATICA.
2137 271 2209 283 —
2242 249 2392 310 Tl'l‘.
2433 250 2549 311 XV.

3431 272 3536 337 991

282 364 539 433 τέμνουσί
564 384 707 431 τινες
746 372 826 436 είς
856 373 950 427 δύο
984 375 1132 438 υἱοὺς
1173 376 1264 429 τὸν
1296 376 1413 440 ἕνα,
1456 376 1561 429 τίνι
1607 379 1705 449 τὴν
1750 378 1818 449 τῆ

1925 434 1927 441 ι
1966 387 2340 457 pientissimus
2374 389 2571 448 Paulus
2616 394 2739 451 huic
2777 404 3063 457 sententia:
3112 405 3311 463 diserte
3356 414 3530 467 recla-

279 456 598 525 κυριότητος
625 459 782 523 δόξαν
814 464 1214 535 περιθήσομεν;
1263 463 1371 536 ἆρα
1418 467 1495 537 τῷ
1540 469 1603 519 ὲκ
1639 469 1850 538 Πατρὶς

276 545 436 611 φύντι
484 548 676 617 Λόγῳ;
713 551 915 619 πρέπει
966 554 1075 624 γὰρ
1120 556 1266 625 αὐτῷ
1296 556 1352 609 τὸ
1381 559 1479 627 ’τῆς
1528 558 1849 628 κυριότητος

274 634 448 703 δνομά
473 652 528 688 τε
566 637 802 705 μάλιστα
831 641 920 693 καὶ
947 642 1156 712 χρῆμα,
1186 644 1281 696 καὶ
1310 643 1453 698 ἔστιν
1492 646 1706 716 άληθῶς
1735 646 1846 699 τῶν

273 724 411 777 ὅλων
440 727 740 796 Δεσπότης.
776 724 909 782 Εἶτα
944 732 1066 785 ὅποι
1096 734 1226 786 ποτὲ
1254 734 1344 787 τὸν
1372 736 1555 809 ἕτερον
1576 738 1840 810 θήσομενς

271 814 377 879 ἔξω
426 816 535 886 γὰρ
565 818 807 873 κείσεται
841 821 933 874 τοῦ
962 819 1101 876 εἶναι
1139 824 1364 895 Κύριος,
1390 831 1733 900 παραχωρῶν
1766 831 1844 901 τῷ

270 907 703 977 πῳῦπάρχοντι,
747 911 842 962 καὶ
875 914 1223 985 ἀσυγκρίτως
1260 917 1643 989 ὑπερηρμένῳ.
1681 920 1841 973 Ἀλλὰ

270 997 346 1067 τῷ
376 999 441 1050 ἐκ
471 1000 747 1065 γυναικὸς,
779 1000 854 1063 ὡς
887 1003 1039 1056 αὐτοί
1081 1023 1245 1074 φασιν
1280 1008 1711 1073 ἀποδιιστάντες,
1742 1009 1841 1074 τὴν

267 1089 366 1157 τῆς
421 1089 739 1159 κυριότητος
789 1092 1067 1164 ἀνάψομεν
1106 1096 1279 1160 δόξαν.
1335 1094 1469 1151 Εἶτα
1520 1100 1636 1162 πῶς
1688 1100 1840 1154 ἔσται

267 1179 471 1246 Κύριος
512 1181 541 1231 ό
580 1179 643 1231 ὲκ
684 1180 819 1233 Θεοῦ
856 1184 1069 1254 Πατρὸς
1108 1187 1299 1253 Λόγος,
1352 1190 1505 1259 εἴπερ
1540 1190 1689 1252 ὄντος
1721 1191 1840 1252 ἑνὸς

264 1268 493 1335 Κυρίου,
528 1269 669 1321 κατὰ
713 1270 812 1333 τὰς
860 1273 899 1323 Γ
905 1275 1117 1342 ραςράς,
1166 1276 1437 1348 ἀνθρώπῳ
1467 1278 1606 1348 ψιλῷ
1641 1280 1703 1332 τὸ
1737 1280 1836 1349 τῆς

264 1357 581 1425 κυριότητος
606 1359 775 1430 ὄνομα
800 1363 1173 1433 χαριούμεθα;
1224 1367 1346 1430 Πῶς
1383 1368 1439 1420 δὲ
1471 1370 1563 1420 καὶ
1613 1369 1710 1438 μία
1745 1368 1835 1421 πί⁴

260 1464 416 1509 στις;
445 1448 476 1517 ἦ
509 1448 625 1512 πῶς
650 1450 708 1501 ἓν
732 1451 793 1504 τὸ
818 1452 1131 1525 βάπτισμα;
1165 1458 1229 1509 Ei
1258 1460 1366 1528 γὰρ
1394 1461 1499 1512 uio).
1526 1459 1647 1525 δύο,
1695 1460 1835 1513 κατά

257 1555 436 1600 τινας,
480 1540 559 1602 είς
597 1540 719 1593 τίνα
768 1544 1129 1614 πιστεύομεν;
1174 1546 1286 1617 Τῆς
1326 1548 1547 1601 ἐκείνων
1594 1549 1831 1619 ἀμαθίας

257 1627 421 1697 ἔργον
462 1630 527 1680 ἂν
559 1628 644 1703 εζη
675 1629 875 1697 λέγειν,
925 1633 1002 1697 είς
1033 1652 1085 1703 γε
1140 1637 1286 1700 τίνος
1344 1638 1516 1709 ὄνομα
1568 1637 1830 1710 βεϐαπτί-

1967 491 2093 534 met.
2124 482 2213 536 Ait
2253 483 2394 537 enim
2428 500 2442 537 :
2483 503 2501 535 ι
2546 484 2695 541 Uuus
2728 490 3006 558 Dominus,
3043 511 3148 550 una
3187 498 3337 565 ﬁdes,
3365 518 3529 558 unum

1964 569 2228 638 baptisma
2284 573 2319 627 '.
2362 593 2379 626 ι
2418 572 2548 628 Nam
2578 578 2622 631 si
2656 594 2794 633 unus
2831 581 3089 638 duntaxat
3125 596 3206 640 est
3248 588 3527 657 Dominus,

1962 675 2119 727 quem
2153 662 2224 715 illi
2260 664 2312 717 in
2347 664 2478 718 duos
2513 667 2651 722 ﬁlios
2681 671 3029 739 distrahunt,
3057 676 3187 741 utri,
3225 692 3431 747 quzeso.
3458 696 3524 734 ex

1962 750 2069 805 illis
2117 751 2499 811 dominationis
2538 757 2760 825 gloriam
2807 762 3245 831 assignabimus?
3305 771 3384 821 An
3436 771 3525 823 Dei

1960 840 2137 897 Patris
2169 845 2348 912 genito
2380 844 2591 900 Verbo?
2616 848 2668 901 in
2707 850 2847 905 hunc
2875 869 3123 924 namque,
3151 870 3270 910 eum
3311 861 3524 914 univer-

1959 944 2139 984 sorum
2167 932 2424 988 Dominus
2456 937 2629 1003 reipsa
2661 938 2765 1001 sit,
2792 948 2844 993 et
2879 944 3181 998 dominatus
3212 960 3437 1012 nomen,
3468 959 3523 1002 et

1958 1036 2045 1076 res
2081 1023 2196 1089 ipsa
2228 1038 2443 1093 quoque
2475 1027 2643 1082 multo
2677 1034 2907 1088 maxime
2937 1037 3210 1089 convenit.
3246 1036 3389 1092 Cedo
3425 1055 3521 1091 au-

1957 1121 2089 1175 tem,
2128 1128 2235 1180 quo
2264 1116 2477 1169 interim
2529 1118 2646 1171 loco
2696 1120 2923 1175 alterum
2972 1123 3121 1178 illum
3162 1116 3522 1182 habebimus?

1953 1201 2086 1255 Nam
2122 1217 2242 1256 cum
2294 1205 2380 1259 hic
2424 1207 2588 1274 priori
2640 1209 2741 1274 illi,
2788 1219 2974 1279 utpote
3023 1213 3246 1269 inﬁnitis
3278 1216 3523 1284 partibus

1950 1292 2257 1360 excelsiori,
2294 1295 2415 1362 jure
2451 1298 2751 1366 meritoque
2797 1316 3047 1357 cessurus
3090 1304 3178 1368 sit,
3231 1320 3514 1361 necessum

1950 1392 2036 1436 est
2093 1392 2152 1438 ut
2199 1386 2579 1440 dominationis
2633 1389 2840 1442 titulum
2893 1406 3115 1459 prorsus
3163 1395 3393 1457 amittat.
3447 1398 3564 1451 At-~

1948 1473 2330 1529 dominatiOuis
2363 1476 2566 1545 gloria,
2612 1489 2667 1531 ut
2709 1480 2781 1533 illi
2831 1482 2928 1549 ipsi
2968 1483 3057 1551 qui
3100 1470 3372 1553 separant,
3430 1487 3514 1541 di-

1948 1574 2099 1627 cunt,
2133 1579 2163 1617 e
2199 1567 2420 1620 muliere
2452 1578 2713 1638 prognato
2742 1571 3029 1625 tribuetur.
3060 1572 3192 1629 Cum
3233 1574 3399 1642 igitur
3425 1592 3514 1630 sa~

1947 1668 2159 1706 crarum
2213 1655 2539 1710 Litterarum
2596 1660 2933 1724 tesﬁmouio,
2973 1678 3113 1717 unus
3165 1673 3374 1720 tantum
3436 1654 3511 1745 sit

257 1717 455 1786 σμεοα,
488 1718 664 1772 καίτοι
696 1718 1070 1791 βαπτίσματος
1107 1726 1257 1791 ὄντος
1286 1729 1424 1791 ἑνός.

1948 1742 2239 1815 Dominus;
2274 1746 2319 1798 si
2350 1745 2733 1804 dominationis
2774 1751 3088 1807 vocabulum
3122 1756 3263 1809 nudo
3298 1740 3509 1811 homini

260 1812 631 1880 impartimur,
699 1820 978 1886 quomodo
1014 1822 1109 1878 Dei
1140 1823 1315 1877 Patris
1372 1826 1605 1882 Verbum
1661 1812 2052 1889 dominationis
2095 1838 2458 1907 appellatione
2503 1844 3026 1904 cohonestabimus?
3053 1851 3340 1916 Quomodo
3386 1866 3505 1904 rur-

260 1919 385 1959 sum
418 1922 522 1961 uua
580 1909 688 1964 erit
742 1912 895 1979 ﬁdes,
932 1926 989 1971 et
1024 1933 1189 1971 unum
1228 1919 1354 1973 item
1383 1920 1686 1990 baptisma?
1711 1923 1842 1977 Nam
1875 1924 1917 1979 si
1950 1925 2060 1981 duo
2103 1941 2232 1985 sunt
2266 1931 2384 2001 ﬁlii,
2446 1944 2502 1989 ut
2562 1937 2778 2005 quidam
2807 1940 3121 2008 opinantur,
3154 1942 3207 1996 in
3238 1956 3397 2011 quem
3436 1956 3503 1995 ex

261 2004 375 2060 illis
404 2007 726 2063 credimus?
761 2009 978 2066 Illorum
1030 2014 1259 2069 inscitia:
1326 2016 1654 2082 critdicere,
1691 2020 1744 2071 iu
1798 2021 1955 2093 cujus
1988 2022 2152 2079 etiam
2196 2028 2420 2085 nomine
2472 2032 2731 2102 baptizati
2782 2051 2989 2105 sumus,
3042 2052 3165 2091 cum
3222 2051 3389 2090 unum
3432 2038 3506 2088 sit

256 2103 546 2171 baptisma.

347 2200 487 2254 Ἀλλ’
525 2202 626 2273 ἐρᾷ
663 2220 765 2256 που
802 2206 1017 2267 πάντως
1066 2208 1095 2273 ἡ
1145 2208 1203 2257 ἐν
1246 2207 1377 2277 ὑμῖν
1427 2209 1677 2278 ἀγχίνοια
1730 2226 1821 2269 με·

2005 2212 2259 2282 lutelligit
2310 2216 2596 2283 prudentia
2646 2226 2825 2270 vestra
2885 2218 3204 2287 perspicue,
3258 2218 3505 2276 insanam

250 2296 457 2349 θύοντά
486 2312 546 2347 τε
584 2296 677 2348 τὸν
722 2296 814 2349 ἐπὶ
862 2298 1035 2365 τούτῳ
1070 2298 1247 2365 λόγον,
1279 2302 1373 2352 καὶ
1402 2302 1821 2369 κατασειόμειον

1933 2303 2074 2357 hanc
2137 2303 2438 2357 doctrinam
2493 2305 2549 2359 in
2602 2321 2851 2376 magnam
2905 2308 3296 2361 absurditatem
3354 2306 3508 2375 incli-

249 2385 334 2446 εἰς
381 2400 443 2451 γε
477 2386 540 2438 τὸ
588 2386 840 2452 ἀκαλλὲς,
879 2387 1080 2455 μᾶλλον
1129 2390 1227 2458 ἥδη
1271 2392 1364 2443 καὶ
1403 2391 1538 2457 πρὸς
1587 2390 1821 2461 ἐσχάτην

1932 2408 2084 2459 nare,
2137 2394 2246 2448 imo
2278 2408 2406 2448 vero
2434 2394 2489 2449 iu
2530 2406 2832 2451 extremam
2867 2398 3201 2467 impietatem
3262 2400 3510 2468 praecipi-

249 2477 513 2530 ἀσέδειαν
534 2478 928 2532 ἀποννευκότα.
953 2475 1123 2549 Οἶμαι
1154 2480 1210 2533 δὲ
1239 2482 1352 2535 δεῖν
1383 2483 1549 2552 ὑμᾶς,
1574 2483 1636 2535 τὸ
1682 2483 1821 2537 θεῖον

1929 2494 2036 2539 tem
2076 2482 2229 2539 ferri.
2261 2483 2526 2541 Existimo
2568 2494 2747 2543 autem
2778 2504 2897 2554 vos,
2925 2504 3045 2559 qua:
3085 2490 3330 2544 divinum
3377 2490 3507 2545 illud

262 2565 433 2620 αὐτοῦ
479 2570 1043 2639 πολυπραγμονούσας
1090 2578 1404 2645 μυστήριον,
1450 2578 1561 2641 ὀξεῖ
1600 2580 1821 2642 διανοίας

1938 2584 2135 2638 Christi
2187 2585 2508 2653 mysterium
2561 2588 2864 2638 accuratius
2911 2586 3239 2655 expenditis,
3290 2585 3497 2655 perspi-

258 2657 474 2725 δμματι
516 2658 755 2728 καθορᾷν
798 2660 925 2723 τοὺς
975 2665 1339 2733 συναρπάζειν
1376 2667 1689 2731 ἐθέλοντας,
1733 2671 1821 2723 καὶ

1932 2676 2045 2729 caci
2078 2679 2272 2731 mentis
2308 2678 2468 2733 oculo
2507 2678 2624 2732 illos
2660 2679 3053 2741 internoscere,
3093 2677 3180 2745 qui
3231 2676 3495 2745 impastu-

261 2749 606 2812 προσωπεῖον
636 2748 737 2816 μὲν
788 2750 1007 2813 εὐσεϐὲς
1042 2756 1154 2817 τοῖς
1186 2755 1337 2820 ίδίοις
1365 2760 1821 2829 περιπλάττοντας

1930 2779 2047 2819 ram
2075 2767 2388 2834 moliuntur,
2420 2769 2760 2837 oratiouique
2800 2782 2909 2823 sua:
2958 2768 3170 2837 pietatis
3208 2780 3493 2835 personam

259 2834 463 2901 λόγοις,
498 2835 701 2904 βολίδος
724 2855 785 2906 γε
814 2840 919 2910 μὴν
950 2843 1165 2912 ἀπάσης
1205 2844 1456 2917 ὀξύτερον
1480 2849 1699 2919 ἔχοντας
1726 2853 1821 2905 αὺ-

1931 2853 2212 2921 indueunt,
2247 2872 2369 2911 cum
2397 2846 2586 2926 quovis
2619 2858 2836 2911 interim
2870 2854 3332 2921 venenatojaculo
3373 2869 3492 2905 ma-

259 2924 409 2986 τούς.
448 2924 761 2994 Ἀρνοῦντσι
798 2929 897 2999 μὲν
928 2932 1056 3002 γὰρ,
1095 2935 1218 2988 ὅσον
1248 2932 1382 3008 ἧκεν
1410 2940 1583 2994 εἰπεῖν
1610 2944 1691 3005 είς
1730 2943 1821 2997 δύ-

458 3015 711 3039 ιπ..Δ-ι..-
810 3022 894 3039 -.Α
937 3022 950 3039 ,
1081 3024 1093 3039 .
1347 3026 1361 3039 .
1438 3030 1449 3039 .
1540 3033 1549 3039 .
1686 3033 1697 3039 -

1927 2943 2012 3012 gis
2049 2942 2247 2998 feriant
2275 2958 2290 2997 :
2324 2924 2446 2999 nam
2473 2945 2517 2999 si
2547 2946 2690 3014 quod
2720 2960 2804 2999 res
2828 2945 2939 3012 ipsa
2964 2952 3067 3005 est,
3103 2942 3275 3011 palam
3306 2940 3486 3039 dicere

258 3031 426 3082 ναμιν
453 3015 712 3083 ἀληθείας
732 3059 749 3082 ,
803 3022 896 3073 τὸν
926 3022 1273 3092 ἀγοράσαντα
1302 3026 1497 3092 αὐτοὺς
1525 3033 1821 3103 Δεσπότην,

1928 3033 2075 3097 licet,
2129 3034 2413 3089 Dominum
2468 3035 2558 3102 qui
2607 3049 2701 3089 eos
2749 3034 2994 3097 redemit,
3043 3033 3142 3085 hoe
3186 3038 3289 3095 est,
3325 3026 3487 3082 Cliri-

256 3103 510 3156 τουτέστι
538 3106 793 3174 Χριστόν.
826 3110 1068 3175 Δεδιότες
1112 3113 1169 3165 δὲ
1213 3115 1321 3167 τῶν
1366 3117 1605 3171 εὐσεϐεῖν
1636 3122 1821 3174 εἰωθό-

1925 3130 2091 3187 stum,
2151 3122 2479 3177 inﬁciantur.
2537 3123 2928 3178 Verumtamen
2993 3121 3201 3188 piorum
3246 3120 3313 3172 ob
3351 3118 3487 3170 hanc

256 3208 371 3243 των
409 3193 507 3256 τὰς
552 3194 648 3247 ἐπὶ
676 3196 813 3266 τῷδε
893 3198 1105 3266 λύπας,
1162 3204 1256 3257 καὶ
1300 3208 1480 3276 μέντοι
1524 3209 1684 3279 ζῆλον
1734 3214 1825 3263 τὸν

252 3283 586 3349 ἀξιάγαστον
614 3324 626 3347 ,
660 3288 1037 3357 ὁμολογοῦσιν,
1078 3294 1161 3346 ὅτι
1208 3297 1302 3348 καὶ
1344 3297 1475 3360 Θεός
1518 3302 1662 3353 ἐστιν
1700 3302 1728 3354 ό
1759 3305 1823 3354 ἐκ

250 3371 358 3441 τῆς
403 3374 563 3441 ἁγίας
592 3377 869 3446 Παρθένου
899 3385 1315 3453 γεγεννημένος,
1350 3388 1441 3440 καὶ
1468 3390 1576 3458 μὴν
1617 3391 1697 3443 ὅτι
1728 3394 1820 3444 καὶ

253 3460 502 3532 Κύριος,
559 3466 653 3518 καὶ
700 3468 827 3531 Υἱὸς
876 3470 970 3523 τοῦ
1013 3471 1168 3526 Θεοῦ.
1212 3476 1321 3527 Καὶ
1362 3479 1410 3529 εί
1458 3480 1556 3547 μέν
1588 3497 1670 3542 τις
1711 3481 1820 3536 τῶν

264 3551 455 3605 ἁπλῶν
482 3555 607 3618 τοὺς
639 3559 768 3628 παρ’
796 3559 975 3612 αὐτῶν
1016 3561 1236 3633 δέξηται
1265 3565 1478 3635 λόγους,
1500 3574 1677 3637 νομιεῖ
1691 3591 1816 3637 που,

251 3640 396 3693 κατά
416 3641 477 3694 τὸ
519 3645 685 3710 εἰκὸς,
728 3647 863 3717 όρθά
890 3651 984 3702 καὶ
1014 3652 1199 3705 εἰκότα
1227 3654 1425 3723 λέγειν,
1454 3660 1546 3711 καὶ
1573 3662 1685 3723 τοῖς
1717 3662 1819 3731 τῆς

247 3730 514 3801 ἀληθείας
548 3737 648 3791 οὐκ
678 3739 951 3809 ἀπᾴδοντα
972 3742 1259 3812 δόγμασιν.
1290 3748 1352 3799 Ei
1371 3748 1426 3801 δὲ
1451 3749 1515 3819 δή
1538 3768 1621 3815 τις
1644 3730 1818 3806 ἕλοιτο

250 3826 581 3894 κατισχνοῦν
634 3831 753 3893 ταῖς
793 3831 1042 3902 ὲρεύναις
1089 3835 1322 3901 αὐτοὺς,
1376 3840 1471 3891 καὶ
1518 3840 1579 3894 τὸ
1612 3843 1812 3913 ἀκριϐῆ

249 3917 524 3969 ποιεῖσθαι
569 3918 675 3972 τῶν
715 3922 1019 3993 εἰρημένων
1050 3924 1147 3995 τὴν
1194 3926 1447 3996 βάσανον,
1482 3932 1578 4001 οὐχ
1615 3932 1816 3987 ἁπλοῦν

246 4003 493 4075 εὑρήσει.
520 4007 642 4062 Είσὶ
667 4010 765 4079 μὲν
794 4012 902 4082 γὰρ
928 4014 1037 4066 Osci
1066 4016 1273 4082 πολλοὶ,
1300 4020 1394 4072 καὶ
1422 4020 1602 4092 κύριοι
1635 4024 1818 4079 πολλοὶ

243 4092 309 4147 εν
341 4112 403 4148 τε
435 4097 651 4168 οὖρανῷ
682 4101 777 4153 καὶ
804 4102 898 4155 ἐπὶ
929 4104 1027 4173 τῆς
1051 4106 1175 4175 γῆς,
1197 4108 1337 4162 καθὰ
1371 4111 1464 4165 καὶ
1492 4113 1519 4163 ό
1550 4116 1816 4185 μακάριος

244 4184 385 4251 ἡμῖν
419 4186 619 4255 γράφει
651 4187 881 4252 Παῦλος.
923 4209 942 4243 ι
990 4193 1149 4246 Ἀλλά
1188 4196 1318 4265 ἡμῖν
1356 4196 1435 4260 εἷς
1480 4201 1611 4264 Θεὸς
1639 4203 1667 4253 ό
1699 4184 1813 4255 Πα-

239 4274 352 4344 τὴρ
372 4313 386 4337 ,
431 4276 492 4340 ἐξ
519 4272 578 4331 οὗ
607 4279 673 4333 τὰ
710 4280 887 4333 πάντα
908 4320 923 4346 ,
972 4283 1067 4336 καὶ
1101 4286 1260 4356 ἡμεῖς
1286 4289 1365 4351 είς
1388 4290 1581 4344 αὐτόν’
1613 4295 1706 4347 καὶ
1735 4288 1815 4358 εἷς

240 4363 449 4434 Κύριος
486 4367 693 4436 Ἰησοῦς
720 4369 976 4439 Χριστὸς,
1000 4371 1069 4424 δι’
1096 4367 1156 4427 οῦ
1186 4377 1254 4429 τὰ
1285 4377 1485 4441 πάντα,
1530 4382 1624 4432 καὶ
1651 4382 1812 4451 ἡμεῖς

237 4454 314 4507 δι’
344 4456 530 4509 αὑτοῦ.
555 4475 574 4508 ι
606 4459 751 4529 Πλὴν
779 4460 908 4513 ὅταν
936 4461 1141 4530 Ἰησοῦν
1166 4454 1398 4537 Χριστὸν
1427 4469 1805 4543 ὀνομάζωμεν,

234 4541 334 4596 τὸν
376 4545 444 4596 ὲκ
485 4545 619 4599 Θεοῦ
666 4549 880 4619 Πατρὸς
928 4552 1100 4620 Λόγον
1148 4555 1207 4606 ὲν
1252 4555 1567 4631 ἀνθρωπεία
1625 4541 1806 4638 μορᾳῇ

236 4635 522 4703 πεφηνότα
556 4638 909 4709 σημαίνομεν,
936 4642 1033 4695 οὐκ
1057 4645 1115 4696 ὲν
1140 4646 1358 4716 χάριτος
1394 4650 1548 4720 μέρει
1587 4655 1679 4706 καὶ
1708 4635 1807 4705 ἐπέ

231 4724 405 4776 ακτὸν
457 4725 654 4791 ἔξωθεν
703 4728 911 4798 ἔχοντα·
938 4733 997 4786 τὸ
1038 4732 1285 4805 ἀξίωμα,
1330 4738 1465 4793 ἀλλά
1494 4740 1623 4795 ὄντα
1652 4744 1808 4796 τοῦτο

233 4812 381 4865 κατά
412 4814 689 4884 ἀλήθειαν,
735 4820 872 4891 ὅπερ
915 4818 1057 4877 εἶναι
1096 4825 1472 4882 πεπίστευται.
1519 4830 1649 4893 Θεὸς
1699 4833 1806 4905 γὰρ

228 4903 311 4957 ὢν
339 4904 498 4973 φύσει
529 4908 621 4960 καὶ
649 4909 771 4980 δίχα
810 4913 1030 4981 σαρκὸς,
1066 4914 1343 4985 μεμένηκε
1372 4917 1502 4981 Θεὸς
1541 4921 1633 4973 καὶ
1665 4903 1806 4992 μετά

231 4996 472 5065 σαρκός·
507 4998 601 5052 καὶ
647 5000 769 5063 Tib;
796 5002 870 5054 ὣν
900 5003 1057 5071 φύσει
1090 5008 1184 5061 καὶ
1236 5009 1341 5078 πρὸ
1375 5012 1594 5081 σαρκὸς,
1632 5015 1804 5084 μεμέ-

239 5100 399 5152 νηκεν
424 5084 551 5148 Υἱὸς
595 5087 690 5139 καὶ
726 5089 863 5159 ὅπερ
891 5088 908 5128 ι
942 5091 1130 5159 γέγονε
1175 5094 1345 5162 σάρξ·
1375 5097 1467 5149 καὶ
1494 5098 1695 5169 Κύριος
1728 5098 1805 5154 ὢν

232 5173 452 5246 ἀληθῶς
490 5176 599 5230 τῶν
630 5178 786 5245 ὅλων,
821 5182 879 5233 ὲν
926 5184 1102 5254 τοιᾷδε
1148 5186 1309 5239 πάλιν
1357 5187 1547 5258 δρᾶται
1590 5190 1717 5263 δόξῃ
1784 5230 1800 5254 ,

234 5265 331 5319 καὶ
360 5268 419 5318 ὲν
448 5268 827 5342 ἀνθρωπότητι
859 5273 1114 5342 γεγονώς.
1141 5275 1348 5329 Οὐκοῦν
1378 5281 1424 5331 εί
1453 5278 1583 5334 Θεὸν
1614 5282 1803 5351 ἀληθι-

231 5355 326 5410 νὸν
361 5352 499 5411 εἶναι
531 5359 744 5427 λέγουσι
781 5363 874 5416 τὸν
900 5365 963 5417 ὲκ
990 5366 1085 5434 τῆς
1115 5366 1276 5435 ἁγίας
1312 5369 1585 5441 Παρθένου
1610 5388 1802 5442 γεγεν-

232 5445 489 5515 νημένον,
530 5450 776 5506 τουτέστι
802 5452 892 5508 τὸν
919 5454 984 5508 ὲκ
1019 5454 1150 5508 Θεοῦ
1184 5457 1395 5529 [ἰατρὸς
1432 5459 1627 5529 Λόγον,
1664 5462 1803 5518 κατά

317 5634 332 5663 ³
360 5630 551 5701 prcs.
592 5644 661 5694 Iv,
695 5628 746 5684 5.

1927 3227 2038 3267 rem
2087 3212 2475 3278 offensionem,
2531 3214 2813 3281 zelumque
2864 3209 3206 3264 mutulatiuue
3267 3208 3486 3275 dignum

1927 3315 2249 3368 metuentes,
2280 3320 2401 3359 eum
2437 3305 2527 3374 qui
2561 3320 2625 3358 ex
2661 3320 2814 3357 sacra
2854 3301 3066 3372 Virgine
3098 3310 3253 3353 natus
3286 3309 3367 3351 est
3389 3335 3403 3359 ,
3433 3305 3488 3350 et

1926 3395 2087 3448 Deum
2122 3410 2175 3449 et
2201 3394 2508 3457 Dominum,
2538 3404 2591 3449 et
2637 3394 2730 3449 Dei
2767 3394 2958 3447 Filium
2986 3407 3108 3447 esse
3139 3390 3480 3459 proﬁtentur.

1922 3482 2075 3547 Quod
2105 3483 2150 3537 si
2196 3485 2285 3551 qui
2334 3498 2398 3537 ex
2444 3483 2755 3537 rudioribus
2805 3483 3025 3573 illorum.
3045 3493 3319 3534 sermones
3352 3475 3487 3529 forte

1922 3572 2195 3636 hauriunt,
2223 3583 2367 3626 recta
2393 3589 2536 3637 mox,
2558 3582 2614 3624 ut
2650 3572 2927 3639 probabile
2959 3572 3060 3631 est,
3081 3578 3132 3622 et
3289 3579 3485 3620 conve-

1920 3661 2140 3723 nientia.
2176 3672 2228 3714 et
2252 3676 2371 3728 qua:
2403 3676 2431 3713 ε
2468 3662 2695 3714 veritate
2724 3676 2826 3712 nun
2863 3657 3221 3719 dissentiant,
3251 3655 3370 3707 illos
3407 3654 3482 3704 Io-

1917 3749 2008 3815 qui
2036 3748 2388 3801 arbitrantur.
2438 3748 2634 3801 Verum
2670 3750 2760 3817 qui
2802 3748 2944 3799 dicta
2994 3745 3202 3798 illorum
3240 3741 3483 3795 exactius

1918 3847 2346 3906 perscrutautur,
2380 3838 2619 3908 etjustis
2649 3838 2977 3907 ponderibus
3024 3835 3359 3897 examinant,
3397 3832 3480 3884 ui-

1919 3927 1991 3980 hil
2039 3943 2140 3981 non
2181 3929 2419 3982 fucatum
2458 3943 2522 3982 ac
2574 3930 2884 3996 perplexum
2940 3926 3277 3995 compcriunt
3308 3940 3323 3977 :
3358 3930 3485 3977 sunt

1915 4018 2057 4073 enim
2088 4018 2157 4072 dii
2194 4017 2345 4073 tnulti
2383 4027 2439 4074 et
2488 4018 2690 4073 domini
2738 4017 2908 4081 multi,
2951 4027 3005 4072 et
3051 4017 3102 4069 iu
3151 4014 3288 4069 coelo
3325 4024 3380 4067 et
3427 4014 3479 4067 iu

1915 4117 2080 4169 terra.
2104 4109 2555 4178 quemadmodum
2592 4108 2804 4162 divinus
2839 4107 3035 4160 Paulus
3079 4104 3338 4172 scriptum
3377 4116 3485 4155 no-

1912 4199 1996 4253 bis
2030 4200 2287 4268 reliquit:
2337 4219 2355 4251 ι
2400 4198 2564 4253 Nobis
2604 4210 2780 4253 tamen
2827 4214 2963 4252 unus
2998 4206 3079 4252 est
3122 4197 3257 4250 Deus
3297 4194 3477 4255 Pater,

1911 4302 1977 4342 ex
2008 4304 2114 4358 quo
2138 4290 2341 4355 omnia,
2377 4299 2431 4342 et
2479 4304 2576 4343 nos
2622 4290 2673 4342 in
2718 4288 2907 4342 illum:
2954 4297 3008 4342 et
3046 4301 3186 4339 unus
3224 4283 3477 4336 Dominus

1847 4365 1886 4419 ο
1913 4389 2095 4439 noster
2126 4377 2282 4433 Iesus
2315 4380 2579 4445 Christus,
2616 4394 2708 4448 per
2740 4393 2898 4447 quem
2928 4377 3131 4439 munia,
3168 4383 3215 4428 et
3256 4387 3351 4425 nos
3380 4384 3476 4438 per

1910 4469 2086 4537 ipsum
2112 4470 2178 4521 7°.
2217 4488 2234 4520 ι
2267 4470 2531 4523 Caeterum
2574 4484 2695 4523 cum
2739 4468 2828 4522 Dei
2878 4466 3055 4520 Patris
3085 4465 3318 4519 Verbum
3365 4460 3476 4514 hu-

1910 4574 2065 4615 mana
2102 4558 2268 4613 lurma
2302 4560 2571 4623 indutum,
2603 4558 2784 4614 Jesum
2812 4556 3084 4613 Christum
3110 4555 3473 4615 nominamus,

1908 4651 2223 4719 dignitatem
2261 4652 2403 4705 hanc
2438 4668 2540 4706 non
2580 4654 2785 4705 muneri
2820 4650 3025 4711 datam,
3057 4656 3151 4701 aut
3183 4647 3229 4700 ei
3263 4644 3468 4698 extrin-

1906 4753 2062 4794 secus
2097 4739 2446 4793 adventitiam
2484 4739 2744 4808 obtigisse
2777 4736 3173 4807 signiﬁcamus;
3210 4733 3301 4787 sed
3330 4732 3471 4799 quod

1906 4831 2170 4884 creditum
2202 4839 2286 4885 est
2315 4843 2457 4893 esse,
2493 4830 2594 4884 hoc
2630 4830 2801 4897 ipsum
2844 4826 3143 4881 secundum
3190 4822 3470 4877 veritatem

1904 4932 2024 4973 esse
2048 4919 2368 4975 iudicamus.
2398 4918 2530 4972 Nam
2558 4933 2679 4973 cum
2714 4926 2867 4973 extra
2895 4930 3116 4972 carnem
3158 4923 3344 4982 suapte
3375 4926 3473 4967 na-

1908 5019 2029 5064 tura
2068 5010 2207 5065 Deus
2238 5019 2405 5075 esset,
2438 5019 2794 5081 posteaquam
2841 5022 3056 5063 earnem
3108 5006 3297 5071 induit,
3332 5004 3471 5058 Deus

1888 5082 2025 5156 esse
2061 5116 2164 5156 uou
2211 5101 2437 5154 destitit.
2496 5099 2727 5153 Rursum
2784 5115 2910 5154 cum
2963 5108 3086 5151 ante
3141 5103 3469 5163 assumptam

1907 5206 2128 5247 carnem
2185 5191 2449 5245 naturalis
2500 5190 2591 5245 Dei
2651 5190 2820 5245 Filius
2860 5200 3033 5253 esset,
3080 5188 3295 5258 quando
3340 5199 3471 5240 caro

1899 5282 2010 5351 jam
2040 5282 2236 5336 factum
2273 5288 2379 5346 est,
2413 5281 2530 5335 Filii
2566 5282 2827 5336 rationem
2861 5297 2964 5335 non
3000 5279 3200 5333 amisit.
3228 5276 3467 5330 Tandem

1902 5390 2024 5431 cum
2050 5373 2423 5429 universorum
2458 5374 2717 5429 Dominus
2749 5384 2872 5428 ante
2915 5371 3227 5431 exsisteret,
3263 5376 3471 5437 postea-

1900 5480 2062 5537 quam
2093 5464 2328 5519 humana
2360 5472 2549 5518 natura
2577 5472 2828 5518 ornatum
2856 5460 3078 5531 prodiit,
3104 5458 3172 5513 ab
3193 5471 3259 5513 eo
3281 5454 3471 5511 ordino
