  <div class='ocr_page' id='page_1' title='image "/cluster/home/n/w/nwhite01/storage/ocr_20150623/130/hvd.32044073502387/504.png"; bbox 0 0 4020 6214; ppageno 0'>
   <div class='ocr_carea' id='block_1_1' title="bbox 296 257 403 320">
    <p class='ocr_par' dir='ltr' id='par_1_1' title="bbox 296 257 403 320">
     <span class='ocr_line' id='line_1_1' title="bbox 296 257 403 320; baseline -0.009 0"><span class='ocrx_word' id='word_1_1' title='bbox 296 257 403 320; x_wconf 80' lang='lat'><strong>997</strong></span> 
     </span>
    </p>
   </div>
   <div class='ocr_carea' id='block_1_2' title="bbox 1250 261 2585 333">
    <p class='ocr_par' dir='ltr' id='par_1_2' title="bbox 1250 261 2585 333">
     <span class='ocr_line' id='line_1_2' title="bbox 1250 261 2585 333; baseline 0.01 -13"><span class='ocrx_word' id='word_1_2' title='bbox 1250 262 1626 321; x_wconf 74' lang='lat' dir='ltr'><strong>PANOPLIA</strong></span> <span class='ocrx_word' id='word_1_3' title='bbox 1662 261 2125 327; x_wconf 82' lang='lat' dir='ltr'><strong>DOGMATICA.</strong></span> <span class='ocrx_word' id='word_1_4' title='bbox 2167 292 2237 304; x_wconf 89' lang='lat'>—</span> <span class='ocrx_word' id='word_1_5' title='bbox 2274 268 2420 331; x_wconf 85' lang='lat' dir='ltr'><strong>TIT.</strong></span> <span class='ocrx_word' id='word_1_6' title='bbox 2465 273 2585 333; x_wconf 88' lang='lat' dir='ltr'><strong>XV.</strong></span> 
     </span>
    </p>
   </div>
   <div class='ocr_carea' id='block_1_3' title="bbox 3444 276 3549 340">
    <p class='ocr_par' dir='ltr' id='par_1_3' title="bbox 3444 276 3549 340">
     <span class='ocr_line' id='line_1_3' title="bbox 3444 276 3549 340; baseline -0.038 1"><span class='ocrx_word' id='word_1_7' title='bbox 3444 276 3549 340; x_wconf 81' lang='lat'><strong>998</strong></span> 
     </span>
    </p>
   </div>
   <div class='ocr_carea' id='block_1_4' title="bbox 293 369 1857 453">
    <p class='ocr_par' dir='ltr' id='par_1_4' title="bbox 293 369 1857 443">
     <span class='ocr_line' id='line_1_4' title="bbox 293 369 1857 443; baseline -0.001 -19"><span class='ocrx_word' id='word_1_8' title='bbox 293 371 529 440; x_wconf 80' lang='grc' dir='ltr'><strong>αἵματος</strong></span> <span class='ocrx_word' id='word_1_9' title='bbox 553 370 650 423; x_wconf 73' lang='grc' dir='ltr'><strong>καὶ</strong></span> <span class='ocrx_word' id='word_1_10' title='bbox 689 369 917 440; x_wconf 76' lang='grc' dir='ltr'><strong>σαρκὸς,</strong></span> <span class='ocrx_word' id='word_1_11' title='bbox 954 371 1043 425; x_wconf 79' lang='grc' dir='ltr'><strong>ἴνα</strong></span> <span class='ocrx_word' id='word_1_12' title='bbox 1065 374 1093 425; x_wconf 87' lang='grc' dir='ltr'><strong>ὁ</strong></span> <span class='ocrx_word' id='word_1_13' title='bbox 1118 371 1247 434; x_wconf 83' lang='grc' dir='ltr'><strong>Θεὸς</strong></span> <span class='ocrx_word' id='word_1_14' title='bbox 1283 372 1712 443; x_wconf 79' lang='grc' dir='ltr'><strong>ἐνανθρωπήσας</strong></span> <span class='ocrx_word' id='word_1_15' title='bbox 1753 371 1857 441; x_wconf 61' lang='grc' dir='ltr'><strong>νοῆι</strong></span> 
     </span>
    </p>
   </div>
   <div class='ocr_carea' id='block_1_5' title="bbox 1956 369 3557 453">
    <p class='ocr_par' dir='ltr' id='par_1_5' title="bbox 1988 371 3557 453">
     <span class='ocr_line' id='line_1_5' title="bbox 1988 371 3557 453; baseline 0.007 -28"><span class='ocrx_word' id='word_1_16' title='bbox 1988 371 2185 429; x_wconf 80' lang='lat' dir='ltr'><strong>factum</strong></span> <span class='ocrx_word' id='word_1_17' title='bbox 2211 387 2316 445; x_wconf 88' lang='lat' dir='ltr'><strong>est,</strong></span> <span class='ocrx_word' id='word_1_18' title='bbox 2344 389 2396 434; x_wconf 93' lang='lat' dir='ltr'><strong>ut</strong></span> <span class='ocrx_word' id='word_1_19' title='bbox 2434 381 2752 439; x_wconf 86' lang='lat' dir='ltr'><strong>Deushomo</strong></span> <span class='ocrx_word' id='word_1_20' title='bbox 2775 381 2947 438; x_wconf 80' lang='lat' dir='ltr'><strong>factus</strong></span> <span class='ocrx_word' id='word_1_21' title='bbox 2974 392 3027 439; x_wconf 90' lang='lat' dir='ltr'><strong>et</strong></span> <span class='ocrx_word' id='word_1_22' title='bbox 3065 400 3277 438; x_wconf 70' lang='lat' dir='ltr'><strong>carnem</strong></span> <span class='ocrx_word' id='word_1_23' title='bbox 3311 398 3557 453; x_wconf 53' lang='lat' dir='ltr'><strong>assump‘</strong></span> 
     </span>
    </p>
   </div>
   <div class='ocr_carea' id='block_1_6' title="bbox 289 456 1866 529">
    <p class='ocr_par' dir='ltr' id='par_1_6' title="bbox 289 456 1866 529">
     <span class='ocr_line' id='line_1_6' title="bbox 289 456 1866 529; baseline 0.001 -19"><span class='ocrx_word' id='word_1_24' title='bbox 289 476 401 520; x_wconf 84' lang='grc' dir='ltr'><strong>ται,</strong></span> <span class='ocrx_word' id='word_1_25' title='bbox 431 458 530 511; x_wconf 75' lang='grc' dir='ltr'><strong>καὶ</strong></span> <span class='ocrx_word' id='word_1_26' title='bbox 572 456 673 526; x_wconf 84' lang='grc' dir='ltr'><strong>τὴν</strong></span> <span class='ocrx_word' id='word_1_27' title='bbox 701 460 978 528; x_wconf 77' lang='grc' dir='ltr'><strong>ἡμετέραν</strong></span> <span class='ocrx_word' id='word_1_28' title='bbox 1021 461 1197 529; x_wconf 83' lang='grc' dir='ltr'><strong>σάρκα</strong></span> <span class='ocrx_word' id='word_1_29' title='bbox 1230 459 1431 524; x_wconf 79' lang='grc' dir='ltr'><strong>λαϐὼν,</strong></span> <span class='ocrx_word' id='word_1_30' title='bbox 1474 461 1567 512; x_wconf 68' lang='grc' dir='ltr'><strong>καὶ</strong></span> <span class='ocrx_word' id='word_1_31' title='bbox 1601 460 1738 513; x_wconf 79' lang='grc' dir='ltr'><strong>ἰδίαν</strong></span> <span class='ocrx_word' id='word_1_32' title='bbox 1766 459 1866 515; x_wconf 81' lang='grc' dir='ltr'><strong>αὖ·</strong></span> 
     </span>
    </p>
   </div>
   <div class='ocr_carea' id='block_1_7' title="bbox 290 549 1873 621">
    <p class='ocr_par' dir='ltr' id='par_1_7' title="bbox 290 549 1873 621">
     <span class='ocr_line' id='line_1_7' title="bbox 290 549 1873 621; baseline 0.001 -19"><span class='ocrx_word' id='word_1_33' title='bbox 290 549 385 602; x_wconf 81' lang='grc' dir='ltr'><strong>τοῦ</strong></span> <span class='ocrx_word' id='word_1_34' title='bbox 419 549 810 618; x_wconf 78' lang='grc' dir='ltr'><strong>ποιησάμενος,</strong></span> <span class='ocrx_word' id='word_1_35' title='bbox 843 550 950 613; x_wconf 84' lang='grc' dir='ltr'><strong>ἵνα,</strong></span> <span class='ocrx_word' id='word_1_36' title='bbox 986 550 1236 621; x_wconf 79' lang='grc' dir='ltr'><strong>καθάπερ</strong></span> <span class='ocrx_word' id='word_1_37' title='bbox 1273 553 1302 604; x_wconf 91' lang='grc' dir='ltr'><strong>ὁ</strong></span> <span class='ocrx_word' id='word_1_38' title='bbox 1331 551 1451 605; x_wconf 77' lang='grc' dir='ltr'><strong>καθ’</strong></span> <span class='ocrx_word' id='word_1_39' title='bbox 1475 552 1618 621; x_wconf 77' lang='grc' dir='ltr'><strong>ἡμᾶς</strong></span> <span class='ocrx_word' id='word_1_40' title='bbox 1649 550 1873 620; x_wconf 84' lang='grc' dir='ltr'><strong>νοούμε-</strong></span> 
     </span>
    </p>
   </div>
   <div class='ocr_carea' id='block_1_8' title="bbox 293 639 1868 710">
    <p class='ocr_par' dir='ltr' id='par_1_8' title="bbox 293 639 1868 710">
     <span class='ocr_line' id='line_1_8' title="bbox 293 639 1868 710; baseline 0.002 -17"><span class='ocrx_word' id='word_1_41' title='bbox 293 657 383 701; x_wconf 84' lang='grc' dir='ltr'><strong>νος</strong></span> <span class='ocrx_word' id='word_1_42' title='bbox 411 639 703 708; x_wconf 77' lang='grc' dir='ltr'><strong>ἄνθρωπος</strong></span> <span class='ocrx_word' id='word_1_43' title='bbox 732 640 794 693; x_wconf 77' lang='grc' dir='ltr'><strong>ὲκ</strong></span> <span class='ocrx_word' id='word_1_44' title='bbox 815 639 993 709; x_wconf 75' lang='grc' dir='ltr'>ψυχῆς</span> <span class='ocrx_word' id='word_1_45' title='bbox 1023 645 1116 694; x_wconf 79' lang='grc' dir='ltr'><strong>καὶ</strong></span> <span class='ocrx_word' id='word_1_46' title='bbox 1143 640 1395 710; x_wconf 81' lang='grc' dir='ltr'><strong>σώματος</strong></span> <span class='ocrx_word' id='word_1_47' title='bbox 1427 640 1507 705; x_wconf 80' lang='grc' dir='ltr'><strong>εἷς</strong></span> <span class='ocrx_word' id='word_1_48' title='bbox 1535 644 1704 707; x_wconf 76' lang='grc' dir='ltr'><strong>ἐστιν,</strong></span> <span class='ocrx_word' id='word_1_49' title='bbox 1726 642 1868 696; x_wconf 77' lang='grc' dir='ltr'><strong>οὕτω</strong></span> 
     </span>
    </p>
   </div>
   <div class='ocr_carea' id='block_1_9' title="bbox 294 724 1864 807">
    <p class='ocr_par' dir='ltr' id='par_1_9' title="bbox 294 724 1864 807">
     <span class='ocr_line' id='line_1_9' title="bbox 294 724 1864 807; baseline 0.005 -26"><span class='ocrx_word' id='word_1_50' title='bbox 294 730 388 783; x_wconf 76' lang='grc' dir='ltr'><strong>καὶ</strong></span> <span class='ocrx_word' id='word_1_51' title='bbox 416 729 577 793; x_wconf 72' lang='grc' dir='ltr'><strong>αὐτὸς</strong></span> <span class='ocrx_word' id='word_1_52' title='bbox 605 724 684 792; x_wconf 78' lang='grc' dir='ltr'><strong>εἷς</strong></span> <span class='ocrx_word' id='word_1_53' title='bbox 707 730 1041 800; x_wconf 79' lang='grc' dir='ltr'><strong>ὁμολογῆται</strong></span> <span class='ocrx_word' id='word_1_54' title='bbox 1071 732 1337 805; x_wconf 83' lang='grc' dir='ltr'><strong>ὑπάρχειν</strong></span> <span class='ocrx_word' id='word_1_55' title='bbox 1365 734 1491 796; x_wconf 76' lang='grc' dir='ltr'><strong>Υἱὸς</strong></span> <span class='ocrx_word' id='word_1_56' title='bbox 1511 737 1606 788; x_wconf 76' lang='grc' dir='ltr'><strong>καὶ</strong></span> <span class='ocrx_word' id='word_1_57' title='bbox 1640 734 1864 807; x_wconf 84' lang='grc' dir='ltr'><strong>Κύριος.</strong></span> 
     </span>
    </p>
   </div>
   <div class='ocr_carea' id='block_1_10' title="bbox 300 819 1861 891">
    <p class='ocr_par' dir='ltr' id='par_1_10' title="bbox 300 819 1861 891">
     <span class='ocr_line' id='line_1_10' title="bbox 300 819 1861 891; baseline 0.004 -20"><span class='ocrx_word' id='word_1_58' title='bbox 300 819 415 871; x_wconf 80' lang='grc' dir='ltr'><strong>Μία</strong></span> <span class='ocrx_word' id='word_1_59' title='bbox 440 819 548 885; x_wconf 84' lang='grc' dir='ltr'><strong>γὰρ</strong></span> <span class='ocrx_word' id='word_1_60' title='bbox 579 819 925 887; x_wconf 75' lang='grc' dir='ltr'><strong>ὁμολογεῖται</strong></span> <span class='ocrx_word' id='word_1_61' title='bbox 955 820 1113 888; x_wconf 73' lang='grc' dir='ltr'><strong>φύσις</strong></span> <span class='ocrx_word' id='word_1_62' title='bbox 1144 823 1433 891; x_wconf 82' lang='grc' dir='ltr'><strong>ἀνθρώπου</strong></span> <span class='ocrx_word' id='word_1_63' title='bbox 1458 824 1550 876; x_wconf 71' lang='grc' dir='ltr'><strong>καὶ</strong></span> <span class='ocrx_word' id='word_1_64' title='bbox 1583 823 1861 889; x_wconf 81' lang='grc' dir='ltr'><strong>σύστασις,</strong></span> 
     </span>
    </p>
   </div>
   <div class='ocr_carea' id='block_1_11' title="bbox 294 908 1862 985">
    <p class='ocr_par' dir='ltr' id='par_1_11' title="bbox 294 908 1862 985">
     <span class='ocr_line' id='line_1_11' title="bbox 294 908 1862 985; baseline 0.006 -25"><span class='ocrx_word' id='word_1_65' title='bbox 294 909 395 960; x_wconf 80' lang='grc' dir='ltr'><strong>κᾶν</strong></span> <span class='ocrx_word' id='word_1_66' title='bbox 414 910 479 960; x_wconf 83' lang='grc' dir='ltr'><strong>ἐκ</strong></span> <span class='ocrx_word' id='word_1_67' title='bbox 501 908 778 978; x_wconf 86' lang='grc' dir='ltr'><strong>διαφόρων</strong></span> <span class='ocrx_word' id='word_1_68' title='bbox 816 911 1003 978; x_wconf 79' lang='grc' dir='ltr'><strong>νοῆται</strong></span> <span class='ocrx_word' id='word_1_69' title='bbox 1026 913 1121 966; x_wconf 82' lang='grc' dir='ltr'><strong>καὶ</strong></span> <span class='ocrx_word' id='word_1_70' title='bbox 1154 914 1468 982; x_wconf 82' lang='grc' dir='ltr'><strong>ὲτεροειδῶν</strong></span> <span class='ocrx_word' id='word_1_71' title='bbox 1502 918 1862 985; x_wconf 85' lang='grc' dir='ltr'><strong>πραγμάτων.</strong></span> 
     </span>
    </p>
   </div>
   <div class='ocr_carea' id='block_1_12' title="bbox 305 997 1864 1078">
    <p class='ocr_par' dir='ltr' id='par_1_12' title="bbox 305 997 1864 1078">
     <span class='ocr_line' id='line_1_12' title="bbox 305 997 1864 1078; baseline 0.008 -31"><span class='ocrx_word' id='word_1_72' title='bbox 305 997 628 1067; x_wconf 74' lang='grc' dir='ltr'><strong>Ἐτεροφυὲς</strong></span> <span class='ocrx_word' id='word_1_73' title='bbox 651 999 748 1065; x_wconf 87' lang='grc' dir='ltr'><strong>μὲν</strong></span> <span class='ocrx_word' id='word_1_74' title='bbox 767 1001 875 1070; x_wconf 77' lang='grc' dir='ltr'><strong>γὰρ</strong></span> <span class='ocrx_word' id='word_1_75' title='bbox 896 1003 1339 1073; x_wconf 76' lang='grc' dir='ltr'><strong>ὁμολογουμένως</strong></span> <span class='ocrx_word' id='word_1_76' title='bbox 1355 1006 1429 1068; x_wconf 82' lang='grc' dir='ltr'><strong>ὡς</strong></span> <span class='ocrx_word' id='word_1_77' title='bbox 1448 1008 1582 1075; x_wconf 79' lang='grc' dir='ltr'><strong>πρός</strong></span> <span class='ocrx_word' id='word_1_78' title='bbox 1602 1025 1662 1074; x_wconf 79' lang='grc' dir='ltr'><strong>γε</strong></span> <span class='ocrx_word' id='word_1_79' title='bbox 1684 1009 1864 1078; x_wconf 72' lang='grc' dir='ltr'><strong>ψυχὴν</strong></span> 
     </span>
    </p>
   </div>
   <div class='ocr_carea' id='block_1_13' title="bbox 290 1086 1863 1162">
    <p class='ocr_par' dir='ltr' id='par_1_13' title="bbox 290 1086 1863 1162">
     <span class='ocr_line' id='line_1_13' title="bbox 290 1086 1863 1162; baseline 0.009 -26"><span class='ocrx_word' id='word_1_80' title='bbox 290 1088 350 1137; x_wconf 75' lang='grc' dir='ltr'><strong>τὸ</strong></span> <span class='ocrx_word' id='word_1_81' title='bbox 376 1086 539 1154; x_wconf 83' lang='grc' dir='ltr'><strong>σῶμά</strong></span> <span class='ocrx_word' id='word_1_82' title='bbox 560 1090 705 1140; x_wconf 82' lang='grc' dir='ltr'><strong>ἐστιν</strong></span> <span class='ocrx_word' id='word_1_83' title='bbox 725 1105 740 1119; x_wconf 74' lang='grc' dir='ltr'><strong>ο</strong></span> <span class='ocrx_word' id='word_1_84' title='bbox 763 1089 879 1143; x_wconf 79' lang='grc' dir='ltr'><strong>ἀλλ’</strong></span> <span class='ocrx_word' id='word_1_85' title='bbox 900 1090 1028 1143; x_wconf 83' lang='grc' dir='ltr'><strong>ῖδιον</strong></span> <span class='ocrx_word' id='word_1_86' title='bbox 1048 1094 1216 1162; x_wconf 72' lang='grc' dir='ltr'><strong>αὐτῆς</strong></span> <span class='ocrx_word' id='word_1_87' title='bbox 1235 1098 1327 1146; x_wconf 67' lang='grc' dir='ltr'><strong>καὶ</strong></span> <span class='ocrx_word' id='word_1_88' title='bbox 1351 1098 1863 1151; x_wconf 68' lang='grc' dir='ltr'><strong>συναποτεὶεστικὸν</strong></span> 
     </span>
    </p>
   </div>
   <div class='ocr_carea' id='block_1_14' title="bbox 290 1179 1864 1257">
    <p class='ocr_par' dir='ltr' id='par_1_14' title="bbox 290 1179 1864 1257">
     <span class='ocr_line' id='line_1_14' title="bbox 290 1179 1864 1257; baseline 0.01 -30"><span class='ocrx_word' id='word_1_89' title='bbox 290 1179 388 1244; x_wconf 80' lang='grc' dir='ltr'><strong>τῆς</strong></span> <span class='ocrx_word' id='word_1_90' title='bbox 424 1179 775 1242; x_wconf 82' lang='grc' dir='ltr'><strong>ὑποστάσεως</strong></span> <span class='ocrx_word' id='word_1_91' title='bbox 794 1180 889 1234; x_wconf 83' lang='grc' dir='ltr'><strong>τοῦ</strong></span> <span class='ocrx_word' id='word_1_92' title='bbox 923 1183 1041 1245; x_wconf 74' lang='grc' dir='ltr'><strong>ἐνὸς</strong></span> <span class='ocrx_word' id='word_1_93' title='bbox 1069 1184 1378 1253; x_wconf 77' lang='grc' dir='ltr'><strong>ἀνθρώπου.</strong></span> <span class='ocrx_word' id='word_1_94' title='bbox 1405 1188 1514 1241; x_wconf 80' lang='grc' dir='ltr'><strong>Καὶ</strong></span> <span class='ocrx_word' id='word_1_95' title='bbox 1534 1190 1609 1257; x_wconf 79' lang='grc' dir='ltr'><strong>νῷ</strong></span> <span class='ocrx_word' id='word_1_96' title='bbox 1642 1190 1740 1257; x_wconf 79' lang='grc' dir='ltr'><strong>μὲν</strong></span> <span class='ocrx_word' id='word_1_97' title='bbox 1769 1191 1864 1243; x_wconf 82' lang='grc' dir='ltr'><strong>καὶ</strong></span> 
     </span>
    </p>
   </div>
   <div class='ocr_carea' id='block_1_15' title="bbox 289 1268 1863 1350">
    <p class='ocr_par' dir='ltr' id='par_1_15' title="bbox 289 1268 1863 1350">
     <span class='ocr_line' id='line_1_15' title="bbox 289 1268 1863 1350; baseline 0.01 -31"><span class='ocrx_word' id='word_1_98' title='bbox 289 1268 497 1337; x_wconf 77' lang='grc' dir='ltr'><strong>Οεωρίᾳ</strong></span> <span class='ocrx_word' id='word_1_99' title='bbox 529 1268 588 1321; x_wconf 86' lang='grc' dir='ltr'><strong>τὸ</strong></span> <span class='ocrx_word' id='word_1_100' title='bbox 616 1270 873 1341; x_wconf 82' lang='grc' dir='ltr'><strong>διάφορον</strong></span> <span class='ocrx_word' id='word_1_101' title='bbox 900 1273 1010 1327; x_wconf 82' lang='grc' dir='ltr'><strong>τῶν</strong></span> <span class='ocrx_word' id='word_1_102' title='bbox 1043 1274 1448 1347; x_wconf 81' lang='grc' dir='ltr'><strong>ὠνομασμένων</strong></span> <span class='ocrx_word' id='word_1_103' title='bbox 1482 1280 1581 1333; x_wconf 81' lang='grc' dir='ltr'><strong>οὐκ</strong></span> <span class='ocrx_word' id='word_1_104' title='bbox 1611 1283 1863 1350; x_wconf 83' lang='grc' dir='ltr'><strong>ἀσυμφα-</strong></span> 
     </span>
    </p>
   </div>
   <div class='ocr_carea' id='block_1_16' title="bbox 289 1360 1859 1442">
    <p class='ocr_par' dir='ltr' id='par_1_16' title="bbox 289 1360 1859 1442">
     <span class='ocr_line' id='line_1_16' title="bbox 289 1360 1859 1442; baseline 0.01 -32"><span class='ocrx_word' id='word_1_105' title='bbox 289 1361 398 1421; x_wconf 78' lang='grc' dir='ltr'><strong>νὲς.</strong></span> <span class='ocrx_word' id='word_1_106' title='bbox 429 1362 461 1429; x_wconf 74' lang='grc' dir='ltr'>ἡ</span> <span class='ocrx_word' id='word_1_107' title='bbox 497 1360 554 1413; x_wconf 79' lang='grc' dir='ltr'><strong>δέ</strong></span> <span class='ocrx_word' id='word_1_108' title='bbox 600 1378 659 1428; x_wconf 84' lang='grc' dir='ltr'><strong>γε</strong></span> <span class='ocrx_word' id='word_1_109' title='bbox 689 1363 925 1432; x_wconf 78' lang='grc' dir='ltr'><strong>σύνοδος,</strong></span> <span class='ocrx_word' id='word_1_110' title='bbox 951 1369 1069 1438; x_wconf 81' lang='grc' dir='ltr'><strong>ἦτοι</strong></span> <span class='ocrx_word' id='word_1_111' title='bbox 1102 1370 1396 1440; x_wconf 83' lang='grc' dir='ltr'><strong>συνδρομὴ,</strong></span> <span class='ocrx_word' id='word_1_112' title='bbox 1429 1372 1487 1424; x_wconf 78' lang='grc' dir='ltr'><strong>τὸ</strong></span> <span class='ocrx_word' id='word_1_113' title='bbox 1532 1374 1859 1442; x_wconf 70' lang='grc' dir='ltr'><strong>ἁδιάτμητον</strong></span> 
     </span>
    </p>
   </div>
   <div class='ocr_carea' id='block_1_17' title="bbox 288 1447 1858 1529">
    <p class='ocr_par' dir='ltr' id='par_1_17' title="bbox 288 1447 1858 1529">
     <span class='ocr_line' id='line_1_17' title="bbox 288 1447 1858 1529; baseline 0.011 -31"><span class='ocrx_word' id='word_1_114' title='bbox 288 1447 509 1516; x_wconf 79' lang='grc' dir='ltr'><strong>ἔχουσα,</strong></span> <span class='ocrx_word' id='word_1_115' title='bbox 539 1449 597 1502; x_wconf 83' lang='grc' dir='ltr'><strong>ἓν</strong></span> <span class='ocrx_word' id='word_1_116' title='bbox 641 1452 895 1507; x_wconf 82' lang='grc' dir='ltr'><strong>ἀποτελεῖ</strong></span> <span class='ocrx_word' id='word_1_117' title='bbox 943 1456 1083 1518; x_wconf 81' lang='grc' dir='ltr'><strong>ζῶον</strong></span> <span class='ocrx_word' id='word_1_118' title='bbox 1121 1459 1211 1511; x_wconf 68' lang='grc' dir='ltr'><strong>τὸν</strong></span> <span class='ocrx_word' id='word_1_119' title='bbox 1240 1460 1543 1529; x_wconf 83' lang='grc' dir='ltr'><strong>ἄνθρωπον.</strong></span> <span class='ocrx_word' id='word_1_120' title='bbox 1597 1462 1652 1515; x_wconf 86' lang='lat'><strong>&#39;0</strong></span> <span class='ocrx_word' id='word_1_121' title='bbox 1680 1465 1858 1515; x_wconf 81' lang='grc' dir='ltr'><strong>τοίνυν</strong></span> 
     </span>
    </p>
   </div>
   <div class='ocr_carea' id='block_1_18' title="bbox 291 1540 1857 1623">
    <p class='ocr_par' dir='ltr' id='par_1_18' title="bbox 291 1540 1857 1623">
     <span class='ocr_line' id='line_1_18' title="bbox 291 1540 1857 1623; baseline 0.01 -34"><span class='ocrx_word' id='word_1_122' title='bbox 291 1540 586 1612; x_wconf 77' lang='grc' dir='ltr'><strong>μονογενὴς</strong></span> <span class='ocrx_word' id='word_1_123' title='bbox 609 1542 704 1594; x_wconf 85' lang='grc' dir='ltr'><strong>τοῦ</strong></span> <span class='ocrx_word' id='word_1_124' title='bbox 728 1544 863 1598; x_wconf 84' lang='grc' dir='ltr'><strong>Θεοῦ</strong></span> <span class='ocrx_word' id='word_1_125' title='bbox 892 1547 1062 1615; x_wconf 85' lang='grc' dir='ltr'><strong>Λόγος</strong></span> <span class='ocrx_word' id='word_1_126' title='bbox 1092 1551 1192 1602; x_wconf 85' lang='grc' dir='ltr'><strong>οὐκ</strong></span> <span class='ocrx_word' id='word_1_127' title='bbox 1222 1552 1505 1621; x_wconf 75' lang='grc' dir='ltr'><strong>ἄνθρωπον</strong></span> <span class='ocrx_word' id='word_1_128' title='bbox 1534 1554 1857 1623; x_wconf 72' lang='grc' dir='ltr'><strong>προσλαῦὼν</strong></span> 
     </span>
    </p>
   </div>
   <div class='ocr_carea' id='block_1_19' title="bbox 289 1630 1855 1714">
    <p class='ocr_par' dir='ltr' id='par_1_19' title="bbox 289 1630 1855 1714">
     <span class='ocr_line' id='line_1_19' title="bbox 289 1630 1855 1714; baseline 0.013 -35"><span class='ocrx_word' id='word_1_129' title='bbox 289 1630 557 1699; x_wconf 79' lang='grc' dir='ltr'><strong>προῆλθεν</strong></span> <span class='ocrx_word' id='word_1_130' title='bbox 585 1631 904 1702; x_wconf 77' lang='grc' dir='ltr'><strong>ἄνθρωπος,</strong></span> <span class='ocrx_word' id='word_1_131' title='bbox 939 1639 1096 1707; x_wconf 81' lang='grc' dir='ltr'><strong>ἀλλὰ,</strong></span> <span class='ocrx_word' id='word_1_132' title='bbox 1129 1643 1221 1694; x_wconf 85' lang='grc' dir='ltr'><strong>καί</strong></span> <span class='ocrx_word' id='word_1_133' title='bbox 1246 1660 1326 1694; x_wconf 88' lang='grc' dir='ltr'><strong>τοι</strong></span> <span class='ocrx_word' id='word_1_134' title='bbox 1352 1643 1448 1714; x_wconf 81' lang='grc' dir='ltr'><strong>τὴν</strong></span> <span class='ocrx_word' id='word_1_135' title='bbox 1483 1647 1548 1696; x_wconf 83' lang='grc' dir='ltr'><strong>ὲκ</strong></span> <span class='ocrx_word' id='word_1_136' title='bbox 1576 1648 1707 1698; x_wconf 79' lang='grc' dir='ltr'><strong>Θεοῦ</strong></span> <span class='ocrx_word' id='word_1_137' title='bbox 1745 1647 1855 1699; x_wconf 80' lang='grc' dir='ltr'><strong>Πα-</strong></span> 
     </span>
    </p>
   </div>
   <div class='ocr_carea' id='block_1_20' title="bbox 285 1708 1928 1802">
    <p class='ocr_par' dir='ltr' id='par_1_20' title="bbox 285 1708 1928 1802">
     <span class='ocr_line' id='line_1_20' title="bbox 285 1708 1928 1802; baseline 0.015 -34"><span class='ocrx_word' id='word_1_138' title='bbox 285 1718 417 1788; x_wconf 81' lang='grc' dir='ltr'><strong>τρὸς</strong></span> <span class='ocrx_word' id='word_1_139' title='bbox 450 1721 765 1793; x_wconf 76' lang='grc' dir='ltr'><strong>ἀπόρρητον</strong></span> <span class='ocrx_word' id='word_1_140' title='bbox 799 1725 937 1796; x_wconf 78' lang='grc' dir='ltr'><strong>ἔχων</strong></span> <span class='ocrx_word' id='word_1_141' title='bbox 986 1731 1257 1801; x_wconf 82' lang='grc' dir='ltr'><strong>γέννησιν,</strong></span> <span class='ocrx_word' id='word_1_142' title='bbox 1288 1735 1375 1787; x_wconf 86' lang='grc' dir='ltr'><strong>διὰ</strong></span> <span class='ocrx_word' id='word_1_143' title='bbox 1404 1708 1506 1787; x_wconf 65' lang='grc' dir='ltr'><strong>⁷τοῦ</strong></span> <span class='ocrx_word' id='word_1_144' title='bbox 1560 1738 1717 1802; x_wconf 77' lang='grc' dir='ltr'><strong>ἁγίου</strong></span> <span class='ocrx_word' id='word_1_145' title='bbox 1763 1741 1856 1791; x_wconf 78' lang='grc' dir='ltr'><strong>καὶ</strong></span> <span class='ocrx_word' id='word_1_146' title='bbox 1890 1708 1928 1760; x_wconf 71' lang='grc' dir='ltr'><strong>Β</strong></span> 
     </span>
    </p>
   </div>
   <div class='ocr_carea' id='block_1_21' title="bbox 285 1813 1853 1898">
    <p class='ocr_par' dir='ltr' id='par_1_21' title="bbox 285 1813 1853 1898">
     <span class='ocr_line' id='line_1_21' title="bbox 285 1813 1853 1898; baseline 0.012 -36"><span class='ocrx_word' id='word_1_147' title='bbox 285 1813 572 1880; x_wconf 84' lang='grc' dir='ltr'><strong>ὁμοουσίου</strong></span> <span class='ocrx_word' id='word_1_148' title='bbox 626 1816 943 1887; x_wconf 84' lang='grc' dir='ltr'><strong>Πνεύματος</strong></span> <span class='ocrx_word' id='word_1_149' title='bbox 1003 1824 1178 1893; x_wconf 75' lang='grc' dir='ltr'><strong>ἐαυτῷ</strong></span> <span class='ocrx_word' id='word_1_150' title='bbox 1233 1826 1642 1898; x_wconf 64' lang='grc' dir='ltr'><strong>δημιουργήσας</strong></span> <span class='ocrx_word' id='word_1_151' title='bbox 1705 1833 1853 1896; x_wconf 74' lang='grc' dir='ltr'><strong>ναὸν,</strong></span> 
     </span>
    </p>
   </div>
   <div class='ocr_carea' id='block_1_22' title="bbox 285 1906 1656 1986">
    <p class='ocr_par' dir='ltr' id='par_1_22' title="bbox 285 1906 1656 1986">
     <span class='ocr_line' id='line_1_22' title="bbox 285 1906 1656 1986; baseline 0.012 -30"><span class='ocrx_word' id='word_1_152' title='bbox 285 1906 507 1973; x_wconf 76' lang='grc' dir='ltr'><strong>γέγονεν</strong></span> <span class='ocrx_word' id='word_1_153' title='bbox 541 1907 847 1978; x_wconf 78' lang='grc' dir='ltr'><strong>ἄνθρωπος.</strong></span> <span class='ocrx_word' id='word_1_154' title='bbox 882 1914 1171 1986; x_wconf 83' lang='grc' dir='ltr'><strong>Τοιγάρτοι</strong></span> <span class='ocrx_word' id='word_1_155' title='bbox 1203 1919 1295 1970; x_wconf 76' lang='grc' dir='ltr'><strong>καὶ</strong></span> <span class='ocrx_word' id='word_1_156' title='bbox 1327 1912 1408 1981; x_wconf 78' lang='grc' dir='ltr'><strong>εἷς</strong></span> <span class='ocrx_word' id='word_1_157' title='bbox 1436 1922 1656 1974; x_wconf 84' lang='grc' dir='ltr'><strong>νοεῖται.</strong></span> 
     </span>
    </p>
   </div>
   <div class='ocr_carea' id='block_1_23' title="bbox 288 2020 1856 2101">
    <p class='ocr_par' dir='ltr' id='par_1_23' title="bbox 288 2020 1856 2101">
     <span class='ocr_line' id='line_1_23' title="bbox 288 2020 1856 2101; baseline 0.01 -29"><span class='ocrx_word' id='word_1_158' title='bbox 288 2022 401 2074; x_wconf 83' lang='grc' dir='ltr'><strong>Τοῦ</strong></span> <span class='ocrx_word' id='word_1_159' title='bbox 439 2020 628 2076; x_wconf 80' lang='grc' dir='ltr'><strong>αὐτοῦ</strong></span> <span class='ocrx_word' id='word_1_160' title='bbox 664 2023 733 2076; x_wconf 76' lang='grc' dir='ltr'><strong>ἐκ</strong></span> <span class='ocrx_word' id='word_1_161' title='bbox 762 2024 871 2101; x_wconf 72' lang='grc' dir='ltr'><strong>τοῦ</strong></span> <span class='ocrx_word' id='word_1_162' title='bbox 902 2027 1053 2101; x_wconf 74' lang='grc' dir='ltr'><strong>πρὸς</strong></span> <span class='ocrx_word' id='word_1_163' title='bbox 1089 2030 1234 2094; x_wconf 82' lang='grc' dir='ltr'><strong>τοὺς</strong></span> <span class='ocrx_word' id='word_1_164' title='bbox 1274 2033 1718 2101; x_wconf 69' lang='grc' dir='ltr'><strong>πρεσϐυτέρους</strong></span> <span class='ocrx_word' id='word_1_165' title='bbox 1757 2035 1856 2088; x_wconf 75' lang='grc' dir='ltr'><strong>καὶ</strong></span> 
     </span>
    </p>
   </div>
   <div class='ocr_carea' id='block_1_24' title="bbox 796 2095 1341 2169">
    <p class='ocr_par' dir='ltr' id='par_1_24' title="bbox 796 2095 1341 2169">
     <span class='ocr_line' id='line_1_24' title="bbox 796 2095 1341 2169; baseline 0.015 -23"><span class='ocrx_word' id='word_1_166' title='bbox 796 2095 1117 2164; x_wconf 72' lang='grc' dir='ltr'><strong>διακόνους</strong></span> <span class='ocrx_word' id='word_1_167' title='bbox 1141 2095 1341 2169; x_wconf 60' lang='grc' dir='ltr'><strong>λόγον).</strong></span> 
     </span>
    </p>
   </div>
   <div class='ocr_carea' id='block_1_25' title="bbox 356 2181 1857 2262">
    <p class='ocr_par' dir='ltr' id='par_1_25' title="bbox 356 2181 1857 2262">
     <span class='ocr_line' id='line_1_25' title="bbox 356 2181 1857 2262; baseline 0.009 -29"><span class='ocrx_word' id='word_1_168' title='bbox 356 2181 685 2253; x_wconf 77' lang='grc' dir='ltr'><strong>Γεγέννηται</strong></span> <span class='ocrx_word' id='word_1_169' title='bbox 720 2185 818 2255; x_wconf 83' lang='grc' dir='ltr'><strong>μὲν</strong></span> <span class='ocrx_word' id='word_1_170' title='bbox 852 2188 1299 2259; x_wconf 78' lang='grc' dir='ltr'><strong>ὁμολογουμένως</strong></span> <span class='ocrx_word' id='word_1_171' title='bbox 1329 2191 1389 2258; x_wconf 77' lang='grc' dir='ltr'><strong>ἐξ</strong></span> <span class='ocrx_word' id='word_1_172' title='bbox 1435 2193 1604 2261; x_wconf 82' lang='grc' dir='ltr'><strong>αὐτῆς</strong></span> <span class='ocrx_word' id='word_1_173' title='bbox 1637 2194 1735 2262; x_wconf 79' lang='grc' dir='ltr'><strong>τῆς</strong></span> <span class='ocrx_word' id='word_1_174' title='bbox 1765 2196 1857 2247; x_wconf 77' lang='grc' dir='ltr'><strong>οὑ-</strong></span> 
     </span>
    </p>
   </div>
   <div class='ocr_carea' id='block_1_26' title="bbox 283 2273 1855 2348">
    <p class='ocr_par' dir='ltr' id='par_1_26' title="bbox 283 2273 1855 2348">
     <span class='ocr_line' id='line_1_26' title="bbox 283 2273 1855 2348; baseline 0.01 -25"><span class='ocrx_word' id='word_1_175' title='bbox 283 2273 407 2335; x_wconf 83' lang='grc' dir='ltr'><strong>σῐας</strong></span> <span class='ocrx_word' id='word_1_176' title='bbox 437 2274 530 2329; x_wconf 81' lang='grc' dir='ltr'><strong>τοῦ</strong></span> <span class='ocrx_word' id='word_1_177' title='bbox 578 2276 792 2345; x_wconf 77' lang='grc' dir='ltr'><strong>Πατρὸς</strong></span> <span class='ocrx_word' id='word_1_178' title='bbox 821 2280 848 2330; x_wconf 86' lang='grc' dir='ltr'><strong>ό</strong></span> <span class='ocrx_word' id='word_1_179' title='bbox 900 2279 1010 2341; x_wconf 75' lang='grc' dir='ltr'><strong>ζῶν</strong></span> <span class='ocrx_word' id='word_1_180' title='bbox 1041 2297 1099 2333; x_wconf 89' lang='grc' dir='ltr'><strong>τε</strong></span> <span class='ocrx_word' id='word_1_181' title='bbox 1138 2284 1232 2334; x_wconf 82' lang='grc' dir='ltr'><strong>καὶ</strong></span> <span class='ocrx_word' id='word_1_182' title='bbox 1286 2285 1647 2348; x_wconf 83' lang='grc' dir='ltr'><strong>ἐνυπόστατος</strong></span> <span class='ocrx_word' id='word_1_183' title='bbox 1688 2286 1855 2340; x_wconf 77' lang='grc' dir='ltr'><strong>αὑτοῦ</strong></span> 
     </span>
    </p>
   </div>
   <div class='ocr_carea' id='block_1_27' title="bbox 281 2365 1855 2449">
    <p class='ocr_par' dir='ltr' id='par_1_27' title="bbox 281 2365 1855 2449">
     <span class='ocr_line' id='line_1_27' title="bbox 281 2365 1855 2449; baseline 0.01 -33"><span class='ocrx_word' id='word_1_184' title='bbox 281 2365 479 2431; x_wconf 81' lang='grc' dir='ltr'><strong>Λόγος,</strong></span> <span class='ocrx_word' id='word_1_185' title='bbox 528 2367 585 2419; x_wconf 80' lang='grc' dir='ltr'><strong>ὲν</strong></span> <span class='ocrx_word' id='word_1_186' title='bbox 633 2368 880 2437; x_wconf 78' lang='grc' dir='ltr'><strong>ἐσχάτοις</strong></span> <span class='ocrx_word' id='word_1_187' title='bbox 918 2370 975 2423; x_wconf 81' lang='grc' dir='ltr'><strong>δὲ</strong></span> <span class='ocrx_word' id='word_1_188' title='bbox 1030 2372 1125 2424; x_wconf 83' lang='grc' dir='ltr'><strong>τοῦ</strong></span> <span class='ocrx_word' id='word_1_189' title='bbox 1177 2373 1373 2437; x_wconf 74' lang='grc' dir='ltr'><strong>αἰῶνος</strong></span> <span class='ocrx_word' id='word_1_190' title='bbox 1399 2380 1629 2444; x_wconf 80' lang='grc' dir='ltr'><strong>καιροῖς,</strong></span> <span class='ocrx_word' id='word_1_191' title='bbox 1668 2380 1855 2449; x_wconf 80' lang='grc' dir='ltr'><strong>ἐπειδὴ</strong></span> 
     </span>
    </p>
   </div>
   <div class='ocr_carea' id='block_1_28' title="bbox 279 2458 1852 2542">
    <p class='ocr_par' dir='ltr' id='par_1_28' title="bbox 279 2458 1852 2542">
     <span class='ocr_line' id='line_1_28' title="bbox 279 2458 1852 2542; baseline 0.009 -35"><span class='ocrx_word' id='word_1_192' title='bbox 279 2458 474 2524; x_wconf 77' lang='grc' dir='ltr'><strong>γέγονε</strong></span> <span class='ocrx_word' id='word_1_193' title='bbox 512 2458 667 2527; x_wconf 79' lang='grc' dir='ltr'><strong>σὰρξ,</strong></span> <span class='ocrx_word' id='word_1_194' title='bbox 702 2461 979 2515; x_wconf 76' lang='grc' dir='ltr'><strong>τουτέστιν</strong></span> <span class='ocrx_word' id='word_1_195' title='bbox 1018 2464 1202 2533; x_wconf 81' lang='grc' dir='ltr'><strong>ήνώοη</strong></span> <span class='ocrx_word' id='word_1_196' title='bbox 1236 2469 1399 2536; x_wconf 81' lang='grc' dir='ltr'><strong>σαρκὶ</strong></span> <span class='ocrx_word' id='word_1_197' title='bbox 1432 2467 1609 2539; x_wconf 78' lang='grc' dir='ltr'><strong>ψυχὴν</strong></span> <span class='ocrx_word' id='word_1_198' title='bbox 1655 2470 1852 2542; x_wconf 81' lang='grc' dir='ltr'><strong>ἐχούσῃ</strong></span> 
     </span>
    </p>
   </div>
   <div class='ocr_carea' id='block_1_29' title="bbox 281 2548 1855 2629">
    <p class='ocr_par' dir='ltr' id='par_1_29' title="bbox 281 2548 1855 2629">
     <span class='ocr_line' id='line_1_29' title="bbox 281 2548 1855 2629; baseline 0.011 -31"><span class='ocrx_word' id='word_1_199' title='bbox 281 2550 385 2617; x_wconf 76' lang='grc' dir='ltr'><strong>τὴν</strong></span> <span class='ocrx_word' id='word_1_200' title='bbox 416 2548 663 2618; x_wconf 66' lang='grc' dir='ltr'><strong>λογικὴν,</strong></span> <span class='ocrx_word' id='word_1_201' title='bbox 692 2554 1049 2624; x_wconf 81' lang='grc' dir='ltr'><strong>γεγεννῆσθαι</strong></span> <span class='ocrx_word' id='word_1_202' title='bbox 1077 2555 1295 2622; x_wconf 77' lang='grc' dir='ltr'><strong>λέγεται</strong></span> <span class='ocrx_word' id='word_1_203' title='bbox 1326 2560 1603 2629; x_wconf 84' lang='grc' dir='ltr'><strong>σαρκικῶς</strong></span> <span class='ocrx_word' id='word_1_204' title='bbox 1631 2566 1721 2615; x_wconf 68' lang='grc' dir='ltr'><strong>καὶ</strong></span> <span class='ocrx_word' id='word_1_205' title='bbox 1764 2564 1855 2616; x_wconf 82' lang='grc' dir='ltr'><strong>διὰ</strong></span> 
     </span>
    </p>
   </div>
   <div class='ocr_carea' id='block_1_30' title="bbox 280 2641 1854 2721">
    <p class='ocr_par' dir='ltr' id='par_1_30' title="bbox 280 2641 1854 2721">
     <span class='ocr_line' id='line_1_30' title="bbox 280 2641 1854 2721; baseline 0.011 -32"><span class='ocrx_word' id='word_1_206' title='bbox 280 2641 565 2706; x_wconf 79' lang='grc' dir='ltr'><strong>γυναικός.</strong></span> <span class='ocrx_word' id='word_1_207' title='bbox 597 2642 780 2695; x_wconf 60' lang='lat' dir='ltr'><strong>&quot;Eorice</strong></span> <span class='ocrx_word' id='word_1_208' title='bbox 812 2643 869 2696; x_wconf 81' lang='grc' dir='ltr'><strong>δέ</strong></span> <span class='ocrx_word' id='word_1_209' title='bbox 915 2662 1031 2707; x_wconf 82' lang='grc' dir='ltr'><strong>πως</strong></span> <span class='ocrx_word' id='word_1_210' title='bbox 1065 2646 1143 2715; x_wconf 81' lang='grc' dir='ltr'><strong>τῷ</strong></span> <span class='ocrx_word' id='word_1_211' title='bbox 1176 2649 1298 2700; x_wconf 68' lang='grc' dir='ltr'><strong>καθ’</strong></span> <span class='ocrx_word' id='word_1_212' title='bbox 1330 2651 1478 2718; x_wconf 80' lang='grc' dir='ltr'><strong>ἡμᾶς</strong></span> <span class='ocrx_word' id='word_1_213' title='bbox 1513 2650 1657 2721; x_wconf 84' lang='grc' dir='ltr'><strong>τόκῳ</strong></span> <span class='ocrx_word' id='word_1_214' title='bbox 1682 2654 1741 2705; x_wconf 85' lang='grc' dir='ltr'><strong>τὸ</strong></span> <span class='ocrx_word' id='word_1_215' title='bbox 1766 2652 1854 2706; x_wconf 77' lang='grc' dir='ltr'><strong>ἐπ’</strong></span> 
     </span>
    </p>
   </div>
   <div class='ocr_carea' id='block_1_31' title="bbox 278 2731 1854 2815">
    <p class='ocr_par' dir='ltr' id='par_1_31' title="bbox 278 2731 1854 2815">
     <span class='ocr_line' id='line_1_31' title="bbox 278 2731 1854 2815; baseline 0.01 -33"><span class='ocrx_word' id='word_1_216' title='bbox 278 2731 432 2800; x_wconf 85' lang='grc' dir='ltr'><strong>αὐτῴ</strong></span> <span class='ocrx_word' id='word_1_217' title='bbox 470 2734 793 2804; x_wconf 83' lang='grc' dir='ltr'><strong>μυστήριον.</strong></span> <span class='ocrx_word' id='word_1_218' title='bbox 828 2737 896 2789; x_wconf 82' lang='lat' dir='ltr'><strong>Ai</strong></span> <span class='ocrx_word' id='word_1_219' title='bbox 930 2737 1028 2806; x_wconf 86' lang='grc' dir='ltr'><strong>μὲν</strong></span> <span class='ocrx_word' id='word_1_220' title='bbox 1056 2737 1166 2808; x_wconf 82' lang='grc' dir='ltr'><strong>γὰρ</strong></span> <span class='ocrx_word' id='word_1_221' title='bbox 1201 2739 1311 2793; x_wconf 84' lang='grc' dir='ltr'><strong>τῶν</strong></span> <span class='ocrx_word' id='word_1_222' title='bbox 1350 2742 1442 2794; x_wconf 76' lang='grc' dir='ltr'><strong>ἐπὶ</strong></span> <span class='ocrx_word' id='word_1_223' title='bbox 1481 2746 1583 2813; x_wconf 85' lang='grc' dir='ltr'><strong>γῆς</strong></span> <span class='ocrx_word' id='word_1_224' title='bbox 1620 2745 1854 2815; x_wconf 79' lang='grc' dir='ltr'><strong>μητέρες</strong></span> 
     </span>
    </p>
   </div>
   <div class='ocr_carea' id='block_1_32' title="bbox 282 2823 1855 2905">
    <p class='ocr_par' dir='ltr' id='par_1_32' title="bbox 282 2823 1855 2905">
     <span class='ocr_line' id='line_1_32' title="bbox 282 2823 1855 2905; baseline 0.01 -30"><span class='ocrx_word' id='word_1_225' title='bbox 282 2823 657 2893; x_wconf 67' lang='grc' dir='ltr'><strong>ὑπηρετοῦσαν,</strong></span> <span class='ocrx_word' id='word_1_226' title='bbox 684 2828 752 2897; x_wconf 80' lang='grc' dir='ltr'><strong>τῇ</strong></span> <span class='ocrx_word' id='word_1_227' title='bbox 783 2826 943 2895; x_wconf 84' lang='grc' dir='ltr'><strong>φύσει</strong></span> <span class='ocrx_word' id='word_1_228' title='bbox 967 2829 1104 2891; x_wconf 80' lang='grc' dir='ltr'><strong>ποὺς</strong></span> <span class='ocrx_word' id='word_1_229' title='bbox 1135 2828 1408 2899; x_wconf 78' lang='grc' dir='ltr'><strong>γέννησιν,</strong></span> <span class='ocrx_word' id='word_1_230' title='bbox 1451 2830 1634 2902; x_wconf 76' lang='grc' dir='ltr'><strong>ἔχουσι</strong></span> <span class='ocrx_word' id='word_1_231' title='bbox 1668 2834 1769 2905; x_wconf 82' lang='grc' dir='ltr'><strong>μὲν</strong></span> <span class='ocrx_word' id='word_1_232' title='bbox 1796 2837 1855 2891; x_wconf 77' lang='grc' dir='ltr'><strong>ἐν</strong></span> 
     </span>
    </p>
   </div>
   <div class='ocr_carea' id='block_1_33' title="bbox 281 2917 1854 2996">
    <p class='ocr_par' dir='ltr' id='par_1_33' title="bbox 281 2917 1854 2996">
     <span class='ocr_line' id='line_1_33' title="bbox 281 2917 1854 2996; baseline 0.011 -31"><span class='ocrx_word' id='word_1_233' title='bbox 281 2917 471 2985; x_wconf 76' lang='grc' dir='ltr'><strong>μήτρα</strong></span> <span class='ocrx_word' id='word_1_234' title='bbox 525 2919 877 2988; x_wconf 84' lang='grc' dir='ltr'><strong>πηγνυμένην</strong></span> <span class='ocrx_word' id='word_1_235' title='bbox 929 2921 1070 2974; x_wconf 79' lang='grc' dir='ltr'><strong>κατὰ</strong></span> <span class='ocrx_word' id='word_1_236' title='bbox 1126 2920 1300 2991; x_wconf 79' lang='grc' dir='ltr'><strong>βραχὺ</strong></span> <span class='ocrx_word' id='word_1_237' title='bbox 1356 2924 1456 2994; x_wconf 83' lang='grc' dir='ltr'><strong>τὴν</strong></span> <span class='ocrx_word' id='word_1_238' title='bbox 1503 2926 1706 2996; x_wconf 89' lang='grc' dir='ltr'><strong>σάρκα,</strong></span> <span class='ocrx_word' id='word_1_239' title='bbox 1760 2930 1854 2983; x_wconf 78' lang='grc' dir='ltr'><strong>καὶ</strong></span> 
     </span>
    </p>
   </div>
   <div class='ocr_carea' id='block_1_34' title="bbox 1971 464 3549 543">
    <p class='ocr_par' dir='ltr' id='par_1_34' title="bbox 1971 464 3549 543">
     <span class='ocr_line' id='line_1_34' title="bbox 1971 464 3549 543; baseline 0.006 -24"><span class='ocrx_word' id='word_1_240' title='bbox 1971 464 2109 519; x_wconf 88' lang='lat' dir='ltr'><strong>sisse</strong></span> <span class='ocrx_word' id='word_1_241' title='bbox 2139 478 2381 523; x_wconf 89' lang='lat' dir='ltr'><strong>nostram</strong></span> <span class='ocrx_word' id='word_1_242' title='bbox 2420 471 2762 542; x_wconf 68' lang='lat' dir='ltr'><strong>intelligatur,</strong></span> <span class='ocrx_word' id='word_1_243' title='bbox 2791 483 2845 528; x_wconf 91' lang='lat' dir='ltr'><strong>et</strong></span> <span class='ocrx_word' id='word_1_244' title='bbox 2871 476 3140 543; x_wconf 85' lang='lat' dir='ltr'><strong>propriam</strong></span> <span class='ocrx_word' id='word_1_245' title='bbox 3189 474 3461 530; x_wconf 66' lang='lat' dir='ltr'><strong>olfecisse:</strong></span> <span class='ocrx_word' id='word_1_246' title='bbox 3489 485 3549 529; x_wconf 91' lang='lat' dir='ltr'><strong>ut</strong></span> 
     </span>
    </p>
   </div>
   <div class='ocr_carea' id='block_1_35' title="bbox 1968 559 3547 634">
    <p class='ocr_par' dir='ltr' id='par_1_35' title="bbox 1968 559 3547 634">
     <span class='ocr_line' id='line_1_35' title="bbox 1968 559 3547 634; baseline 0.006 -25"><span class='ocrx_word' id='word_1_247' title='bbox 1968 559 2423 627; x_wconf 87' lang='lat' dir='ltr'><strong>quemadmodum</strong></span> <span class='ocrx_word' id='word_1_248' title='bbox 2490 577 2554 616; x_wconf 81' lang='lat' dir='ltr'><strong>ex</strong></span> <span class='ocrx_word' id='word_1_249' title='bbox 2607 566 2786 617; x_wconf 87' lang='lat' dir='ltr'><strong>anima</strong></span> <span class='ocrx_word' id='word_1_250' title='bbox 2845 576 2897 620; x_wconf 89' lang='lat' dir='ltr'><strong>et</strong></span> <span class='ocrx_word' id='word_1_251' title='bbox 2925 581 3150 634; x_wconf 87' lang='lat' dir='ltr'><strong>corpore</strong></span> <span class='ocrx_word' id='word_1_252' title='bbox 3201 581 3340 621; x_wconf 92' lang='lat' dir='ltr'><strong>unus</strong></span> <span class='ocrx_word' id='word_1_253' title='bbox 3386 566 3547 619; x_wconf 88' lang='lat' dir='ltr'><strong>homo</strong></span> 
     </span>
    </p>
   </div>
   <div class='ocr_carea' id='block_1_36' title="bbox 1970 652 3544 722">
    <p class='ocr_par' dir='ltr' id='par_1_36' title="bbox 1970 652 3544 722">
     <span class='ocr_line' id='line_1_36' title="bbox 1970 652 3544 722; baseline 0.004 -21"><span class='ocrx_word' id='word_1_254' title='bbox 1970 652 2267 718; x_wconf 74' lang='lat' dir='ltr'><strong>consurgit,</strong></span> <span class='ocrx_word' id='word_1_255' title='bbox 2321 654 2398 707; x_wconf 89' lang='lat' dir='ltr'><strong>sic</strong></span> <span class='ocrx_word' id='word_1_256' title='bbox 2449 653 2620 722; x_wconf 87' lang='lat' dir='ltr'><strong>ipsum</strong></span> <span class='ocrx_word' id='word_1_257' title='bbox 2681 670 2848 709; x_wconf 89' lang='lat' dir='ltr'><strong>unum</strong></span> <span class='ocrx_word' id='word_1_258' title='bbox 2906 658 3096 711; x_wconf 87' lang='lat' dir='ltr'><strong>Filium</strong></span> <span class='ocrx_word' id='word_1_259' title='bbox 3159 667 3211 711; x_wconf 89' lang='lat' dir='ltr'><strong>et</strong></span> <span class='ocrx_word' id='word_1_260' title='bbox 3244 656 3544 709; x_wconf 85' lang='lat' dir='ltr'><strong>Dominum</strong></span> 
     </span>
    </p>
   </div>
   <div class='ocr_carea' id='block_1_37' title="bbox 1968 740 3549 802">
    <p class='ocr_par' dir='ltr' id='par_1_37' title="bbox 1968 740 3549 802">
     <span class='ocr_line' id='line_1_37' title="bbox 1968 740 3549 802; baseline 0.004 -10"><span class='ocrx_word' id='word_1_261' title='bbox 1968 740 2341 798; x_wconf 80' lang='lat' dir='ltr'><strong>conﬁteamur.</strong></span> <span class='ocrx_word' id='word_1_262' title='bbox 2378 741 2491 797; x_wconf 87' lang='lat' dir='ltr'><strong>Una</strong></span> <span class='ocrx_word' id='word_1_263' title='bbox 2525 749 2665 799; x_wconf 89' lang='lat' dir='ltr'><strong>enim</strong></span> <span class='ocrx_word' id='word_1_264' title='bbox 2696 749 2927 802; x_wconf 85' lang='lat' dir='ltr'><strong>hominis</strong></span> <span class='ocrx_word' id='word_1_265' title='bbox 2958 759 3041 802; x_wconf 85' lang='lat' dir='ltr'><strong>est</strong></span> <span class='ocrx_word' id='word_1_266' title='bbox 3094 758 3281 801; x_wconf 84' lang='lat' dir='ltr'><strong>natura</strong></span> <span class='ocrx_word' id='word_1_267' title='bbox 3339 756 3389 799; x_wconf 87' lang='lat' dir='ltr'><strong>et</strong></span> <span class='ocrx_word' id='word_1_268' title='bbox 3417 763 3549 799; x_wconf 59' lang='lat' dir='ltr'><strong>conv</strong></span> 
     </span>
    </p>
   </div>
   <div class='ocr_carea' id='block_1_38' title="bbox 1969 830 3545 894">
    <p class='ocr_par' dir='ltr' id='par_1_38' title="bbox 1969 830 3545 894">
     <span class='ocr_line' id='line_1_38' title="bbox 1969 830 3545 894; baseline -0.001 -9"><span class='ocrx_word' id='word_1_269' title='bbox 1969 830 2203 894; x_wconf 90' lang='lat' dir='ltr'><strong>stitutio,</strong></span> <span class='ocrx_word' id='word_1_270' title='bbox 2234 833 2357 887; x_wconf 84' lang='lat' dir='ltr'><strong>licet</strong></span> <span class='ocrx_word' id='word_1_271' title='bbox 2388 850 2451 887; x_wconf 81' lang='lat' dir='ltr'><strong>ex</strong></span> <span class='ocrx_word' id='word_1_272' title='bbox 2483 835 2711 891; x_wconf 78' lang='lat' dir='ltr'><strong>diversis</strong></span> <span class='ocrx_word' id='word_1_273' title='bbox 2744 848 2797 892; x_wconf 90' lang='lat' dir='ltr'><strong>et</strong></span> <span class='ocrx_word' id='word_1_274' title='bbox 2829 838 3195 891; x_wconf 72' lang='lat' dir='ltr'><strong>dilierentibus</strong></span> <span class='ocrx_word' id='word_1_275' title='bbox 3230 838 3388 889; x_wconf 67' lang='lat' dir='ltr'><strong>rrl.us</strong></span> <span class='ocrx_word' id='word_1_276' title='bbox 3416 852 3545 888; x_wconf 86' lang='lat' dir='ltr'><strong>con-</strong></span> 
     </span>
    </p>
   </div>
   <div class='ocr_carea' id='block_1_39' title="bbox 1965 924 3541 990">
    <p class='ocr_par' dir='ltr' id='par_1_39' title="bbox 1965 924 3541 990">
     <span class='ocr_line' id='line_1_39' title="bbox 1965 924 3541 990; baseline 0.002 -13"><span class='ocrx_word' id='word_1_277' title='bbox 1965 924 2139 977; x_wconf 84' lang='lat' dir='ltr'><strong>sistat.</strong></span> <span class='ocrx_word' id='word_1_278' title='bbox 2173 924 2405 979; x_wconf 88' lang='lat' dir='ltr'><strong>Alterius</strong></span> <span class='ocrx_word' id='word_1_279' title='bbox 2436 927 2578 979; x_wconf 88' lang='lat' dir='ltr'><strong>enim</strong></span> <span class='ocrx_word' id='word_1_280' title='bbox 2617 938 2816 981; x_wconf 69' lang='lat' dir='ltr'><strong>natura:</strong></span> <span class='ocrx_word' id='word_1_281' title='bbox 2847 930 3162 982; x_wconf 81' lang='lat' dir='ltr'><strong>conﬁtemur</strong></span> <span class='ocrx_word' id='word_1_282' title='bbox 3185 943 3302 981; x_wconf 73' lang='lat' dir='ltr'><strong>esse</strong></span> <span class='ocrx_word' id='word_1_283' title='bbox 3326 942 3541 990; x_wconf 82' lang='lat' dir='ltr'><strong>corpus.</strong></span> 
     </span>
    </p>
   </div>
   <div class='ocr_carea' id='block_1_40' title="bbox 1965 1015 3543 1086">
    <p class='ocr_par' dir='ltr' id='par_1_40' title="bbox 1965 1015 3543 1086">
     <span class='ocr_line' id='line_1_40' title="bbox 1965 1015 3543 1086; baseline 0.003 -19"><span class='ocrx_word' id='word_1_284' title='bbox 1965 1015 2009 1067; x_wconf 89' lang='lat' dir='ltr'><strong>si</strong></span> <span class='ocrx_word' id='word_1_285' title='bbox 2039 1030 2159 1068; x_wconf 91' lang='lat' dir='ltr'><strong>cum</strong></span> <span class='ocrx_word' id='word_1_286' title='bbox 2197 1016 2373 1068; x_wconf 88' lang='lat' dir='ltr'><strong>anima</strong></span> <span class='ocrx_word' id='word_1_287' title='bbox 2406 1027 2765 1086; x_wconf 75' lang='lat' dir='ltr'><strong>comparetur.</strong></span> <span class='ocrx_word' id='word_1_288' title='bbox 2808 1019 2910 1071; x_wconf 84' lang='lat' dir='ltr'><strong>Sed</strong></span> <span class='ocrx_word' id='word_1_289' title='bbox 2937 1022 3208 1086; x_wconf 80' lang='lat' dir='ltr'><strong>pl‘Opl‘ltllll</strong></span> <span class='ocrx_word' id='word_1_290' title='bbox 3246 1029 3420 1071; x_wconf 84' lang='lat' dir='ltr'><strong>tamen</strong></span> <span class='ocrx_word' id='word_1_291' title='bbox 3462 1027 3543 1071; x_wconf 65' lang='lat' dir='ltr'><strong>est</strong></span> 
     </span>
    </p>
   </div>
   <div class='ocr_carea' id='block_1_41' title="bbox 1964 1103 3537 1174">
    <p class='ocr_par' dir='ltr' id='par_1_41' title="bbox 1964 1103 3537 1174">
     <span class='ocr_line' id='line_1_41' title="bbox 1964 1103 3537 1174; baseline 0.001 -20"><span class='ocrx_word' id='word_1_292' title='bbox 1964 1116 2159 1169; x_wconf 89' lang='lat' dir='ltr'><strong>corpus</strong></span> <span class='ocrx_word' id='word_1_293' title='bbox 2190 1103 2360 1172; x_wconf 85' lang='lat' dir='ltr'><strong>ipsius</strong></span> <span class='ocrx_word' id='word_1_294' title='bbox 2388 1114 2441 1158; x_wconf 80' lang='lat' dir='ltr'><strong>ct</strong></span> <span class='ocrx_word' id='word_1_295' title='bbox 2475 1106 2705 1161; x_wconf 84' lang='lat' dir='ltr'><strong>hominis</strong></span> <span class='ocrx_word' id='word_1_296' title='bbox 2732 1108 2888 1159; x_wconf 90' lang='lat' dir='ltr'><strong>unius</strong></span> <span class='ocrx_word' id='word_1_297' title='bbox 2920 1121 3203 1174; x_wconf 55' lang='lat' dir='ltr'><strong>personam</strong></span> <span class='ocrx_word' id='word_1_298' title='bbox 3234 1105 3537 1174; x_wconf 79' lang='lat' dir='ltr'><strong>perlicions.</strong></span> 
     </span>
    </p>
   </div>
   <div class='ocr_carea' id='block_1_42' title="bbox 1962 1193 3542 1265">
    <p class='ocr_par' dir='ltr' id='par_1_42' title="bbox 1962 1193 3542 1265">
     <span class='ocr_line' id='line_1_42' title="bbox 1962 1193 3542 1265; baseline 0.001 -22"><span class='ocrx_word' id='word_1_299' title='bbox 1962 1193 2135 1260; x_wconf 85' lang='lat' dir='ltr'><strong>Atque</strong></span> <span class='ocrx_word' id='word_1_300' title='bbox 2156 1193 2339 1246; x_wconf 84' lang='lat' dir='ltr'><strong>animo</strong></span> <span class='ocrx_word' id='word_1_301' title='bbox 2368 1195 2583 1263; x_wconf 87' lang='lat' dir='ltr'><strong>quidem</strong></span> <span class='ocrx_word' id='word_1_302' title='bbox 2619 1207 2672 1249; x_wconf 83' lang='lat' dir='ltr'><strong>et</strong></span> <span class='ocrx_word' id='word_1_303' title='bbox 2706 1197 3030 1265; x_wconf 78' lang='lat' dir='ltr'><strong>cogitatione</strong></span> <span class='ocrx_word' id='word_1_304' title='bbox 3073 1198 3357 1263; x_wconf 88' lang='lat' dir='ltr'><strong>utriusque</strong></span> <span class='ocrx_word' id='word_1_305' title='bbox 3412 1210 3542 1264; x_wconf 86' lang='lat' dir='ltr'><strong>per-</strong></span> 
     </span>
    </p>
   </div>
   <div class='ocr_carea' id='block_1_43' title="bbox 1963 1283 3540 1357">
    <p class='ocr_par' dir='ltr' id='par_1_43' title="bbox 1963 1283 3540 1357">
     <span class='ocr_line' id='line_1_43' title="bbox 1963 1283 3540 1357; baseline 0.001 -22"><span class='ocrx_word' id='word_1_306' title='bbox 1963 1283 2857 1357; x_wconf 78' lang='lat' dir='ltr'><strong>cipiturtlilIerentia,cougressus</strong></span> <span class='ocrx_word' id='word_1_307' title='bbox 2904 1297 3079 1341; x_wconf 81' lang='lat' dir='ltr'><strong>autem</strong></span> <span class='ocrx_word' id='word_1_308' title='bbox 3118 1296 3170 1347; x_wconf 82' lang='lat' dir='ltr'><strong>et</strong></span> <span class='ocrx_word' id='word_1_309' title='bbox 3223 1300 3540 1349; x_wconf 83' lang='lat' dir='ltr'><strong>concursus,</strong></span> 
     </span>
    </p>
   </div>
   <div class='ocr_carea' id='block_1_44' title="bbox 1962 1375 3538 1440">
    <p class='ocr_par' dir='ltr' id='par_1_44' title="bbox 1962 1375 3538 1440">
     <span class='ocr_line' id='line_1_44' title="bbox 1962 1375 3538 1440; baseline 0.004 -16"><span class='ocrx_word' id='word_1_310' title='bbox 1962 1387 2068 1425; x_wconf 89' lang='lat' dir='ltr'><strong>non</strong></span> <span class='ocrx_word' id='word_1_311' title='bbox 2117 1376 2406 1429; x_wconf 82' lang='lat' dir='ltr'><strong>admittens</strong></span> <span class='ocrx_word' id='word_1_312' title='bbox 2450 1376 2792 1440; x_wconf 82' lang='lat' dir='ltr'><strong>divisionem,</strong></span> <span class='ocrx_word' id='word_1_313' title='bbox 2840 1395 3002 1431; x_wconf 86' lang='lat' dir='ltr'><strong>unum</strong></span> <span class='ocrx_word' id='word_1_314' title='bbox 3060 1375 3294 1432; x_wconf 77' lang='lat' dir='ltr'><strong>absolvit</strong></span> <span class='ocrx_word' id='word_1_315' title='bbox 3338 1377 3538 1431; x_wconf 72' lang='lat' dir='ltr'><strong>animal</strong></span> 
     </span>
    </p>
   </div>
   <div class='ocr_carea' id='block_1_45' title="bbox 1962 1463 3538 1538">
    <p class='ocr_par' dir='ltr' id='par_1_45' title="bbox 1962 1463 3538 1538">
     <span class='ocr_line' id='line_1_45' title="bbox 1962 1463 3538 1538; baseline 0.002 -23"><span class='ocrx_word' id='word_1_316' title='bbox 1962 1463 2253 1517; x_wconf 89' lang='lat' dir='ltr'><strong>hominem.</strong></span> <span class='ocrx_word' id='word_1_317' title='bbox 2292 1466 2607 1535; x_wconf 77' lang='lat' dir='ltr'><strong>Duigeuitus</strong></span> <span class='ocrx_word' id='word_1_318' title='bbox 2638 1483 2786 1538; x_wconf 83' lang='lat' dir='ltr'><strong>ergo,</strong></span> <span class='ocrx_word' id='word_1_319' title='bbox 2824 1469 2911 1521; x_wconf 92' lang='lat' dir='ltr'><strong>Dei</strong></span> <span class='ocrx_word' id='word_1_320' title='bbox 2942 1468 3196 1532; x_wconf 79' lang='lat' dir='ltr'><strong>Verbum,</strong></span> <span class='ocrx_word' id='word_1_321' title='bbox 3229 1484 3330 1520; x_wconf 88' lang='lat' dir='ltr'><strong>non</strong></span> <span class='ocrx_word' id='word_1_322' title='bbox 3364 1467 3538 1520; x_wconf 88' lang='lat' dir='ltr'><strong>homi-</strong></span> 
     </span>
    </p>
   </div>
   <div class='ocr_carea' id='block_1_46' title="bbox 1960 1556 3534 1628">
    <p class='ocr_par' dir='ltr' id='par_1_46' title="bbox 1960 1556 3534 1628">
     <span class='ocr_line' id='line_1_46' title="bbox 1960 1556 3534 1628; baseline 0.001 -24"><span class='ocrx_word' id='word_1_323' title='bbox 1960 1568 2082 1607; x_wconf 87' lang='lat' dir='ltr'><strong>nem</strong></span> <span class='ocrx_word' id='word_1_324' title='bbox 2123 1556 2394 1624; x_wconf 88' lang='lat' dir='ltr'><strong>accipiens</strong></span> <span class='ocrx_word' id='word_1_325' title='bbox 2429 1558 2627 1626; x_wconf 86' lang='lat' dir='ltr'><strong>prodiit</strong></span> <span class='ocrx_word' id='word_1_326' title='bbox 2660 1561 2842 1623; x_wconf 88' lang='lat' dir='ltr'><strong>homo,</strong></span> <span class='ocrx_word' id='word_1_327' title='bbox 2872 1562 2962 1611; x_wconf 89' lang='lat' dir='ltr'><strong>sed</strong></span> <span class='ocrx_word' id='word_1_328' title='bbox 3017 1573 3272 1611; x_wconf 86' lang='lat' dir='ltr'><strong>arcanum</strong></span> <span class='ocrx_word' id='word_1_329' title='bbox 3330 1556 3534 1628; x_wconf 78' lang='lat' dir='ltr'><strong>habens</strong></span> 
     </span>
    </p>
   </div>
   <div class='ocr_carea' id='block_1_47' title="bbox 1960 1644 3533 1718">
    <p class='ocr_par' dir='ltr' id='par_1_47' title="bbox 1960 1644 3533 1718">
     <span class='ocr_line' id='line_1_47' title="bbox 1960 1644 3533 1718; baseline 0.004 -25"><span class='ocrx_word' id='word_1_330' title='bbox 1960 1659 2023 1695; x_wconf 80' lang='lat' dir='ltr'><strong>ex</strong></span> <span class='ocrx_word' id='word_1_331' title='bbox 2054 1644 2208 1699; x_wconf 81' lang='lat' dir='ltr'><strong>Patre</strong></span> <span class='ocrx_word' id='word_1_332' title='bbox 2234 1660 2436 1711; x_wconf 86' lang='lat' dir='ltr'><strong>ortum,</strong></span> <span class='ocrx_word' id='word_1_333' title='bbox 2469 1664 2565 1717; x_wconf 89' lang='lat' dir='ltr'><strong>per</strong></span> <span class='ocrx_word' id='word_1_334' title='bbox 2596 1659 2847 1703; x_wconf 87' lang='lat' dir='ltr'><strong>sanctum</strong></span> <span class='ocrx_word' id='word_1_335' title='bbox 2888 1660 2941 1704; x_wconf 91' lang='lat' dir='ltr'><strong>et</strong></span> <span class='ocrx_word' id='word_1_336' title='bbox 2998 1648 3235 1718; x_wconf 75' lang='lat' dir='ltr'><strong>ejusdem</strong></span> <span class='ocrx_word' id='word_1_337' title='bbox 3289 1648 3533 1702; x_wconf 72' lang='lat' dir='ltr'><strong>essentia:</strong></span> 
     </span>
    </p>
   </div>
   <div class='ocr_carea' id='block_1_48' title="bbox 1961 1732 3532 1806">
    <p class='ocr_par' dir='ltr' id='par_1_48' title="bbox 1961 1732 3532 1806">
     <span class='ocr_line' id='line_1_48' title="bbox 1961 1732 3532 1806; baseline 0 -19"><span class='ocrx_word' id='word_1_338' title='bbox 1961 1734 2216 1803; x_wconf 76' lang='lat' dir='ltr'><strong>Spiritum</strong></span> <span class='ocrx_word' id='word_1_339' title='bbox 2248 1739 2348 1792; x_wconf 85' lang='lat' dir='ltr'><strong>sibi</strong></span> <span class='ocrx_word' id='word_1_340' title='bbox 2374 1740 2628 1806; x_wconf 82' lang='lat' dir='ltr'><strong>templum</strong></span> <span class='ocrx_word' id='word_1_341' title='bbox 2671 1732 2965 1803; x_wconf 71' lang='lat' dir='ltr'><strong>laliricans,</strong></span> <span class='ocrx_word' id='word_1_342' title='bbox 3006 1738 3205 1792; x_wconf 79' lang='lat' dir='ltr'><strong>factum</strong></span> <span class='ocrx_word' id='word_1_343' title='bbox 3231 1744 3311 1791; x_wconf 86' lang='lat' dir='ltr'><strong>est</strong></span> <span class='ocrx_word' id='word_1_344' title='bbox 3351 1736 3532 1802; x_wconf 57' lang='lat' dir='ltr'><strong>homo.</strong></span> 
     </span>
    </p>
   </div>
   <div class='ocr_carea' id='block_1_49' title="bbox 1959 1827 2973 1898">
    <p class='ocr_par' dir='ltr' id='par_1_49' title="bbox 1959 1827 2973 1898">
     <span class='ocr_line' id='line_1_49' title="bbox 1959 1827 2973 1898; baseline 0.007 -22"><span class='ocrx_word' id='word_1_345' title='bbox 1959 1827 2319 1892; x_wconf 75' lang='lat' dir='ltr'><strong>Quamobrem</strong></span> <span class='ocrx_word' id='word_1_346' title='bbox 2351 1841 2403 1883; x_wconf 89' lang='lat' dir='ltr'><strong>et</strong></span> <span class='ocrx_word' id='word_1_347' title='bbox 2436 1846 2600 1883; x_wconf 91' lang='lat' dir='ltr'><strong>unum</strong></span> <span class='ocrx_word' id='word_1_348' title='bbox 2639 1828 2973 1898; x_wconf 71' lang='lat' dir='ltr'><strong>intelligitur.</strong></span> 
     </span>
    </p>
   </div>
   <div class='ocr_carea' id='block_1_50' title="bbox 2039 2025 3461 2099">
    <p class='ocr_par' dir='ltr' id='par_1_50' title="bbox 2039 2025 3461 2099">
     <span class='ocr_line' id='line_1_50' title="bbox 2039 2025 3461 2099; baseline 0.003 -22"><span class='ocrx_word' id='word_1_349' title='bbox 2039 2025 2292 2091; x_wconf 76' lang='lat' dir='ltr'><strong>Eiusdem</strong></span> <span class='ocrx_word' id='word_1_350' title='bbox 2318 2045 2381 2081; x_wconf 76' lang='lat' dir='ltr'><strong>ex</strong></span> <span class='ocrx_word' id='word_1_351' title='bbox 2406 2029 2647 2083; x_wconf 82' lang='lat' dir='ltr'><strong>aratione</strong></span> <span class='ocrx_word' id='word_1_352' title='bbox 2674 2031 2740 2083; x_wconf 84' lang='lat' dir='ltr'><strong>ad</strong></span> <span class='ocrx_word' id='word_1_353' title='bbox 2763 2029 3086 2099; x_wconf 75' lang='lat' dir='ltr'><strong>presbyteros</strong></span> <span class='ocrx_word' id='word_1_354' title='bbox 3113 2037 3161 2084; x_wconf 85' lang='lat' dir='ltr'><strong>et</strong></span> <span class='ocrx_word' id='word_1_355' title='bbox 3190 2027 3461 2081; x_wconf 80' lang='lat' dir='ltr'><strong>diaconos.</strong></span> 
     </span>
    </p>
   </div>
   <div class='ocr_carea' id='block_1_51' title="bbox 2030 2174 3532 2259">
    <p class='ocr_par' dir='ltr' id='par_1_51' title="bbox 2030 2174 3532 2259">
     <span class='ocr_line' id='line_1_51' title="bbox 2030 2174 3532 2259; baseline -0.001 -16"><span class='ocrx_word' id='word_1_356' title='bbox 2030 2188 2105 2243; x_wconf 80' lang='lat' dir='ltr'><strong>Ex</strong></span> <span class='ocrx_word' id='word_1_357' title='bbox 2137 2188 2250 2257; x_wconf 87' lang='lat' dir='ltr'><strong>ipsa</strong></span> <span class='ocrx_word' id='word_1_358' title='bbox 2283 2190 2525 2256; x_wconf 83' lang='lat' dir='ltr'><strong>prol‘ecto</strong></span> <span class='ocrx_word' id='word_1_359' title='bbox 2559 2174 2747 2244; x_wconf 85' lang='lat' dir='ltr'><strong>Patris</strong></span> <span class='ocrx_word' id='word_1_360' title='bbox 2771 2192 3004 2245; x_wconf 81' lang='lat' dir='ltr'><strong>essentia</strong></span> <span class='ocrx_word' id='word_1_361' title='bbox 3041 2190 3287 2259; x_wconf 79' lang='lat' dir='ltr'><strong>genitum</strong></span> <span class='ocrx_word' id='word_1_362' title='bbox 3314 2197 3396 2244; x_wconf 91' lang='lat' dir='ltr'><strong>est</strong></span> <span class='ocrx_word' id='word_1_363' title='bbox 3449 2189 3532 2241; x_wconf 61' lang='lat' dir='ltr'><strong>vi.</strong></span> 
     </span>
    </p>
   </div>
   <div class='ocr_carea' id='block_1_52' title="bbox 1958 2278 3532 2357">
    <p class='ocr_par' dir='ltr' id='par_1_52' title="bbox 1958 2278 3532 2357">
     <span class='ocr_line' id='line_1_52' title="bbox 1958 2278 3532 2357; baseline 0.001 -24"><span class='ocrx_word' id='word_1_364' title='bbox 1958 2296 2089 2335; x_wconf 87' lang='lat' dir='ltr'><strong>vens</strong></span> <span class='ocrx_word' id='word_1_365' title='bbox 2114 2279 2349 2333; x_wconf 79' lang='lat' dir='ltr'><strong>Verbum</strong></span> <span class='ocrx_word' id='word_1_366' title='bbox 2392 2291 2445 2332; x_wconf 77' lang='lat' dir='ltr'><strong>et</strong></span> <span class='ocrx_word' id='word_1_367' title='bbox 2476 2284 2527 2333; x_wconf 92' lang='lat' dir='ltr'><strong>in</strong></span> <span class='ocrx_word' id='word_1_368' title='bbox 2553 2296 2647 2335; x_wconf 89' lang='lat' dir='ltr'><strong>sua</strong></span> <span class='ocrx_word' id='word_1_369' title='bbox 2677 2282 2979 2336; x_wconf 90' lang='lat' dir='ltr'><strong>consistens</strong></span> <span class='ocrx_word' id='word_1_370' title='bbox 3020 2296 3271 2349; x_wconf 89' lang='lat' dir='ltr'><strong>persona.</strong></span> <span class='ocrx_word' id='word_1_371' title='bbox 3327 2278 3431 2333; x_wconf 90' lang='lat' dir='ltr'><strong>Sed</strong></span> <span class='ocrx_word' id='word_1_372' title='bbox 3472 2282 3532 2357; x_wconf 75' lang='lat' dir='ltr'><strong>in</strong></span> 
     </span>
    </p>
   </div>
   <div class='ocr_carea' id='block_1_53' title="bbox 1956 2370 3531 2440">
    <p class='ocr_par' dir='ltr' id='par_1_53' title="bbox 1956 2370 3531 2440">
     <span class='ocr_line' id='line_1_53' title="bbox 1956 2370 3531 2440; baseline 0.001 -17"><span class='ocrx_word' id='word_1_373' title='bbox 1956 2372 2213 2425; x_wconf 78' lang='lat' dir='ltr'><strong>extremis</strong></span> <span class='ocrx_word' id='word_1_374' title='bbox 2240 2370 2421 2424; x_wconf 64' lang='lat' dir='ltr'><strong>saeculi</strong></span> <span class='ocrx_word' id='word_1_375' title='bbox 2457 2372 2804 2440; x_wconf 77' lang='lat' dir='ltr'><strong>temporibus,</strong></span> <span class='ocrx_word' id='word_1_376' title='bbox 2830 2388 2952 2426; x_wconf 90' lang='lat' dir='ltr'><strong>cum</strong></span> <span class='ocrx_word' id='word_1_377' title='bbox 3002 2372 3199 2426; x_wconf 76' lang='lat' dir='ltr'><strong>factum</strong></span> <span class='ocrx_word' id='word_1_378' title='bbox 3253 2380 3339 2425; x_wconf 88' lang='lat' dir='ltr'><strong>est</strong></span> <span class='ocrx_word' id='word_1_379' title='bbox 3382 2385 3531 2440; x_wconf 88' lang='lat' dir='ltr'><strong>caro,</strong></span> 
     </span>
    </p>
   </div>
   <div class='ocr_carea' id='block_1_54' title="bbox 1958 2461 3530 2533">
    <p class='ocr_par' dir='ltr' id='par_1_54' title="bbox 1958 2461 3530 2533">
     <span class='ocr_line' id='line_1_54' title="bbox 1958 2461 3530 2533; baseline 0.002 -20"><span class='ocrx_word' id='word_1_380' title='bbox 1958 2461 2007 2513; x_wconf 88' lang='lat' dir='ltr'><strong>id</strong></span> <span class='ocrx_word' id='word_1_381' title='bbox 2042 2469 2143 2524; x_wconf 89' lang='lat' dir='ltr'><strong>est,</strong></span> <span class='ocrx_word' id='word_1_382' title='bbox 2177 2476 2295 2514; x_wconf 87' lang='lat' dir='ltr'><strong>cum</strong></span> <span class='ocrx_word' id='word_1_383' title='bbox 2334 2475 2554 2514; x_wconf 82' lang='lat' dir='ltr'><strong>carnem</strong></span> <span class='ocrx_word' id='word_1_384' title='bbox 2609 2465 2922 2533; x_wconf 81' lang='lat' dir='ltr'><strong>assumpsit,</strong></span> <span class='ocrx_word' id='word_1_385' title='bbox 2977 2465 3209 2518; x_wconf 80' lang='lat' dir='ltr'><strong>animam</strong></span> <span class='ocrx_word' id='word_1_386' title='bbox 3249 2466 3530 2520; x_wconf 80' lang='lat' dir='ltr'><strong>habentem</strong></span> 
     </span>
    </p>
   </div>
   <div class='ocr_carea' id='block_1_55' title="bbox 1958 2552 3535 2620">
    <p class='ocr_par' dir='ltr' id='par_1_55' title="bbox 1958 2552 3535 2620">
     <span class='ocr_line' id='line_1_55' title="bbox 1958 2552 3535 2620; baseline 0.002 -15"><span class='ocrx_word' id='word_1_387' title='bbox 1958 2552 2167 2606; x_wconf 84' lang='lat' dir='ltr'><strong>ratione</strong></span> <span class='ocrx_word' id='word_1_388' title='bbox 2191 2552 2490 2620; x_wconf 68' lang='lat' dir='ltr'><strong>praeditam,</strong></span> <span class='ocrx_word' id='word_1_389' title='bbox 2527 2564 2709 2607; x_wconf 87' lang='lat' dir='ltr'><strong>natum</strong></span> <span class='ocrx_word' id='word_1_390' title='bbox 2736 2570 2859 2609; x_wconf 90' lang='lat' dir='ltr'><strong>esse</strong></span> <span class='ocrx_word' id='word_1_391' title='bbox 2910 2556 3106 2610; x_wconf 90' lang='lat' dir='ltr'><strong>dicitur</strong></span> <span class='ocrx_word' id='word_1_392' title='bbox 3148 2557 3199 2609; x_wconf 92' lang='lat' dir='ltr'><strong>io</strong></span> <span class='ocrx_word' id='word_1_393' title='bbox 3249 2571 3429 2618; x_wconf 86' lang='lat' dir='ltr'><strong>carne,</strong></span> <span class='ocrx_word' id='word_1_394' title='bbox 3481 2565 3535 2610; x_wconf 90' lang='lat' dir='ltr'><strong>et</strong></span> 
     </span>
    </p>
   </div>
   <div class='ocr_carea' id='block_1_56' title="bbox 1955 2641 3534 2716">
    <p class='ocr_par' dir='ltr' id='par_1_56' title="bbox 1955 2641 3534 2716">
     <span class='ocr_line' id='line_1_56' title="bbox 1955 2641 3534 2716; baseline 0.001 -18"><span class='ocrx_word' id='word_1_395' title='bbox 1955 2657 2051 2713; x_wconf 87' lang='lat' dir='ltr'><strong>per</strong></span> <span class='ocrx_word' id='word_1_396' title='bbox 2093 2642 2398 2697; x_wconf 90' lang='lat' dir='ltr'><strong>mulierem.</strong></span> <span class='ocrx_word' id='word_1_397' title='bbox 2460 2641 2615 2709; x_wconf 86' lang='lat' dir='ltr'><strong>Quod</strong></span> <span class='ocrx_word' id='word_1_398' title='bbox 2664 2644 2877 2712; x_wconf 88' lang='lat' dir='ltr'><strong>quidem</strong></span> <span class='ocrx_word' id='word_1_399' title='bbox 2932 2648 3244 2716; x_wconf 81' lang='lat' dir='ltr'><strong>mysterium</strong></span> <span class='ocrx_word' id='word_1_400' title='bbox 3299 2647 3534 2699; x_wconf 80' lang='lat' dir='ltr'><strong>humano</strong></span> 
     </span>
    </p>
   </div>
   <div class='ocr_carea' id='block_1_57' title="bbox 1956 2732 3534 2805">
    <p class='ocr_par' dir='ltr' id='par_1_57' title="bbox 1956 2732 3534 2805">
     <span class='ocr_line' id='line_1_57' title="bbox 1956 2732 3534 2805; baseline 0.003 -19"><span class='ocrx_word' id='word_1_401' title='bbox 1956 2736 2132 2804; x_wconf 83' lang='lat' dir='ltr'><strong>partui</strong></span> <span class='ocrx_word' id='word_1_402' title='bbox 2162 2735 2374 2788; x_wconf 87' lang='lat' dir='ltr'><strong>videtur</strong></span> <span class='ocrx_word' id='word_1_403' title='bbox 2421 2734 2616 2788; x_wconf 88' lang='lat' dir='ltr'><strong>simile.</strong></span> <span class='ocrx_word' id='word_1_404' title='bbox 2650 2732 2781 2787; x_wconf 86' lang='lat' dir='ltr'><strong>Nam</strong></span> <span class='ocrx_word' id='word_1_405' title='bbox 2822 2746 3022 2790; x_wconf 88' lang='lat' dir='ltr'><strong>matres</strong></span> <span class='ocrx_word' id='word_1_406' title='bbox 3054 2738 3267 2805; x_wconf 83' lang='lat' dir='ltr'><strong>quidem</strong></span> <span class='ocrx_word' id='word_1_407' title='bbox 3304 2744 3534 2790; x_wconf 63' lang='lat' dir='ltr'><strong>terrena</strong></span> 
     </span>
    </p>
   </div>
   <div class='ocr_carea' id='block_1_58' title="bbox 1956 2825 3533 2896">
    <p class='ocr_par' dir='ltr' id='par_1_58' title="bbox 1956 2825 3533 2896">
     <span class='ocr_line' id='line_1_58' title="bbox 1956 2825 3533 2896; baseline 0.001 -16"><span class='ocrx_word' id='word_1_408' title='bbox 1956 2825 2199 2880; x_wconf 88' lang='lat' dir='ltr'><strong>serviunt</strong></span> <span class='ocrx_word' id='word_1_409' title='bbox 2251 2825 2320 2881; x_wconf 86' lang='lat' dir='ltr'><strong>ad</strong></span> <span class='ocrx_word' id='word_1_410' title='bbox 2369 2826 2793 2895; x_wconf 76' lang='lat' dir='ltr'><strong>generationem,</strong></span> <span class='ocrx_word' id='word_1_411' title='bbox 2856 2836 3190 2896; x_wconf 87' lang='lat' dir='ltr'><strong>compactam</strong></span> <span class='ocrx_word' id='word_1_412' title='bbox 3241 2830 3307 2881; x_wconf 91' lang='lat' dir='ltr'><strong>ad</strong></span> <span class='ocrx_word' id='word_1_413' title='bbox 3370 2826 3533 2882; x_wconf 89' lang='lat' dir='ltr'><strong>breve</strong></span> 
     </span>
    </p>
   </div>
   <div class='ocr_carea' id='block_1_59' title="bbox 1958 2918 3532 2988">
    <p class='ocr_par' dir='ltr' id='par_1_59' title="bbox 1958 2918 3532 2988">
     <span class='ocr_line' id='line_1_59' title="bbox 1958 2918 3532 2988; baseline 0.002 -18"><span class='ocrx_word' id='word_1_414' title='bbox 1958 2926 2166 2987; x_wconf 90' lang='lat' dir='ltr'><strong>tempus</strong></span> <span class='ocrx_word' id='word_1_415' title='bbox 2194 2932 2416 2972; x_wconf 73' lang='lat' dir='ltr'><strong>Carnem</strong></span> <span class='ocrx_word' id='word_1_416' title='bbox 2464 2920 2515 2972; x_wconf 93' lang='lat' dir='ltr'><strong>in</strong></span> <span class='ocrx_word' id='word_1_417' title='bbox 2555 2930 2709 2974; x_wconf 86' lang='lat' dir='ltr'><strong>utero</strong></span> <span class='ocrx_word' id='word_1_418' title='bbox 2739 2932 2952 2988; x_wconf 75' lang='lat' dir='ltr'><strong>gerunt,</strong></span> <span class='ocrx_word' id='word_1_419' title='bbox 2989 2928 3042 2973; x_wconf 91' lang='lat' dir='ltr'><strong>et</strong></span> <span class='ocrx_word' id='word_1_420' title='bbox 3102 2918 3356 2973; x_wconf 66' lang='lat' dir='ltr'><strong>intelltbili</strong></span> <span class='ocrx_word' id='word_1_421' title='bbox 3399 2936 3532 2987; x_wconf 88' lang='lat' dir='ltr'><strong>qua-</strong></span> 
     </span>
    </p>
   </div>
   <div class='ocr_carea' id='block_1_60' title="bbox 277 3002 1857 3085">
    <p class='ocr_par' dir='ltr' id='par_1_60' title="bbox 277 3007 1849 3085">
     <span class='ocr_line' id='line_1_60' title="bbox 277 3007 1849 3085; baseline 0.008 -24"><span class='ocrx_word' id='word_1_422' title='bbox 277 3007 581 3077; x_wconf 81' lang='grc' dir='ltr'><strong>ἁφράστοις</strong></span> <span class='ocrx_word' id='word_1_423' title='bbox 618 3008 761 3062; x_wconf 75' lang='grc' dir='ltr'><strong>τισὶν</strong></span> <span class='ocrx_word' id='word_1_424' title='bbox 809 3011 1107 3081; x_wconf 70' lang='grc' dir='ltr'><strong>ἐνεργείαις</strong></span> <span class='ocrx_word' id='word_1_425' title='bbox 1141 3012 1277 3067; x_wconf 82' lang='grc' dir='ltr'><strong>Θεοῦ</strong></span> <span class='ocrx_word' id='word_1_426' title='bbox 1328 3016 1622 3085; x_wconf 83' lang='grc' dir='ltr'><strong>προῖοῦσάν</strong></span> <span class='ocrx_word' id='word_1_427' title='bbox 1670 3037 1728 3073; x_wconf 81' lang='grc' dir='ltr'><strong>τε</strong></span> <span class='ocrx_word' id='word_1_428' title='bbox 1755 3022 1849 3074; x_wconf 74' lang='grc' dir='ltr'><strong>καὶ</strong></span> 
     </span>
    </p>
   </div>
   <div class='ocr_carea' id='block_1_61' title="bbox 1956 3002 3531 3085">
    <p class='ocr_par' dir='ltr' id='par_1_61' title="bbox 1957 3002 3531 3075">
     <span class='ocr_line' id='line_1_61' title="bbox 1957 3002 3531 3075; baseline -0.001 -12"><span class='ocrx_word' id='word_1_429' title='bbox 1957 3007 2074 3063; x_wconf 87' lang='lat' dir='ltr'><strong>dam</strong></span> <span class='ocrx_word' id='word_1_430' title='bbox 2108 3002 2201 3061; x_wconf 76' lang='grc' dir='ltr'><strong>1)ἱί</strong></span> <span class='ocrx_word' id='word_1_431' title='bbox 2248 3007 2445 3061; x_wconf 82' lang='lat' dir='ltr'><strong>virtute</strong></span> <span class='ocrx_word' id='word_1_432' title='bbox 2474 3009 2899 3075; x_wconf 79' lang='lat' dir='ltr'><strong>progredientem</strong></span> <span class='ocrx_word' id='word_1_433' title='bbox 2935 3008 2999 3061; x_wconf 90' lang='lat' dir='ltr'><strong>ad</strong></span> <span class='ocrx_word' id='word_1_434' title='bbox 3061 3007 3357 3071; x_wconf 77' lang='lat' dir='ltr'><strong>perfectam</strong></span> <span class='ocrx_word' id='word_1_435' title='bbox 3418 3007 3531 3061; x_wconf 84' lang='lat' dir='ltr'><strong>for-</strong></span> 
     </span>
    </p>
   </div>
   <div class='ocr_carea' id='block_1_62' title="bbox 279 3097 1852 3186">
    <p class='ocr_par' dir='ltr' id='par_1_62' title="bbox 279 3097 1852 3186">
     <span class='ocr_line' id='line_1_62' title="bbox 279 3097 1852 3186; baseline 0.012 -37"><span class='ocrx_word' id='word_1_436' title='bbox 279 3099 671 3168; x_wconf 77' lang='grc' dir='ltr'><strong>τελειουμένην</strong></span> <span class='ocrx_word' id='word_1_437' title='bbox 697 3100 776 3163; x_wconf 74' lang='grc' dir='ltr'><strong>εἰς</strong></span> <span class='ocrx_word' id='word_1_438' title='bbox 806 3097 941 3166; x_wconf 84' lang='grc' dir='ltr'><strong>εἶδος</strong></span> <span class='ocrx_word' id='word_1_439' title='bbox 981 3103 1041 3155; x_wconf 84' lang='grc' dir='ltr'><strong>τὸ</strong></span> <span class='ocrx_word' id='word_1_440' title='bbox 1074 3104 1414 3173; x_wconf 80' lang='grc' dir='ltr'><strong>ἀνθρώπινον</strong></span> <span class='ocrx_word' id='word_1_441' title='bbox 1436 3126 1449 3139; x_wconf 94' lang='grc'><strong>·</strong></span> <span class='ocrx_word' id='word_1_442' title='bbox 1486 3111 1662 3181; x_wconf 73' lang='grc' dir='ltr'><strong>ἐνίησι</strong></span> <span class='ocrx_word' id='word_1_443' title='bbox 1690 3113 1748 3168; x_wconf 89' lang='grc' dir='ltr'><strong>δὲ</strong></span> <span class='ocrx_word' id='word_1_444' title='bbox 1772 3114 1852 3186; x_wconf 83' lang='grc' dir='ltr'><strong>τῷ</strong></span> 
     </span>
    </p>
   </div>
   <div class='ocr_carea' id='block_1_63' title="bbox 279 3190 1853 3269">
    <p class='ocr_par' dir='ltr' id='par_1_63' title="bbox 279 3190 1853 3269">
     <span class='ocr_line' id='line_1_63' title="bbox 279 3190 1853 3269; baseline 0.012 -29"><span class='ocrx_word' id='word_1_445' title='bbox 279 3190 410 3260; x_wconf 79' lang='grc' dir='ltr'><strong>ζώῳ</strong></span> <span class='ocrx_word' id='word_1_446' title='bbox 432 3192 494 3243; x_wconf 80' lang='grc' dir='ltr'><strong>τὸ</strong></span> <span class='ocrx_word' id='word_1_447' title='bbox 539 3192 753 3260; x_wconf 80' lang='grc' dir='ltr'><strong>πνεῦμα</strong></span> <span class='ocrx_word' id='word_1_448' title='bbox 780 3193 913 3257; x_wconf 80' lang='grc' dir='ltr'><strong>Θεὸς</strong></span> <span class='ocrx_word' id='word_1_449' title='bbox 945 3196 1068 3248; x_wconf 78' lang='grc' dir='ltr'><strong>καθ’</strong></span> <span class='ocrx_word' id='word_1_450' title='bbox 1100 3196 1157 3249; x_wconf 84' lang='grc' dir='ltr'><strong>δν</strong></span> <span class='ocrx_word' id='word_1_451' title='bbox 1187 3193 1294 3251; x_wconf 75' lang='grc' dir='ltr'><strong>οἶδε</strong></span> <span class='ocrx_word' id='word_1_452' title='bbox 1348 3199 1569 3269; x_wconf 79' lang='grc' dir='ltr'><strong>τρόπον.</strong></span> <span class='ocrx_word' id='word_1_453' title='bbox 1624 3205 1853 3259; x_wconf 83' lang='grc' dir='ltr'><strong>Πλάττει</strong></span> 
     </span>
    </p>
   </div>
   <div class='ocr_carea' id='block_1_64' title="bbox 281 3281 1854 3367">
    <p class='ocr_par' dir='ltr' id='par_1_64' title="bbox 281 3281 1854 3367">
     <span class='ocr_line' id='line_1_64' title="bbox 281 3281 1854 3367; baseline 0.012 -36"><span class='ocrx_word' id='word_1_454' title='bbox 281 3281 395 3349; x_wconf 71' lang='grc' dir='ltr'><strong>γάρ</strong></span> <span class='ocrx_word' id='word_1_455' title='bbox 418 3281 633 3349; x_wconf 80' lang='grc' dir='ltr'><strong>πνεῦμα</strong></span> <span class='ocrx_word' id='word_1_456' title='bbox 662 3282 952 3351; x_wconf 76' lang='grc' dir='ltr'><strong>ἀνθρώπου</strong></span> <span class='ocrx_word' id='word_1_457' title='bbox 978 3290 1034 3340; x_wconf 73' lang='grc' dir='ltr'><strong>εν</strong></span> <span class='ocrx_word' id='word_1_458' title='bbox 1053 3288 1202 3357; x_wconf 80' lang='grc' dir='ltr'><strong>αὐτῷ</strong></span> <span class='ocrx_word' id='word_1_459' title='bbox 1230 3290 1368 3343; x_wconf 80' lang='grc' dir='ltr'><strong>κατὰ</strong></span> <span class='ocrx_word' id='word_1_460' title='bbox 1398 3291 1497 3363; x_wconf 84' lang='grc' dir='ltr'><strong>τὴν</strong></span> <span class='ocrx_word' id='word_1_461' title='bbox 1520 3293 1613 3346; x_wconf 78' lang='grc' dir='ltr'><strong>τοῦ</strong></span> <span class='ocrx_word' id='word_1_462' title='bbox 1639 3297 1854 3367; x_wconf 79' lang='grc' dir='ltr'><strong>Προφή-</strong></span> 
     </span>
    </p>
   </div>
   <div class='ocr_carea' id='block_1_65' title="bbox 282 3376 1853 3458">
    <p class='ocr_par' dir='ltr' id='par_1_65' title="bbox 282 3376 1853 3458">
     <span class='ocr_line' id='line_1_65' title="bbox 282 3376 1853 3458; baseline 0.011 -33"><span class='ocrx_word' id='word_1_463' title='bbox 282 3389 382 3425; x_wconf 86' lang='grc' dir='ltr'><strong>του</strong></span> <span class='ocrx_word' id='word_1_464' title='bbox 412 3376 612 3442; x_wconf 76' lang='grc' dir='ltr'><strong>φωνήν.</strong></span> <span class='ocrx_word' id='word_1_465' title='bbox 652 3377 873 3445; x_wconf 81' lang='grc' dir='ltr'><strong>’Έτερος</strong></span> <span class='ocrx_word' id='word_1_466' title='bbox 907 3378 965 3430; x_wconf 84' lang='grc' dir='ltr'><strong>δε</strong></span> <span class='ocrx_word' id='word_1_467' title='bbox 996 3382 1219 3449; x_wconf 79' lang='grc' dir='ltr'><strong>σαρκὸς,</strong></span> <span class='ocrx_word' id='word_1_468' title='bbox 1249 3381 1341 3435; x_wconf 74' lang='grc' dir='ltr'><strong>καὶ</strong></span> <span class='ocrx_word' id='word_1_469' title='bbox 1376 3387 1576 3455; x_wconf 81' lang='grc' dir='ltr'><strong>ὁμοίως</strong></span> <span class='ocrx_word' id='word_1_470' title='bbox 1609 3387 1796 3458; x_wconf 73' lang='grc' dir='ltr'><strong>ἕτερος</strong></span> <span class='ocrx_word' id='word_1_471' title='bbox 1824 3392 1853 3443; x_wconf 88' lang='grc' dir='ltr'><strong>ὁ</strong></span> 
     </span>
    </p>
   </div>
   <div class='ocr_carea' id='block_1_66' title="bbox 279 3465 1852 3544">
    <p class='ocr_par' dir='ltr' id='par_1_66' title="bbox 279 3465 1852 3544">
     <span class='ocr_line' id='line_1_66' title="bbox 279 3465 1852 3544; baseline 0.011 -28"><span class='ocrx_word' id='word_1_472' title='bbox 279 3465 381 3533; x_wconf 73' lang='grc' dir='ltr'><strong>τῆς</strong></span> <span class='ocrx_word' id='word_1_473' title='bbox 411 3465 587 3535; x_wconf 78' lang='grc' dir='ltr'><strong>ψυχῆς</strong></span> <span class='ocrx_word' id='word_1_474' title='bbox 617 3466 733 3519; x_wconf 71' lang='grc' dir='ltr'><strong>ἐστι</strong></span> <span class='ocrx_word' id='word_1_475' title='bbox 765 3467 941 3535; x_wconf 81' lang='grc' dir='ltr'><strong>λόγος.</strong></span> <span class='ocrx_word' id='word_1_476' title='bbox 992 3469 1126 3523; x_wconf 73' lang='grc' dir='ltr'><strong>Ἀλλ’</strong></span> <span class='ocrx_word' id='word_1_477' title='bbox 1158 3475 1206 3525; x_wconf 75' lang='grc' dir='ltr'><strong>εἰ</strong></span> <span class='ocrx_word' id='word_1_478' title='bbox 1237 3475 1331 3527; x_wconf 81' lang='grc' dir='ltr'><strong>καὶ</strong></span> <span class='ocrx_word' id='word_1_479' title='bbox 1374 3478 1661 3544; x_wconf 85' lang='grc' dir='ltr'><strong>γεγόνασιν</strong></span> <span class='ocrx_word' id='word_1_480' title='bbox 1692 3473 1852 3534; x_wconf 73' lang='grc' dir='ltr'><strong>αὗται</strong></span> 
     </span>
    </p>
   </div>
   <div class='ocr_carea' id='block_1_67' title="bbox 282 3556 1853 3632">
    <p class='ocr_par' dir='ltr' id='par_1_67' title="bbox 282 3556 1853 3632">
     <span class='ocr_line' id='line_1_67' title="bbox 282 3556 1853 3632; baseline 0.008 -26"><span class='ocrx_word' id='word_1_481' title='bbox 282 3556 467 3624; x_wconf 84' lang='grc' dir='ltr'><strong>μόνων</strong></span> <span class='ocrx_word' id='word_1_482' title='bbox 488 3556 597 3608; x_wconf 82' lang='grc' dir='ltr'><strong>τῶν</strong></span> <span class='ocrx_word' id='word_1_483' title='bbox 624 3557 730 3608; x_wconf 72' lang='grc' dir='ltr'><strong>ἀπὸ</strong></span> <span class='ocrx_word' id='word_1_484' title='bbox 759 3558 858 3624; x_wconf 82' lang='grc' dir='ltr'><strong>γῆς</strong></span> <span class='ocrx_word' id='word_1_485' title='bbox 894 3559 1165 3626; x_wconf 88' lang='grc' dir='ltr'><strong>σωμάτων</strong></span> <span class='ocrx_word' id='word_1_486' title='bbox 1193 3563 1450 3632; x_wconf 82' lang='grc' dir='ltr'><strong>μητέρες,</strong></span> <span class='ocrx_word' id='word_1_487' title='bbox 1475 3565 1592 3617; x_wconf 81' lang='grc' dir='ltr'><strong>ἀλλ’</strong></span> <span class='ocrx_word' id='word_1_488' title='bbox 1623 3562 1715 3619; x_wconf 83' lang='grc' dir='ltr'><strong>οὖν</strong></span> <span class='ocrx_word' id='word_1_489' title='bbox 1732 3568 1853 3619; x_wconf 84' lang='grc' dir='ltr'><strong>ὃλον</strong></span> 
     </span>
    </p>
   </div>
   <div class='ocr_carea' id='block_1_68' title="bbox 279 3648 1853 3722">
    <p class='ocr_par' dir='ltr' id='par_1_68' title="bbox 279 3648 1853 3722">
     <span class='ocr_line' id='line_1_68' title="bbox 279 3648 1853 3722; baseline 0.006 -22"><span class='ocrx_word' id='word_1_490' title='bbox 279 3648 648 3702; x_wconf 67' lang='grc' dir='ltr'><strong>ἀπο-τεκοῦσαι</strong></span> <span class='ocrx_word' id='word_1_491' title='bbox 680 3651 741 3703; x_wconf 84' lang='grc' dir='ltr'><strong>τὸ</strong></span> <span class='ocrx_word' id='word_1_492' title='bbox 779 3651 939 3716; x_wconf 81' lang='grc' dir='ltr'><strong>ζῶον,</strong></span> <span class='ocrx_word' id='word_1_493' title='bbox 968 3652 1030 3704; x_wconf 81' lang='grc' dir='ltr'><strong>τὸ</strong></span> <span class='ocrx_word' id='word_1_494' title='bbox 1061 3655 1127 3704; x_wconf 73' lang='grc' dir='ltr'><strong>ἐκ</strong></span> <span class='ocrx_word' id='word_1_495' title='bbox 1154 3651 1330 3722; x_wconf 77' lang='grc' dir='ltr'><strong>ψυχῆς</strong></span> <span class='ocrx_word' id='word_1_496' title='bbox 1367 3654 1423 3707; x_wconf 81' lang='grc' dir='ltr'><strong>δὲ</strong></span> <span class='ocrx_word' id='word_1_497' title='bbox 1461 3654 1606 3721; x_wconf 70' lang='grc' dir='ltr'><strong>λέγω</strong></span> <span class='ocrx_word' id='word_1_498' title='bbox 1630 3658 1723 3708; x_wconf 80' lang='grc' dir='ltr'><strong>καὶ</strong></span> <span class='ocrx_word' id='word_1_499' title='bbox 1749 3659 1853 3709; x_wconf 87' lang='grc' dir='ltr'><strong>σώ-</strong></span> 
     </span>
    </p>
   </div>
   <div class='ocr_carea' id='block_1_69' title="bbox 283 3740 1849 3813">
    <p class='ocr_par' dir='ltr' id='par_1_69' title="bbox 283 3740 1849 3813">
     <span class='ocr_line' id='line_1_69' title="bbox 283 3740 1849 3813; baseline 0.005 -20"><span class='ocrx_word' id='word_1_500' title='bbox 283 3756 477 3804; x_wconf 76' lang='grc' dir='ltr'><strong>ματος,</strong></span> <span class='ocrx_word' id='word_1_501' title='bbox 501 3740 613 3809; x_wconf 75' lang='grc' dir='ltr'><strong>οὐχ·</strong></span> <span class='ocrx_word' id='word_1_502' title='bbox 649 3742 811 3810; x_wconf 85' lang='grc' dir='ltr'><strong>μέρος</strong></span> <span class='ocrx_word' id='word_1_503' title='bbox 841 3740 1086 3810; x_wconf 77' lang='grc' dir='ltr'><strong>λέγονται</strong></span> <span class='ocrx_word' id='word_1_504' title='bbox 1114 3746 1315 3807; x_wconf 79' lang='grc' dir='ltr'><strong>τεκεῖν,</strong></span> <span class='ocrx_word' id='word_1_505' title='bbox 1350 3744 1460 3798; x_wconf 81' lang='grc' dir='ltr'><strong>οὐδ’</strong></span> <span class='ocrx_word' id='word_1_506' title='bbox 1482 3744 1548 3799; x_wconf 78' lang='grc' dir='ltr'><strong>ἂν</strong></span> <span class='ocrx_word' id='word_1_507' title='bbox 1573 3746 1718 3800; x_wconf 78' lang='grc' dir='ltr'><strong>εἴποι</strong></span> <span class='ocrx_word' id='word_1_508' title='bbox 1744 3765 1849 3813; x_wconf 84' lang='grc' dir='ltr'><strong>τις,</strong></span> 
     </span>
    </p>
   </div>
   <div class='ocr_carea' id='block_1_70' title="bbox 274 3830 1851 3913">
    <p class='ocr_par' dir='ltr' id='par_1_70' title="bbox 274 3830 1851 3913">
     <span class='ocr_line' id='line_1_70' title="bbox 274 3830 1851 3913; baseline 0.01 -34"><span class='ocrx_word' id='word_1_509' title='bbox 274 3832 414 3900; x_wconf 77' lang='grc' dir='ltr'><strong>φέρε</strong></span> <span class='ocrx_word' id='word_1_510' title='bbox 448 3833 648 3893; x_wconf 72' lang='grc' dir='ltr'><strong>εἰπεῖν,</strong></span> <span class='ocrx_word' id='word_1_511' title='bbox 680 3830 778 3901; x_wconf 77' lang='grc' dir='ltr'><strong>τὴν</strong></span> <span class='ocrx_word' id='word_1_512' title='bbox 827 3833 1106 3887; x_wconf 78' lang='grc' dir='ltr'><strong>Ἐλισάὸετ</strong></span> <span class='ocrx_word' id='word_1_513' title='bbox 1130 3836 1458 3905; x_wconf 84' lang='grc' dir='ltr'><strong>σαρκοτόκον</strong></span> <span class='ocrx_word' id='word_1_514' title='bbox 1492 3838 1611 3907; x_wconf 77' lang='grc' dir='ltr'><strong>μὲν.</strong></span> <span class='ocrx_word' id='word_1_515' title='bbox 1648 3839 1710 3893; x_wconf 76' lang='grc' dir='ltr'><strong>οὐ</strong></span> <span class='ocrx_word' id='word_1_516' title='bbox 1744 3842 1851 3913; x_wconf 84' lang='grc' dir='ltr'><strong>μὴν</strong></span> 
     </span>
    </p>
   </div>
   <div class='ocr_carea' id='block_1_71' title="bbox 279 3921 1853 3997">
    <p class='ocr_par' dir='ltr' id='par_1_71' title="bbox 279 3921 1853 3997">
     <span class='ocr_line' id='line_1_71' title="bbox 279 3921 1853 3997; baseline 0.005 -23"><span class='ocrx_word' id='word_1_517' title='bbox 279 3922 365 3974; x_wconf 74' lang='grc' dir='ltr'><strong>ἔτι</strong></span> <span class='ocrx_word' id='word_1_518' title='bbox 403 3922 499 3975; x_wconf 84' lang='grc' dir='ltr'><strong>καὶ</strong></span> <span class='ocrx_word' id='word_1_519' title='bbox 553 3921 873 3992; x_wconf 76' lang='grc' dir='ltr'><strong>ψυχςτόκον.</strong></span> <span class='ocrx_word' id='word_1_520' title='bbox 921 3925 1202 3977; x_wconf 84' lang='grc' dir='ltr'><strong>Ἐκτέτοκε</strong></span> <span class='ocrx_word' id='word_1_521' title='bbox 1252 3925 1360 3995; x_wconf 72' lang='grc' dir='ltr'><strong>γὰρ</strong></span> <span class='ocrx_word' id='word_1_522' title='bbox 1392 3924 1715 3997; x_wconf 71' lang='grc' dir='ltr'><strong>ψυχωθέντα</strong></span> <span class='ocrx_word' id='word_1_523' title='bbox 1760 3930 1853 3983; x_wconf 79' lang='grc' dir='ltr'><strong>τὸν</strong></span> 
     </span>
    </p>
   </div>
   <div class='ocr_carea' id='block_1_72' title="bbox 279 4012 1853 4087">
    <p class='ocr_par' dir='ltr' id='par_1_72' title="bbox 279 4012 1853 4087">
     <span class='ocr_line' id='line_1_72' title="bbox 279 4012 1853 4087; baseline 0.005 -24"><span class='ocrx_word' id='word_1_524' title='bbox 279 4012 615 4079; x_wconf 71' lang='grc' dir='ltr'><strong>Βιπτιοτὴν.</strong></span> <span class='ocrx_word' id='word_1_525' title='bbox 664 4013 916 4067; x_wconf 83' lang='grc' dir='ltr'><strong>τοιοῦτόν</strong></span> <span class='ocrx_word' id='word_1_526' title='bbox 962 4032 1015 4067; x_wconf 87' lang='grc' dir='ltr'><strong>τι</strong></span> <span class='ocrx_word' id='word_1_527' title='bbox 1065 4015 1379 4085; x_wconf 80' lang='grc' dir='ltr'><strong>πεπρᾶχθαι</strong></span> <span class='ocrx_word' id='word_1_528' title='bbox 1433 4016 1853 4087; x_wconf 78' lang='grc' dir='ltr'><strong>παραδεξόμεθα</strong></span> 
     </span>
    </p>
   </div>
   <div class='ocr_carea' id='block_1_73' title="bbox 279 4105 1853 4177">
    <p class='ocr_par' dir='ltr' id='par_1_73' title="bbox 279 4105 1853 4177">
     <span class='ocr_line' id='line_1_73' title="bbox 279 4105 1853 4177; baseline 0.003 -20"><span class='ocrx_word' id='word_1_529' title='bbox 279 4105 379 4158; x_wconf 74' lang='grc' dir='ltr'><strong>καὶ</strong></span> <span class='ocrx_word' id='word_1_530' title='bbox 406 4106 498 4157; x_wconf 79' lang='grc' dir='ltr'><strong>ἐπι</strong></span> <span class='ocrx_word' id='word_1_531' title='bbox 534 4108 603 4173; x_wconf 76' lang='grc' dir='ltr'><strong>τῇ</strong></span> <span class='ocrx_word' id='word_1_532' title='bbox 627 4106 837 4171; x_wconf 64' lang='grc' dir='ltr'><strong>γενέσει</strong></span> <span class='ocrx_word' id='word_1_533' title='bbox 856 4106 959 4157; x_wconf 74' lang='grc' dir='ltr'><strong>τοῦ</strong></span> <span class='ocrx_word' id='word_1_534' title='bbox 989 4106 1358 4176; x_wconf 74' lang='grc' dir='ltr'><strong>Ἐμμανουήλ.</strong></span> <span class='ocrx_word' id='word_1_535' title='bbox 1388 4106 1719 4177; x_wconf 83' lang='grc' dir='ltr'><strong>Γεγέννηται</strong></span> <span class='ocrx_word' id='word_1_536' title='bbox 1753 4109 1853 4177; x_wconf 83' lang='grc' dir='ltr'><strong>μὲν</strong></span> 
     </span>
    </p>
   </div>
   <div class='ocr_carea' id='block_1_74' title="bbox 279 4195 1852 4265">
    <p class='ocr_par' dir='ltr' id='par_1_74' title="bbox 279 4195 1852 4265">
     <span class='ocr_line' id='line_1_74' title="bbox 279 4195 1852 4265; baseline 0.002 -18"><span class='ocrx_word' id='word_1_537' title='bbox 279 4196 409 4262; x_wconf 83' lang='grc' dir='ltr'><strong>γὰρ,</strong></span> <span class='ocrx_word' id='word_1_538' title='bbox 449 4196 521 4253; x_wconf 75' lang='grc' dir='ltr'><strong>ὡς,</strong></span> <span class='ocrx_word' id='word_1_539' title='bbox 560 4203 716 4264; x_wconf 45' lang='grc' dir='ltr'><strong>εἴην,</strong></span> <span class='ocrx_word' id='word_1_540' title='bbox 749 4197 814 4248; x_wconf 68' lang='grc' dir='ltr'><strong>ἐκ</strong></span> <span class='ocrx_word' id='word_1_541' title='bbox 845 4195 944 4262; x_wconf 80' lang='grc' dir='ltr'><strong>τῆς</strong></span> <span class='ocrx_word' id='word_1_542' title='bbox 982 4196 1072 4248; x_wconf 82' lang='grc' dir='ltr'><strong>τοῦ</strong></span> <span class='ocrx_word' id='word_1_543' title='bbox 1105 4196 1241 4247; x_wconf 81' lang='grc' dir='ltr'><strong>Θεοῦ</strong></span> <span class='ocrx_word' id='word_1_544' title='bbox 1277 4196 1368 4247; x_wconf 74' lang='grc' dir='ltr'><strong>καὶ</strong></span> <span class='ocrx_word' id='word_1_545' title='bbox 1406 4197 1618 4265; x_wconf 77' lang='grc' dir='ltr'><strong>Πατρὸς</strong></span> <span class='ocrx_word' id='word_1_546' title='bbox 1662 4198 1852 4261; x_wconf 70' lang='grc' dir='ltr'><strong>οὐσίας</strong></span> 
     </span>
    </p>
   </div>
   <div class='ocr_carea' id='block_1_75' title="bbox 278 4284 1848 4355">
    <p class='ocr_par' dir='ltr' id='par_1_75' title="bbox 278 4284 1848 4355">
     <span class='ocr_line' id='line_1_75' title="bbox 278 4284 1848 4355; baseline 0 -20"><span class='ocrx_word' id='word_1_547' title='bbox 278 4285 308 4335; x_wconf 86' lang='grc' dir='ltr'><strong>ὁ</strong></span> <span class='ocrx_word' id='word_1_548' title='bbox 357 4284 620 4354; x_wconf 79' lang='grc' dir='ltr'><strong>μονογενὴ</strong></span> <span class='ocrx_word' id='word_1_549' title='bbox 680 4284 844 4335; x_wconf 71' lang='grc' dir='ltr'><strong>αὐτοῦ</strong></span> <span class='ocrx_word' id='word_1_550' title='bbox 894 4286 1085 4346; x_wconf 64' lang='grc' dir='ltr'><strong>Λόγοςθ</strong></span> <span class='ocrx_word' id='word_1_551' title='bbox 1118 4285 1305 4343; x_wconf 74' lang='grc' dir='ltr'><strong>ἐπειδὴ</strong></span> <span class='ocrx_word' id='word_1_552' title='bbox 1334 4286 1389 4337; x_wconf 88' lang='grc' dir='ltr'><strong>δὲ</strong></span> <span class='ocrx_word' id='word_1_553' title='bbox 1422 4289 1600 4355; x_wconf 87' lang='grc' dir='ltr'><strong>σάρκα</strong></span> <span class='ocrx_word' id='word_1_554' title='bbox 1648 4285 1848 4349; x_wconf 78' lang='grc' dir='ltr'><strong>λαϐὼν,</strong></span> 
     </span>
    </p>
   </div>
   <div class='ocr_carea' id='block_1_76' title="bbox 280 4375 1853 4447">
    <p class='ocr_par' dir='ltr' id='par_1_76' title="bbox 280 4375 1853 4447">
     <span class='ocr_line' id='line_1_76' title="bbox 280 4375 1853 4447; baseline 0 -20"><span class='ocrx_word' id='word_1_555' title='bbox 280 4378 378 4427; x_wconf 73' lang='grc' dir='ltr'><strong>καὶ</strong></span> <span class='ocrx_word' id='word_1_556' title='bbox 410 4375 544 4427; x_wconf 70' lang='grc' dir='ltr'><strong>ἰδίαν</strong></span> <span class='ocrx_word' id='word_1_557' title='bbox 573 4376 748 4447; x_wconf 64' lang='grc' dir='ltr'><strong>αξιτὴν</strong></span> <span class='ocrx_word' id='word_1_558' title='bbox 776 4376 1162 4443; x_wconf 76' lang='grc' dir='ltr'><strong>ποιησάμενος,</strong></span> <span class='ocrx_word' id='word_1_559' title='bbox 1196 4378 1568 4444; x_wconf 81' lang='grc' dir='ltr'><strong>κεχρημάτικε</strong></span> <span class='ocrx_word' id='word_1_560' title='bbox 1600 4379 1693 4430; x_wconf 78' lang='grc' dir='ltr'><strong>καὶ</strong></span> <span class='ocrx_word' id='word_1_561' title='bbox 1730 4377 1853 4437; x_wconf 72' lang='grc' dir='ltr'><strong>Υἱὸς</strong></span> 
     </span>
    </p>
   </div>
   <div class='ocr_carea' id='block_1_77' title="bbox 281 4462 1855 4536">
    <p class='ocr_par' dir='ltr' id='par_1_77' title="bbox 281 4462 1855 4536">
     <span class='ocr_line' id='line_1_77' title="bbox 281 4462 1855 4536; baseline 0.002 -19"><span class='ocrx_word' id='word_1_562' title='bbox 281 4462 595 4534; x_wconf 77' lang='grc' dir='ltr'><strong>ἀνθρώπου,</strong></span> <span class='ocrx_word' id='word_1_563' title='bbox 629 4465 722 4518; x_wconf 75' lang='grc' dir='ltr'><strong>καὶ</strong></span> <span class='ocrx_word' id='word_1_564' title='bbox 753 4466 941 4532; x_wconf 79' lang='grc' dir='ltr'><strong>γέγονε</strong></span> <span class='ocrx_word' id='word_1_565' title='bbox 967 4465 1088 4518; x_wconf 79' lang='grc' dir='ltr'><strong>καθ’</strong></span> <span class='ocrx_word' id='word_1_566' title='bbox 1116 4466 1261 4533; x_wconf 78' lang='grc' dir='ltr'><strong>ἡμᾶς</strong></span> <span class='ocrx_word' id='word_1_567' title='bbox 1282 4505 1297 4530; x_wconf 92' lang='grc'><strong>,</strong></span> <span class='ocrx_word' id='word_1_568' title='bbox 1330 4465 1499 4529; x_wconf 78' lang='grc' dir='ltr'><strong>οὐδὲν,</strong></span> <span class='ocrx_word' id='word_1_569' title='bbox 1521 4462 1697 4536; x_wconf 72' lang='grc' dir='ltr'><strong>οἶμαι,</strong></span> <span class='ocrx_word' id='word_1_570' title='bbox 1726 4468 1855 4520; x_wconf 77' lang='grc' dir='ltr'><strong>ἄτο-</strong></span> 
     </span>
    </p>
   </div>
   <div class='ocr_carea' id='block_1_78' title="bbox 280 4554 1850 4625">
    <p class='ocr_par' dir='ltr' id='par_1_78' title="bbox 280 4554 1850 4625">
     <span class='ocr_line' id='line_1_78' title="bbox 280 4554 1850 4625; baseline 0.002 -18"><span class='ocrx_word' id='word_1_571' title='bbox 280 4572 385 4608; x_wconf 82' lang='grc' dir='ltr'><strong>πον</strong></span> <span class='ocrx_word' id='word_1_572' title='bbox 414 4557 609 4615; x_wconf 73' lang='grc' dir='ltr'><strong>εἰπεῖν,</strong></span> <span class='ocrx_word' id='word_1_573' title='bbox 639 4554 840 4624; x_wconf 84' lang='grc' dir='ltr'><strong>μᾶλλον</strong></span> <span class='ocrx_word' id='word_1_574' title='bbox 881 4555 937 4606; x_wconf 79' lang='grc' dir='ltr'><strong>δὲ</strong></span> <span class='ocrx_word' id='word_1_575' title='bbox 968 4556 1268 4622; x_wconf 82' lang='grc' dir='ltr'><strong>ἀναγκαῖον</strong></span> <span class='ocrx_word' id='word_1_576' title='bbox 1316 4555 1621 4624; x_wconf 76' lang='grc' dir='ltr'><strong>ὁμολογεῖν,</strong></span> <span class='ocrx_word' id='word_1_577' title='bbox 1647 4558 1728 4610; x_wconf 87' lang='grc' dir='ltr'><strong>ὅτι</strong></span> <span class='ocrx_word' id='word_1_578' title='bbox 1763 4573 1850 4625; x_wconf 86' lang='grc' dir='ltr'><strong>γε·</strong></span> 
     </span>
    </p>
   </div>
   <div class='ocr_carea' id='block_1_79' title="bbox 280 4646 1854 4717">
    <p class='ocr_par' dir='ltr' id='par_1_79' title="bbox 280 4646 1854 4717">
     <span class='ocr_line' id='line_1_79' title="bbox 280 4646 1854 4717; baseline 0.001 -18"><span class='ocrx_word' id='word_1_579' title='bbox 280 4647 541 4715; x_wconf 82' lang='grc' dir='ltr'><strong>γέννηται</strong></span> <span class='ocrx_word' id='word_1_580' title='bbox 573 4647 715 4717; x_wconf 52' lang='lat' dir='ltr'><strong>aut}</strong></span> <span class='ocrx_word' id='word_1_581' title='bbox 749 4649 927 4716; x_wconf 81' lang='grc' dir='ltr'><strong>σάρκα</strong></span> <span class='ocrx_word' id='word_1_582' title='bbox 950 4646 1038 4699; x_wconf 84' lang='grc' dir='ltr'><strong>διὰ</strong></span> <span class='ocrx_word' id='word_1_583' title='bbox 1071 4647 1359 4714; x_wconf 83' lang='grc' dir='ltr'><strong>γυναικός·</strong></span> <span class='ocrx_word' id='word_1_584' title='bbox 1391 4647 1639 4711; x_wconf 73' lang='grc' dir='ltr'><strong>καθάπερ</strong></span> <span class='ocrx_word' id='word_1_585' title='bbox 1661 4648 1854 4716; x_wconf 70' lang='grc' dir='ltr'><strong>ἀμέλει</strong></span> 
     </span>
    </p>
   </div>
   <div class='ocr_carea' id='block_1_80' title="bbox 282 4735 1854 4807">
    <p class='ocr_par' dir='ltr' id='par_1_80' title="bbox 282 4735 1854 4807">
     <span class='ocr_line' id='line_1_80' title="bbox 282 4735 1854 4807; baseline 0.001 -17"><span class='ocrx_word' id='word_1_586' title='bbox 282 4738 379 4790; x_wconf 75' lang='grc' dir='ltr'><strong>καὶ</strong></span> <span class='ocrx_word' id='word_1_587' title='bbox 414 4737 447 4807; x_wconf 76' lang='grc' dir='ltr'><strong>ἡ</strong></span> <span class='ocrx_word' id='word_1_588' title='bbox 480 4736 577 4788; x_wconf 80' lang='grc' dir='ltr'><strong>τοῦ</strong></span> <span class='ocrx_word' id='word_1_589' title='bbox 608 4737 896 4806; x_wconf 75' lang='grc' dir='ltr'><strong>ἀνθρώπου</strong></span> <span class='ocrx_word' id='word_1_590' title='bbox 937 4736 1084 4805; x_wconf 74' lang='grc' dir='ltr'><strong>ψυχὴ</strong></span> <span class='ocrx_word' id='word_1_591' title='bbox 1126 4735 1201 4804; x_wconf 81' lang='grc' dir='ltr'><strong>τῷ</strong></span> <span class='ocrx_word' id='word_1_592' title='bbox 1226 4735 1340 4803; x_wconf 75' lang='grc' dir='ltr'><strong>ἰδίῳ</strong></span> <span class='ocrx_word' id='word_1_593' title='bbox 1387 4740 1854 4805; x_wconf 81' lang='grc' dir='ltr'><strong>συναπογεννᾶται</strong></span> 
     </span>
    </p>
   </div>
   <div class='ocr_carea' id='block_1_81' title="bbox 282 4828 1856 4901">
    <p class='ocr_par' dir='ltr' id='par_1_81' title="bbox 282 4828 1856 4901">
     <span class='ocr_line' id='line_1_81' title="bbox 282 4828 1856 4901; baseline 0.001 -20"><span class='ocrx_word' id='word_1_594' title='bbox 282 4828 521 4898; x_wconf 83' lang='grc' dir='ltr'><strong>σώματι,</strong></span> <span class='ocrx_word' id='word_1_595' title='bbox 548 4835 641 4882; x_wconf 81' lang='grc' dir='ltr'><strong>καί</strong></span> <span class='ocrx_word' id='word_1_596' title='bbox 663 4830 737 4892; x_wconf 81' lang='grc' dir='ltr'><strong>ὡς</strong></span> <span class='ocrx_word' id='word_1_597' title='bbox 768 4828 828 4881; x_wconf 83' lang='grc' dir='ltr'><strong>ἒν</strong></span> <span class='ocrx_word' id='word_1_598' title='bbox 859 4828 1169 4894; x_wconf 84' lang='grc' dir='ltr'><strong>λελόγισται</strong></span> <span class='ocrx_word' id='word_1_599' title='bbox 1214 4830 1350 4899; x_wconf 73' lang='grc' dir='ltr'><strong>πρὸς</strong></span> <span class='ocrx_word' id='word_1_600' title='bbox 1381 4830 1533 4896; x_wconf 77' lang='grc' dir='ltr'><strong>αὐτὸ,</strong></span> <span class='ocrx_word' id='word_1_601' title='bbox 1558 4832 1734 4883; x_wconf 84' lang='grc' dir='ltr'><strong>καίτοι</strong></span> <span class='ocrx_word' id='word_1_602' title='bbox 1756 4832 1856 4901; x_wconf 78' lang='grc' dir='ltr'><strong>τὴν</strong></span> 
     </span>
    </p>
   </div>
   <div class='ocr_carea' id='block_1_82' title="bbox 282 4920 1859 4993">
    <p class='ocr_par' dir='ltr' id='par_1_82' title="bbox 282 4920 1859 4993">
     <span class='ocr_line' id='line_1_82' title="bbox 282 4920 1859 4993; baseline 0.001 -19"><span class='ocrx_word' id='word_1_603' title='bbox 282 4921 448 4991; x_wconf 71' lang='grc' dir='ltr'><strong>φύσιν</strong></span> <span class='ocrx_word' id='word_1_604' title='bbox 483 4923 650 4993; x_wconf 74' lang='grc' dir='ltr'><strong>ἑτέρα</strong></span> <span class='ocrx_word' id='word_1_605' title='bbox 681 4920 813 4991; x_wconf 83' lang='grc' dir='ltr'><strong>παρ’</strong></span> <span class='ocrx_word' id='word_1_606' title='bbox 844 4921 976 4974; x_wconf 82' lang='grc' dir='ltr'><strong>αὐτὸ</strong></span> <span class='ocrx_word' id='word_1_607' title='bbox 1011 4920 1271 4989; x_wconf 86' lang='grc' dir='ltr'><strong>νοουμένη</strong></span> <span class='ocrx_word' id='word_1_608' title='bbox 1306 4937 1365 4972; x_wconf 90' lang='grc' dir='ltr'><strong>τε</strong></span> <span class='ocrx_word' id='word_1_609' title='bbox 1398 4920 1494 4974; x_wconf 81' lang='grc' dir='ltr'><strong>καὶ</strong></span> <span class='ocrx_word' id='word_1_610' title='bbox 1537 4921 1859 4991; x_wconf 83' lang='grc' dir='ltr'><strong>ὑπάρχουσα</strong></span> 
     </span>
    </p>
   </div>
   <div class='ocr_carea' id='block_1_83' title="bbox 280 5009 1858 5082">
    <p class='ocr_par' dir='ltr' id='par_1_83' title="bbox 280 5009 1858 5082">
     <span class='ocr_line' id='line_1_83' title="bbox 280 5009 1858 5082; baseline -0.001 -16"><span class='ocrx_word' id='word_1_611' title='bbox 280 5014 427 5066; x_wconf 71' lang='grc' dir='ltr'><strong>κατὰ</strong></span> <span class='ocrx_word' id='word_1_612' title='bbox 443 5012 532 5065; x_wconf 84' lang='grc' dir='ltr'><strong>τὸν</strong></span> <span class='ocrx_word' id='word_1_613' title='bbox 562 5013 689 5065; x_wconf 77' lang='grc' dir='ltr'><strong>ἰδιον</strong></span> <span class='ocrx_word' id='word_1_614' title='bbox 713 5013 889 5080; x_wconf 80' lang='grc' dir='ltr'><strong>λόγον.</strong></span> <span class='ocrx_word' id='word_1_615' title='bbox 918 5011 1036 5065; x_wconf 84' lang='grc' dir='ltr'><strong>Κᾶν</strong></span> <span class='ocrx_word' id='word_1_616' title='bbox 1055 5009 1364 5082; x_wconf 50' lang='grc' dir='ltr'><strong>εῇβούλοιτό</strong></span> <span class='ocrx_word' id='word_1_617' title='bbox 1398 5028 1480 5073; x_wconf 80' lang='grc' dir='ltr'><strong>τις</strong></span> <span class='ocrx_word' id='word_1_618' title='bbox 1511 5012 1609 5081; x_wconf 78' lang='grc' dir='ltr'><strong>τὴν</strong></span> <span class='ocrx_word' id='word_1_619' title='bbox 1638 5012 1731 5065; x_wconf 82' lang='grc' dir='ltr'><strong>τοῦ</strong></span> <span class='ocrx_word' id='word_1_620' title='bbox 1753 5012 1858 5065; x_wconf 86' lang='grc' dir='ltr'><strong>δεῖ·</strong></span> 
     </span>
    </p>
   </div>
   <div class='ocr_carea' id='block_1_84' title="bbox 282 5104 1858 5176">
    <p class='ocr_par' dir='ltr' id='par_1_84' title="bbox 282 5104 1858 5176">
     <span class='ocr_line' id='line_1_84' title="bbox 282 5104 1858 5176; baseline -0.003 -18"><span class='ocrx_word' id='word_1_621' title='bbox 282 5122 374 5168; x_wconf 82' lang='grc' dir='ltr'><strong>νος</strong></span> <span class='ocrx_word' id='word_1_622' title='bbox 409 5105 619 5176; x_wconf 82' lang='grc' dir='ltr'><strong>μητέρα</strong></span> <span class='ocrx_word' id='word_1_623' title='bbox 648 5105 851 5172; x_wconf 85' lang='grc' dir='ltr'><strong>λέγειν,</strong></span> <span class='ocrx_word' id='word_1_624' title='bbox 881 5105 955 5167; x_wconf 82' lang='grc' dir='ltr'><strong>ὡς</strong></span> <span class='ocrx_word' id='word_1_625' title='bbox 991 5104 1106 5157; x_wconf 80' lang='grc' dir='ltr'><strong>ἔστι</strong></span> <span class='ocrx_word' id='word_1_626' title='bbox 1151 5106 1251 5175; x_wconf 84' lang='grc' dir='ltr'><strong>μὲν</strong></span> <span class='ocrx_word' id='word_1_627' title='bbox 1287 5104 1635 5174; x_wconf 80' lang='grc' dir='ltr'><strong>σαρκοτόκος,</strong></span> <span class='ocrx_word' id='word_1_628' title='bbox 1663 5105 1722 5157; x_wconf 85' lang='grc' dir='ltr'><strong>οὐ</strong></span> <span class='ocrx_word' id='word_1_629' title='bbox 1753 5106 1858 5173; x_wconf 77' lang='grc' dir='ltr'><strong>μὴν</strong></span> 
     </span>
    </p>
   </div>
   <div class='ocr_carea' id='block_1_85' title="bbox 282 5194 1851 5268">
    <p class='ocr_par' dir='ltr' id='par_1_85' title="bbox 282 5194 1851 5268">
     <span class='ocr_line' id='line_1_85' title="bbox 282 5194 1851 5268; baseline -0.003 -18"><span class='ocrx_word' id='word_1_630' title='bbox 282 5197 365 5250; x_wconf 80' lang='grc' dir='ltr'><strong>ἔτι</strong></span> <span class='ocrx_word' id='word_1_631' title='bbox 396 5198 487 5249; x_wconf 78' lang='grc' dir='ltr'><strong>καὶ</strong></span> <span class='ocrx_word' id='word_1_632' title='bbox 516 5196 837 5266; x_wconf 76' lang='grc' dir='ltr'><strong>ψυχοτόκος,</strong></span> <span class='ocrx_word' id='word_1_633' title='bbox 864 5197 1292 5268; x_wconf 84' lang='grc' dir='ltr'><strong>περισσοεπήσει</strong></span> <span class='ocrx_word' id='word_1_634' title='bbox 1318 5195 1457 5247; x_wconf 78' lang='grc' dir='ltr'><strong>λίαν.</strong></span> <span class='ocrx_word' id='word_1_635' title='bbox 1493 5194 1535 5245; x_wconf 87' lang='grc' dir='ltr'>Τ</span> <span class='ocrx_word' id='word_1_636' title='bbox 1542 5195 1695 5247; x_wconf 82' lang='grc' dir='ltr'><strong>ἐτοκε</strong></span> <span class='ocrx_word' id='word_1_637' title='bbox 1723 5196 1851 5264; x_wconf 85' lang='grc' dir='ltr'><strong>γὰρ,</strong></span> 
     </span>
    </p>
   </div>
   <div class='ocr_carea' id='block_1_86' title="bbox 279 5284 1855 5359">
    <p class='ocr_par' dir='ltr' id='par_1_86' title="bbox 279 5284 1855 5359">
     <span class='ocr_line' id='line_1_86' title="bbox 279 5284 1855 5359; baseline -0.001 -20"><span class='ocrx_word' id='word_1_638' title='bbox 279 5287 542 5359; x_wconf 79' lang='grc' dir='ltr'><strong>ὡςὲφην,</strong></span> <span class='ocrx_word' id='word_1_639' title='bbox 600 5287 1009 5357; x_wconf 75' lang='grc' dir='ltr'><strong>συντεθειμένον</strong></span> <span class='ocrx_word' id='word_1_640' title='bbox 1058 5286 1321 5356; x_wconf 80' lang='grc' dir='ltr'><strong>εὐτέχνως</strong></span> <span class='ocrx_word' id='word_1_641' title='bbox 1368 5284 1428 5348; x_wconf 83' lang='grc' dir='ltr'><strong>ἐξ</strong></span> <span class='ocrx_word' id='word_1_642' title='bbox 1480 5285 1749 5353; x_wconf 80' lang='grc' dir='ltr'><strong>ἀνομοίων</strong></span> <span class='ocrx_word' id='word_1_643' title='bbox 1796 5285 1855 5338; x_wconf 87' lang='grc' dir='ltr'><strong>τὸ</strong></span> 
     </span>
    </p>
   </div>
   <div class='ocr_carea' id='block_1_87' title="bbox 281 5373 1854 5446">
    <p class='ocr_par' dir='ltr' id='par_1_87' title="bbox 281 5373 1854 5446">
     <span class='ocr_line' id='line_1_87' title="bbox 281 5373 1854 5446; baseline -0.004 -15"><span class='ocrx_word' id='word_1_644' title='bbox 281 5379 445 5445; x_wconf 79' lang='grc' dir='ltr'><strong>ζῶον,</strong></span> <span class='ocrx_word' id='word_1_645' title='bbox 475 5380 539 5431; x_wconf 84' lang='grc' dir='ltr'><strong>ὲκ</strong></span> <span class='ocrx_word' id='word_1_646' title='bbox 585 5378 730 5430; x_wconf 85' lang='grc' dir='ltr'><strong>δυοῖν</strong></span> <span class='ocrx_word' id='word_1_647' title='bbox 762 5376 884 5444; x_wconf 81' lang='grc' dir='ltr'><strong>μὲν,</strong></span> <span class='ocrx_word' id='word_1_648' title='bbox 930 5375 1067 5446; x_wconf 81' lang='grc' dir='ltr'><strong>πλὴν</strong></span> <span class='ocrx_word' id='word_1_649' title='bbox 1119 5374 1405 5444; x_wconf 79' lang='grc' dir='ltr'><strong>ἄνθρωπον</strong></span> <span class='ocrx_word' id='word_1_650' title='bbox 1448 5373 1564 5436; x_wconf 70' lang='grc' dir='ltr'><strong>ἕνα,</strong></span> <span class='ocrx_word' id='word_1_651' title='bbox 1602 5373 1854 5442; x_wconf 81' lang='grc' dir='ltr'><strong>μένοντος</strong></span> 
     </span>
    </p>
   </div>
   <div class='ocr_carea' id='block_1_88' title="bbox 287 5464 1854 5542">
    <p class='ocr_par' dir='ltr' id='par_1_88' title="bbox 287 5464 1854 5542">
     <span class='ocr_line' id='line_1_88' title="bbox 287 5464 1854 5542; baseline -0.004 -17"><span class='ocrx_word' id='word_1_652' title='bbox 287 5472 390 5542; x_wconf 83' lang='grc' dir='ltr'><strong>μὲν</strong></span> <span class='ocrx_word' id='word_1_653' title='bbox 426 5470 690 5541; x_wconf 70' lang='grc' dir='ltr'><strong>ἑκατέρου</strong></span> <span class='ocrx_word' id='word_1_654' title='bbox 718 5468 864 5523; x_wconf 82' lang='grc' dir='ltr'><strong>τοῦθ’</strong></span> <span class='ocrx_word' id='word_1_655' title='bbox 892 5469 1029 5538; x_wconf 84' lang='grc' dir='ltr'><strong>ὅπερ</strong></span> <span class='ocrx_word' id='word_1_656' title='bbox 1067 5468 1203 5533; x_wconf 73' lang='grc' dir='ltr'><strong>ἐστὶ,</strong></span> <span class='ocrx_word' id='word_1_657' title='bbox 1250 5464 1771 5537; x_wconf 77' lang='grc' dir='ltr'><strong>συνδεδραμηκότων</strong></span> <span class='ocrx_word' id='word_1_658' title='bbox 1798 5466 1854 5519; x_wconf 78' lang='grc' dir='ltr'><strong>δὲ</strong></span> 
     </span>
    </p>
   </div>
   <div class='ocr_carea' id='block_1_89' title="bbox 366 5654 927 5720">
    <p class='ocr_par' dir='ltr' id='par_1_89' title="bbox 366 5654 927 5720">
     <span class='ocr_line' id='line_1_89' title="bbox 366 5654 927 5720; baseline -0.004 -9"><span class='ocrx_word' id='word_1_659' title='bbox 366 5656 383 5689; x_wconf 85' lang='grc'>¹</span> <span class='ocrx_word' id='word_1_660' title='bbox 412 5654 553 5711; x_wconf 85' lang='lat' dir='ltr'><strong>Psal.</strong></span> <span class='ocrx_word' id='word_1_661' title='bbox 590 5668 851 5720; x_wconf 78' lang='lat' dir='ltr'><strong>cxxxvtn,</strong></span> <span class='ocrx_word' id='word_1_662' title='bbox 875 5654 927 5709; x_wconf 82' lang='lat'><strong>5.</strong></span> 
     </span>
    </p>
   </div>
   <div class='ocr_carea' id='block_1_90' title="bbox 1955 3096 3531 3168">
    <p class='ocr_par' dir='ltr' id='par_1_90' title="bbox 1955 3096 3531 3168">
     <span class='ocr_line' id='line_1_90' title="bbox 1955 3096 3531 3168; baseline 0.001 -16"><span class='ocrx_word' id='word_1_663' title='bbox 1955 3112 2098 3152; x_wconf 89' lang='lat' dir='ltr'><strong>mam</strong></span> <span class='ocrx_word' id='word_1_664' title='bbox 2119 3096 2435 3151; x_wconf 85' lang='lat' dir='ltr'><strong>humanam.</strong></span> <span class='ocrx_word' id='word_1_665' title='bbox 2461 3098 2600 3153; x_wconf 86' lang='lat' dir='ltr'><strong>Deus</strong></span> <span class='ocrx_word' id='word_1_666' title='bbox 2620 3106 2795 3152; x_wconf 91' lang='lat' dir='ltr'><strong>autem</strong></span> <span class='ocrx_word' id='word_1_667' title='bbox 2825 3098 3041 3152; x_wconf 88' lang='lat' dir='ltr'><strong>animali</strong></span> <span class='ocrx_word' id='word_1_668' title='bbox 3065 3099 3311 3167; x_wconf 81' lang='lat' dir='ltr'><strong>Spiritum</strong></span> <span class='ocrx_word' id='word_1_669' title='bbox 3338 3099 3531 3168; x_wconf 88' lang='lat' dir='ltr'><strong>injicit.</strong></span> 
     </span>
    </p>
   </div>
   <div class='ocr_carea' id='block_1_91' title="bbox 1953 3186 3528 3259">
    <p class='ocr_par' dir='ltr' id='par_1_91' title="bbox 1953 3186 3528 3259">
     <span class='ocr_line' id='line_1_91' title="bbox 1953 3186 3528 3259; baseline 0 -18"><span class='ocrx_word' id='word_1_670' title='bbox 1953 3187 2336 3241; x_wconf 82' lang='lat' dir='ltr'><strong>Formatenim</strong></span> <span class='ocrx_word' id='word_1_671' title='bbox 2369 3186 2616 3256; x_wconf 81' lang='lat' dir='ltr'><strong>Spiritum</strong></span> <span class='ocrx_word' id='word_1_672' title='bbox 2650 3188 2885 3247; x_wconf 87' lang='lat' dir='ltr'><strong>hominis</strong></span> <span class='ocrx_word' id='word_1_673' title='bbox 2926 3188 2977 3241; x_wconf 92' lang='lat' dir='ltr'><strong>in</strong></span> <span class='ocrx_word' id='word_1_674' title='bbox 3001 3191 3138 3259; x_wconf 91' lang='lat' dir='ltr'><strong>ipso,</strong></span> <span class='ocrx_word' id='word_1_675' title='bbox 3167 3197 3224 3241; x_wconf 93' lang='lat' dir='ltr'><strong>ut</strong></span> <span class='ocrx_word' id='word_1_676' title='bbox 3278 3189 3355 3242; x_wconf 85' lang='lat' dir='ltr'><strong>ait</strong></span> <span class='ocrx_word' id='word_1_677' title='bbox 3402 3190 3528 3243; x_wconf 89' lang='lat' dir='ltr'><strong>Pro-</strong></span> 
     </span>
    </p>
   </div>
   <div class='ocr_carea' id='block_1_92' title="bbox 1952 3274 3527 3344">
    <p class='ocr_par' dir='ltr' id='par_1_92' title="bbox 1952 3274 3527 3344">
     <span class='ocr_line' id='line_1_92' title="bbox 1952 3274 3527 3344; baseline 0 -14"><span class='ocrx_word' id='word_1_678' title='bbox 1952 3276 2109 3344; x_wconf 83' lang='lat' dir='ltr'><strong>pheta</strong></span> <span class='ocrx_word' id='word_1_679' title='bbox 2143 3276 2181 3331; x_wconf 78' lang='lat'><strong>‘.</strong></span> <span class='ocrx_word' id='word_1_680' title='bbox 2211 3274 2330 3328; x_wconf 89' lang='lat' dir='ltr'><strong>Alia</strong></span> <span class='ocrx_word' id='word_1_681' title='bbox 2364 3283 2541 3328; x_wconf 90' lang='lat' dir='ltr'><strong>autem</strong></span> <span class='ocrx_word' id='word_1_682' title='bbox 2576 3284 2657 3330; x_wconf 88' lang='lat' dir='ltr'><strong>est</strong></span> <span class='ocrx_word' id='word_1_683' title='bbox 2698 3277 2899 3341; x_wconf 89' lang='lat' dir='ltr'><strong>carnis,</strong></span> <span class='ocrx_word' id='word_1_684' title='bbox 2929 3287 2980 3331; x_wconf 90' lang='lat' dir='ltr'><strong>et</strong></span> <span class='ocrx_word' id='word_1_685' title='bbox 3012 3278 3114 3330; x_wconf 88' lang='lat' dir='ltr'><strong>alia</strong></span> <span class='ocrx_word' id='word_1_686' title='bbox 3146 3280 3339 3329; x_wconf 67' lang='lat' dir='ltr'><strong>anima:</strong></span> <span class='ocrx_word' id='word_1_687' title='bbox 3370 3277 3527 3330; x_wconf 89' lang='lat' dir='ltr'><strong>ratio.</strong></span> 
     </span>
    </p>
   </div>
   <div class='ocr_carea' id='block_1_93' title="bbox 1952 3364 3529 3439">
    <p class='ocr_par' dir='ltr' id='par_1_93' title="bbox 1952 3364 3529 3439">
     <span class='ocr_line' id='line_1_93' title="bbox 1952 3364 3529 3439; baseline 0.001 -20"><span class='ocrx_word' id='word_1_688' title='bbox 1952 3364 2150 3421; x_wconf 81' lang='lat' dir='ltr'><strong>Verum</strong></span> <span class='ocrx_word' id='word_1_689' title='bbox 2181 3365 2429 3437; x_wconf 85' lang='lat' dir='ltr'><strong>quamvis</strong></span> <span class='ocrx_word' id='word_1_690' title='bbox 2463 3366 2631 3422; x_wconf 89' lang='lat' dir='ltr'><strong>solius</strong></span> <span class='ocrx_word' id='word_1_691' title='bbox 2660 3369 2858 3423; x_wconf 90' lang='lat' dir='ltr'><strong>terreni</strong></span> <span class='ocrx_word' id='word_1_692' title='bbox 2895 3370 3139 3439; x_wconf 88' lang='lat' dir='ltr'><strong>corporis</strong></span> <span class='ocrx_word' id='word_1_693' title='bbox 3166 3378 3366 3424; x_wconf 85' lang='lat' dir='ltr'><strong>matres</strong></span> <span class='ocrx_word' id='word_1_694' title='bbox 3394 3372 3529 3435; x_wconf 90' lang='lat' dir='ltr'><strong>sint,</strong></span> 
     </span>
    </p>
   </div>
   <div class='ocr_carea' id='block_1_94' title="bbox 1953 3457 3526 3530">
    <p class='ocr_par' dir='ltr' id='par_1_94' title="bbox 1953 3457 3526 3530">
     <span class='ocr_line' id='line_1_94' title="bbox 1953 3457 3526 3530; baseline 0 -18"><span class='ocrx_word' id='word_1_695' title='bbox 1953 3466 2134 3512; x_wconf 85' lang='lat' dir='ltr'><strong>tamen</strong></span> <span class='ocrx_word' id='word_1_696' title='bbox 2170 3469 2336 3511; x_wconf 91' lang='lat' dir='ltr'><strong>totum</strong></span> <span class='ocrx_word' id='word_1_697' title='bbox 2376 3457 2574 3511; x_wconf 85' lang='lat' dir='ltr'><strong>animal</strong></span> <span class='ocrx_word' id='word_1_698' title='bbox 2597 3472 2662 3511; x_wconf 83' lang='lat' dir='ltr'><strong>ex</strong></span> <span class='ocrx_word' id='word_1_699' title='bbox 2688 3461 2868 3514; x_wconf 84' lang='lat' dir='ltr'><strong>anima</strong></span> <span class='ocrx_word' id='word_1_700' title='bbox 2894 3469 2946 3513; x_wconf 91' lang='lat' dir='ltr'><strong>et</strong></span> <span class='ocrx_word' id='word_1_701' title='bbox 2978 3473 3206 3530; x_wconf 90' lang='lat' dir='ltr'><strong>corpore</strong></span> <span class='ocrx_word' id='word_1_702' title='bbox 3249 3469 3526 3521; x_wconf 69' lang='lat' dir='ltr'><strong>cciistans,</strong></span> 
     </span>
    </p>
   </div>
   <div class='ocr_carea' id='block_1_95' title="bbox 1953 3550 3531 3619">
    <p class='ocr_par' dir='ltr' id='par_1_95' title="bbox 1953 3550 3531 3619">
     <span class='ocr_line' id='line_1_95' title="bbox 1953 3550 3531 3619; baseline 0.001 -16"><span class='ocrx_word' id='word_1_703' title='bbox 1953 3565 2058 3603; x_wconf 90' lang='lat' dir='ltr'><strong>non</strong></span> <span class='ocrx_word' id='word_1_704' title='bbox 2093 3560 2269 3603; x_wconf 90' lang='lat' dir='ltr'><strong>autem</strong></span> <span class='ocrx_word' id='word_1_705' title='bbox 2302 3560 2507 3618; x_wconf 87' lang='lat' dir='ltr'><strong>partem</strong></span> <span class='ocrx_word' id='word_1_706' title='bbox 2535 3550 2787 3603; x_wconf 80' lang='lat' dir='ltr'><strong>dicumur</strong></span> <span class='ocrx_word' id='word_1_707' title='bbox 2828 3553 3119 3619; x_wconf 78' lang='lat' dir='ltr'><strong>peperisse.</strong></span> <span class='ocrx_word' id='word_1_708' title='bbox 3176 3553 3347 3606; x_wconf 82' lang='lat' dir='ltr'><strong>Nemo</strong></span> <span class='ocrx_word' id='word_1_709' title='bbox 3387 3556 3531 3605; x_wconf 83' lang='lat' dir='ltr'><strong>enim</strong></span> 
     </span>
    </p>
   </div>
   <div class='ocr_carea' id='block_1_96' title="bbox 1951 3637 3528 3715">
    <p class='ocr_par' dir='ltr' id='par_1_96' title="bbox 1951 3637 3528 3715">
     <span class='ocr_line' id='line_1_96' title="bbox 1951 3637 3528 3715; baseline 0.001 -24"><span class='ocrx_word' id='word_1_710' title='bbox 1951 3637 2368 3708; x_wconf 66' lang='lat' dir='ltr'><strong>exempligratia</strong></span> <span class='ocrx_word' id='word_1_711' title='bbox 2405 3637 2624 3702; x_wconf 80' lang='lat' dir='ltr'><strong>dixerit,</strong></span> <span class='ocrx_word' id='word_1_712' title='bbox 2653 3637 2925 3693; x_wconf 88' lang='lat' dir='ltr'><strong>Elisabeth</strong></span> <span class='ocrx_word' id='word_1_713' title='bbox 2948 3654 3188 3715; x_wconf 71' lang='lat' dir='ltr'><strong>carnem,</strong></span> <span class='ocrx_word' id='word_1_714' title='bbox 3219 3657 3323 3694; x_wconf 91' lang='lat' dir='ltr'><strong>non</strong></span> <span class='ocrx_word' id='word_1_715' title='bbox 3348 3651 3528 3693; x_wconf 88' lang='lat' dir='ltr'><strong>autem</strong></span> 
     </span>
    </p>
   </div>
   <div class='ocr_carea' id='block_1_97' title="bbox 1952 3726 3528 3798">
    <p class='ocr_par' dir='ltr' id='par_1_97' title="bbox 1952 3726 3528 3798">
     <span class='ocr_line' id='line_1_97' title="bbox 1952 3726 3528 3798; baseline 0.001 -17"><span class='ocrx_word' id='word_1_716' title='bbox 1952 3728 2187 3781; x_wconf 87' lang='lat' dir='ltr'><strong>animam</strong></span> <span class='ocrx_word' id='word_1_717' title='bbox 2218 3726 2509 3796; x_wconf 80' lang='lat' dir='ltr'><strong>peperisse,</strong></span> <span class='ocrx_word' id='word_1_718' title='bbox 2547 3729 2742 3797; x_wconf 89' lang='lat' dir='ltr'><strong>quippe</strong></span> <span class='ocrx_word' id='word_1_719' title='bbox 2775 3742 2891 3797; x_wconf 70' lang='lat' dir='ltr'><strong>quae</strong></span> <span class='ocrx_word' id='word_1_720' title='bbox 2911 3729 3203 3783; x_wconf 80' lang='lat' dir='ltr'><strong>animalunt</strong></span> <span class='ocrx_word' id='word_1_721' title='bbox 3237 3729 3528 3798; x_wconf 75' lang='lat' dir='ltr'><strong>Baptislam</strong></span> 
     </span>
    </p>
   </div>
   <div class='ocr_carea' id='block_1_98' title="bbox 1952 3818 3527 3892">
    <p class='ocr_par' dir='ltr' id='par_1_98' title="bbox 1952 3818 3527 3892">
     <span class='ocr_line' id='line_1_98' title="bbox 1952 3818 3527 3892; baseline 0.003 -22"><span class='ocrx_word' id='word_1_722' title='bbox 1952 3819 2180 3892; x_wconf 83' lang='lat' dir='ltr'><strong>peperit.</strong></span> <span class='ocrx_word' id='word_1_723' title='bbox 2210 3818 2338 3873; x_wconf 88' lang='lat' dir='ltr'><strong>Tale</strong></span> <span class='ocrx_word' id='word_1_724' title='bbox 2367 3820 2619 3889; x_wconf 86' lang='lat' dir='ltr'><strong>quiddam</strong></span> <span class='ocrx_word' id='word_1_725' title='bbox 2646 3834 2696 3874; x_wconf 88' lang='lat' dir='ltr'><strong>et</strong></span> <span class='ocrx_word' id='word_1_726' title='bbox 2724 3821 2776 3873; x_wconf 92' lang='lat' dir='ltr'><strong>iu</strong></span> <span class='ocrx_word' id='word_1_727' title='bbox 2809 3820 3173 3875; x_wconf 86' lang='lat' dir='ltr'><strong>Emmanuelis</strong></span> <span class='ocrx_word' id='word_1_728' title='bbox 3200 3833 3319 3875; x_wconf 90' lang='lat' dir='ltr'><strong>ortu</strong></span> <span class='ocrx_word' id='word_1_729' title='bbox 3351 3831 3527 3875; x_wconf 86' lang='lat' dir='ltr'><strong>actum</strong></span> 
     </span>
    </p>
   </div>
   <div class='ocr_carea' id='block_1_99' title="bbox 1951 3910 3531 3966">
    <p class='ocr_par' dir='ltr' id='par_1_99' title="bbox 1951 3910 3531 3966">
     <span class='ocr_line' id='line_1_99' title="bbox 1951 3910 3531 3966; baseline -0.001 0"><span class='ocrx_word' id='word_1_730' title='bbox 1951 3926 2068 3966; x_wconf 90' lang='lat' dir='ltr'><strong>esse</strong></span> <span class='ocrx_word' id='word_1_731' title='bbox 2100 3911 2351 3965; x_wconf 83' lang='lat' dir='ltr'><strong>dicimus.</strong></span> <span class='ocrx_word' id='word_1_732' title='bbox 2384 3910 2635 3965; x_wconf 84' lang='lat' dir='ltr'><strong>Genitum</strong></span> <span class='ocrx_word' id='word_1_733' title='bbox 2660 3912 2804 3963; x_wconf 92' lang='lat' dir='ltr'><strong>enim</strong></span> <span class='ocrx_word' id='word_1_734' title='bbox 2851 3921 2935 3964; x_wconf 90' lang='lat' dir='ltr'><strong>est</strong></span> <span class='ocrx_word' id='word_1_735' title='bbox 2990 3926 3052 3964; x_wconf 84' lang='lat' dir='ltr'><strong>ex</strong></span> <span class='ocrx_word' id='word_1_736' title='bbox 3110 3910 3204 3965; x_wconf 89' lang='lat' dir='ltr'><strong>Dei</strong></span> <span class='ocrx_word' id='word_1_737' title='bbox 3245 3922 3299 3965; x_wconf 91' lang='lat' dir='ltr'><strong>et</strong></span> <span class='ocrx_word' id='word_1_738' title='bbox 3353 3911 3531 3964; x_wconf 79' lang='lat' dir='ltr'><strong>Patris</strong></span> 
     </span>
    </p>
   </div>
   <div class='ocr_carea' id='block_1_100' title="bbox 1952 3999 3528 4070">
    <p class='ocr_par' dir='ltr' id='par_1_100' title="bbox 1952 3999 3528 4070">
     <span class='ocr_line' id='line_1_100' title="bbox 1952 3999 3528 4070; baseline -0.001 -13"><span class='ocrx_word' id='word_1_739' title='bbox 1952 4003 2212 4067; x_wconf 86' lang='lat' dir='ltr'><strong>essentia,</strong></span> <span class='ocrx_word' id='word_1_740' title='bbox 2249 4010 2308 4054; x_wconf 93' lang='lat' dir='ltr'><strong>ut</strong></span> <span class='ocrx_word' id='word_1_741' title='bbox 2339 4000 2593 4061; x_wconf 76' lang='lat' dir='ltr'><strong>diximus.</strong></span> <span class='ocrx_word' id='word_1_742' title='bbox 2650 4001 2985 4069; x_wconf 80' lang='lat' dir='ltr'><strong>unigenitum</strong></span> <span class='ocrx_word' id='word_1_743' title='bbox 3042 4001 3210 4070; x_wconf 82' lang='lat' dir='ltr'><strong>ipsius</strong></span> <span class='ocrx_word' id='word_1_744' title='bbox 3264 3999 3528 4056; x_wconf 86' lang='lat' dir='ltr'><strong>Verbum.</strong></span> 
     </span>
    </p>
   </div>
   <div class='ocr_carea' id='block_1_101' title="bbox 1954 4095 3527 4165">
    <p class='ocr_par' dir='ltr' id='par_1_101' title="bbox 1954 4095 3527 4165">
     <span class='ocr_line' id='line_1_101' title="bbox 1954 4095 3527 4165; baseline -0.002 -15"><span class='ocrx_word' id='word_1_745' title='bbox 1954 4095 2061 4150; x_wconf 87' lang='lat' dir='ltr'><strong>Sed</strong></span> <span class='ocrx_word' id='word_1_746' title='bbox 2110 4104 2458 4165; x_wconf 84' lang='lat' dir='ltr'><strong>posteaquam</strong></span> <span class='ocrx_word' id='word_1_747' title='bbox 2512 4109 2731 4150; x_wconf 88' lang='lat' dir='ltr'><strong>carnem</strong></span> <span class='ocrx_word' id='word_1_748' title='bbox 2793 4109 3099 4161; x_wconf 85' lang='lat' dir='ltr'><strong>assumens,</strong></span> <span class='ocrx_word' id='word_1_749' title='bbox 3154 4110 3381 4163; x_wconf 72' lang='lat' dir='ltr'><strong>eainque</strong></span> <span class='ocrx_word' id='word_1_750' title='bbox 3427 4096 3527 4148; x_wconf 86' lang='lat' dir='ltr'><strong>sibi</strong></span> 
     </span>
    </p>
   </div>
   <div class='ocr_carea' id='block_1_102' title="bbox 1954 4186 3527 4257">
    <p class='ocr_par' dir='ltr' id='par_1_102' title="bbox 1954 4186 3527 4257">
     <span class='ocr_line' id='line_1_102' title="bbox 1954 4186 3527 4257; baseline 0 -19"><span class='ocrx_word' id='word_1_751' title='bbox 1954 4186 2224 4257; x_wconf 85' lang='lat' dir='ltr'><strong>pmpriam</strong></span> <span class='ocrx_word' id='word_1_752' title='bbox 2260 4187 2486 4249; x_wconf 79' lang='lat' dir='ltr'><strong>faciens,</strong></span> <span class='ocrx_word' id='word_1_753' title='bbox 2512 4186 2839 4241; x_wconf 87' lang='lat' dir='ltr'><strong>declaratum</strong></span> <span class='ocrx_word' id='word_1_754' title='bbox 2873 4196 2955 4242; x_wconf 91' lang='lat' dir='ltr'><strong>est</strong></span> <span class='ocrx_word' id='word_1_755' title='bbox 2985 4186 3145 4240; x_wconf 85' lang='lat' dir='ltr'><strong>etiam</strong></span> <span class='ocrx_word' id='word_1_756' title='bbox 3200 4187 3367 4240; x_wconf 88' lang='lat' dir='ltr'><strong>Filius</strong></span> <span class='ocrx_word' id='word_1_757' title='bbox 3429 4187 3527 4239; x_wconf 87' lang='lat' dir='ltr'><strong>bo-</strong></span> 
     </span>
    </p>
   </div>
   <div class='ocr_carea' id='block_1_103' title="bbox 1956 4274 3525 4345">
    <p class='ocr_par' dir='ltr' id='par_1_103' title="bbox 1956 4274 3525 4345">
     <span class='ocr_line' id='line_1_103' title="bbox 1956 4274 3525 4345; baseline -0.004 -15"><span class='ocrx_word' id='word_1_758' title='bbox 1956 4278 2139 4342; x_wconf 88' lang='lat' dir='ltr'><strong>minis,</strong></span> <span class='ocrx_word' id='word_1_759' title='bbox 2172 4286 2226 4330; x_wconf 89' lang='lat' dir='ltr'><strong>et</strong></span> <span class='ocrx_word' id='word_1_760' title='bbox 2258 4274 2458 4330; x_wconf 82' lang='lat' dir='ltr'><strong>factum</strong></span> <span class='ocrx_word' id='word_1_761' title='bbox 2479 4286 2582 4340; x_wconf 87' lang='lat' dir='ltr'><strong>est,</strong></span> <span class='ocrx_word' id='word_1_762' title='bbox 2600 4277 2788 4345; x_wconf 84' lang='lat' dir='ltr'><strong>quales</strong></span> <span class='ocrx_word' id='word_1_763' title='bbox 2807 4291 2904 4330; x_wconf 91' lang='lat' dir='ltr'><strong>nos</strong></span> <span class='ocrx_word' id='word_1_764' title='bbox 2930 4291 3139 4338; x_wconf 88' lang='lat' dir='ltr'><strong>sumus,</strong></span> <span class='ocrx_word' id='word_1_765' title='bbox 3166 4291 3268 4328; x_wconf 86' lang='lat' dir='ltr'><strong>non</strong></span> <span class='ocrx_word' id='word_1_766' title='bbox 3291 4274 3525 4327; x_wconf 85' lang='lat' dir='ltr'><strong>alienum</strong></span> 
     </span>
    </p>
   </div>
   <div class='ocr_carea' id='block_1_104' title="bbox 1885 4363 3531 4434">
    <p class='ocr_par' dir='ltr' id='par_1_104' title="bbox 1885 4363 3531 4434">
     <span class='ocr_line' id='line_1_104' title="bbox 1885 4363 3531 4434; baseline -0.001 -15"><span class='ocrx_word' id='word_1_767' title='bbox 1885 4363 1930 4419; x_wconf 77' lang='grc' dir='ltr'><strong>Ι)</strong></span> <span class='ocrx_word' id='word_1_768' title='bbox 1958 4378 2060 4434; x_wconf 86' lang='lat' dir='ltr'><strong>est,</strong></span> <span class='ocrx_word' id='word_1_769' title='bbox 2093 4378 2151 4421; x_wconf 88' lang='lat' dir='ltr'><strong>ut</strong></span> <span class='ocrx_word' id='word_1_770' title='bbox 2177 4368 2435 4433; x_wconf 88' lang='lat' dir='ltr'><strong>arbitror,</strong></span> <span class='ocrx_word' id='word_1_771' title='bbox 2478 4367 2678 4431; x_wconf 88' lang='lat' dir='ltr'><strong>dicere,</strong></span> <span class='ocrx_word' id='word_1_772' title='bbox 2710 4367 2817 4421; x_wconf 90' lang='lat' dir='ltr'><strong>imo</strong></span> <span class='ocrx_word' id='word_1_773' title='bbox 2860 4383 2986 4422; x_wconf 89' lang='lat' dir='ltr'><strong>vero</strong></span> <span class='ocrx_word' id='word_1_774' title='bbox 3041 4366 3400 4421; x_wconf 86' lang='lat' dir='ltr'><strong>necessarium</strong></span> <span class='ocrx_word' id='word_1_775' title='bbox 3446 4376 3531 4418; x_wconf 90' lang='lat' dir='ltr'><strong>est</strong></span> 
     </span>
    </p>
   </div>
   <div class='ocr_carea' id='block_1_105' title="bbox 1952 4460 3530 4530">
    <p class='ocr_par' dir='ltr' id='par_1_105' title="bbox 1952 4460 3530 4530">
     <span class='ocr_line' id='line_1_105' title="bbox 1952 4460 3530 4530; baseline -0.007 -11"><span class='ocrx_word' id='word_1_776' title='bbox 1952 4462 2223 4527; x_wconf 74' lang='lat' dir='ltr'><strong>emititeri,</strong></span> <span class='ocrx_word' id='word_1_777' title='bbox 2267 4460 2442 4530; x_wconf 90' lang='lat' dir='ltr'><strong>ipsum</strong></span> <span class='ocrx_word' id='word_1_778' title='bbox 2486 4475 2579 4529; x_wconf 83' lang='lat' dir='ltr'><strong>per</strong></span> <span class='ocrx_word' id='word_1_779' title='bbox 2610 4460 2884 4514; x_wconf 89' lang='lat' dir='ltr'><strong>mulierem</strong></span> <span class='ocrx_word' id='word_1_780' title='bbox 2921 4460 3158 4530; x_wconf 82' lang='lat' dir='ltr'><strong>genitum</strong></span> <span class='ocrx_word' id='word_1_781' title='bbox 3196 4474 3316 4513; x_wconf 83' lang='lat' dir='ltr'><strong>esse</strong></span> <span class='ocrx_word' id='word_1_782' title='bbox 3337 4474 3530 4512; x_wconf 89' lang='lat' dir='ltr'><strong>secun-</strong></span> 
     </span>
    </p>
   </div>
   <div class='ocr_carea' id='block_1_106' title="bbox 1954 4549 3531 4616">
    <p class='ocr_par' dir='ltr' id='par_1_106' title="bbox 1954 4549 3531 4616">
     <span class='ocr_line' id='line_1_106' title="bbox 1954 4549 3531 4616; baseline -0.006 -10"><span class='ocrx_word' id='word_1_783' title='bbox 1954 4554 2079 4606; x_wconf 89' lang='lat' dir='ltr'><strong>dum</strong></span> <span class='ocrx_word' id='word_1_784' title='bbox 2138 4565 2377 4605; x_wconf 89' lang='lat' dir='ltr'><strong>carnem.</strong></span> <span class='ocrx_word' id='word_1_785' title='bbox 2442 4549 2905 4616; x_wconf 88' lang='lat' dir='ltr'><strong>Quemadmodum</strong></span> <span class='ocrx_word' id='word_1_786' title='bbox 2954 4560 3006 4603; x_wconf 92' lang='lat' dir='ltr'><strong>et</strong></span> <span class='ocrx_word' id='word_1_787' title='bbox 3059 4550 3237 4602; x_wconf 86' lang='lat' dir='ltr'><strong>anima</strong></span> <span class='ocrx_word' id='word_1_788' title='bbox 3298 4549 3531 4601; x_wconf 83' lang='lat' dir='ltr'><strong>hominis</strong></span> 
     </span>
    </p>
   </div>
   <div class='ocr_carea' id='block_1_107' title="bbox 1953 4640 3530 4711">
    <p class='ocr_par' dir='ltr' id='par_1_107' title="bbox 1953 4640 3530 4711">
     <span class='ocr_line' id='line_1_107' title="bbox 1953 4640 3530 4711; baseline -0.005 -14"><span class='ocrx_word' id='word_1_789' title='bbox 1953 4646 2206 4697; x_wconf 87' lang='lat' dir='ltr'><strong>nimirum</strong></span> <span class='ocrx_word' id='word_1_790' title='bbox 2234 4642 2393 4695; x_wconf 91' lang='lat' dir='ltr'><strong>simul</strong></span> <span class='ocrx_word' id='word_1_791' title='bbox 2429 4658 2549 4695; x_wconf 89' lang='lat' dir='ltr'><strong>cum</strong></span> <span class='ocrx_word' id='word_1_792' title='bbox 2609 4643 2826 4711; x_wconf 89' lang='lat' dir='ltr'><strong>proprio</strong></span> <span class='ocrx_word' id='word_1_793' title='bbox 2883 4655 3110 4711; x_wconf 89' lang='lat' dir='ltr'><strong>corpore</strong></span> <span class='ocrx_word' id='word_1_794' title='bbox 3166 4640 3426 4699; x_wconf 84' lang='lat' dir='ltr'><strong>nascitur,</strong></span> <span class='ocrx_word' id='word_1_795' title='bbox 3475 4649 3530 4689; x_wconf 82' lang='lat' dir='ltr'><strong>et</strong></span> 
     </span>
    </p>
   </div>
   <div class='ocr_carea' id='block_1_108' title="bbox 1956 4730 3528 4804">
    <p class='ocr_par' dir='ltr' id='par_1_108' title="bbox 1956 4730 3528 4804">
     <span class='ocr_line' id='line_1_108' title="bbox 1956 4730 3528 4804; baseline -0.006 -13"><span class='ocrx_word' id='word_1_796' title='bbox 1956 4753 2120 4791; x_wconf 85' lang='lat' dir='ltr'><strong>unum</strong></span> <span class='ocrx_word' id='word_1_797' title='bbox 2154 4752 2276 4789; x_wconf 91' lang='lat' dir='ltr'><strong>cum</strong></span> <span class='ocrx_word' id='word_1_798' title='bbox 2313 4736 2430 4804; x_wconf 87' lang='lat' dir='ltr'><strong>ipso</strong></span> <span class='ocrx_word' id='word_1_799' title='bbox 2459 4744 2732 4800; x_wconf 88' lang='lat' dir='ltr'><strong>censetur,</strong></span> <span class='ocrx_word' id='word_1_800' title='bbox 2769 4734 3015 4804; x_wconf 82' lang='lat' dir='ltr'><strong>quamvis</strong></span> <span class='ocrx_word' id='word_1_801' title='bbox 3068 4744 3258 4786; x_wconf 84' lang='lat' dir='ltr'><strong>natura</strong></span> <span class='ocrx_word' id='word_1_802' title='bbox 3314 4730 3528 4783; x_wconf 76' lang='lat' dir='ltr'><strong>diversa</strong></span> 
     </span>
    </p>
   </div>
   <div class='ocr_carea' id='block_1_109' title="bbox 1956 4820 3528 4894">
    <p class='ocr_par' dir='ltr' id='par_1_109' title="bbox 1956 4820 3528 4894">
     <span class='ocr_line' id='line_1_109' title="bbox 1956 4820 3528 4894; baseline -0.005 -13"><span class='ocrx_word' id='word_1_803' title='bbox 1956 4837 2347 4894; x_wconf 73' lang='lat' dir='ltr'><strong>cognoscatur,</strong></span> <span class='ocrx_word' id='word_1_804' title='bbox 2383 4838 2434 4881; x_wconf 90' lang='lat' dir='ltr'><strong>et</strong></span> <span class='ocrx_word' id='word_1_805' title='bbox 2460 4827 2529 4880; x_wconf 92' lang='lat' dir='ltr'><strong>sit</strong></span> <span class='ocrx_word' id='word_1_806' title='bbox 2559 4828 2766 4880; x_wconf 86' lang='lat' dir='ltr'><strong>ratione</strong></span> <span class='ocrx_word' id='word_1_807' title='bbox 2826 4827 3057 4894; x_wconf 86' lang='lat' dir='ltr'><strong>propria.</strong></span> <span class='ocrx_word' id='word_1_808' title='bbox 3107 4824 3261 4889; x_wconf 86' lang='lat' dir='ltr'><strong>Quod</strong></span> <span class='ocrx_word' id='word_1_809' title='bbox 3316 4823 3359 4875; x_wconf 89' lang='lat' dir='ltr'><strong>si</strong></span> <span class='ocrx_word' id='word_1_810' title='bbox 3405 4820 3528 4888; x_wconf 85' lang='lat' dir='ltr'><strong>quis</strong></span> 
     </span>
    </p>
   </div>
   <div class='ocr_carea' id='block_1_110' title="bbox 1956 4911 3526 4987">
    <p class='ocr_par' dir='ltr' id='par_1_110' title="bbox 1956 4911 3526 4987">
     <span class='ocr_line' id='line_1_110' title="bbox 1956 4911 3526 4987; baseline -0.005 -15"><span class='ocrx_word' id='word_1_811' title='bbox 1956 4928 2180 4972; x_wconf 76' lang='lat' dir='ltr'><strong>matrem</strong></span> <span class='ocrx_word' id='word_1_812' title='bbox 2214 4918 2462 4987; x_wconf 85' lang='lat' dir='ltr'><strong>alicujus,</strong></span> <span class='ocrx_word' id='word_1_813' title='bbox 2492 4933 2709 4971; x_wconf 83' lang='lat' dir='ltr'><strong>carnem</strong></span> <span class='ocrx_word' id='word_1_814' title='bbox 2753 4917 2941 4986; x_wconf 82' lang='lat' dir='ltr'><strong>ipsius,</strong></span> <span class='ocrx_word' id='word_1_815' title='bbox 3012 4930 3119 4968; x_wconf 92' lang='lat' dir='ltr'><strong>non</strong></span> <span class='ocrx_word' id='word_1_816' title='bbox 3162 4925 3341 4967; x_wconf 89' lang='lat' dir='ltr'><strong>autem</strong></span> <span class='ocrx_word' id='word_1_817' title='bbox 3406 4911 3526 4965; x_wconf 88' lang='lat' dir='ltr'><strong>ani-</strong></span> 
     </span>
    </p>
   </div>
   <div class='ocr_carea' id='block_1_111' title="bbox 1959 5006 3528 5079">
    <p class='ocr_par' dir='ltr' id='par_1_111' title="bbox 1959 5006 3528 5079">
     <span class='ocr_line' id='line_1_111' title="bbox 1959 5006 3528 5079; baseline -0.005 -16"><span class='ocrx_word' id='word_1_818' title='bbox 1959 5026 2101 5063; x_wconf 86' lang='lat' dir='ltr'><strong>mam</strong></span> <span class='ocrx_word' id='word_1_819' title='bbox 2129 5012 2402 5079; x_wconf 86' lang='lat' dir='ltr'><strong>peperisse</strong></span> <span class='ocrx_word' id='word_1_820' title='bbox 2428 5010 2643 5073; x_wconf 84' lang='lat' dir='ltr'><strong>dixerit,</strong></span> <span class='ocrx_word' id='word_1_821' title='bbox 2700 5010 2910 5077; x_wconf 84' lang='lat' dir='ltr'><strong>ineptus</strong></span> <span class='ocrx_word' id='word_1_822' title='bbox 2951 5019 3209 5075; x_wconf 85' lang='lat' dir='ltr'><strong>_.&#39;ctvanus</strong></span> <span class='ocrx_word' id='word_1_823' title='bbox 3252 5006 3528 5059; x_wconf 84' lang='lat' dir='ltr'><strong>existima-</strong></span> 
     </span>
    </p>
   </div>
   <div class='ocr_carea' id='block_1_112' title="bbox 1958 5098 3526 5170">
    <p class='ocr_par' dir='ltr' id='par_1_112' title="bbox 1958 5098 3526 5170">
     <span class='ocr_line' id='line_1_112' title="bbox 1958 5098 3526 5170; baseline -0.003 -14"><span class='ocrx_word' id='word_1_824' title='bbox 1958 5104 2122 5158; x_wconf 86' lang='lat' dir='ltr'><strong>bitur.</strong></span> <span class='ocrx_word' id='word_1_825' title='bbox 2187 5101 2591 5168; x_wconf 85' lang='lat' dir='ltr'><strong>Peperitenim,</strong></span> <span class='ocrx_word' id='word_1_826' title='bbox 2659 5101 2872 5165; x_wconf 77' lang='lat' dir='ltr'><strong>uttlixi,</strong></span> <span class='ocrx_word' id='word_1_827' title='bbox 2941 5100 3298 5170; x_wconf 85' lang='lat' dir='ltr'><strong>compositum</strong></span> <span class='ocrx_word' id='word_1_828' title='bbox 3370 5098 3526 5165; x_wconf 84' lang='lat' dir='ltr'><strong>plane</strong></span> 
     </span>
    </p>
   </div>
   <div class='ocr_carea' id='block_1_113' title="bbox 1957 5189 3522 5255">
    <p class='ocr_par' dir='ltr' id='par_1_113' title="bbox 1957 5189 3522 5255">
     <span class='ocr_line' id='line_1_113' title="bbox 1957 5189 3522 5255; baseline -0.005 -6"><span class='ocrx_word' id='word_1_829' title='bbox 1957 5209 2022 5249; x_wconf 86' lang='lat' dir='ltr'><strong>ex</strong></span> <span class='ocrx_word' id='word_1_830' title='bbox 2072 5193 2426 5248; x_wconf 83' lang='lat' dir='ltr'><strong>dissimilibus</strong></span> <span class='ocrx_word' id='word_1_831' title='bbox 2471 5192 2689 5255; x_wconf 77' lang='lat' dir='ltr'><strong>animal,</strong></span> <span class='ocrx_word' id='word_1_832' title='bbox 2753 5208 2816 5246; x_wconf 78' lang='lat' dir='ltr'><strong>ex</strong></span> <span class='ocrx_word' id='word_1_833' title='bbox 2844 5192 3053 5246; x_wconf 88' lang='lat' dir='ltr'><strong>duobus</strong></span> <span class='ocrx_word' id='word_1_834' title='bbox 3142 5191 3393 5243; x_wconf 89' lang='lat' dir='ltr'><strong>nimirum</strong></span> <span class='ocrx_word' id='word_1_835' title='bbox 3472 5189 3522 5241; x_wconf 90' lang='lat' dir='ltr'><strong>in</strong></span> 
     </span>
    </p>
   </div>
   <div class='ocr_carea' id='block_1_114' title="bbox 1956 5279 3522 5359">
    <p class='ocr_par' dir='ltr' id='par_1_114' title="bbox 1956 5279 3522 5359">
     <span class='ocr_line' id='line_1_114' title="bbox 1956 5279 3522 5359; baseline -0.004 -21"><span class='ocrx_word' id='word_1_836' title='bbox 1956 5300 2121 5338; x_wconf 87' lang='lat' dir='ltr'><strong>unum</strong></span> <span class='ocrx_word' id='word_1_837' title='bbox 2196 5283 2507 5359; x_wconf 79' lang='lat' dir='ltr'><strong>hominem,</strong></span> <span class='ocrx_word' id='word_1_838' title='bbox 2596 5299 2715 5339; x_wconf 89' lang='lat' dir='ltr'><strong>cum</strong></span> <span class='ocrx_word' id='word_1_839' title='bbox 2799 5298 3087 5351; x_wconf 84' lang='lat' dir='ltr'><strong>utrumque</strong></span> <span class='ocrx_word' id='word_1_840' title='bbox 3172 5288 3387 5334; x_wconf 85' lang='lat' dir='ltr'><strong>maneat</strong></span> <span class='ocrx_word' id='word_1_841' title='bbox 3471 5279 3522 5332; x_wconf 88' lang='lat' dir='ltr'><strong>id</strong></span> 
     </span>
    </p>
   </div>
   <div class='ocr_carea' id='block_1_115' title="bbox 1954 5369 3523 5442">
    <p class='ocr_par' dir='ltr' id='par_1_115' title="bbox 1954 5369 3523 5442">
     <span class='ocr_line' id='line_1_115' title="bbox 1954 5369 3523 5442; baseline -0.001 -17"><span class='ocrx_word' id='word_1_842' title='bbox 1954 5374 2093 5442; x_wconf 89' lang='lat' dir='ltr'><strong>quod</strong></span> <span class='ocrx_word' id='word_1_843' title='bbox 2146 5380 2251 5439; x_wconf 87' lang='lat' dir='ltr'><strong>est,</strong></span> <span class='ocrx_word' id='word_1_844' title='bbox 2284 5382 2607 5428; x_wconf 82' lang='lat' dir='ltr'><strong>concurrant</strong></span> <span class='ocrx_word' id='word_1_845' title='bbox 2673 5383 2853 5426; x_wconf 84' lang='lat' dir='ltr'><strong>tamen</strong></span> <span class='ocrx_word' id='word_1_846' title='bbox 2911 5372 3064 5441; x_wconf 87' lang='lat' dir='ltr'><strong>quasi</strong></span> <span class='ocrx_word' id='word_1_847' title='bbox 3124 5370 3176 5423; x_wconf 91' lang='lat' dir='ltr'><strong>in</strong></span> <span class='ocrx_word' id='word_1_848' title='bbox 3266 5369 3523 5423; x_wconf 85' lang='lat' dir='ltr'><strong>unitatem</strong></span> 
     </span>
    </p>
   </div>
   <div class='ocr_carea' id='block_1_116' title="bbox 1952 5462 3525 5534">
    <p class='ocr_par' dir='ltr' id='par_1_116' title="bbox 1952 5462 3525 5534">
     <span class='ocr_line' id='line_1_116' title="bbox 1952 5462 3525 5534; baseline -0.003 -15"><span class='ocrx_word' id='word_1_849' title='bbox 1952 5463 2274 5530; x_wconf 84' lang='lat' dir='ltr'><strong>naturalem,</strong></span> <span class='ocrx_word' id='word_1_850' title='bbox 2361 5472 2522 5534; x_wconf 83' lang='lat' dir='ltr'><strong>atque</strong></span> <span class='ocrx_word' id='word_1_851' title='bbox 2575 5466 2715 5520; x_wconf 86' lang='lat' dir='ltr'><strong>inter</strong></span> <span class='ocrx_word' id='word_1_852' title='bbox 2790 5478 2850 5519; x_wconf 86' lang='lat' dir='ltr'><strong>se</strong></span> <span class='ocrx_word' id='word_1_853' title='bbox 2925 5462 3332 5524; x_wconf 75' lang='lat' dir='ltr'><strong>commisceam,</strong></span> <span class='ocrx_word' id='word_1_854' title='bbox 3386 5462 3525 5530; x_wconf 86' lang='lat' dir='ltr'><strong>quod</strong></span> 
     </span>
    </p>
   </div>
  </div>
