4042 6208
508 305 640 369 1007

1732 305 2109 367 EU'l‘llYMll
2151 306 2515 369 ZIGABENI

3617 303 3757 367 1008

503 475 670 530 porco
705 458 885 521 modo,
910 472 1016 526 qua
1060 455 1271 515 scilicet
1295 451 1509 506 ratione
1538 452 1708 503 homo
1740 451 1918 502 factus
1951 456 2034 501 est
2061 467 2072 502 :

2194 452 2458 521 rswqﬂeiq
2498 450 2554 503 δὲ
2598 450 2952 520 σωματικῶς,
3000 449 3139 504 καθὸ
3185 450 3411 519 γέγονεν
3444 451 3760 522 ἄνθρωπος,

505 552 577 605 ita
632 550 914 608 nimirum.
966 555 1025 600 ut
1084 560 1192 599 non
1234 544 1289 597 in
1349 543 1570 597 homine
1628 539 1784 610 prius
1833 540 2078 603 condito,

506 654 765 711 tauquam
803 642 855 694 in
892 638 1154 708 propheta
1201 635 1556 698 habitaverit,
1584 648 1775 689 verum
1803 632 1920 701 ipse
1946 634 2079 686 sub-

505 733 839 787 stantialiter
890 747 951 785 ac
1006 745 1131 783 vere
1180 728 1358 783 factus
1402 728 1476 783 sit
1511 727 1715 788 homo;
1752 726 1854 778 hoc
1883 733 1989 787 est,
2027 724 2078 775 in

505 841 605 880 sua
660 823 939 895 hypostasi
991 836 1216 875 carnem
1273 821 1457 874 anima
1497 818 1756 874 rationali
1789 826 1843 872 et
1874 814 2081 870 intelli-

506 924 663 985 gente
721 918 1017 969 animatam
1067 913 1322 968 substare
1381 911 1592 974 fecerit,
1634 912 1877 979 seipsum
1932 906 2082 961 illius

508 1008 758 1075 praebens
794 1006 1155 1075 hypnstasim.
1218 1002 1367 1057 llanc
1422 1002 1568 1057 enim
1624 1000 2081 1071 signiﬁcationem

507 1096 667 1149 habet
716 1096 873 1155 illud,
919 1095 1123 1163 factum
1189 1110 1253 1148 ex
1322 1093 1559 1147 muliere.
1618 1092 1751 1146 Nam
1802 1106 1912 1161 quo
1970 1098 2084 1146 tan-

504 1189 625 1242 dem
684 1196 841 1256 pacto
896 1188 1187 1255 ipsummet
1248 1185 1345 1240 Dei
1405 1183 1644 1238 Verbum
1688 1184 1793 1240 sub
1833 1183 1951 1253 lege
2002 1181 2081 1235 ta-

506 1287 654 1334 ctum
692 1288 867 1339 esset,
899 1277 1007 1331 nisi
1053 1276 1215 1330 homo
1248 1276 1491 1345 ejusdem
1525 1290 1589 1330 ac
1616 1291 1717 1331 nos
1752 1274 2083 1330 substantia

507 1370 850 1425 exstitisset?

584 1458 675 1512 Dei
710 1458 991 1512 Genitricis
1033 1475 1239 1519 nomen,
1277 1468 1445 1511 totum
1483 1458 1790 1528 mysterium
1822 1457 2082 1511 declarat.

506 1582 576 1594 —-
607 1551 799 1605 Merito
848 1551 1017 1620 igitur
1041 1560 1097 1604 et
1133 1566 1260 1605 vere
1298 1558 1549 1605 sanctam
1596 1550 1823 1604 Mariam
1888 1546 2081 1617 Deipa-

508 1658 626 1696 ram
687 1641 1050 1710 appellamus.
1111 1639 1223 1694 lloc
1254 1641 1402 1695 enim
1454 1655 1651 1694 nomen
1692 1648 1869 1694 totum
1902 1639 2087 1692 incar—

512 1732 752 1787 nationis
798 1732 1122 1801 mysterium
1176 1730 1400 1784 astruit.
1446 1730 1607 1795 Nam,
1659 1729 1705 1784 si
1767 1728 1863 1783 Dei
1910 1730 2087 1782 Mater

2171 544 2233 597 οὑ
2270 540 2771 612 προδιαπλασθέντι
2802 540 3075 613 ἀνθρώπῳ
3103 544 3414 612 ἐνοικήσας,
3439 543 3517 606 ὡς
3542 544 3601 595 ἐν
3624 561 3767 613 προσ

2174 633 2344 704 φήτῃ,
2386 631 2504 683 ἀλλ’
2539 630 2701 693 αὐτὸς
2748 629 3023 693 οῦσιωδῶς
3070 632 3163 683 καὶ
3197 630 3417 701 ἀληθῶς
3464 632 3767 700 γενόμενος

2174 724 2481 794 ἄνθρωπος,
2537 724 2656 789 ἦτοι
2690 722 2748 775 ὲν
2793 725 2859 793 τῇ
2920 722 3215 777 ὑποστάσει
3262 721 3430 776 αὑτοῦ
3474 722 3771 792 ὲψυχωμὲ-

2175 829 2271 880 νην
2304 824 2329 853 ι
2368 814 2545 883 σάρκα
2578 814 2724 884 ψυχῇ
2764 814 2958 885 λογικῇ
2997 832 3057 866 τε
3088 813 3183 867 καὶ
3220 814 3385 883 νοερᾷ
3415 814 3765 883 ὑποστήσας,

2176 902 2272 955 καὶ
2309 904 2471 967 αὐτὸς
2498 904 2744 972 γεγονὼς
2789 905 2927 975 αὐτῇ
2968 904 3289 967 ὑπόστασις.
3324 902 3495 957 Τοῦτο
3519 906 3630 973 γὰρ
3663 921 3771 973 ση-

2180 995 2359 1065 μαίνει
2388 994 2469 1058 τὸ,
2510 995 2841 1065 γενόμενον
2891 996 2961 1049 ἐκ
3012 995 3301 1065 γυναικός
3325 1011 3339 1026 ·
3395 994 3509 1057 πῶς
3534 994 3660 1064 »γὰρ
3696 995 3773 1047 ἂν

2176 1087 2338 1149 αὐτὸς
2364 1089 2392 1140 ό
2432 1086 2525 1139 τοῦ
2555 1087 2691 1140 Θεοῦ
2720 1088 2892 1154 Λόγος
2947 1088 3054 1141 ὑπὸ
3106 1088 3271 1156 νόμον
3300 1089 3549 1157 γέγονεν,
3592 1090 3642 1141 εί
3686 1090 3767 1159 μὴ

2175 1174 2462 1248 ἄνθρωπος
2502 1178 2637 1247 ἡμῖν
2658 1178 2948 1247 όμοούσιος
2973 1178 3218 1248 γέγονεν.

2250 1452 2413 1506 Ὅθεν
2450 1450 2680 1511 δικαίως
2722 1448 2816 1502 καὶ
2848 1449 3066 1519 ἀληθῶς
3089 1449 3353 1503 Θεοτόκον
3389 1450 3489 1521 τὴν
3598 1428 3803 1518 ἁγίανἴ

2180 1542 2398 1614 Μαρίαν
2442 1540 2822 1611 ὀνομάζομενο
2860 1540 3019 1593 τοῦτο
3048 1542 3158 1609 γὰρ
3188 1541 3249 1595 τὸ
3288 1541 3462 1611 ὄνομα
3497 1541 3649 1595 ἅπαν
3708 1524 3805 1595 τὸ1

2182 1635 2483 1704 μυστήριον
2517 1633 2619 1703 τῆς
2651 1633 2973 1703 οἰκονομίας
3001 1634 3307 1703 συνίστησι.
3340 1633 3405 1687 Ei
3438 1634 3547 1704 γὰρ
3576 1622 3805 1687 θεοῖ-ὀρ⁴

2179 1741 2273 1788 κος
2301 1726 2334 1795 ή
2359 1724 2692 1793 γεννήσασα,
2746 1723 2967 1786 πάντως
2998 1724 3132 1786 Θεὸς
3155 1726 3183 1777 0
3242 1723 3301 1788 ἐξ
3348 1724 3521 1791 αὐτῆς
3563 1740 3779 1796 γεννη-

508 1833 595 1881 est
631 1838 753 1893 quae
798 1822 1010 1893 genuit,
1072 1820 1320 1891 profecto
1380 1820 1523 1875 Deus
1575 1829 1659 1875 est
1706 1819 1799 1890 qui
1856 1834 1922 1875 ex
1972 1820 2087 1889 ipsa

2194 1814 2312 1875 ἱεὶς,
2350 1812 2567 1876 πάντως
2596 1812 2653 1864 δὲ
2690 1814 2783 1865 καὶ
2818 1812 3127 1883 ἄνθρωπος.
3159 1811 3283 1875 Πῶς
3323 1812 3433 1883 γὰρ
3467 1813 3534 1865 ἂν
3564 1814 3627 1865 ὲκ
3668 1831 3780 1880 γυ-

511 1916 731 1986 genitus
761 1922 846 1970 est
880 1934 892 1967 :
945 1911 1196 1981 profecto
1233 1912 1402 1966 etiam
1456 1911 1638 1963 homo.
1672 1908 1808 1963 Nam
1851 1910 1944 1978 qui
1974 1910 2089 1964 ﬁeri

511 2007 802 2077 potuisset,
855 2014 917 2058 ut
949 2003 1113 2064 Deus,
1142 2002 1235 2072 qui
1291 2008 1416 2055 ante
1461 2000 1661 2055 smcula
1689 2000 1963 2060 exstabat,
2023 2014 2087 2052 ex

511 2098 746 2152 muliere
788 2103 1131 2153 nasceretur,
1188 2093 1291 2147 nisi
1327 2092 1492 2145 homo
1548 2091 1729 2145 factus
1767 2090 1956 2146 esset?
1988 2090 2089 2156 Qui

512 2190 658 2243 enim
710 2186 855 2241 [ilius
883 2194 966 2240 est
1006 2184 1271 2249 hominis,
1308 2184 1471 2237 homo
1519 2184 1682 2238 etiam
1734 2182 1852 2251 ipse
1898 2182 1971 2235 sit
1998 2195 2092 2235 ne-

513 2294 732 2335 cessum
769 2285 873 2332 est.
919 2274 1073 2341 Quod
1125 2275 1171 2329 si
1214 2274 1304 2329 ille
1338 2273 1454 2343 ipse
1483 2273 1576 2343 qui
1613 2288 1678 2328 ex
1732 2271 1963 2326 muliere
1998 2286 2093 2324 na-

514 2383 605 2426 tus
637 2377 742 2434 est,
784 2368 927 2423 Deus
954 2375 1059 2429 est,
1108 2381 1253 2421 unus
1293 2365 1484 2435 procul
1539 2364 1709 2420 dubio
1755 2374 1920 2435 atque
1950 2362 2090 2417 idem

516 2472 619 2524 est,
656 2463 746 2533 qui
780 2476 846 2514 ex
893 2459 1004 2512 Deo
1051 2457 1215 2513 Patre
1264 2459 1487 2527 genitus
1525 2466 1630 2522 cst,
1668 2456 1813 2526 quod
1851 2454 1916 2510 ad
1957 2455 2094 2509 divi-

523 2568 647 2606 nam
692 2561 745 2604 et
788 2549 934 2604 initii
989 2556 1270 2617 expertem
1319 2546 1683 2602 substantiam
1713 2547 1932 2608 attinet,
1967 2545 2090 2613 qui-

516 2654 623 2705 que
669 2639 927 2692 extremis
983 2638 1323 2707 temporibus
1370 2652 1432 2690 ea
1465 2636 1777 2691 substantia
1834 2648 1955 2703 quae
1987 2633 2087 2687 ini-

517 2729 651 2779 tium
684 2728 900 2787 habuit.
950 2725 1294 2796 temporique
1354 2726 1606 2794 subjecta
1664 2733 1771 2786 est,
1825 2722 1929 2776 hoc
1982 2733 2087 2786 est,

2180 1903 2368 1966 ναικὸς
2418 1902 2708 1973 γεννηθείη
2759 1902 2921 1965 Θεὸς,
2981 1903 3009 1955 0
3063 1902 3169 1971 πρὸ
3201 1900 3414 1955 αίώνων
3473 1901 3612 1971 ἔχων
3662 1906 3778 1976 τὴν

2182 1994 2437 2065 ὓπαρξιν,
2473 1994 2522 2046 εἰ
2555 1994 2629 2066 μὴ
2663 1992 2951 2064 ἄνθρωπος
2981 1994 3244 2062 γέγονεν;
3284 1993 3341 2046 '0
3374 1993 3483 2065 γὰρ
3515 1992 3641 2056 Υἱὸς
3670 1996 3778 2045 ἀν·-

2181 2084 2425 2157 θρὼπου,
2452 2085 2740 2155 ἄνθρωπος
2764 2084 3030 2155 δηλονότι.
3060 2084 3122 2137 Ei
3154 2083 3211 2139 δὲ
3240 2084 3401 2148 αὐτὸς
3422 2087 3451 2137 0
3476 2083 3778 2155 γεννηθεὶς

2181 2178 2249 2229 ἐκ
2268 2176 2531 2245 γυναικὸς
2561 2177 2695 2238 Θεός
2725 2179 2896 2240 ἐστιν,
2929 2169 3012 2239 εἷς
3032 2177 3146 2228 ἐστι
3186 2175 3431 2247 δηλονότι
3456 2178 3485 2229 0
3517 2178 3581 2229 ὲκ
3621 2174 3778 2228 Θεοῦ

2183 2268 2397 2339 Πατρὸς
2421 2269 2703 2338 γεννηθεὶς
2749 2270 2892 2322 κατὰ
2922 2268 3021 2338 τὴν
3051 2268 3203 2321 Θείαν
3246 2269 3343 2321 καὶ
3388 2269 3626 2338 ἄναρχον
3672 2268 3780 2320 οὐο

2185 2358 2328 2424 σίαν,
2351 2360 2444 2411 καὶ
2478 2359 2562 2411 ἐπ’
2596 2360 2844 2428 ἐσχάτων
2868 2359 2980 2412 τῶν
3005 2360 3214 2430 χρόνων
3251 2360 3316 2412 ὲκ
3346 2359 3445 2428 τῆς
3480 2359 3781 2430 Παρθένου

2183 2449 2393 2519 τεχθεὶς
2427 2448 2568 2502 κατὰ
2591 2448 2691 2520 τὴν
2723 2450 3010 2520 ὴργμένην
3040 2451 3135 2504 καὶ
3178 2450 3284 2504 ὑπὸ
3313 2449 3506 2521 χρόνον
3542 2450 3783 2510 οὐσίαν,

2181 2538 2301 2609 ἦτοι
2324 2538 2424 2608 τὴν
2449 2538 2820 2609 ἀνθρωπίνην.
2854 2538 3026 2592 Τοῦτο
3050 2540 3108 2592 δὲ
3139 2538 3269 2609 μίαν
3301 2536 3628 2599 ὑπόστασιν,
3672 2539 3789 2590 καὶ

2191 2631 2286 2684 δύο
2315 2632 2529 2699 φύσεις,
2568 2631 2662 2684 καὶ
2687 2630 2780 2682 δύο
2814 2630 3099 2698 γεννήσεις
3133 2630 3386 2698 σημαίνει
3420 2627 3516 2681 τοῦ
3554 2630 3789 2695 Κυρίου

2195 2721 2353 2792 ήμῶν
2390 2720 2563 2793 Ἰησοῦ
2592 2724 2852 2793 Χριστοῦ.

518 2821 775 2883 humana,
819 2834 884 2875 ex
933 2819 1156 2889 Virgine
1220 2827 1387 2874 natus
1420 2829 1526 2873 est.
1568 2816 1683 2871 Hoc
1735 2831 1866 2871 vero
1919 2832 2086 2871 unam
2129 2817 2345 2871 Domini
2394 2819 2570 2873 nostri
2630 2816 2762 2874 Jesu
2798 2836 3115 2889 personam,
3201 2818 3450 2888 duasque
3514 2824 3795 2883 naturas,

515 2920 569 2965 et
606 2910 741 2963 duas
773 2912 1155 2978 generationes
1192 2911 1490 2980 signiﬁcat.

585 3001 971 3067 Christiparam
1008 3003 1192 3057 Patres
1221 3007 1393 3058 dicere
1427 3004 1808 3058 detrectarunt.
1860 3003 2094 3057 Nestorii

2264 3002 2634 3072 Χριστοτόκον
2668 3003 2726 3055 δὲ
2912 3005 3163 3073 οὐδαμῶς
3211 3018 3390 3072 φαμεν
3472 3000 3571 3068 τὴν
3600 3001 3792 3067 ἁγίαν

520 3104 640 3149 v0.12,
694 3097 751 3141 ut
791 3088 1004 3141 dicatur
1048 3089 1293 3144 Christus
1340 3090 1652 3161 Θεοφόρος,
1706 3102 1843 3145 recte
1872 3091 2092 3144 sentien-

2194 3093 2490 3163 Παρθένον,
2518 3094 2653 3147 διότι
2689 3096 2775 3147 ἐπ’
2806 3097 3087 3166 ἀναιρέσει
3121 3095 3219 3164 τῆς
3257 3095 3543 3157 Θεοτόκος
3578 3097 3791 3163 φωνῆς

519 3182 671 3245 tium,
706 3188 762 3232 ut
794 3178 932 3233 Deus
978 3180 1314 3234 incarnatus.
1369 3179 1587 3234 Natura
1620 3186 1855 3234 humana
1885 3182 1941 3233 in
1976 3181 2095 3246 ipsa

518 3271 849 3337 conceptione
890 3269 1055 3324 Verbo
1095 3273 1266 3324 unita.
1294 3300 1361 3310 -
1386 3274 1453 3325 At
1488 3287 1618 3327 vero
1670 3282 1929 3327 sanctam
1969 3270 2093 3326 Vir-

518 3364 698 3431 ginem
732 3362 1053 3433 neutiquam
1096 3362 1495 3433 Christiparam
1530 3378 1936 3432 nuncupamus,
1966 3365 2095 3433 quia

518 3455 583 3506 aJ
631 3453 957 3507 abolendutn
1000 3454 1247 3518 Deipara:
1306 3455 1634 3509 vocabulum
1767 3453 2091 3518 Nestorius,

521 3549 770 3613 impurus
821 3545 909 3597 ille
972 3556 1025 3599 et
1086 3544 1480 3608 cxsccrandus,
1527 3547 1823 3616 animoque
1849 3545 2095 3609 Judmus,

520 3635 651 3688 illud
700 3635 1011 3705 ignominia:
1043 3652 1160 3702 vas,
1193 3637 1246 3690 in
1290 3647 1667 3707 contemptum
1705 3638 1825 3707 ejus
1854 3652 1975 3708 qua:
2005 3654 2095 3693 su-

521 3742 615 3794 per
655 3736 968 3781 creaturam
1000 3742 1221 3782 omnem
1276 3731 1392 3785 sola
1436 3745 1563 3784 vere
1594 3730 1822 3785 colenda
1863 3738 1971 3797 est,
2004 3730 2093 3785 Dei

517 3816 1260 3889 Geiiitricis(disrumpatur
1318 3821 1441 3876 licet
1479 3822 1568 3876 ille
1602 3836 1726 3875 eum
1776 3832 1932 3891 patre
1992 3838 2093 3876 suo

520 3907 769 3977 Sataua),
805 3910 911 3965 hoc
940 3912 1177 3967 nominis
1198 3914 1550 3982 excogitavit,
1578 3914 1725 3983 quod
1755 3914 2092 3969 obtruderet.

521 3999 810 4055 Enimvero
862 4016 955 4056 rex
1014 4001 1179 4057 David
1227 4004 1473 4060 christus
1498 4020 1717 4076 quoque
1762 4004 1988 4069 dicitur,
2043 4016 2097 4059 et

519 4093 762 4162 pontifex
796 4093 1003 4160 Aaron,
1060 4094 1263 4164 quippe
1316 4109 1443 4151 cum
1492 4111 1647 4167 reges
1681 4104 1737 4151 et
1785 4096 2097 4152 sacerdotes

532 4184 656 4251 ungi
684 4184 968 4239 solerent:
1013 4185 1261 4254 quiuimo
1292 4186 1475 4256 quivis
1513 4189 1678 4243 homo
1716 4188 1862 4258 pius,
1904 4200 1957 4243 ct
2008 4190 2096 4243 cui

522 4277 664 4329 licus
703 4275 1051 4343 aspiraverit,
1084 4276 1341 4334 Christus
1376 4278 1484 4333 dici
1524 4280 1718 4350 possit,
1750 4289 1805 4333 at
1836 4292 1942 4334 non
1975 4294 2098 4349 per-

2197 3184 2226 3236 0
2256 3184 2475 3255 μιαρὸς.
2506 3186 2597 3237 καὶ
2633 3185 2907 3256 βδελυρὸς,
2934 3188 3029 3240 καὶ
3060 3186 3437 3255 Ἰουδαιόφρων
3468 3185 3791 3253 Νεστόριος

2191 3274 2254 3327 τὸ
2286 3274 2477 3336 σκεῦος
2502 3276 2598 3345 τῆς
2627 3278 2888 3347 ἀτιμίας,
2929 3277 3026 3330 καὶ
3072 3278 3167 3329 ἐπὶ
3216 3278 3414 3345 ἀτιμία
3460 3276 3559 3343 τῆς
3601 3276 3789 3346 μόνης

2196 3367 2362 3429 ὅντως
2407 3370 2783 3439 τετιμημένης
2832 3370 2972 3440 ὑπὲρ
3021 3371 3203 3423 πᾶσαν
3256 3370 3437 3421 κτίσιν
3478 3368 3785 3430 Θεοτόκου,

2197 3458 2301 3510 κᾶν
2332 3452 2485 3521 οὗτος
2533 3459 2931 3529 διαρρἠνυται
2954 3461 2981 3499 ά
3034 3461 3131 3513 σὺν
3163 3460 3241 3529 τῷ
3288 3459 3455 3530 πατρὶ
3493 3460 3665 3511 αὑτοῦ
3697 3461 3783 3527 τῷ

2200 3550 2430 3621 Σατανᾷ,
2475 3552 2683 3621 ταύτην
2711 3552 2809 3620 τὴν
2844 3553 3216 3622 προσηγορίαν
3245 3550 3530 3620 ὲξηῦρατο,
3560 3550 3641 3612 ὡς
3670 3552 3777 3601 ἐπι

2198 3641 2575 3709 ηρεαςομὲνην
2611 3650 2632 3679 ο
2676 3640 2897 3711 χριστὸς
2924 3642 3035 3711 γὰρ
3070 3642 3162 3694 καὶ
3191 3643 3219 3693 ό
3248 3640 3415 3693 Δαὸὶδ
3441 3642 3470 3692 0
3495 3640 3783 3708 βασιλεὺς,

2200 3732 2296 3784 καὶ
2318 3732 2345 3783 0
2370 3730 2579 3799 Ἀαρὼν
2607 3734 2635 3783 0
2664 3732 2958 3801 ἀρχιερεύς
2979 3748 2993 3763 ο
3019 3730 3198 3786 ταῦτα
3217 3732 3325 3801 γὰρ
3345 3733 3415 3785 τὰ
3439 3732 3456 3769 ¹
3485 3731 3782 3801 χριόμενα,

2201 3822 2445 3892 βασιλεία
2476 3839 2533 3874 τε
2563 3825 2659 3875 καί
2693 3824 2981 3893 ίερωσῦνη’
3011 3824 3107 3878 καὶ
3136 3825 3246 3886 πᾶς
3277 3823 3532 3893 θεοφόρος
3553 3822 3787 3893 ἄνθρω-

2200 3932 2299 3975 πος
2335 3915 2568 3984 Χριστὸς
2610 3914 2868 3983 λέγεσθαι
2906 3915 3153 3980 δύναται,
3181 3915 3296 3969 ἀλλ’
3331 3916 3392 3968 οὑ
3422 3914 3547 3973 Θεὸς
3582 3912 3785 3982 φύσει,

2195 4007 2272 4068 ὡς
2319 4007 2414 4059 καὶ
2481 4006 2778 4076 Νεστόριος
2820 4009 2849 4061 0
2894 4006 3191 4078 θεήλατος,
3235 4009 3327 4059 τὸν
3374 4007 3439 4058 ὲκ
3489 4005 3786 4075 Παρθένου

2194 4096 2455 4165 τεχθέντα
2487 4096 2749 4167 θεοφόρον
2928 4100 3107 4152 είπεῖν
3133 4099 3462 4169 ὲφρυάξατο.
3506 4098 3691 4166 Ἠμᾶς
3726 4099 3788 4151 δὲ

2201 4189 2275 4258 μὴ
2306 4189 2520 4256 γένοιτο
2556 4189 2817 4260 θεοφόρον
2860 4190 3024 4243 αὑτὸν
3052 4192 3076 4231 8
3106 4191 3338 4260 είπείνῆ
3392 4188 3606 4258 νοῆσαι,
3639 4191 3793 4244 ἀλλὰ

2197 4280 2331 4333 Θεὸν
2362 4282 2806 4351 σεσαρκωμένον.
2844 4281 3021 4345 Αὐτὸς
3055 4283 3165 4353 γὰρ
3193 4284 3222 4335 0
3267 4282 3438 4351 Λόγος
3484 4281 3622 4350 σὰρξ
3652 4285 3792 4351 ἐγέ-

521 4368 649 4423 ἰιιιιε
690 4377 892 4427 natura
953 4370 1132 4438 Deus;
1158 4373 1316 4442 juxta
1352 4390 1415 4428 ac
1440 4375 1739 4430 exitiabilis
1785 4376 1877 4430 ille
1908 4374 2092 4430 Nesto-

2198 4389 2339 4435 νετο,
2379 4372 2608 4442 κυηθεὶς
2663 4373 2761 4443 μὲν
2806 4374 2870 4426 lx
2921 4376 3022 4445 τῆς
3061 4374 3364 4446 Παρθένου,
3394 4371 3680 4443 προελθὼν
3731 4376 3794 4428 δὲ

524 4459 639 4515 rius
687 4474 811 4513 cum
844 4460 937 4529 qui
970 4460 1038 4516 de
1078 4460 1300 4532 Virgine
1346 4471 1509 4519 natus
1539 4472 1644 4530 est,
1697 4464 1973 4520 Deiferum
2004 4480 2100 4522 ore

525 4549 882 4610 t'remebundo
913 4552 1307 4621 pronuntiavit.
1341 4551 1543 4610 Verum
1578 4555 1682 4610 hoc
1823 4554 1965 4611 absit
2070 4570 2099 4609 a

524 4642 705 4707 nobis,
740 4650 799 4700 ut
826 4658 953 4699 eum
1006 4644 1252 4701 alllatutn
1304 4662 1337 4701 a
1390 4646 1521 4712 Deo,
1565 4646 1918 4703 Deilerumve
1946 4646 2099 4703 dica-

525 4750 669 4798 mus.
728 4736 809 4793 vel
853 4736 1217 4806 cogitemus;
1339 4739 1451 4794 imo
1512 4740 1697 4809 potius
1752 4740 2097 4795 incarnatum

525 4826 718 4881 Deum.
768 4824 1065 4896 Ipsummet
1107 4827 1504 4885 enimVerbum
1563 4829 1768 4884 factum
1815 4840 1901 4887 est
1946 4847 2098 4897 caro,

527 4926 585 4969 ut
633 4928 961 4987 conceptum
1013 4918 1234 4989 quidem
1299 4921 1367 4976 de
1432 4920 1656 4991 Virgine
1709 4922 1899 4985 fuerit,
1958 4923 2101 4979 Deus

529 5023 656 5062 vero
698 5009 967 5079 prodierit
1012 5025 1139 5065 cum
1186 5020 1469 5082 assumpta
1518 5025 1709 5067 natura
1739 5029 1903 5083 quam
1943 5015 2100 5069 deiti-

527 5109 683 5155 carat
711 5101 875 5155 sitnul
904 5109 1069 5171 atque
1098 5103 1365 5172 producta
1407 5113 1512 5159 est.
1567 5104 1777 5161 Exinde
1821 5108 1924 5160 tria
1956 5107 2103 5176 pari-

529 5199 615 5247 ter
651 5207 759 5248 una
792 5193 1168 5263 contigerunt,
1201 5194 1462 5250 nimirum
1511 5197 1657 5265 quod
1682 5212 1966 5267 assumpta
1998 5200 2098 5260 sit,

527 5283 676 5352 quod
738 5285 1037 5349 exstiterit,
1090 5285 1237 5353 quod
1301 5286 1551 5341 deiﬁcata
1604 5305 1633 5341 ιι
1675 5287 1854 5343 Verbo
1913 5287 2099 5343 fuerit.

530 5374 668 5431 Hinc
694 5376 749 5429 lit
775 5384 834 5430 ut
881 5374 1047 5446 Virgo
1089 5387 1302 5440 sancta,
1339 5377 1431 5432 Dei
1465 5376 1708 5433 Genittix
1753 5389 1865 5433 ttnn
1898 5382 2103 5435 intelli-

530 5474 713 5535 gatur,
744 5474 857 5521 tum
891 5468 1218 5537 appelletur,
1260 5483 1369 5522 non
1403 5470 1564 5523 modo
1590 5480 1816 5538 propter
1849 5482 2100 5525 naturain

539 5555 721 5623 Verbi,
751 5558 846 5613 sed
871 5560 1035 5613 etiam
1068 5559 1137 5613 ob
1168 5560 1561 5615 humanitatem
1590 5562 1795 5617 deitate
1821 5563 2102 5637 donatam,

536 5649 806 5714 stupendi)
853 5650 1121 5703 miraculo
1163 5650 1396 5719 patratis
1432 5651 1595 5705 simul
1640 5653 1831 5705 horum
1871 5660 1925 5707 et
1974 5670 2106 5709 con-

537 5736 784 5803 ceptione
814 5745 865 5791 et
903 5738 1249 5801 exsistentia,
1291 5740 1435 5794 verbi
1468 5740 1687 5807 quidem
1722 5744 2104 5816 conceptione,

2196 4462 2327 4527 Θεὸς
2365 4463 2507 4534 μετὰ
2537 4465 2637 4534 τῆς
2680 4465 3058 4536 προσλήψεως,
3093 4467 3192 4537 ήδη
3230 4467 3323 4520 καὶ
3351 4468 3523 4534 αὑτῆς
3554 4466 3651 4517 ὑπ’
3678 4469 3795 4520 αὐ-

2197 4551 2291 4605 τοῦ
2327 4553 2645 4624 θεωθείσης,
2683 4556 2801 4626 ἅμα
2838 4559 2907 4627 τῇ
2959 4558 3038 4620 είς
3071 4558 3132 4610 τὸ
3175 4552 3316 4610 εἶναι
3359 4556 3567 4625 ταύτης
3631 4574 3795 4628 πεπρ⁶

2198 4646 2417 4713 αγωγῇ,
2448 4644 2523 4707 ὡς
2569 4645 2705 4714 ὁμοῦ
2737 4646 2992 4713 γενέσθαι
3040 4647 3111 4700 τὰ
3141 4647 3290 4715 τρία,
3322 4646 3421 4717 τὴν
3444 4646 3789 4717 πρόσληψιν,

2197 4734 2296 4803 τὴν
2328 4733 2588 4804 ὓπαρξιν,
2618 4736 2717 4805 τὴν
2737 4735 2935 4790 θέωσιν
2973 4738 3143 4807 αὐτῆς
3172 4738 3277 4791 ὑπὸ
3312 4736 3404 4791 τοῦ
3440 4738 3653 4805 Δόγουο
3692 4742 3794 4793 καὶ

2198 4824 2342 4876 οῦτω
2361 4824 2619 4887 νοεῖσθαι,
2634 4827 2726 4878 καὶ
2747 4826 3003 4894 λέγεσθαι
3025 4828 3288 4882 Θεοτόκον
3314 4830 3416 4899 τὴν
3444 4830 3612 4897 ἁγίαν
3645 4831 3795 4902 Παρ-

2200 4916 2375 4978 θένον,
2404 4917 2467 4969 οὐ
2495 4918 2655 4985 μόνον
2680 4916 2771 4970 διὰ
2812 4918 2911 4987 τὴν
2935 4919 3099 4987 φύσιν
3124 4918 3221 4972 τοῦ
3252 4920 3452 4988 Λόγου,
3498 4920 3639 4973 ἀλλὰ
3696 4924 3795 4975 καὶ

2199 5006 2290 5060 διὰ
2316 5006 2413 5078 τὴν
2445 5006 2639 5063 θέωσιν
2669 5007 2763 5061 τοῦ
2787 5008 3157 5080 ἀνθρωπίνου,
3192 5002 3269 5066 ὧν
3299 5010 3435 5079 ἅμα,
3470 5011 3565 5063 καὶ
3587 5014 3623 5081 ή
3657 5013 3794 5065 σύλα

2202 5097 2403 5166 ληψις,
2458 5099 2552 5152 καὶ
2601 5100 2633 5169 ή
2682 5098 2919 5170 ὑπαρξις
2957 5100 3544 5173 τεθαυματούργηται’
3591 5104 3630 5173 ἡ
3686 5104 3795 5174 μὲν

2206 5190 2491 5261 σύλληψις.
2520 5190 2614 5245 τοῦ
2650 5191 2842 5260 Λόγου,
2870 5192 2971 5261 τῆς
2998 5192 3057 5247 δὲ
3093 5193 3319 5263 σαρκὸς,
3345 5195 3378 5263 ἠ
3421 5196 3479 5246 ὲν
3512 5194 3672 5264 αὑτῷ
3709 5194 3795 5266 τῷ

2206 5281 2369 5351 Λόγῳ
2417 5281 2689 5353 ῦπαρξις,
2731 5283 2901 5354 αὐτῆς
2940 5284 3041 5353 τῆς
3092 5286 3438 5356 Θεομήτορος
3488 5289 3792 5359 ὑπερφυῶς

2205 5372 2549 5443 χορηγούσης
2587 5375 2647 5427 τὸ
2694 5375 3002 5445 πλασθῆναι
3044 5376 3124 5447 τῷ
3168 5379 3405 5450 πλάστῃ,
3457 5384 3552 5434 καὶ
3581 5382 3644 5434 τὸ
3687 5386 3787 5435 ἀνα

2206 5462 2581 5535 θρωπισθῆναι
2609 5466 2830 5537 τῷδθεῷ
2861 5468 2952 5521 καὶ
2980 5472 3176 5540 ποιητῇ
3208 5470 3298 5522 τοῦ
3322 5473 3545 5533 παντὸς,
3571 5472 3791 5526 ϐιοῦντι

2205 5556 2265 5606 τὸ
2299 5556 2654 5627 πρόσλημμα,
2692 5557 2975 5631 σωζούσης
3008 5560 3106 5629 τῆς
3132 5562 3377 5625 ἑνώσεως
3413 5562 3480 5615 τὰ
3509 5563 3789 5616 ἑνωθέντα

2207 5646 2453 5711 τοιαῦτα,
2482 5646 2567 5700 οἷα
2616 5649 2711 5702 καὶ
2742 5650 2978 5720 ἦνωνται
3004 5667 3016 5680 ·
3057 5654 3116 5704 οὑ
3159 5652 3219 5705 τὸ
3258 5652 3398 5706 θεῖον
3428 5654 3570 5721 λέγω
3595 5655 3787 5725 μόνον,

2206 5736 2343 5789 ἀλλὰ
2375 5738 2468 5790 καὶ
2498 5737 2559 5791 τὸ
2579 5738 2923 5809 ἀνθρώπινον
2947 5740 3041 5795 τοῦ
3076 5743 3334 5813 Χριστοῦ,
3357 5744 3417 5796 τὸ
3449 5744 3590 5815 ὑπὲρ
3613 5746 3787 5816 ἡμᾶς,
