4042 6208
315 298 460 366 1000
1277 314 1660 382 PANOPLIA
1700 323 2164 387 DOGMATICA.
2187 349 2260 364 —
2297 325 2446 390 TIT.
2488 327 2608 392 XV.
3435 323 3572 392 1010

308 418 561 515 διαὶ-καίλ9
581 420 753 491 ἡμᾶς.
783 423 920 480 οὔτε
947 424 1067 499 γὰρ
1101 429 1396 502 γενόμενον
1451 438 1721 509 πρότερον
1759 443 1878 496 καθ⁴

1991 441 2180 498 carnis
2197 457 2326 498 vero
2357 443 2684 501 exsistentia
2704 446 2755 500 in
2783 445 2904 515 ipso
2934 442 3136 500 Verbo.
3177 443 3300 515 Ipsa
3333 459 3572 511 namque

313 509 484 610 ἡμας,
517 510 748 610 ὕστερον
791 517 1016 610 γέγονεν
1075 521 1218 595 ὑπὲρ
1277 527 1429 596 ἡμᾶς
1455 543 1469 558 ’
1515 530 1655 586 ἀλλὰ
1697 533 1786 586 ἀεὶ
1822 535 1878 588 ἑκ

1996 532 2358 590 DeiGenitrix
2387 549 2556 607 supra
2595 546 2818 592 natura:
2873 539 3020 610 leges
3083 554 3268 595 rerum
3326 541 3570 592 omnium

561 603 1051 703 ὑπάρξεωςάμιρω
1077 613 1310 684 ὑπῆρξε,
1359 615 1450 703 διὰ
1493 618 1556 672 τὸ
1598 619 1658 685 ἐξ
1707 621 1878 693 ἄκρας

1993 623 2171 680 [ictori
2203 601 2678 694 subministrabat,
2715 630 2861 687 unde
2895 601 3012 702 ipse
3069 647 3289 703 quoque
3334 633 3572 702 tingere-

305 691 629 761 συλλήψεως
661 696 718 748 ἐν
752 697 902 769 αὐτῷ
933 698 1010 770 τῷ
1040 701 1201 772 Λόγῳ
1233 703 1333 774 τὴν
1365 701 1607 776 ὕπαρξιν
1645 691 1878 780 ἐσχηκέ-

1989 726 2100 778 tur.
2138 717 2636 791 universorumque
2657 722 2932 778 conditori
2970 723 3102 791 Deo,
3136 736 3196 778 ut
3235 739 3569 798 assumptatn

303 799 419 836 ναι·
467 783 813 854 ἀνθρώπινον
882 790 983 858 μὲν
1011 790 1107 845 οὖν
1160 794 1278 847 ἐστι
1329 798 1474 851 κατά
1509 797 1614 868 τὴν
1675 801 1878 856 οἰκείαν

1988 807 2386 865 humanitatem
2447 783 2652 867 deitate
2716 812 2955 878 donans,
3014 783 3179 870 homo
3244 817 3363 886 ipse
3398 783 3571 887 deret,

305 875 495 945 φύσιν,
523 875 659 930 Θεοῦ
688 878 747 932 δὲ
779 881 878 935 καὶ
923 881 1088 950 θεῖον,
1149 885 1472 958 ὑπερφυῶς,
1521 890 1641 945 Ἔτι
1694 892 1752 947 δὲ
1788 895 1878 948 και

1989 915 2113 956 cum
2155 901 2373 958 interim
2409 902 2560 968 unio,
2583 919 2706 975 qua:
2736 906 2891 961 unita
2943 915 3092 976 sunt,
3125 908 3255 963 talia
3294 919 3562 977 servaret,

303 966 404 1065 τῆς
441 969 689 1041 ἐμψύχου
724 971 1032 1065 σαρκὺςτὰ
1065 975 1337 1048 ἰδιώματα
1369 979 1522 1052 ἔσχε·
1555 984 1878 1051 κατεδέξατο

1985 993 2168 1064 qualia
2207 995 2360 1052 unita
2393 1006 2596 1065 essent,
2655 997 2758 1055 hoc
2794 1008 2899 1065 est,
2953 1013 3066 1054 non
3095 1000 3434 1057 divinitatem
3485 1016 3573 1057 so-

304 1058 419 1128 γὰρ
445 1060 586 1114 αὐτὰ
614 1065 642 1115 ὁ
673 1060 868 1132 Λόγος,
907 1064 1227 1138 οἰκονομίας
1249 1069 1417 1140 λόγῳ,
1447 1076 1690 1144 φυσικῆς
1724 1077 1878 1150 κινή-

1981 1058 2119 1153 lum,
2145 1086 2242 1144 sed
2285 1087 2454 1145 etiam
2509 1058 2714 1146 Christi
2774 1058 3218 1160 humanitatem;
3273 1107 3375 1150 nec
3437 1093 3572 1149 illud

303 1167 446 1215 σεως
467 1152 622 1218 τάξει
654 1154 797 1208 κατὰ
825 1155 1090 1227 ἀλήθειαν
1119 1161 1368 1227 φυσικῶς
1401 1164 1690 1236 γινόμενα.

1982 1152 2162 1232 solum
2186 1178 2332 1248 quod
2383 1192 2550 1250 supra
2603 1196 2724 1247 nos,
2750 1182 2846 1238 sed
2886 1190 2944 1238 et
2995 1182 3050 1238 id
3115 1152 3260 1254 quod
3319 1193 3571 1240 nostrum

304 1251 410 1297 est.
446 1243 565 1301 Non
601 1245 747 1300 enim
775 1260 899 1301 cum
932 1257 1058 1305 ante
1101 1251 1276 1307 nostri
1330 1254 1531 1312 similis
1571 1258 1866 1330 extitisset,
1902 1273 2090 1334 postea
2151 1243 2419 1339 superior
2451 1243 2612 1328 nobis
2665 1243 2887 1328 evasit:
2929 1273 3026 1330 sed
3079 1243 3349 1344 sempera
3389 1275 3574 1344 primo

301 1341 740 1433 ortu-utrumque
765 1339 976 1433 exstitit
1006 1343 1299 1411 :quoniam
1332 1357 1363 1398 a
1393 1345 1706 1415 primordiis
1737 1355 2114 1426 conceptionis
2145 1359 2202 1415 in
2234 1360 2353 1430 ipso
2380 1361 2561 1418 Verbo
2595 1365 2977 1422 exsistentiam
3015 1339 3236 1420 habuit.
3263 1339 3565 1433 Quocirca,

300 1426 446 1523 quod
471 1437 818 1523 assumptum
855 1431 958 1488 fuit
979 1442 1170 1503 suapte
1194 1434 1414 1504 quidem
1451 1450 1648 1496 natura
1683 1441 1988 1502 humanum
2015 1455 2135 1520 eat,
2171 1426 2268 1504 Dei
2319 1459 2498 1509 autem
2526 1462 2582 1509 et
2615 1452 2860 1510 divinum
2899 1426 3306 1523 supernaturali
3331 1426 3566 1523 quodam

305 1517 490 1572 modo.
508 1519 666 1620 -Quin
698 1523 952 1579 animatae
1005 1526 1228 1596 quidem
1264 1530 1448 1588 carnis
1480 1533 1847 1606 proprietates
1884 1517 2114 1598 habuit:
2152 1557 2250 1602 eas
2277 1546 2424 1603 enim
2450 1546 2878 1620 dispensationis
2923 1517 3039 1605 sua
3073 1549 3290 1605 ratione
3332 1517 3569 1605 \lerbum

303 1613 569 1685 suscepit,
599 1628 720 1686 quae
748 1619 1048 1674 secundum
1086 1626 1348 1682 naturalis
1379 1636 1558 1687 motus
1581 1631 1829 1688 ordinem
1860 1648 1986 1691 vere
2019 1640 2299 1698 naturales
2331 1655 2479 1698 sunt.

636 1790 753 1849 Τοῦ
784 1794 992 1852 αὐτοῦ.
1027 1798 1374 1869 Κεφάλαιον
1403 1819 1490 1868 ,τις
1515 1844 1530 1860 .

372 1945 712 2017 Προκόπτειν
732 1948 952 2018 λέγεται
977 1952 1164 2024 σοφίᾳ,
1181 1956 1277 2010 καὶ
1301 1956 1514 2029 ἡλικίᾳ,
1543 1960 1638 2012 καὶ
1666 1960 1876 2030 χάριτι·

294 2039 366 2108 τῇ
405 2038 505 2108 μὲν
541 2038 730 2112 ἡλικίᾳ
765 2041 969 2110 αὔξων,
997 2046 1087 2100 διὰ
1109 2046 1168 2100 δὲ
1188 2048 1289 2118 τῆς
1319 2049 1606 2122 αὐξήσεως
1634 2051 1737 2124 τῆς
1759 2055 1880 2123 ἠλι-

305 2128 435 2192 κίας
468 2131 568 2198 τὴν
597 2132 1011 2204 ἐνυπάρχουσαν
1037 2136 1188 2209 αὑτῷ
1222 2140 1416 2209 σοφίαν
1447 2144 1528 2205 είς
1560 2144 1878 2214 φανέρωσιν

295 2222 482 2288 ἄγων·
515 2222 595 2277 ἔτι
645 2223 704 2277 δὲ
771 2226 871 2298 τὴν
921 2244 1034 2283 των
1083 2230 1394 2302 ἀνθρώπων
1450 2236 1509 2288 ὲν
1551 2235 1716 2306 σοφίᾳ
1780 2241 1875 2293 καὶ¹

291 2315 486 2383 χάριτι
511 2317 822 2389 προκοπὴν,
847 2319 943 2373 καὶ
982 2321 1082 2392 τὴν
1103 2323 1390 2378 τελείωσιν
1413 2328 1513 2398 τῆς
1535 2327 1631 2381 τοῦ
1657 2329 1877 2402 Πατρός

293 2406 574 2473 εὐδοκίας,
595 2409 771 2479 ἦγουν
798 2410 896 2482 τὴν
928 2410 1040 2466 τῶν
1071 2413 1382 2486 ἀνθρώπων
1433 2418 1767 2488 θεογνωσίαν
1817 2441 1877 2478 τε

299 2498 398 2548 καὶ
428 2501 728 2571 σωτηρίαν,
793 2504 1004 2558 οἰκείαν
1044 2507 1333 2580 προκοπὴν
1391 2511 1753 2582 ποιούμενος,
1782 2517 1877 2570 καὶ

296 2588 674 2661 οίκειούμενος
716 2595 997 2666 ⁸τιανταχοῦ
1045 2598 1108 2650 τὸ
1154 2599 1453 2681 ἡμέτερον,
1496 2603 1560 2656 Οἱ
1591 2603 1646 2656 δὲ
1671 2606 1875 2676 προκόο

300 2697 462 2735 πτειν
488 2683 654 2738 αὑτὸν
677 2685 930 2754 λέγοντες
953 2687 1143 2759 σοφίᾳ,
1180 2691 1276 2744 καὶ⁵
1311 2693 1500 2764 χάριτι
1527 2692 1602 2758 ὡς
1631 2697 1875 2769 προσθή-

301 2793 410 2843 κην
450 2778 655 2831 τούτων
711 2779 1026 2850 δεχόμενον,
1062 2782 1345 2856 Νεστορίῳ
1387 2786 1467 2859 τῷ
1509 2790 1877 2861 ματαιόφρονι

296 2866 641 2938 πειθόμενοι,
699 2873 960 2942 σχετικὴν
1014 2873 1212 2930 ἕνωσιν
1247 2879 1338 2931 καὶ
1368 2877 1535 2950 ψιλὴν
1597 2881 1877 2953 ἐνοίκησιν

290 2960 709 3029 τερατεύονται,
747 2964 822 3035 μὴ
845 2964 1214 3034 γινώσκοντες
1241 2971 1379 3041 μήτε
1405 2971 1440 3027 ἃ
1465 2971 1708 3043 λέγουσι,
1737 2976 1876 3046 μήτε

2526 1820 2801 1891 Ejusdem.
2825 1822 2959 1893 Cap.
2990 1822 3078 1878 86.

2053 1975 2328 2034 Proﬁcere
2375 1978 2573 2035 dicitur
2607 1981 2899 2050 sapientia,
2951 1993 3007 2036 et
3046 1988 3228 2047 :etate,
3270 1988 3325 2036 et
3351 1981 3561 2051 gratia;

1983 2073 2143 2122 aetate
2214 2065 2428 2136 quidem
2515 2082 2803 2134 crescens,
2877 2077 2931 2124 et
3010 2084 3108 2139 per
3174 2070 3564 2124 incrementum

1982 2158 2182 2222 aetatis,
2213 2157 2553 2228 sapientiam,
2613 2175 2735 2230 quae
2789 2160 2890 2230 ipsi
2943 2161 3140 2225 inerat,
3210 2160 3262 2215 in
3325 2169 3567 2227 aper-ium

1983 2248 2300 2318 proferens;
2333 2261 2599 2319 praeterea
2623 2251 2901 2306 hominum
2940 2252 2992 2306 in
3025 2251 3290 2321 sapientia
3321 2260 3374 2304 et
3396 2251 3569 2320 gratia

1981 2354 2353 2412 progressum,
2385 2351 2439 2396 et
2476 2342 2631 2397 bonae
2692 2341 2869 2398 Patris
2921 2342 3217 2398 voluntatis
3279 2341 3569 2410 perfectiu-

1981 2447 2126 2497 uem,
2157 2447 2251 2488 seu
2290 2433 2572 2488 hominum
2629 2437 2698 2488 de
2742 2433 2904 2488 rebus
2952 2432 3152 2486 divinis
3205 2432 3566 2502 cognitionem

1982 2530 2036 2578 et
2065 2521 2317 2588 salutem,
2381 2524 2658 2593 proprium
2693 2521 2995 2592 profectum
3052 2521 3278 2588 faciens,
3313 2531 3369 2575 et
3421 2521 3568 2588 quod

1981 2619 2226 2666 nostrum
2267 2620 2370 2674 est,
2410 2627 2566 2668 suum
2600 2612 2760 2683 plane
2802 2612 3054 2668 reddens.
3090 2612 3192 2678 Qui
3223 2626 3349 2665 vero
3393 2611 3565 2680 ipsum

1980 2703 2245 2772 sapientia
2271 2713 2326 2760 et.
2367 2705 2538 2774 gratia
2574 2705 2647 2758 ita
2698 2705 2883 2759 dicunt
2912 2703 3239 2773 profecisse,
3276 2713 3334 2756 ut
3379 2715 3564 2755 earum

1983 2805 2272 2865 augmenta
2301 2797 2620 2864 susceperit,
2648 2796 2682 2850 ii
2706 2794 3016 2851 Nestorium
3039 2797 3206 2849 stulte
3235 2795 3561 2848 sentientem

1979 2877 2173 2956 secuti,
2199 2889 2453 2946 unionem
2478 2889 2771 2961 quamdam
2797 2887 3104 2943 secundum
3131 2875 3482 2942 affectionem
3509 2894 3566 2937 et

1979 2989 2294 3051 respectum
2317 2991 2370 3037 et
2388 2983 2582 3037 nudam
2603 2982 2990 3036 habitationem
3011 2977 3321 3049 prodigiose
3334 2978 3565 3046 tingunt,

293 3051 434 3120 περὶ
459 3052 623 3106 τίνων
653 3053 1120 3113 διαϐεϐαιοῦνται.
1164 3060 1227 3114 Ei
1261 3061 1372 3134 γὰρ
1425 3063 1647 3135 ἀληθῶς
1687 3066 1875 3140 1]νώοη

1984 3086 2084 3126 nec
2101 3088 2220 3142 quae
2253 3073 2457 3138 dicant,
2480 3089 2578 3129 nec
2612 3074 2676 3128 de
2701 3073 2900 3142 quibus
2929 3069 3218 3135 alllrment,
3241 3083 3566 3140 cognoscen-

291 3141 378 3210 τῷ
405 3141 524 3212 Θεῷ
549 3143 709 3213 Λόγῳ
735 3146 770 3216 ἠ
798 3145 935 3216 σὰρξ
961 3145 1021 3212 ἐξ
1050 3148 1228 3219 ἄκρας
1254 3150 1564 3222 ὑπάρξεως,
1590 3153 1794 3224 μᾶλλον
1815 3154 1874 3207 δὲ

291 3237 358 3288 ὲν
391 3235 542 3306 αὑτῷ
575 3237 814 3308 ὑπῆρξε,
852 3239 950 3294 καὶ
981 3239 1080 3312 τὴν
1116 3243 1491 3313 ὑποστατικὴν
1543 3247 1681 3317 πρὸς
1712 3247 1876 3300 αὐτὸν

285 3328 422 3397 ἔσχε
445 3329 773 3402 ταυτότητα,
803 3331 921 3396 πῶς
941 3332 1001 3385 οὐ
1018 3334 1240 3401 τελείως
1257 3339 1668 3411 κατεπλοότησε
1693 3341 1877 3395 πᾶσαν

287 3420 488 3486 σοφίαν
506 3421 599 3473 καὶ
621 3422 782 3492 χάριν
807 3439 824 3490 ;

635 3600 745 3655 Τοῦ
781 3602 988 3659 αὑτοῦ.
1037 3606 1377 3675 Κεφάλαιον
1426 3611 1532 3681 κη’.

378 3769 792 3843 ’Λναμάρτητος
845 3774 923 3828 ὣν
960 3777 988 3829 ό
1042 3779 1252 3850 Κύριος
1291 3783 1453 3852 ἡμῶν
1499 3785 1712 3855 Ἰησοῦς
1743 3789 1878 3863 Χρι-

291 3862 446 3928 στδς,
509 3864 791 3932 ἁμαρτίαν
846 3869 956 3939 γὰρ
989 3871 1092 3924 οὐκ
1153 3873 1416 3944 ἐποίησεν
1470 3879 1498 3928 ὁ
1553 3879 1729 3949 αἴρων
1780 3862 1877 3935 τοῦ

287 3953 506 4024 κόσμου
528 3955 628 4024 τὴν
651 3957 954 4029 ἁμαρτίαν,
985 3963 1106 4016 οὐδὲ
1134 3965 1332 4036 εὑρέθη
1369 3966 1520 4031 δόλος
1559 3970 1618 4023 ἐν
1647 3973 1724 4042 τῷ
1753 3977 1879 4029 στό-

294 4046 647 4114 ματιαύτοῦ,
699 4050 798 4120 οὐχ
847 4052 1110 4108 ὑπέκειτο
1163 4055 1404 4127 θανάτῳ,
1460 4059 1621 4132 είπερ
1659 4063 1745 4118 διὰ
1778 4065 1878 4134 τῆς

289 4138 576 4208 ἁμαρτίας
605 4141 684 4202 είς
705 4143 798 4194 τὸν
837 4144 1042 4214 κόσμον
1067 4146 1318 4218 είσῆλθεν
1355 4153 1383 4204 ό
1423 4151 1675 4218 θάνατος.
1735 4156 1879 4229 Θνή-

291 4238 422 4280 σκει
458 4231 662 4298 τοίνυν,
687 4233 779 4286 τὸν
803 4235 945 4306 ὑπὲρ
983 4240 1141 4309 ἡμῶν
1171 4243 1570 4315 ἀναδεχόμενος
1613 4249 1866 4314 θάνατον,

291 4321 391 4374 καὶ
419 4320 616 4376 ἑαυτὸν
637 4325 714 4396 τῷ
750 4328 862 4380 Πατ
875 4329 928 4398 ρὶ
953 4333 1254 4404 προσφέρει
1282 4335 1480 4397 Θυσίαν
1521 4339 1664 4411 ὑπὲρ
1693 4343 1873 4413 ἡμῶν.

289 4416 452 4486 Αὐτῷ
511 4419 620 4490 γὰρ
682 4400 1272 4499 πεπλημμελήκαμεν,
1318 4434 1414 4486 καὶ
1459 4400 1765 4490 αὑτὸνιεδει
1813 4439 1873 4494 τι
1901 4400 1955 4459 D

285 4507 439 4599 ὑπὲρ
467 4510 628 4580 ἡμῶν
670 4512 867 4584 λύτρον
912 4517 1190 4589 δέξασθαι,
1242 4526 1338 4578 καὶ
1369 4524 1543 4590 οὕτως
1594 4530 1744 4599 ἡμᾶς
1779 4531 1873 4584 λυ-

289 4598 458 4693 βῆναι
491 4605 589 4671 τῆς
619 4608 1048 4679 ζκατακρίσεως.
1117 4613 1261 4667 Ἀλλ’
1291 4619 1339 4668 εί
1375 4618 1469 4672 καὶ
1502 4598 1762 4692 τέθνηκεν
1782 4623 1874 4693 ζὼς

285 4691 607 4762 ἄνθρωπος,
654 4700 750 4751 καὶ
798 4700 832 4767 ἠ
876 4701 1008 4768 ἁγία
1071 4705 1240 4758 αὑτοῦ
1289 4709 1434 4781 ψυχὴ
1481 4691 1710 4785 διῃρέθη
1776 4691 1872 4768 τοῦ

282 4785 572 4877 ἀχράντου
606 4786 886 4860 σώματος,
921 4793 1037 4847 ἀλλ’
1065 4798 1097 4866 ἡ
1127 4797 1320 4870 Θεότης
1346 4802 1652 4874 ἀχώριστος
1689 4807 1873 4877 ἀμφο-

279 4875 470 4944 τέρων
499 4877 758 4948 διέμεινε,
789 4884 885 4952 τῆς
914 4901 972 4936 τε
1003 4885 1204 4957 ψυχῆς,
1233 4891 1398 4961 φημὶ,
1428 4894 1522 4946 καὶ
1551 4894 1649 4947 τοῦ
1688 4875 1874 4966 σώμα-

280 4982 408 5029 τος.
463 4967 574 5022 Καὶ
603 4971 716 5024 οὐδ’
742 4972 974 5046 οὕτωςή
1023 4977 1125 5046 μία
1161 4981 1462 5044 ὑπόστασις
1512 4985 1592 5047 είς
1621 4985 1716 5039 δύο
1742 4988 1874 5041 ὐπο-

285 5056 515 5122 στὰσεις
544 5061 818 5134 διῄρηται.
847 5067 920 5118 Τό
952 5085 1010 5121 τε
1041 5071 1149 5142 γὰρ
1179 5071 1336 5141 σῶμα
1367 5075 1460 5127 καὶ
1488 5076 1520 5144 ἡ
1548 5075 1695 5149 ψυχὴ
1729 5080 1872 5133 κατὰ

284 5150 495 5202 ταυτὸν
526 5151 585 5216 ἐξ
616 5157 796 5226 ἀρχῆς
833 5159 892 5211 ἐν
921 5162 984 5231 τῇ
1023 5162 1115 5216 τοῦ
1148 5163 1323 5231 Λόγου
1354 5164 1652 5220 ὑποστάσει
1681 5169 1874 5240 ἔχοντα

282 5241 388 5310 τὴν
420 5241 680 5314 ὓπαρξιν,
711 5251 805 5303 καὶ
838 5253 896 5306 ἐν
921 5254 997 5320 τῷ
1020 5254 1238 5329 Θανάτῳ
1258 5255 1504 5329 ἀλλήλων
1529 5259 1878 5331 διαιρεθέντα

285 5331 478 5400 ἔμεινε
514 5335 614 5406 τὴν
637 5339 769 5408 μίαν
795 5343 891 5397 τοῦ
925 5345 1099 5414 Λόγου
1142 5349 1447 5404 ὑπόστασιν
1504 5349 1725 5422 ἔχοντα,
1783 5357 1876 5412 καὶ

285 5423 621 5495 ἁδιαιρέτως
641 5431 898 5504 ἡνωμένα
931 5435 1104 5505 αὐτῷ.

368 5697 595 5756 ³1Τίιη.
626 5719 662 5770 ι,
699 5703 749 5761 7.
827 5707 893 5762 Ἰ
935 5707 1084 5766 Petr.
1122 5725 1184 5778 tt,
1211 5710 1299 5764 22.

1984 3172 2063 3218 tes
2084 3165 2124 3218 ί.
2155 3161 2291 3218 Nam
2328 3164 2376 3221 si
2403 3179 2530 3220 caro
2554 3180 2680 3220 vere
2704 3166 2992 3235 conjuncta
3028 3173 3110 3218 est
3151 3160 3350 3227 Verbo,
3404 3159 3566 3215 simul

1980 3263 2145 3326 atque.
2195 3270 2317 3312 esse
2353 3258 2542 3326 cmpit,
2583 3268 2637 3312 et
2669 3259 2915 3314 eamdem
2943 3273 3063 3311 cum
3097 3258 3211 3327 ipso
3247 3257 3300 3310 iu
3334 3270 3564 3326 persona

1978 3347 2274 3402 essentiam
2310 3347 2517 3417 habuit,
2552 3349 2644 3419 qui
2681 3350 2796 3404 fieri
2832 3349 3030 3418 potuit,
3069 3355 3127 3403 nt
3171 3349 3409 3419 perfecte
3437 3365 3570 3406 cun-

1979 3447 2096 3495 ctas
2125 3441 2405 3509 sapientia:
2434 3451 2485 3497 et
2516 3443 2702 3513 gratiae
2728 3444 2948 3498 divitias
2983 3457 3092 3499 non
3137 3443 3435 3498 habuerit?

2481 3621 2756 3691 Ejusdem.
2795 3622 2929 3694 Cap.
2963 3625 3050 3680 98.

2051 3794 2185 3849 Cum
2230 3793 2348 3849 sine
2383 3786 2623 3864 'peocato
2672 3805 2817 3850 esset
2865 3795 3122 3851 Dominus
3176 3807 3360 3852 noster
3411 3796 3567 3854 Jesns

1979 3887 2246 3950 Christus,
2295 3893 2572 3952 peccatum
2606 3886 2749 3940 enim
2810 3902 2918 3941 non
2977 3887 3125 3953 fecit,
3194 3888 3287 3957 qui
3349 3889 3566 3943 sustulit
3651 3880 3655 3885 ’

1955 3990 2262 4049 ‘peccatum
2305 3977 2511 4042 mundi,
2563 3992 2665 4033 nec
2726 3979 2976 4034 inventus
3019 3991 3105 4035 est
3162 3981 3314 4036 dolus
3365 3982 3417 4034 in
3471 3996 3567 4035 ore

1981 4071 2168 4141 ejus’,
2225 4070 2388 4126 morti
2450 4086 2555 4124 non
2611 4071 2711 4126 fuit
2766 4072 3060 4126 obnoxius.“
3138 4073 3417 4143 Siquidem
3473 4090 3568 4142 per

1982 4171 2266 4231 peccatum
2310 4162 2364 4215 in
2418 4162 2674 4216 mundum
2717 4178 2862 4218 mors
2894 4163 3154 4219 introivit.
3207 4164 3446 4220 Mortuus
3485 4177 3569 4220 est

1983 4251 2170 4321 igitur,
2232 4261 2461 4306 mortem
2519 4267 2616 4321 pro
2673 4253 2828 4308 nobis
2876 4253 3116 4319 subiens,
3164 4266 3218 4310 ct
3266 4271 3325 4310 se
3384 4256 3562 4325 ipsum

1986 4340 2128 4397 Patri
2185 4357 2282 4412 pro
2339 4342 2493 4398 nobis
2544 4342 2776 4397 hostiam
2847 4341 3066 4398 obtulit.
3145 4343 3253 4400 Nos
3297 4349 3441 4399 enim
3513 4346 3566 4400 in

1978 4449 2101 4490 eum
2134 4447 2574 4503 peccaveramus,
2607 4443 2662 4488 et
2706 4433 2882 4504 ipsum
2925 4436 3212 4504 oportebat
3267 4451 3364 4506 pro
3415 4438 3568 4492 nobis

1973 4527 2208 4598 pretium
2269 4525 2542 4594 accipere,
2596 4535 2758 4594 atque
2829 4525 2902 4580 ita
2966 4541 3063 4582 nos
3113 4529 3568 4583 condemnatioue

1972 4619 2213 4676 liberari.
2269 4616 2424 4684 Quod
2486 4617 2532 4672 si
2598 4626 2841 4674 mortuus
2898 4629 2985 4675 est
3042 4620 3208 4676 etiam
3269 4631 3326 4674 ut
3375 4619 3564 4685 homo,

1974 4723 2029 4768 ct
2094 4720 2280 4768 sancta
2338 4710 2511 4781 ipsius
2587 4711 2765 4766 anima
2817 4712 2888 4768 ab
2941 4712 3290 4768 immaculato
3337 4726 3566 4782 corpore

1975 4815 2226 4873 separata
2289 4813 2393 4868 est,
2432 4802 2690 4859 divinitas
2747 4813 2980 4859 tamena
3030 4816 3224 4860 neutro
3281 4804 3560 4870 discessit,

1981 4910 2082 4948 nec
2118 4897 2184 4948 ab
2223 4895 2425 4959 anima,
2478 4908 2576 4949 nec
2622 4909 2650 4948 a
2714 4909 2964 4966 corpore.
3033 4895 3217 4966 Neque
3281 4905 3564 4966 propterea

1981 5001 2209 5054 persona
2263 5001 2368 5039 una
2434 4987 2486 5039 in
2547 4990 2684 5041 duas
2754 4987 2922 5041 divisa
2981 4997 3085 5042 est.
3157 4987 3291 5042 Nam
3366 5001 3564 5057 corpus

1977 5087 2029 5131 et
2098 5077 2300 5140 anima,
2358 5093 2478 5147 qua:
2554 5079 2744 5132 eodem
2802 5088 3048 5149 tempore
3099 5095 3127 5134 a
3192 5080 3458 5150 principio
3511 5076 3565 5134 in

1975 5169 2136 5225 Verbi
2198 5183 2430 5238 persona
2512 5169 2801 5225 essentiam
2893 5172 3227 5237 habuerunt,
3311 5171 3439 5225 licet
3510 5169 3564 5224 iu

1977 5270 2150 5316 morte
2209 5260 2454 5328 sejuncta
2493 5260 2714 5326 fuerint,
2773 5277 2933 5318 unam
2993 5274 3169 5318 tamen
3229 5262 3389 5319 Verbi
3438 5275 3565 5331 per-

1979 5368 2165 5408 sonam
2201 5350 2454 5406 habentia
2495 5359 2551 5409 et
2616 5353 2734 5409 sine
2773 5354 3040 5411 divisione
3077 5369 3200 5411 cum
3253 5355 3372 5428 ipso
3432 5367 3565 5411 conm

1975 5447 2163 5517 juncta
2197 5456 2641 5515 permanserunt.
