4020 6214
480 262 610 329 101!

954 448 955 451 η
1002 385 1306 444 TITULUS
1343 383 1483 439 XVI.

474 492 661 564 Magni
697 496 978 570 Athanasii
1001 500 1247 555 adversus
1274 499 1525 570 illos,qui
1574 499 1841 570 Christum
1879 514 2041 553 unam

545 581 655 619 esse
676 568 872 639 _dt'c_unt
910 580 1157 639 naturam
1181 568 1540 637 compositam.
1567 569 1709 625 Licet
1737 572 1876 625 enim
1904 579 2042 639 post-

547 652 612 711 ea
635 634 1000 711 ab_Eutychc,
1064 634 1341 703 Dioscorb,
1388 649 1439 711 et
1494 634 2041 711 Monophysitis'hwc

547 704 764 777 hat-esis
824 704 1001 777 fuerit
1034 718 1349 776 propagata,
1403 709 1614 777 fuerunt
1657 704 1830 765 tamen
1883 720 2042 763 antea

546 776 782 855 quidam,
811 778 901 855 qui
927 778 1146 844 nefaria:
1174 776 1623 855 istius_opittionis
1660 781 1863 855 sentina
1906 795 2043 855 pra-

541 844 800 915 jecerunt.
834 844 1065 901 Sanctus
1094 858 1268 901 autem
1300 844 1566 902 Maaimus
1586 866 1699 904 eam
1725 850 1852 903 dicit
1885 844 2041 915 Apol-

547 914 799 967 linarium
821 916 1208 971 disseminaue.

547 1089 693 1154 Quid
709 1099 795 1143 est
813 1102 1185 1161 argumentum
1217 1094 1368 1157 illud,
1402 1111 1508 1165 qno
1537 1096 1697 1151 veluti
1725 1098 1893 1153 ariete
1916 1098 2035 1151 ani-

480 1193 595 1250 mus
616 1179 846 1247 petunt?
890 1181 1130 1244 Partem,
1182 1183 1454 1252 inquiunt,
1505 1185 1753 1239 essentia
1808 1185 2039 1254 propria:

479 1269 621 1327 Dens
650 1271 777 1339 fecit
809 1286 1028 1327 carnem
1090 1286 1461 1344 assumptam:
1520 1286 1576 1328 ut
1603 1292 1667 1331 co
1724 1288 1881 1345 pacto
1934 1294 2039 1331 una

479 1367 765 1424 utrumque
794 1358 1029 1439 essentia
1062 1360 1408 1428 intelligatur,
1440 1377 1565 1429 qua:
1596 1362 1909 1430 impatibilis
1944 1364 2037 1426 sit,

477 1451 1007 1515 quatenusVerbum
1037 1461 1138 1517 est,
1173 1452 1404 1523 patiatur
1430 1464 1607 1508 autem
1635 1464 1788 1523 parte
1837 1454 2038 1519 carnis,

477 1557 599 1606 quae
631 1555 753 1596 cum
788 1541 968 1598 Verbo
1000 1544 1064 1597 ad
1098 1559 1258 1597 unam
1312 1545 1602 1598 essentiam
1657 1545 2036 1601 absolvendam

472 1633 776 1686 concurrit.
807 1633 919 1687 Hoc
949 1640 1128 1687 autem
1191 1634 1484 1689 absurdum
1537 1649 1661 1691 esse
1707 1644 1761 1690 et
1802 1636 2040 1692 maxime

1704 264 2088 326 EUTIIYMII
2127 267 2487 331 ZIGABENI

2070 380 2125 439 Δ

3577 268 3731 336 10ιὲ

2723 385 2972 441 ΤιτΑοΣ
3009 383 3127 453 ις’.

2149 498 2260 552 Τοῦ
2284 501 2553 569 μεγάλου
2586 500 2937 555 Ἀθανασίου
2965 498 3043 569 (l)
3084 498 3234 569 κατὰ
3263 495 3391 569 τῶι(
3415 498 3729 569 λεγόντων

2213 565 2361 638 μίαν
2372 565 2673 626 σύνθετον
2686 572 2879 639 φύσιν
2895 565 3327 639 γεγονέναι-τόν
3345 566 3626 635 Χριστόν.
3648 568 3727 639 ρει

2216 633 2327 707 γὰρ
2359 641 2617 707 ὕστερον
2642 633 2742 693 sin
2768 633 3080 707 Εὑτὺχὸῦς
3116 635 3214 689 καὶ
3240 633 3724 707 Amandprth

2216 701 2655 777 Μονοφυοῖιτῶν
2705 710 2739 775 ἡ
2769 701 3333 777 αῖρεοῖὶςῆκμασεν,
3372 701 3513 777 ἀλλ’
3550 701 3726 777 ἥοίάγ

2214 774 2497 843 τινεδκαί
2520 774 2812 845 πρότερον
2844 780 2897 831 οὶ
2922 776 3031 831 τοῦ
3066 775 3337 845 πονηροῦ
3370 776 3591 845 τούτου
3616 774 3725 845 δᾴτ

2215 842 2438 916 γμαιος
2492 842 2576 900 τά
2619 842 2933 915 σπέρματα
2978 844 3486 916 καταϐάλλοντες.
3544 842 3607 896 '0
3651 842 3727 916 δὲ

2213 911 2380 985 ἅγιος
2415 911 2684 983 Μάξιμος
2717 911 2952 983 ἀέτορέα
2980 916 3202 980 ταύτης
3223 912 3333 967 τόν
3370 911 3730 968 Ἀπουιλιγά-

2205 1004 2345 1052 ριον
2366 986 2678 1055 γεγονέναι
2694 986 2878 1053 λέγει.

2212 1102 2276 1153 Τί
2325 1099 2385 1151 τδ
2437 1099 2679 1169 μηνυθὲν
2713 1097 3096 1174 ἐπιχείρημα,
3163 1095 3322 1165 δίκην
3369 1088 3727 1163 όρμητηρίου

2142 1193 2258 1253 ταῖς
2283 1191 2481 1261 ψυχαῖς
2507 1190 2897 1258 λυμαινόμενον
2920 1205 2933 1253 ;
2959 1187 3161 1257 Μέρος,
3191 1184 3349 1255 φησὶ,
3381 1184 3478 1252 τῆς
3503 1182 3729 1259 οἰκείας

2140 1281 2329 1344 οὐσίας
2359 1285 2387 1335 ὁ
2412 1282 2544 1343 Θεὸς
2580 1282 2754 1348 Λόγος
2787 1278 2887 1349 τὴν
2945 1277 3355 1348 ἀναληφθεῖσαν
3392 1275 3573 1341 σάρκα
3622 1289 3736 1324 πε-

2142 1371 2387 1439 ποίηται,
2447 1371 2523 1433 ὡς
2571 1374 2636 1422 ἐκ
2693 1370 2886 1423 τούτου
2947 1369 3079 1437 μίαν
3117 1365 3309 1421 οὐσίαν
3356 1364 3595 1419 νοεῖσθαι
3662 1361 3734 1414 τδ

2143 1464 2579 1533 συναμφότερον,
2613 1462 2888 1532 μένουσαν
2922 1460 3023 1528 μὲν
3043 1458 3229 1528 ἀπαθῆ
3253 1457 3391 1511 καθὸ
3415 1458 3590 1523 Λόγος
3624 1452 3733 1524 ἦν,

2142 1557 2457 1627 πάσχουσαν
2505 1556 2561 1609 δὲ
2604 1553 2682 1624 τῷ
2722 1551 2993 1623 μέρειτῆς
3028 1550 3230 1620 σαρκὸς
3281 1550 3377 1618 τῆς
3433 1550 3575 1617 μετὰ
3613 1545 3729 1598 τοῦ

2140 1648 2315 1715 Λόγου
2348 1644 2714 1711 συντελούσης
2752 1644 2834 1704 είς
2890 1640 3024 1710 μίαν
3051 1637 3264 1691 οὐσίαν.
3321 1634 3526 1687 Τούτου
3566 1633 3624 1684 δὲ
3663 1633 3739 1683 τὸ

475 1722 863 1777 exsecrandum
890 1722 1045 1777 facile
1060 1723 1237 1793 quivis
1265 1724 1542 1795 intelligat.
1580 1723 1739 1791 Pars,
1768 1726 2036 1795 inquiunt,

2155 1712 2364 1800 ἱτοπον,
2398 1738 2491 1790 καὶ
2519 1736 2579 1788 τδ
2613 1734 2794 1802 πάσης
2826 1729 3175 1802 βλασφημίας
3227 1726 3485 1781 ἐπέκεινα
3521 1723 3733 1794 ῥᾴδιον

473 1812 671 1867 divinae.
698 1815 945 1868 essentia!
975 1828 1122 1879 caro,
1164 1822 1217 1869 et
1240 1816 1380 1884 quod
1413 1816 1582 1884 magis
1634 1816 1807 1872 adhuc
1863 1818 2042 1872 riden—

475 1906 601 1958 dum
624 1913 727 1968 est,
758 1918 884 1974 pars
913 1904 1079 1969 illius,
1104 1905 1195 1974 qui
1219 1905 1395 1960 nullas
1426 1906 1586 1961 habet
1616 1917 1821 1976 partes.
1874 1910 2037 1964 Com-

476 1996 708 2063 positam
740 1992 965 2059 faciunt,
996 2012 1114 2063 quae
1144 1997 1371 2064 simplex
1401 2007 1506 2053 est.
1541 1997 1675 2052 Nam
1704 2000 1747 2055 si
1780 2000 1864 2053 ha:
1921 2015 2037 2055 mu-

479 2098 583 2141 tua:
617 2088 759 2141 inter
781 2102 842 2143 se
867 2096 1049 2159 partes
1116 2088 1181 2141 ad
1212 2104 1374 2143 unum
1420 2089 1636 2159 aliquod
1684 2103 2039 2157 concurrunt,

477 2178 832 2246 compositum
864 2178 1137 2234 diversum
1164 2180 1486 2243 ostenditur,
1544 2183 1685 2247 quod
1713 2197 1743 2236 e
1798 2184 2042 2253 partibus

475 2275 687 2333 constat
711 2265 1107 2322 diﬂercntibns.
1139 2267 1413 2324 Praeterea
1440 2270 1667 2340 suscipit
1736 2272 2041 2328 incremen-

474 2363 587 2409 tum
614 2370 681 2411 ει
710 2371 872 2413 carne
906 2356 1103 2425 addita,
1128 2373 1245 2427 quze
1288 2374 1393 2415 non
1458 2362 1512 2415 in
1565 2374 1763 2418 natura
1821 2367 2038 2435 propria

477 2455 777 2515 spectatur,
807 2447 900 2503 sed
931 2464 1054 2519 pars
1080 2463 1201 2505 esse
1227 2451 1476 2507 essentia:
1500 2467 1719 2509 carnem
1748 2455 1920 2525 ipsam
1947 2471 2040 2513 ac-

477 2538 746 2607 cipientis.
783 2541 923 2608 Quin
948 2541 1110 2597 etiam
1150 2558 1214 2597 ex
1260 2544 1344 2599 his
1402 2545 1628 2601 mutatio
1694 2556 1859 2615 patet,
1913 2564 2039 2605 cum

484 2628 715 2685 Verbum
767 2632 998 2702 amplius
1072 2636 1367 2689 secundum
1430 2646 1687 2692 aeternam
1748 2643 2038 2696 essentiam

481 2738 583 2775 non
613 2733 850 2788 maneat,
890 2725 984 2779 sed
1024 2725 1169 2779 aliud
1197 2726 1451 2797 quiddam
1508 2738 1729 2800 propter
1779 2746 2039 2804 augmen-

479 2824 589 2891 tum
621 2826 741 2869 esse
765 2815 1059 2887 conlingat.
1090 2816 1256 2871 Deum
1287 2829 1531 2874 naturam
1566 2823 1877 2879 mutabilem
1934 2826 2039 2882 im-

481 2905 755 2962 mutabilis
834 2916 1040 2963 naturaz
1106 2918 1312 2979 partem
1387 2913 1691 2981 constituis,
1762 2928 1816 2971 et
1877 2933 2039 2974 unam

2143 1832 2219 1901 τῷ
2251 1830 2563 1898 βουλομένῳ
2594 1825 2957 1894 καταμαθεῖν.
2990 1821 3175 1891 Μέρος
3198 1819 3295 1887 τῆς
3324 1818 3476 1880 θείας
3516 1815 3732 1878 οὐσίας

2142 1927 2177 1993 ἡ
2210 1923 2367 1992 σὰρξ,
2399 1919 2498 1972 καὶ
2552 1917 2614 1970 τὺ
2675 1916 3017 1986 γελοιότερον
3072 1912 3241 1983 μέρος
3279 1910 3381 1980 τῆς
3443 1907 3729 1979 ἀμεροῦς.

2144 2015 2319 2066 ποιεῖν
2368 2027 2429 2063 τε
2493 2007 2747 2063 σύνθετον
2795 2006 2895 2077 τὴν
2943 2005 3144 2077 ἁπλῆν.
3190 2002 3254 2059 El
3303 2002 3411 2073 γὰρ
3459 2001 3727 2072 ἀλλήλων

2143 2104 2365 2159 τοιαῦτα
2388 2103 2552 2173 μέρη,
2585 2103 2665 2163 είς
2696 2100 2754 2153 ἒν
2776 2117 2829 2152 τι
2866 2097 3250 2160 συντελοῦντα,
3280 2095 3468 2166 ιτερον
3491 2096 3555 2147 τὸ
3589 2097 3726 2147 σὲν-

2144 2198 2295 2251 θετον
2326 2196 2600 2249 δείκνυται
2652 2192 2714 2245 τὸ
2772 2193 2835 2244 ὲκ
2864 2191 3140 2259 διαφόρων
3174 2187 3504 2241 συνεστάναι
3556 2186 3725 2254 λεγό-

2146 2304 2327 2357 μενον,
2360 2283 2476 2338 εἶτα
2501 2284 2789 2354 δεχόμενον
2820 2281 3052 2350 αὔξησιν
3074 2282 3139 2333 ἐκ
3175 2280 3271 2351 τῆς
3315 2277 3727 2350 προστεθείσης

2147 2376 2371 2445 σαρκὸς,
2399 2375 2499 2429 οὐκ
2542 2374 2600 2426 ὲν
2635 2375 2704 2443 τῇ
2754 2371 2863 2443 ίδίᾳ
2918 2370 3085 2439 φύσει
3126 2368 3537 2439 θεωρουμένης,
3578 2366 3735 2419 ἀλλὰ

2149 2467 2312 2536 μέρος
2356 2465 2455 2533 τῆς
2490 2462 2586 2516 τοῦ
2616 2461 2875 2524 λαὸόντος
2906 2461 3101 2526 οὐσίας
3146 2457 3544 2527 γεγενημένης,
3579 2458 3733 2524 μᾶλ-

2144 2558 2232 2609 λον
2256 2557 2313 2609 δὲ
2348 2558 2446 2611 καὶ
2470 2552 2833 2623 μεταποίησις
2868 2550 3123 2606 ἐντεῦθεν
3175 2550 3467 2620 μηνύεται,
3510 2547 3733 2617 μηκέτι

2143 2648 2237 2700 τοῦ
2268 2647 2447 2715 Λόγου
2480 2647 2624 2700 κατὰ
2647 2646 2747 2713 τὴν
2777 2644 2948 2698 ἀίδιον
2978 2642 3216 2714 ὕπαρξιν
3253 2643 3529 2712 μένοντος,
3576 2640 3736 2694 ἀλλὰ

2144 2739 2288 2802 τινὸς
2318 2738 2509 2808 ἐτέρου
2533 2738 2623 2791 διὰ
2656 2738 2756 2807 τῆς
2786 2734 3107 2805 προσθήκης
3158 2735 3452 2805 τυγχάνειν
3486 2733 3733 2800 ἐλεγχο-

2149 2830 2331 2897 μένου.
2385 2828 2458 2880 Τὸ
2491 2827 2603 2897 γὰρ
2634 2826 2733 2897 τὴν
2761 2826 3008 2899 τρεπτὴν
3042 2826 3207 2895 φύσιν
3244 2826 3407 2895 μέρος
3445 2825 3734 2895 ποιήσασ-

2145 2920 2234 2972 θαι
2264 2918 2364 2987 τῆς
2391 2917 2685 2988 άτρέπτου,
2718 2918 2813 2969 καὶ
2848 2915 2979 2985 μίαν
3018 2916 3225 2985 ταύτην
3258 2915 3314 2981 ὲξ
3371 2915 3722 2985 ἀμφοτέρων

481 3001 640 3056 iStam
671 3015 738 3056 ex
784 3010 1013 3072 utraque
1043 3018 1235 3059 novam
1281 3008 1753 3076 compositionem,
1778 3019 1833 3066 et
1861 3022 2039 3067 muta-

2155 3010 2500 3080 καινοτομίαν
2558 3008 2772 3071 οὐσίας,
2835 3008 2932 3060 καὶ
2988 3005 3264 3076 ἀποϐολὴν
3323 3005 3729 3072 ἀποφαίνεται,

482 3091 683 3145 tionem
713 3092 978 3156 ostendis,
1019 3094 1155 3147 adeo
1180 3105 1240 3148 ut
1265 3110 1456 3163 magna
1500 3096 1788 3152 dimcultas
1821 3100 1873 3153 in
1929 3105 2041 3156 ani-

482 3197 570 3236 mo
607 3182 905 3250 oboriatur,
935 3198 1056 3239 cum
1086 3199 1185 3240 nec
1219 3186 1345 3255 quid
1399 3186 1524 3241 inde
1565 3198 1829 3258 sequatur
1870 3192 2041 3247 videri

479 3284 658 3343 queat,
685 3290 858 3346 neque
892 3276 969 3331 rei
998 3279 1290 3345 propositae
1324 3294 1517 3333 nomen
1548 3281 1867 3350 reperiatur.
1926 3284 2043 3351 Quo

478 3368 620 3420 enim
658 3366 872 3422 nomine
903 3382 1063 3420 unam
1091 3382 1154 3421 ex
1187 3368 1431 3438 utrisque
1462 3372 1752 3427 essentiam
1816 3374 2045 3444 appelle-

481 3455 640 3512 mus?
680 3456 912 3512 Verbum
945 3460 1286 3515 tantumiAt
1312 3462 1491 3517 carnis
1536 3476 1659 3531 pars
1699 3464 1750 3518 id
1797 3479 1900 3520 non
1926 3481 2045 3535 per-

480 3550 664 3605 mittit.
696 3550 927 3607 Carnem
963 3554 1373 3609 tantummodo?
1415 3558 1486 3612 At
1537 3557 1589 3611 id
1634 3556 1790 3613 Verbi
1852 3570 2042 3615 natura

480 3656 584 3695 non
634 3642 906 3697 concedit.
979 3643 1364 3701 Christumne?
1420 3647 1876 3716 Dispensationis,
1937 3667 2043 3707 non

478 3742 661 3790 autem
701 3735 950 3790 essentia!
998 3736 1144 3791 istud
1207 3750 1292 3793 est
1359 3753 1576 3794 nomen.
1643 3741 1787 3797 Proh
1851 3743 2044 3814 impio-

477 3841 598 3880 rum
632 3825 913 3881 hominum
946 3827 1234 3893 insaniam,
1266 3828 1356 3897 qui
1386 3829 1513 3884 dum
1536 3829 1927 3887 immutabilem
1951 3848 2045 3887 au-

478 3918 924 3975 dentessentiam
962 3927 1219 3985 tractare,
1253 3921 1471 3990 proprio
1498 3921 1659 3977 etiam
1708 3923 1924 3979 nomine
1974 3926 2048 3996 ip-

480 4025 596 4063 sam
656 4009 975 4079 spoliarunt.
1018 4009 1127 4067 Ista
1185 4012 1329 4065 enim
1364 4008 1571 4066 ratione
1623 4010 1760 4068 Filio
1822 4029 1891 4069 ne
1921 4014 2046 4070 illud

479 4100 695 4171 quidem
730 4102 1054 4167 servabitur,
1087 4109 1144 4155 ut
1166 4099 1404 4169 ejusdem
1446 4117 1565 4157 cum
1591 4100 1749 4157 Patre
1770 4104 1837 4158 sit
1869 4082 2047 4159 essen-

483 4194 590 4249 tite.
627 4194 727 4259 Qui
753 4195 897 4249 enim
924 4193 1173 4249 essentia:
1201 4194 1430 4263 propria;
1454 4195 1820 4250 accessionem
1849 4206 1903 4252 et
1930 4213 2047 4252 mu-

483 4286 831 4339 tationemex
868 4284 1093 4339 alterius
1131 4286 1368 4340 admittit
1395 4286 1745 4353 admistione,
1809 4288 1857 4344 is
1915 4304 2043 4344 cum

483 4376 572 4430 illo
611 4378 701 4447 qui
730 4377 783 4431 in
814 4377 1002 4432 eadem
1046 4388 1223 4432 manet
1260 4377 1515 4443 essentia,
1542 4394 1645 4434 non
1669 4388 1753 4435 est
1801 4379 2043 4450 ejusdem

481 4470 750 4523 esscntiac.
781 4466 940 4521 Pater
987 4470 1130 4523 enim
1160 4480 1353 4537 praeter
1404 4469 1631 4540 gloriam
1660 4471 1934 4539 propriam
1992 4470 2044 4522 in

483 4571 676 4614 natura
709 4560 843 4614 nihil
874 4560 1134 4630 possidet.
1160 4559 1327 4614 Filius
1352 4568 1528 4615 autem
1585 4572 1790 4616 natura:
1819 4576 2042 4616 carnem

484 4652 805 4719 adiungens,
838 4661 899 4707 ut
927 4651 1103 4707 carnis
1125 4661 1177 4707 et
1207 4650 1368 4705 Verbi
1396 4667 1499 4707 una
1531 4652 1599 4706 sit
1624 4654 1883 4719 essentia,
1912 4654 2049 4707 tnui-

488 4754 597 4798 tum
631 4745 820 4799 abesse
841 4743 1264 4811 deprehenditur
1296 4747 1364 4797 ab
1383 4759 1447 4798 eo
1475 4744 1568 4814 qui
1614 4744 1813 4798 nullam
1865 4759 2048 4800 acces-

487 4838 691 4890 sionem
753 4836 820 4892 ad
902 4837 1154 4891 essentia:
1209 4838 1441 4906 propria:
1507 4837 1896 4891 incrementum
1959 4849 2050 4892 aut

486 4932 834 4984 mutationem
870 4927 1163 4998 acceperit.
1205 4927 1433 4983 Necesse
1466 4928 1629 4999 igitur
1662 4936 1764 4987 est,
1801 4940 1858 4980 ut
1892 4945 2050 4982 unum

481 5024 771 5077 essentiam
793 5021 949 5077 Verbi
969 5031 1023 5075 et
1045 5022 1338 5077 carnisnon
1358 5021 1637 5076 confusam
1656 5035 1936 5088 agnoscas,
1960 5032 2053 5075 aut

482 5116 532 5170 in
561 5131 747 5171 eorum
776 5116 865 5186 qui
900 5114 1090 5169 Arium
1158 5115 1329 5171 secuti
1355 5124 1503 5180 sunt,
1531 5128 1770 5169 errorem
1819 5115 2049 5181 incidas,

481 5219 535 5262 et
578 5209 794 5262 illorum
854 5208 1104 5263 essentite
1167 5208 1538 5263 diversitatem
1607 5208 1945 5272 introducas,
1992 5221 2047 5263 et

484 5303 652 5356 sacris
688 5301 895 5355 Domini
930 5303 1147 5355 vocibus
1174 5301 1499 5362 adverseris,
1550 5310 1605 5355 et
1677 5316 1872 5372 magno
1921 5316 2044 5355 cum

481 5390 721 5456 periculo
749 5403 973 5458 respuas
996 5390 1124 5443 illud
1153 5408 1167 5443 :
1198 5388 1309 5459 Ego
1334 5399 1379 5443 el
1403 5390 1565 5443 Pater
1588 5407 1748 5443 unum
1777 5409 1960 5445 suntut
1985 5394 1997 5423 ¹
2029 5411 2042 5458 ;

479 5494 566 5537 et:
614 5482 719 5548 Qui
764 5483 889 5537 vidit
922 5499 1021 5547 me,
1066 5485 1283 5535 Patrem
1315 5481 1441 5536 vidit
1465 5484 1505 5535 '.
1547 5482 1828 5548 Quomodo
1858 5499 2043 5547 unum,

553 5604 570 5632 ί
598 5599 751 5655 Joan.
785 5614 839 5664 ι,
879 5600 967 5654 50.
1045 5602 1065 5631 ¹
1103 5598 1258 5653 Joan.
1284 5615 1395 5664 xw,
1434 5599 1490 5655 9.

2143 3100 2217 3163 ὡς
2251 3099 2449 3169 πολλὴν
2479 3099 2793 3169 ἀμηχανίαν
2839 3096 2982 3151 κατά
3030 3097 3130 3167 τὴν
3174 3096 3413 3153 διάνοιαν
3458 3094 3729 3163 φύεσθαι,

2149 3192 2225 3262 μὴ
2253 3191 2563 3261 δυναμένην
2616 3191 2752 3260 μήτε
2795 3207 2847 3243 τι
2902 3188 3199 3244 ἀκόλουθον
3264 3186 3515 3251 συνιδεῖν,
3574 3188 3731 3255 μήτε

2144 3282 2239 3335 τοῦ
2275 3279 2638 3353 προκειμένου
2667 3278 3043 3350 προσηγορίαν
3078 3278 3280 3348 εὐρείν.
3320 3278 3392 3329 Ἦ
3427 3277 3481 3328 τί
3530 3276 3600 3328 ἄν
3629 3292 3727 3338 τις

2146 3375 2288 3426 είποι
2337 3372 2436 3441 τὴν
2476 3371 2607 3439 μίαν
2654 3370 2716 3436 ἐξ
2766 3371 3094 3439 ἀμφοτέρων
3127 3370 3353 3434 οὐσίαν;
3405 3367 3580 3433 Λόγον
3620 3368 3726 3435 μό.

2147 3482 2237 3518 νον
2263 3482 2279 3531 ;
2314 3463 2460 3516 Ἀλλ’
2483 3462 2585 3515 οὐκ
2615 3463 2682 3533 ἑᾷ
2723 3463 2819 3530 τῆς
2860 3461 3062 3529 σαρκὸς
3090 3459 3151 3511 τὸ
3184 3460 3372 3529 μέρος.
3405 3459 3599 3527 Σάρκα
3624 3458 3733 3525 p6—

2147 3574 2268 3625 νον;
2300 3556 2444 3611 Ἀλλ’
2471 3556 2535 3609 οὐ
2582 3556 2861 3626 συγχωρεῖ
2891 3552 2986 3605 τοῦ
3011 3552 3185 3620 Λόγου
3222 3553 3257 3620 ἡ
3300 3551 3486 3618 φύσις.
3555 3549 3729 3602 Ἀλλά

2147 3650 2381 3721 Χριστόν
2401 3665 2416 3715 ;
2438 3648 2788 3718 υίκονομίας,
2809 3644 2924 3699 ἀλλ’
2939 3645 3040 3697 οὐκ
3067 3643 3258 3706 οὐσίας
3285 3643 3489 3705 ἔδωκας
3514 3640 3726 3708 ὄνομα..

2145 3743 2251 3796 Φεῦ
2266 3743 2368 3811 τῆς
2390 3741 2658 3811 θεομάχου
2681 3738 2905 3810 μανίαςί
2943 3736 3087 3791 κατὰ
3104 3736 3203 3806 τῆς
3232 3735 3506 3805 άτρέπτου
3525 3732 3727 3797 οὐσίας

2148 3834 2542 3903 τολμήσαντες,
2580 3832 2673 3884 καὶ
2701 3828 3083 3901 προσηγορίας
3102 3826 3307 3896 ταύτην
3334 3825 3532 3896 κυρίας
3564 3826 3730 3877 ἐστέ-

2151 3941 2346 3996 ρησαν,
2378 3924 2452 3987 ὡς
2502 3923 2705 3993 μηκέτι
2740 3921 2882 3975 κατὰ
2911 3920 3103 3973 τοῦτον
3142 3917 3233 3971 τὸν
3285 3918 3443 3986 λόγον
3480 3917 3619 3986 μηδὲ
3657 3917 3733 3970 τὸ

2146 4019 2429 4085 ὁμοούσιον
2469 4017 2546 4087 τῷ
2600 4015 2717 4086 Υίῷ
2752 4014 2885 4084 πρὸς
2928 4014 3019 4066 τὸν
3056 4012 3279 4081 Πατέρα
3318 4010 3727 4079 φυλάττεσθαι.

2148 4111 2237 4181 Τῷ
2286 4110 2395 4179 γὰρ
2423 4110 2480 4163 ὲν
2507 4109 2572 4179 τῇ
2617 4106 2910 4174 ταυτότητι
2941 4103 3039 4172 τῆς
3074 4103 3266 4166 οὐσίας
3318 4102 3729 4171 γινωσκομένῳ

2147 4201 2175 4253 ὁ
2210 4198 2527 4267 προσθήκην
2560 4196 2658 4248 καὶ
2689 4193 2997 4263 μεταϐολὴν
3031 4191 3132 4260 τῆς
3159 4191 3369 4253 οίκείας
3402 4193 3732 4261 ἐργασάμε-

2149 4306 2238 4350 νος
2269 4288 2329 4351 ἐξ
2360 4284 2643 4354 ἐπιμιξίας
2671 4282 2840 4352 ἄλλης
2867 4281 2967 4335 οὐκ
3011 4280 3091 4333 ἔτι
3115 4281 3281 4344 σώζει
3310 4281 3372 4334 τὸ
3402 4280 3729 4350 ὀμοούσιον.

2159 4381 2219 4433 '0
2250 4377 2478 4447 μὲνγὰρ
2504 4374 2693 4445 Πατὴρ
2722 4372 2876 4427 οὐδὲν
2915 4372 3114 4436 ἔξωθεν
3159 4372 3261 4441 τῆς
3307 4372 3515 4435 οἰκείας
3555 4372 3734 4439 δόξης

2143 4473 2201 4522 ὲν
2230 4472 2295 4539 τῇ
2330 4468 2489 4537 φύσει
2543 4467 2834 4535 κέκτηται,
2886 4465 2915 4517 ὁ
2952 4464 3009 4518 δὲ
3040 4463 3167 4526 Υἱὸς
3223 4465 3729 4533 προσκτησάμενος

2142 4564 2200 4614 ἐν
2253 4564 2321 4629 τῇ
2370 4559 2528 4629 φύσει
2571 4559 2670 4626 τὴν
2704 4556 2908 4625 σάρκα,
2955 4555 3052 4608 καὶ
3099 4553 3233 4623 μίαν
3292 4555 3484 4607 οὐσίαν
3544 4555 3729 4623 αὐτῆς

2144 4650 2359 4707 καὶτοῦ
2392 4651 2567 4716 Λόγου
2590 4646 2875 4708 δεικνύων,
2911 4646 3170 4716 πάμπολυ
3204 4646 3428 4708 διεστὼς
3470 4646 3726 4714 άπελὲγ-
3766 4722 3767 4725 η

2146 4762 2298 4816 χεται
2330 4744 2422 4796 τοῦ
2462 4741 2732 4811 μηδεμίαν
2765 4738 3087 4810 προσθήκην
3131 4739 3212 4801 εἰς
3248 4737 3500 4808 αὔξησιν,
3539 4738 3577 4808 ἦ
3618 4756 3726 4809 με·
3768 4738 3775 4787 ἓ

2147 4836 2380 4906 ταθολὴν
2410 4836 2505 4903 τῆς
2538 4832 2747 4894 οίκείας
2772 4830 2964 4893 οὐσίας
3015 4830 3411 4899 κομισαμένου.
3474 4831 3727 4904 Ἀνάγκη

2149 4930 2325 4983 τοίνυν
2357 4927 2389 4997 ἢ
2420 4927 2494 4996 μὴ
2529 4924 2659 4994 μίαν
2699 4923 2889 4976 οὐσίαν
2928 4922 3128 4975 εἰδέναι
3149 4921 3243 4974 τοῦ
3276 4921 3455 4988 Λόγου
3494 4925 3592 4975 καὶ
3621 4925 3730 4989 τῆς

2154 5019 2378 5092 σαρκὸς,
2418 5016 2553 5072 ἀλλὰ
2606 5013 2913 5083 ἀσύγχυτον
2962 5014 3181 5075 ἕνωσιν,
3235 5012 3268 5081 ἦ
3329 5015 3444 5075 τοῖς
3500 5015 3724 5083 Ἀρείου

2152 5110 2511 5183 κληρονόμοις
2558 5107 3054 5174 συγκαταπίπτειν,
3086 5104 3179 5157 καὶ
3220 5105 3280 5157 τὸ
3328 5105 3556 5157 ἐκείνων
3599 5106 3725 5157 tu-

2158 5205 2401 5277 ροούσιον
2437 5200 2816 5273 παρεισάγειν,
2842 5200 2964 5262 ταῖς
3002 5198 3175 5269 ἱεραῖς
3221 5215 3278 5248 τε
3314 5198 3406 5249 τοῦ
3441 5198 3723 5250 Δεσπότου

2152 5300 2358 5367 φωναῖς
2384 5295 2751 5354 ἀντιπίπτειν,
2780 5294 2875 5344 καὶ
2925 5290 3300 5358 παρωθεῖσἿαι
3343 5289 3465 5341 λίιν
3500 5290 3725 5341 sum»-

2150 5391 2318 5451 δύνως
2334 5388 2420 5452 τὸ,
2452 5387 2592 5456 Ἐγὼ
2611 5384 2707 5439 καὶ
2726 5387 2757 5437 ὀ
2780 5383 2983 5450 Πατὴρ
2999 5382 3068 5435 ἓν
3084 5382 3270 5451 ἐσμεν
3290 5400 3302 5411 ’
3322 5382 3436 5446 καὶ,
3454 5384 3517 5436 Ὀ
3540 5381 3728 5450 ἑωρα-

2151 5483 2261 5545 κὼς
2299 5479 2421 5548 ἐμὲ,
2477 5481 2695 5546 ἑώρακε
2726 5477 2833 5529 τὸν
2866 5478 3115 5543 Πατέρα.
3172 5476 3294 5538 Πῶς
3342 5474 3422 5539 ἓν,
3460 5475 3601 5527 ὅπου
3637 5487 3729 5528 το-

546 5712 617 5771 “)
649 5714 765 5765 Haec
797 5715 967 5769 Latine
994 5723 1181 5768 tantum
1206 5724 1401 5770 exstant
1422 5720 1551 5767 inter
1572 5716 1825 5765 Athanasii
1848 5728 2017 5778 opera,
2053 5713 2286 5766 editionis
2312 5718 2488 5761 nostra
2524 5718 2642 5759 tom.
2681 5710 2744 5773 li,
2767 5714 2860 5762 col.
2891 5710 3027 5759 1223.
