4042 6208
351 315 493 387 1013

1288 330 1671 395 PANOPLIA
1714 328 2177 393 DOGMATICA.
2220 356 2290 369 --
2326 334 2474 399 TlT.
2518 337 2671 401 XVI.

3486 333 3640 401 10M-

347 436 546 493 ιοῦτον
567 439 891 514 εὑρίσκεται
923 443 983 496 rb
1038 443 1320 516 διάφορον,
1364 447 1458 500 τοῦ
1495 448 1591 518 μὲν
1650 448 1732 509 εἰς
1790 445 1932 506 τέλος

2050 449 2140 504 ubi
2168 458 2318 506 tanta
2349 452 2649 509 diﬂ'erentia
2688 454 2978 524 reperitur,
3018 463 3076 511 ut
3117 470 3259 512 unus
3292 457 3508 527 quidem
3556 459 3624 511 ad

343 530 491 585 οὕτω
523 534 780 604 μένοντος
817 537 893 602 ὡς
934 538 1203 607 πεφυκὼς
1236 540 1296 608 ἐξ
1350 540 1524 595 ἀϊδίου
1582 537 1932 603 πιστεύεται,

344 624 441 677 τοῦ
472 625 531 678 δὲ
561 629 628 697 τῇ
654 627 905 682 συνθέσει
942 630 1043 701 τῆς
1093 632 1296 702 σαρκὸς
1350 635 1452 703 τὴν
1481 634 1691 685 οἰκείαν
1738 629 1932 683 οὐσίαν

346 718 784 790 κεράσαντος,ἢ
834 722 1200 793 αὐξήσαντος,
1258 723 1291 795 ἢ
1354 725 1498 778 κατὰ
1560 724 1826 795 σύγχυσιν
1852 724 1933 786 εἰς

346 806 478 861 ἄλλο
514 811 961 879 μεταπεσόντοςε
1017 813 1143 877 Πῶς
1179 816 1208 868 ό
1239 815 1432 869 τοῦτον
1460 816 1679 886 βλέπων
1721 816 1931 869 ἐκεῖνον

347 898 566 969 βλέπει.
606 904 768 973 εἰπερ
810 905 1026 976 Πατρὶς
1065 907 1165 977 μὲν
1196 909 1386 961 οὐσίαν
1438 908 1589 973 δηλοῖ
1621 912 1782 978 μόνον
1816 908 1934 962 θεό-

344 1006 469 1058 της,
530 991 665 1046 Υίοῦ
724 994 782 1048 δὲ
836 993 1030 1068 θεότης
1091 999 1186 1052 καὶ
1244 1000 1628 1071 ἀνθρωπότης,
1682 1002 1740 1057 ἓν
1785 1020 1836 1055 τι
1864 1005 1929 1074 τῇ

328 1070 510 1165 grtias:
559 1086 852 1157 γενόμενα,
884 1088 976 1142 καί
1020 1091 1238 1162 Πατρὸς
1274 1092 1373 1160 μὲν
1427 1070 1583 1147 οὐσία
1616 1095 1781 1165 μέρος
1832 1070 1932 1149 οὐκ
1981 1125 1992 1134 ~

350 1174 464 1243 ἔχει
484 1176 545 1229 τὸ
573 1177 806 1249 πάσχον,
837 1181 931 1234 τοῦ
957 1182 1134 1250 Λόγου
1168 1184 1226 1237 δὲ
1266 1186 1298 1254 ἡ
1326 1186 1489 1254 φύσις
1517 1186 1595 1257 τῷ
1626 1189 1786 1256 μέρει
1833 1190 1933 1259 τῆς

352 1270 557 1338 σαρκὸς
579 1270 852 1341 ὑπομένει
877 1274 940 1328 rb
972 1274 1179 1344 πάθος;
1217 1277 1283 1331 Τί
1313 1278 1414 1346 τῆς
1439 1279 1764 1343 δυσσεϐείας
1799 1282 1932 1335 ταύ-

350 1379 453 1430 της
482 1365 874 1437 ἀνοσιώτερον,
913 1368 1045 1439 μίαν
1096 1371 1197 1441 μὲν
1225 1371 1407 1443 λέγειν
1449 1374 1659 1439 οὐσίαν,
1708 1377 1931 1446 τέμνειν

345 1453 405 1507 δὲ
438 1455 645 1527 ταύτην
693 1460 775 1523 εἰς
802 1463 1026 1516 ποικίλα
1075 1480 1139 1517 τε
1170 1464 1268 1519 καὶ
1316 1465 1577 1537 διάφορα,
1609 1469 1702 1521 καὶ
1742 1470 1932 1540 φέρειν

348 1548 539 1615 φωνὰς
599 1551 685 1619 ιφ’
743 1552 905 1624 ὕϐρει
967 1557 1068 1624 μὲν
1113 1555 1442 1628 λεγομένας,
1483 1562 1935 1632 συναρμοσθῆναι

344 1639 405 1693 δὲ
432 1642 500 1711 τῇ
538 1642 798 1700 ὑποθέσει
856 1647 931 1717 μὴ
960 1646 1314 1719 δυναμέναςς
1352 1651 1415 1706 Et
1467 1652 1542 1725 μὴ
1581 1655 1799 1718 τελείας
1834 1655 1934 1724 φύ-

350 1746 492 1795 σεως
522 1733 582 1786 rb
632 1735 866 1801 ἀπαθὲς,
902 1738 999 1792 καὶ
1036 1740 1253 1806 τελείας
1291 1742 1508 1812 φύσεως
1553 1744 1615 1798 rb
1660 1745 1929 1816 παθητὸν,

2045 540 2204 596 linem
2256 559 2423 614 usque
2454 547 2739 612 manserit,
2780 546 2956 619 qualis
2991 548 3060 604 ab
3121 549 3268 605 omni
3321 551 3626 606 aeternitate
3662 557 3667 568 '

2047 634 2288 690 creditur
2314 637 2517 703 fuisse,
2553 638 2691 695 alter
2749 650 2931 697 autem
2990 644 3172 697 carnis
3224 644 3625 713 compositione

2044 728 2326 797 propriam
2364 733 2655 787 essentiam
2712 734 3014 798 miscuerit,
3071 745 3166 789 aut
3230 736 3465 801 auxerit.
3532 744 3626 789 ³⁸η

2043 833 2142 888 per
2164 820 2540 879 confusionem
2564 826 2616 880 in
2650 826 2793 881 aliud
2816 826 3199 883 commutavit?
3230 820 3512 894 Quomodo
3534 830 3624 898 qui

2046 915 2189 970 hunc
2218 917 2385 981 videt,
2409 917 2551 974 videt
2575 917 2747 985 illum,
2788 921 2833 976 si
2856 919 3034 975 Patris
3065 922 3277 983 quidem
3326 919 3624 975 essentiam

2045 1005 2303 1062 divinitas
2350 1008 2615 1065 duntaxat
2645 1010 2871 1077 indicat,
2911 1008 3030 1067 Filii
3061 1027 3190 1067 vero
3263 1008 3522 1067 divinitas
3569 1023 3623 1065 et

2046 1099 2375 1167 humanitas,
2413 1118 2533 1173 quae
2557 1119 2723 1157 unum
2782 1105 3044 1176 quiddam
3105 1117 3294 1160 natura
3330 1106 3503 1161 sunt?
3559 1106 3625 1159 Et

2043 1191 2221 1248 Patris
2251 1195 2466 1265 quidem
2499 1200 2735 1253 essentia
2765 1209 2974 1268 partem
3012 1213 3115 1252 neu
3154 1199 3335 1273 liabet,
3367 1214 3487 1269 qua:
3529 1212 3627 1268 pa-

2043 1288 2251 1351 tia'ur;
2296 1283 2459 1341 Verbi
2494 1298 2675 1342 autem
2710 1300 2908 1345 natura
2944 1293 3131 1345 carnis
3160 1300 3368 1362 partem
3432 1289 3618 1355 habet,

2043 1392 2160 1443 quite
2196 1380 2456 1448 patiatur.
2508 1380 2647 1447 Quid
2674 1382 2773 1438 ista
2804 1383 3084 1452 impietate
3118 1384 3289 1455 magis
3324 1367 3617 1451 nefarium,

2042 1485 2206 1523 uuam
2243 1471 2531 1526 essentiam
2574 1475 2777 1535 dicere,
2815 1485 2866 1530 et
2897 1476 3035 1531 hanc
3091 1478 3141 1529 in
3198 1486 3384 1545 partes
3435 1492 3625 1532 secare

2043 1563 2223 1617 varias
2252 1571 2307 1617 et
2341 1562 2669 1624 diﬂ‘erentes.
2700 1578 2752 1620 et
2781 1583 2941 1623 voces
2980 1568 3158 1623 dicere
3181 1568 3620 1633 contumeliosas,

2043 1670 2161 1724 qua!
2188 1657 2261 1711 rei
2291 1658 2582 1726 propositre
2611 1660 3006 1713 accommodari
3036 1668 3337 1730 nequeunt,
3369 1661 3469 1714 nisi
3503 1676 3624 1728 per-

2046 1748 2199 1801 lecta:
2241 1758 2447 1803 natura!
2470 1763 2597 1818 pars
2629 1750 2892 1818 patiiiilis,
2916 1759 2971 1805 ct
3015 1765 3144 1819 pars
3170 1751 3240 1805 sit
3276 1751 3621 1818 impatibilis;

347 1822 445 1874 καὶ
475 1825 642 1895 μέρος
669 1828 887 1899 πάσχει,
908 1833 1002 1886 καί
1020 1831 1185 1904 μέρος
1198 1834 1260 1888 οὐ
1286 1809 1509 1906 πάσχει,
1536 1836 1632 1891 καὶ
1652 1836 1713 1891 τὸ
1733 1809 1831 1908 μὲν
1845 1809 1932 1909 ζῇ,

2040 1846 2091 1891 et
2122 1852 2245 1904 pars
2281 1838 2539 1907 patiatur,
2574 1855 2700 1909 pars
2730 1851 2912 1895 autem
2946 1856 3051 1896 non
3086 1841 3352 1910 patiatur;
3395 1853 3449 1896 et
3497 1858 3622 1911 pars

344 1916 409 1968 rb
442 1915 498 1969 δὲ
533 1918 822 1989 τέθνηκεν,
864 1922 1235 1996 ἐλεεινότερον
1256 1927 1370 1997 ἄρα
1390 1926 1451 1980 τὸ
1479 1927 1591 1993 ζῶν
1617 1928 1718 1991 τὰς
1752 1929 1815 1981 ἐκ
1837 1928 1930 1983 τοῦ

346 2010 676 2082 τεθνηκότος
706 2013 896 2080 ὀδύνας
928 2017 986 2069 ὲν
1014 2017 1266 2089 αἰσθήσει
1321 2022 1733 2092 καρπούμενον,
1770 2022 1932 2087 εἴπερ

348 2104 451 2172 τῆς
509 2106 638 2172 μιᾶς
699 2107 887 2173 οὐσίας
915 2108 1033 2179 ἅμα
1075 2111 1136 2165 rb
1194 2112 1477 2177 τεθνάναι,
1538 2113 1634 2168 καὶ
1680 2114 1741 2167 rb
1804 2116 1928 2187 ζῇν.

359 2198 506 2251 Ἀλλ’
526 2200 706 2268 ἄπαγε
744 2201 844 2272 τῆς
885 2203 1159 2275 τοσαύτης
1206 2205 1567 2274 κενοφωνίας.
1631 2204 1773 2261 Οὔτε
1837 2207 1936 2277 μέο

347 2309 447 2362 ρος
510 2293 777 2363 ἀμεροῦς,
820 2296 914 2349 καὶ
981 2296 1162 2368 ἁπλῆς
1214 2297 1433 2367 φύσεως
1481 2300 1929 2370 παρειλήφαμεν,

344 2383 472 2436 οὔτε
525 2385 680 2455 μέρει
738 2387 839 2458 μὲν
882 2391 1135 2461 πάσχειν,
1170 2391 1333 2463 μέρει
1390 2392 1449 2446 δὲ
1476 2393 1553 2465 μὴ
1594 2397 1825 2467 πάσχειν
1873 2394 1936 2448 rb

344 2477 563 2542 ἐπαιιές
634 2480 1021 2553 ἐδιδάχθημεν,
1102 2482 1229 2537 οὔτε
1324 2486 1457 2555 μιᾶς
1526 2484 1718 2548 οὐσίας
1801 2485 1932 2555 ὅρον

344 2571 446 2622 ἐπὶ
483 2572 603 2635 ταῖς
655 2572 752 2626 δύο
804 2572 1178 2642 γινώσκομεν,
1227 2572 1355 2628 οὔτε
1410 2574 1506 2629 τοῦ
1558 2576 1929 2647 ὲτεροουσίου,

346 2665 455 2716 κᾶν
503 2666 746 2735 τοῦνομα
799 2666 1166 2736 προσιέμεθα,
1216 2668 1372 2723 ἆτινα
1423 2670 1602 2724 πάντα
1664 2672 1746 2735 είς
1804 2672 1933 2742 μίαν

344 2754 538 2807 οὐσίαν
581 2757 629 2808 οἱ
667 2756 922 2825 λέγοντες
975 2757 1253 2812 συντελεῖν
1317 2760 1411 2814 τὸν
1462 2759 1635 2828 Λόγον
1686 2763 1782 2815 καὶ
1834 2764 1933 2833 τὴν

346 2847 532 2915 σάρκα
558 2847 974 2915 νομοθετοῦντες
1004 2852 1370 2922 εὑρίσκονται.
1421 2852 1544 2914 Πῶς
1600 2848 1693 2906 οὖν
1758 2858 1851 2909 καὶ
1896 2857 1927 2924 ἡ

344 2940 488 3012 σὰρξ
510 2942 741 3013 ἐλήφθη,
780 2945 873 2997 καὶ
910 2946 939 2997 ό
968 2944 1148 2998 λαϐὼν
1175 2946 1275 3000 οὐκ
1325 2945 1620 3016 ἠλλοιώθη,
1667 2949 1830 3013 σώζει
1871 2966 1931 3002 τε

346 3035 447 3087 καὶ
477 3035 757 3106 ἡνωμένος
789 3036 962 3109 ταύτῃ
1004 3039 1142 3110 πρὸς
1182 3038 1274 3092 τὸν
1306 3039 1499 3093 ἑαυτοῦ
1557 3040 1777 3112 Πατέρα
1838 3043 1932 3112 τὴν

340 3128 445 3196 τῆς
460 3128 649 3194 οὐσίας
664 3132 1004 3203 ταυτότητας
1031 3131 1158 3193 Πῶς
1183 3133 1248 3186 ὲκ
1277 3132 1368 3186 τοῦ
1392 3133 1491 3207 τὴν
1522 3135 1703 3205 σάρκα
1724 3135 1930 3204 λαϐεῖν,

344 3221 442 3273 καὶ
462 3224 581 3275 κατ’
603 3224 773 3294 αὐτὴν
789 3224 1147 3295 οἰκονομῆσαι
1169 3225 1346 3295 σοφῶς
1373 3245 1434 3281 τε
1466 3227 1561 3281 καὶ
1585 3228 1727 3300 ὑπὲρ
1748 3230 1929 3299 λόγον,

341 3316 446 3368 οὐκ
485 3316 566 3379 εἰς
595 3314 848 3389 αὔξησιν,
896 3318 1323 3390 ἢμεταποίησιν
1371 3320 1471 3391 τῆς
1533 3322 1667 3387 ἰδίας
1719 3324 1929 3388 οὐσίας,

344 3410 463 3493 an:
492 3412 571 3472 είς
605 3412 891 3467 κοινωνίαν
920 3411 1020 3482 τῆς
1049 3412 1294 3483 ἐμφύτου
1327 3414 1508 3481 ἀξίας,
1535 3416 1603 3487 ἢν
1634 3418 1669 3487 ἡ
1700 3416 1800 3486 τῆς
1832 3417 1932 3490 ἀρ-

345 3504 515 3573 ρήτου
583 3505 877 3572 συναφείας
928 3507 1224 3577 εἰργάσατο
1257 3506 1456 3578 χάριςς
1518 3508 1682 3563 Ἀλλο
1714 3511 1825 3579 γὰρ
1873 3509 1934 3564 rb

343 3598 528 3664 λέγειν
549 3598 642 3650 δύο
668 3599 887 3667 φύσεων
910 3601 1129 3653 τελείων
1158 3601 1238 3665 είς
1272 3600 1330 3654 ἒν
1359 3602 1654 3671 πρόσωπον
1686 3601 1926 3667 σύνοδον,

342 3692 439 3743 καὶ
463 3689 593 3743 ἄλλο
626 3692 684 3744 rb
713 3693 945 3760 φάσκειν
966 3694 1031 3746 ὲκ
1059 3692 1152 3747 δύο
1187 3693 1370 3762 μερῶν
1400 3694 1529 3761 μίαν
1571 3694 1778 3746 οὐσίαν.
1820 3694 1930 3764 Τῆς

347 3785 452 3850 μὲν
492 3785 599 3854 γὰρ
629 3782 779 3847 θείας
811 3784 999 3846 οὐσίας
1023 3786 1051 3837 ό
1071 3783 1228 3853 λόγος
1253 3783 1482 3849 ἁπλοῦς,
1517 3787 1618 3853 τῆς
1645 3783 1703 3837 δὲ
1740 3783 1929 3852 φιλαν-

343 3874 574 3944 θρώπου
604 3875 911 3945 οἰκονομίας
942 3877 1003 3929 rb
1037 3875 1222 3945 θαῦμα
1251 3872 1494 3928 διπλοῦν.
1530 3874 1668 3928 Uine
1723 3873 1816 3929 οῦν
1870 3876 1931 3929 rb

344 3966 556 4019 ἁπλοῦν
575 3966 669 4036 τῆς
697 3967 884 4030 οὐσίας
913 3970 995 4030 εἰς
1045 3966 1320 4019 ποικιλίαν
1367 3967 1647 4035 τέμνεται,
1700 3966 1825 4021 οὕτε
1871 3968 1932 4021 τὸ

343 4059 571 4114 διπλοῦν
597 4060 696 4129 τῆς
722 4060 1034 4131 οἰκονομίας
1073 4062 1152 4123 εἰς
1187 4059 1318 4130 μίαν
1340 4057 1529 4114 οὐσίαν
1555 4059 1930 4131 μεταχωνεύε-

341 4173 455 4208 τχι.
490 4153 617 4217 Πῶς
637 4154 746 4222 γὰρ
773 4148 884 4207 οἷόν
909 4170 971 4206 τε
998 4154 1060 4207 rb
1089 4152 1259 4206 ἀΐδιον
1300 4150 1397 4206 καὶ
1428 4154 1490 4205 rb
1531 4152 1845 4223 πρόσφατον
1872 4157 1931 4209 ὲν

343 4249 449 4319 μιᾷ
480 4246 805 4315 θεωρεῖσθαι
835 4245 1029 4317 φύσεις
1059 4245 1150 4317 Μὴ
1171 4241 1279 4316 ἆρα
1301 4245 1395 4299 καὶ
1418 4245 1478 4298 rb
1521 4247 1585 4299 ἐκ
1616 4248 1715 4315 τῆς
1762 4246 1927 4301 πλευο

343 4342 449 4411 ρᾶς
477 4332 614 4409 αἷμα
643 4340 738 4392 καὶ
770 4336 912 4407 ὕδωρ
942 4337 1207 4408 Θεότητος
1230 4337 1409 4401 οὐσία,
1440 4338 1737 4409 κρουνηδὸν
1768 4341 1925 4410 ῥέου-

2036 1929 2204 1993 vivat,
2234 1945 2360 1997 pars
2415 1930 2702 1986 intereat?
2731 1932 2901 2002 Magis
2939 1932 3188 2003 profecto
3245 1935 3619 1990 miserandum

2038 2021 2257 2087 animal,
2289 2021 2447 2093 cujus
2479 2024 2677 2078 mortui
2712 2024 2929 2080 dolores
2958 2040 3086 2095 pars
3124 2041 3287 2081 sensu
3337 2026 3622 2096 percipiat,

2036 2114 2302 2183 siquidem
2360 2115 2520 2169 unius
2560 2118 2811 2172 essentia:
2841 2118 2912 2173 sit
2940 2118 3174 2172 simulet
3197 2118 3418 2173 interire
3452 2130 3506 2173 et
3541 2121 3623 2173 vi-

2035 2216 2183 2259 vere.
2226 2203 2331 2258 Sed
2366 2206 2648 2275 rejiciatur
2693 2206 2809 2260 lucc
2844 2206 3023 2261 Inanis
3056 2207 3322 2261 doctrina.
3358 2205 3467 2262 Nec
3501 2224 3624 2278 par-

2039 2303 2146 2350 tem
2178 2306 2383 2351 naturm
2425 2299 2710 2368 simplicis,
2737 2308 2789 2352 et
2822 2312 2943 2367 qum
2973 2298 3137 2352 dividi
3173 2314 3277 2353 nou
3304 2303 3499 2368 petest,
3534 2317 3622 2355 ac-

2036 2389 2307 2456 cepimus;
2345 2406 2444 2443 uec
2470 2391 2614 2460 quod
2638 2400 2719 2444 est
2751 2390 3048 2459 itnpatiiiile
3069 2402 3221 2461 parte
3242 2392 3460 2460 quidem
3490 2395 3621 2461 pati,

2034 2486 2189 2548 parte
2226 2489 2405 2532 autem
2434 2494 2543 2533 non
2575 2478 2681 2549 pati
2713 2479 3030 2547 didicimus;
3069 2496 3245 2551 neque
3268 2482 3424 2536 unius
3464 2493 3621 2536 natu-

2036 2586 2111 2627 τω
2158 2571 2533 2628 deﬁnitionem
2604 2573 2658 2627 in
2717 2574 2926 2630 duabus
2986 2576 3360 2646 agnoscimus,
3448 2592 3622 2646 neque

2036 2663 2304 2726 diversm,
2372 2665 2474 2719 etsi
2546 2679 2741 2719 nomen
2809 2667 3148 2721 admisimus.
3210 2668 3340 2734 Quae
3399 2669 3618 2736 quidem

2035 2755 2219 2811 omnia
2277 2757 2613 2815 constituere
2669 2759 3175 2827 deprehenduntur,
3236 2760 3327 2830 qui
3386 2758 3616 2814 Verbum

2036 2858 2089 2903 et
2118 2863 2339 2903 carnem
2374 2850 2426 2903 in
2456 2865 2621 2905 unam
2669 2851 2967 2906 essentiam
3031 2853 3350 2907 convenisse
3412 2853 3620 2908 dicunt.

2037 2941 2321 3008 Quomodo
2355 2942 2521 3013 igitur
2541 2954 2594 2998 et
2637 2957 2766 2998 caro
2790 2953 3003 3013 sumpta
3066 2952 3170 3007 est,
3221 2956 3277 2999 et
3329 2944 3421 3013 qui
3477 2936 3620 2998 illam

2036 3037 2287 3105 sumpsit,
2325 3051 2430 3089 non
2466 3044 2549 3091 est
2579 3035 2917 3103 immutatus,
2966 3043 3020 3090 et
3050 3036 3142 3106 qui
3198 3051 3321 3091 cum
3355 3035 3442 3090 illa
3489 3028 3621 3090 con-

2030 3130 2253 3200 junctus
2272 3138 2376 3193 est,
2401 3138 2580 3185 servat
2610 3131 2855 3186 eamdem
2874 3132 3162 3186 essentiam
3178 3146 3299 3187 cum
3320 3130 3476 3186 Patre
3491 3129 3625 3188 suo?

2035 3221 2315 3288 Quoruodo
2345 3239 2410 3278 ex
2447 3225 2633 3279 carnis
2663 3204 3061 3295 assumpiione,
3098 3235 3154 3281 et
3179 3240 3244 3280 ex
3273 3226 3338 3280 iis
3368 3241 3486 3295 qua:
3528 3240 3623 3296 per

2033 3315 2202 3382 ipsam
2223 3316 2518 3384 sapienter,
2551 3332 2713 3386 supra
2743 3332 2903 3387 quam
2934 3318 3043 3373 dici
3069 3330 3191 3388 pore
3225 3328 3266 3382 t.
3297 3330 3447 3389 gesta
3472 3327 3623 3380 smn,

2035 3422 2141 3461 non
2174 3410 2241 3463 ad
2271 3409 2691 3473 incrementum,
2715 3419 2808 3464 aut
2839 3414 3194 3465 mutationem
3219 3410 3473 3464 essentia:
3495 3422 3620 3478 pro-

2035 3499 2167 3569 priae
2204 3500 2472 3569 pervenit,
2511 3499 2606 3555 sed
2646 3499 2711 3554 ad
2748 3499 3304 3554 communicationem
3357 3497 3619 3569 naturalis

2034 3591 2338 3661 dignitatis,
2372 3607 2535 3660 quam
2569 3605 2789 3645 arcana:
2812 3589 3219 3659 coniunctionis
3265 3594 3443 3661 gratia
3496 3606 3620 3660 per-

2036 3682 2205 3739 fecit?
2232 3684 2394 3738 Aliud
2423 3683 2568 3738 enim
2594 3690 2680 3738 est
2720 3682 2927 3746 dicere,
2961 3683 3100 3737 duas
3125 3691 3350 3739 naturas
3407 3684 3622 3752 perfec-

2037 3787 2118 3831 tas
2145 3777 2197 3830 in
2234 3791 2394 3829 unam
2432 3788 2721 3844 personam
2749 3772 3092 3837 convenisse,
3128 3781 3183 3827 et
3212 3772 3358 3827 aliud
3396 3787 3461 3828 ex
3492 3774 3623 3826 dua-
3665 3842 3682 3859 ο

2034 3872 2135 3925 bus
2166 3868 2411 3938 partibus
2442 3883 2603 3922 unam
2636 3866 2940 3921 essentiam
2982 3879 3106 3921 esse
3135 3863 3449 3920 conﬂatam.
3480 3862 3616 3918 Nam

2033 3962 2232 4020 divinae
2259 3960 2478 4033 quidem
2512 3958 2767 4015 essentia:
2794 3958 2938 4014 ratio
2965 3957 3192 4028 simplex
3224 3966 3338 4025 est,
3371 3958 3619 4012 humanae

2034 4065 2214 4111 autem
2258 4052 2679 4123 dispensationis
2704 4050 3025 4107 miraculum
3052 4049 3275 4121 duplex.
3307 4051 3490 4117 Quare
3524 4066 3623 4105 nec

2032 4148 2284 4205 essentia:
2316 4144 2638 4215 simplicitas
2667 4144 2722 4199 in
2750 4143 2932 4199 varias
2953 4152 3136 4213 partes
3173 4150 3415 4207 secatur,
3449 4157 3625 4212 neque

2031 4242 2229 4311 duplex
2258 4236 2678 4309 dispensationis
2709 4236 2847 4291 ratio
2872 4236 2924 4291 in
2958 4252 3118 4290 unam
3142 4234 3411 4291 conﬂatur
3439 4248 3626 4290 esseu-

2037 4336 2187 4388 tiam.
2224 4333 2326 4400 Qui
2357 4332 2503 4387 enim
2546 4330 2662 4385 lieri
2697 4338 2894 4401 potest,
2946 4338 3007 4384 ut
3049 4329 3192 4399 quod
3224 4339 3493 4386 asternum
3533 4340 3617 4383 est

344 4403 415 4484 σα
444 4448 459 4495 ;
490 4403 553 4483 Εἰ
580 4428 682 4499 τῆς
708 4403 893 4499 αὐτῆς⁷
912 4430 973 4482 rb
1014 4403 1239 4499 πάσχειν
1286 4433 1382 4484 καί
1435 4403 1497 4485 rb
1546 4403 1648 4503 μὴ⁷
1668 4403 1921 4503 πάσχειν,

2036 4438 2088 4484 et
2132 4428 2277 4499 quod
2338 4432 2421 4479 est
2459 4437 2652 4478 recens
2682 4422 2735 4476 in
2766 4435 2873 4475 una
2913 4421 3331 4476 considerentur
3368 4424 3617 4477 natura?

342 4523 560 4591 ἀνάγκη
586 4521 682 4574 καὶ
714 4518 995 4590 θελήματα
1030 4515 1169 4573 εἶναι
1195 4520 1449 4590 διάφορα,
1495 4525 1592 4574 καὶ
1646 4523 1927 4590 ἐνεργείας

347 4616 425 4683 μὴ
464 4613 565 4675 τὰς
587 4611 778 4675 αὐτάς.
842 4610 1014 4665 ’Δλλα
1066 4609 1177 4680 γὰρ
1230 4612 1498 4682 προσήκει
1533 4615 1714 4683 μορφῇ
1768 4612 1926 4679 Θεοῦ,

341 4706 442 4757 καὶ
503 4702 638 4757 ἄλλα
696 4704 878 4773 μορφῇ
925 4700 1136 4754 δούλου.
1185 4699 1391 4771 Ἕτερα
1446 4701 1579 4772 ναῷ,
1647 4704 1742 4755 καὶ
1765 4702 1929 4772 ἕτερα

339 4799 422 4869 τῷ
477 4797 775 4852 ὲνοικοῦντι
829 4798 967 4870 Θεῷ.
1037 4794 1236 4849 Στάσιν
1298 4796 1482 4850 τοίνυν
1544 4797 1931 4863 ἐπεισάγουσιν

342 4895 626 4946 ἄπαυστον
651 4894 715 4961 τῇ
749 4891 846 4961 μιᾷ
874 4890 1055 4960 οὐσίᾳ,
1086 4884 1154 4962 ἧς
1203 4890 1265 4943 rb
1305 4890 1404 4961 μὲν
1450 4891 1644 4960 ἑτέραν
1676 4891 1933 4963 βούλησιν

345 4986 486 5054 ἔχει,
520 4983 577 5036 rb
606 4982 663 5035 δὲ
694 4982 907 5052 ἑτέραν.
938 4983 999 5034 Εἰ
1034 4982 1132 5051 μία
1161 4981 1341 5043 οὐσία,
1385 4981 1503 5044 πῶς
1560 4982 1731 5050 λέγει,
1760 4986 1843 5038 Οὐ
1879 4983 1936 5037 τί

341 5078 459 5145 ἐγὼ
490 5075 662 5139 θέλω,
685 5074 845 5128 ἀλλὰ
877 5073 932 5127 τί
957 5074 1079 5138 σύ;
1110 5072 1232 5135 HG»;
1260 5073 1294 5141 ἡ
1327 5072 1464 5142 αὐτὴ
1494 5074 1609 5126 ἐστι
1644 5076 1737 5127 καὶ
1776 5092 1934 5142 ποιη-

343 5178 466 5240 τὴς,
504 5172 602 5225 καὶ
629 5170 840 5240 ποίημα
865 5188 880 5235 ;
908 5169 1033 5231 Πῶς
1056 5172 1090 5239 ή
1124 5167 1262 5238 αὐτὴ
1294 5169 1386 5220 καὶ
1422 5170 1601 5223 πάντα
1648 5165 1760 5223 οἶδε
1802 5173 1935 5240 πρὶν

345 5267 641 5333 γενέσεως,
693 5264 787 5317 καὶ
858 5263 958 5333 τὴν
1026 5262 1265 5331 ἐσχάτην
1348 5262 1561 5332 ἡμέραν
1639 5262 1736 5315 καὶ
1780 5261 1931 5333 ὥραν

345 5358 569 5426 ὰ·τνοεῖ;
591 5357 715 5419 Πῶς
745 5358 780 5424 ἡ
803 5355 944 5425 αὐτὴ
964 5355 1059 5408 καὶ
1090 5354 1474 5424 προσεύχεται,
1495 5354 1700 5417 καὶτὰς
1717 5354 1932 5423 δεήσεις

344 5451 557 5521 δέχεται
591 5465 608 5515 ;
637 5448 762 5512 Πῶς
790 5448 962 5516 λέγει,
1009 5446 1116 5501 Θεέ
1142 5464 1285 5517 μου,
1342 5444 1447 5499 Θεέ
1484 5464 1626 5514 μου,
1655 5448 1812 5501 ίνατί
1856 5464 1934 5516 με

344 5546 774 5615 ὐγ-κστέλειπες
800 5558 823 5609 ;
845 5540 940 5604 Τίς
979 5535 1121 5593 οἶδεν
1145 5539 1333 5593 οὐσίαν
1364 5537 1534 5609 αὐτὴν
1584 5539 1674 5605 ὐφ’
1732 5540 1931 5607 ἑαυτῆς

343 5638 992 5710 ἐγκαταλιμπανομένην,
1024 5637 1117 5689 καὶ
1160 5636 1358 5705 ἑαυτὴν
1386 5633 1463 5698 ὡς
1520 5633 1677 5688 ἄλλον
1735 5636 1928 5688 ἐπικαο

417 5802 653 5855 ‘Matth.
697 5817 837 5866 sui,
869 5799 957 5855 39.

2031 4523 2167 4576 Num
2204 4528 2259 4574 et
2292 4516 2516 4588 sanguis
2541 4526 2597 4571 et
2632 4530 2773 4585 aqua
2828 4512 2931 4569 fuit
2987 4514 3297 4571 divinitatis
3356 4517 3619 4581 essentia,

2030 4629 2150 4684 qua:
2176 4611 2343 4667 fontis
2369 4611 2544 4665 instar
2571 4606 2797 4664 deﬂuxit
2828 4622 2861 4662 e
2890 4606 3104 4662 latere?
3138 4605 3195 4663 Si
3242 4607 3487 4678 ejusdem
3535 4617 3623 4663 est

2030 4718 2083 4762 et
2108 4706 2219 4776 pati
2249 4714 2305 4759 et
2331 4717 2439 4758 non
2474 4702 2608 4771 pati,
2639 4715 2868 4756 necesse
2922 4709 3007 4756 est
3061 4710 3117 4756 et
3149 4700 3455 4756 voluntates
3500 4715 3621 4755 esse

2030 4798 2297 4859 diversas,
2332 4804 2387 4849 et
2440 4810 2546 4848 nou
2570 4792 2790 4848 easdem
2831 4791 3093 4846 actiones.
3146 4790 3267 4845 Alia
3315 4791 3460 4845 enim
3492 4807 3621 4845 cou-

2033 4891 2178 4945 venit
2210 4888 2396 4943 forma:
2420 4887 2536 4954 Dei,
2564 4895 2621 4940 et
2663 4884 2769 4938 alia
2799 4881 2989 4938 forma:
3019 4883 3161 4937 servi
3189 4898 3205 4943 ;
3236 4881 3341 4935 alia
3396 4880 3619 4950 templo,

2031 4994 2083 5038 et
2113 4983 2217 5035 alia
2274 4977 2599 5035 inhabitanti
2631 4976 2761 5031 Deo.
2796 4974 3119 5044 Perpetuam
3156 4974 3322 5042 igitur
3354 4973 3407 5026 in
3450 4988 3615 5026 unam

2032 5076 2326 5131 essentiam
2382 5070 2736 5127 introducunt
2762 5067 3116 5131 seditionem,
3150 5065 3305 5132 cujus
3365 5065 3617 5120 essentiae

2034 5181 2163 5236 pars
2190 5180 2355 5219 unum
2384 5163 2519 5225 vult,
2546 5173 2675 5231 pars
2713 5159 2882 5214 aliud.
2933 5159 2991 5214 Si
3024 5173 3131 5213 una
3191 5160 3457 5219 essentia,
3520 5173 3617 5210 cur

2032 5257 2163 5313 dicit
2204 5274 2219 5310 :
2252 5254 2378 5308 Non
2425 5252 2562 5324 quod
2604 5267 2697 5321 ego
2737 5250 2879 5318 colo,
2931 5251 3021 5307 sed
3056 5251 3196 5319 quod
3249 5258 3305 5303 tu
3340 5249 3408 5302 “1’
3466 5250 3611 5315 Quo~

2031 5347 2194 5404 modo
2226 5346 2414 5401 eadem
2449 5353 2552 5411 est,
2591 5358 2710 5413 qua:
2738 5343 2889 5409 fecit,
2922 5352 2977 5397 et
3008 5357 3128 5412 qua:
3149 5342 3291 5397 facta
3323 5343 3447 5397 est?
3475 5342 3617 5408 th-

2033 5440 2192 5494 modo
2229 5436 2418 5492 eadem
2467 5446 2519 5492 et
2545 5436 2728 5491 omnia
2768 5436 2917 5491 novit
2952 5444 3245 5504 antequam
3293 5436 3506 5502 tierent,
3566 5445 3619 5490 et

2031 5542 2335 5588 extremum
2367 5528 2510 5582 diem
2542 5535 2596 5582 et
2624 5528 2815 5581 horam
2870 5526 3120 5597 ignorat?
3180 5525 3464 5594 Quomodo
3523 5541 3616 5581 eae

2034 5629 2156 5684 dem
2181 5634 2234 5680 et
2261 5634 2534 5694 precatur,
2562 5629 2616 5676 et
2640 5635 2831 5691 preces
2861 5619 3123 5691 suscipit?
3144 5620 3427 5689 Quomodo
3450 5620 3613 5678 dicit:
