4042 6208
301 293 429 358 1021
1249 298 1337 357 ΡΑ
1350 297 1630 358 NOPLIA
1672 299 1864 361 DOGN

1966 301 2137 362 PICA.
2180 326 2249 338 -
2290 303 2443 367 TlT.
2485 303 2640 365 XVI.
3422 302 3564 367 1022

292 413 376 478 είς
402 407 475 462 ὃν
503 407 936 475 ἐξεκέντησαν,
967 410 1017 463 εί
1047 411 1123 480 μὴ
1173 410 1269 480 τῆς
1301 412 1505 482 σαρκὸς
1550 416 1584 485 ὴ
1621 414 1784 484 φύσις
1841 416 1864 483 ἦ

1978 413 2210 469 rentiam
2260 415 2522 471 snStulit?
2584 414 2774 472 Nonne
2834 415 2996 484 dixit,
3058 415 3225 471 Deum
3300 415 3355 470 in
3403 416 3563 471 viro?

291 499 557 569 δεξαμένη
587 499 714 562 τοὺς
736 499 923 570 ἥλους,
962 501 1101 571 αὑτὴ
1131 501 1319 569 σαφῶς
1343 503 1600 571 ἐπιδείξει
1630 508 1757 568 τοὺς
1781 508 1864 558 τύ·

1984 501 2175 560 Nonne
2204 506 2800 571 demonstravitDenm,
2837 506 2930 578 qui
2956 509 3262 573 suscitavit,
3294 516 3350 561 et
3390 508 3564 560 Immi-

292 607 426 653 πους
461 605 477 653 ;
510 590 585 642 Οὐ
631 589 743 660 γὰρ
788 588 1039 662 θεότητος
1071 592 1229 646 οὐσία
1263 593 1297 662 ἡ
1338 594 1589 666 ἀόρατος,
1635 598 1729 651 καὶ
1786 598 1864 651 ἀν-

1977 613 2101 654 nem
2128 604 2220 668 qui
2246 600 2542 655 suscitatus
2569 599 2702 654 est?
2730 597 2930 655 Verum
2960 614 3272 669 quanquam
3299 597 3563 653 dili'eren-

288 684 529 753 επαφὴς,
554 682 674 754 τχνη
701 683 891 737 παθῶν
908 684 1223 756 είςίέλεγχον
1247 686 1604 757 ἐπιφέρεσθαι
1628 688 1864 759 ἔμελλεν,

1977 687 2106 742 tiam
2133 690 2391 757 ostendit,
2425 704 2531 745 non
2560 698 2742 745 tamen
2791 690 3236 759 coniunctionem
3284 689 3563 759 insepara-

286 774 405 830 ἀλλ’
445 776 479 845 ἡ
528 776 596 828 ὲκ
645 774 740 829 τοῦ
804 774 1049 846 παθητοῦ
1090 776 1283 845 γένους
1332 776 1599 848 ληφθεῖσα
1627 779 1725 851 τὴν
1763 781 1864 835 τῶν

1970 779 2137 838 bilem
2170 784 2542 854 praetermisit.
2571 783 2689 839 Non
2713 785 2855 839 enim
2883 785 3059 847 dixit,
3078 784 3248 838 Deum
3276 772 3401 837 cum
3418 784 3559 848 viro,

284 863 641 936 ἠσεϐηκότων
666 862 874 932 ἐλέγξει
902 865 1273 935 παρανομίαν,
1287 864 1576 937 γνωρίζειν
1599 866 1864 921 συνωθου-

1969 873 2089 937 sed,
2122 874 2289 929 Deum
2354 876 2406 930 in
2438 878 2580 929 viro.
2607 872 2727 929 Jam
2768 878 3045 945 quomodo
3100 874 3230 929 illud
3289 874 3562 944 intellige-
3673 943 3676 946 γ

290 958 470 1023 μένων
497 955 554 1007 ἐν
580 957 645 1025 τῇ
675 953 949 1027 τρωθείσῃ
977 956 1145 1025 καρκὶ
1184 956 1254 1009 τὰ
1300 958 1477 1011 οἰκεῖα
1519 957 1869 1029 τολμήματα.

288 1045 448 1099 Οὕτω
470 1046 736 1099 δέδεικται
767 1045 859 1098 καὶ
890 1046 959 1098 τὰ
982 1044 1250 1116 ἰδιώματα
1272 1047 1383 1100 τῶν
1408 1048 1625 1115 φύσεων
1641 1048 1873 1117 ἀναφαί-

287 1155 443 1207 ρετα.
476 1138 571 1191 καὶ
595 1137 864 1209 τὸ,κέρδος
888 1142 990 1208 τῆς
1021 1138 1490 1210 ὲνανθρωπήσεως
1537 1140 1867 1211 ἀναντίρρη-

1978 980 2103 1020 mus
2140 982 2155 1021 :
2194 964 2485 1030 Videbunt,
2513 968 2567 1021 in
2617 984 2773 1037 quem
2807 968 3193 1035 trans/iurum
3227 968 3267 1029 ³,
3302 966 3407 1021 nisi
3438 981 3562 1020 car-

1971 1055 2057 1111 nis
2090 1065 2303 1121 nalura,
2336 1073 2456 1126 qua!
2484 1058 2670 1113 clavos
2725 1060 2991 1127 suscepit,
3048 1069 3235 1126 aperte
3289 1056 3561 1110 foramina

1972 1146 2565 1217 demonstretiNeque
2592 1151 2741 1205 enim
2783 1149 3083 1204 divinitatis
3142 1148 3400 1211 essentia,
3439 1161 3559 1215 qua:

284 1245 377 1281 τον
412 1228 595 1282 καὶτὸ
625 1228 961 1300 ἐπιχείρημα
978 1229 1086 1282 τῶν
1127 1228 1519 1297 ἀντιλεγόντων
1570 1230 1864 1301 ἀναίσχυν-

285 1338 408 1384 τον,
431 1322 528 1374 καὶ
555 1320 614 1373 τὸ
643 1320 868 1375 δυνατὸν
900 1322 999 1393 τῆς
1024 1320 1284 1392 ἀληθείας
1304 1322 1752 1393 ἀκαταμάχητον.

1965 1252 2067 1292 nec
2091 1238 2327 1303 videtur,
2384 1254 2486 1295 nec
2552 1241 2821 1311 tangitur,
2882 1239 3115 1309 vestigia
3164 1238 3446 1295 vulnerum
3500 1238 3583 1295 in,

1964 1330 2330 1384 testimonium
2356 1344 2440 1386 est
2469 1332 2736 1401 allatura;
2764 1333 2859 1389 sed
2894 1314 3088 1387 natura
3115 1348 3179 1385 ex
3220 1329 3428 1401 patibili

282 1434 419 1475 nere
472 1428 723 1488 suscepta
781 1420 1075 1489 impiorum
1140 1422 1325 1476 scelus
1377 1422 1687 1491 redarguet,
1735 1423 1827 1492 qui
1891 1440 2158 1497 cogentur
2187 1429 2404 1498 propria
2467 1427 2668 1499 ﬂagitia
2699 1442 2997 1499 agnoscele
3038 1427 3091 1481 in
3147 1439 3328 1488 carne,
3382 1428 3556 1493 quani

279 1514 659 1572 vulnerarunt.
721 1514 813 1570 Sic
834 1518 916 1586 {et
950 1526 1266 1571 naturarum
1324 1516 1685 1587 preprietates
1736 1532 1845 1572 non
1890 1534 2015 1579 esse
2042 1522 2308 1587 sublatas,
2337 1533 2391 1578 et
2425 1534 2636 1579 certum
2706 1523 2955 1577 humanae
3020 1520 3205 1575 carnis
3265 1528 3562 1583 assumpta:

277 1607 516 1674 lucrum,
564 1621 620 1665 et
680 1611 965 1681 impudens
1010 1610 1412 1665 adversantium
1465 1618 1867 1681 argumentum,
1907 1620 1964 1668 et
2010 1615 2119 1670 vim
2173 1616 2421 1673 veritatis
2498 1614 2968 1686 inexpugnabilem
3040 1608 3555 1668 demonstravimus.

284 1747 401 1801 Τοῦ
426 1747 601 1818 ἁγίου
631 1749 904 1816 Μαξίμου
936 1748 1087 1802 κατὰ
1117 1749 1448 1817 Εὐτυχοῦς,
1488 1747 1588 1802 καὶ
1617 1747 1866 1818 Διοσκό-

344 1816 487 1886 pou.
520 1816 641 1870 τῶν
664 1817 771 1883 τὰς
795 1818 905 1872 δύο
927 1818 1034 1872 τοῦ
1071 1816 1333 1885 Χριστοῦ
1366 1819 1584 1887 φύσεις
1606 1820 1693 1880 είς
1718 1817 1870 1887 μίαν

350 1884 546 1956 φύσιν
572 1887 1052 1955 ἀνακιρνώντων,
1075 1884 1183 1953 οὓς
1204 1891 1260 1941 at
1291 1884 1402 1956 per
1436 1884 1870 1956 Συγχυτικοὺς,

352 1954 410 2012 οι
436 1958 505 2011 δὲ
525 1954 952 2025 Μονοφυσίτας
974 1954 1313 2026 ὠνόμασαν-ζ
1346 1954 1577 2013 Τούτων
1603 1954 1671 2007 δὲ
1701 1955 1734 2007 ό
1755 1954 1870 2023 μὲν

354 2027 640 2095 Εὑτυχὴς
692 2023 1163 2096 ἂρχιμανδρίτὴς
1208 2023 1310 2096 ἦν,
1350 2030 1384 2081 ὁ
1423 2027 1492 2081 δὲ
1545 2025 1869 2096 Διόσκοροι·

352 2092 625 2164 zonae
678 2092 1151 2164 Ἀζλέξανδρείαᾳ
1207 2092 1344 2151 Ἀπὸ
1410 2098 1521 2162 τῆς
1574 2092 1869 2159 ἐκθέσεως

351 2163 463 2224 τοῦ
493 2166 627 2236 περὶ
652 2167 764 2236 τῆς
795 2163 974 2235 ὀρθῆς
1001 2169 1319 2237 ὁμολογίας
1351 2167 1556 2263 λόγου.

350 2283 495 2345 Τοὺς
513 2281 706 2349 λόγους
732 2280 842 2335 τῶν
873 2279 1239 2336 συνελθόντων
1280 2283 1622 2353 σωζομένους
1675 2284 1762 2337 ἀεὶ
1816 2285 1866 2337 oi

275 2374 530 2444 Πατὲρες
555 2372 899 2427 διδάσκουσιν
922 2389 938 2405 ·
968 2374 1107 2427 αὐτὰ
1133 2373 1191 2427 δὲ
1214 2373 1389 2427 ταῦτα
1414 2373 1483 2426 τὰ
1537 2375 1867 2429 συνελθόντα

273 2467 421 2537 πρὸς
452 2465 511 2518 ἓν
536 2467 705 2536 ἄμφω
725 2466 995 2520 συντελεῖν
1024 2465 1318 2536 πρόσωπον
1343 2467 1436 2519 τοῦ
1455 2466 1585 2521 Υἱοῦ
1620 2467 1712 2522 καὶ
1736 2468 1866 2539 μίαν

273 2563 604 2614 ὑπόστασιν.
649 2559 711 2612 Ei
754 2558 813 2612 δὲ
852 2557 1030 2622 τοῦτο,
1061 2557 1181 2622 πῶς
1234 2557 1297 2611 οὐ
1326 2559 1504 2629 χρεὼν
1533 2558 1694 2613 πάλιν
1724 2560 1863 2613 κατὰ

271 2651 411 2712 τοὺς
444 2649 698 2716 Πατέρας
720 2648 809 2702 διὰ
835 2649 934 2717 μὲν
960 2648 1023 2701 τὸ
1078 2647 1281 2700 εἰδέναι
1333 2648 1678 2717 σωζομένους
1736 2648 1863 2712 τοὺς

270 2744 474 2810 λόγους
525 2741 626 2812 τὴν
675 2739 939 2811 διαφορὰν
992 2738 1174 2807 λέγειν
1218 2740 1310 2792 καὶ
1371 2740 1509 2808 μετὰ
1542 2738 1639 2809 τὴν
1666 2737 1863 2793 ἕνωσιν

274 2836 482 2900 σώζειν
507 2836 563 2888 ὲν
588 2834 810 2903 ἰδιότητι
839 2834 905 2902 τῇ
945 2837 1086 2885 κατὰ
1134 2830 1298 2899 φύσιν
1332 2831 1439 2884 τῶν
1497 2829 1863 2884 συνελθόντων

275 2930 568 2997 ἑκάτερον,
629 2926 717 2980 διὰ
747 2926 805 2979 δὲ
856 2924 918 2977 τὸ
971 2922 1277 2992 ὁμολογεῖν,
1310 2924 1385 2986 ὡς
1431 2923 1568 2993 πρὸς
1603 2922 1663 2975 ἓν
1692 2922 1861 2991 ἄμφω

1978 1750 2166 1806 Sancti
2197 1750 2425 1805 Maximi
2460 1752 2709 1806 adrersus
2740 1750 3049 1817 Eutychem,
3100 1757 3147 1801 et
3215 1745 3549 1817 Dioscornm.

2047 1821 2182 1874 duas
2208 1833 2431 1875 naturas
2460 1822 2513 1874 in
2539 1838 2698 1874 unam
2725 1814 3127 1881 confundentes,
3163 1831 3301 1885 quos
3342 1814 3557 1881 quidam

2046 1889 2416 1959 Synchyticos,
2439 1892 2657 1959 quidam
2692 1890 3095 1959 Mortaphysitaa
3130 1884 3555 1959 appellaverunt.

2046 1954 2307 2029 Eutyclies
2348 1954 2525 2014 autem
2580 1960 2683 2027 fuit
2736 1954 3197 2029 arcliiniandriia,
3240 1954 3555 2029 _Dioscorus

2043 2025 2172 2083 vero
2210 2025 2633 2098 archieplswpns
2674 2028 3038 2082 Alexandrim.
3091 2025 3179 2079 Ea:
3233 2026 3551 2092 interpreta-

1978 2134 1983 2143 ο
2043 2100 2184 2153 tione
2212 2101 2474 2154 orationis
2498 2101 2563 2154 de
2588 2110 2732 2153 recta
2757 2098 3107 2168 confessione.

2040 2276 2279 2331 Duarum
2326 2283 2646 2329 naturarum
2709 2273 3124 2343 conjunctarum
3177 2270 3441 2327 rationes
3482 2268 3589 2325 iter

1968 2367 2177 2425 servari
2207 2367 2405 2423 docent
2426 2364 2639 2424 Patres.
2667 2374 2724 2420 ut
2755 2364 2861 2420 illa:
2894 2365 3024 2434 ipsa:
3052 2361 3462 2424 convenientes,
3498 2359 3553 2413 in

1969 2477 2131 2517 unam
2161 2461 2332 2516 amba:
2362 2458 2483 2515 Filii
2513 2473 2802 2528 personam
2827 2466 2991 2526 atque
3018 2470 3180 2511 unam
3207 2449 3545 2525 hypostasiui

1966 2555 2361 2612 concurrerint.
2409 2553 2564 2622 Quod
2620 2551 2666 2609 si
2714 2552 2816 2607 ista
2878 2559 2963 2607 est
3001 2549 3224 2603 Patrum
3281 2542 3555 2607 doctrina,

1966 2647 2334 2703 necessarium
2369 2654 2471 2711 est,
2505 2653 2564 2699 ut
2590 2656 2715 2697 cum
2748 2640 2987 2697 rationes
3046 2640 3176 2709 ipsae
3238 2643 3545 2695 serventur,

1964 2740 2267 2798 diﬂerentia
2298 2739 2428 2794 item
2447 2745 2726 2807 appareat,
2744 2748 2865 2804 qua:
2888 2742 3010 2804 post
3030 2728 3468 2797 coniunctionem
3499 2725 3554 2778 in

1966 2833 2196 2890 naturali
2216 2832 2545 2903 proprietate
2560 2837 2843 2898 utramque
2859 2834 3165 2882 conservet.
3179 2822 3257 2876 Ex
3282 2834 3347 2875 eo
3375 2826 3557 2873 autem

1965 2924 2110 2991 quod
2153 2924 2207 2978 in
2241 2935 2404 2976 unam
2443 2933 2730 2989 personam
2763 2926 2924 2987 atque
2951 2912 3288 2987 hypostasim
3336 2908 3560 2961 naturas

278 3021 598 3076 συντελοῦσι
636 3018 924 3090 πρόσωπον
942 3014 1037 3069 τοῦ
1092 3014 1247 3078 Υιοῦ,
1290 3017 1385 3069 καὶ
1440 3014 1568 3085 μίαν
1624 3013 1861 3067 timocra-

1967 3018 2155 3074 ambas
2212 3016 2529 3073 convenisse
2594 3015 2942 3081 conﬁtemur,
3011 3011 3110 3065 has
3164 3005 3328 3062 dividi
3372 3004 3581 3072 sejunv

281 3130 393 3175 σιν,
429 3108 672 3182 ἀκριϐῶς
699 3105 1013 3176 γινώσκειν,
1045 3104 1119 3168 ώς
1139 3104 1423 3175 ἀδιαίρετα
1452 3105 1627 3159 ταῦτα
1686 3105 1865 3174 πεφύ.

278 3220 479 3271 κασιν;
546 3202 670 3254 Ὀτι
723 3200 781 3253 δὲ
833 3200 867 3269 ἡ
913 3198 1024 3251 τῶν
1081 3196 1446 3251 συνελθόντων
1472 3196 1729 3267 διαφορὰ,
1769 3198 1863 3251 καὶ

278 3298 428 3352 αὐτὰ
460 3296 517 3350 δὲ
546 3294 721 3349 ταῦτα
749 3292 821 3347 τὰ
861 3291 1186 3346 συνελθόντα
1246 3290 1512 3357 σώζονται
1580 3290 1719 3362 μετὰ
1763 3291 1865 3362 τὴν

278 3391 481 3443 ἕνωσιν
506 3388 683 3456 πάσης
704 3384 914 3454 τροπῆς
942 3383 1120 3447 ἐκτὸς,
1148 3384 1245 3438 καὶ
1274 3384 1611 3453 συγχύσεως,
1634 3385 1663 3436 ό
1695 3384 1862 3452 ἁγιώ-

277 3498 447 3543 τατος
508 3479 606 3548 τῆς
668 3476 996 3548 Ἐκκλησίας
1040 3476 1267 3546 φωστὴρ
1318 3474 1610 3548 Κύριλλος,
1672 3470 1716 3543 ᾧ
1766 3479 1863 3529 καὶ

279 3570 702 3646 προσ-τεθεῖσθαι
737 3569 1017 3640 περισσῶς
1063 3568 1450 3640 ὑποκρίνονται
1493 3569 1544 3621 oi
1606 3570 1673 3637 τῇ
1730 3568 1863 3639 ἁγίᾳ

277 3668 377 3723 τοῦ
399 3664 537 3720 Θεοῦ
561 3662 815 3733 διακενῆς
841 3661 1207 3733 πολεμοῦντες
1250 3659 1571 3730 Ἐκκλησίᾳ,
1636 3660 1861 3727 ἀρκέσει

282 3756 582 3830 μαρτυρῶν
604 3770 619 3787 ο
652 3757 711 3810 ὲν
752 3754 851 3825 μὲν
884 3754 993 3823 γὰρ
1025 3752 1105 3822 τῷ
1135 3750 1374 3821 δευτέρῳ
1418 3750 1529 3802 τῶν
1560 3750 1704 3802 κατά
1756 3748 1858 3802 Νε-

280 3850 501 3921 στορίου
531 3846 851 3917 δυσφημιῶν
872 3848 1028 3915 τόμῳ
1056 3843 1285 3914 γράφων
1307 3841 1458 3903 τάδε.
1484 3844 1863 3909 Παρενηνογ-

273 3942 468 4012 μένου
526 3956 593 4009 τε
634 3938 764 4007 μὴν
823 3939 910 4002 εις
944 3938 1143 4003 μέσον
1178 3933 1522 4004 μυστηρίου
1553 3931 1661 3985 τοῦ
1712 3931 1864 3986 κατὰ

277 4033 560 4102 Χριστὸν,
591 4034 625 4086 ό
652 4028 761 4099 τῆς
791 4028 1062 4095 ἐνώσεως
1087 4027 1271 4096 λόγος
1325 4027 1437 4079 οὐκ
1493 4022 1701 4093 ἀγνοεῖ
1747 4023 1865 4093 μὲν

279 4128 398 4193 τὴν
435 4122 749 4191 διαφορὰν,
805 4121 1092 4188 ἐξίστησι
1129 4118 1201 4171 δὲ
1251 4116 1367 4185 τὴν
1421 4116 1737 4184 διαίρεσιν,
1790 4118 1863 4170 οὐ

278 4213 562 4282 συγχέων
607 4210 928 4277 ἀλλήλαις,
953 4210 1052 4263 καί
1102 4206 1446 4276 ἀνακιρνῶν
1467 4208 1573 4273 τὰς
1619 4208 1859 4275 φύσεις,

278 4305 420 4362 ἀλλ’
446 4306 536 4359 ὅτι
568 4304 795 4372 σαρκὸς
814 4303 911 4356 καί
947 4300 1196 4370 αἳματος
1226 4314 1618 4367 μετεσχηκώς
1670 4301 1704 4353 ὁ
1752 4298 1863 4354 τοῦ

1964 3113 2126 3185 gique
2154 3126 2260 3167 non
2292 3125 2452 3181 posse
2481 3109 2640 3179 plane
2686 3105 3089 3178 cegnoscimus.
3118 3099 3273 3167 Quod
3302 3108 3482 3152 autem
3503 3104 3560 3149 ει

1965 3213 2277 3260 naturarum
2309 3201 2636 3267 diﬂ‘erentia,
2690 3210 2745 3255 et
2792 3200 2924 3266 ipsze
2992 3206 3200 3251 natura:
3241 3199 3364 3262 post
3428 3201 3561 3244 con-

1959 3298 2296 3368 junctionem
2356 3298 2477 3352 sine
2537 3294 2644 3352 ulla
2699 3293 3003 3349 mutatione
3067 3298 3160 3343 aut
3234 3283 3559 3341 confusione

1964 3399 2271 3454 serventur,
2322 3385 2710 3444 sanctissimus
2735 3383 2991 3440 Ecclesiae
3023 3377 3275 3451 splendor
3299 3373 3557 3444 Cyrillus,

1964 3480 2051 3534 cui
2077 3480 2180 3551 ,νει
2227 3479 2351 3534 addi
2379 3479 2678 3551 quidquam
2727 3486 3189 3546 supervacaneum
3241 3482 3363 3522 esse
3390 3466 3560 3521 simu-

1962 3571 2096 3636 lant,
2131 3572 2225 3640 qui
2248 3569 2446 3625 frustra
2473 3579 2717 3625 sanctam
2751 3568 2861 3639 [Dei
2894 3570 3203 3635 oppugnant
3240 3558 3559 3619 Ecclesium,

1964 3664 2099 3717 satis
2132 3671 2360 3719 testatur
2390 3662 2442 3716 in
2488 3660 2734 3715 secundo
2784 3668 3146 3713 tomtreorum
3203 3666 3322 3720 quae
3370 3657 3560 3703 contra

1963 3753 2198 3809 Nestorii
2225 3752 2511 3809 maledicta
2542 3750 2892 3820 conscripsit,
2914 3749 3141 3818 loquens
3165 3743 3231 3798 ad
3272 3743 3417 3796 hunc
3445 3752 3561 3792 uio-

1963 3845 2091 3900 dum
2121 3860 2135 3898 :
2184 3862 2204 3896 ι
2236 3844 2374 3900 Cum
2430 3852 2610 3899 autem
2648 3841 2848 3899 Christi
2879 3837 3192 3911 mysterium
3231 3834 3283 3889 in
3318 3829 3557 3887 medium

1962 3937 2207 4001 aﬂ'ertur,
2229 3934 2628 4004 conjunctionis
2655 3933 2794 3989 ratio
2816 3948 2921 3988 non
2949 3931 3161 4003 ignorat
3179 3925 3560 3988 diﬂ'ercntiam,

1963 4030 2057 4086 sed
2083 4029 2258 4097 reiicit
2294 4029 2614 4084 divisionem
2646 4044 2659 4093 ;
2688 4041 2791 4083 nec
2817 4037 3043 4081 naturas
3065 4021 3351 4080 contundit
3395 4028 3560 4086 atque

1962 4122 2301 4188 commiscet,
2339 4121 2434 4176 sed
2467 4120 2564 4175 Dei
2589 4118 2823 4174 Verbum
2864 4120 2945 4174 sic
2974 4132 3099 4173 esse
3144 4116 3345 4171 factum
3374 4108 3561 4168 carnis

1963 4222 2018 4269 et
2046 4214 2324 4285 sanguinis
2357 4212 2631 4283 particeps
2661 4212 2812 4276 dicit,
2869 4219 2927 4265 nt
2954 4225 3092 4265 unus
3155 4220 3334 4263 tamen
3392 4215 3556 4276 atque

1965 4306 2107 4361 idem
2156 4305 2324 4360 Filius
2348 4304 2681 4375 intelligatur
2735 4313 2789 4358 et
2824 4303 3151 4358 nominetur.
3185 4319 3204 4354 ι
3231 4302 3299 4356 At
3331 4300 3386 4355 in
3416 4301 3561 4369 Apo-

282 4397 435 4454 Θεοῦ
468 4396 660 4463 Λόγος
682 4388 771 4458 είς
795 4393 984 4447 πάλιν
1009 4391 1107 4445 καί
1153 4394 1186 4445 ό
1235 4392 1419 4457 αὐτὸς
1462 4407 1686 4445 recitat
1757 4392 1857 4445 καί

1966 4398 2104 4474 logia
2134 4402 2201 4456 ad
2235 4374 2543 4463 Andream,
2587 4399 2677 4469 qui
2711 4410 2871 4469 caput
2920 4398 3138 4453 tertium
3196 4394 3563 4466 reprehende-

280 4484 627 4555 ὀνομάζεται
663 4501 678 4514 ·
701 4486 758 4537 ὲν
787 4483 843 4536 δὲ
869 4485 930 4551 τῇ
958 4481 1095 4550 πρὸς
1133 4481 1392 4548 Ἀνδρέαν
1440 4496 1530 4532 τον
1564 4480 1860 4551 μεμψάμε-

281 4597 369 4631 νον
402 4578 464 4630 τὸ
490 4577 668 4646 τρίτον
698 4576 805 4628 τῶν
828 4574 1136 4642 κεφαλαίων
1160 4573 1428 4644 ἀπολογίᾳ
1469 4572 1611 4626 οὕτω
1642 4574 1818 4642 λέγων
1844 4589 1858 4604 ⁸

282 4666 659 4738 Ἀμοιρήσειε
683 4665 737 4719 δ’
765 4664 842 4719 ἂν
873 4663 971 4717 καί
992 4663 1201 4732 μώμου
1237 4663 1468 4728 παντὸς
1518 4663 1587 4716 τὸ
1639 4662 1865 4716 ειδέναι

280 4764 489 4829 τυχόν.
544 4760 623 4824 ὡς
675 4757 847 4825 ἑτέρα
896 4755 1013 4825 μέν
1051 4756 1183 4809 ἐστι
1217 4757 1367 4808 κατὰ
1414 4755 1606 4823 φύσιν
1640 4754 1799 4809 ἰδίαν
1825 4756 1861 4823 ἡ

279 4850 440 4919 σὰρξ
472 4849 631 4917 παρὰ
652 4866 717 4917 τε
758 4850 866 4903 τὸν
891 4849 961 4900 ἐκ
988 4842 1136 4903 Θεοῦ
1163 4846 1394 4914 Πατρός
1426 4847 1626 4915 eam:
1646 4848 1863 4916 Δός-ον,

281 4945 486 5010 ἕτερος
504 4941 556 4994 δ’
578 4937 658 4997 αὖ
686 4939 834 4993 κατὰ
855 4955 922 5008 γε
950 4940 1058 4991 τὸν
1079 4937 1191 5006 τῆς
1215 4939 1375 5003 ιδίας
1408 4939 1653 5006 φύσεως
1676 4939 1866 5005 λόγον

284 5040 319 5090 ὀ
349 5032 718 5102 Μοτογενὴς,
745 5030 883 5086 ἀλλ’
922 5032 994 5083 οὐ
1020 5030 1089 5083 τὸ
1112 5028 1333 5083 ειδέναι
1364 5025 1555 5085 ταῦτα
1608 5029 1867 5098 μερίζειν

283 5125 421 5180 ἐστὶ
458 5125 568 5189 τὰς
602 5122 817 5191 φύσεις
854 5122 1010 5190 μετά
1040 5121 1155 5189 cipe
1186 5122 1427 5174 ἕνωσιν.
1476 5122 1609 5175 Ἰδοὺ
1658 5124 1755 5175 καὶ
1805 5124 1866 5174 τὸ

280 5218 433 5291 μετὰ
471 5217 585 5284 τὴν
614 5217 832 5269 ἕνωσιν
859 5215 1044 5284 σαφῶς
1090 5216 1328 5267 τέθειται
1360 5214 1438 5285 τῷ
1491 5216 1715 5283 μεγάλῳ
1750 5216 1863 5267 Κυ-

285 5314 476 5383 ρὶλλῳ,
502 5308 740 5371 εὐσεϐῶς
760 5313 872 5371 τοῖς
922 5312 1135 5371 πιστοῖς
1172 5311 1266 5361 καὶ
1300 5310 1590 5377 νοούμενον
1622 5306 1744 5359 κατ’
1767 5308 1864 5360 αὑ-

281 5406 397 5464 τὸν,
436 5404 532 5453 καὶ
564 5399 877 5469 λεγόμενον.
906 5401 980 5451 Τὸ
1031 5399 1142 5470 γὰρ
1173 5398 1439 5469 μηδαμῶς
1472 5415 1525 5449 τι
1565 5396 1867 5466 βεϐλάφθαι

281 5495 376 5546 τὸν
395 5493 492 5545 τοῦ
510 5485 652 5544 εῐιαι
679 5490 788 5542 τῶν
815 5490 1123 5543 ἑνωθέντων
1163 5489 1322 5557 λόγον
1358 5489 1422 5541 ἐκ
1469 5487 1570 5557 τῆς
1620 5486 1869 5548 ἑνώσεως

1961 4496 2077 4559 bat,
2112 4512 2131 4545 ι
2173 4491 2258 4546 Ab
2290 4492 2463 4558 omni,
2494 4492 2689 4559 inquit,
2719 4490 2859 4545 absit
2889 4487 3328 4557 reprehensione,
3360 4487 3404 4541 si
3440 4486 3561 4555 quis

1962 4599 2180 4640 carnem
2218 4593 2413 4636 natura
2443 4582 2661 4653 propria
2688 4598 2716 4635 a
2758 4581 2936 4637 Verbo
2954 4595 3021 4640 ex
3048 4579 3159 4633 Deo
3183 4576 3345 4632 Patre
3376 4577 3558 4647 genito

1964 4676 2229 4730 diversam
2269 4688 2389 4729 esse
2417 4675 2637 4738 sentiat,
2673 4673 2912 4741 itemque
2946 4681 3152 4726 natura:
3212 4668 3442 4741 propria:
3471 4682 3559 4720 ra-

1966 4766 2112 4821 tione
2146 4763 2421 4820 diversum
2490 4763 2864 4836 Unigenitnm.
2916 4762 3028 4819 Nec
3086 4773 3265 4817 tamen
3317 4761 3432 4815 haec
3484 4759 3555 4812 ita

1927 4856 2336 4925 ocontemplari,
2368 4865 2452 4912 est
2477 4867 2698 4910 naturas
2752 4864 2873 4926 post
2920 4854 3356 4924 coniunctionem
3421 4850 3561 4905 divi-

1963 4951 2113 5004 dere.
2145 4969 2163 5000 ι
2206 4950 2345 5005 Ecce
2375 4964 2536 5020 quam
2560 4957 2746 5017 aperte
2782 4964 2810 5003 a
2844 4963 3038 5017 magno
3080 4945 3283 5018 Cyrillo
3317 4944 3556 5014 positum

1961 5048 2044 5096 est
2092 5051 2203 5107 post
2258 5040 2705 5107 conjunctioncm,
2736 5038 2791 5093 in
2841 5053 2951 5107 quo
2999 5036 3085 5107 pie
3117 5052 3239 5092 cum
3302 5036 3553 5089 fidelibus

1962 5139 2016 5182 et
2054 5130 2218 5183 sentit
2246 5140 2299 5182 et
2332 5129 2595 5196 loquitur.
2658 5126 2787 5182 Nam
2820 5130 2963 5196 quod
2996 5143 3183 5181 eormn
3235 5142 3357 5196 quae
3415 5140 3554 5179 con-

1958 5217 2149 5285 jmicta
2205 5228 2355 5284 sunt,
2391 5217 2529 5272 ratio
2586 5218 2721 5274 nihil
2772 5218 3019 5284 ladatur,
3045 5234 3111 5275 ex
3180 5217 3558 5283 cenjnnctione

1966 5308 2227 5361 declarat.
2265 5305 2419 5371 Quod
2443 5318 2622 5362 autem
2650 5318 2903 5363 neutrum
2935 5323 3057 5363 cum
3105 5306 3278 5360 altero
3325 5308 3557 5359 miscea-

1971 5409 2059 5453 tur
2085 5407 2142 5452 et
2170 5396 2562 5463 confundatur,
2593 5413 2661 5454 ex
2717 5413 2785 5454 eo
2830 5399 2971 5468 quod
3020 5411 3086 5452 ex
3130 5406 3359 5466 utroque
3392 5409 3556 5449 unum

1974 5492 2025 5543 in
2077 5500 2306 5559 persona
2333 5489 2448 5542 lieri
2470 5489 2625 5555 dicit,
2664 5488 2867 5544 servari
2895 5498 3074 5543 autem
3107 5498 3161 5543 et
3203 5502 3420 5542 manere
3446 5487 3557 5542 sic-

282 5586 436 5654 δηλοῖ
465 5582 561 5636 καὶ
588 5582 650 5634 τὸ
682 5581 757 5650 μὴ
785 5581 997 5651 θατέρῳ
1020 5581 1246 5650 θάτερον
1275 5581 1546 5652 φυρθῆναι
1580 5580 1666 5633 διὰ
1700 5579 1759 5632 τὸ
1814 5580 1864 5644 ιξ

1976 5592 2035 5636 ιιι
2105 5592 2398 5651 utrumque
2424 5590 2506 5635 cst
2536 5596 2633 5651 per
2680 5580 2996 5636 essentiam.
3026 5578 3082 5636 Id
3125 5582 3268 5636 enim
3322 5596 3443 5635 cuni
3471 5595 3557 5637 sa-

363 5727 379 5757 ¹
414 5724 643 5782 Zacliar.
674 5739 773 5788 xu,
820 5722 918 5791 l0;
944 5722 1099 5780 Joan.
1129 5739 1239 5787 xix,
1262 5722 1352 5779 37.
