4042 6208
273 295 412 359 ιίῐὲθ

1236 294 1612 353 PANOF’LIA
1651 292 2108 353 DOGMATICA.
2134 318 2202 327 ·-
2228 295 2381 357 ΤΙΤ.
2429 297 2583 358 XVI.

3412 300 3545 365 1030

265 407 342 468 ὧν
370 408 513 465 εἶναι
536 409 633 481 τὴν
672 409 937 480 διαφορὰν
963 408 1339 479 ὁμολογοῦσιν.
1365 410 1427 461 El
1450 408 1557 476 γὰρ
1583 408 1839 471 σώζεσθαε

1961 406 2019 461 Si
2076 408 2217 462 enim
2250 423 2309 462 ra
2370 423 2436 462 ex
2495 409 2690 479 quibus
2752 409 3059 479 c0ujunrtio
3101 409 3178 477 fit,
3242 422 3364 480 post
3417 428 3545 468 con-

270 503 410 573 μετά
432 501 532 573 τὴν
560 502 753 553 ἕνωσιν
777 502 843 554 τὰ
876 500 934 563 ἐξ
962 495 1035 554 ὧν
1073 502 1105 570 ή
1139 499 1335 561 ἓνωσις
1372 498 1721 561 πιστεύουσι,
1752 498 1846 551 δύο

267 594 491 655 πάντως
525 592 592 645 τὰ
614 590 900 658 σωζόμενα
920 589 1313 660 ὁμολογήσαιεν
1343 590 1429 642 ἄν.
1458 588 1712 641 Τοσαῦτα
1737 588 1845 658 γὰρ

266 685 335 737 τὰ
370 683 692 738 συνελθόντα
744 682 879 752 πρὸς
908 682 1102 734 ἕνωσιν
1156 681 1255 751 τὴν
1313 682 1708 745 ἀδιάσπαστον,
1745 680 1846 750 τὴν

266 775 483 831 οἱανούν
513 775 748 845 τροπὴν,
786 774 818 845 ἢ
858 775 1141 844 σύγχυσιν,
1178 774 1208 843 ἦ
1241 775 1494 843 μείωσιν,
1523 772 1555 843 ἢ
1591 772 1847 840 συναίρε-

268 885 377 930 σιν,
409 866 443 937 ἢ
502 865 809 935 μεταϐολὴν
847 864 947 936 τὴν
982 864 1060 926 είς
1105 864 1312 934 ἄλληλα
1348 866 1414 917 ἐκ
1458 863 1559 934 τῆς
1596 862 1845 925 ὲνςύστως

265 960 326 1011 οὐ
355 956 649 1026 δεξάμενα.
678 954 818 1008 Νυνὶ
837 954 895 1007 δὲ
926 954 1085 1008 τοῦτο
1107 953 1180 1024 μὴ
1206 953 1541 1019 δοξάζοντες,
1573 953 1646 1015 ὡς
1680 954 1847 1022 ἠρνη-

268 1050 424 1118 μένοι
467 1049 564 1107 τὰς
595 1046 789 1115 φύσεις
820 1045 960 1115 μετὰ
984 1044 1083 1115 τὴν
1122 1045 1318 1097 ἕνωσιν
1350 1044 1644 1111 σώζεσθαι,
1678 1045 1847 1095 ὑπευ-

265 1140 460 1201 θύιους
493 1140 720 1200 ἑαυτοὺς
772 1138 1017 1209 ἐλέγχοις
1066 1135 1415 1206 πεποίηνται,
1449 1136 1552 1189 κᾶν
1605 1136 1682 1209 μὴ
1717 1136 1844 1206 βούσ⁸

264 1234 484 1295 λωνται,
514 1233 649 1301 μόνῃ
676 1230 927 1300 ποιότητι
960 1228 1213 1297 λέγοντες
1245 1230 1347 1299 τὴν
1378 1228 1644 1298 διαφορὰν
1676 1230 1845 1295 σώζε-

266 1323 391 1375 σθαι
419 1324 528 1375 τῶν
555 1321 899 1391 πραγμάτων
928 1323 1122 1393 χωρὶς,
1151 1320 1342 1389 ὥσπερ
1378 1320 1683 1391 ἀνθρώπων
1713 1340 1842 1376 παι-

262 1413 467 1473 ζόντων
494 1413 777 1485 προδήλως
808 1413 1042 1478 ἐστὶ,καὶ
1068 1412 1130 1465 τὸ
1150 1411 1227 1482 μὴ
1259 1410 1548 1479 γελᾶσθαι,
1568 1412 1645 1475 ὡς
1669 1412 1841 1479 εἰκὸς,

261 1503 423 1572 ὐσριν
456 1498 599 1556 εἶναι
650 1504 1042 1573 λογιζομένων,
1076 1503 1172 1556 καὶ
1221 1502 1400 1570 σοφῶς
1432 1502 1733 1557 κενούντων
1781 1505 1843 1556 τὸ

260 1594 618 1663 Εὐαγγέλιον,
642 1595 769 1648 ἄνευ
800 1593 1002 1648 οὐσιῶν
1031 1594 1413 1663 ὑποκειμένων
1447 1590 1592 1647 εἶναι
1626 1596 1841 1666 ποιότη-

257 1705 359 1749 τας
394 1687 656 1741 δύνασθαι
704 1686 1166 1757 νομοθετούντων,
1196 1688 1293 1740 καὶ
1320 1685 1489 1738 ποσοῦ
1521 1688 1691 1757 χωρὶς
1720 1690 1841 1741 ἑπι-

1947 497 2282 564 junctionetn
2314 502 2519 553 servari
2551 502 2798 564 credunt,
2834 502 2939 554 duo
2974 504 3131 569 plane
3169 512 3381 558 servata
3414 518 3545 557 con-

1950 589 2260 654 fitebuntur,
2291 602 2368 644 tot
2390 592 2531 645 enim
2560 594 2626 645 ad
2660 592 3091 659 conjunctionem
3162 594 3543 649 indivisibilem

1948 693 2302 745 concurrunt,
2327 697 2447 751 quae
2475 698 2573 737 nec
2604 684 2993 748 inversionem,
3020 700 3119 739 nec
3145 684 3542 745 confusionem.

1949 786 2047 827 nec
2074 772 2524 836 imminutionem,
2559 788 2656 829 nec
2711 777 3060 836 mutationem
3101 776 3257 829 ullam
3290 778 3426 831 inter
3486 794 3545 832 se

1949 878 2015 917 ex
2067 864 2455 932 conjunctione
2506 866 2830 935 suscipiunt.
2893 865 3048 921 Nunc
3074 875 3251 921 autem
3282 868 3415 941 allec
3446 869 3546 920 im-

1947 956 2261 1024 probantes,
2302 966 2359 1011 ut
2406 956 2494 1024 qui
2530 966 2725 1026 negent
2772 967 2991 1012 naturas
3022 967 3142 1027 post
3191 961 3532 1028 conjunctio-

1949 1063 2069 1103 nem
2095 1049 2323 1113 servari,
2389 1050 2597 1119 seipsos
2683 1051 3195 1119 reprehensionibus
3272 1053 3564 1111 obnoxius,

1947 1139 2375 1204 constituerunt,
2405 1142 2619 1195 etiamsi
2662 1142 2848 1202 nolint,
2874 1157 2998 1207 cum
3028 1143 3212 1211 dieant
3263 1146 3374 1197 sola
3408 1160 3557 1211 qua-7

1946 1228 2098 1285 litate
2119 1230 2481 1287 differentiam
2516 1232 2740 1294 servari,
2777 1234 2893 1288 sine
2934 1214 3119 1286 rebus:
3142 1226 3292 1298 Quod
3323 1235 3553 1303 quidem,

1944 1330 2028 1376 est
2063 1323 2342 1378 hominum
2385 1333 2566 1393 aperte
2618 1324 2919 1378 ludentium
2970 1339 3068 1378 nec
3124 1333 3302 1393 turpe,
3347 1337 3545 1396 ιιι-ρει·

1945 1417 2049 1474 est,
2082 1412 2536 1476 existimantium,
2592 1428 2652 1467 se
2706 1415 2962 1477 derideri,
3019 1423 3073 1467 et
3106 1414 3262 1482 plane
3307 1416 3542 1483 Evange-

1946 1502 2076 1558 lium
2110 1503 2273 1558 inane
2301 1504 2673 1569 efﬁcientium,
2707 1521 2827 1559 cum
2859 1506 2976 1559 sine
3002 1504 3263 1573 subjecti»-
3295 1509 3543 1560 essetttiis

1942 1606 2185 1650 asseraut
2204 1612 2324 1651 esse
2343 1611 2501 1666 posse
2522 1597 2840 1666 qualitates,
2859 1605 2914 1650 et
2944 1599 3059 1651 sine
3077 1600 3379 1665 quantitate
3397 1597 3543 1651 diffe-

1943 1690 2175 1742 rentiam
2201 1691 2453 1756 cognosci
2483 1693 2721 1743 tradant.
2752 1690 3013 1759 Ignorant
3041 1692 3206 1752 enim,
3233 1704 3288 1742 ut
3309 1691 3537 1752 videtur,

256 1780 573 1851 γνωσθῆναι
604 1752 870 1851 διαφορὰν
902 1777 1330 1848 ὑποτιθεμένων.
1370 1752 1677 1850 Ἥγνόησαν
1706 1781 1839 1851 γὰρ,

1948 1781 2196 1834 homines
2246 1779 2662 1848 sapientissimi,
2697 1796 2912 1835 onmem
2964 1781 3281 1850 qualitatem
3344 1782 3543 1835 habete

255 1880 331 1939 ὡς
358 1878 557 1942 ἔοικεν,
586 1880 634 1931 oi
664 1878 992 1948 σοφώτατοι,
1029 1877 1115 1931 ὅτι
1169 1878 1322 1931 πᾶσα
1353 1878 1581 1948 ποιότης
1610 1878 1839 1931 ὑποκει-

259 1967 433 2041 μένης
459 1970 678 2032 πάντως
729 1970 918 2032 οὐσίας
946 1969 1086 2034 ἐστὶ,
1138 1970 1269 2040 περὶ
1296 1970 1366 2041 ἢν
1397 1971 1491 2024 καὶ
1526 1971 1841 2040 θεωρεῖται,

255 2062 353 2112 καὶ
408 2059 630 2128 λέγεται
679 2060 741 2112 τὸ
788 2060 908 2113 κατ’
935 2060 1107 2129 αὐτὴν
1136 2059 1279 2114 εἶναι
1309 2060 1564 2131 οὐδαμῶς
1608 2063 1839 2131 ἔχουσα,

255 2152 355 2203 καὶ
391 2152 543 2204 πᾶσα
580 2150 813 2221 διαφορὰ
846 2154 948 2222 τῆς
985 2151 1168 2205 ἄλλων
1224 2150 1361 2223 πρὸς
1388 2152 1525 2207 ἄλλα
1554 2157 1697 2208 κατὰ
1748 2153 1841 2207 τὸν

254 2242 353 2295 τοῦ
381 2243 498 2305 πῶς
530 2239 671 2296 εἶναι
708 2243 869 2310 λόγον
902 2244 1293 2313 ἀνομοιότητός
1316 2260 1376 2297 τε
1401 2246 1496 2298 καὶ
1521 2246 1841 2317 ἑτερότητος

255 2332 393 2389 οὖσα
414 2337 709 2407 animum.
745 2338 806 2389 τὸ
837 2339 1004 2390 ποσὸν
1032 2341 1143 2391 τῶν
1174 2337 1545 2408 διαφερόντων
1578 2340 1843 2408 πραγμά-

251 2446 368 2482 των
417 2430 762 2496 συνεισάγειν
794 2430 965 2501 ἑαυτῇ
998 2430 1247 2500 πέφυκεν
1306 2433 1417 2485 εἴτε
1468 2432 1695 2498 οὐσιῶν,
1727 2433 1840 2485 εἴτε

255 2521 586 2590 ποιοτήτων,
633 2521 742 2573 εἴτε
776 2521 1074 2592 ίδιοτήτων,
1116 2524 1212 2577 καὶ
1232 2523 1445 2588 ἁπλῶς,
1475 2524 1567 2577 ἵνα
1601 2524 1841 2579 συνελὼν

254 2613 423 2675 εἴπω,
447 2612 647 2671 παντὸς
680 2613 867 2683 ἑτέρου
897 2613 1043 2673 τινὸς
1090 2614 1199 2667 τῶν
1220 2614 1333 2683 ,ὅσα
1363 2614 1648 2686 διαφέρειν
1675 2616 1843 2687 ἀλλή-

253 2705 367 2758 λων
397 2703 873 2773 ὑπολαμϐάνοντες
900 2705 1106 2759 εἰποιεν
1135 2703 1273 2759 εἶναι
1303 2706 1588 2777 διαφορὰν,
1618 2707 1841 2771 πάντως

253 2799 317 2847 ἐν
351 2795 502 2865 ποσῷ
528 2799 597 2847 τὰ
624 2794 950 2865 διαφέροντα
983 2797 1367 2869 θεωρήσαντες
1397 2801 1510 2852 εἴτε
1557 2799 1837 2872 αίσθήσει,

252 2887 371 2941 εἴτε
412 2887 599 2957 νοήσει
639 2888 738 2956 τὴν
794 2886 1063 2957 διαφορὰν
1115 2888 1441 2959 δγνὼρισαν.
1506 2890 1675 2944 ’Δνευ
1728 2892 1839 2963 γὰρ

254 2980 429 3033 ποσοῦ
463 2978 728 3032 δύνασθαι
772 2980 1221 3035 διαϐεὸαιοῦσθαι
1250 2981 1531 3036 δεικνύναι
1567 2982 1838 3055 διαφορὰν

1944 1870 2242 1938 subjectam
2280 1871 2597 1938 essentiam,
2657 1871 2803 1926 circa
2828 1888 2988 1941 quam
3039 1872 3425 1937 consideratur
3486 1883 3541 1926 et

1942 1961 2162 2025 dicitur,
2197 1976 2316 2014 cum
2347 1976 2443 2031 per
2460 1977 2521 2016 se
2558 1965 2857 2017 consistere
2901 1976 3156 2033 nequeat.
3209 1963 3275 2016 Et
3324 1978 3539 2016 omnem

1943 2052 2327 2119 dilleicutiam,
2378 2068 2499 2107 cum
2535 2054 3029 2109 dissimilitudinem
3065 2064 3120 2110 et
3151 2056 3538 2118 diversitatem,

1943 2161 2107 2215 quam
2152 2147 2316 2201 variat
2353 2163 2439 2202 res
2477 2147 2682 2201 habent
2714 2148 2860 2201 inter
2915 2162 2994 2210 se.
3064 2159 3332 2218 quatenus
3363 2148 3543 2215 aliquo

1944 2240 2103 2292 modo
2136 2248 2284 2302 sunt,
2313 2238 2608 2307 significet,
2643 2254 2821 2292 rerum
2871 2238 3234 2294 differentium
3265 2241 3542 2309 quautit.i-
3628 2286 3631 2289 γ

1943 2340 2049 2386 tem
2078 2333 2430 2390 constituere.
2458 2330 2571 2384 sive
2602 2332 2878 2394 essentiac,
2927 2332 3041 2384 sive
3070 2330 3379 2399 quahtates,
3427 2334 3542 2384 sive
3568 2336 3571 2337 '

1943 2423 2306 2491 proprietates
2343 2420 2475 2485 sint,
2511 2435 2605 2475 seu
2638 2422 2852 2489 quidvis
2907 2422 3056 2475 aliud
3091 2435 3276 2475 eorum
3306 2436 3427 2490 quae
3460 2424 3542 2474 in~

1944 2524 2027 2568 ter
2060 2530 2118 2567 sc
2152 2512 2430 2577 differunt,
2460 2514 2577 2568 sive
2607 2528 2773 2567 sensu
2830 2514 2947 2566 sive
3004 2515 3331 2585 cogitatione
3382 2513 3541 2569 (ϋηο-τ

1906 2606 2171 2658 τοιιιὶειιι
2231 2602 2554 2672 intelligant.
2618 2601 2748 2655 Sine
2820 2604 3125 2671 quantitate
3171 2606 3317 2658 enim
3377 2619 3538 2675 posse

1942 2696 2315 2753 differentiam
2346 2694 2663 2751 confirmari
2694 2709 2800 2749 non
2826 2707 2912 2750 est
2942 2696 3335 2751 admittendum
3363 2714 3378 2762 ;
3415 2712 3539 2751 nam

1943 2803 2061 2856 quae
2084 2787 2230 2841 inter
2246 2802 2307 2842 se
2328 2787 2519 2842 eadem
2544 2787 2702 2856 plane
2725 2802 2830 2841 non
2854 2799 3003 2854 sunt,
3027 2788 3171 2842 nullo
3195 2788 3354 2842 modo
3376 2804 3539 2842 unam

1940 2889 1997 2935 et
2019 2880 2265 2934 eamdem
2291 2879 2593 2934 exsistendi
2629 2879 2896 2935 rationem
2944 2880 3271 2948 suscipiunt,
3300 2890 3538 2936 essenta.

1940 2971 2202 3026 nimirum
2241 2972 2401 3035 ,sive
2450 2983 2643 3026 natura
2695 2988 2818 3027 cum
2879 2985 3072 3025 natura
3103 3010 3119 3036 ,
3164 2982 3259 3027 aut
3307 2973 3541 3041 qualitas

253 3070 600 3133 ἁνένδεκτον,
631 3069 822 3140 ἐπειδή
850 3072 918 3123 τὰ
947 3071 1024 3141 μὴ
1048 3070 1300 3141 ἀλλήλοις
1330 3072 1509 3142 πάντη
1540 3073 1717 3126 ταυτὰ
1740 3074 1838 3126 ἕνα

1943 3075 2061 3115 cum
2127 3061 2440 3131 qualitate,
2506 3071 2601 3116 aut
2662 3064 2962 3132 preprietas
3020 3078 3143 3116 cum
3193 3061 3539 3131 proprietate.

252 3162 469 3216 καὶτὸν
515 3163 680 3217 αὐτὸν
716 3162 812 3216 τοῦ
839 3158 981 3217 εἶναι
1026 3163 1277 3233 οὐδαμῶς
1305 3165 1612 3231 ἑπιδέξεται
1649 3165 1836 3235 λόγον.

252 3254 459 3316 οὐσίας
490 3254 599 3325 γὰρ
621 3255 740 3325 ήτοι
770 3254 1007 3324 φύσεως.
1044 3255 1178 3324 φέρε
1214 3256 1411 3322 εἰπεῖν,
1448 3256 1587 3326 πρὸς
1620 3256 1836 3319 οὐσίαν.

252 3344 289 3415 ή
327 3345 613 3414 ποιότητος
649 3344 790 3415 πρὸς
838 3344 1126 3415 ποιότητα,
1162 3345 1195 3417 ἢ
1235 3346 1499 3416 ίδιότητος
1535 3347 1673 3416 πρὸς
1710 3346 1838 3400 ίδιό-

252 3454 416 3509 τητα,
446 3439 481 3510 ἦ
514 3440 611 3492 καὶ
655 3439 709 3492 sf
737 3455 790 3491 τι
821 3438 1011 3511 ἓτερον
1045 3438 1156 3492 τῶν
1198 3439 1302 3492 ὅσα
1338 3438 1414 3511 μὴ
1460 3441 1640 3495 πάντα
1665 3440 1840 3494 ταυτα

253 3532 352 3584 καὶ
381 3530 644 3602 διαφορᾶς
670 3531 1020 3595 ἁνεπίδεκτα,
1054 3530 1151 3584 ἕνα
1184 3531 1390 3584 καὶτὸν
1413 3531 1579 3586 αὐτ-δν
1605 3530 1702 3586 τοῦ
1719 3531 1839 3594 πῶς

254 3617 398 3676 εἶναι
427 3621 585 3690 λόγον
618 3622 880 3676 οὐδέποτε
916 3621 1099 3691 λέγειν
1128 3622 1455 3692 δυναίμεθα.

721 3710 825 3765 Ἐκ
847 3711 951 3768 τοῦ
981 3710 1170 3766 αὐτοῦ
1196 3713 1412 3783 λόγου.

334 3808 399 3862 Ei
448 3808 549 3879 μὲν
581 3806 942 3869 ἀναλλοίωτος
990 3808 1020 3860 ό
1048 3806 1166 3861 κατ’
1206 3806 1396 3861 οὐσίαν
1449 3807 1680 3879 θατέρου
1724 3810 1837 3864 τῶν

256 3902 574 3955 ἕνωθέντων
599 3899 837 3968 διέμεινε
871 3898 1029 3966 λόγος
1064 3897 1204 3967 μετὰ
1232 3898 1333 3970 τὴν
1364 3899 1559 3952 ἕνωσιν
1582 3902 1719 3971 πρὸς
1743 3902 1835 3954 τὸν

254 3994 490 4064 θατέρου
522 3992 623 4059 τῆς
651 3991 842 4053 οὐσίας
870 3992 996 4059 ὅρον
1020 3993 1097 4062 μὴ
1134 3990 1515 4060 μεταπίπτων,
1554 3993 1835 4064 προδήλως

252 4092 288 4160 ή
313 4089 410 4142 τοῦ
446 4086 685 4157 Χριστοῦ
718 4085 913 4155 θεότης
946 4087 1228 4157 μεμένηκε
1262 4086 1386 4141 κατ’
1422 4087 1617 4141 οὐσίαν
1644 4088 1838 4159 θεότης

254 4182 394 4252 πρὸς
422 4182 525 4251 τὴν
577 4180 785 4249 σαρκὸς
815 4180 1009 4231 οὐσίαν
1033 4180 1093 4232 οὐ
1133 4182 1582 4252 μεταφοιτὴσασα
1607 4198 1620 4212 ·
1666 4186 1759 4237 καὶ
1804 4184 1838 4254 ἡ

251 4276 349 4329 τοῦ
404 4271 573 4326 αὐτοῦ
602 4271 765 4324 πάλιν
793 4270 1153 4342 ἀνθρωπότης
1189 4272 1470 4343 μεμένηκε
1497 4272 1621 4326 κατ’
1647 4273 1839 4327 οὐσίαν

252 4365 613 4436 ἀνθρωπότης
644 4364 779 4434 πρὸς
832 4364 933 4431 τὴν
966 4363 1061 4431 τῆς
1117 4361 1373 4434 θεότητος
1406 4367 1571 4432 φύσιν
1625 4365 1701 4435 μή
1728 4382 1838 4419 πα-

255 4458 424 4512 θοῦσα
446 4457 777 4528 μεταθολήν.
805 4455 868 4508 Ei
898 4455 954 4508 δὲ
987 4453 1115 4507 οὔτε
1145 4456 1178 4526 ή
1213 4456 1404 4526 θεότης
1432 4458 1532 4509 τοῦ
1564 4457 1828 4527 Χριστοῦ,

253 4553 380 4605 οὐτε
422 4552 457 4621 ή
492 4547 855 4619 ἀνθρωπότης
911 4549 992 4609 είς
1041 4546 1249 4617 ιλληλα
1318 4551 1830 4619 μεταπεφοιτήκασι

252 4644 342 4696 διὰ
370 4642 473 4711 τὴν
497 4639 617 4692 καθ’
641 4638 939 4691 ὑπόστασιν
965 4637 1185 4701 ἕνωσιν,
1222 4637 1338 4691 ἀλλ’
1364 4639 1659 4709 ἀσύγχυτοι
1688 4640 1833 4694 κατὰ

251 4734 346 4786 τὸν
382 4731 557 4801 μέγαν
591 4727 861 4798 Κύριλλον
894 4728 1277 4799 μεμενήκασιν
1307 4732 1363 4783 oi
1393 4730 1608 4799 φύσεις,
1645 4730 1833 4798 σαφῶς

253 4826 289 4897 ή
335 4821 475 4893 μετὰ
511 4821 612 4890 τὴν
645 4819 844 4872 ἕνωσιν
865 4818 1103 4890 διαφορὰ
1129 4819 1237 4873 τῶν
1269 4819 1593 4891 σωζομένων
1614 4822 1673 4874 ὲν
1697 4823 1831 4892 Χρι-

255 4914 371 4986 στῷ
416 4912 722 4982 καθέστηκε
778 4911 1021 4980 φύσεων,
1056 4910 1154 4965 καὶ
1204 4913 1381 4975 οὐδεὶς
1402 4914 1625 4983 ἀντερσῖ
1650 4913 1829 4983 λόγος.

256 5008 319 5061 Ei
353 5006 411 5059 δι
435 5004 546 5059 τῶν
578 5003 905 5074 ἀσυγχύτως
935 5004 995 5057 ὲν
1026 5003 1250 5074 Χριστῷ
1274 5004 1606 5074 σωζομένων
1626 5006 1777 5059 ἐστὶν
1798 5008 1833 5078 ή

254 5095 492 5165 διαφορὰ
519 5097 658 5163 μετὰ
674 5096 772 5165 τὴν
782 5094 1002 5158 ἑνωσιν,
1019 5093 1286 5163 διαφορὰν
1308 5093 1365 5145 δὲ
1380 5093 1694 5162 γνωσθῆναι
1710 5093 1837 5164 δίχα

259 5188 432 5243 ποσοῦ
466 5185 744 5249 παντελῶς
788 5184 1205 5255 κεχωρισμένην
1240 5184 1551 5254 ἀμήχανον,
1592 5183 1838 5255 λεγέσθω

256 5283 396 5354 πρὸς
422 5278 658 5348 δήλωσιν
694 5280 793 5348 τῆς
818 5277 1085 5348 διαφορᾶς
1112 5276 1176 5328 τὸ
1214 5276 1381 5329 ποσὸν
1405 5276 1517 5333 τῶν
1548 5279 1839 5349 διαφερόν-

248 5372 492 5438 tuava
522 5368 598 5439 μὴ
624 5371 788 5438 ψιλήν
817 5386 957 5437 πως,
989 5371 1082 5423 καὶ
1105 5370 1206 5423 οὐκ
1232 5368 1408 5440 ἀληθῆ
1440 5371 1541 5441 τὴν
1572 5372 1839 5441 διαφορὰν

258 5462 694 5533 ὐποπτσυθῶμεν
723 5465 1143 5535 πρεσϐεύοντες.
1169 5461 1346 5535 Ψιλὴν
1376 5464 1484 5534 γὰρ
1524 5466 1705 5518 πᾶσαν
1721 5465 1840 5518 δια-

260 5561 437 5632 φορὰν
464 5554 607 5610 alia
652 5557 681 5609 ὁ
712 5556 870 5625 λόγος
905 5558 1005 5627 τὴν
1035 5561 1139 5611 οὐκ
1190 5557 1425 5628 ιχουσαν
1476 5557 1840 5627 ὐπαρκτικῶς

259 5652 639 5721 omnia}.qu
662 5648 762 5720 τήν
788 5643 864 5705 ὧν
902 5652 1021 5703 ἐστι
1053 5650 1292 5721 διαφορὰ
1333 5650 1681 5720 πραγμάτων
1703 5649 1841 5722 ἁλή-

262 5747 434 5800 θειαν.
475 5746 670 5817 Ἡμεῖς
703 5745 805 5816 μὲν
832 5739 925 5800 οὖν
952 5744 1149 5799 ταυτὸν
1178 5743 1479 5798 ὐπόστσσίν
1509 5759 1570 5796 τε
1601 5744 1698 5797 καὶ
1737 5744 1841 5813 φύ-

1941 3163 2035 3208 aut
2089 3155 2132 3210 si
2186 3154 2314 3224 quid
2384 3154 2528 3206 aliud
2586 3166 2669 3207 est
2725 3168 2916 3208 eorum
2977 3168 3097 3224 qua:
3150 3171 3255 3207 non
3317 3155 3540 3209 omnino

1931 3249 2048 3302 sint
2082 3249 2296 3302 eadem.
2334 3245 2470 3299 Nam
2509 3261 2631 3315 quae
2660 3247 2816 3315 plane
2845 3258 2970 3301 sunt
3022 3247 3210 3301 eadem
3271 3258 3327 3301 et
3379 3247 3539 3302 diffe-

1940 3337 2174 3392 rentiam
2205 3352 2311 3390 non
2354 3335 2669 3400 admittunt,
2731 3352 2892 3391 uuam
2936 3347 2990 3392 et
3049 3339 3299 3393 eamdem
3352 3339 3538 3410 aliquo

1942 3433 2100 3485 modo
2119 3427 2416 3485 essimendi
2484 3428 2750 3482 rationem
2800 3443 3075 3497 nunquam
3137 3431 3317 3486 dicere
3378 3440 3537 3501 pote-

1942 3536 2135 3577 HUIUS.

2449 3720 2531 3775 Ea:
2572 3727 2753 3776 eadem
2779 3725 3037 3778 oratione.

2011 3815 2071 3869 Si
2105 3813 2386 3882 ulriusqne
2424 3815 2835 3882 conjunctorum
2894 3818 3032 3869 ratio
3087 3817 3284 3871 mansit
3331 3819 3535 3874 incom-

1942 3904 2218 3959 mutabilis
2287 3914 2407 3971 pOSt
2440 3902 2880 3969 conjunctionem
2912 3904 2962 3957 in
3012 3905 3236 3962 alterius
3288 3924 3393 3963 non
3453 3911 3536 3963 in-

1939 3995 2130 4051 cidens
2162 3996 2415 4051 essentia:
2459 3996 2772 4059 terminum,
2831 3993 3035 4047 Christi
3103 3996 3348 4064 profecto
3399 4000 3536 4052 divi—

1942 4089 2087 4141 nitas
2125 4088 2423 4141 secundum
2458 4086 2755 4139 essentiam
2791 4085 3052 4141 divinitas
3086 4089 3303 4152 mansit,
3331 4091 3388 4144 in
3418 4104 3537 4142 car-

1943 4181 2029 4234 nis
2068 4178 2361 4233 essentiam
2404 4191 2515 4230 non
2550 4187 2916 4232 commutata:
2949 4185 3003 4232 et
3054 4177 3295 4246 ejusdem
3348 4196 3537 4237 rursus

1944 4269 2250 4325 humanitas
2275 4268 2572 4323 secundum
2607 4267 2899 4322 essentiam
2941 4271 3151 4323 mansit.
3225 4271 3537 4331 humanitas

1944 4364 1996 4417 in
2022 4359 2314 4416 divinitatis
2360 4369 2610 4412 naturam
2671 4372 2777 4412 non
2844 4370 3198 4416 commutata.
3275 4361 3432 4431 Quod
3491 4365 3537 4422 si

1939 4462 2162 4524 propter
2186 4451 2626 4522 conjunctionem
2669 4450 2721 4504 in
2756 4464 2985 4518 persona
3029 4466 3129 4506 nec
3186 4454 3390 4511 Christi
3451 4458 3538 4512 di-

1932 4548 2130 4603 vinitas
2163 4559 2259 4599 nec
2306 4544 2611 4598 humanitas
2643 4544 2879 4598 vicissim
2918 4546 3219 4599 immutatae
3263 4559 3411 4613 sunt,
3443 4553 3538 4605 sed

1933 4641 2053 4697 sine
2087 4637 2430 4703 confusione,
2465 4647 2520 4690 ut
2559 4636 2752 4691 scribit
2806 4651 3032 4707 magnus
3061 4639 3315 4709 Cyrillus,
3374 4652 3537 4694 natu-

1938 4748 2012 4791 rae
2052 4738 2492 4801 permanserunt,
2540 4728 2841 4783 diﬂ‘ereutia
2872 4730 3032 4798 plane
3078 4740 3415 4785 servatarutn
3481 4732 3536 4787 in

1935 4826 2155 4881 Christo
2223 4833 2548 4877 naturarum
2608 4831 2731 4891 post
2788 4822 3224 4892 conjunctionem
3276 4812 3554 4890 perstitit.‘

1939 4916 2007 4972 Et
2047 4902 2195 4972 nulla
2235 4916 2381 4970 ratio
2431 4916 2774 4985 repugnabit.
2806 4916 2877 4968 At
2927 4919 2972 4969 si
3014 4927 3356 4983 naturarum,
3416 4933 3538 4987 qua:

1937 5008 2057 5064 sine
2098 5007 2415 5064 confusione
2437 5007 2489 5061 in
2519 5006 2740 5063 Christo
2768 5019 2997 5062 servata:
3021 5017 3168 5071 sunt,
3232 5019 3353 5079 post
3407 5024 3536 5066 cono

1933 5102 2268 5172 iunctionem
2302 5110 2387 5155 est
2411 5098 2741 5163 differentia,
2779 5116 2876 5153 nec
2926 5102 3044 5155 sine
3078 5100 3380 5169 quantitate
3429 5101 3536 5156 dif-

1940 5194 2172 5251 ferentia
2199 5195 2448 5263 cognosci
2499 5203 2676 5264 potest
2729 5196 2979 5259 omnino,
3038 5196 3107 5250 ad
3175 5195 3538 5252 differentiam

1940 5286 2321 5342 declarandam
2355 5285 2573 5340 dicatur
2608 5287 2887 5355 quantitas
2918 5285 3309 5351 differentium,
3345 5301 3411 5342 ne
3442 5303 3543 5343 nu-

1941 5379 2065 5435 dam
2093 5372 2489 5448 quodammodo
2518 5389 2574 5433 et
2602 5392 2708 5433 non
2750 5393 2933 5434 veram
2967 5378 3327 5436 differentiam
3388 5393 3540 5435 asse-

1946 5484 2065 5525 rere
2092 5468 2581 5538 depreheudamur.
2612 5469 2765 5525 Nuda
2792 5485 2954 5540 porro
2975 5471 3152 5527 omnis
3180 5478 3265 5526 est
3286 5469 3542 5527 differen-

1946 5565 2019 5619 tia
2053 5577 2174 5634 quae
2205 5576 2264 5616 re
2295 5562 2412 5631 ipsa
2444 5563 2743 5634 subjectam
2780 5578 2888 5621 non
2949 5565 3114 5619 habet
3160 5579 3349 5620 eorum
3403 5579 3543 5635 quo-

1947 5670 2063 5708 rum
2093 5663 2178 5709 est
2203 5652 2532 5719 diﬁerentia,
2577 5656 2884 5712 veritatem.
2916 5656 3026 5713 Nos
3062 5659 3250 5727 igitur,
3279 5657 3370 5727 qui
3420 5670 3544 5725 per-

1947 5761 2137 5803 sonam
2172 5757 2227 5803 et
2276 5755 2539 5807 naturam
2614 5746 2759 5805 idem
2822 5764 2943 5806 esse
2997 5752 3213 5823 proprie
3266 5760 3546 5821 nunquam
