4032 6210
520 276 651 342 1οη

1750 270 2140 331 ΕΗΊἮΥΜΙΙ
2190 270 2560 330 ZIGABENI

513 393 840 456 diceremus,
873 406 939 446 ex
969 390 1190 445 Patrum
1216 390 1458 446 doctrina
1518 389 1603 459 pie
1630 388 1695 444 dc
1726 390 1944 445 Christo
1969 390 2108 443 idem

2229 408 2300 445 τιν
2328 394 2532 460 κυρέως
2592 391 2861 461 μηδέποτε
2913 391 3161 457 λέγοντες
3192 388 3335 443 κατᾶ
3368 389 3466 460 τὴν
3492 390 3604 443 τῶν
3634 390 3825 443 Πατέο

513 493 568 537 et
600 484 857 538 diﬂ‘erens
892 485 1224 539 asserimus:
1256 483 1396 537 idem
1424 483 1635 538 ratione
1660 483 1821 537 unius
1847 498 2117 551 personat,

513 590 619 643 qua
674 577 812 628 idetn
846 591 967 629 cum
1015 576 1229 643 propria
1271 588 1433 626 carne
1467 575 1632 628 Deum
1666 574 1899 629 Verbum
1949 578 2119 629 conii-

518 681 717 730 temur,
756 683 821 720 ue
846 668 1210 721 acressiouum
1234 682 1476 735 persona:
1510 666 1852 721 sanctissima
1877 667 2119 722 Trinitas

514 762 760 831 accipiat,
803 770 852 812 et
887 759 1224 827 quateruitas
1269 758 1533 812 cﬂiriatur
1563 775 1577 819 ;
1610 757 1867 813 diﬂ'erens
1935 768 2116 814 autem

522 856 731 908 ratione
762 852 1100 906 diversitatis
1130 852 1382 906 essentne
1414 868 1624 912 eorum,
1652 868 1716 906 ex
1740 852 1933 920 quibus
1985 868 2119 906 cou-

520 926 777 1012 Stat,.qtt:i
815 942 1013 995 Christi
1049 952 1234 1009 partes
1276 942 1515 995 vicissim
1555 959 1659 994 non
1713 952 2122 997 commutantur

514 1037 756 1088 omnino.
792 1033 976 1103 Neque
1011 1035 1153 1086 enim
1196 1034 1337 1087 idem
1369 1048 1605 1099 unquam
1660 1034 1766 1085 erit
1813 1049 1908 1101 per
1933 1049 2119 1087 essen-

518 1126 642 1178 tiam
699 1126 955 1177 divinitas
1005 1134 1059 1176 et
1128 1122 1455 1193 humanitas,
1522 1138 1587 1176 ne
1630 1123 1831 1191 aliquid
1873 1134 2117 1179 amatum

516 1220 756 1283 ejusdem
802 1232 923 1269 cum
960 1215 1247 1268 divinitate
1278 1228 1376 1287 per
1426 1215 1858 1282 coniunctionem
1921 1216 1992 1269 sit
2032 1230 2119 1267 es-

514 1311 701 1362 sentia:
729 1318 890 1375 atque
926 1317 1148 1360 naturzc.
1180 1306 1433 1361 Furentis
1463 1309 1608 1363 enim
1650 1308 1815 1361 animi
1868 1318 2119 1377 putamus

514 1416 657 1466 esse,
699 1411 951 1453 naturam
989 1400 1168 1453 dicere
1195 1400 1434 1467 ejusdem
1463 1414 1586 1454 esse
1619 1415 1741 1453 cum
1779 1410 1969 1458 natura
2033 1416 2120 1452 es-

516 1493 705 1545 sentia:
742 1508 757 1555 ;
788 1504 1062 1559 nunquam
1094 1490 1238 1544 enim
1269 1500 1465 1543 natura
1514 1491 1761 1544 eamdem
1791 1491 1952 1544 habet
1993 1506 2117 1543 cum

516 1593 711 1637 natura
740 1582 1027 1635 essentiam
1075 1592 1235 1649 atque
1284 1591 1555 1636 naturam.
1590 1582 1737 1636 idem
1787 1583 1933 1636 enim
1963 1598 2115 1637 uatu-

520 1690 577 1726 ra
644 1672 990 1739 cssentiaque
1055 1672 1121 1726 de
1181 1672 1311 1727 solis
1364 1674 1561 1727 dicitur
1613 1672 1854 1741 ejusdem
1919 1673 2118 1742 speciei

2228 502 2340 554 ρων
2364 482 2716 536 διδασκαλίαν
2740 524 2754 546 ,
2792 481 3034 544 εὖσεϐὦς
3085 479 3179 534 ἐπὶ
3219 478 3466 551 Χριστοῦ
3500 480 3564 531 τὸ
3612 479 3827 532 ταυτὸν

2228 574 2632 645 πρεσϐεύομεν,
2666 574 2757 627 καὶ
2785 574 2845 625 τὸ
2873 573 3151 643 διάφορον,
3186 572 3248 626 τὸ
3279 572 3377 643 μὲν
3428 572 3508 640 τῷ
3542 572 3684 642 λόγῳ
3720 572 3830 639 τῆς

2229 668 2358 735 μιᾶ;
2387 666 2763 729 ὑποστάσεως,
2822 665 2945 718 καθ’
2973 664 3032 717 ὃν
3085 665 3283 719 ταυτὸν
3330 667 3394 733 τῇ
3436 664 3615 733 οίκείᾳ
3651 665 3832 722 σαρκὶ

2224 760 2317 812 τὸν
2367 758 2503 813 Θεὸν
2552 760 2727 826 Λόγον
2776 758 3176 829 ὁμολογοῦμεν,
3230 758 3321 811 ἵνα
3376 757 3453 827 μὴ
3490 756 3833 825 προσθήκην

2227 851 2589 921 προσηοπικὴν
2644 852 2676 923 ή
2713 848 3074 919 πανεύφημος
3117 848 3260 919 λάϐῃ
3311 848 3506 918 Τριὰς,
3540 849 3828 919 γενομένη

2226 938 2456 1002 τετράςο
2485 937 2545 989 τὸ
2571 937 2626 990 δὲ
2656 938 2733 1007 τῷ
2764 938 2909 1007 λόγῳ
2940 940 3039 1008 τῆς
3088 941 3211 991 κατ’
3268 940 3458 993 οὐσίαν
3484 940 3595 993 τῶν
3642 940 3701 1003 ἐξ
3747 933 3830 991 ὧν

2227 1032 2377 1084 ἐστιν
2434 1032 2775 1102 ἑτερότητος,
2829 1032 2953 1085 καθ’
2983 1034 3049 1102 ἣν
3076 1034 3156 1093 εἰς
3192 1032 3402 1102 ἄλληλα
3428 1033 3495 1086 τά
3532 1028 3678 1102 μέρη
3720 1033 3827 1085 τιῦ

2226 1123 2467 1191 Χριστοῦ
2504 1124 2787 1186 παντελῶς
2827 1125 2888 1177 οὐ
2929 1126 3389 1193 μεταπίπτουσιν.
3428 1126 3502 1178 Οὐ
3538 1126 3646 1194 γὰρ
3686 1145 3830 1179 ταυ-

2226 1218 2316 1269 τόν
2344 1234 2473 1268 ποτε
2507 1218 2625 1270 κατ’
2657 1219 2850 1270 οὐσίαν
2884 1218 3079 1286 γένοιτ’
3116 1219 3181 1270 ἂν
3223 1218 3439 1289 θεότης,
3473 1221 3566 1271 καὶ
3598 1220 3825 1287 ἁνθρω·

2228 1311 2421 1378 πότης,
2451 1310 2536 1362 ἵνα
2571 1311 2737 1381 μηδὲν
2864 1313 3083 1365 κτιστδν
3110 1314 3179 1381 τῇ
3212 1310 3430 1379 θεότητι
3461 1313 3584 1363 καθ’
3617 1313 3824 1363 ἕνωσιν

2228 1405 2470 1473 ὁμοφυὲς
2501 1405 2595 1458 καὶ
2633 1406 2941 1472 ὁμοούσιονο
2978 1405 3167 1475 ἐπειδὴ
3210 1404 3372 1474 φύσει
3424 1407 3589 1473 φύσιν
3618 1403 3830 1473 όμοού-

2230 1514 2344 1549 σιον
2411 1495 2549 1549 εἶναι
2615 1496 2797 1563 λέγειν
2851 1497 3194 1567 μαινομένης
3251 1497 3493 1560 διανοίας
3542 1497 3830 1566 ὑπάρχειν

2227 1589 2587 1656 γινώσκομεν.
2622 1588 2735 1640 Οὐκ
2763 1588 2881 1640 ἐστι
2912 1588 3019 1655 γὰρ
3052 1588 3213 1655 φύσει
3242 1588 3361 1641 ποτ’
3393 1588 3459 1640 ἂν
3492 1588 3659 1656 φύσις
3690 1590 3830 1656 ὁμο-

2230 1678 2369 1749 φυὴς
2396 1680 2491 1731 καὶ
2524 1680 2836 1746 όμοούσιος.
2870 1680 2943 1732 Τὸ
2973 1681 3079 1749 γὰρ
3104 1681 3347 1748 ὁμοφυὲς
3376 1682 3474 1733 καὶ
3520 1682 3830 1748 ὁμοούσιον

518 1763 830 1826 individuis,
872 1776 991 1831 qua:
1030 1764 1097 1816 ad
1132 1779 1291 1817 unam
1318 1763 1614 1819 essentiam
1648 1761 1839 1818 referri
1891 1777 2118 1818 consue-

2229 1772 2313 1821 ἐπὶ
2349 1771 2527 1839 μόνων
2558 1773 2665 1824 τῶν
2708 1773 2850 1825 κατά
2880 1776 2939 1827 τὸ
2967 1773 3100 1826 αὐτὸ
3118 1770 3258 1836 εἶδος
3290 1775 3428 1845 πρὸς
3461 1776 3592 1844 μίαν
3622 1776 3827 1827 οὐσίαν

521 1866 774 1920 νειιιιιι.,,

1020 1946 1103 1999 Ex
1140 1947 1322 2000 eadem
1355 1948 1612 2000 oratione.

595 2039 732 2093 Cum
767 2039 883 2093 hmc
919 2038 990 2091 sit
1024 2048 1209 2091 nostra
1242 2037 1531 2101 sententia,
1561 2051 1739 2107 neque
1796 2048 2116 2092 naturarum

421 2154 426 2161 -
520 2132 881 2187 «ﬁdereutiam
917 2138 1032 2199 post
1102 2130 1548 2198 coniunctionem
1574 2144 1859 2199 negamus,
1904 2130 2119 2197 exqui-

529 2225 632 2280 bus
661 2233 876 2278 constat
904 2222 1175 2284 Christus,
1215 2224 1361 2290 ipsas
1398 2231 1619 2275 naturas
1679 2221 1900 2277 minime
1929 2221 2123 2276 centu-

522 2330 613 2369 sas
665 2314 934 2368 mansisse
963 2313 1265 2367 credentes.
1302 2310 1488 2379 Neque
1554 2309 1993 2378 coniunctionem
2063 2310 2116 2363 in

522 2421 755 2475 persona
786 2407 1118 2476 ignoramus,
1153 2420 1316 2456 tunnn
1350 2402 1628 2458 Christum
1654 2414 1857 2459 sanctae
1882 2414 1935 2457 et
1972 2402 2119 2474 eius-

522 2503 645 2555 dem
678 2501 932 2554 essentiar
967 2508 1023 2553 et
1082 2496 1374 2551 adoramdag
1423 2493 1708 2552 Trinitatis
1776 2496 2117 2561 conﬁtentes,

522 2592 620 2648 sed
657 2606 844 2645 eorum
880 2591 1044 2642 etiam
1080 2604 1146 2642 ex
1175 2586 1373 2657 quibus
1397 2598 1479 2641 est
1515 2584 1787 2653 Christus,
1828 2598 1880 2640 ut
1908 2603 2029 2657 qua:
2060 2589 2112 2641 in

525 2702 643 2761 ipso
670 2700 797 2740 vere
825 2686 943 2739 sine
996 2683 1302 2737 inversione
1352 2691 1408 2734 et
1462 2680 1759 2734 mutatione
1806 2690 2116 2744 servantur,

525 2787 647 2846 post
717 2775 1192 2845 coniunctionem,
1264 2772 1603 2842 perspicuam
1684 2786 1909 2827 numero
1968 2769 2121 2825 diﬂ‘e-

526 2873 778 2933 rentiam,
825 2883 932 2937 quo
960 2866 1218 2937 Eutychis
1245 2863 1496 2919 confusio
1531 2862 1777 2930 tollatur,
1830 2862 2123 2918 constitui-

524 2978 665 3015 inus.
695 2960 764 3013 Et
815 2960 868 3011 in
925 2972 1156 3027 persona
1219 2955 1661 3023 coniunctionem
1735 2964 2118 3024 agnoscentes,

2221 1860 2575 1931 ἀναγομένων
2601 1863 2826 1932 ἀτόμων
2863 1864 3123 1930 λέγεσθαι
3156 1864 3419 1932 πέφυκεν.

2660 1953 2764 2007 Ἐκ
2794 1954 2902 2008 τοῦ
2926 1956 3116 2018 αὐτοῦ
3144 1958 3359 2025 λόγου.

2294 2045 2515 2113 Ταύτην
2560 2045 2776 2115 ἔχοντες
2835 2047 2933 2118 τὴν
2983 2050 3279 2117 ὁμολογίαν
3311 2054 3497 2121 ἡμεῖς,
3553 2051 3686 2106 οὔτε
3722 2054 3821 2123 τὴν

2221 2138 2331 2189 τῶν
2361 2137 2578 2205 φύσεων
2610 2137 2874 2209 διαφορὰν
2930 2140 3246 2211 ἀρνούμεθα
3280 2144 3421 2212 μετὰ
3452 2146 3552 2213 τὴν
3588 2145 3817 2210 ἕνωσιν,

2222 2232 2278 2295 ἐξ
2314 2224 2387 2282 ὧν
2420 2233 2446 2283 ὁ
2481 2224 2562 2294 εἷς
2609 2232 2871 2302 συνετέθη
2899 2234 3159 2300 Χριστὸς,
3187 2236 3536 2305 ἀσυγχύτους
3568 2255 3823 2309 μεμενη-

2221 2322 2373 2374 κέναι
2408 2321 2500 2383 τὰς
2531 2323 2725 2391 φύσεις
2754 2326 3125 2389 πιστεύοντες,
3154 2326 3279 2380 οὔτε
3308 2328 3406 2399 τὴν
3431 2329 3553 2383 καθ’
3580 2332 3824 2385 ὑπέστα-

2225 2433 2308 2467 σιν
2337 2415 2642 2485 ἀγνοοῦμεν
2675 2417 2895 2483 ἕνωσιν,
2928 2418 3024 2472 ἕνα
3067 2420 3158 2472 τὸν
3201 2420 3441 2490 Χοριστὸν
3486 2423 3588 2492 τῆς
3627 2425 3821 2492 ἁγςῐας,

2225 2506 2318 2557 καὶ
2346 2506 2660 2574 ὀμοουσίου,
2684 2509 2779 2559 καὶ
2807 2510 3197 2581 προσκυνητῆς
3223 2511 3449 2581 ’τριάδος
3475 2514 3821 2583 ὁμολογοῦν-

2222 2615 2337 2661 τες,
2375 2597 2512 2651 ἀλλὰ
2542 2600 2638 2651 καὶ
2670 2600 2768 2669 τὴν
2795 2600 3061 2672 διαφοράν
3108 2602 3219 2656 τῶν
3250 2602 3311 2668 ὲξ
3339 2598 3413 2657 ὧν
3442 2607 3595 2658 ἐστιν
3619 2610 3649 2659 ὁ
3678 2609 3821 2679 Χρι⁴

2225 2691 2349 2753 στὸς
2373 2694 2448 2754 ὡς
2472 2693 2528 2744 ὲν
2548 2692 2697 2761 αὐτῷ
2723 2692 2844 2745 κατ’
2868 2694 3130 2765 ἀλήθειαν
3168 2697 3494 2765 σωζομένων
3528 2699 3657 2768 δίχα
3686 2717 3822 2770 τροο

2224 2784 2332 2852 πῆς
2365 2784 2460 2836 καὶ
2492 2784 2809 2853 συγχύσεως
2830 2787 2969 2855 μετὰ
2998 2786 3096 2856 τὴν
3121 2788 3315 2840 ἕνωσιν
3340 2789 3430 2842 διὰ
3458 2789 3554 2843 τοῦ
3574 2791 3823 2861 ἀριθμοῦ

2224 2873 2485 2943 ποιοῦμεν
2525 2874 2830 2943 κατάδηλον
2865 2876 3003 2944 πρὸς
3036 2877 3323 2947 ἀναίρεσιν
3352 2879 3451 2948 τῆς
3504 2880 3601 2932 τοῦ
3636 2882 3822 2935 Εὐτυ-

2224 2969 2357 3038 χοῦς
2415 2973 2771 3040 συγχύσεως,
2821 2972 2916 3025 καὶ
2962 2971 3063 3042 τὴν
3113 2972 3239 3027 καθ’
3273 2973 3579 3028 ὑπόστασιν
3618 2976 3824 3030 ἕνωσιν

523 3053 672 3105 rlara
698 3064 830 3105 voce
857 3064 1021 3103 uuam
1056 3048 1147 3103 Dei
1210 3046 1368 3101 Verbi
1428 3059 1678 3100 naturam
1759 3049 2120 3117 assumpsisse

2229 3061 2698 3128 ἐπιγινώσκοντες
2729 3062 3039 3131 διαπρυσίῳ
3085 3065 3151 3132 τῇ
3197 3065 3349 3133 φωνῇ
3408 3065 3511 3134 τὴν
3554 3068 3692 3133 μίαν
3731 3068 3823 3119 τοῦ

524 3156 766 3206 carnem,
800 3141 1089 3194 habentem
1130 3139 1368 3193 animam
1424 3146 1601 3191 mente
1630 3138 1930 3204 praeditam,
1966 3154 2119 3194 asse-

523 3236 698 3289 rimus
733 3243 922 3288 contra
980 3230 1216 3286 Nestorii
1247 3230 1592 3294 divisionem,
1621 3230 1713 3299 qui
1742 3245 1989 3299 persona:
2014 3231 2120 3285 dif-

525 3325 811 3379 ferentiam
875 3324 928 3375 in
982 3321 1204 3376 Christo
1271 3318 1677 3388 pronuntiabat,
1732 3328 1788 3373 et
1873 3321 2121 3375 eamdem

526 3430 773 3485 persona:
808 3414 1071 3468 rationem
1102 3428 1223 3480 quae
1264 3421 1348 3467 est
1382 3411 1564 3467 carnis
1613 3425 1737 3465 cum
1775 3408 1953 3467 Verbo
2005 3412 2123 3467 dis—

528 3507 774 3563 secabat.

1029 3599 1114 3654 Ea:
1144 3599 1329 3653 eadem
1357 3599 1622 3652 oratione.

599 3697 733 3752 Nam
777 3697 821 3751 si
839 3693 1092 3750 Christus
1127 3702 1252 3763 post
1309 3692 1749 3761 coniunctionem
1781 3699 1864 3744 est
1902 3691 2040 3745 Deus
2070 3699 2126 3745 et

528 3789 712 3852 homo,
736 3787 890 3855 iuxta
918 3797 1261 3840 communem
1308 3782 1563 3837 nimirum
1586 3779 2011 3848 confessionem,
2038 3796 2126 3836 res

532 3879 849 3935 noininibus
910 3887 1276 3947 congruentes
1308 3890 1433 3930 vere
1480 3875 1645 3929 habet
1691 3883 1813 3943 post
1863 3873 2123 3943 conjunc-

528 3975 758 4029 tionem.
818 3971 926 4026 Res
950 3971 1095 4026 enim
1150 3968 1469 4024 nominibus
1529 3966 1763 4037 propriis
1792 3969 2124 4036 praecedunt,

528 4081 629 4121 nec
661 4065 945 4135 quisquam
971 4075 1166 4117 nomen
1201 4074 1323 4116 esse
1352 4060 1551 4115 dixerit
1589 4061 1709 4115 sine
1746 4073 1825 4123 re,
1884 4073 2004 4127 qua-
2027 4072 2125 4128 per

526 4171 590 4212 se
630 4154 834 4210 nomini
866 4153 1070 4223 praebet
1097 4152 1463 4217 occasionem,
1493 4158 1548 4205 et
1577 4149 1694 4220 ipsa
1727 4149 1963 4205 vicissim
1990 4150 2128 4204 reci-

528 4249 609 4317 pit
637 4246 1087 4301 declarationem.
1120 4245 1273 4312 Quod
1302 4244 1348 4299 si
1400 4242 1651 4299 Christus
1693 4252 1815 4313 post
1869 4240 2129 4310 couinno-

532 4336 735 4390 tionem
763 4350 869 4390 non
911 4335 1073 4390 habet
1100 4349 1209 4400 res,
1240 4348 1476 4405 quarum
1516 4343 1643 4388 sunt
1680 4334 1928 4398 nomina,
1979 4341 2125 4403 patet

2224 3152 2360 3206 Θεοῦ
2393 3154 2571 3220 Λόγου
2604 3154 2764 3221 φύσιν
2804 3154 3231 3223 σεσαρκωμένην
3264 3156 3431 3223 σαρκὶ
3447 3157 3629 3226 ψυχὴν
3660 3160 3823 3227 ἑχού-

2228 3262 2293 3315 σῃ
2342 3246 2441 3315 τὴν
2476 3248 2671 3317 νοερὰν
2721 3246 2864 3298 κατά
2913 3247 3013 3313 τῆς
3042 3246 3344 3317 Νεστορίου
3384 3249 3816 3321 προϐαλλόμεθα

2225 3338 2569 3406 διαιρέσεως,
2617 3338 2986 3408 ὑποστατικὴν
3018 3340 3107 3391 ἐπὶ
3145 3340 3383 3405 Χριστοῦ
3416 3341 3518 3412 τὴν
3546 3342 3818 3412 διαφορὰν

2226 3431 2723 3497 καταγγέλλοντος,
2779 3436 2872 3483 καὶ
2914 3431 3114 3501 σαρκὸς
3167 3433 3292 3487 καθ’
3330 3434 3637 3489 ὑπόστασιν
3688 3441 3817 3510 πρὸς

2226 3523 2318 3576 τὸν
2342 3525 2514 3590 Λόγον
2538 3526 2841 3593 ταυτότητα
2872 3525 3283 3596 διατέμνοντος.

2665 3615 2765 3667 Ἐκ
2798 3616 2905 3668 τοῦ
2946 3615 3134 3670 αὐτοῦ
3161 3618 3372 3685 λόγου.

2266 3691 2363 3760 Ἐξ
2392 3708 2499 3777 γὰρ
2536 3709 2668 3772 Θεὸς
2721 3710 2815 3761 καὶ
2846 3708 3133 3779 ἅνθρωπός
3175 3709 3295 3765 ἐστι
3322 3712 3463 3780 μετά
3494 3713 3595 3785 τὴν
3623 3714 3817 3767 ἕνωσιν

2226 3802 2252 3850 ὁ
2278 3800 2535 3867 Χριστὸς,
2579 3802 2721 3853 κατὰ
2750 3800 2849 3870 τὴν
2873 3800 3061 3870 κοινὴν
3112 3800 3435 3870 ὁμολογίαν,
3477 3804 3728 3874 δηλονότι
3754 3810 3817 3859 τὰ

2228 3890 2536 3960 πράγματα
2565 3878 2967 3957 τοίςόνόμασιν
3001 3888 3141 3959 ἔχων
3170 3890 3505 3961 ἐπαληθεύει
3548 3895 3699 3963 μετὰ
3721 3895 3818 3963 τὴν

2228 3982 2442 4036 ἕνωσιν.
2477 3983 2558 4034 Τὰ
2583 3985 2691 4053 γὰρ
2732 3983 3037 4051 πράγματα
3093 3984 3553 4053 πῳεπινωῦνται
3603 3985 3719 4041 τῶν
3742 3990 3817 4039 ot-

2228 4074 2394 4128 κείων
2429 4075 2733 4143 ὀνομάτων,
2764 4075 2861 4128 καὶ
2884 4074 2995 4127 οὐδ’
3035 4072 3103 4127 ἂν
3133 4069 3277 4129 εἶναι
3306 4075 3562 4147 δυνηθείη
3599 4080 3815 4132 πώποτε

2230 4168 2399 4235 χωρὶς
2448 4166 2774 4235 πράγματος
2807 4165 2981 4237 ὄνομα
3019 4165 3114 4219 τοῦ
3150 4167 3487 4238 παρέχοντος
3517 4169 3592 4223 δι’
3624 4170 3816 4225 ἑαυτοῦ

2228 4257 2308 4326 τῷ
2354 4256 2582 4327 ὀνόματι
2608 4258 2781 4320 θέσιν,
2817 4260 2911 4311 καὶ
2940 4259 3445 4329 ἁντιλαμόάνοντος
3473 4250 3736 4333 δήλωσιν.
3762 4265 3818 4317 Εἰ

2230 4348 2289 4401 δὲ
2311 4351 2379 4402 τά
2402 4351 2729 4419 πράγματα,
2758 4345 2832 4403 ὧν
2873 4352 2979 4404 είσι
3006 4352 3076 4404 τὰ
3105 4351 3371 4421 ὀνόματα,
3406 4354 3511 4407 οὐκ
3540 4354 3660 4426 ἔχει
3684 4357 3817 4426 μετὰ

528 4443 653 4483 eum
688 4428 862 4484 nudas
891 4426 1094 4482 habere
1121 4426 1532 4497 appellationes,
1600 4426 1802 4497 quippe
1850 4441 1972 4496 quae
2048 4424 2119 4481 de

2229 4444 2323 4514 τὴν
2347 4442 2545 4496 ἕνωσιν
2575 4444 2603 4495 ὁ
2646 4441 2907 4512 Χριστὸς.
2957 4441 3124 4512 ψιλὰς
3156 4444 3277 4498 κατ’
3321 4444 3546 4511 αὐτοὺς,
3683 4424 3817 4500 ξω

528 4519 750 4576 nomine
776 4519 1054 4585 dicantur,
1083 4528 1139 4573 et
1170 4519 1331 4574 rebus
1367 4518 1498 4589 ipsis
1525 4519 1748 4589 privata:
1768 4518 1895 4574 siut.
1924 4518 1992 4573 Et
2013 4518 2122 4573 erit

530 4609 674 4665 Deus
701 4617 757 4664 et
787 4608 951 4664 homo
982 4607 1201 4663 nomine
1236 4616 1449 4663 tantum
1503 4607 1778 4673 Christus,
1802 4623 1911 4662 non
1937 4620 2123 4662 autem

534 4716 613 4769 re,
641 4714 699 4757 ut
739 4702 838 4771 ipsi
864 4703 1126 4757 sentiunt.
1162 4702 1281 4768 Quo
1311 4701 1439 4771 quid
1483 4700 1592 4756 Deo
1658 4700 1837 4755 minus
1884 4715 2124 4770 congru-

528 4807 628 4851 ens
656 4808 780 4850 esse
810 4802 976 4862 queat
1007 4793 1031 4847 ?
1056 4791 1149 4847 Sin
1187 4793 1329 4847 hanc
1370 4793 1637 4847 insaniam
1668 4792 1937 4848 evitantes
1966 4807 2125 4847 voca-

532 4886 660 4943 bula
689 4887 743 4941 in
778 4886 1000 4942 Christo
1028 4886 1193 4942 rebus
1222 4885 1452 4956 spoliata
1491 4883 1773 4956 negabunt
1831 4896 1952 4955 post
1996 4901 2127 4941 con-

525 4978 886 5048 iunctionem,
940 4976 1398 5049 quemadmodum
1475 4991 1580 5032 non
1637 4984 1888 5031 recusant
1945 4976 2126 5031 dicere

530 5072 667 5128 duas
733 5070 940 5126 Citriin
997 5079 1119 5139 post
1180 5067 1625 5138 coniunctionem
1707 5065 2121 5137 appellationes,

527 5164 815 5219 duasitem
849 5161 1053 5217 Christi
1084 5170 1207 5231 post
1262 5159 1702 5228 coniunctionem
1759 5169 1984 5215 naturus
2045 5159 2128 5214 dir-

528 5267 674 5322 cant,
704 5270 770 5310 ex
811 5254 1010 5325 quibus
1029 5263 1085 5308 et
1110 5253 1167 5308 in
1197 5253 1393 5322 quibus
1414 5253 1689 5318 consistit,
1713 5268 1945 5324 quarum
1998 5261 2127 5306 sunt

526 5350 945 5423 appellationes.

739 5553 997 5621 Ejusdem
1027 5553 1090 5607 de
1131 5552 1435 5623 differentia
1486 5561 1537 5604 et
1585 5553 1908 5620 quantitate.

602 5642 778 5709 Quare
810 5648 895 5700 sic
949 5660 1233 5711 numerus,
1287 5659 1355 5699 ex
1392 5644 1611 5697 Patrum
1669 5644 1962 5706 sententia,
2021 5662 2127 5698 nun

532 5738 791 5804 habitum,
830 5737 923 5792 sed
976 5750 1161 5791 rerum
1212 5736 1569 5805 quantitatem
1618 5733 1883 5803 designat.
1940 5736 2127 5790 Omnis

2233 4534 2463 4605 μηδενὸς
2510 4534 2797 4604 κειμένας,
2846 4534 2986 4605 ἔχων
3021 4536 3370 4608 δειχθήσεται
3404 4540 3507 4602 τὰς
3536 4556 3813 4611 προσηγο-

2232 4628 2378 4697 ρίας,
2400 4627 2498 4679 καὶ
2530 4626 2877 4696 πραγμάτων
2900 4627 3000 4697 ὲρή
3011 4644 3168 4697 μους,
3221 4630 3319 4682 καὶ
3356 4626 3518 4682 ἔσται
3539 4630 3700 4697 Θεὸς,
3730 4632 3815 4683 καὶ

2229 4719 2519 4789 ἄνθρωπος
2553 4721 2714 4787 μόνον
2740 4719 2966 4787 ὀνόματι
3006 4720 3128 4771 κατ’
3148 4720 3351 4783 αὐτοὺς
3373 4720 3403 4771 ὀ
3426 4720 3700 4792 Χριστὸς,
3730 4724 3815 4775 καὶ

2227 4810 2290 4862 οὐ
2342 4809 2653 4877 πράγματι.
2708 4802 2785 4861 OB
2830 4810 2884 4861 τί
2935 4809 3133 4877 γένοιτ’
3179 4810 3245 4866 ἂν
3293 4809 3642 4882 άθιὼτερον;
3683 4812 3811 4866 Είδὲ

2229 4902 2485 4955 τοσοῦτον
2516 4903 2753 4972 μανῆναι
2798 4901 3252 4970 παραιτούμενιι,
3287 4904 3449 4972 φαῖεν
3470 4903 3552 4973 μὴ
3576 4906 3813 4976 ἐρήμους

2230 4989 2373 5047 εἶναι
2399 4995 2748 5063 πραγμάτων
2774 4994 2866 5046 ἐπὶ
2891 4994 3131 5063 Χριστοῦ
3158 4998 3256 5058 τάς
3279 4995 3664 5065 προσηγορίας
3682 4992 3815 5064 μετὰ

2229 5088 2329 5153 τὴν
2353 5086 2569 5148 ἕνωσιν,
2616 5084 2812 5156 ὥσπερ
2830 5085 2893 5139 οὺ
2938 5087 3341 5157 παραιτοῦνται
3381 5085 3575 5155 λιγεινν
3604 5085 3706 5151 τάς
3728 5084 3813 5138 δύο

2232 5178 2325 5230 τοῦ
2362 5176 2603 5247 Χριστοῦ
2645 5179 2786 5247 μετά
2842 5179 2946 5249 τὴν
2986 5179 3187 5233 ἕνωσιν
3224 5180 3633 5250 προσηγορίας,
3678 5178 3812 5233 οῦτω

2233 5272 2328 5324 καὶ
2359 5272 2455 5334 τὰς
2486 5271 2579 5327 δύο
2614 5272 2710 5323 τοῦ
2748 5272 2989 5342 Χριστοῦ
3017 5272 3234 5342 φύσεις,
3270 5273 3332 5338 ἐξ
3359 5267 3457 5336 ὧν,
3491 5272 3595 5327 καὶ
3622 5276 3683 5327 ἐν
3728 5266 3810 5332 αἶς

2233 5364 2556 5435 συνέστηκε,
2588 5363 2902 5431 λεγέτωσαν
2936 5367 3076 5435 μετά
3094 5364 3193 5435 τὴν
3214 5359 3531 5431 ἓνωσιν,ὧν
3563 5367 3622 5421 αἱ
3653 5376 3804 5436 προσο

2231 5456 2479 5526 ηγορίαι.

2344 5549 2455 5603 Τοῦ
2480 5548 2671 5604 αὑτοῦ
2710 5551 2844 5621 περὶ
2876 5550 3172 5622 διαφορᾶς
3202 5552 3303 5608 καὶ
3350 5556 3708 5622 ποσότητος.

2304 5641 2367 5693 Εἰ
2396 5641 2598 5708 τοίνυν,
2632 5645 2777 5698 κατὰ
2814 5646 2941 5707 τοὺς
2971 5647 3242 5717 Πατέρας,
3275 5647 3303 5699 ὁ
3326 5647 3566 5718 ἀριθμὸς
3596 5648 3689 5705 τοῦ
3722 5667 3808 5703 το-

2236 5733 2329 5787 σοῦ
2362 5732 2471 5787 τῶν
2526 5736 2897 5806 πραγμάτων,
2935 5737 3051 5791 ἀλλ’
3081 5740 3139 5792 οὐ
3170 5739 3272 5809 τῆς
3310 5739 3551 5808 σχέσεώς
3586 5744 3695 5797 ἐστι
3727 5741 3783 5807 r31;

3682 272 3837 338 1029.

3950 284 3972 345 ’ί
