4020 6214
354 310 496 376 1033

1304 318 1685 379 PANOPLIA
1726 314 2183 379 DOGMA'I‘ICA.
2224 340 2292 353 -·
2331 316 2478 381 ΤΙΤ.
2516 319 2671 383 XVI.

3402 350 3413 361 ι
3479 326 3611 388 Ῑῦ3ι

344 426 595 493 λωτικδς,
630 430 739 483 πᾶν
763 429 820 484 δὲ
863 431 1031 484 ποσδν
1062 432 1345 504 ἑτερότητι
1372 433 1581 503 φυσικῇ
1619 430 1918 501 θεωρούμε-

2037 438 2219 485 autem
2287 434 2563 501 quantitas
2614 432 2847 487 naturali
2906 432 3221 490 diversitate
3271 438 3611 494 considerata

343 538 454 586 νον,
480 521 747 591 διαφορὰν
786 523 1006 585 πάντως
1062 523 1390 595 ἐπιδέχεται,
1425 524 1690 597 διαφορὰν
1721 525 1777 578 δὲ
1830 525 1920 578 λέ-

341 630 532 681 γουσιν
567 614 663 665 ἐπὶ
722 611 964 684 Χριστοῦ
999 616 1240 685 φυσικὴν
1274 616 1414 687 μετά
1466 617 1564 686 τὴν
1594 617 1789 670 ἕνωσιν
1824 618 1919 672 καὶ

336 702 388 757 οἱ
419 705 483 774 τῇ
518 703 751 775 ἀληθείᾳ
783 706 1108 775 μαχόμενοι,
1162 709 1255 761 καὶ
1282 708 1343 761 τὸ
1392 709 1559 762 ποσὸν
1590 709 1703 763 τῶν
1730 709 1919 777 διαφε-

341 792 566 864 ρόντων,
602 788 663 847 οῦ
699 796 870 864 χωρὶς
901 794 1187 865 ἀμήχανον
1237 788 1381 851 εἶναι
1432 797 1720 868 διαφορὰν,
1779 799 1920 868 μετά

339 884 433 940 τοῦ
460 884 749 956 δηλοῦντος
780 885 914 940 αὐτὸ
942 886 1206 959 ἀριθμοῦ,
1225 883 1287 945 οὗ
1310 890 1479 960 χωρὶς
1504 891 1669 943 ποσὸν
1690 889 1921 944 καθόλου

339 977 652 1047 γνωσθῆναι
702 975 987 1044 ἀδύνατον,
1052 979 1235 1049 λέγειν
1272 982 1471 1046 αὐτοὺς
1524 982 1740 1052 ἀνάγκη
1783 984 1924 1054 μετά

338 1067 436 1139 τὴν
484 1067 701 1132 ῑνωσιν,
748 1069 913 1141 εἰπερ
961 1071 1104 1125 κατὰ
1132 1072 1233 1143 τὴν
1283 1071 1545 1129 εὔτακτον
1594 1074 1922 1130 ἀκολουθίαν

338 1160 743 1232 εὖουνάρτητον
795 1164 889 1216 τὸν
938 1163 1035 1217 τοῦ
1065 1166 1270 1219 οἰκείου
1324 1166 1598 1238 δόγματος
1638 1167 1923 1233 ἀποδεῖξαι

342 1252 624 1322 βούλονται
650 1254 828 1323 λόγον.
862 1253 924 1310 El
953 1257 1097 1312 δὲτὸ
1141 1258 1308 1312 ποσὸν
1341 1259 1451 1315 τῶν
1486 1260 1815 1333 σωζομένων
1862 1263 1923 1316 ὲν

340 1345 562 1415 Χριστῷ
593 1346 813 1421 φύσεων
864 1348 1160 1417 ἀρνοῦνται
1209 1352 1347 1423 μετά
1374 1352 1475 1424 τὴν
1518 1352 1736 1421 ἕνωσιν,
1788 1356 1924 1425 μηδὲ

340 1437 440 1505 τὴν
472 1437 738 1509 διαφορὰν
764 1439 949 1502 λέγειν
973 1442 1335 1514 τολμάτωσαν
1367 1445 1497 1512 τῶν,
1535 1445 1596 1511 ἐξ
1621 1443 1698 1501 ὧν
1721 1446 1749 1500 6
1788 1448 1921 1519 Xpt-

342 1530 466 1592 στός
493 1531 633 1594 ἐστι,
684 1530 904 1600 φύσεων
958 1535 1099 1605 μετά
1125 1536 1226 1607 τὴν
1278 1536 1498 1603 ἕνωσιν,
1533 1540 1919 1607 γινώσκοντες,

339 1620 421 1672 ὅτι
466 1621 577 1675 πᾶν
617 1622 671 1675 εῐ
695 1640 748 1677 τι
800 1624 925 1678 καθ’
970 1626 1151 1681 ὁτιοῦν
1204 1626 1320 1699 ἔχει
1348 1629 1637 1701 διαφορὰν,
1687 1631 1746 1685 ἓν
1780 1634 1924 1687 κατὰ

341 1713 521 1766 πάντα
568 1714 727 1782 λόγον
756 1732 815 1769 τε
847 1718 941 1770 καὶ
965 1718 1169 1789 τρόπον
1212 1716 1353 1775 εἶναι
1384 1721 1446 1775 οὐ
1477 1722 1726 1780 δύναται.
1758 1725 1831 1777 Τὸ
1863 1724 1919 1778 δὲ

343 1804 419 1875 μὴ
449 1805 748 1877 δυνάμενον
798 1805 941 1863 εῖναι
976 1812 1121 1865 κατά
1158 1813 1339 1867 πάντα
1374 1816 1534 1886 λόγον
1559 1834 1619 1872 τε
1666 1822 1762 1873 καὶ
1791 1821 1917 1890 τρό-

343 1911 446 1947 πον
476 1894 555 1963 ἓν,
587 1897 829 1967 δηλονότι
854 1902 997 1957 κατά
1030 1919 1149 1957 τινα
1183 1901 1341 1973 λόγον
1367 1923 1425 1961 τε
1458 1910 1552 1963 καὶ
1572 1910 1793 1981 τρόπον,
1826 1911 1920 1965 δύο

341 1987 399 2040 τὺ
450 1988 736 2059 ιλάχιστόν
785 1993 936 2046 ἐστιν
968 1995 1001 2066 ἢ
1035 1997 1282 2055 πλείονα.
1338 2000 1551 2055 Οὐκοῦν
1582 2003 1641 2057 ὲν
1692 2001 1917 2073 Χριστῷ

343 2082 481 2152 μετὰ
506 2085 609 2152 τὴν
658 2084 852 2141 ἕνωσιν
879 2087 1131 2159 λέγοντες
1185 2090 1321 2147 εἶναι
1364 2096 1654 2168 διαφορὰν,
1688 2097 1748 2152 ἓν
1776 2100 1920 2153 κατά

343 2174 521 2227 πάντα
555 2173 714 2243 λόγον
737 2193 797 2230 τε
834 2181 931 2232 καὶ
963 2181 1167 2252 τρόπον
1213 2185 1304 2238 τὸν
1334 2186 1573 2257 Χριστὸν
1602 2185 1745 2243 εἶναι
1779 2190 1919 2261 μετὰ

338 2268 438 2333 τὴν
467 2267 664 2323 ἕνωσιν
686 2269 866 2339 λέγειν
892 2272 951 2326 οὐ
981 2274 1261 2333 δύνανται.
1292 2278 1356 2331 Ei
1379 2279 1435 2333 δὲ
1462 2281 1539 2350 μὴ
1567 2283 1709 2336 κατὰ
1742 2285 1917 2338 πάντα

340 2359 499 2428 λόγον
543 2378 604 2415 τε
655 2362 748 2417 καὶ
782 2367 984 2436 τρόπον
1010 2366 1070 2421 ἓν
1100 2369 1248 2424 ἐστιν
1281 2372 1311 2424 6
1366 2370 1599 2444 Χριστὸς
1650 2376 1789 2445 μετά
1818 2377 1917 2445 τὴν

341 2452 556 2517 ἕνωσιν,
601 2453 780 2525 δῆλον,
814 2458 896 2511 ὅτι
945 2461 1089 2514 κατά
1118 2479 1242 2516 τινα
1272 2462 1430 2532 λόγον
1458 2479 1519 2517 τε
1565 2467 1657 2517 καὶ
1713 2466 1917 2536 τρόπον

340 2544 436 2599 δύο
461 2544 680 2612 πάντως
702 2551 852 2603 ἐστὶν
880 2552 908 2605 6
939 2552 1171 2624 Χριστὸς
1209 2556 1352 2625 μετά
1382 2554 1480 2625 τὴν
1510 2556 1728 2611 ἕνωσιν.
1764 2557 1827 2610 Ei
1859 2557 1917 2612 δὲ

341 2639 486 2693 κατά
536 2657 659 2693 τινα
683 2641 842 2710 λόγον
865 2659 925 2695 τε
951 2643 1047 2699 καὶ
1078 2645 1280 2716 τρόπον
1312 2646 1409 2701 δύο
1439 2647 1589 2701 ἐστὶν
1619 2649 1649 2702 6
1681 2647 1919 2720 Χριστὸς

345 2729 487 2798 μετά
525 2731 624 2802 τὴν
655 2730 873 2799 ἕνωσιν,
922 2734 1012 2789 διά
1056 2736 1156 2808 τὴν
1184 2741 1243 2793 ὲν
1275 2737 1446 2810 αὐτῷ,
1480 2740 1575 2792 καὶ
1606 2739 1665 2807 ἐξ
1700 2733 1797 2806 ὧν,
1822 2740 1921 2796 καὶ

341 2815 434 2883 αἷς
455 2821 570 2875 ιστι
625 2821 863 2892 φύσεων,
889 2824 1175 2899 διαφορὰν,
1206 2828 1282 2894 ὡς
1324 2828 1523 2896 ἔδειξεν
1560 2833 1588 2885 ό
1615 2832 1791 2901 λόγος,
1824 2833 1920 2903 δῆ-

342 2911 456 2977 λον,
489 2913 566 2976 ὡς
590 2913 849 2969 ἀσεϐοῦσι
876 2918 1135 2990 διακενῆς
1166 2922 1217 2974 οἱ
1247 2922 1346 2990 τὴν
1383 2924 1483 2993 μὲν
1511 2924 1779 2995 διαφορὰν
1808 2926 1917 2977 τῶν

342 2996 406 3070 ἐξ
434 2999 509 3061 ὧν
542 3006 661 3061 ἐστι
688 3007 906 3087 φύσεων
937 3013 965 3064 6
1009 3013 1244 3084 Χριστὸς
1300 3016 1438 3084 μετά
1466 3015 1566 3086 τὴν
1600 3016 1796 3071 ἒνωσιν
1829 3017 1919 3071 λέ-

2022 517 2382 576 diﬂ’erentiam
2413 523 2636 579 omnino
2659 524 2911 594 suscipit,
2961 523 3321 581 differentiam
3389 544 3515 584 vero
3560 531 3613 584 in

2025 607 2250 665 Christo
2308 612 2609 669 naturalem
2668 624 2792 683 post
2847 614 3308 685 conjunctionem.
3366 618 3615 673 \etitutis

2023 698 2185 756 etiam
2218 712 2622 771 oppugnatores
2655 705 2984 775 concedunt,
3011 705 3379 762 dili‘erentiuin
3401 724 3617 777 quoque

2021 793 2524 859 quantitatem,sine
2554 809 2662 864 qua
2686 795 2991 874 din‘erentia
3011 796 3264 868 cognosci
3286 813 3393 853 non
3417 810 3615 866 potest.

2024 898 2128 937 una
2158 898 2281 938 cum
2320 899 2548 941 numero
2570 890 2931 958 quantitatem
2974 890 3317 957 declarante,
3357 895 3475 948 sine
3509 909 3615 962 quo

2024 976 2301 1039 quantitas
2329 975 2443 1046 ipsa
2473 979 2725 1048 cognosci
2776 980 2987 1050 nequit,
3021 991 3144 1052 post
3182 982 3613 1051 coniunctionem

2022 1064 2228 1130 dicant,
2261 1080 2481 1123 necesse
2505 1078 2611 1133 est,
2635 1070 2680 1126 si
2735 1073 2892 1127 modo
2923 1081 3072 1128 recto
3130 1072 3438 1145 disputandi
3478 1077 3618 1130 ordi-

2027 1170 2096 1211 ne
2121 1166 2303 1227 aptam
2330 1159 2578 1230 (proprii)
2595 1162 2866 1232 dogmatis
2885 1163 3147 1221 rationem
3172 1164 3359 1220 volunt
3390 1168 3617 1221 demon-

2025 1255 2203 1302 strare
2241 1251 2429 1319 :quod
2483 1253 2530 1308 si
2577 1264 2890 1309 naturarum
2920 1253 2975 1309 in
3015 1254 3237 1311 Christo
3273 1266 3614 1311 servaturum

2024 1352 2146 1408 post
2171 1342 2629 1412 conjunctioueru,
2656 1348 3016 1416 quantitatem
3076 1357 3298 1417 negant,
3364 1348 3614 1403 neditTe-

2026 1432 2251 1488 rentiani
2283 1436 2501 1504 quidem
2538 1447 2851 1494 naturarum
2895 1454 2960 1495 ex
2994 1439 3193 1508 quibus
3227 1451 3308 1496 est
3336 1439 3612 1504 Christus,

2026 1534 2146 1595 post
2172 1525 2612 1595 conjunctiouein
2644 1530 2880 1584 audeant
2919 1532 3101 1586 dicere
3130 1550 3144 1586 :
3178 1532 3436 1597 scientes,
3455 1534 3613 1602 quid-

2025 1613 2155 1684 quid
2183 1614 2361 1685 aliqua
2421 1617 2473 1671 in
2504 1630 2561 1671 re
2608 1617 2967 1674 diﬂ'erentiam
3028 1621 3209 1686 habet,
3267 1637 3431 1676 unum
3466 1624 3614 1677 omni

2026 1706 2233 1761 ratione
2261 1708 2497 1763 etmodo
2542 1724 2663 1765 esse
2711 1725 2816 1764 non
2850 1725 3028 1781 posse.
3071 1713 3224 1779 Quod
3245 1725 3421 1769 autem
3448 1730 3613 1768 unum

2024 1797 2169 1851 omni
2195 1798 2404 1853 ratione
2431 1808 2485 1854 et
2504 1802 2663 1855 modo
2690 1817 2809 1857 esse
2839 1818 2944 1858 non
2988 1814 3185 1874 potest,
3223 1806 3273 1860 id
3301 1807 3478 1876 aliqua
3500 1809 3614 1876 pia-

2025 1903 2093 1944 ne
2122 1889 2332 1944 ratione
2360 1899 2416 1945 et
2436 1892 2597 1947 modo
2650 1895 2839 1950 saltem
2868 1908 2955 1952 est
2987 1899 3093 1953 duo
3127 1909 3222 1953 aut
3262 1902 3439 1969 plura.
3469 1901 3615 1967 Quo-

2024 1981 2170 2035 circa
2191 1980 2281 2049 qui
2306 1982 2361 2035 in
2390 1982 2611 2038 Christo
2650 1998 2770 2054 post
2800 1989 3241 2058 coniunctionem
3268 1991 3460 2046 dicunt
3490 2006 3612 2046 esse

2022 2069 2404 2136 diﬂ'ereutiani,
2437 2089 2602 2129 unum
2626 2080 2770 2132 Ollllli
2822 2081 3035 2136 ratione
3065 2091 3119 2137 et
3152 2084 3311 2139 modo
3338 2083 3609 2139 Christum

2023 2178 2145 2218 esse
2169 2178 2275 2218 non
2326 2179 2554 2233 possunt
2582 2170 2784 2223 dicere.
2820 2170 2970 2237 Quod
3007 2172 3052 2227 si
3087 2188 3190 2228 non
3217 2175 3362 2230 omni
3402 2178 3639 2231 ratione

2022 2266 2077 2309 et
2106 2257 2266 2312 modo
2301 2272 2441 2313 unus
2464 2266 2546 2313 est
2562 2258 2816 2316 Christus
2842 2276 2956 2333 post
2979 2265 3442 2335 coniunctionem,
3465 2284 3611 2335 pers-

2023 2345 2241 2416 picuum
2270 2356 2355 2403 est
2388 2348 2665 2405 Christum
2711 2353 2892 2422 aliqua
2941 2354 3154 2412 ratione
3179 2366 3230 2411 et
3287 2359 3445 2413 modo
3491 2368 3612 2427 post

2021 2440 2459 2511 conjunctionem
2485 2443 2708 2500 omnino
2736 2459 2856 2501 esse
2895 2448 3025 2505 duo.
3051 2454 3121 2503 At
3173 2450 3220 2505 si
3251 2452 3472 2508 ratione
3508 2455 3609 2506 ati-

2021 2546 2126 2602 qua
2154 2541 2209 2587 et
2233 2532 2392 2589 modo
2448 2532 2705 2591 Christus
2736 2548 2858 2605 post
2899 2538 3337 2610 conjunctiouein
3374 2556 3456 2601 est
3477 2546 3607 2609 duo.

2022 2630 2243 2689 pronter
2294 2633 2629 2691 naturarum,
2676 2642 2741 2682 ex
2773 2628 2993 2698 quibus,
3031 2642 3086 2687 et
3135 2633 3189 2689 in
3246 2636 3443 2705 quibus
3497 2649 3606 2703 est.

2020 2711 2400 2782 ditl‘erentiam,
2423 2725 2482 2772 ut
2515 2717 2727 2774 ratione
2771 2720 3202 2782 demonstratum
3250 2741 3353 2795 est,
3391 2744 3610 2788 constat

2022 2816 2118 2858 eos
2144 2818 2368 2873 prorsus
2398 2807 2563 2878 impie
2592 2809 2816 2878 sentire,
2860 2814 2952 2885 qui
2992 2815 3355 2874 diﬂ'erentiam
3387 2822 3603 2892 quidem

2025 2904 2370 2963 naturarum,
2390 2912 2456 2953 ex
2478 2900 2674 2969 quibus
2696 2912 2779 2959 est
2814 2903 3080 2972 Christus,
3112 2920 3232 2976 post
3266 2912 3609 2983 conjunctio-

2022 3000 2145 3040 nem
2165 2988 2370 3057 dicunt,
2392 2990 2536 3061 ipsas
2556 3002 2733 3049 autem
2758 3007 2980 3053 naturas
2997 3015 3229 3070 quarum
3251 3014 3332 3060 est
3352 3006 3606 3062 diil'eren-

344 3113 556 3166 γοντες,
586 3071 758 3163 αῦτάς
786 3071 843 3156 δὲ
868 3102 968 3166 τάς
995 3071 1187 3172 φύισεις
1211 3071 1344 3175 ωνῖή
1370 3071 1606 3177 διαφόρά
1630 3110 1918 3179 προφανῶς

2028 3077 2126 3144 tia,
2161 3087 2345 3150 aperte
2371 3082 2590 3140 silentio
2618 3071 2811 3142 tollunt
2836 3099 2957 3159 post
2978 3091 3431 3161 conjunctionem.
3472 3096 3607 3153 Vere

345 3190 697 3260 ἀναιροῦντες
731 3195 796 3264 τῇ
829 3197 1007 3267 σιωπῇ
1040 3198 1181 3267 μετά
1213 3197 1315 3267 τὴν
1346 3198 1567 3256 Ξνωσιν.
1615 3201 1923 3273 Ἀναίρεσις

346 3283 457 3353 γάρ
513 3285 662 3337 ἔστιν
705 3286 993 3358 ἀληοῶςή
1053 3291 1163 3343 τῶν
1215 3290 1388 3346 όντων
1442 3295 1535 3347 καὶ
1591 3294 1921 3365 σωζομένων

346 3371 657 3441 ὲξὰρνησις.
698 3375 759 3427 Ei
806 3377 915 3448 γάρ
961 3374 1062 3432 οὐκ
1111 3380 1415 3451 ἀνῄρηνται
1466 3380 1813 3450 κατάὐτοὺς
1865 3389 1921 3440 αἱ

346 3462 539 3531 φύσεις
572 3467 711 3537 μετά
734 3468 835 3538 τὴν
864 3470 1081 3535 ἕνωσιν,
1109 3473 1201 3525 καὶ
1232 3475 1357 3535 εἰσὶ.
1386 3475 1482 3528 καὶ
1514 3474 1802 3544 σώζονται,
1825 3480 1922 3532 καὶ

344 3555 554 3610 δίκαιόν
605 3560 753 3612 ἐστιν
802 3561 972 3625 αὑτὰς
1014 3562 1329 3633 σωζομένας
1362 3566 1749 3636 ὁμολογεῖσθαι
1782 3568 1922 3639 μετά

343 3648 446 3718 τὴν
473 3648 690 3716 ἕνωσιν,
730 3652 788 3723 ἢ,
834 3653 991 3725 εἴπερ
1029 3656 1103 3725 μὴ
1129 3656 1341 3709 δίκαιόν
1374 3660 1524 3711 ἐστιν
1551 3658 1725 3721 αὐτὰς
1752 3661 1921 3724 σωζο-

349 3738 522 3807 μένοις
547 3741 929 3811 ὁμολογεῖσθαι
964 3744 1101 3813 μετά
1158 3746 1256 3817 τὴν
1306 3746 1522 3812 ἕνωσιν,
1583 3751 1722 3820 μήτε
1751 3746 1916 3815 εἶναι,

350 3829 490 3900 μήτε
531 3830 800 3896 σώζεσθαι
825 3835 1006 3903 λέγειν
1033 3835 1201 3899 αὑτὰς
1224 3839 1283 3889 ὲν
1318 3839 1539 3909 Χριστῷ
1563 3840 1772 3896 δίκαιόν
1804 3844 1919 3895 ἐστι

344 3920 470 3972 κατ’
491 3921 676 3987 αὑτὸν,
707 3923 803 3975 καὶ
855 3924 1173 3995 ἀνῄρηνται.
1213 3926 1279 3978 ⁸0
1309 3926 1417 3995 γὰρ
1452 3927 1528 3997 μὴ
1560 3927 1767 3982 δίκαιόν
1804 3931 1919 3983 ἐστι

346 4012 566 4076 πάντως
595 4015 977 4084 ὀνομάζεσθαι,
1036 4017 1173 4088 μηδὲ
1213 4018 1276 4072 τὸ
1325 4019 1592 4089 παράπαν
1646 4022 1916 4092 ὑπάρχειν

345 4104 529 4175 πολλῷ
556 4109 801 4177 κρεῖττόν
831 4110 1000 4175 ἐστιν,
1031 4109 1105 4173 ὡς
1137 4106 1314 4182 οἶμαι,
1354 4113 1450 4165 καὶ
1475 4112 1811 4183 δικαιότερον
1833 4115 1919 4167 λέ-

344 4212 487 4264 γειν.
516 4197 729 4269 Ὠσπερ
756 4198 814 4252 δὲ
843 4200 987 4254 κατά
1017 4201 1195 4255 πάντα
1222 4202 1379 4271 λόγον
1409 4220 1467 4256 τε
1498 4204 1591 4257 καὶ
1620 4205 1819 4274 τρόπον
1858 4205 1917 4259 ἓν

342 4289 445 4341 οῦκ
473 4289 622 4342 ἐστιν
649 4290 679 4342 6
708 4291 943 4363 Χριστὸς
970 4294 1107 4361 μετά
1137 4296 1239 4365 τὴν
1291 4295 1508 4362 ἕνωσιν,
1560 4296 1704 4350 οὕτω
1756 4299 1915 4352 πάλιν

345 4382 487 4433 κατά
521 4382 699 4437 πάντα
731 4384 889 4453 λόγον
942 4403 999 4438 τε
1039 4388 1134 4440 καὶ
1182 4389 1386 4457 τρόπον
1418 4390 1519 4444 οὐκ
1557 4390 1706 4444 ἔστιν
1734 4392 1916 4459 όΧρι-

346 4472 470 4534 στδς
493 4473 588 4527 διο
621 4475 763 4545 μετά
781 4478 882 4545 τὴν
910 4476 1123 4533 ἕνωσιν.
1155 4480 1219 4533 Ei
1243 4479 1301 4532 δὲ
1343 4481 1420 4552 μὴ
1453 4481 1594 4535 κατὰ
1626 4482 1803 4537 πάντα
1832 4482 1915 4535 λό-

2024 3173 2169 3227 enim
2197 3172 2411 3242 tollunt,
2445 3175 2533 3245 qui
2572 3192 2635 3232 ea
2665 3192 2787 3248 quae
2816 3194 2942 3238 sunt
2968 3192 3024 3238 et
3047 3196 3354 3252 servantur,
3387 3202 3602 3257 negant.

2023 3266 2157 3322 Nam
2186 3268 2229 3323 si
2266 3277 2490 3326 naturas
2544 3281 2666 3341 post
2717 3274 3149 3343 conjunctionem
3212 3283 3449 3338 sublatas
3497 3301 3602 3340 nou

2024 3359 2376 3427 arbitrantur,
2396 3362 2490 3417 sed
2516 3377 2608 3419 eas
2632 3379 2751 3420 esse
2775 3371 3363 3441 servariquesentiunt,
3387 3392 3600 3447 aequum

2023 3458 2107 3505 est
2135 3458 2193 3506 ut
2213 3466 2308 3507 eas
2335 3466 2453 3523 post
2482 3455 2919 3531 conjunctionem
2949 3474 3194 3520 servatas
3221 3467 3601 3524 conﬁteantur.

2022 3543 2129 3596 Aut
2154 3544 2199 3599 si
2215 3559 2426 3614 atquum
2446 3560 2556 3602 non
2576 3557 2659 3602 est
2679 3560 2736 3604 ut
2765 3564 2857 3605 eas
2886 3564 3008 3621 post
3028 3556 3464 3625 coniunctionem
3490 3580 3606 3618 ser—

2026 3646 2177 3690 ratas
2208 3634 2494 3702 fateantur,
2549 3653 2723 3708 neque
2767 3655 2889 3697 esse
2921 3659 3095 3723 neque
3156 3653 3361 3705 servari
3406 3656 3524 3711 illus
3549 3658 3601 3713 in

2022 3723 2247 3779 Christo
2276 3741 2374 3795 pt‘l'
2402 3726 2519 3781 illos
2545 3740 2756 3796 aequum
2789 3739 2870 3785 est
2899 3726 3100 3801 dicere,
3130 3746 3183 3790 et
3212 3740 3436 3794 sublatis
3452 3757 3601 3801 sunt.

2022 3814 2172 3882 Quod
2201 3816 2341 3869 enim
2371 3817 2591 3872 omnino
2618 3821 2881 3875 nominari
2933 3838 3145 3893 aequum
3177 3843 3282 3884 non
3317 3846 3421 3900 est,
3452 3836 3505 3889 id
3535 3855 3603 3893 ne

2021 3919 2143 3960 esse
2174 3907 2417 3975 quidem,
2455 3915 2517 3963 ut
2554 3923 2655 3978 ego
2706 3912 2901 3975 sentio,
2963 3915 3134 3973 satius
3194 3930 3249 3975 et
3280 3926 3487 3992 aequius
3521 3942 3605 3987 est

2020 3996 2235 4063 dicere;
2268 4014 2449 4052 verum
2479 4011 2536 4054 ut
2556 4002 2701 4056 omni
2734 4003 2941 4060 ratione
2962 4016 3016 4061 et
3044 4010 3205 4065 modo
3224 4011 3471 4075 Christus
3492 4036 3599 4078 non

2019 4099 2101 4146 est
2128 4106 2291 4145 unum
2322 4100 2441 4161 post
2454 4092 2914 4165 conjunctionem,
2937 4099 3012 4155 ita
3039 4118 3226 4169 rursus
3260 4112 3405 4165 omni
3431 4114 3598 4170 ratio-

2022 4198 2090 4238 ne
2118 4193 2171 4238 et
2201 4184 2362 4239 modo
2384 4183 2634 4243 Christus
2650 4203 2756 4245 non
2775 4199 2860 4247 est
2878 4194 2983 4249 duo
3003 4208 3121 4264 post
3138 4202 3594 4272 conjunctionem.

2019 4283 2170 4349 Quod
2204 4283 2251 4337 si
2292 4298 2396 4338 non
2426 4284 2572 4341 omni
2606 4288 2812 4345 ratione
2843 4300 2897 4347 et
2921 4294 3084 4351 modo
3114 4307 3234 4364 post
3258 4303 3599 4372 conjunctio-

2022 4390 2165 4440 neiu,
2200 4376 2444 4430 Christus
2487 4386 2571 4432 est
2618 4379 2746 4449 duo,
2801 4383 2979 4453 aliqua
3034 4389 3258 4445 omnino
3312 4399 3518 4453 ratione
3544 4412 3598 4456 et

2025 4467 2202 4527 modo.
2241 4482 2433 4535 nempe
2459 4482 2555 4560 per
2578 4485 2741 4527 unam
2786 4478 3142 4550 eamdemque
3172 4497 3478 4553 personam,
3500 4506 3596 4560 per

344 4580 444 4632 γον
470 4581 531 4617 τε
564 4566 658 4619 καὶ
705 4569 910 4638 τρόπον
957 4572 1106 4622 ἐστὶν
1138 4571 1169 4623 6
1216 4573 1449 4641 Χριστὸς
1478 4572 1573 4626 δύο
1632 4574 1771 4642 μετά
1819 4572 1917 4643 τὴν

2022 4573 2174 4628 quam
2199 4558 2399 4613 habere
2443 4559 2808 4619 differentiam
2857 4582 2966 4622 nou
3017 4581 3212 4639 potest,
3237 4577 3483 4634 Christus
3502 4558 3595 4638 est

342 4656 563 4724 ενωσιν,
600 4658 819 4724 πάντως
865 4664 1010 4716 κατά
1038 4680 1160 4717 τινα
1192 4664 1349 4733 λόγον
1379 4682 1439 4718 τε
1485 4666 1584 4719 καὶ
1604 4666 1806 4736 τρόπον
1828 4665 1916 4719 διά

2022 4664 2205 4703 unum.
2248 4648 2611 4714 Quamobrem
2654 4668 2775 4709 cum
2809 4656 2913 4712 alia
2955 4670 3119 4730 atque
3162 4665 3264 4719 alia
3313 4669 3516 4724 ratione
3540 4683 3594 4726 et

342 4749 447 4818 τὴν
478 4750 849 4823 ὑποστατικὴν
879 4756 1204 4827 ταυτότητα,
1257 4757 1426 4827 ἦγουν
1476 4760 1577 4828 τὴν
1618 4760 1747 4827 μίαν
1778 4758 1912 4811 ὑπό-

2015 4740 2172 4795 modo
2205 4757 2367 4797 unum
2410 4751 2464 4798 et
2496 4744 2603 4823 duo
2634 4744 2772 4799 idem
2801 4748 2891 4813 sit,
2940 4757 3309 4811 necessarium
3356 4772 3459 4829 est,
3486 4781 3590 4836 qua

347 4856 561 4907 στασιν,
591 4843 713 4896 καθ’
736 4845 802 4916 ἢν
837 4845 1099 4916 διαφορὰν
1132 4848 1277 4918 ἔχειν
1307 4852 1367 4902 οὐ
1393 4849 1637 4913 δύναται,
1679 4850 1737 4903 ἓν
1764 4851 1913 4902 ἐστιν

2022 4829 2221 4885 ratione
2245 4847 2434 4900 unum,
2468 4843 2520 4888 et
2550 4849 2654 4902 qua
2687 4838 2794 4890 duo
2818 4838 2954 4893 idem
2990 4843 3083 4908 sit,
3116 4850 3481 4907 considerare.

344 4936 375 4986 6
405 4934 661 5004 Χριστός.
718 4935 872 4989 Ἐπεὶ
898 4937 991 4990 οῦν
1025 4940 1147 4991 κατ’
1200 4939 1362 4994 ἀλλον
1414 4942 1507 4995 καὶ
1549 4943 1709 4998 ἀλλον
1764 4942 1920 5009 λόγον
1955 4958 2011 4993 τε
2053 4943 2149 4995 καὶ
2181 4944 2383 5015 τρόπον
2422 4944 2502 5012 ἓν,
2535 4947 2627 5001 καὶ
2656 4948 2751 5002 δύο
2782 4951 2931 5005 ἐστὶν
2980 4956 3008 5006 6
3038 4957 3197 5018 αὐτὸς

3223 4998 3237 5022 ,
3290 4962 3587 5031 ἀναγκαῖον

346 5028 625 5097 σκοπῆσαι
675 5029 816 5080 κατὰ
863 5032 1036 5093 ποῖον,
1090 5031 1187 5084 καὶ
1220 5034 1371 5086 ποῖον
1406 5032 1565 5101 λόγον
1599 5034 1659 5086 ἓν
1691 5034 1841 5085 ὲστιν
1886 5034 1915 5084 ό
1942 5031 2123 5095 αὐτὸς,
2159 5035 2251 5084 καὶ
2281 5034 2394 5088 δύο.

347 5139 460 5194 Τοῦ
509 5140 697 5194 αὐτοῦ
731 5142 799 5195 ἐκ
834 5140 942 5209 τῆς
990 5146 1138 5211 πρὸς
1163 5146 1513 5201 Θαλάσσιον
1545 5147 1637 5212 εβ¹
1662 5149 1913 5216 ἀποκρί-

1045 5231 1219 5283 σεως.

426 5302 485 5357 Ὅ
514 5305 718 5374 Κύριος
750 5305 908 5376 ἡμῶν
940 5307 1143 5377 Ἰησοῦς
1183 5311 1223 5363 Χ
1235 5311 1437 5379 ριστδς,
1468 5312 1497 5363 6
1518 5310 1612 5370 τοῦ
1638 5311 1774 5365 Θεοῦ
1806 5330 1912 5381 μο-

2124 5144 2370 5213 Ejusdem
2383 5161 2449 5198 ea:
2463 5151 2789 5273 resporﬂerlie
2813 5158 3133 5236 sexagesima
3161 5166 3386 5219 secunda
3411 5173 3478 5221 ad

2701 5239 2732 5273 α
2754 5240 2975 5273 canunt-

2701 5239 2975 5281 αιαδδιιιηι.

2084 5307 2345 5361 Dominus
2396 5319 2580 5365 noster
2631 5312 2789 5371 Jesus
2845 5316 3095 5375 Christus
3148 5326 3461 5396 unigenitus
3493 5332 3585 5389 Dei

339 5401 566 5469 νογενὴς
587 5400 712 5463 Υίδς
742 5404 831 5451 καῖ
856 5402 1049 5469 Λόγος,
1079 5406 1107 5458 6
1136 5403 1205 5457 δι’
1228 5406 1422 5458 ἑαυτὸν
1457 5408 1555 5476 μὲν
1586 5408 1728 5461 κατά
1753 5406 1914 5477 φύσιν

2022 5396 2178 5451 Filius
2205 5409 2260 5453 et
2286 5396 2540 5465 Verbum,
2565 5404 2657 5472 qui
2689 5419 2785 5474 per
2806 5422 2863 5463 se
2882 5410 3058 5478 ipsum
3109 5426 3302 5495 natura
3357 5421 3582 5492 simplex

339 5492 549 5556 ἁπλοῦς
575 5494 669 5559 ὣν,
702 5495 794 5549 καὶ
835 5496 920 5550 ἀεὶ
949 5498 1240 5568 διαμένων,
1267 5500 1338 5553 δι’
1366 5502 1464 5568 ἐμὲ
1493 5502 1549 5555 δὲ
1579 5504 1719 5557 κατά
1743 5503 1912 5571 πρόσ-

338 5587 504 5656 ληψιν
532 5586 730 5658 σαρκὸς
760 5589 961 5657 νοιρῶς
987 5593 1430 5665 ἑνεψυχωμένης,
1460 5595 1535 5658 ὡς
1554 5591 1695 5647 οἶδεν
1720 5596 1905 5661 αὐτὸς,

338 5679 634 5748 γενόμενος
685 5677 807 5732 καθ’
837 5680 1135 5736 ὑπόστασιν
1192 5684 1465 5750 σύνθετος,
1498 5686 1621 5741 οὔτε
1681 5691 1745 5758 τῇ
1784 5689 1907 5743 κατ’

339 5772 509 5844 ἀκρον
564 5770 699 5838 πρὸς
726 5772 822 5842 τὴν
854 5775 1029 5844 σάρκα
1068 5776 1188 5828 καθ’
1234 5777 1532 5833 ὑπόστασιν
1560 5779 1749 5835 ὲνώσει
1797 5781 1896 5855 τὴν

584 5865 827 5928 ΡΑινιιοι
891 5872 1005 5931 Cn.
1053 5874 1307 5935 CXXX.

2011 5503 2113 5552 est,
2147 5499 2198 5544 et
2228 5505 2441 5561 semper
2459 5506 2765 5563 permanet,
2798 5509 3015 5569 propter
3043 5519 3127 5559 me
3153 5516 3333 5565 autem
3359 5527 3579 5571 carnem

2016 5595 2299 5637 assumens
2316 5584 2495 5637 anima
2528 5587 2844 5659 rationoque
2859 5597 3160 5665 praditam,
3198 5599 3372 5658 factus
3398 5620 3461 5661 ea
3494 5625 3581 5662 ra—

2017 5674 2184 5739 tione,
2202 5689 2361 5744 quam
2390 5677 2502 5746 ipse
2528 5682 2696 5746 novit,
2716 5681 2768 5738 in
2792 5698 3023 5755 persona
3038 5696 3391 5764 compositus,
3414 5715 3586 5769 neque

2017 5782 2225 5822 summa
2244 5785 2367 5825 cum
2390 5784 2555 5829 carne
2578 5774 2628 5828 in
2647 5791 2878 5847 persona
2904 5786 3286 5857 conjunctione
3311 5790 3586 5848 confusio-

3153 5902 3227 5967 33
