4020 6214
360 285 501 354 1039

1611 289 1995 350 EUTHYMII
2038 291 2400 356 ZlGABENI

3492 296 3633 367 1040

355 408 786 474 circumscripta,
825 407 1074 475 quamvis
1107 408 1158 462 in
1194 407 1388 462 fabulis
1414 405 1758 463 decantatam
1793 405 1917 461 voln

2048 411 2266 464 σύνολον
2298 412 2458 480 φύσις
2509 413 2590 465 ἑνὶ
2624 411 2900 483 προσώπῳ
2950 410 3471 483 περιγεγραμμὲνη,
3523 414 3630 467 κᾶν

352 518 502 557 crem
524 501 616 557 isti
634 502 940 574 phoenicem
956 502 1021 558 ad
1036 511 1334 573 extremum
1355 510 1613 569 tanquam
1630 499 1936 569 exemplum

356 595 798 665 inexpugnabile,
822 609 929 661 quo
957 592 1220 646 innitatur
1252 592 1494 662 ipsorum
1516 590 1719 659 opinio,
1740 603 1937 660 propo-

353 699 508 745 nant.
532 687 666 743 Nam
690 686 734 744 si
767 686 1001 743 volui-ris
1028 695 1111 740 est
1144 684 1389 755 phtenix,
1415 692 1469 739 et
1493 683 1691 739 animal
1712 697 1940 752 preisns

354 793 473 844 est;
506 782 550 833 si
584 780 811 843 animal,
853 777 1087 847 primum
1122 792 1229 833 non
1256 776 1404 833 omni
1457 775 1616 831 modo
1644 773 1937 843 singulare,

352 877 626 937 quatenus
657 863 1121 930 estanimal,‘non
1150 865 1295 921 enim
1321 864 1494 920 solum
1529 861 1730 919 animal
1754 880 1770 929 ;
1797 877 1938 932 prae-

356 968 523 1021 terea,
550 956 596 1012 si
638 955 860 1022 animal,
892 965 945 1011 et
968 972 1166 1027 corpus
1196 956 1494 1013 animatum
1525 970 1688 1013 sensu
1740 953 1938 1024 pr:edi-

356 1060 491 1104 tum.
529 1048 683 1115 Quod
714 1048 759 1102 si
791 1063 990 1117 corpus
1021 1049 1317 1103 animatum
1352 1065 1419 1105 ac
1447 1063 1612 1104 sensu
1647 1047 1935 1117 praeditum

351 1152 431 1197 est
460 1142 702 1211 phoenix,
726 1142 930 1197 etortui
949 1140 1189 1208 proiecto
1207 1151 1372 1210 atque
1418 1140 1662 1195 interitui
1679 1138 1934 1195 obnoxia.

350 1236 506 1301 Quod
539 1235 584 1291 si
614 1237 738 1289 talis
790 1243 893 1301 est,
938 1249 1246 1304 quaramus
1296 1251 1362 1290 ex
1422 1233 1763 1304 sapientibus
1817 1231 1936 1285 istis

354 1343 534 1383 rerum
566 1327 977 1396 spectatoribus,
1002 1342 1071 1381 an
1094 1326 1206 1383 ﬁeri
1232 1327 1401 1395 possit
1423 1325 1635 1416 utquod
1660 1338 1725 1379 ex
1746 1338 1933 1378 eorum

351 1431 434 1473 cst
484 1435 735 1485 numero,
785 1436 907 1488 quae
934 1430 1062 1476 sunt
1112 1419 1354 1472 animata
1386 1414 1657 1485 sensitque
1689 1414 1931 1485 praedita,

349 1518 599 1582 quodque
632 1521 807 1567 ortum
852 1524 1015 1581 atque
1066 1512 1347 1567 interitum
1404 1512 1587 1576 sentit,
1644 1509 1933 1579 singularis

351 1615 556 1662 natura:
598 1607 688 1669 sit,
726 1616 985 1673 quantum
1051 1606 1287 1674 pertinet
1339 1606 1404 1659 ad
1455 1618 1762 1672 personam,
1808 1618 1930 1656 cum

351 1708 532 1753 mutua
558 1700 794 1768 ipsorum
822 1699 874 1752 in
890 1699 1076 1767 specie.
1096 1699 1373 1753 successio
1394 1698 1673 1767 perspicua
1696 1690 1931 1752 sitexsi-

347 1793 523 1848 stendi
544 1804 690 1846 nota.
715 1791 794 1846 Ad
822 1793 937 1845 hinc
954 1792 998 1846 si
1020 1801 1207 1843 natura
1237 1790 1527 1860 singularis
1560 1788 1943 1850 cstChristns,.

348 1901 446 1941 nec
466 1886 703 1955 ejusdem
755 1900 881 1939 cum
915 1885 1022 1939 Deo
1059 1894 1112 1939 et
1150 1884 1332 1949 Patre,
1363 1898 1461 1937 nec
1509 1881 1759 1953 ejusdem
1804 1896 1928 1933 cum

348 1979 661 2035 hominibus
706 1990 789 2036 est
816 1978 1086 2037 essentia).
1119 1977 1271 2044 Quod
1306 1979 1448 2031 enim
1480 1977 1700 2031 omnino
1726 1983 1808 2030 est
1838 1991 1932 2028 ua-

306 2081 465 2159 1*tura
486 2072 781 2142 singulare,
802 2071 1037 2125 naturali
1064 2068 1386 2137 cognatione
1413 2067 1546 2121 nulli
1577 2067 1928 2136 coniunctum

334 2166 447 2217 'cst.
470 2162 620 2229 Quod
650 2162 695 2216 si
737 2163 804 2215 ab
822 2162 1098 2227 omnibus,
1126 2170 1183 2215 ut
1216 2175 1310 2215 eos
1332 2160 1534 2213 sentire
1560 2159 1927 2227 probavimus,

343 2261 534 2309 natura
559 2254 804 2310 diversus
827 2264 910 2311 est
939 2254 1209 2317 Christus,
1233 2252 1413 2307 futiles
1439 2253 1587 2319 ipsos
1616 2253 1926 2321 opinionum

342 2347 653 2403 inventores
681 2361 954 2415 regamus,
978 2355 1033 2400 ut
1055 2346 1213 2401 nobis
1234 2345 1435 2410 dicant,
1489 2344 1701 2412 qualem
1734 2355 1926 2399 natura

342 2438 641 2502 Christum,
683 2449 737 2492 et
770 2452 876 2507 qua
910 2439 1120 2492 ratione
1180 2448 1527 2491 venerentur.
1585 2434 1769 2503 Itaque
1802 2450 1923 2489 cum

343 2550 596 2605 magnum
630 2546 791 2605 atque
811 2535 1143 2589 horrendum
1204 2532 1513 2590 necessario
1540 2531 1836 2599 periculum
1859 2546 1923 2585 ex

338 2626 591 2691 rationis,
651 2642 769 2695 qua:
814 2625 1023 2681 reddita
1051 2636 1137 2681 est
1185 2625 1258 2691 vi,
1308 2634 1681 2693 consequatur
1716 2639 1809 2678 eos
1833 2623 1925 2693 qui

338 2721 620 2777 Christum
644 2730 841 2777 natura
865 2737 1050 2788 unum,
1085 2729 1178 2773 aut
1204 2728 1452 2772 naturam
1477 2731 1597 2773 esse
1618 2732 1780 2771 uuam
1799 2730 1927 2771 con-

341 2813 589 2881 tendunt,
610 2813 725 2869 sive
759 2812 1013 2883 simplex.
1056 2811 1174 2868 sive
1218 2809 1545 2878 composita,
1593 2821 1766 2877 eaque
1807 2808 1924 2861 sive

338 2907 634 2977 generalis,
679 2917 777 2962 aut
826 2907 1151 2971 communis,
1207 2906 1322 2960 sive
1353 2904 1646 2975 singularis
1691 2905 1924 2970 dicatur,

338 2997 553 3053 animos
575 3004 793 3051 nostros
822 2997 972 3051 omni
1009 2995 1256 3051 custodia
1277 2997 1343 3049 ah
1380 2994 1643 3066 ejusmodi
1670 2994 1925 3065 opinione

2043 506 2091 557 si
2126 504 2193 558 τὰ
2228 504 2468 574 μάλιστα
2502 504 2593 558 τὸν
2629 506 3002 576 μυθευόμενον
3036 505 3226 575 ὄρνιθα
3265 504 3357 558 τὸν
3411 505 3631 572 φοίνικα

2043 598 2296 668 καθάπερ
2319 615 2372 651 τι
2409 599 2503 653 καὶ
2545 599 2757 669 ἄμαχον
2789 598 3144 667 παράδειγμα
3171 598 3272 668 τῆς
3302 598 3515 651 ἑαυτῶν
3536 598 3629 650 δό-

2043 688 2141 759 ξης
2188 688 2515 743 συστατικδν
2573 690 2883 742 τελευταῖον
2935 688 3381 759 προϐάλλωνται.
3426 688 3629 756 Είγάρ

2039 782 2186 852 ὅρνις
2216 782 2371 836 εστὶν
2399 784 2427 835 ὁ
2451 781 2647 851 φοῖνιξ,
2678 783 2775 836 καὶ
2801 780 2942 847 ζῶον
2990 782 3213 846 πάντως
3244 780 3419 834 ἐστίν.
3470 780 3536 833 Ei
3566 780 3628 833 δδ

2040 874 2201 940 ζῶον,
2221 874 2435 947 πρῶτον
2466 875 2564 945 μὲν
2585 875 2647 929 οὑ
2680 876 2858 946 πάντη
2885 874 3174 945 μοναδικδν
3202 873 3339 928 καθδ
3360 872 3500 938 ζῶον
3518 889 3534 905 ⁸
3559 873 3625 926 οὑ

2038 968 2149 1040 γὰρ
2185 970 2343 1040 μόνον
2385 967 2527 1034 ζῶον
2555 985 2570 999 ⁶
2596 969 2790 1023 ἔπειτα
2834 969 2913 1032 δὲ,
2946 969 3105 1040 εἰπερ
3136 967 3297 1035 ζῶον,
3334 967 3430 1022 καὶ
3459 967 3627 1036 σῶμα

2038 1062 2283 1133 ἔμψυχον
2311 1063 2652 1133 αἰσθητικόν.
2692 1062 2757 1115 Ei
2805 1062 2861 1115 δὲ
2890 1061 3054 1132 σῶμα
3103 1061 3349 1132 ἔμψυχον
3374 1060 3626 1130 αἰσθητι-

2036 1157 2133 1210 κόν
2164 1160 2310 1210 ἐστιν
2337 1158 2363 1210 ὁ
2396 1156 2589 1225 φοῖνιξ,
2615 1155 2709 1209 καὶ
2732 1154 2835 1208 ὑπὸ
2856 1155 3072 1224 γένεσῖν
3099 1155 3217 1207 ἔστι
3249 1153 3491 1224 δηλονότι
3524 1150 3622 1206 καὶ

2037 1248 2266 1320 φθοράν.
2303 1249 2365 1303 Εἰ
2385 1249 2442 1302 δὲ
2465 1248 2569 1301 ὑπὸ
2595 1247 2810 1317 γένεσι]
2837 1249 3004 1315 ἐστιν,
3036 1246 3231 1307 αὑτοὺς
3256 1246 3622 1317 ἑρωτήσωμεν

2035 1342 2161 1404 τοὺς
2192 1342 2391 1411 σοφοὺς
2423 1341 2530 1395 τῶν
2561 1342 2729 1395 ὄντων
2761 1340 3052 1409 θεάμονας,
3081 1340 3129 1391 εἰ
3154 1337 3383 1392 δυνατόν
3413 1337 3619 1399 ὲστὶ,τί

2035 1436 2145 1489 τῶν
2170 1434 2276 1487 ὑπὸ
2307 1438 2520 1501 γένεσιν
2550 1433 2646 1487 καὶ
2682 1434 2889 1503 φθορὰν
2919 1431 3183 1502 ἐμψύχων
3221 1430 3316 1484 καὶ
3364 1430 3621 1496 αἰσθητι-

2036 1528 2148 1581 κῶν
2189 1526 2458 1596 σωμάτων
2515 1523 2809 1595 μοναδικῆς
2854 1521 3121 1591 ὑπάρχειν
3157 1520 3280 1574 καθ’
3317 1519 3619 1572 ὑπόστασιν

2036 1620 2272 1689 φύσεως,
2306 1613 2380 1671 ὦν
2407 1620 2439 1689 ἡ
2469 1618 2526 1683 ἐξ
2576 1616 2824 1683 ἀλλήλων
2853 1615 2974 1668 κατ’
3005 1611 3146 1677 εἶδος
3177 1610 3399 1683 διαδοχὴ
3426 1610 3614 1683 ἀρίδη-

2035 1717 2124 1778 λος
2167 1715 2457 1786 χαρακτὴρ
2497 1712 2592 1766 τοῦ
2623 1708 2785 1764 εἶναι.
2839 1711 3010 1778 Εἴπερ
3036 1707 3093 1760 δὲ
3146 1704 3409 1775 μοναδικὴ
3453 1704 3619 1773 φύσις

2039 1808 2187 1860 ἐστὶν
2211 1809 2238 1859 ὁ
2268 1806 2525 1876 Χριστὸς,
2554 1804 2679 1857 οὑτε
2713 1802 2792 1874 τῷ
2830 1800 2951 1870 Θεῷ
2986 1799 3080 1853 καὶ
3107 1800 3283 1867 Πατρὶ
3327 1794 3619 1867 ὁμοούσιός

2039 1900 2209 1961 ἐστιν,
2234 1898 2355 1952 οὔτε
2386 1899 2497 1960 τοῖς
2522 1895 2848 1966 ἀνθρώποις.
2890 1893 2965 1945 Τὸ
2994 1892 3106 1961 γὰρ
3140 1892 3321 1960 πάντη
3351 1888 3494 1944 κατά
3518 1888 3622 1957 τὴν

2038 1990 2203 2061 φύσιν
2250 1987 2533 2057 μοναδικδν
2558 1989 2654 2057 τῆς
2682 1985 2817 2054 πρὸς
2846 1982 3026 2037 ὁτιοῦν
3052 1982 3182 2037 ἀλλο
3207 1978 3486 2040 παντελῶς
3511 1994 3620 2046 φυ-

2039 2085 2195 2153 σικῆς
2242 2082 2601 2152 ἠλλοτρίωται
2665 2079 3009 2147 συγγενείας.
3049 2077 3113 2129 Ei
3167 2074 3223 2127 δὲ
3270 2072 3393 2127 κατ’
3418 2071 3621 2134 αὑτοὺς

2036 2179 2300 2241 ἐκείνους,
2320 2176 2394 2235 ὡς
2427 2174 2626 2240 ἔδειξεν
2673 2175 2701 2227 ὁ
2736 2173 2918 2239 λόγος,
2951 2170 3131 2239 πάντη
3162 2166 3303 2221 κατά
3328 2165 3428 2235 τὴν
3454 2162 3621 2233 φύσιν

2033 2274 2063 2325 ό
2090 2270 2321 2339 Χριστὸς
2355 2268 2573 2322 πάντων
2610 2263 2981 2336 ἠλλοτρίωται
3032 2260 3140 2314 τῶν
3171 2258 3364 2325 ὄντων,
3417 2255 3621 2319 αὑτοὺς

2034 2363 2209 2415 εἰπεῖν
2242 2357 2660 2428 προτρεψόμεθα
2690 2356 2817 2418 τοὺς
2855 2354 3082 2415 καινοὺς
3131 2348 3617 2423 δογματιστάς.,τί

2032 2454 2162 2507 ὄντα
2218 2452 2359 2507 κατά
2408 2452 2507 2520 τὴν
2564 2449 2753 2518 φύσιν,
2791 2448 2886 2501 καὶ
2922 2446 3061 2517 ποίῳ
3090 2444 3235 2515 λόγῳ
3266 2441 3486 2497 σέϐουσι
3519 2440 3617 2494 τὸν

2031 2546 2287 2618 Χριστόν.
2328 2546 2389 2597 El
2433 2544 2613 2597 τοίνυν
2646 2542 2822 2609 μέγας
2873 2541 2969 2595 καὶ
2996 2537 3225 2608 φοϐερὸς
3262 2536 3321 2603 ἐξ
3359 2534 3613 2602 ἀνάγκης

2031 2642 2223 2695 ἕπεται
2256 2638 2523 2700 κίνδυνος,
2550 2635 2695 2690 κατά
2748 2635 2849 2703 τὴν
2898 2631 3261 2686 ἀποδοθεῖσαν
3298 2626 3396 2683 τοῦ
3446 2626 3615 2696 λόγου

2030 2736 2283 2803 δύναμιν,
2318 2732 2430 2795 τοῖς
2462 2729 2712 2798 λέγουσιν
2766 2726 2823 2780 ἓν
2853 2727 2994 2781 κατά
3032 2724 3130 2795 τὴν
3164 2722 3329 2790 φύσιν
3357 2714 3499 2775 εἶναι
3522 2718 3617 2772 τὸν

2030 2827 2283 2900 Χριστὸν,
2314 2824 2481 2895 ἡγουν
2513 2823 2642 2891 μίαν
2673 2821 2859 2890 φύσιν,
2906 2818 3015 2872 εἴτε
3049 2816 3239 2879 ἁπλῶς
3282 2812 3615 2885 λεγομένην,

2032 2923 2142 2975 εἴτε
2172 2919 2447 2979 σύνθετον,
2481 2916 2579 2970 καὶ
2626 2917 2832 2982 ταύτην
2881 2914 2991 2967 εῖτε
3025 2910 3274 2979 γενικὴν,
3302 2908 3473 2979 ἦγουν
3500 2922 3621 2961 κοι-

2030 3015 2149 3083 νὴν,
2181 3012 2291 3066 εἴτε
2325 3008 2637 3081 μοναδικὴν,
2672 3009 2841 3079 ἤγουν
2868 3006 3067 3074 ὶδικὴν,
3099 3006 3247 3075 πασῃ
3272 3001 3489 3072 φυλακῇ
3512 2998 3617 3064 τὰς

340 3097 578 3146 remotos
596 3104 897 3155 servemus,
940 3097 996 3143 ut
1019 3097 1071 3143 et
1105 3103 1137 3142 a
1169 3089 1329 3142 minis
1356 3089 1451 3157 ipsi
1486 3086 1921 3157 impendentibus

2033 3106 2245 3162 ἑαυτῶν
2280 3101 2503 3172 καρδίας
2537 3101 2632 3169 τῆς
2657 3098 2915 3169 τοιαύτης
2943 3097 3103 3167 δόξης
3152 3096 3484 3165 τηρήσωμεν
3512 3108 3617 3145 κα-

339 3178 491 3234 liberi
514 3178 707 3235 simus.

1013 3378 1289 3449 Ejusdem.

408 3472 773 3540 Quamobrem.
814 3474 857 3530 si
890 3472 982 3527 Dei
1016 3474 1247 3528 Verbum
1277 3489 1381 3529 non
1411 3474 1525 3543 lege
1561 3482 1720 3542 atque
1740 3472 1930 3527 ordine

330 3577 546 3621 natura:
571 3581 749 3621 rerum
782 3568 1233 3637 rompositarum,
1251 3568 1345 3621 sed
1366 3568 1467 3621 alia
1491 3568 1700 3622 ratione
1723 3567 1927 3631 divina,

335 3671 388 3717 et
410 3676 529 3731 qua:
556 3661 733 3715 verbis
758 3662 1012 3731 explicari
1044 3678 1147 3716 non
1182 3671 1378 3731 potest,
1409 3677 1602 3732 nempe
1626 3676 1723 3731 per
1740 3661 1927 3717 carnis

333 3752 764 3823 assumptionem
798 3754 1158 3823 compositum
1189 3763 1293 3819 est,
1331 3768 1442 3807 non
1494 3764 1674 3807 autem
1707 3768 1804 3821 per
1834 3769 1930 3822 ge-

333 3844 674 3901 nerationem
702 3843 861 3899 simul
904 3859 1027 3898 cum
1083 3858 1248 3899 carne
1282 3844 1689 3912 compositionis
1717 3844 1932 3913 accepit

332 3936 645 4000 essentiam,
692 3943 939 3989 uttotum
992 3933 1207 4004 aliquod
1259 3936 1440 4003 specie
1490 3936 1807 4004 corripiet-et,
1872 3952 1935 3999 ut

333 4028 577 4083 veritatis
631 4028 806 4084 oratio
860 4028 1112 4082 omnibus
1159 4038 1343 4098 aperte
1383 4027 1673 4099 signil‘n-at.
1731 4028 1932 4084 frustra

332 4133 596 4175 conantur
617 4121 932 4191 insipientes
961 4121 1049 4176 isti
1070 4120 1537 4192 compositionem,
1560 4136 1679 4191 quae
1714 4134 1929 4176 omnem

334 4225 547 4270 natura:
580 4217 865 4269 terminum
913 4217 1233 4285 rationeque
1263 4223 1503 4286 superat,
1545 4217 1751 4287 legibus
1776 4229 1932 4273 natu‘

334 4306 540 4360 ralibus
564 4305 725 4373 impie
745 4305 1034 4372 subjicere.
1074 4305 1442 4372 Quamobrem
1496 4308 1587 4377 qui
1619 4322 1713 4381 per
1744 4308 1927 4362 carnis

334 4396 759 4465 a'ssumptionem
795 4396 1025 4453 Verbum
1065 4414 1186 4455 esse
1221 4400 1419 4453 factum
1472 4399 1743 4453 hominem
1773 4399 1921 4466 dicit,

2032 3199 2226 3269 θαράς,
2261 3198 2347 3252 ἵνα
2367 3194 2577 3265 καὶτῆς
2599 3192 2685 3247 ἐπ’
2708 3193 2846 3263 αὑτῇ
2880 3191 3182 3263 μελλούσης
3204 3188 3441 3257 ἀπειλῆς¹
3458 3186 3616 3243 ἀλευ-

2032 3291 2381 3363 θερωθῶμεν.
3328 3326 3331 3327 ν

2640 3381 2752 3437 Τοῦ
2786 3379 2997 3435 αὑτοῦ.

2106 3480 2166 3532 Εἰ
2194 3478 2374 3531 τοίνυν
2401 3476 2477 3547 μὴ
2506 3481 2648 3528 κατὰ
2664 3476 2829 3542 νόμον
2853 3472 2946 3526 καὶ
2977 3468 3134 3533 τάξιν
3160 3465 3261 3535 τῆς
3284 3465 3393 3520 τῶν
3427 3464 3617 3518 συνόν-

2030 3589 2141 3626 των
2166 3572 2406 3640 φύσεως,
2439 3568 2553 3623 ἀλλ’
2577 3568 2750 3636 ἑτέρῳ
2779 3565 2930 3634 παρὰ
2950 3563 3049 3634 τὴν
3076 3562 3243 3631 ςύσιν
3281 3577 3390 3614 των
3421 3558 3619 3612 συνθέ-

2030 3684 2140 3721 των
2174 3665 2361 3734 θεσμῷ
2380 3679 2395 3695 ο
2426 3661 2567 3717 κατά
2600 3658 2910 3731 πρόσληψιν
2968 3658 3079 3727 γὰρ
3126 3655 3428 3726 ἀφράστως
3459 3655 3487 3706 ὁ
3515 3652 3616 3707 τοῦ

2031 3756 2165 3811 Θεοῦ
2196 3755 2331 3826 πρὸς
2364 3754 2459 3824 τὴν
2491 3753 2671 3821 σάρκα
2721 3748 2975 3818 συνετέθη
3008 3748 3203 3816 Λόγος,
3234 3746 3350 3800 ἀλλ’
3373 3746 3434 3799 οὑ
3469 3744 3614 3799 κατὰ

2032 3849 2248 3918 γένεσιν
2276 3847 2391 3913 ἅμα
2415 3849 2482 3916 τῇ
2509 3844 2675 3913 σαρκὶ
2705 3844 2843 3913 πρὸς
2880 3842 3129 3896 σύνθεσιν
3154 3840 3215 3894 τὸ
3248 3838 3391 3893 εἶναι
3424 3837 3610 3891 λαϐὼν

2031 3944 2112 4003 είς
2138 3941 2261 3993 ὅλου
2294 3938 2440 4001 τινὸς
2470 3936 2593 3990 κατ’
2613 3932 2755 3999 εἶδος
2781 3936 3199 4005 συμπλήρωσιν,
3237 3934 3421 3997 καθὼς
3457 3936 3485 3987 ὁ
3509 3933 3612 4001 τῆς

2033 4034 2293 4104 ἀληθείας
2327 4029 2671 4102 διαπρυσίως
2721 4032 2892 4084 πᾶσιν
2949 4030 3130 4100 ἐμϐοᾷ
3183 4028 3376 4097 λόγος·
3430 4028 3613 4097 μάτην

2032 4129 2144 4189 τοῖς
2178 4126 2283 4179 ὑπὸ
2313 4123 2475 4194 φύσιν
2518 4124 2741 4191 θεσμοῖς
2765 4123 3071 4192 ὑπαγαγεῖν
3116 4122 3372 4192 ἀθέσμως
3399 4123 3616 4190 ἐπιχει-

2036 4218 2217 4287 ροῦσιν
2242 4218 2288 4269 οἱ
2314 4216 2545 4285 ἀμαθεῖς
2569 4214 2670 4284 τὴν
2705 4213 2883 4267 πάντα
2910 4213 3121 4283 φύσεωε
3156 4214 3284 4282 ὅρον
3306 4229 3366 4265 τε
3401 4212 3497 4265 καλ⁵
3527 4211 3614 4263 λόο

2032 4326 2127 4377 γον
2150 4309 2518 4379 ὲμϐαίνουσαν
2554 4306 2829 4361 σύνθεσιν.
2857 4306 2960 4359 Διά
2991 4305 3151 4359 τοῦτο
3199 4305 3342 4359 κατὰ
3371 4304 3613 4375 πρόσλη-

2030 4403 2122 4471 ψιν
2152 4401 2353 4469 σαρκὸς
2382 4401 2410 4452 ὁ
2434 4398 2605 4469 λέγων
2636 4398 2891 4468 γενέσθαι
2922 4398 3021 4470 τὴν
3042 4395 3461 4467 ὲνανθρὼπησιν
3508 4398 3608 4465 τὴν

332 4490 379 4544 is
402 4498 457 4544 et
478 4497 738 4543 aeternam
765 4488 858 4543 Dei
884 4497 1009 4543 ante
1050 4491 1245 4544 saecula
1293 4491 1585 4545 essentiam
1636 4499 1836 4552 servat,
1870 4499 1922 4544 et

2033 4510 2087 4546 τε
2116 4493 2208 4546 τοῦ
2240 4492 2375 4546 Θεοῦ
2404 4492 2575 4561 Λόγου
2603 4491 2929 4563 προαιώνιον
2959 4490 3194 4562 ὕπαρξιν
3215 4488 3611 4553 mammicula!

332 4581 693 4635 voluntariam
726 4585 810 4650 pie
839 4582 1147 4646 conﬁtetur,
1179 4594 1480 4654 sponteqne
1516 4593 1823 4653 susceptam
1863 4586 1914 4639 in

332 4689 574 4745 ten'pnre
609 4676 792 4731 carnis
846 4677 1199 4743 indutioncm,
1257 4686 1308 4731 et
1362 4676 1718 4732 diﬂerentiam
1754 4677 1914 4731 Verbi

328 4769 699 4839 suscipientis,
726 4778 886 4839 atque
933 4770 1112 4823 carnis
1139 4780 1400 4839 suscepta:
1439 4772 1557 4825 sine
1597 4772 1919 4827 confusione

334 4870 515 4917 tuetur
539 4863 700 4915 etiam
742 4873 860 4932 post
885 4862 1343 4933 coniunctionem.
1378 4864 1479 4929 Qui
1512 4881 1640 4918 vero
1672 4866 1914 4921 DeiVer-

335 4961 458 5009 bum
485 4970 589 5008 non
651 4970 747 5024 per
787 4956 967 5008 carnis
1018 4958 1444 5025 assumptiunein
1480 4960 1799 5013 immutabili
1827 4976 1915 5012 ra-

330 5050 479 5103 tione
502 5047 703 5101 l‘actum
729 5062 850 5104 esse
879 5048 1154 5103 hominem
1203 5050 1355 5115 dicit,
1414 5051 1549 5105 nihil
1580 5068 1766 5107 eorum
1799 5068 1914 5124 quae

330 5142 474 5196 dicta
513 5150 662 5205 sunt,
702 5140 811 5195 ullo
847 5139 1010 5196 modo
1044 5155 1169 5195 vere
1203 5143 1402 5212 poterit
1430 5146 1698 5200 contiteri.
1772 5152 1791 5173 *

475 5233 724 5305 Ejusdem
746 5236 809 5288 de
823 5250 937 5289 voce
956 5234 1055 5287 hac
1077 5250 1095 5287 :
1125 5253 1143 5286 ι
1178 5235 1242 5290 In
1269 5237 1473 5291 duabus
1491 5240 1715 5294 naturis.
1751 5258 1769 5292 ι

404 5326 458 5380 lu
495 5327 702 5383 duabus
732 5325 941 5381 naturis
986 5329 1197 5383 ratione
1249 5330 1563 5386 indivisibili
1598 5332 1773 5401 ipsum
1793 5349 1915 5391 esse

331 5420 627 5487 credimus,
674 5430 731 5475 ut
757 5421 1113 5478 tlivinitateet
1161 5424 1517 5480 humanitate.
1550 5424 1915 5491 Quemadmo-

331 5510 458 5565 dum
497 5512 635 5569 enim
668 5528 793 5568 cum
816 5528 880 5570 ex
901 5514 1111 5571 duabus
1128 5516 1338 5572 naturis
1365 5525 1615 5573 constare
1637 5519 1913 5576 Christum

334 5602 585 5669 dicimus,
616 5620 679 5660 ex
715 5605 1001 5661 divinitate
1045 5617 1099 5663 et
1142 5609 1500 5673 humanitate,
1546 5622 1605 5666 ut
1650 5612 1857 5667 duabus
1885 5629 1916 5669 e

334 5690 578 5755 partibus
613 5704 806 5746 “totum
850 5690 1299 5765 intelligimutha
1349 5715 1469 5755 cum
1499 5712 1620 5771 post
1646 5705 1911 5771 conjunc-

336 5781 534 5833 tionem
566 5793 686 5834 cum
718 5784 995 5840 duabusin
1028 5790 1235 5845 naturis
1273 5805 1391 5847 esse
1426 5792 1742 5861 diiiinus,i;i
1774 5795 1912 5849 ά.νὶ-

2026 4585 2123 4655 τὴν
2143 4584 2388 4639 ἑκούσιον
2411 4583 2649 4648 εὐσεϐῶς
2671 4584 2945 4654 ὁμολογεῖ,
2972 4586 3063 4637 καὶ
3092 4583 3418 4655 αὐθαίρετον
3441 4581 3607 4637 αὑτοῦ

2022 4678 2164 4730 κατὰ
2203 4678 2394 4747 χρόνον
2434 4678 2735 4744 σάρκωσιν,
2786 4679 2880 4730 καὶ
2912 4677 3011 4748 τὴν
3040 4676 3305 4746 διαφορὰν
3355 4676 3527 4731 αὑτοῦ
3550 4693 3608 4731 τε

2019 4769 2112 4823 τοῦ
2141 4768 2537 4837 προσλαϐόντος
2554 4770 2747 4837 Λόγου,
2770 4772 2864 4823 καὶ
2884 4771 2985 4840 τῆς
3009 4770 3449 4840 προσληφθείσης
3479 4787 3611 4840 σαρ-

2021 4863 2111 4924 κὸς
2144 4861 2453 4932 ἀσύγχυτον
2485 4862 2775 4930 φυλάττειν
2802 4863 2896 4916 καὶ
2932 4863 3069 4933 μετὰ
3098 4862 3197 4933 τὴν
3223 4863 3439 4917 ἕνωσιν.
3459 4865 3520 4917 ’0
3552 4864 3609 4918 δὲ

2029 4956 2103 5026 μὴ
2165 4956 2307 5010 κατά
2361 4956 2667 5026 πρόσληψιν
2721 4957 2923 5026 σαρκὸς
2971 4956 3251 5027 ὁμολογῶν
3319 4956 3607 5027 ἀτρέπτως

2017 5050 2442 5121 ὲνανθρωπῆσαι
2471 5048 2563 5102 τὸν
2598 5049 2690 5103 τοῦ
2719 5049 2853 5103 Θεοῦ
2902 5050 3077 5118 Λόγον
3125 5050 3279 5104 οὐδὲν
3309 5049 3417 5104 τῶν
3450 5052 3608 5123 εἰρη-

2024 5142 2204 5211 μένων
2232 5142 2351 5195 κατ’
2371 5143 2561 5197 οὐδένα
2577 5142 2779 5213 τρόπον
2806 5143 3021 5214 ἀληθῶς
3044 5146 3329 5213 ὁμολογεῖν
3353 5147 3607 5203 δύναται.

2060 5234 2172 5288 Τοῦ
2197 5235 2386 5289 αὑτοῦ
2414 5235 2545 5303 περὶ
2584 5236 2695 5303 τῆς
2729 5236 2967 5305 φωνῆς·
2999 5237 3135 5291 «Ἔν
3164 5237 3273 5292 δύο
3298 5240 3547 5306 φύσεσι.
3566 5259 3585 5291 ι

2109 5331 2193 5384 Ἐν
2218 5330 2310 5384 δύο
2341 5331 2571 5403 φύσεσιν
2622 5331 2945 5402 ἀδιαιρέτως
2986 5330 3078 5385 τὸν
3112 5332 3273 5385 αὑτὸν
3332 5333 3463 5387 ὄντα
3510 5351 3608 5387 πι-

2019 5422 2283 5494 στεύομεν
2312 5422 2385 5487 ὡς
2408 5426 2465 5475 ὲν
2498 5424 2714 5492 θεότητι
2748 5425 2841 5478 καὶ
2865 5424 3507 5495 ἀνθρωπότητι.⁹Ωσπερ
3540 5429 3606 5481 ἐκ

2017 5518 2110 5573 δύο
2139 5517 2355 5588 φύσεων
2409 5518 2662 5588 λέγοντες
2692 5519 2783 5573 τὸν
2837 5520 3077 5590 Χριστὸν
3104 5522 3167 5573 ἐκ
3223 5520 3479 5590 θεότητος
3505 5522 3605 5574 καὶ

2016 5613 2437 5684 ἀνθρωπότητος
2466 5613 2591 5666 ὄντα
2615 5613 2842 5685 νοοῦμεν
2873 5613 2949 5679 ῶς
2980 5617 3041 5667 ὲκ
3067 5613 3251 5685 μερῶν
3283 5614 3424 5678 ὅλον,
3455 5614 3601 5668 οὑτω

2017 5707 2110 5758 καὶ
2144 5707 2201 5758 ἑν
2229 5704 2322 5758 δύο
2346 5705 2539 5774 φύσεσι
2573 5706 2828 5774 λέγοντες
2863 5708 3001 5777 μετά
3025 5709 3121 5779 τὴν
3153 5707 3350 5760 ἕνωσιν
3384 5709 3442 5761 ὲν
3478 5709 3602 5760 856-

2014 5818 2135 5871 τητι
2169 5802 2259 5856 καὶ
2295 5802 2675 5874 ἀνθρωπότητι
2724 5805 2850 5859 ὄντα
2902 5806 3238 5875 πιστεύομεν
3268 5804 3345 5870 ὡς
3378 5805 3502 5859 ὅλον
3536 5806 3596 5858 ἐν
