4020 6214
454 305 585 374 1041

1395 320 1770 381 PANOPLlA
1820 321 2368 384 DOGMATICA.—
2406 325 2556 386 ΤΙΤ.
2604 325 2760 387 XVI.

3562 329 3694 394 1052

453 423 671 494 μόρεσι.
700 428 858 500 Μέρη
883 429 938 482 δὲ
971 428 1208 508 Χριστοῦ
1249 432 1280 502 ὴ
1312 432 1502 500 θεότης
1521 433 1829 488 αὑτοῦσὲστι
1863 436 1955 490 καὶ
1981 437 2013 507 ἡ

2121 440 2287 494 nitate
2320 451 2481 510 atque
2509 441 2840 497 humanitate
2863 455 2987 499 esse
3013 441 3306 506 credimus,
3361 453 3416 496 ut
3449 451 3618 498 totum
3643 447 3692 497 iu

445 513 822 586 ἀνθρωπότης,
853 520 911 586 ἐξ
948 515 1023 573 ὧν
1054 522 1145 575 καὶ
1170 523 1226 573 ὲν
1261 516 1348 585 αἷς
1381 522 1674 591 ὑφέστηκε.
1712 526 1822 578 Καὶ
1857 520 2012 588 αὖθις

445 609 538 662 τοῦ
562 610 698 665 Θεοῦ
733 613 906 682 Λόγου
943 614 1105 684 φύσιν
1154 618 1582 688 σεσαρκωμένην
1625 620 1792 688 σαρκί
1818 621 2013 691 νοεράν

446 717 506 752 τε
538 702 633 754 καὶ
667 701 892 774 λογικὴν
921 705 1116 779 ἐχούσῃ
1147 706 1324 780 ψυχὴν
1373 710 1674 775 πιστεύειν,
1703 711 1888 780 λέγειν
1929 730 2007 776 τε,

446 790 543 842 καὶ
571 792 866 861 κηρύττειν
913 794 1273 866 ἐδιδάχθημεν
1306 799 1445 852 κατὰ
1481 799 1572 852 τὸν
1611 798 1766 867 ἅγιον
1813 799 2013 868 Κύριλ-

440 883 554 944 λον,
589 885 677 940 διὰ
723 887 816 940 τοῦ
847 893 1280 960 σεσαρκωμένην
1328 893 1524 958 εἰπεῖν,
1573 894 1672 961 τῆς
1707 891 1832 946 καθ’
1864 893 2011 962 ἡμᾶς

445 975 664 1043 φύσεως
719 980 1216 1054 εἰσκεκομισμένην
1256 985 1494 1055 δρῶντες
1541 984 1638 1056 τὴν
1680 985 1890 1049 οὐσίαν,
1916 984 2011 1037 καὶ

444 1069 610 1122 πάλιν
632 1070 728 1124 τοῦ
760 1074 923 1126 αὐτοῦ
971 1077 1064 1130 καὶ
1113 1078 1232 1142 ἑνὸς
1258 1079 1493 1149 Χριστοῦ
1539 1079 1608 1131 τά
1645 1096 1702 1132 τε
1735 1077 2008 1146 Θαύμαται

443 1159 630 1215 καὶτὰ
653 1163 821 1232 πάθη,
859 1165 951 1218 καί
981 1165 1072 1220 τοῦ
1106 1168 1268 1221 αὑτοῦ
1299 1170 1395 1232 τὰς
1443 1169 1536 1222 δύο
1566 1170 1873 1239 γεννήσεις,
1913 1169 2011 1235 τήν

442 1269 500 1304 τε
528 1253 852 1321 προαιὼνιον
903 1258 1210 1328 ἀσωμάτως
1263 1262 1325 1314 ἐκ
1367 1261 1461 1314 τοῦ
1500 1262 1736 1331 Πατρὸς,
1792 1260 1884 1313 καὶ
1911 1258 2010 1328 τὴν

441 1344 701 1414 χρονικὴν
745 1346 809 1398 ἐκ
839 1349 1062 1418 Μητρὸς
1113 1353 1204 1403 καὶ
1257 1351 1535 1422 Παρθένου
1585 1351 1913 1419 σωματικῶς
1942 1351 2011 1404 δι’

437 1437 587 1504 ἡμᾶς
616 1445 1010 1510 γεγενημὲνην.
1051 1441 1140 1493 Διὸ
1171 1442 1409 1510 μάλιστα
1448 1443 1538 1497 καὶ
1573 1442 1714 1496 κατὰ
1746 1441 2010 1512 ἀλήθειαν

438 1529 644 1596 κυρίως
674 1527 936 1584 Θεοτόκον
962 1533 1130 1602 αὐτὴν
1155 1532 1550 1604 ὁμολογοῦμεν,
1589 1534 1665 1599 ὡς
1688 1536 1777 1588 τὸν
1808 1537 1871 1588 ὲκ
1898 1536 2011 1586 Πα-

435 1620 566 1687 τρὶς
583 1622 911 1690 γεννηθέντα
942 1624 1044 1694 πρὸ
1075 1625 1286 1678 πάντων
1316 1625 1425 1678 τῶν
1445 1626 1656 1680 αἰώνων
1684 1627 1817 1680 Θεὸν
1838 1627 2012 1694 Λόγον

438 1711 525 1765 ἐπ’
556 1715 801 1782 ἐσχάτων
825 1714 934 1767 τῶν
959 1717 1168 1788 χρόνων
1198 1716 1256 1781 ἐξ
1304 1717 1474 1788 αὑτῆς
1511 1719 1860 1788 σαρκωθέντα
1882 1735 2005 1787 γεν-

2123 529 2387 599 partibus.
2424 530 2609 586 Partes
2626 531 2768 585 enim
2789 531 2987 587 Christl
3014 540 3141 588 sunt
3163 531 3412 586 divinitas
3435 543 3488 585 et
3509 533 3697 589 huma-

2124 623 2281 683 nitas.
2323 639 2387 678 ex
2433 623 2645 690 quibus,
2691 633 2744 678 et
2784 623 2836 678 in
2877 624 3072 694 quibus
3111 624 3378 680 consistit.
3430 624 3694 680 Praeterea

2123 731 2280 768 nnant
2315 716 2403 768 Dei
2439 717 2596 770 Verbi
2627 726 2873 771 naturam
2919 731 3137 771 carnem
3168 716 3536 786 assumpsisse
3578 716 3696 769 ani-

2123 817 2315 861 matant
2364 808 2545 862 anima
2578 817 2755 863 mente
2802 809 3112 878 rationeque
3163 810 3386 879 praedita
3431 808 3610 862 dicere
3639 816 3696 862 et

2121 900 2412 969 praedicare
2459 900 2745 956 didicimus
2775 916 2838 956 ex
2869 897 3115 956 doctrina
3147 899 3320 956 sancti
3373 899 3581 967 Cyrilli,
3636 907 3696 951 ut

2117 1004 2182 1042 ex
2207 1003 2270 1042 eo
2303 988 2443 1058 quod
2469 987 2700 1043 dicimus
2735 1002 2949 1043 carnem
2987 987 3368 1056 assumpsisse,
3403 985 3692 1040 essentiam

2120 1091 2324 1134 naturze
2352 1090 2549 1135 nostra:
2573 1080 2773 1134 illatam
2810 1080 3191 1150 intelligamus.
3241 1079 3487 1148 Itemque
3536 1076 3698 1130 unius

2117 1177 2169 1221 et
2192 1167 2428 1235 ejusdem
2448 1165 2647 1222 Christi
2669 1177 2776 1219 tam
2795 1166 3076 1231 miracula,
3098 1179 3258 1235 quam
3279 1165 3552 1239 cruciatus
3577 1176 3695 1215 esse

2118 1259 2366 1324 dicimus,
2388 1259 2631 1328 duosque
2668 1258 2909 1326 ejusdem
2938 1269 3110 1323 ortus,
3150 1271 3312 1311 unum
3349 1265 3472 1309 ante
3498 1253 3689 1308 sarcula

2116 1353 2235 1405 sine
2262 1366 2490 1420 corpore
2537 1367 2605 1406 cx
2663 1351 2844 1417 Patre,
2875 1360 2930 1406 et
2955 1350 3180 1404 alterum
3229 1350 3284 1403 iu
3337 1357 3578 1416 tempore
3625 1361 3693 1400 ex

2118 1440 2282 1495 Mure
2304 1452 2356 1496 et
2373 1440 2598 1513 Virgine
2623 1443 2830 1497 ratiOue
2848 1457 3105 1511 corporea
3129 1452 3296 1510 atque
3317 1440 3552 1494 humana
3581 1456 3594 1502 ;
3625 1453 3692 1493 ex

2117 1549 2224 1602 quo
2256 1535 2485 1588 maxime
2519 1545 2573 1588 et
2606 1547 2729 1590 vere
2775 1533 2992 1603 proprie
3023 1534 3192 1603 ipsam
3247 1533 3337 1587 Dei
3367 1531 3693 1587 Genitricetn

2119 1624 2458 1689 confitemur,
2517 1635 2574 1680 ut
2608 1639 2728 1694 qua:
2749 1626 2989 1692 genitum
3020 1634 3146 1679 ante
3193 1623 3390 1678 saecula
3449 1638 3515 1677 ex
3538 1621 3698 1677 Patre

2121 1711 2286 1767 Deum
2310 1713 2566 1779 Verbum,
2588 1715 2640 1768 in
2669 1715 2931 1770 extremis
2958 1715 3289 1784 temporibus
3317 1725 3384 1767 ex
3423 1713 3540 1781 ipsa
3575 1727 3698 1766 car-

435 1805 701 1870 νὴσασαν.
738 1806 882 1859 Μίαν
915 1807 970 1859 δὲ
1000 1809 1160 1875 φύσιν
1190 1809 1442 1862 σύνθετον
1464 1810 1556 1863 τὸν
1599 1809 1834 1881 Χριστὸν
1866 1826 2001 1863 παν-

2126 1820 2228 1858 tem
2256 1817 2622 1861 assumentem
2641 1806 2910 1884 genuerit.
2927 1808 2996 1858 At
3023 1813 3270 1858 naturam
3293 1816 3452 1856 uuam
3476 1815 3696 1869 compo-

435 1895 608 1958 τελῶς
623 1892 1034 1968 παραιτούμεθα
1049 1899 1228 1969 λέγειν
1248 1901 1307 1953 ού
1327 1903 1485 1970 μόνον
1505 1901 1591 1954 διὰ
1607 1902 1704 1963 τὰς
1722 1902 2018 1971 εἰρημένας

435 1986 637 2052 αἰτίας,
658 1989 774 2041 ἀλλ’
796 1991 876 2042 δτι
902 1992 997 2042 καὶ
1019 1991 1204 2060 μηδεὶς
1233 1992 1462 2045 καθόλου
1481 1991 1588 2046 τῶν
1615 1993 1883 2065 ὲγκρίτων
1908 1993 2017 2045 Πα-

437 2079 612 2148 τέρων
636 2082 909 2149 πέφανται
941 2083 1102 2153 μέχρι
1132 2083 1223 2136 τοῦ
1255 2085 1411 2152 δεῦρο
1433 2085 1638 2154 ταύτην
1657 2085 1891 2156 εἰρηκὼς
1917 2084 2016 2156 τὴν

438 2171 644 2241 φωνὴν,
661 2174 755 2226 καὶ
784 2175 860 2235 ὡς
889 2176 1171 2246 προδήλως
1206 2177 1594 2247 Λπολ).ιναρίου
1615 2178 1709 2232 τοῦ
1735 2176 2014 2248 αἱρετικοῦ

442 2261 537 2315 καὶ
581 2262 689 2316 τῶν
721 2265 884 2319 αὐτοῦ
915 2269 1189 2337 φοιτητῶν
1219 2269 1573 2340 ὑπάρχουσαν
1609 2263 1875 2340 γέννημα.

607 2356 716 2411 Τοῦ
750 2360 937 2412 αὑτοῦ
967 2360 1099 2426 περὶ
1130 2360 1422 2416 συνθέτοι
1457 2362 1871 2428 ὑποστάσεως.

516 2446 579 2501 Εἰ
609 2447 684 2509 δὲ,
721 2451 802 2502 ότι
834 2451 982 2502 πᾶσα
1012 2450 1311 2514 ὑπόστασις
1345 2451 1595 2512 σύνθετος
1626 2454 1793 2524 ἑαυτῇ
1831 2470 1887 2506 τε
1919 2454 2013 2507 καὶ

441 2539 689 2610 ἀλλήλοις
716 2541 782 2593 τὰ
821 2540 930 2594 ῐδια
977 2541 1118 2613 μέρη
1157 2543 1426 2614 ὀμόχρονα
1471 2543 1671 2614 σχοῦσα
1701 2545 2011 2608 δείκνυται,

444 2631 742 2684 ὑπόστασιν
793 2633 848 2686 δὲ
902 2633 1156 2686 σύνθετον
1209 2630 1346 2687 εἶναι
1399 2635 1580 2702 λέγειν
1632 2635 1724 2688 τὶν
1777 2635 2011 2704 Χριστὸν

445 2722 544 2774 οὐκ
573 2722 924 2792 ἀρνούμεθα,
976 2725 1184 2778 εἴποιεν
1229 2727 1324 2778 καὶ
1369 2727 1515 2795 ἡμᾶς
1550 2729 1597 2780 οἰ
1641 2727 2012 2796 ἀντιλέγοντες

449 2812 526 2884 μὴ
553 2812 813 2867 δύνασθαι
847 2815 946 2885 τὴν
981 2817 1072 2868 ἐπὶ
1116 2815 1290 2886 τούτῳ
1325 2816 1546 2888 μομφὴν
1589 2817 2009 2884 ἑκτινάξασθαι,

445 2905 523 2966 ὡς
576 2907 688 2968 τοῖς
739 2904 890 2969 ίδίοις
929 2906 1239 2970 ἑαλωκότας
1296 2906 1508 2974 λόγοις⁹
1562 2908 1741 2979 φαμὲν
1795 2907 2010 2977 ἀληθῶς

445 2991 620 3056 οὕτως
657 2992 805 3061 ἔχειν
826 3032 840 3057 ,
894 2995 1052 3064 είπερ
1085 2995 1338 3047 σύνθετον
1366 2990 1525 3058 εἶναι,
1554 2993 1629 3057 ὡς
1676 2989 1814 3055 είδος
1843 2992 2013 3062 αὐτῆς

447 3085 864 3158 κατηγοροῦμεν
893 3085 1120 3156 ἔχουσαν
1155 3085 1545 3155 ὑποτιθέμεθα.
1594 3085 1711 3138 Νῦν
1770 3084 1828 3137 δὲ
1853 3083 2012 3137 τοῦτο

449 3179 526 3249 μὴ
552 3178 807 3247 λέγοντες
826 3218 840 3242 ,
875 3177 1130 3247 οὐδαμῶς
1158 3177 1259 3248 τὴν
1287 3176 1499 3230 οἱανοῦν
1527 3176 1722 3244 ἕξομεν
1767 3174 2022 3247 μομφὴν,-

446 3269 636 3339 σαφῶς
684 3268 1043 3337 γινώσκοντες
1089 3268 1165 3338 μὴ
1216 3268 1283 3321 δι’
1321 3269 1523 3336 ἑαυτὴν
1573 3267 1824 3321 σύνθετον
1872 3263 2021 3332 εἶναι,

445 3365 628 3416 πᾶσαν
681 3361 934 3414 σύνθετον
983 3361 1284 3414 ὑπόστασιν
1330 3360 1428 3431 τὴν
1489 3360 1597 3414 ὑπό
1649 3377 1700 3413 τι
1755 3352 2028 3412 τελοῦσαν

445 3451 608 3516 είδος,
663 3451 801 3505 ἀλλὰ
849 3450 939 3505 διὰ
981 3449 1084 3522 τὴν
1129 3449 1294 3518 φύσιν
1327 3451 1428 3520 τὴν
1475 3450 1856 3521 περιέχουσαν,
1887 3439 2028 3503 ὅταν

448 3544 699 3606 σύνθετος
748 3537 806 3617 ᾗ,
857 3543 954 3598 καὶ
1007 3544 1068 3596 τὸ
1119 3543 1600 3613 κατηγορούμενον
1653 3537 1812 3604 εἶδος,
1869 3540 1958 3606 ὑφ’
1987 3538 2016 3590 δ

445 3633 741 3703 ἀνάγεσθαι
772 3633 1038 3701 πέφυκεν,
1083 3631 1157 3694 ὡς
1203 3631 1296 3684 τοῦ
1333 3631 1560 3700 μερικοῦ
1584 3672 1598 3695 ,
1625 3631 1794 3698 ῆγουν
1822 3627 2013 3690 ἰδικοῦ,

445 3729 568 3781 ὅλον
596 3727 810 3796 ἔχοντος
843 3728 900 3778 ὲν
937 3722 1116 3793 ἑαυτῷ
1160 3723 1221 3776 τδ
1252 3723 1480 3776 καθόλου
1506 3761 1521 3786 ,
1570 3722 1690 3791 ἦτοι
1722 3721 1784 3772 τὸ
1815 3719 2013 3780 κοινὸν,

448 3819 544 3871 καὶ
591 3819 808 3886 γενικδν
847 3817 1261 3885 πληρέστατον,
1303 3813 1398 3866 τοῦ
1426 3813 1484 3867 δὲ
1519 3813 1650 3866 ἰδίου
1694 3813 1754 3865 τὺ
1795 3811 2017 3864 σύνολον

446 3910 610 3975 λόγου
661 3909 740 3978 τῷ
788 3906 994 3975 γενικῷ
1051 3905 1428 3974 μεταδιδόντος
1470 3905 1643 3960 οὐδέν,
1699 3905 1881 3974 Ὅπερ
1925 3903 2018 3956 ἐπὶ

449 3997 690 4067 Χριστοῦ
725 3995 899 4056 οὐδεὶς
927 3995 1181 4064 οὐδαμῶς
1214 3994 1324 4046 τῶν
1351 3993 1620 4047 ἀνέκαθεν
1650 3993 1842 4063 μέχρις
1857 3993 2018 4062 ἡμῶν

449 4088 754 4156 γενομένων
783 4085 876 4140 τοῦ
910 4086 1072 4154 λόγου
1115 4088 1224 4153 τῆς
1247 4083 1532 4148 εὐσεϐείας
1563 4085 1862 4154 ὑφηγητῶν
1893 4101 2019 4154 φρο-

447 4180 555 4233 νῶν
582 4178 966 4250 ἀνηγόρευται.
1023 4178 1110 4244 ἐφ’
1137 4170 1197 4230 οὗ
1235 4175 1361 4230 οὔτε
1415 4176 1573 4244 γένος
1617 4174 1738 4228 οὔτε
1769 4172 1909 4238 εἶδος
1942 4176 2017 4238 ὡς

446 4270 686 4342 Χριστοῦ
718 4269 1200 4338 κατηγορούμενον
1245 4269 1430 4338 εὑρεῖν
1481 4285 1564 4332 τις
1591 4269 1904 4336 δυνήσεται.
1939 4271 2014 4322 Οὐ

447 4364 557 4431 γὰρ
579 4361 794 4430 φύσεως
820 4359 961 4428 λόγῳ
995 4361 1132 4429 πρὸς
1163 4360 1310 4428 ἡμᾶς
1333 4358 1420 4411 διὰ
1441 4358 1643 4428 σαρκὸς
1671 4360 1699 4412 ό
1721 4359 2013 4428 θεαρχικὸς

2117 1897 2270 1950 sitam
2286 1897 2560 1952 Christum
2592 1896 2772 1952 dicere
2805 1896 3030 1952 omnino
3050 1910 3382 1959 recusamus,
3401 1908 3504 1949 non
3524 1891 3699 1948 solum

2116 1995 2337 2055 propter
2349 2001 2570 2055 causas,
2582 2003 2718 2058 quas
2735 1987 2996 2048 diximus,
3015 2001 3198 2040 verum
3222 1986 3382 2038 etiam
3400 1984 3522 2053 quia
3543 1997 3699 2036 nemo

2116 2077 2331 2132 Patrum
2357 2080 2706 2148 probatorum
2728 2079 2956 2134 adhunc
2986 2092 3158 2146 usque
3186 2078 3326 2131 diem
3353 2091 3539 2130 vocent
3563 2073 3760 2144 banegg

2115 2173 2403 2240 protulisse
2433 2173 2878 2242 deprehenditur,
2899 2183 2952 2226 et
2981 2171 3236 2242 quoniam
3269 2169 3337 2222 ab
3364 2165 3697 2236 Apollinario

2113 2271 2168 2316 et
2218 2262 2501 2331 discipulis
2543 2261 2663 2331 ejus
2713 2255 2994 2330 perspicue
3044 2260 3257 2315 videtur
3284 2271 3404 2312 esse
3433 2255 3697 2326 profecta.

2436 2355 2684 2422 Ejusdem
2714 2355 2778 2408 de
2807 2369 3027 2422 persona
3059 2352 3374 2420 composita.

2187 2448 2457 2512 \'erum,si
2479 2450 2734 2516 quoniam
2759 2446 2936 2500 omnis
2985 2456 3219 2515 persona
3250 2440 3546 2510 composita
3577 2453 3698 2504 pro-

2112 2543 2260 2610 prias
2291 2552 2495 2610 partes,
2524 2548 2578 2616 et
2611 2554 2792 2596 secum
2825 2547 2879 2594 et
2911 2539 3056 2593 inter
3084 2537 3234 2606 ipsas
3281 2533 3526 2602 ejusdem
3561 2541 3697 2582 lettt-

2113 2635 2259 2707 poris
2297 2635 2496 2689 habere
2552 2632 2997 2703 deprehenditur,
3037 2644 3138 2685 nos
3191 2635 3369 2682 autem
3423 2622 3701 2677 Christum

2113 2741 2400 2798 personam
2421 2740 2547 2782 esse
2575 2724 2934 2795 compositam
2971 2723 3157 2776 dicere
3208 2734 3315 2773 non
3358 2727 3699 2770 recusamus,

2113 2828 2392 2890 propterea
2427 2833 2526 2876 nos
2570 2816 2868 2872 adversarii
2917 2813 3152 2884 propriis
3181 2809 3369 2876 captos
3404 2803 3726 2860 rationibus

2113 2913 2588 2982 reprehensionem
2622 2911 2794 2964 vitare
2825 2921 2982 2978 posse
3007 2902 3350 2972 negaverint,
3401 2893 3700 2965 responde-

2113 3003 2311 3067 bintus,
2332 3017 2460 3057 vere
2485 3002 2562 3056 sic
2595 3016 2708 3056 rem
2745 2995 3136 3062 habituram,si
3161 2989 3542 3061 compositam,
3584 2996 3704 3039 tan-

2117 3109 2278 3165 quam
2307 3092 2698 3163 speciem,qu:e
2715 3091 2783 3146 de
2804 3090 2918 3160 ipsa
2947 3089 3239 3148 diceretur,
3267 3083 3708 3140 habentcmcnny

2115 3188 2450 3241 cederemus.
2486 3184 2640 3248 Nunc
2665 3193 2846 3240 autem
2889 3180 3029 3237 haud
3065 3181 3147 3234 ita
3190 3177 3482 3246 loquimur.
3527 3173 3709 3238 itaque

2119 3278 2169 3332 in
2205 3277 2403 3333 nullam
2435 3277 2728 3349 incidimus
2780 3273 3279 3345 reprehensionem.
3312 3267 3526 3322 Scimus
3559 3263 3706 3324 enim

2116 3372 2272 3440 plane
2295 3385 2506 3426 omnem
2527 3383 2811 3440 personam
2842 3366 3193 3435 compositam
3241 3360 3344 3416 sub
3371 3355 3550 3427 specie
3577 3367 3709 3410 con-

2118 3466 2369 3522 stitutam
2423 3477 2532 3516 non
2586 3463 2672 3516 stti
2707 3460 2880 3530 ipsam
2929 3457 3141 3511 ratione
3173 3453 3532 3524 compositam
3559 3459 3705 3503 esse.

2119 3555 2213 3609 scd
2268 3562 2488 3624 propter
2545 3561 2827 3612 naturam,
2879 3561 3035 3616 quat,
3068 3560 3192 3600 cum
3251 3543 3322 3597 sit
3380 3537 3702 3608 composita.

2117 3647 2281 3700 etiam
2324 3644 2562 3712 speciem
2611 3654 2734 3709 quae
2784 3637 3111 3707 praedicatur
3164 3633 3465 3693 contineat,
3504 3637 3556 3682 et
3597 3625 3704 3680 sub

2118 3751 2282 3806 quam
2335 3734 2414 3786 illi
2445 3738 2820 3802 comparatum
2861 3734 2946 3782 est
2981 3733 3040 3780 ut
3089 3723 3719 3784 reducatur;tanquam.

2120 3825 2383 3879 nimirum
2419 3822 2780 3894 particulare,
2815 3833 2912 3872 seu
2945 3815 3247 3888 singulare,
3279 3809 3542 3882 quidquid
3578 3808 3704 3861 ttni-

2120 3916 2330 3970 versale
2360 3923 2443 3970 est
2483 3929 2581 3971 seu
2607 3926 2896 3968 commune
2930 3923 2996 3964 ac
3058 3907 3373 3978 genericatu
3416 3903 3468 3956 in
3501 3916 3561 3957 se
3591 3900 3704 3970 ple-

2122 4010 2409 4066 nissimum
2457 4008 2675 4070 haheat,
2709 4019 2810 4060 nec
2857 4002 3151 4074 quidquam
3207 4011 3435 4068 prorsus
3467 4009 3581 4048 sua:
3616 4006 3707 4044 ra-

2125 4103 2293 4160 tionis
2352 4098 2665 4164 universali,
2705 4111 2772 4152 ac
2803 4095 3060 4165 generico
3111 4091 3316 4145 tribuat
3363 4104 3376 4140 :
3411 4085 3553 4156 quod
3586 4085 3709 4160 quis

2121 4197 2240 4250 dem
2285 4195 2352 4249 de
2395 4190 2609 4246 Christo
2661 4202 2818 4243 nemo
2847 4199 3068 4256 prorsus
3103 4196 3289 4238 eorum
3319 4180 3406 4250 qui
3459 4178 3526 4230 ad
3572 4179 3711 4231 hanc

2123 4295 2518 4358 usquea-tatem
2545 4282 2765 4355 pietatis
2790 4280 3095 4335 doctrinam
3129 4269 3465 4330 tradiderunt
3513 4270 3711 4332 tuentis

2123 4395 2341 4448 compos
2380 4376 2594 4432 dixerit.
2625 4373 2698 4430 De
2725 4387 2832 4444 quo
2872 4380 2930 4426 ut
2972 4371 3037 4426 de
3061 4368 3278 4424 Christo
3329 4379 3489 4419 nemo
3545 4375 3715 4428 neque

448 4455 620 4521 Λόγος
650 4451 1009 4522 ἑνεδήμησεν,
1038 4450 1173 4504 ἀλλὰ
1223 4451 1409 4520 τρόπῳ
1441 4451 1758 4520 οἰκονομίας
1803 4449 2017 4503 ἀνελλι-

2127 4490 2293 4545 genus
2319 4486 2495 4540 neque
2524 4468 2758 4540 speciem
2795 4465 2899 4521 dici
2928 4462 3268 4533 contperiet;
3307 4473 3416 4512 non
3445 4457 3590 4510 enim
3616 4466 3716 4515 nas

449 4548 568 4608 πῶς
599 4543 778 4614 ἑαυτῷ
836 4543 958 4597 καθ’
986 4542 1288 4595 ὑπόστασιν
1316 4541 1548 4607 ἑνώσας,
1597 4543 1698 4613 τὴν
1739 4543 2026 4612 ἡμετέραν

447 4636 760 4690 ἀνεκαίνισε
809 4633 996 4702 φύσιν.
1047 4635 1210 4686 Ὥστε
1254 4636 1408 4688 οὐδὲν
1457 4634 1642 4688 αὐτῶν
1674 4637 1784 4705 ιτῆς
1815 4637 2021 4708 πολλῆς

448 4727 730 4798 περινοίας
760 4725 1068 4790 ἀπώναντο,
1106 4725 1272 4779 πάλιν
1299 4726 1380 4790 είς
1407 4729 1469 4779 τὸ
1518 4727 1705 4792 ποσὸν,
1744 4728 1883 4796 ὅπερ
1925 4745 2024 4780 πε-

449 4820 707 4891 φεύγασι,
743 4820 1182 4889 περιτραπέντος
1227 4821 1412 4880 αὐτοῖς
1451 4821 1546 4873 τοῦ
1603 4821 1792 4888 σοφοῦ,
1821 4822 1898 4885 ὡς
1951 4821 2026 4894 μὴ

447 4911 766 4980 δυναμένοις
791 4909 904 4962 οὐδ’
927 4909 1099 4980 αὐτὴν
1121 4909 1225 4979 τὴν
1253 4909 1311 4962 ιν
1332 4909 1410 4980 τῷ
1441 4909 1583 4981 ποιῷ
1610 4911 1878 4982 διαφορὰν
1896 4914 2025 4968 ἄνευ

451 5002 618 5057 ποσοῦ
650 4998 804 5055 εἶναι.
821 5001 1022 5069 λέγειν.
1057 5000 1297 5070 Ἀνάγκη
1317 5001 1427 5071 γὰρ
1457 5003 1608 5056 πᾶσα
1630 5003 1836 5067 πολλὰς
1863 5000 2026 5072 εἶναι,

449 5094 483 5164 ἢ
515 5093 578 5145 τὸ
605 5092 826 5163 μέτριον
853 5091 968 5158 δύο,
995 5084 1072 5147 ὧν
1102 5092 1203 5160 τὴν
1246 5092 1512 5162 διαφορὰν
1533 5087 1675 5147 εἶναι
1703 5094 2028 5163 ὑπολαμϐά-

450 5203 626 5239 νουσι.
677 5186 866 5256 Μόνην
894 5184 1007 5254 γὰρ
1052 5184 1320 5254 ποιότητα
1360 5182 1498 5255 πρὸς
1545 5185 1714 5256 ἄλλην
1747 5186 2032 5250 παντελῶς

449 5278 667 5349 ἀμιγῶς
695 5275 930 5346 ιχουσαν
977 5280 1115 5346 πρὸς
1163 5275 1365 5345 ἑαυτὴν
1399 5277 1682 5346 διαφέρειν
1704 5279 1806 5331 οὐκ
1849 5278 1916 5332 ἄν
1945 5294 2031 5342 τις

450 5368 578 5424 νοῦν
593 5367 734 5438 ιχων
759 5368 908 5422 εἴποι
947 5367 1098 5420 ποτε,
1131 5368 1338 5421 Λοιπὸν
1362 5363 1456 5422 οὗν
1482 5368 1515 5440 ἢ
1545 5371 1640 5423 καί¹
1685 5370 1858 5440 αὐτῆς
1891 5369 2030 5425 παύ-

453 5476 642 5515 σονται
676 5459 777 5530 τῆς
819 5458 982 5528 ψιλῆς
1015 5457 1282 5530 διαφορᾶς
1311 5497 1327 5522 ,
1359 5460 1529 5513 ποσοῦ
1588 5461 1810 5522 πάντως
1863 5459 2030 5514 τινῶν

449 5552 818 5621 διαφερόντων
869 5550 1176 5622 δηλωτικὴν
1228 5551 1397 5622 αὐτὴν
1448 5548 1613 5606 οὖσαν
1646 5552 1933 5623 μαθόντες.
1991 5551 2024 5623 ἦ

454 5642 554 5697 σὺν
587 5642 720 5712 ἡμίν
741 5643 841 5712 τῆς
865 5642 1124 5715 ἀληθείας
1147 5649 1246 5718 τὴν
1277 5645 1571 5714 ὁμολογίαν
1607 5645 2026 5712 καταδεξάσθωο

456 5751 558 5791 σαν
596 5734 676 5805 τῷ
709 5736 854 5806 λόγῳ
892 5738 994 5807 τῆς
1022 5740 1285 5812 διαφορᾶς
1327 5739 1434 5793 καῖ
1456 5739 1614 5810 μόνον
1642 5738 1776 5809 πρὸς
1823 5739 2024 5808 γνῶσιν

2127 4580 2256 4625 turre
2280 4564 2512 4630 ratione,
2539 4563 2605 4616 ad
2623 4577 2724 4616 nos
2749 4559 2841 4616 Dei
2862 4557 3100 4614 Verbum
3128 4571 3224 4624 per
3253 4565 3469 4607 carnem
3493 4548 3716 4600 descen-

2123 4657 2224 4721 dit,
2256 4655 2350 4710 sed
2384 4656 2592 4710 ratione
2638 4651 3058 4723 dispensationis
3095 4646 3198 4703 sibi
3241 4645 3360 4698 sine
3388 4637 3715 4694 detrimento

2126 4757 2377 4803 naturam
2396 4757 2636 4804 nostram
2663 4744 3015 4814 coniungens,
3041 4754 3162 4796 eam
3191 4733 3489 4792 renovavit.
3507 4729 3722 4795 Quanta

2125 4845 2311 4896 obrem
2347 4855 2536 4910 magna
2583 4837 2856 4893 dementia
2886 4849 2981 4890 sua
3030 4830 3162 4887 nihil
3189 4826 3560 4898 profecerunt,
3587 4834 3716 4875 (‘llttl

2128 4935 2366 5004 ipsorum
2382 4931 2643 5001 sapientia
2671 4931 2738 4984 ad
2765 4928 3148 4999 quantitatem,
3167 4937 3328 4993 quam
3355 4923 3714 4988 negaverunt,

2128 5025 2372 5088 redirrit,
2409 5022 2607 5092 quippe
2632 5021 2722 5090 qui
2780 5033 2846 5074 ne
2894 5019 3062 5089 ipsa
3093 5016 3308 5084 quidem
3367 5012 3422 5066 in
3450 5006 3714 5078 qualitate

2128 5115 2507 5182 diﬂerentiam,
2527 5115 2644 5170 sine
2667 5112 2970 5184 quantitate
2999 5113 3182 5164 dicere
3212 5104 3444 5160 valeant.
3476 5100 3712 5156 Necesse

2127 5211 2270 5267 enim
2303 5219 2408 5276 est,
2439 5217 2490 5261 ιιι
2524 5207 2704 5262 multa:
2735 5206 2872 5268 sint,
2905 5213 3000 5258 aut
3028 5203 3150 5258 dure
3183 5193 3710 5264 saltetuqualitatrs,

2131 5312 2190 5357 ut
2231 5301 2428 5358 dictum
2465 5308 2568 5363 est,
2638 5312 2864 5369 quarum
2923 5293 3282 5350 differentiam
3335 5286 3714 5349 constituant;

2129 5408 2290 5450 unam
2313 5392 2459 5448 enim
2483 5391 2820 5461 qualitatem,
2841 5403 2960 5456 quae
2978 5400 3098 5442 cum
3122 5383 3227 5438 alia
3280 5394 3503 5449 prorsus
3557 5377 3714 5432 tuis'a

2129 5502 2234 5542 non
2263 5487 2358 5551 sit,
2373 5499 2556 5541 secum
2575 5485 2742 5552 ipsam
2774 5480 3014 5544 differre,
3047 5491 3206 5534 nemo
3263 5488 3429 5529 sanus
3481 5483 3722 5540 umquam

2131 5579 2344 5635 dixerit.
2376 5576 2657 5645 Reliquum
2689 5575 2851 5644 igitur
2865 5582 2971 5636 est,
2996 5571 3148 5625 utvel
3175 5569 3242 5624 ab
3262 5567 3372 5636 ipsa
3402 5563 3544 5618 nuda
3568 5575 3720 5615 rere-

2129 5673 2260 5726 ἀηηι
2307 5667 2633 5731 όίίΐεῐριιιὶει,
2669 5681 2792 5732 cum
2838 5662 3159 5734 intelligant,
3197 5660 3370 5731 ipsam
3399 5652 3618 5712 omnino
3644 5651 3719 5705 si-

2129 5761 2381 5826 gniﬁcare
2439 5760 2740 5828 aliquorum
2783 5757 3160 5824 dtﬂcrenliam,
3200 5753 3571 5826 quantitatem,
3636 5735 3714 5799 vel
