4020 6214
427 271 564 339 1047

1651 278 2033 340 EUTllYMll
2071 267 2432 340 ZlGABENI

3528 285 3677 350 lOlS

500 392 578 447 Ad
604 392 738 454 haec,
790 405 1031 461 quonam
1065 403 1225 463 pacto
1288 407 1392 446 una
1452 393 1751 461 eademque
1800 400 1996 446 natura

2177 394 2297 457 ne,
2319 397 2376 449 δὲ
2405 398 2498 449 καὶ
2524 396 2622 466 μία
2649 395 2809 465 φύσις
2837 395 2948 450 τῶν
2976 395 3236 452 ἐναντίων
3253 396 3531 454 οὑσιωδῶν
3551 398 3673 452 δια.

429 487 737 541 substantia
756 485 892 539 lium
927 486 1354 542 dill'erentiarum
1380 495 1570 540 mutuo
1633 487 1991 555 pugnantium

425 591 596 644 capax
630 573 895 642 erit?Qui
927 576 1074 631 enim
1110 574 1224 628 ﬁeri
1250 581 1451 644 potest,
1486 576 1759 631 uteadem
1794 582 1992 630 natura

426 667 613 733 simul,
650 678 703 724 et
734 674 911 722 creata
941 666 1032 721 sit.
1065 674 1118 719 et
1143 666 1420 732 increata;
1466 665 1753 737 mortalis,
1813 674 1867 721 et
1896 668 1997 723 im-

431 759 708 827 mortalis;
738 758 1169 827 circumscripta,
1196 766 1251 814 et
1276 758 1793 831 iucircumscripta?

500 850 875 919 Menaphysita:
906 850 1174 904 Christum
1202 860 1424 922 utraque
1474 862 1669 907 natura
1696 854 1986 923 perfectum

432 941 687 1008 fatentur.
718 968 788 979 --
817 939 971 1005 Quod
1009 940 1052 994 si
1086 941 1250 994 etiam
1284 940 1567 996 Christum
1602 950 1811 997 natura;
1834 943 1995 999 unius

430 1047 550 1085 esse
574 1031 852 1094 dicentes,
893 1031 1201 1100 simplicem
1233 1033 1373 1086 hanc
1398 1048 1520 1088 esse
1578 1043 1852 1096 asserant,
1903 1043 1999 1089 aut

433 1120 642 1184 nudum
677 1119 828 1176 illum
862 1122 1027 1177 Deum
1087 1123 1518 1191 conﬁtebuntur,
1558 1139 1767 1196 proque
1817 1126 1999 1181 incar-

433 1210 655 1267 natione
678 1227 881 1267 meram
909 1212 1143 1281 speciem
1170 1214 1449 1277 inducent,
1498 1226 1591 1270 aut
1639 1226 1785 1273 certe
1832 1218 1996 1275 veluti

430 1303 733 1365 Nestorius.
772 1305 1041 1360 hominem
1075 1321 1288 1373 purum.

502 1394 998 1467 Mouoplrysitarum
1051 1411 1219 1462 error,
1286 1400 1423 1461 quod
1480 1409 1728 1455 naturam
1793 1420 1825 1456 a
1876 1419 1995 1473 per-

429 1502 560 1540 sona
608 1503 709 1540 non
761 1487 1112 1558 distinguant.
1141 1488 1432 1543 —Verum
1478 1491 1584 1545 hoc
1650 1490 1865 1547 demum
1915 1505 1998 1548 est

429 1579 574 1646 quod
618 1578 885 1633 ltazreticis
906 1578 1317 1637 crraudicausa
1350 1589 1456 1641 est.
1519 1583 1667 1653 quod
1737 1592 1986 1640 naturam

435 1681 490 1725 et
561 1671 896 1741 liypostasim
974 1687 1093 1729 esse
1150 1671 1291 1729 idem
1348 1682 1612 1731 statuant.
1696 1673 1811 1731 Etsi
1871 1689 1998 1728 vero

2100 484 2281 555 φορῶν
2314 486 2540 553 δεκτικὴ
2594 488 2919 556 γενήσεται;
2982 486 3108 551 Πῶς
3161 489 3271 559 γὰρ
3308 490 3537 543 δυνατὸν
3566 490 3671 559 τὴν

2099 577 2269 648 αὐτὴν
2308 577 2473 647 φύσιν
2502 578 2647 632 κατὰ
2674 579 2873 633 ταύτὸν
2903 578 3130 650 κτιστὴν
3182 576 3327 634 εἶναι
3376 584 3469 635 καὶ
3504 582 3663 636 ἄκτι·

2102 686 2247 731 στον.
2280 658 2479 741 θνητὴν
2511 671 2605 725 καὶ
2635 670 2925 737 ἀθάνατον,
2966 672 3361 743 περιγραπτὴν
3393 672 3487 727 καὶ
3517 675 3660 728 ἀπι-

2100 762 2404 834 ρίγραπτον
2436 780 2450 830 ;

2171 856 2232 909 Εί
2260 854 2317 908 δὲ
2353 858 2484 924 μιᾶς
2509 855 2761 925 λέγοντες
2794 857 2886 909 τὸν
2939 855 3175 926 Χριστὸν
3206 854 3450 925 φύσεως.
3484 857 3670 928 ἁπλῆν

2096 948 2301 1018 ταύτην
2328 948 2559 1013 εἴποιεν,
2592 952 2626 1019 ἣ
2654 950 2864 1020 γυμνὸν
2893 949 3060 1005 αὑτὸν
3091 947 3226 1003 Θεὸν
3247 949 3669 1019 ὁμολογήσουσι,

2098 1040 2195 1091 καὶ
2226 1042 2527 1107 φαντασίαν
2554 1043 2884 1108 είσάξουσιν,
2923 1042 3024 1098 οὑκ
3055 1042 3495 1116 ἔνανθρὼπησιν,
3520 1042 3555 1117 ἢ
3582 1043 3675 1113 ψι-

2098 1126 2189 1181 λὸν
2222 1128 2509 1202 ἄνθρωπον
2538 1132 2682 1188 κατα
2712 1132 3031 1205 Νεστόριον.

2186 1404 2346 1458 Ἀλλὰ
2380 1403 2537 1458 τοῦτό
2563 1406 2681 1458 ἐστι
2737 1406 2800 1459 τὸ
2849 1406 3041 1460 ποιοῦν
3089 1408 3204 1471 τοῖς
3238 1408 3534 1478 αίριτικοίς
3570 1408 3678 1480 τὴν

2103 1496 2337 1566 πλάνην,
2364 1496 2424 1548 τὸ
2454 1495 2618 1550 ταὺτὸ
2647 1495 2830 1564 λέγειν
2849 1496 2950 1567 τὴν
3001 1496 3189 1564 φύσιν,
3218 1499 3318 1550 καὶ
3371 1498 3472 1569 τὴν
3527 1499 3670 1553 ὑπό-

2104 1603 2321 1640 στασιν.
2391 1586 2612 1657 Ἐπειδὴ
2668 1586 2727 1639 δὲ
2790 1587 2923 1657 μίαν
2990 1586 3101 1642 τῶν
3145 1587 3456 1659 ἀνθρώπων
3505 1589 3675 1658 φύσιν

2106 1679 2311 1747 φαμὲν,
2343 1678 2516 1732 ίστέον
2553 1678 2629 1743 ὼς
2659 1678 2760 1732 οὑκ
2786 1679 3109 1751 ἀφορῶντες
3134 1681 3219 1744 είς
3242 1679 3333 1735 τὸν
3366 1681 3466 1750 τῆς
3495 1679 3679 1750 ψυχῆς

429 1774 597 1814 unam
630 1758 911 1815 hominum
950 1775 1074 1817 esse
1103 1759 1459 1823 dictitamus,
1492 1768 1550 1816 at
1583 1777 1693 1818 non
1725 1764 1908 1819 anima
1950 1773 2005 1819 et

2106 1765 2190 1820 ιιαὶ
2224 1763 2319 1819 τοῦ
2384 1763 2638 1835 σώματος
2693 1763 2873 1835 λόγον,
2928 1766 3087 1821 τοῦτο
3122 1766 3353 1838 λέγομεν
3373 1785 3387 1800 ο
3418 1770 3687 1825 ἀδύνατον

433 1864 664 1921 corpore
693 1851 991 1919 spectatis;
1023 1866 1149 1906 cmn
1186 1853 1301 1909 ﬁeri
1336 1869 1438 1910 non
1473 1853 1681 1925 possit,
1712 1861 1770 1909 ut
1795 1869 1998 1924 corpus

2106 1854 2213 1923 γὰρ
2243 1856 2369 1925 μιᾶς
2398 1855 2610 1922 φύσεως
2633 1856 2813 1926 λέγειν
2839 1856 2941 1927 τὴν
2961 1856 3139 1927 ψυχὴν
3163 1859 3259 1912 καὶ
3277 1860 3340 1912 τὸ
3360 1859 3518 1931 σῶμα
3548 1863 3688 1933 πρὸς

434 1947 486 1991 οι
511 1939 749 1993 animam
780 1941 946 2013 simul
970 1947 1340 2012 comparando
1366 1946 1532 2000 unius
1553 1961 1618 2001 ea
1639 1959 1767 2001 esse
1788 1954 2000 2000 natura:

2106 1946 2303 2018 ἄλληλα
2334 1949 2759 2019 συγκρινόμενα.
2820 1948 2962 2001 Ἀλλ’
3013 1950 3203 2022 ἐπειδὴ
3262 1950 3513 2004 πλεῖσται
3550 1952 3687 2004 ὑπο-

434 2027 766 2083 allirmemus
795 2048 806 2083 :
841 2030 933 2085 sed
967 2031 1096 2101 quia
1131 2032 1376 2102 plurima:
1415 2033 1697 2089 hominum
1731 2034 1994 2105 hyposta-

329 2142 353 2187 ge
435 2136 526 2174 ses
576 2127 630 2174 et
677 2134 923 2190 personae
980 2131 1146 2189 sunt,
1194 2124 1439 2180 eamdem
1490 2139 1683 2180 omnes
1730 2125 1998 2180 rationem

435 2220 648 2266 natura:
683 2211 973 2280 recipiunt.
1007 2213 1208 2270 Omnes
1237 2215 1441 2288 quippe
1473 2229 1705 2286 corpore
1737 2227 1789 2271 et
1820 2217 2002 2270 anima

432 2309 726 2373 constant,
758 2316 1093 2373 omnesque,
1137 2319 1263 2359 cum
1306 2307 1501 2361 anima:
1541 2315 1793 2362 naturam
1835 2307 2005 2378 parti-

435 2393 658 2461 cipant,
694 2401 806 2448 tum
839 2396 1091 2466 corporis
1141 2396 1510 2453 substantiam
1569 2397 1808 2462 habent,
1852 2412 2005 2451 com-

439 2497 772 2555 munemque
799 2485 1060 2555 speciem.
1094 2486 1215 2553 Quo
1251 2487 1308 2541 lit
1340 2494 1401 2541 ut
1430 2487 1789 2558 plurimarum
1825 2484 2007 2541 diver-

437 2588 733 2644 sarumque
785 2591 1144 2646 personarum
1205 2593 1367 2633 unam
1418 2588 1670 2634 naturam
1720 2578 2005 2641 dicamus,

437 2680 560 2719 cum
591 2666 843 2723 videlicet
890 2669 1120 2740 singulae
1148 2686 1397 2740 personae
1426 2672 1698 2743 duplicem
1745 2678 1997 2725 naturam

440 2756 708 2823 habeant,
742 2766 795 2814 et
839 2759 895 2814 in
936 2759 1154 2816 duabus
1200 2763 1446 2829 naturis,
1497 2762 1746 2832 corporis
1795 2760 2007 2818 scilicet

437 2854 492 2900 et
520 2847 720 2904 animae
738 2891 754 2917 ,
786 2857 1006 2908 exstare
1031 2860 1382 2909 censeantur.

504 2952 571 3006 At
601 2968 731 3009 vero
761 2951 806 2985 “
839 2952 897 3008 in
928 2950 1161 3007 Domino
1206 2958 1398 3008 nostro
1446 2951 1576 3009 Jesu
1621 2950 1844 3007 Christo
1901 2966 2010 3008 non

2104 2038 2327 2101 στάσεις
2367 2037 2475 2091 τῶν
2532 2039 2835 2110 ἀνθρώπων
2876 2040 3003 2106 εἰσὶ,
3037 2041 3240 2104 πάντες
3289 2041 3349 2095 δὲ
3382 2042 3474 2095 τὸν
3519 2042 3687 2094 αὑτὸν

2105 2127 2447 2199 ἐπιδέχονται
2472 2128 2630 2197 λόγον
2648 2129 2744 2199 τῆς
2768 2128 2984 2198 φύσεως
3005 2145 3019 2160 ·
3048 2130 3251 2193 πάντες
3278 2130 3388 2201 γὰρ
3424 2131 3489 2183 ὲκ
3506 2129 3689 2201 ψυχῆς

2107 2221 2213 2273 είσι
2247 2220 2673 2289 συντεθειμένοι,
2717 2220 2812 2273 καὶ
2868 2219 3143 2291 σώματος,
3177 2220 3273 2274 καὶ⁸
3324 2223 3529 2285 πάντες
3583 2223 3688 2291 τῆς

2106 2308 2321 2379 φύσεως
2348 2309 2445 2378 τῆς
2481 2306 2660 2378 ψυχῆς
2684 2307 3040 2378 μετειλήφασι
3066 2346 3081 2372 ,
3117 2310 3213 2364 καὶ
3245 2311 3344 2381 τὴν
3370 2311 3559 2365 οὑσίαν
3585 2309 3688 2364 τοῦ

2107 2399 2356 2471 σώματος
2384 2400 2716 2470 κέκτηνται,
2766 2401 2861 2454 καὶ
2885 2400 2946 2454 τὸ
2973 2400 3151 2455 κοινὸν
3180 2397 3318 2466 εἶδος
3338 2419 3354 2434 ·
3391 2402 3500 2455 τῶν
3532 2400 3691 2455 πλεί-

2109 2506 2249 2544 στων
2290 2490 2385 2544 καὶ
2418 2488 2692 2560 διαφόρων
2713 2490 3065 2545 ὑποστάσεων
3108 2490 3239 2561 μίαν
3264 2490 3429 2559 φύσιν
3460 2507 3535 2558 φα
3547 2491 3685 2559 μέν’

2110 2581 2348 2653 ἑκάστης
2395 2580 2597 2653 δηλαδὴ
2645 2581 2996 2644 ὑποστάσεως
3040 2580 3134 2635 δύο
3178 2580 3370 2650 φύσεις
3418 2582 3679 2651 ἐχούσης,

2107 2672 2203 2726 καὶ
2234 2674 2290 2725 ὲν
2315 2671 2438 2725 δυσὶ
2467 2671 2730 2742 τελούσης
2755 2672 2875 2735 ταῖς
2908 2671 3126 2741 φύσεσι,
3158 2671 3334 2743 ψυχῆς
3365 2670 3534 2741 λέγω,
3589 2669 3690 2725 καὶ

2114 2764 2387 2835 σώματος.

2184 2946 2308 3000 Ἐπὶ
2332 2948 2389 3002 δὲ
2421 2948 2513 3002 τοῦ
2537 2948 2742 3019 Κυρίου
2773 2948 2930 3019 ἡμῶν
2963 2948 3141 3020 Ἰησοῦ
3169 2948 3408 3022 Χριστοῦ
3431 2950 3533 3003 οὑκ
3565 2948 3685 3002 ἔστι

434 3053 615 3117 potest
650 3044 824 3115 accipi
856 3043 1166 3101 communis
1201 3043 1437 3114 species.
1469 3043 1657 3113 Neque
1688 3042 1836 3098 enim
1869 3040 2005 3107 fuit,

2106 3039 2276 3094 κοινὸν
2314 3037 2452 3106 εἶδος
2496 3042 2702 3099 λαϐεῖν.
2741 3040 2882 3097 Οὔτε
2933 3042 3041 3114 γὰρ
3070 3041 3309 3111 ἐγένετο,
3349 3043 3471 3097 οὑδέ
3501 3044 3678 3109 ἐστιν,

437 3152 536 3190 nec
565 3145 651 3192 est
676 3177 691 3201 ,
721 3150 823 3191 nec
852 3150 1094 3205 unquam
1128 3133 1234 3190 erit
1266 3134 1411 3189 alius
1440 3134 1696 3189 Christus
1721 3148 1786 3188 ex
1813 3133 2005 3189 deitate

2106 3130 2222 3187 οὔτε
2248 3132 2380 3186 ποτὲ
2425 3134 2717 3205 γενήσεται
2766 3133 2924 3197 ἄλλος
2956 3134 3192 3205 Χριστὸς
3220 3134 3285 3187 ὲκ
3315 3132 3569 3204 θεότητος
3616 3150 3681 3185 τε

433 3234 489 3280 et
523 3225 901 3287 humanitate,
938 3224 1103 3295 inque
1146 3223 1350 3279 deitate
1393 3231 1448 3278 ct
1489 3222 1837 3278 humanitate
1867 3222 2008 3278 idem

434 3316 711 3385 perfectus
745 3314 890 3370 Deus
912 3354 926 3380 ,
951 3322 1006 3370 et
1038 3313 1318 3384 perfectus
1354 3315 1537 3368 homo.
1571 3312 1706 3366 llinc
1739 3312 1830 3379 tit,
1867 3320 1926 3367 ut
1956 3322 2007 3368 in

436 3405 666 3459 Domino
696 3413 890 3460 nostro
920 3402 1049 3459 Iesu
1100 3403 1320 3459 Christo
1369 3414 1564 3457 natura
1619 3418 1726 3456 una
1777 3403 2009 3457 dicenda

394 3506 544 3551 anon
580 3498 688 3563 sit,
723 3506 777 3551 ut
811 3496 1003 3551 eodem
1040 3495 1205 3549 modo
1235 3495 1301 3548 de
1336 3494 1558 3548 Christo
1589 3494 1682 3563 qui
1718 3509 1783 3548 ex
1811 3493 2011 3549 deitate

434 3597 490 3643 et
520 3587 864 3642 immanitate
890 3587 1229 3656 compositus
1256 3594 1337 3640 est
1361 3624 1374 3647 ,
1407 3576 1717 3655 loquamur,
1747 3584 1914 3640 veluti
1944 3584 2013 3641 de

434 3679 724 3735 individuo
754 3678 900 3748 quod
934 3690 1164 3745 corpore
1197 3685 1251 3731 et
1283 3676 1465 3729 anima
1501 3683 1737 3729 constat.
1785 3674 1905 3731 Illic
1936 3675 2011 3731 si-

431 3769 655 3839 quidem
692 3766 1037 3822 individuum
1082 3778 1203 3832 est;
1256 3774 1312 3821 at
1358 3765 1613 3821 Christus
1664 3778 2008 3835 nequaquam

432 3872 517 3915 est
547 3858 891 3915 individuum
924 3876 937 3912 :
972 3872 1148 3927 neque
1196 3857 1341 3911 enim
1392 3855 1773 3919 Christitatis,
1826 3864 1885 3910 ut
1939 3856 2009 3910 ita

433 3952 649 4016 dicam,
680 3950 918 4021 speciem
954 3948 1226 4019 ejusmodi
1268 3948 1466 4013 habet,
1500 3945 1566 4002 de
1595 3962 1700 4017 qua
1750 3947 2013 4018 praedice-

434 4054 540 4098 tur.
574 4045 653 4097 Ac
682 4042 913 4114 proinde
956 4057 1021 4097 ex
1064 4042 1280 4097 duabus
1325 4041 1538 4097 naturis
1570 4041 1835 4111 perlectis
1860 4084 1874 4107 ,
1909 4041 2011 4098 hoc

432 4143 519 4191 cst
540 4174 555 4198 ,
586 4135 772 4192 divina
800 4144 855 4190 et
882 4133 1121 4188 humana
1141 4174 1155 4200 ,
1189 4133 1451 4188 unionem
1482 4147 1609 4189 esse
1640 4132 1840 4187 factam
1872 4134 2009 4187 dici-

432 4242 558 4282 mus
580 4264 594 4288 ,
628 4240 737 4281 non
772 4227 838 4278 ad
876 4224 1096 4278 modum
1133 4223 1546 4295 conspersiouis
1569 4265 1584 4290 ,
1618 4236 1720 4278 nec
1750 4236 1847 4291 per
1875 4237 2008 4277 con-

430 4318 707 4372 fusionem
735 4357 749 4380 ,
781 4317 863 4369 vel
894 4315 1329 4370 rommistionem
1352 4355 1367 4380 ,
1400 4325 1494 4369 aut
1523 4315 1972 4385 temperatiouem
1992 4353 2010 4379 ,

432 4405 899 4477 quemadmodum
932 4405 1025 4460 ille
1062 4404 1319 4459 Numinis
1347 4410 1427 4460 ira
1471 4406 1756 4462 immissus
1788 4405 2010 4461 Diosco-

432 4514 563 4564 rus,
610 4496 887 4567 Eutyches
932 4497 1097 4561 item,
1148 4506 1201 4550 et
1249 4496 1525 4562 Severus,
1573 4498 1779 4567 quique
1834 4497 2014 4566 impia

429 4606 623 4645 eorum
651 4589 851 4645 classis
877 4598 1045 4657 sunt,
1074 4596 1435 4645 asseruerunt
1460 4608 1473 4644 :
1502 4603 1604 4645 nec
1629 4589 1971 4660 personalem
1994 4629 2008 4653 ,

430 4691 524 4737 aut
556 4681 862 4738 secundum
895 4680 1220 4736 relationem
1244 4718 1259 4744 ,
1294 4689 1387 4735 aut
1418 4681 1473 4734 in
1519 4680 1735 4736 ratione
1774 4680 2012 4751 dignitas

427 4774 502 4829 tis
524 4815 539 4838 ,
570 4780 668 4827 aut
701 4774 755 4828 in
794 4787 903 4827 una
931 4771 1237 4827 voluntatis
1276 4773 1718 4844 conspiratione,
1767 4781 1865 4827 aut
1908 4773 2003 4828 ho-

428 4866 585 4921 noris
613 4864 877 4936 qualitate
896 4904 911 4930 ,
942 4871 1038 4918 aut
1067 4863 1257 4919 eadem
1291 4878 1355 4918 ac
1385 4865 1696 4935 promiscua
1723 4880 2012 4934 nuncupa-

426 4961 610 5023 tione,
645 4956 1151 5013 authenevolentia
1201 4956 1480 5029 positam,
1527 4964 1587 5010 ut
1637 4955 1748 5012 Deo
1797 4957 2012 5013 invisus

426 5048 716 5105 Nestorius
737 5089 752 5115 ,
789 5047 1172 5118 Diodorusque
1195 5085 1210 5112 ,
1241 5055 1298 5102 et
1334 5046 1797 5118 Mopsuestiensis
1828 5046 2013 5103 Theo-

428 5142 631 5205 dorus,
665 5153 792 5195 cum
820 5139 1093 5195 diabolica
1127 5154 1226 5194 sua
1255 5147 1474 5196 caterva
1506 5148 1879 5195 censuerunt:
1916 5138 2012 5195 scd

427 5248 526 5303 per
548 5232 1003 5302 compositionem
1026 5271 1040 5297 ,
1066 5229 1172 5285 hoc
1190 5238 1276 5286 est
1299 5230 1606 5286 secundum
1632 5230 1975 5302 hypostasim
1995 5270 2009 5294 ,

430 5326 553 5381 sine
586 5324 697 5380 ulla
728 5324 1094 5379 conversione
1114 5363 1129 5388 ,
1164 5336 1265 5376 nec
1297 5320 1623 5377 confusione
1645 5362 1659 5389 ,
1696 5336 1797 5377 nec
1831 5329 2012 5375 muta-

431 5418 583 5470 tione
603 5456 619 5481 ,
650 5428 754 5469 nee
786 5412 1061 5468 divisione
1084 5450 1098 5474 ,
1130 5424 1233 5465 nec
1258 5409 1523 5464 distantia
1545 5451 1560 5476 ,
1596 5410 1763 5479 inque
1797 5408 2010 5464 duabus

433 5505 695 5575 perfectis
723 5504 942 5561 naturis
972 5517 1137 5558 unam
1168 5500 1291 5556 Filii
1326 5501 1418 5557 Dei
1469 5510 1523 5555 et
1576 5503 1847 5557 incarnati
1884 5516 2011 5571 per-

435 5612 627 5651 sanam
663 5596 994 5651 confitemur
1043 5610 1058 5657 ;
1182 5606 1349 5647 unam
1407 5592 1655 5648 dicentes
1705 5592 2011 5648 divinitatis

438 5686 614 5749 ipsius
644 5693 695 5739 et
729 5685 1094 5739 humanitatis
1132 5682 1513 5753 ltypostasim,
1743 5684 1880 5739 duas
1910 5696 2009 5736 au-

2101 3222 2197 3276 καὶ
2241 3223 2695 3297 ἀνθρωπότητος,
2756 3227 2814 3279 ὲν
2879 3225 3095 3295 θεότητι
3142 3224 3237 3277 καὶ
3272 3224 3679 3295 ἀνθρωπότητι,

2101 3311 2233 3376 Θεὸς
2259 3312 2461 3378 τέλειος
2486 3315 2515 3368 ό
2545 3314 2730 3381 αὑτὸς,
2761 3316 2854 3369 καὶ
2875 3315 3162 3388 ἄνθρωπος
3195 3314 3419 3377 τέλειος.
3460 3314 3683 3367 Ἐντεῦ-

2105 3402 2195 3455 θεν
2246 3405 2345 3457 οὑκ
2404 3404 2552 3459 ἔστιν
2612 3406 2786 3459 εἰπεῖν
2842 3406 2972 3476 μίαν
3007 3407 3171 3475 φύσιν
3198 3406 3293 3458 ἐπὶ
3332 3404 3426 3458 τοῦ
3471 3406 3681 3478 Κυρίου

2104 3493 2259 3562 ἡμῶν
2296 3494 2470 3565 Ἰησοῦ
2505 3494 2766 3567 Χριστοῦ,
2797 3496 2986 3568 ὥσπερ
3016 3496 3109 3549 ἐπὶ
3154 3495 3249 3550 τοῦ
3295 3496 3501 3565 ἀτόμου
3543 3491 3570 3532 ι
3614 3497 3686 3548 ἐκ

2102 3582 2283 3653 ψυχῆς
2323 3587 2416 3639 καὶ
2440 3586 2690 3658 σώματος
2729 3587 3115 3659 συγκειμένου,
3155 3587 3299 3641 οὕτω
3337 3588 3434 3641 καὶ
3457 3588 3551 3641 ἐπὶ
3584 3588 3683 3641 τοῦ

2103 3678 2341 3749 Χριστοῦ
2374 3681 2437 3732 ἐκ
2459 3677 2709 3751 θεότητος
2764 3678 2858 3733 καὶ
2908 3678 3347 3751 ἀνθρωπότητος.
3398 3678 3546 3735 Ἐκεῖ
3579 3680 3684 3750 μὲν

2104 3775 2213 3845 γὰρ
2240 3774 2460 3843 ἄτομον,
2489 3772 2516 3824 ό
2540 3770 2595 3823 δὲ
2626 3769 2860 3837 Χριστὸς
2888 3768 2989 3823 οὑκ
3019 3768 3219 3839 ἄτομον
3240 3784 3254 3798 ·
3280 3768 3402 3822 οὑδὲ
3424 3768 3532 3838 γὰρ
3566 3769 3681 3838 ἔχει

2105 3860 2582 3933 κατηγορούμενον
2646 3854 2783 3921 εἶδος
2833 3852 3217 3928 Χριστότητος.
3255 3856 3346 3910 Διὸ
3371 3858 3434 3927 δὴ
3472 3861 3537 3910 ὲκ
3590 3858 3683 3911 δύο

2107 3953 2322 4023 φύσεων
2379 3950 2622 4014 τελείων,
2656 3948 2807 4011 θείας
2860 3965 2917 4002 τε
2954 3949 3047 4002 καὶ
3094 3947 3466 4019 ἀνθρωπίνης,
3500 3949 3684 4017 φαμὲν

2107 4043 2431 4114 γεγενῆσθαι
2452 4041 2550 4113 τὴν
2571 4041 2795 4094 ἕνωσιν⁸
2834 4040 2894 4093 οὑ
2946 4039 3087 4093 κατὰ
3131 4038 3439 4109 φυρμὸν,ἤ
3481 4038 3685 4109 σύγχυ-

2109 4152 2212 4199 σιν,
2254 4133 2287 4204 ἢ
2319 4133 2620 4203 σύγκρασιν
2648 4129 2692 4195 Ῑ,
2720 4130 2753 4201 ἢ
2787 4131 3113 4201 ἀνάκρασιν,
3148 4129 3222 4190 ὡς
3244 4130 3272 4182 6
3298 4128 3558 4199 θεήλατος
3579 4129 3684 4199 ἔφη

2106 4226 2418 4297 Διόσκορος,
2462 4224 2768 4294 Εὑτυχήςω
2808 4239 2890 4285 τε,
2930 4222 3024 4274 καὶ
3063 4221 3322 4292 Σευῆρος,
3351 4219 3445 4274 καὶ
3488 4221 3521 4291 ἡ
3561 4220 3687 4273 τού-

2107 4334 2215 4370 των
2238 4316 2436 4385 ὲναγὴς
2461 4313 2742 4384 συμμορία
2769 4330 2782 4343 ο
2817 4312 2939 4366 οὑδὲ
2991 4311 3376 4384 προσωπικὴν,
3408 4309 3442 4381 ἢ
3502 4329 3687 4381 σχετι-

2108 4404 2229 4474 κὴν,
2263 4403 2635 4474 ἢκατ’ἁξίαν,
2677 4403 2711 4474 ἢ
2762 4400 3172 4465 ταυτοόουλίαν,
3222 4399 3255 4471 ἢ
3304 4400 3620 4469 όμοτιμίαν,
3652 4398 3687 4469 ἢ

2106 4494 2447 4566 ὁμωνυμίαν,
2476 4495 2508 4565 ἢ
2541 4491 2812 4558 εὐδοκίαν,
2849 4492 2924 4557 ὡς
2957 4492 2985 4544 ὀ
3018 4490 3315 4559 θεοστυγὴς
3345 4489 3449 4558 ἔφη
3483 4489 3689 4543 Νεστό-

2112 4602 2248 4658 ριος,
2313 4586 2575 4655 Διόδωρός
2626 4602 2709 4649 τε,
2763 4586 2857 4637 καὶ
2903 4585 2931 4637 ό
2965 4581 3343 4652 Μοψουεστίας
3386 4580 3684 4651 Θεόδωρος,

2109 4678 2201 4732 καὶ
2230 4679 2262 4749 ἠ
2293 4676 2500 4731 τούτων
2526 4674 2883 4746 δαιμονιώδης
2902 4677 3192 4746 ὁμήγυρις,
3216 4672 3356 4727 ἀλλὰ
3385 4673 3526 4728 κατὰ
3561 4674 3685 4726 σύν-

2110 4768 2280 4831 θεσιν,
2306 4769 2474 4840 ἤγουν
2499 4768 2622 4822 καθ’
2653 4767 2972 4829 ὑπόστασιν,
3013 4765 3319 4836 ἀτρέπτως,
3371 4763 3468 4817 καὶ
3518 4765 3688 4830 ἀσυγο

2108 4859 2307 4929 χύτως,
2346 4859 2439 4912 καὶ
2470 4858 2864 4923 ἀναλλοιὼτως,
2899 4857 2993 4911 καὶ
3015 4854 3365 4927 ἀδιαιρέτως,
3401 4855 3496 4907 καὶ
3532 4853 3687 4906 ἀδια-

2112 4959 2346 5021 στὰτως,
2397 4958 2494 5011 καὶ
2524 4958 2582 5010 ὲν
2611 4955 2731 5010 δυσὶ
2763 4954 2958 5025 φύσεσι
2990 4954 3209 5016 τελείως
3252 4951 3525 5022 ἐχούσαις,
3560 4951 3689 5021 μίαν

2112 5051 2409 5104 ὑπόστασιν
2436 5047 2806 5119 ὁμολογοῦμεν
2834 5047 2929 5100 τοῦ
2972 5046 3103 5099 Υίοῦ
3137 5044 3229 5098 τοῦ
3268 5042 3427 5105 Θεοῦ,
3461 5042 3557 5096 καὶ
3605 5058 3689 5095 σε·

2113 5140 2487 5212 σαρκωμένου,
2520 5140 2620 5211 τὴν
2645 5138 2813 5207 αὐτὴν
2833 5138 3131 5190 ὑπόστασιν
3154 5135 3404 5204 λέγοντες
3442 5130 3539 5205 τῆς
3571 5132 3684 5185 θεό-

2110 5250 2272 5303 τητος
2324 5233 2417 5286 καὶ
2468 5232 2569 5302 τῆς
2612 5230 3030 5303 ἀνθρωπότητος
3081 5227 3270 5293 αὑτοῦ,
3326 5226 3420 5279 καὶ
3463 5226 3564 5289 τὰς
3600 5224 3692 5279 δύο

2110 5324 2303 5395 φύσεις
2353 5323 2740 5394 ὁμολογοῦντες
2800 5319 3071 5386 σώζεσθαι
3116 5320 3175 5371 ἐν
3227 5316 3378 5388 αὑτῷ
3425 5315 3567 5386 μετὰ
3596 5314 3692 5385 τὴν

2110 5417 2339 5470 ἕνωσιν·
2379 5417 2477 5469 οὑκ
2538 5415 2643 5486 ίδίᾳ
2686 5414 2780 5468 καὶ
2838 5411 3111 5483 ἀναμέρος
3157 5409 3402 5473 τιθέντες
3432 5410 3690 5471 ἑκάστην,

2112 5508 2223 5561 ἀλλ’
2266 5507 2552 5577 ἡνωμένας
2581 5505 2837 5574 ἀλλήλαις
2865 5505 2924 5559 ὲν
2951 5505 3019 5574 τῇ
3059 5504 3156 5573 μιᾷ
3179 5500 3419 5570 συνθέτῳ
3451 5498 3692 5553 ὑποστά-

2112 5618 2214 5655 σει.
2245 5599 2488 5669 Οὑσιώδη
2526 5600 2632 5669 γάρ
2663 5615 2843 5668 φαμεν
2876 5597 2974 5667 τὴν
3004 5596 3222 5660 ἕνωσιν,
3256 5592 3537 5647 τουτέστιν
3564 5592 3685 5661 ἁληρ

2114 5693 2201 5761 θῆ.
2232 5694 2323 5747 καὶ
2357 5693 2415 5745 οὑ
2450 5692 2589 5745 κατὰ
2621 5691 2940 5761 φαντασίαν.
2977 5688 3221 5760 υύσιώδη
3257 5686 3335 5751 δὲ,
3361 5685 3456 5751 οὐχ
3486 5686 3561 5747 ὡς
3589 5684 3680 5739 τῶι
