4020 6214
393 286 531 352 1069

1333 296 1705 360 PANOPLIA
1744 299 2198 367 DOGMATICA.
2230 330 2300 340 —
2337 306 2485 368 'l‘lT.
2522 307 2672 370 λνι.

3488 320 3628 388 1060

377 433 476 489 δύο
503 433 722 502 φύσεων
793 439 1209 495 ἀποτελεσασῶν
1263 441 1393 512 μίαν
1452 443 1709 498 σύνθετον
1768 447 1949 517 φύσιν,

2057 452 2166 499 tem
2195 455 2322 516 post
2351 447 2658 504 unitionem
2691 456 2918 504 naturas
2947 450 3002 504 in
3033 451 3153 521 ipso
3181 453 3484 514 incolumes
3508 475 3624 516 ser-

377 525 501 580 ἀλλ’
525 526 832 582 ἑνωθεισῶν
859 529 1118 602 ἀλλήλαις
1141 534 1262 586 κατ’
1286 533 1542 604 ἀλήθειαν
1567 539 1647 600 εἰς
1673 539 1800 608 μίαν
1826 540 1957 593 ὑπό-

382 633 572 670 στασιν
627 618 882 674 σύνθετον
929 623 1024 676 τοῦ
1080 624 1208 678 Υίοῦ
1247 624 1343 679 τοῦ
1373 625 1531 694 Θεοῦ,
1565 634 1656 682 καὶ
1686 629 1956 694 σώζεσθαι

376 708 562 762 αὑτῶν
604 711 705 781 τὴν
740 712 970 784 οὑσιώδη
1017 714 1283 786 διαφορὰν
1338 719 1662 789 ὁριζόμεθα.
1719 722 1791 774 Τὸ
1847 724 1955 794 γὰρ

378 801 616 865 κτιστὺν,
655 803 933 874 μεμένηκε
972 807 1213 870 κτιστδν,
1255 809 1354 862 καὶ
1385 810 1446 863 τὸ
1487 812 1761 876 ἄκτιστον,
1797 814 1954 867 ἄκτι-

378 905 524 946 στον.
569 890 643 943 Τὸ
691 891 884 962 θνητὸν
931 895 1114 964 ἔμεινε
1147 897 1361 968 θνητὸν,
1416 901 1509 953 καὶ
1558 902 1620 954 τὸ
1649 902 1949 965 ἀθάνατον,

373 978 645 1035 ἀθάνατον
667 996 680 1010 ·
715 982 775 1034 τὸ
797 986 1193 1056 περιγραπτδν,
1227 989 1605 1057 περιγραπτόν
1623 1008 1635 1020 ·
1661 989 1722 1042 τὺ
1752 990 1950 1059 ἀπερί-

373 1084 642 1136 γραπτον,
670 1071 1080 1144 ἀπερίγραπτον
1099 1092 1112 1106 ·
1139 1075 1199 1129 τὸ
1226 1076 1421 1146 όρατὸν
1443 1115 1457 1138 .
1494 1078 1710 1148 ὁρατὸν,
1761 1080 1854 1132 καὶ
1888 1079 1948 1134 τὺ

371 1159 625 1230 ἀόρατον,
654 1162 916 1231 ἀόρατον·
947 1183 965 1215 ι
988 1165 1063 1218 Τὸ
1097 1165 1196 1234 μὲν
1221 1167 1517 1238 διαλάμπει
1542 1169 1654 1232 τοῖς
1683 1169 1948 1241 θαύμασι,

381 1249 440 1302 τὸ
461 1250 520 1303 δι
543 1254 665 1316 ταῖς
692 1252 914 1322 ὕϐρεσιν
945 1254 1360 1312 ὑποπέπτωκεν.
1401 1273 1420 1308 ι

2056 537 2172 592 vari
2207 539 2573 594 conﬁtentes:
2613 554 2720 593 non
2755 540 2829 594 ita
2871 548 3050 596 tamen
3095 551 3159 596 ιιι
3199 554 3488 618 utramque
3528 550 3622 604 ha-

2056 642 2174 680 rum
2210 629 2440 684 seorsim
2477 643 2779 699 ponamus,
2832 645 3020 687 verum
3070 635 3124 688 in
3183 651 3289 688 una
3320 639 3625 708 composita

2055 731 2290 785 persona
2340 719 2487 774 inter
2541 735 2600 775 se
2649 721 2957 790 capulatas.
3003 723 3429 782 Substantialem
3480 731 3624 783 enim

2052 824 2177 864 esse
2213 808 2356 863 hanc
2384 811 2642 866 unionem
2682 813 2955 879 dicimus,
3011 815 3115 870 hoc
3165 827 3291 880 est,
3341 835 3524 874 veram
3573 830 3626 875 et

2053 913 2158 951 non
2211 895 2614 968 imaginariam.
2665 900 3098 957 Substantialem
3156 916 3339 961 autem
3379 947 3394 972 ,
3518 925 3624 966 non

2050 985 2193 1056 quod
2222 985 2342 1040 duae
2372 996 2583 1040 natura:
2611 1003 2774 1041 unam
2812 993 3171 1060 compositam
3209 1005 3459 1051 naturam
3491 999 3621 1053 eﬂ'e-

2052 1076 2262 1142 cerint;
2294 1077 2390 1131 sed
2418 1079 2564 1148 quod
2598 1078 2651 1131 in
2679 1093 2844 1132 unam
2869 1081 2988 1136 Filii
3020 1082 3110 1137 Dei
3144 1088 3502 1157 compositam
3529 1091 3623 1159 hy-

2057 1168 2324 1237 postasim
2357 1167 2500 1223 inter
2529 1184 2588 1224 se
2617 1169 2783 1225 unita:
2809 1171 2940 1226 sint.
2985 1165 3245 1238 Quinimo
3283 1162 3623 1234 substantia-

2054 1259 2155 1313 lem
2180 1273 2368 1314 earum
2396 1259 2759 1315 differentiam
2785 1262 3052 1332 integram
3078 1277 3131 1338 et
3154 1267 3482 1323 incolumem
3515 1288 3625 1325 ser-

381 1344 495 1398 vari
517 1343 834 1399 statuimus.
871 1343 1006 1399 Nam
1031 1353 1279 1400 creatum
1314 1346 1688 1416 mansitquod
1715 1355 1961 1404 creatum
2001 1355 2121 1412 est,
2159 1355 2215 1403 et
2242 1349 2585 1414 increatum,
2622 1351 2771 1420 quod
2809 1351 3114 1408 increatum
3144 1373 3159 1423 ;
3210 1345 3356 1428 quod
3396 1365 3622 1420 mortale

375 1441 499 1500 est,
548 1433 836 1487 mortalem
874 1434 1217 1503 permansit,
1272 1445 1324 1488 et
1362 1435 1677 1492 immortale
1727 1437 1873 1507 quod
1915 1437 2266 1504 immortale;
2329 1439 2848 1509 circumscriptum,
2906 1445 3053 1512 quod
3104 1446 3619 1520 circumscriptum,

375 1522 952 1594 incircumscriptum,
994 1525 1140 1594 quod
1173 1526 1754 1597 incircumscriptum;
1809 1528 2061 1596 visibile,
2117 1530 2261 1600 quod
2298 1531 2512 1587 visibile
2539 1549 2553 1598 ;
2585 1540 2637 1587 et
2709 1531 2984 1589 invisibile
3023 1575 3039 1599 ,

3095 1537 3239 1606 quod
3305 1538 3580 1596 invisibile
3601 1551 3617 1588 ε

379 1635 398 1668 ι
430 1614 610 1671 Unum
643 1616 860 1684 quidetn
896 1617 1090 1671 horum
1118 1630 1373 1675 coruscat
1420 1625 1702 1680 miraculis
1728 1667 1744 1691 ,
1795 1625 1946 1681 aliud
1984 1626 2294 1682 succumbit
2322 1627 2563 1694 injuriis.
2592 1640 2621 1682 ἰ

438 1708 751 1762 υίκειοῦται
774 1709 831 1762 δὲ
856 1712 926 1762 τὰ
958 1710 1276 1782 ἀνθρώπινα
1311 1716 1340 1768 6
1381 1715 1580 1783 Λόγοςο
1623 1719 1789 1772 αὑτοῦ
1828 1721 1938 1788 γάρ

2109 1718 2533 1774 Commuuicatio
2563 1719 2897 1773 idiomatum.
2921 1749 2989 1760 --
3011 1719 3245 1775 Verbum
3273 1739 3460 1792 porro,
3492 1729 3634 1801 quia,

371 1801 489 1850 ἐστι
517 1799 586 1850 τὰ
609 1801 708 1868 τῆς
737 1798 897 1866 ἁγίας
942 1799 1108 1853 αὑτοῦ
1160 1805 1367 1873 σαρκὸς
1393 1804 1524 1858 ὄντα
1545 1821 1558 1836 ⁸
1603 1807 1693 1861 καὶ
1725 1807 1942 1877 μεταδί-

2049 1811 2221 1883 ipsius
2249 1819 2414 1876 sunt,
2440 1825 2560 1879 qua:
2592 1818 2801 1865 sanctae
2834 1810 2957 1878 ejus
2991 1813 3175 1868 carnis
3208 1822 3369 1878 sunt,
3400 1832 3463 1869 ea
3497 1835 3618 1884 qua:

369 1890 503 1942 δωσι
531 1897 559 1925 ιι
581 1891 647 1958 τῇ
672 1891 838 1960 σαρκὶ
856 1889 964 1942 τῶν
988 1891 1152 1955 ἰδίων,
1172 1894 1315 1946 κατὰ
1346 1895 1436 1948 τὸν
1463 1897 1784 1960 ἀντιδόσεως
1805 1898 1943 1968 τρό-

369 1995 492 2044 πον,
525 1979 613 2032 διὰ
642 1978 742 2052 τὴν
779 1982 860 2044 εἰς
891 1981 1095 2052 ἄλληλα
1123 1983 1236 2055 (12)
1271 1984 1384 2038 τῶν
1420 1986 1606 2055 μερῶν
1639 1986 1956 2060 περιχώρη-

375 2086 482 2132 σιν,
516 2072 611 2124 καὶ
629 2071 729 2144 τὴν
761 2073 883 2125 καθ’
921 2072 1217 2127 ὑπόστασιν
1237 2074 1460 2143 ἕνωσιν,
1498 2073 1592 2125 καὶ
1639 2079 1722 2132 ὅτι
1754 2076 1834 2144 εἷς
1861 2079 1951 2154 ἦν,

369 2165 468 2220 καὶ
491 2166 520 2219 6
547 2165 732 2231 αὑτὸς,
753 2169 784 2222 6
811 2167 906 2222 καὶ
931 2169 1002 2225 τὰ
1029 2161 1148 2221 θεῖα
1173 2169 1266 2221 καὶ
1299 2169 1366 2222 τὰ
1399 2169 1716 2240 ἀνθρώπινα
1747 2192 1765 2224 ι
1793 2174 1949 2246 ἐνερ-

369 2257 483 2322 γῶν
503 2256 561 2309 ἐν
582 2257 824 2329 ἑκατέρᾳ
847 2260 1028 2329 μορφῇ
1055 2258 1196 2326 μετὰ
1219 2259 1315 2328 τῆς
1349 2259 1575 2329 θατέρου
1607 2263 1890 2328 κοινωνίας
1924 2281 1946 2317 ι

370 2343 464 2396 Διὸ
487 2344 550 2415 δὴ
584 2346 678 2402 καὶ
707 2348 737 2400 6
760 2346 960 2414 Κύριος
984 2347 1084 2416 τῆς
1113 2347 1272 2418 δόξης
1304 2348 1681 2419 ἐσταυρῶσθαι
1708 2351 1948 2419 λέγεται.

371 2435 550 2488 καίτοι
568 2437 667 2506 τῆς
706 2437 855 2501 θείας
892 2437 1062 2492 αὑτοῦ
1095 2437 1173 2506 μὴ
1222 2438 1500 2510 παθούσης
1531 2441 1768 2510 φύσεως,
1797 2445 1891 2498 καὶ⁵
1921 2446 1951 2499 6

371 2527 502 2590 Υιδς
534 2528 628 2580 τοῦ
687 2529 1002 2599 ἀνθρώπου,
1041 2530 1148 2601 πρὸ
1174 2529 1269 2583 τοῦ
1303 2531 1511 2595 πάθους
1549 2533 1608 2585 ἐν
1635 2531 1713 2604 τῷ
1736 2534 1951 2606 οὐρανῷ

369 2615 509 2672 εἶναι
543 2618 912 2692 ὡμολόγηται,
960 2622 1038 2687 ὡς
1080 2621 1244 2684 αὐτὸς
1282 2624 1310 2676 6
1342 2622 1550 2694 Κύριος
1593 2624 1813 2694 ἔφησεν.
1854 2621 1950 2690 Εἷς

370 2711 482 2781 γὰρ
502 2705 594 2781 ἧν,
629 2713 724 2765 καὶ
752 2713 781 2764 6
815 2712 978 2777 αὐτὸς
1002 2715 1031 2767 6
1053 2714 1257 2784 Κύριος
1277 2713 1378 2784 τῆς
1403 2714 1582 2785 δόξης,
1611 2717 1641 2768 6
1672 2717 1832 2787 φύσει
1856 2719 1950 2772 καὶ

369 2800 600 2872 ἀληθείᾳ
631 2802 756 2864 Υἱὸς
783 2802 1107 2873 ἀνθρώπου,
1139 2805 1259 2874 ἦτοι
1291 2804 1579 2876 ἄνθρωπος
1615 2807 1908 2878 γενόμενος
1927 2849 1944 2874 ,

369 2893 465 2945 καὶ
485 2892 650 2946 αὐτοῦ
675 2893 744 2947 τά
773 2911 832 2947 τε
873 2895 1129 2965 θαύματα
1162 2895 1256 2950 καὶ
1309 2896 1378 2950 τὰ
1408 2896 1554 2968 πάθη
1586 2897 1946 2969 γινώσκομεν,

369 2985 417 3049 εἰ
438 2983 532 3036 καὶ
556 2985 674 3037 κατ’
696 2985 824 3039 ἄλλο
845 2985 1308 3056 ὲθαυματοὺργει,
1333 2987 1426 3040 καὶ
1446 2989 1568 3041 κατ’
1599 2987 1726 3044 ἄλλο
1747 2989 1816 3044 τὰ
1842 2990 1951 3046 πάι-

369 3075 437 3144 θη
466 3076 496 3126 6
516 3075 678 3138 αὐτὸς
700 3075 969 3145 ὑπέμενεν
986 3078 1120 3146 (15).
1144 3078 1330 3148 Ἵσμεν
1353 3077 1462 3149 γὰρ
1477 3075 1666 3151 ὥσπερ
1690 3079 1820 3150 μίαν
1846 3080 1943 3135 αὑ-

2048 1902 2376 1956 ltumanitati
2411 1902 2784 1962 conveniunt,
2815 1899 2922 1955 sibi
2975 1902 3253 1968 vindicat,
3287 1913 3341 1959 et
3371 1907 3612 1961 vicissim

2051 1988 2204 2044 carni
2228 2026 2244 2051 ,
2277 2004 2400 2060 qua:
2437 2003 2538 2045 sua
2570 1995 2738 2052 sunt,
2769 1986 3050 2057 impertit;
3084 1989 3182 2044 illo
3228 1993 3487 2048 nimirum
3533 1995 3615 2049 al-

2027 2087 2199 2132 terna:
2229 2077 2750 2134 communicationis
2779 2078 2942 2134 modo
2963 2121 2978 2146 ,
3011 2083 3082 2136 ob
3107 2090 3350 2137 mutuam
3381 2085 3524 2139 inter
3551 2101 3607 2139 se

2026 2173 2264 2244 partium
2324 2171 2824 2238 commeationem.
2880 2174 3211 2230 unionemve
3292 2174 3606 2246 ltypostati-

2025 2279 2144 2316 cam
2164 2279 2180 2322 ;
2203 2272 2258 2317 et
2279 2275 2388 2331 qua
2414 2276 2556 2316 unus
2581 2260 2834 2332 idemque
2859 2272 3015 2330 erat,
3035 2265 3128 2333 qui
3152 2265 3405 2322 etdivina
3429 2276 3484 2323 et
3503 2269 3606 2322 hu-

2031 2367 2215 2415 tnana,
2241 2369 2262 2403 ι
2286 2351 2345 2405 in
2361 2357 2597 2420 utraque
2618 2351 2795 2406 forma
2820 2368 2943 2406 cum
2968 2355 3198 2410 alterius
3220 2360 3606 2414 eutumunione

2033 2452 2238 2512 ageret.
2276 2461 2297 2497 ι
2398 2441 2476 2496 Εο
2507 2456 2676 2511 porro
2703 2444 2926 2498 nomine
2969 2444 3233 2502 Deminus
3267 2447 3384 2516 ipse
3417 2451 3606 2518 gloriae

2027 2531 2332 2588 cruciﬁxus
2359 2532 2568 2586 dicitur
2626 2533 2668 2599 ⁸,
2694 2534 2951 2603 quamvis
2978 2536 3181 2606 alioqui
3213 2537 3398 2590 divina
3427 2539 3606 2607 ipsius

2029 2629 2230 2676 natura
2259 2621 2487 2676 minime
2518 2635 2681 2692 passa
2715 2624 2786 2678 sit
2813 2638 2826 2674 :
2855 2634 2910 2678 et
2938 2640 3196 2690 rursum,
3227 2625 3402 2680 Filius
3435 2629 3609 2680 Ιιοιιιίο

2027 2712 2115 2767 nis
2140 2721 2270 2766 ante
2300 2711 2616 2782 passionem
2648 2712 2702 2766 in
2737 2713 2881 2768 caelo
2915 2729 3040 2769 esse
3069 2717 3256 2769 dictus
3286 2725 3404 2780 est,
3435 2717 3604 2770 veluti

2027 2803 2295 2858 Dominus
2329 2803 2447 2872 ipse
2479 2804 2721 2858 asseruit
2781 2805 2828 2858 ³.
2863 2806 2994 2858 Erat
3024 2808 3168 2859 enim
3203 2807 3294 2860 ille
3331 2807 3470 2860 idem
3503 2807 3607 2861 Do-

2029 2893 2215 2948 minus
2243 2892 2467 2962 gloriae,
2503 2892 2599 2963 qui
2635 2893 2802 2948 etiam
2837 2904 3035 2948 natura
3069 2903 3125 2948 et
3153 2910 3280 2950 vere
3306 2893 3480 2950 Filius
3509 2895 3607 2950 lto-

2027 2983 2195 3039 mi-nis
2216 3023 2231 3048 ,
2261 2983 2368 3039 hoc
2395 2991 2508 3048 est,
2540 2983 2706 3038 homo
2731 2984 3058 3040 exsistebat.
3092 2987 3257 3055 Atqui
3292 2986 3467 3055 ipsius
3490 2997 3605 3040 tum

2027 3074 2297 3129 miracula
2322 3112 2340 3139 ,
2371 3082 2489 3128 tum
2519 3073 2794 3144 supplicia
2829 3090 2952 3130 esse
2979 3078 3356 3146 agnoscimus,
3387 3077 3492 3132 etsi
3522 3092 3610 3130 ra-

365 3163 464 3218 τοῦ
494 3165 592 3236 τὴν
622 3166 942 3232 ὑπόστασιν,
971 3166 1114 3220 οὕτω
1163 3167 1264 3238 τὴν
1303 3167 1412 3220 τῶν
1446 3167 1663 3237 φύσεων
1713 3170 1946 3243 οὑσιώδη

2038 3164 2179 3221 tione
2217 3164 2448 3220 alterius
2477 3170 2690 3218 natura:
2725 3163 2995 3219 miracula
3023 3166 3252 3230 edebat,
3285 3176 3339 3221 et
3373 3166 3608 3225 alterius

367 3255 634 3325 διαφορὰν
662 3253 954 3320 σώζεσθαι.
977 3255 1105 3320 Πῶς
1142 3257 1200 3310 δὲ
1228 3258 1428 3331 σωθείη
1457 3259 1712 3333 διαφορὰ,
1741 3262 1815 3332 μὴ
1843 3279 1949 3316 σω-

289 3415 292 3418 ,
369 3345 615 3418 ζομένων
666 3347 777 3402 τῶν
828 3347 927 3420 τὴν
958 3349 1224 3421 διαφορὰν
1251 3350 1482 3421 ἐχόντων
1511 3353 1648 3424 πρὸς
1703 3353 1944 3424 sum;

366 3437 749 3509 Atagaopdydp
773 3437 881 3492 τῶν
905 3439 1270 3511 διαφερόντων
1301 3443 1418 3496 ἐστὶ
1434 3443 1672 3515 διαφορά
1691 3460 1704 3475 ⁶
1740 3444 1816 3515 τῷ
1848 3445 1948 3516 μὲν

366 3527 460 3584 οὖν
482 3529 646 3600 λόγῳ,
673 3523 718 3597 ᾧ
750 3529 1099 3599 διαφέρουσιν
1125 3531 1369 3599 ἀλλήλων
1400 3535 1455 3586 αί
1479 3533 1670 3603 φύσεις
1696 3535 1788 3588 τοῦ
1813 3538 1948 3608 Χριο

371 3622 520 3689 στοῦ,
549 3622 796 3676 τουτέστι
833 3622 912 3692 τῷ
936 3622 1080 3692 λόγῳ
1108 3624 1207 3693 τῆς
1229 3624 1438 3688 οὐσίας,
1471 3627 1652 3694 φαμὲν
1683 3626 1948 3679 συνάπτε-

373 3712 497 3765 σθαι
519 3713 680 3767 αὑτὸν
700 3716 813 3776 τοῖς
841 3713 1034 3783 ἄκροις
1055 3729 1068 3742 ·
1103 3713 1245 3766 κατὰ
1271 3713 1370 3784 μὲν
1395 3713 1492 3784 τὴν
1520 3715 1769 3783 θεότητα,
1792 3715 1870 3786 τῷ
1889 3733 1948 3770 τε

373 3805 547 3875 Πατρὶ
581 3805 677 3858 καὶ
700 3803 779 3876 τῷ
809 3804 1110 3874 Πνεύματι,
1145 3806 1286 3859 κατὰ
1311 3805 1370 3859 δὲ
1403 3805 1500 3876 τὴν
1530 3807 1946 3877 ἁνθρωπότητα,

371 3899 441 3967 τῇ
460 3911 520 3949 τε
545 3897 749 3967 Μητρὶ,
801 3897 895 3951 καὶ
926 3899 1061 3952 πᾶσι
1081 3899 1193 3960 τοῖς
1235 3897 1567 3967 ἀνθρώποις.
1597 3891 1668 3969 Ὦ
1701 3900 1758 3953 δὲ
1804 3899 1948 3970 λόγῳ

376 3987 740 4040 συνάπτονται
764 3988 822 4040 αἱ
853 3987 1043 4057 φύσεις
1068 3986 1254 4053 αὑτοῦ,
1279 3987 1559 4059 διαφέρειν
1583 3988 1746 4042 αὑτὸν
1767 3989 1950 4060 φαμὲν

363 4076 469 4152 ιτοῦ
500 4094 560 4130 τε
589 4077 805 4147 Πατρὸς
839 4078 934 4130 καὶ
975 4077 1067 4130 τοῦ
1109 4077 1452 4147 Πνεύματος,
1479 4078 1580 4148 τῆς
1624 4095 1682 4130 τε
1729 4077 1951 4150 Μητρὸς

377 4169 471 4235 καὶ
492 4167 600 4220 τῶν
640 4151 842 4222 λοιπῶν
875 4168 1206 4239 ἀνθρώπωνο
1241 4171 1604 4223 συνάπτονται
1633 4171 1740 4242 γὰρ
1771 4171 1827 4223 αί
1850 4169 1952 4236 φύ-

380 4275 495 4321 σεις
519 4257 683 4312 αὑτοῦ
715 4261 782 4328 τῇ
824 4257 1140 4322 ὑποστάσει,
1183 4258 1310 4329 μίαν
1353 4259 1650 4313 ὑπόστασιν
1700 4257 1950 4313 σύνθετον

377 4349 623 4420 ἔχουσαι,
679 4350 799 4404 καθ’
829 4350 894 4421 ἢν
941 4347 1188 4419 διαφέρει
1233 4351 1327 4403 τοῦ
1367 4369 1427 4403 τε
1486 4351 1698 4423 Πατρδς
1732 4350 1826 4406 καὶ
1855 4350 1948 4405 τοῦ

376 4439 716 4520 Πνεύματος,
743 4439 842 4510 τῆς
871 4455 927 4491 τε
959 4438 1178 4510 Μητρὸς
1205 4439 1298 4492 καὶ
1330 4440 1361 4508 ἡ
1372 4437 1508 4508 μῶν.

2029 3254 2244 3312 ratione
2297 3255 2439 3310 idem
2493 3254 2612 3324 ipse
2663 3254 2938 3325 supplicia
2995 3255 3337 3327 perferebat.
3386 3258 3607 3314 Scimus

2025 3350 2176 3405 enim
2214 3386 2231 3414 ,
2254 3356 2314 3403 ut
2339 3363 2507 3403 unam
2549 3349 2725 3419 ipsius
2756 3349 3098 3419 hypostasim
3120 3389 3136 3415 ,
3170 3348 3244 3402 ita
3277 3349 3609 3418 substantia-

2028 3439 2134 3496 lem
2169 3440 2364 3494 harum
2398 3439 2771 3495 dili'erentiam
2818 3440 3150 3494 incolumem
3197 3442 3432 3496 servari.
3483 3441 3604 3507 Quo

2026 3541 2212 3585 autem
2241 3538 2408 3599 pacto
2442 3515 2594 3586 salva
2625 3530 2730 3584 erit
2759 3529 3099 3595 diﬂ'ercntia,
3134 3547 3240 3584 non
3275 3533 3506 3588 servatis
3540 3533 3605 3586 il-

2030 3619 2096 3674 lis
2119 3634 2241 3687 quae
2268 3627 2461 3673 mutuo
2491 3618 2833 3688 discrepant.
2866 3618 3184 3672 llill‘ercntia
3213 3621 3486 3688 siquidem
3522 3631 3606 3676 est.

2029 3725 2218 3768 earum
2251 3724 2437 3765 rerum
2460 3724 2581 3781 quae
2604 3709 2838 3764 diversa:
2865 3719 3017 3765 sunt.
3048 3709 3164 3774 Qua
3199 3711 3363 3779 igitur
3397 3713 3607 3768 ratione

2029 3799 2239 3855 Christi
2273 3808 2482 3856 natura}
2519 3801 2662 3855 inter
2689 3816 2748 3854 se
2775 3798 3040 3854 diﬂ'erunt
3061 3838 3075 3862 ,
3111 3806 3214 3854 hoc
3244 3810 3329 3855 est
3354 3805 3606 3857 essentia:

2031 3891 2280 3959 ratione,
2305 3893 2406 3946 hac
2435 3907 2559 3946 cum
2592 3891 2853 3946 extremis
2880 3890 3140 3960 conjungi
3173 3891 3410 3947 dicimus
3433 3931 3446 3952 .
3476 3901 3605 3960 puta

2032 3992 2302 4053 quantum
2333 3982 2403 4037 ad
2458 3983 2715 4038 deitatem
2749 3982 2968 4052 quidem
2999 3982 3226 4044 attinet,
3277 3997 3400 4034 cum
3447 3981 3610 4036 Patre

2035 4089 2091 4136 et
2121 4079 2338 4151 Spiritu
2369 4088 2589 4142 sancto,
2620 4085 2889 4147 quantum
2923 4090 3052 4130 vero
3084 4074 3150 4128 ad
3180 4076 3571 4128 humanitatem
3593 4113 3608 4138 ,

2033 4186 2159 4228 cum
2196 4179 2374 4226 matre
2396 4208 2413 4235 ,
2448 4179 2504 4224 et
2533 4168 2714 4223 nobis.
2742 4167 2886 4222 Idem
2910 4171 3112 4237 quippe
3142 4165 3323 4236 quoad
3356 4166 3610 4219 divinita-

2035 4269 2145 4316 tem
2177 4259 2328 4315 Patri
2353 4269 2406 4315 et
2454 4248 2686 4330 Spiritui
2718 4267 2914 4313 sancto
2958 4256 3448 4313 consubstantialis
3491 4263 3616 4322 est;

2039 4353 2224 4424 quoad
2259 4368 2390 4408 vero
2421 4351 2844 4416 humanitatem,
2876 4358 2988 4403 tttm
3032 4349 3217 4413 matri,
3262 4357 3376 4400 tum
3402 4345 3618 4400 caeteris

1969 4433 2010 4488 D
2036 4445 2376 4502 hominibus.
2429 4446 2548 4512 Qua
2593 4445 2815 4500 ratione
2859 4457 2991 4498 vero
3030 4443 3151 4510 ejus
3188 4452 3398 4497 naturae
3426 4449 3615 4495 mutuo

369 4541 722 4610 copulantur,
747 4551 900 4601 eum,
928 4543 1041 4590 tum
1079 4549 1109 4588 a
1138 4533 1295 4589 Patre
1331 4541 1386 4590 et
1443 4532 1651 4604 Spiritu
1721 4545 1938 4599 sancto,
1998 4542 2114 4588 tum
2145 4550 2175 4588 a
2215 4542 2389 4589 matre
2417 4544 2469 4588 et
2509 4533 2734 4604 reliquis
2765 4532 3076 4587 hominibus
3107 4531 3326 4587 ditl‘et're
3362 4532 3612 4584 dicimus.

371 4639 547 4704 Ipsius
572 4633 714 4687 enim
759 4638 968 4685 natura:
1001 4643 1098 4698 per
1150 4627 1488 4698 hypostasim
1545 4625 1891 4696 copulantur,
1919 4638 1976 4682 ut
2014 4644 2135 4698 qua:
2171 4642 2332 4682 unam
2364 4627 2722 4697 composimm
2778 4625 3117 4696 hypostasim
3157 4625 3410 4687 habeant,
3459 4622 3616 4690 cujus

373 4730 584 4786 ratione
620 4737 730 4780 tum
765 4741 793 4778 a
829 4722 988 4777 Patre
1015 4731 1069 4776 et
1102 4718 1307 4790 Spiritu
1339 4728 1551 4776 sancto.
1581 4725 1692 4772 tum
1725 4733 1757 4770 a
1786 4729 1958 4777 matre
1977 4727 2030 4774 et
2053 4720 2208 4775 nobis
2239 4718 2441 4774 differt.

727 4859 845 4916 Τοῦ
865 4859 1078 4916 αὑτοῦ.
1119 4854 1464 4927 Κεφάλαιον
1485 4855 1592 4918 ἔθ’.

450 5003 665 5071 Ὠσπερ
687 4998 744 5053 δὲ
768 4998 861 5052 ἐπὶ
891 4999 995 5067 τῆς
1026 4997 1304 5069 θεότητος,
1349 4994 1482 5064 μίαν
1514 4992 1612 5062 μὲν
1635 4993 1800 5062 φύσιν
1824 4994 1953 5065 δμο-

375 5094 671 5165 λογοὺμεν,
702 5093 854 5162 τρεῖς
875 5091 930 5144 δὲ
960 5090 1288 5150 ὑποστάσεις
1310 5085 1432 5140 κατ’
1468 5084 1736 5156 ἀλήθειαν
1784 5086 1952 5150 οὔσας

380 5187 584 5256 φαμὲν,
622 5184 718 5237 καὶ
746 5184 926 5236 πάντα
954 5182 1054 5252 μὲν
1075 5185 1142 5234 τὰ
1163 5179 1373 5249 φυσικὰ
1399 5178 1495 5231 καὶ
1522 5176 1779 5247 οὑσιώδη,
1801 5178 1954 5232 ἁπλᾶ

381 5295 590 5360 φαμεν,
617 5277 718 5348 τὴν
744 5277 800 5329 δὲ
829 5275 1096 5346 διαφορὰν
1127 5273 1235 5327 τῶν
1281 5271 1638 5325 ὑποστάσεων
1681 5273 1739 5323 ὲν
1759 5272 1952 5339 μόναις

377 5372 502 5434 ταῖς
530 5368 710 5441 τρισὶν
747 5367 999 5437 ἰδιότησι,
1027 5369 1094 5435 τῇ
1127 5362 1354 5433 ἀναιτίῳ
1385 5362 1480 5415 καὶ
1507 5364 1749 5432 πατρικῇ
1770 5363 1864 5414 καὶ
1884 5364 1950 5434 τῇ

379 5463 602 5530 αἰτιατῇ
631 5458 725 5513 καὶ
747 5459 921 5529 υίίκῇ,
951 5458 1048 5511 καὶ
1104 5459 1170 5525 τῇ
1227 5455 1451 5522 αἰτιατῇ
1498 5454 1592 5506 καὶ
1643 5453 1948 5522 ἐκπορευτῇ

384 5550 834 5620 ιπιγινὼσκομεν
856 5565 869 5579 ’
907 5547 1330 5618 ἀνεκφοιτήτους
1366 5545 1420 5597 δὲ
1454 5543 1641 5607 αὑτᾶς,
1680 5545 1773 5598 καὶ
1798 5543 1948 5596 ἀδια-

457 5740 512 5798 ¹1
545 5741 676 5797 Cor.
710 5756 770 5806 tt,
797 5741 848 5795 8.
874 5739 893 5769 ¹
935 5736 1094 5791 J-Jan.
1121 5752 1204 5804 ιιι,
1232 5736 1316 5791 15.

2563 4857 2830 4929 Ejusdem.
2862 4857 2992 4927 Cap.
3026 4857 3118 4912 69.

2120 4993 2481 5049 Personarum
2518 4993 2573 5047 in
2605 4992 2738 5059 Deo,
2777 5001 3092 5046 naturarum
3116 4991 3170 5043 in
3199 4987 3406 5044 Christo
3437 5002 3619 5042 nume-

2050 5100 2163 5140 rus.
2198 5083 2334 5138 Unio
2367 5099 2642 5138 numerum
2672 5098 2775 5136 non
2807 5083 2965 5136 tollit.
3013 5110 3079 5122 —
3126 5081 3391 5136 Caeterum
3451 5076 3619 5132 veluti

2054 5194 2218 5235 unam
2251 5178 2307 5232 in
2351 5175 2646 5231 Divinitate
2679 5184 2924 5230 naturam
2953 5173 3296 5232 conﬁtemur.
3341 5178 3453 5224 tres
3513 5183 3618 5222 au-

2053 5277 2161 5325 tem
2192 5280 2452 5338 personas
2486 5277 2614 5321 vere
2639 5265 2968 5321 exsistentes
3010 5263 3282 5327 dicimus;
3350 5270 3511 5329 atque
3550 5274 3610 5313 ea

2055 5360 2274 5430 quidem
2302 5358 2485 5414 omnia
2519 5372 2639 5428 qua:
2677 5355 2947 5412 naturalia
3002 5352 3431 5421 essentialiaqne
3460 5357 3614 5415 sunt,

2051 5465 2173 5504 esse
2213 5449 2483 5518 simplicia
2541 5447 2988 5518 pronuntiamus,
3048 5456 3410 5515 porsonarum
3488 5451 3618 5494 vero

2049 5541 2345 5597 discrimen
2380 5540 2432 5596 in
2464 5540 2596 5598 solis
2665 5540 2841 5596 tribus
2890 5538 3334 5612 proprietatibus,
3398 5532 3608 5594 scilicet
