4020 6214
283 247 422 314 1053

1210 250 1591 313 PANOPLIA
1629 247 2094 312 DOGllATICA.
2124 275 2194 288 -·
2223 250 2372 314 ΤιΤ.
2415 251 2564 322 XVI.

3393 249 3532 318 ιτδι

277 366 328 418 εί
383 362 493 418 ὑπὸ
539 361 602 418 τδ
643 363 869 435 συνεχὲς
923 368 1090 422 ποσὸν
1135 368 1478 436 ἀνάγονται,
1537 368 1576 440 ἢ
1628 368 1736 422 ὕπὸ
1795 369 1853 423 τὸ

1958 367 2024 421 de
2075 367 2288 428 Domini
2345 372 2556 425 naturis
2597 378 2960 443 pertentetnr,
3019 375 3087 431 ad
3141 373 3532 434 continuamnc'

273 449 674 520 διωρισμένον,
722 449 963 522 ίροῦμεν
988 489 1004 516 ,
1055 450 1139 504 δτι
1183 453 1239 505 αἱ
1268 450 1363 505 τοῦ
1399 451 1606 523 Κυρίου
1638 455 1854 524 φὺσεις,

275 537 401 595 οὔτε
431 540 492 594 εν
516 539 680 610 σῶμά
723 542 864 594 είσιν
886 580 905 605 ,
936 540 1060 595 οὒτε
1096 543 1194 614 μία
1226 543 1518 613 ἐπιφάνεια
1537 585 1552 609 ,
1577 544 1706 598 οὔτε
1756 546 1856 617 μία

275 631 550 702 γραμμὴ,
581 631 645 686 οὐ
674 635 900 702 χρόνος,
925 634 988 687 οὑ
1030 634 1230 700 τόπος,
1270 637 1360 691 ἵνα
1397 635 1502 689 ὑπὸ
1535 636 1595 690 τὸ
1628 637 1856 708 συνεχὲς

274 719 555 792 ἀναχθῶσι
593 722 806 778 ποσόν·
850 721 1031 778 ταῦτα
1072 725 1184 797 γάρ
1211 727 1319 781 εἰσι
1345 727 1414 781 τὰ
1454 725 1695 798 συνεχῶς
1728 728 1854 802 ἀρι-

271 811 416 878 Quae
425 829 584 885 μονα.

360 996 558 1051 Ἰστόον
583 997 642 1051 δὲ
671 996 749 1061 ὡς
788 998 818 1052 ό
856 998 1117 1070 ἀριθμὸς,
1152 999 1262 1054 τῶν
1298 999 1668 1074 διαφερόντων
1696 1005 1813 1059 ἔστί
1833 1020 1847 1040 ⁸

215 1081 228 1100 ’
271 1091 370 1148 καὶ
397 1089 666 1144 ἀδύνατον
707 1089 1097 1160 ἀριθμεῖσθαι,
1141 1092 1213 1145 τὰ
1259 1093 1404 1147 κατὰ
1453 1095 1623 1166 μηδὲν
1667 1097 1850 1167 διαφέ-

274 1197 469 1249 ροντα·
506 1182 630 1234 καθ’
672 1181 702 1234 ὃ
731 1182 792 1235 δὲ
823 1182 1142 1254 διαφόρουσι
1167 1223 1182 1250 ,
1215 1185 1360 1238 κατὰ
1401 1185 1563 1240 τοῦτο
1602 1189 1700 1242 καὶ
1732 1190 1849 1261 ἀρι-

272 1273 544 1344 Θμοῦνται
568 1289 586 1310 ι
623 1271 739 1328 οἷον
781 1278 810 1329 ό
846 1275 1053 1347 Πέτρος
1079 1277 1174 1330 καὶ
1201 1280 1229 1331 ό
1270 1276 1505 1342 Παῦλος,
1537 1281 1660 1334 καθ’
1692 1282 1720 1334 ὅ
1754 1286 1853 1353 μὲν

271 1366 530 1436 ἧνωνται,
560 1367 662 1420 οὐκ
702 1367 1083 1438 ἀριθμοῦνται.
1119 1369 1210 1439 Τῷ
1239 1369 1382 1440 λόγῳ
1414 1371 1522 1442 γὰρ
1543 1373 1640 1442 τῆς
1665 1374 1854 1434 οὐσίας

273 1457 584 1527 δινούμενοι,
633 1457 727 1512 δύο
764 1459 955 1529 φύσεις
999 1461 1064 1513 οὐ
1112 1459 1368 1516 δύνανται
1413 1464 1700 1532 λέγεσθαι·
1730 1463 1851 1518 καθ’

272 1547 575 1602 ὑπόστασιν
594 1549 650 1603 δὲ
679 1551 1062 1621 διαφέροντες,
1089 1551 1184 1606 δύο
1216 1553 1546 1616 ὑποστάσεις
1577 1554 1848 1624 λέγονται.

273 1638 442 1692 Ὥστε
469 1639 497 1691 ό
527 1638 760 1710 ἀριθμὸς
790 1640 900 1693 τῶν
923 1640 1291 1716 διαφερόντων
1314 1645 1453 1709 ἐστὶ,
1485 1646 1579 1699 καὶ
1601 1639 1645 1714 ᾧ
1666 1645 1850 1718 τρόπῳ

269 1729 589 1802 διαφέρουσι
639 1730 708 1784 τὰ
756 1731 1084 1804 διαφέροντα
1110 1773 1125 1800 ,
1174 1733 1348 1807 τούτῳ
1387 1735 1468 1808 τῷ
1513 1717 1709 1809 τρόπῳ
1754 1737 1850 1790 καὶ
1879 1717 1922 1773 Β

269 1821 654 1893 ἀριθμοσνται.

346 1912 624 1969 Ἥνωνται
661 1914 763 1986 μὲν
793 1908 889 1970 οὖν
915 1917 973 1970 al
1005 1915 1102 1970 τοῦ
1131 1915 1341 1989 Κυρίου
1371 1919 1564 1988 φύσεις
1611 1921 1854 1992 ἀσυγχύ-

266 2023 381 2069 τως
415 2006 542 2059 καθ’
584 2007 910 2069 ὑπόστασιν,
940 2009 1229 2080 διῄρηνται
1255 2009 1313 2063 δὲ
1344 2011 1670 2082 ἁδιαιρέτως
1706 2013 1852 2086 λόγῳ

268 2099 365 2151 καὶ
391 2097 580 2169 τρόπῳ
599 2097 704 2169 τῆς
728 2097 1014 2170 διαφορᾶς.
1042 2101 1154 2154 Καὶ
1173 2094 1218 2169 ᾦ
1248 2103 1348 2172 μὲν
1378 2103 1566 2174 τρόπῳ
1588 2105 1850 2174 ἦνωνται,

265 2191 372 2243 οὐκ
409 2190 808 2261 ἀριθμοῦνταιο
846 2191 907 2247 οὐ
943 2193 1056 2264 γὰρ
1091 2195 1220 2248 καθ’
1246 2195 1549 2250 ὑπόστασιν
1581 2196 1674 2250 δύο
1711 2195 1851 2252 εἷναί

267 2300 455 2352 φαμεν
481 2284 582 2348 τὰς
607 2283 799 2354 φύσεις
832 2285 925 2338 τοῦ
949 2286 1187 2356 Χριστοῦ
1215 2300 1230 2316 ⁸
1255 2280 1299 2356 ᾧ
1319 2288 1375 2340 δὲ
1398 2289 1586 2361 τρόπῳ
1611 2290 1851 2362 ἀδιαιρέ-

264 2391 384 2436 tio;
408 2374 715 2446 διῄρηνται,
738 2377 1099 2449 ἀριθμοῦνται
1119 2395 1134 2409 ο
1166 2379 1258 2432 δύο
1283 2379 1392 2448 γὰρ
1421 2382 1557 2433 εἰσιν
1581 2383 1635 2434 αί
1661 2381 1851 2450 φύσεις

265 2466 367 2520 τοῦ
399 2467 657 2537 Χριστοῦ,
691 2467 836 2538 λόγῳ
876 2471 968 2522 καὶ
997 2469 1185 2540 τρόπῳ
1221 2470 1322 2538 τῆς
1355 2471 1640 2541 διαφορᾶς.
1679 2471 1853 2527 ἸΙνω-

269 2559 438 2629 μέναι
469 2558 581 2630 γὰρ
622 2558 749 2613 καθ’
797 2559 1099 2616 ὑπόστασιν
1124 2600 1140 2622 ,
1195 2561 1292 2614 καὶ
1332 2562 1436 2633 τὴν
1493 2564 1550 2617 ὲν
1591 2563 1852 2634 ἀλλήλαις

267 2650 654 2721 περιχώρησιν
689 2651 935 2723 ιχουσαι,
970 2653 1296 2723 ἀουγχύτως
1345 2654 1602 2724 ⁴ηνωνται,
1639 2656 1736 2727 τὴν
1769 2658 1851 2710 ot-

266 2738 430 2792 κείαν
475 2740 680 2811 ἑκάστη
741 2741 982 2814 φυσικὴν
1030 2743 1296 2814 διαφορὰν
1343 2745 1707 2810 διασώζουσα.
1760 2747 1852 2820 Τῷ

264 2829 460 2900 τρόπῳ
508 2831 801 2903 τοιγαροῦν
851 2833 952 2903 τῆς
1011 2835 1318 2907 διαφορᾶς,
1381 2837 1478 2891 καὶ
1529 2839 1675 2908 μόνῳ
1731 2840 1853 2908 ἀρι-

265 2918 621 2991 θμούμεναι,
680 2922 788 2978 ὑπὸ
835 2923 903 2978 τὸ
954 2925 1323 2998 διωρισμένον
1384 2927 1554 2982 ποσδν
1607 2929 1850 3006 ἀναχθή-

267 3028 436 3068 com
443 3032 478 3067 ι.

345 3284 443 3354 Εἷς
472 3288 658 3344 τοίνυν
691 3289 842 3345 ἐστὶν
872 3291 904 3344 ό
931 3289 1190 3362 Χριστὸς,
1219 3291 1351 3356 Θεὸς
1385 3293 1596 3359 τέλειος
1621 3294 1717 3350 καὶ
1753 3295 1851 3350 ἄν·

263 3386 490 3456 θρωπος
529 3386 772 3450 τέλειος·
819 3387 879 3440 ὃν
932 3387 1350 3460 προσκυνοῦμεν
1398 3390 1496 3443 σὺν
1533 3391 1710 3462 Πατρὶ
1755 3393 1853 3446 καὶ

1958 461 2350 528 quantitatem,
2400 477 2469 517 an
2519 460 2585 518 ad
2621 461 2920 516 discretam
2948 461 3279 528 referantur,
3301 463 3393 528 sic
3447 479 3532 521 ro-

1955 551 2353 618 spondebimus
2379 569 2392 606 :
2427 551 2648 606 Domini
2876 562 3105 607 naturas
3132 569 3309 624 neque
3327 569 3532 623 corpus

1956 653 2126 694 unum
2181 656 2332 707 esse,
2381 656 2560 714 neque
2599 642 2800 697 lineam
2841 657 3031 710 unam,
3085 657 3264 713 neque
3289 650 3530 714 tempus,

1956 744 2140 801 neque
2171 730 2380 799 locum,
2411 741 2473 788 ut
2525 733 2592 787 ad
2622 735 2940 788 continuam
2973 733 3336 802 quantitatem
3365 733 3527 788 redu-

1952 831 2168 874 cantur.
2189 817 2314 877 Haac
2346 822 2496 878 enim
2538 833 2688 890 sunt,
2726 839 2844 895 qua:
2862 825 3128 879 continue
3153 831 3361 894 quanta
3399 833 3531 906 Cen-3

1952 919 2109 966 sentu
2120 927 2166 966 Γ.
3070 933 3073 937 '
3225 951 3231 957 .
3464 926 3469 930 ‘
3499 931 3506 941 ’λ
3526 923 3534 936 ν’

2022 1017 2319 1076 Sciendum
2342 1039 2507 1096 porro
2539 1036 2624 1082 est
2671 1042 2735 1080 ea
2765 1027 2818 1080 in
2847 1039 3143 1095 tmtnerum
3195 1022 3391 1081 cadere
3410 1012 3547 1095 quae”

1955 1110 2098 1166 inter
2126 1127 2185 1169 se
2206 1113 2618 1187 distinguuntur
2644 1159 2659 1183 ,
2695 1133 2797 1172 nec
2833 1115 3113 1171 numerari
3169 1130 3229 1169 ea
3254 1101 3422 1184 posse
3445 1113 3532 1168 in-

1953 1211 2036 1257 ter
2058 1217 2180 1274 quae
2206 1205 2359 1260 nulla
2392 1206 2680 1264 distinctio
2720 1214 2806 1264 est
2840 1224 2854 1260 :
2883 1206 2980 1260 sed
3017 1213 3293 1278 quatenus
3331 1189 3564 1262 distinQ.

1949 1307 2213 1365 guuntur,
2237 1306 2468 1354 eatenus
2490 1300 2801 1366 numerari”;
2829 1315 2914 1355 ex.
2941 1315 3049 1372 ειη,
3079 1295 3274 1353 Petrus
3305 1303 3360 1351 et
3385 1293 3529 1348 Pau-

1950 1386 2063 1452 lus,
2085 1402 2194 1460 qua
2226 1389 2442 1445 ratione
2478 1390 2615 1445 uniti
2637 1399 2789 1456 sunt,
2815 1405 2926 1445 non
2954 1397 3356 1453 numerantur;
3379 1400 3528 1450 nam,

1950 1495 2073 1533 cum
2140 1481 2442 1537 secundmn
2513 1483 2809 1540 essentiam
2866 1482 3220 1552 copulentur,
3263 1478 3527 1564 diciumn

1951 1581 2186 1643 possunt
2212 1573 2334 1628 duae
2357 1584 2566 1631 naturai
2591 1595 2604 1632 :
2640 1587 2693 1632 at
2717 1589 2868 1638 vero,
2895 1589 3018 1630 cum
3046 1575 3260 1628 ratione
3283 1582 3531 1640 persons

1949 1663 2354 1732 diﬂ‘erunt,duae
2373 1667 2596 1740 proinde
2615 1683 2858 1740 persona:
2880 1655 3156 1722 dicuntur.
3170 1663 3245 1719 Ex
3261 1677 3369 1735 quo
3386 1668 3531 1739 βίηφι
3557 1733 3570 1744 _

1954 1771 2239 1811 numerum
2294 1758 2363 1815 iis
2390 1761 2706 1824 convenire,
2751 1774 2874 1829 qua:
2905 1758 3048 1814 inter
3075 1771 3135 1812 se
3155 1754 3449 1819 diﬂ'erunt;
3478 1761 3532 1810 et
3627 1770 3650 1806 ε

1953 1857 2222 1917 quatenus
2252 1849 2534 1916 diﬁ'erunt,
2581 1852 2849 1907 hactenus
2877 1864 3098 1923 quoque
3129 1862 3192 1904 ea
3224 1842 3527 1900 numerari.

2026 1939 2161 1994 θυαε
2185 1941 2380 1999 Christi
2399 1952 2606 1998 natura’
2631 1942 2898 1998 discretw.
2925 1973 2993 1985 —-
3017 1940 3288 2007 Quocirca
3313 1933 3529 1995 Domini

1954 2041 2188 2098 naturas.
2263 2044 2532 2105 quantum
2570 2034 2638 2090 ad
2707 2050 3001 2106 personam
3051 2034 3271 2094 attinet.
3320 2029 3530 2098 absque
3582 2027 3584 2030 ’

1952 2123 2282 2183 confusione
2334 2128 2502 2181 unita:
2552 2135 2727 2193 sunt;
2761 2133 3025 2196 quantum
3061 2130 3241 2192 autem
3277 2119 3344 2175 ad
3375 2117 3531 2176 ditl'e-

1953 2215 2144 2270 rentize
2195 2216 2490 2282 rationem,
2521 2217 2732 2285 absque
2783 2214 3058 2270 divisione
3087 2212 3528 2282 distinguuntur.

1952 2306 2030 2361 Ac
2055 2307 2276 2376 quidem
2306 2324 2414 2377 qua
2444 2309 2658 2363 ratione
2689 2307 2855 2362 unita:
2886 2314 3038 2371 sunt,
3076 2304 3301 2358 minime
3330 2314 3530 2355 notue-

1953 2407 2150 2452 rantur
2205 2398 2418 2470 (neque
2468 2400 2616 2454 enim
2646 2399 2785 2454 duas
2833 2407 3097 2467 quantum
3129 2395 3192 2449 ad
3238 2406 3527 2462 personam

1953 2488 2196 2544 dicimus
2256 2505 2382 2548 esse
2416 2489 2624 2546 Christi
2680 2501 2910 2546 naturas
2933 2487 2976 2558 ).
3015 2501 3124 2558 qua
3157 2494 3337 2541 autem
3390 2481 3528 2534 citra

1953 2578 2281 2636 divisionem
2364 2579 2644 2636 distinctze
2707 2587 2894 2641 sunt.
2951 2583 3333 2634 numerantur.
3402 2570 3530 2626 Duae

1951 2671 2098 2730 enim
2127 2671 2336 2728 Christi
2393 2683 2606 2728 natura?
2635 2680 2791 2738 sunt,
2822 2668 3200 2730 distinctionis
3235 2666 3446 2720 ratione
3475 2670 3530 2717 et

1954 2763 2118 2820 modo
2160 2781 2176 2816 :
2209 2777 2336 2816 nam
2365 2763 2492 2832 quia
2546 2762 2762 2818 ratione
2805 2774 3055 2832 persanata
3087 2756 3257 2812 unita:
3292 2762 3444 2820 situt,
3475 2762 3531 2808 et

1954 2853 2186 2909 invicem
2219 2868 2280 2909 se
2311 2853 2636 2924 pchudunt,
2664 2853 2800 2908 citra
2829 2849 3206 2908 confusionem
3236 2845 3529 2906 uninntur.

1955 2959 2112 3000 suam
2173 2945 2485 3002 naturalem
2557 2943 2927 3000 diﬂ‘erentiam
2987 2939 3162 2994 ambae
3204 2937 3528 2991 retinentes.

1881 3043 1924 3102 ε
1957 3036 2163 3104 Quare,
2209 3042 2336 3092 cum
2369 3035 2749 3092 distinctionis
2799 3033 2985 3100 modo,
3018 3033 3256 3103 ejusque
3288 3029 3406 3082 sola
3442 3041 3533 3080 ra-

1951 3125 2101 3182 tione
2129 3137 2516 3194 numerentur,
2556 3127 2626 3182 ad
2676 3127 2972 3183 discretam
3021 3121 3389 3196 quantitatem
3440 3134 3534 3174 re-

1953 3215 2232 3287 digeritur.

2029 3307 2303 3377 Quomodo
2325 3307 2526 3366 Christi
2557 3325 2682 3362 caro
2705 3305 2978 3364 adoretur.
3006 3329 3080 3345 -ι
3200 3301 3538 3371 QuaprOpter

1949 3421 2091 3464 unus
2147 3411 2234 3461 est
2256 3401 2534 3468 Christus,
2590 3398 2734 3461 Deus
2773 3396 3078 3472 perfectus,
3123 3401 3178 3449 et
3207 3391 3372 3446 homo
3414 3403 3534 3460 per-

264 3479 593 3551 Πνεύματι,
651 3483 751 3554 μιᾷ
806 3485 1178 3555 προσκυνήσει
1233 3484 1374 3555 μετὰ
1420 3485 1522 3557 τῆς
1574 3487 1848 3558 ἀχράντου

1955 3496 2148 3562 fectus,
2207 3495 2296 3550 cui
2349 3508 2514 3549 unam
2571 3491 2928 3559 eamdemque
2982 3484 3355 3541 adorationem
3407 3494 3533 3535 cum

265 3574 480 3643 capqu
513 3574 719 3641 αὑτοῦ,
767 3575 870 3629 οὐκ
914 3575 1334 3648 ἁπροσκύνητον
1387 3578 1488 3651 τὴν
1526 3579 1708 3648 σάρκα
1762 3580 1855 3633 λέ·

264 3681 464 3732 γοντες
493 3681 507 3694 ·
550 3670 941 3737 προσκυνεῖται
994 3668 1105 3738 γὰρ
1139 3669 1198 3720 ὲν
1241 3671 1307 3742 τῇ
1365 3672 1464 3739 μιᾷ
1518 3669 1614 3722 τοῦ
1673 3669 1851 3738 Λόγου

265 3759 602 3825 ὑποστάσει,
655 3761 778 3830 ἣτις
823 3762 963 3831 αὐτῇ
1026 3761 1327 3824 ὑπόστασις
1395 3762 1652 3829 γέγονεν’
1695 3763 1757 3816 οὐ
1788 3765 1854 3834 τῇ

267 3851 452 3905 κτίσει
478 3852 855 3925 λατρεύοντες.
889 3856 966 3908 Οὐ
998 3854 1108 3924 γὰρ
1141 3855 1215 3917 ὡς
1243 3853 1404 3926 ψιλὴν
1437 3855 1656 3927 σάρκαί
1695 3874 1856 3927 προσ·

266 3941 584 4012 κυνοῦμεν,
634 3943 750 3996 ἀλλ’
781 3945 856 4006 ὡς
898 3944 1188 4015 ἡνωμένην
1231 3945 1479 4014 θεότητι,
1533 3945 1628 4004 καὶ
1672 3947 1751 4009 είς
1795 3947 1856 4000 ἓν

269 4034 570 4103 πρόσωπον
599 4035 693 4089 καὶ
722 4035 855 4107 μίαν
889 4037 1194 4091 ὑπόστασιν
1222 4036 1317 4090 τοῦ
1346 4036 1482 4090 Θεοῦ
1516 4039 1714 4106 Λόγου,
1748 4039 1858 4094 τῶν

267 4125 371 4180 δύο
396 4127 562 4180 αὐτοῦ
587 4129 942 4197 ἀναγομένων
987 4131 1224 4198 φύσεων.
1271 4129 1499 4184 Δέδοικα
1527 4130 1622 4184 τοῦ
1651 4131 1856 4203 ἄνθρα-

267 4237 371 4283 κος
399 4219 642 4291 ἅψασθαι
667 4221 757 4275 διὰ
775 4222 835 4275 τὸ
860 4221 938 4293 τῷ
968 4223 1107 4292 ξύλῳ
1130 4222 1476 4292 συνημμένον
1507 4223 1638 4295 πῦρ,
1677 4226 1854 4298 Προσ-

268 4309 425 4365 κυνῶ
473 4310 570 4366 τοῦ
619 4312 860 4386 Χριστοῦ
915 4312 976 4365 τὸ
1015 4311 1469 4383 συναμφότερον,
1512 4313 1600 4365 διὰ
1641 4313 1740 4385 τὴν
1788 4316 1853 4384 τῇ

1945 3581 2114 3642 Patre
2149 3594 2204 3640 et
2233 3585 2462 3654 Spiritu,
2491 3597 2602 3636 non
2627 3581 2852 3634 exclusa
2873 3577 3224 3633 immaculata
3261 3574 3381 3642 ejus
3410 3587 3536 3627 car-

1953 3696 2044 3745 ne,
2078 3676 2427 3736 adhibemus.
2458 3672 2646 3743 Neque
2665 3670 2813 3726 enim
2869 3664 3204 3723 adorandam
3255 3678 3379 3718 esse
3409 3677 3533 3714 car-

1957 3788 2083 3827 nem
2113 3770 2233 3840 ejus
2261 3781 2530 3840 negamus
2566 3783 2580 3819 :
2610 3761 2817 3835 quippe
2877 3774 2998 3832 quae
3036 3756 3304 3813 adoratur
3332 3753 3387 3805 in
3423 3767 3532 3805 una

1956 3861 2124 3920 Verbi
2154 3872 2413 3934 persona,
2442 3871 2564 3926 quas
2589 3853 2814 3927 quidem
2849 3851 2953 3924 ipsi
3010 3861 3247 3922 persona
3279 3854 3332 3900 et
3361 3847 3534 3914 hypo-

1957 3955 2123 4016 stasis
2155 3954 2298 4008 facta
2321 3962 2425 4009 est.
2457 3951 2574 4020 Qua
2601 3952 2657 4005 in
2687 3965 2745 4004 re
2768 3963 2877 4004 non
2912 3953 3183 4001 creatum
3220 3939 3533 4007 servimus;

1959 4062 2069 4104 non
2117 4045 2264 4100 enim
2321 4043 2493 4108 illam,
2546 4057 2650 4094 ceu
2689 4039 2891 4093 nudam
2951 4049 3176 4089 carnem
3209 4033 3532 4090 adoramus,

1958 4138 2053 4196 sed
2089 4142 2236 4193 velut
2281 4133 2560 4191 divinitati
2625 4131 2836 4185 unitam
2865 4145 2880 4183 ε
2911 4135 2968 4184 et
3003 4125 3134 4197 quia
3181 4123 3303 4180 dua:
3360 4121 3535 4190 ipsius

1955 4239 2162 4286 natura:
2191 4225 2258 4280 ad
2292 4240 2453 4279 unam
2485 4221 2580 4277 Dei
2615 4219 2778 4276 Verbi
2816 4229 3110 4290 personam
3169 4211 3534 4272 reducuntur.

1953 4332 2231 4388 unamque
2303 4311 2743 4372 subsistentiam.
2823 4308 3137 4364 Carbonem
3190 4312 3416 4372 tangere
3467 4299 3539 4354 oh

270 4397 442 4469 capiti.
484 4400 774 4472 ἡνωμένην
830 4398 1084 4467 θεότητα.
1116 4397 1192 4452 Οὐ
1248 4397 1361 4468 γὰρ
1398 4399 1666 4465 τέταρτον
1705 4410 1850 4464 παρ-

1961 4404 2142 4477 ignem
2169 4418 2295 4458 cum
2341 4401 2492 4473 ligno
2521 4399 2876 4469 conjunctum
2904 4409 3120 4450 vereor.
3153 4391 3354 4446 Amhas
3383 4389 3542 4445 Chri-

265 4494 529 4562 εντίθημι
563 4493 864 4565 πρόσωπον
892 4491 949 4544 ὲν
974 4494 1040 4562 τῇ
1071 4489 1286 4562 Τριάόι·
1333 4489 1408 4560 μὴ
1434 4489 1649 4560 γένοιτο
1675 4504 1691 4553 ;
1729 4483 1846 4539 ἀλλ’

265 4584 350 4639 ἓν.
383 4586 679 4656 πρόσωπον
727 4583 979 4655 ὁμολογῶ
1038 4583 1135 4638 τοῦ
1189 4583 1324 4637 Θεοῦ
1379 4581 1559 4649 Λόγου
1614 4579 1711 4634 καὶ
1745 4579 1848 4648 τῆς

268 4677 480 4748 σαρκὸς
506 4675 697 4733 αὐτοῦ.
754 4675 929 4746 Τριὰς
962 4675 1073 4745 γὰρ
1123 4673 1342 4742 ἔμεινεν
1398 4673 1431 4743 ἠ
1493 4670 1689 4744 Τριὰς,
1755 4669 1852 4724 καὶ

269 4771 423 4844 μετὰ
453 4771 553 4842 τὴν
579 4771 676 4825 τοῦ
707 4770 885 4839 Λόγου
919 4769 1226 4840 σάρκωσιν.

635 4995 746 5051 Τοῦ
779 4992 988 5050 αὐτοῦ.
1024 4991 1371 5062 Κεφάλαιον
1401 4993 1524 5057 ᾖς’.

343 5138 452 5194 τὸν
475 5137 608 5190 Υίὸν
641 5136 736 5189 τοῦ
791 5131 931 5186 Θεοῦ
964 5131 1063 5185 σὺν
1119 5129 1196 5202 τῷ
1242 5129 1420 5198 Πατρὶ
1451 5128 1546 5182 καῖ
1601 5123 1680 5198 τῷ
1707 5126 1851 5198 ἁγίῳ

277 5232 563 5302 Πνεῦματι
625 5223 1069 5301 προσκυνοῦμενσ
1129 5219 1426 5288 ἀσώματον
1473 5221 1573 5292 μὲν
1601 5221 1708 5290 πρὸ
1736 5221 1839 5290 τῆς

275 5323 712 5394 ἁνθρωπήσεωξ,
737 5320 832 5372 καὶ
861 5316 954 5372 νῦν
976 5316 1070 5369 τὸν
1096 5315 1260 5369 αὐτον
1293 5313 1718 5384 σεσαρκιομὲνον
1756 5312 1852 5365 καὶ

274 5418 578 5488 γενόμενον
612 5411 921 5481 ἄνθρωπον,
959 5406 1099 5479 μετὰ
1130 5407 1226 5459 τοῦ
1264 5401 1406 5460 εἶναι
1441 5405 1597 5460 Θεόν.
1639 5404 1705 5458 Ἦ
1737 5405 1851 5457 τοί-

275 5527 372 5562 νυν
407 5506 546 5572 σὰρξ
582 5504 774 5570 αὑτοῦ,
799 5503 944 5557 κατὰ
980 5501 1081 5571 μὲν
1130 5499 1232 5572 τὴν
1281 5496 1484 5567 ἑαυτῆς
1541 5495 1733 5566 φύσιν,
1782 5495 1853 5549 ἃν

275 5599 458 5671 διέλῃς
489 5599 698 5668 ίσχναῐς
714 5594 978 5658 ἐπινοίαις
994 5592 1056 5646 τὸ
1087 5591 1370 5662 ὁρώμενον
1402 5592 1466 5644 ἐκ
1505 5589 1600 5643 τοῦ
1627 5589 1854 5658 νοουμέ-

279 5710 396 5761 νου,
430 5691 848 5765 ἁπροσκύνητός
881 5690 1056 5753 ἐστιν,
1099 5683 1174 5750 ὡς
1210 5683 1435 5755 κτιστή·
1499 5682 1767 5737 ὲνωθεῑοα
1796 5682 1850 5735 δὲ

1956 4492 2026 4547 sti
2082 4499 2309 4547 naturas
2351 4489 2443 4545 ’ob
2494 4486 2706 4542 unitam
2752 4484 2904 4542 carni
2957 4484 3301 4542 divinitatem
3337 4486 3530 4543 adoro.

1953 4580 2072 4640 Non
2104 4588 2357 4654 quartam
2391 4579 2646 4634 Trluilati
2694 4592 2987 4650 personam
3051 4577 3228 4635 infero
3259 4597 3274 4633 :
3334 4581 3478 4634 absit
3513 4583 3526 4635 Ι

1954 4675 2048 4731 sed
2084 4689 2242 4729 unam
2285 4671 2376 4727 Dei
2423 4670 2606 4735 Verbi,
2667 4673 2960 4743 carnisque
3001 4670 3175 4740 ipsius
3238 4685 3527 4740 personam

1954 4766 2239 4821 conﬁteor.
2266 4764 2508 4818 Trinitas
2535 4763 2738 4832 quippe
2755 4763 2924 4817 etiam
2957 4771 3081 4833 post
3107 4760 3270 4816 Verbi
3337 4763 3524 4814 incar-

1953 4859 2234 4914 nationem
2258 4857 2500 4912 Trinitas
2531 4855 2755 4911 mansit.

2480 4988 2756 5060 Ejusdcm.
2783 5003 2906 5057 cap.
2939 4986 3032 5042 96.

2030 5131 2226 5188 Christi
2253 5145 2400 5194 caro,
2437 5138 2493 5182 ut
2514 5127 2660 5182 Verbi
2689 5143 2816 5180 caro
2850 5127 3157 5188 adoranda,
3183 5142 3286 5179 non
3320 5125 3528 5178 ratione

1954 5227 2146 5282 sui.—
2168 5223 2258 5276 Dei
2282 5221 2478 5276 Filium
2503 5219 2664 5276 simul
2689 5234 2809 5275 cum
2840 5218 2997 5275 Patre
3011 5227 3062 5270 et
3095 5217 3300 5286 Spiritu
3341 5231 3529 5272 sancto

1954 5317 2274 5380 adoramus,
2327 5326 2560 5382 corpore
2606 5296 2823 5380 quidem
2861 5309 3064 5366 nudum
3111 5320 3398 5377 antequam
3431 5309 3532 5361 hn-

1957 5405 2271 5461 tuauitatem
2307 5402 2734 5472 assumpsisset,
2772 5416 2913 5454 nunc
2948 5409 3128 5455 autem
3163 5399 3416 5454 eumdem
3443 5401 3530 5454 iu-

1957 5506 2241 5556 carnatum
2270 5496 2654 5565 hominemque
2683 5491 2912 5556 factum,
2941 5509 3063 5547 cum
3104 5509 3170 5547 eo
3205 5495 3347 5565 quod
3387 5494 3530 5550 Deus

1956 5601 2060 5646 est.
2088 5591 2164 5646 Ac
2198 5587 2424 5658 proinde
2455 5587 2628 5657 ipsius
2663 5599 2794 5640 caro
2821 5598 3012 5660 suapte
3056 5587 3274 5657 quidem
3314 5599 3534 5666 natuta’

1960 5683 2008 5737 si
2076 5680 2260 5738 subtili
2312 5679 2546 5753 quadam
2601 5675 3038 5733 consideratione
3065 5675 3118 5732 id
3180 5675 3326 5754 quod
3397 5679 3534 5736 vista.-
