4032 6210
537 221 676 288 1055
1754 221 2129 283 EUTllYMII

2219 221 2342 285 [ΟΛ
2353 223 2528 286 BENI
3704 236 3847 300 1056

537 371 650 428 bile
686 380 793 440 est,
831 373 902 430 ab
952 388 1018 430 eo
1059 373 1204 446 quod
1253 372 1467 428 ratione
1491 379 1703 426 tantum
1765 368 2127 442 intelligitur,

2215 373 2284 446 τῷ
2315 372 2436 444 Θεῷ
2461 371 2644 443 Λόγῳ,
2684 372 2752 426 δι’
2779 371 2943 426 αὑτὸν
2973 373 3066 426 καὶ
3102 374 3162 427 ὲν
3189 371 3342 443 αύτῷ
3373 375 3834 443 προσκυνεῖται.

540 465 865 523 distinxeris
882 509 897 533 ,
922 481 1268 537 nequaquam
1288 463 1567 520 adoranda
1593 469 1706 528 est,
1724 470 1912 533 utpote
1930 471 2129 528 creataI

2215 465 2417 535 Ὀνπερ
2463 462 2822 535 γὰρ-τρόπον
2865 465 2894 517 ό
2929 461 3184 533 βασιλεὺς
3231 465 3328 518 καὶ
3377 464 3608 534 γυμνὸς
3649 481 3837 534 προσ-

537 549 596 615 ἐι
655 576 781 615 cum
831 557 944 614 Deo
998 559 1175 614 Verbo
1217 559 1372 613 unita
1438 557 1531 624 sit,
1578 564 1807 628 propter
1837 555 2015 626 ipsum
2084 565 2129 608 et

2215 555 2453 608 κυνεῖται
2489 554 2584 607 καὶ
2625 552 3006 624 ἐνδεδυμένος,
3051 554 3145 607 καὶ
3191 555 3225 624 ὴ
3258 555 3520 625 ἁλουργὶς
3546 595 3568 618 ,
3606 555 3702 618 ὡς
3736 557 3839 626 μὲν

544 653 598 706 ἱιι
630 655 752 724 ipso
779 653 1065 707 aduratur.
1109 650 1601 719 Quemadmodum.
1629 651 1774 706 enim
1809 665 1927 711 rex,
1955 658 2005 702 et
2036 663 2129 700 nu.

2215 645 2337 716 ψιλὴ
2373 645 2653 715 ἁλουργὶς,
2685 646 2941 697 πατεῖται
2978 645 3072 698 καὶ
3103 646 3566 716 περιρῥίπτεται,
3606 646 3837 716 βασιλι-

3943 77 3976 734 ξ

549 743 678 808 dus,
724 753 779 798 et
831 745 1080 818 vestibus
1139 744 1367 799 indutus
1425 744 1720 809 adoratur;
1779 755 1844 796 ac
1895 754 2137 810 purpura

527 833 771 902 quidem
805 836 950 888 velut
976 836 1211 905 simplex
1250 849 1494 906 purpura
1530 834 1779 888 calcatur
1811 842 1864 886 et
1905 830 2137 902 projici-

544 931 666 986 tur;
700 930 997 992 postquam
1032 934 1217 980 autem
1243 927 1296 980 in
1329 927 1538 996 regium
1570 926 1950 981 indumentum
1986 923 2140 979 adhi-

543 1012 658 1066 bita
690 1023 794 1080 est,
823 1025 937 1068 tum
965 1005 1175 1070 honore
1200 1028 1251 1072 et
1283 1019 1460 1088 gloria
1494 1017 1746 1082 allicitur,
1794 1032 1969 1088 eaque
2001 1031 2138 1069 con—

542 1104 754 1159 ditione
789 1114 902 1172 est,
953 1116 1012 1158 ut
1051 1109 1144 1176 qui
1183 1124 1300 1161 eam
1358 1109 1618 1164 indecore
1654 1111 1927 1172 tractarit,
1964 1116 2139 1163 morte

543 1197 868 1267 plerumque
901 1201 1192 1254 multetur:
1221 1203 1367 1256 velut
1389 1205 1554 1257 etiam
1576 1204 1805 1274 simplex
1832 1205 2042 1276 lignum
2121 1245 2134 1267 ,

545 1305 655 1342 non
703 1289 786 1345 sic
859 1300 1233 1360 comparatum
1301 1303 1384 1348 est
1433 1302 1490 1348 ut
1538 1296 1686 1365 tangi
1745 1312 1854 1350 non
1912 1295 2135 1367 possit,

545 1385 810 1432 caeterum
841 1380 931 1433 ubi
959 1381 1182 1436 admoto
1211 1382 1334 1452 igne
1361 1385 1531 1437 carbo
1557 1385 1750 1450 evasit,
1779 1400 1888 1438 non
1915 1384 2136 1454 quidem

545 1479 740 1540 suapte
771 1471 842 1534 vi,
895 1471 991 1526 sed
1029 1473 1099 1528 ob
1136 1473 1460 1540 adjunctum
1490 1476 1666 1547 ignem
1703 1517 1716 1539 ,
1771 1491 1871 1530 nec
1908 1476 2139 1546 pmpius

547 1561 838 1626 adiri,nec
885 1565 1282 1633 taugiomuino
1336 1577 1547 1637 potest:
1575 1583 1683 1622 non
1735 1568 1880 1636 quod
1925 1582 1988 1623 ea
2013 1566 2142 1636 ligni

2209 739 2305 791 κον
2331 739 2387 791 δὲ
2415 738 2683 807 γενομένη
2709 737 2939 804 ἔνδυμα,
2968 739 3204 807 τιμᾷται
3233 739 3326 791 καὶ
3352 738 3707 804 δοξάζεται,
3742 742 3842 794 καὶ

2209 829 2262 883 εἴ
2290 847 2374 893 τις
2402 829 2573 900 αὐτὴν
2600 827 3058 900 παροικτρὼσειε,
3103 829 3356 894 θάνατον,
3380 831 3456 895 ὡς
3498 833 3587 885 τᾶ
3625 834 3837 894 πολλὰ,

2210 921 2644 992 κατακρίνεται·
2697 920 2773 983 ὡς
2805 921 2862 974 δὲ
2904 922 2998 974 καὶ
3038 920 3194 986 ξύλον
3235 921 3393 990 ψιλὸν
3433 923 3547 995 ούκ
3589 926 3729 978 ἐστι
3770 931 3836 996 τῇ

2211 1015 2322 1084 ἀφῇ
2359 1013 2681 1084 ἀπρόσιτον,
2732 1013 2869 1080 πυρὶ
2907 1013 2965 1065 δὲ
3014 1015 3426 1086 προσομιλῆσαν
3463 1018 3575 1072 καὶ
3612 1018 3834 1090 ἄνθραξ

2211 1105 2523 1175 γενόμενον,
2580 1105 2642 1158 ού
2685 1105 2751 1159 δι’
2781 1104 2963 1166 ἑαυτὸ,
3003 1105 3092 1158 διὰ
3119 1105 3177 1158 δὲ
3199 1106 3258 1158 τὸ
3288 1109 3665 1178 συνημμένον
3695 1111 3833 1181 πῦρ,

2211 1193 2508 1263 ἀπρόσιτον
2535 1194 2787 1262 γίνεται,
2827 1194 2920 1246 καὶ
2967 1195 3065 1264 οὐχ
3097 1196 3129 1265 ἡ
3163 1195 3259 1248 τοῦ
3288 1195 3447 1260 ξύλου
3485 1198 3685 1266 φύσις
3727 1202 3828 1254 ύπ-

2214 1289 2371 1358 ἀρχει
2395 1287 2712 1357 ἀπρόσιτος,
2739 1287 2855 1340 ἀλλ’
2885 1289 2912 1340 ὁ
2935 1287 3162 1357 ἄνθραξ,
3188 1289 3306 1360 ἦτοι
3331 1291 3393 1343 τὸ
3423 1309 3832 1360 πεπυρακτω-

2217 1377 2383 1445 μένον
2441 1376 2640 1443 ξύλον,
2692 1375 2838 1430 οὖτω
2894 1376 2988 1429 καὶ
3040 1378 3072 1447 ἠ
3125 1377 3306 1448 σὰρξ,
3354 1381 3501 1436 κατὰ
3551 1383 3674 1452 μὲν
3729 1383 3830 1454 τὴν

2213 1469 2415 1538 ἑαυτῆς
2440 1468 2603 1537 φύσιν
2626 1509 2642 1535 ,
2687 1469 2788 1522 οὐκ
2828 1468 2945 1522 ἔστι
2976 1473 3328 1542 προσκυνητὴ
3353 1513 3369 1535 ,
3408 1479 3830 1544 προσκυνεῖται

2213 1560 2271 1614 δὲ
2303 1562 2361 1614 ἐν
2405 1560 2484 1630 τῷ
2519 1561 2931 1632 σεσαρκωμένῳ
2962 1561 3084 1633 Θεῷ
3120 1563 3314 1633 Λόγῳ,
3363 1565 3425 1618 οὑ
3467 1567 3545 1620 δι’
3588 1570 3826 1643 ἑαυτὴν,

484 1721 498 1736 _
547 1663 742 1710 natura
775 1657 868 1721 sit,
900 1665 950 1709 ut
988 1659 1293 1726 propiorem
1325 1661 1393 1714 ad
1432 1676 1490 1716 se
1521 1676 1808 1716 accessum
1835 1674 1947 1715 non
1983 1659 2129 1714 l'erat.

2217 1645 2351 1700 ἀλλὰ
2423 1645 2511 1699 διὰ
2588 1647 2679 1701 τὸν
2731 1647 3011 1718 ἡνωμένον
3077 1649 3217 1720 αὐτῇ
3300 1650 3421 1705 καθ’
3501 1655 3830 1714 ὑπόστασιν

547 1746 642 1799 sed
667 1747 809 1814 quod
835 1747 945 1816 jam
978 1751 1144 1804 carbo
1168 1751 1259 1813 sit,
1313 1767 1410 1806 seu
1467 1753 1672 1821 lignum
1697 1765 2034 1808 accensum:
2074 1750 2144 1804 ad

549 1837 797 1892 eumdem
842 1855 1063 1910 quoque
1107 1843 1326 1896 modum
1377 1859 1504 1897 caro
1557 1855 1753 1913 suapte
1795 1845 2014 1915 quidem
2049 1857 2147 1896 na-

551 1936 674 1981 tura
709 1944 1054 1999 nequaquam
1088 1941 1173 1985 est
1207 1933 1521 1988 adoranda:
1564 1937 1655 1989 sed
1689 1951 1814 1989 eum
1857 1935 2146 1988 incarnato

2217 1737 2350 1791 Θεὸν
2411 1738 2621 1808 Λόγονο
2684 1741 2780 1792 καὶ
2829 1738 2889 1792 οὗ
2930 1757 3147 1810 φαμεν,
3188 1743 3271 1795 ὅτι
3325 1745 3512 1815 σάρκα
3574 1768 3830 1822 προσ-κν-

2218 1829 2420 1900 νοῦμεν
2450 1828 2635 1900 ψιλὴν,
2666 1829 2805 1886 ἀλλὰ
2831 1831 3010 1902 σάρκα
3029 1831 3191 1901 Θεοῦ,
3225 1835 3346 1904 ἦτοι
3377 1845 3825 1913 σεσαρωμένον

2217 1921 2374 1975 Θεόν.

553 2012 732 2067 Verbo
762 2013 1045 2076 adoratur,
1088 2025 1197 2064 non
1229 2009 1451 2079 quidem
1488 2021 1716 2077 propter
1739 2009 2002 2078 seipsam,
2038 2008 2133 2061 sed
2173 2018 2396 2077 propter
2439 2010 2607 2063 Deum
2638 2010 2902 2080 Verbum,
2935 2010 3081 2082 quod
3132 2014 3435 2071 secundum
3463 2015 3818 2088 hypostasim

555 2109 657 2178 ipsi
694 2108 1013 2177 copulatum
1041 2115 1146 2160 est.
1182 2106 1370 2174 Neque
1412 2106 1561 2159 enim
1592 2105 1826 2159 fatemur
1865 2105 2071 2157 nudam
2129 2102 2442 2173 simplicem
2491 2121 2714 2162 carnem
2750 2108 2994 2172 adoz-ari.
3025 2124 3215 2166 verum
3241 2111 3336 2164 Dei
3389 2125 3666 2177 carnem,
3705 2116 3819 2168 sive

553 2204 727 2257 Deum
765 2203 1130 2254 incarnatum.

1075 2336 1350 2406 Ejusdem.
1391 2335 1526 2406 Cap.
1561 2337 1649 2391 75.

620 2478 883 2547 Quamvis
917 2476 1062 2533 enim
1101 2473 1247 2530 nulla
1292 2474 1364 2527 sit
1404 2483 1599 2527 natura
1663 2487 1784 2542 qua:
1821 2471 2127 2526 subsisten-

551 2573 624 2627 tia
647 2579 858 2633 careat,
894 2582 995 2622 nec
1024 2566 1134 2620 ulla
1162 2565 1463 2620 substantia
1515 2577 1634 2632 qua:
1660 2577 1902 2632 persona:
1930 2577 2127 2632 expers

549 2666 779 2719 exsistat
834 2662 1057 2731 (quippe
1100 2674 1227 2714 cum
1264 2667 1320 2711 et
1353 2655 1658 2710 substantia
1710 2665 1765 2708 et
1816 2667 2011 2706 natura
2072 2652 2126 2706 in

550 2758 925 2813 subsistentiis
956 2754 1377 2809 eousiderentur
1431 2760 1486 2804 et
1537 2750 1786 2819 personis
1815 2752 1834 2814 )
1863 2789 1877 2809 .
1926 2759 1983 2802 at
2015 2763 2127 2802 non

550 2849 758 2904 idcirco
800 2862 1018 2903 necesse
1080 2857 1140 2900 ut
1178 2855 1385 2899 natura:
1443 2844 1588 2906 illae,
1643 2858 1764 2912 qua:
1824 2841 2126 2897 secundum

549 2939 884 3011 hypostasim
952 2940 1095 2991 inter
1164 2953 1224 2992 se
1292 2938 1456 2991 unita:
1518 2944 1695 3001 sunt,
1766 2949 1922 2989 suam
2009 2934 2183 3021 sin-ﬂ

554 3007 695 3113 gula:
730 3040 1067 3111 hypostasim
1101 3039 1361 3093 habeant.
1391 3035 1534 3090 Fieri
1577 3034 1722 3089 enim
1753 3041 1952 3102 potest.
1987 3033 2119 3086 utin
2145 3007 2184 3056 (ἶ

556 3147 721 3187 uuam
759 3144 1050 3199 personam
1080 3126 1496 3189 convenientes,
1529 3141 1631 3179 nec.
1677 3122 1985 3180 substantia
2029 3137 2122 3175 ca-

554 3233 736 3286 reant,
775 3238 876 3277 nec
907 3236 1102 3275 rursus
1148 3224 1462 3289 separatam
1507 3230 1572 3271 ac
1601 3213 1880 3284 propriam
1932 3210 2118 3265 subsi-

553 3315 814 3370 stentiam
845 3312 1106 3374 habeant,
1141 3309 1236 3364 sed
1267 3308 1440 3363 amba:
1482 3321 1648 3361 unam
1679 3314 1734 3358 et
1903 3302 2115 3357 eadem.

552 3405 710 3469 Nam,
751 3419 875 3458 cum
905 3418 1012 3457 una
1037 3410 1091 3456 et
1123 3400 1314 3457 eadem
1348 3398 1514 3455 Verbi
1554 3409 1789 3468 persona
1834 3391 2115 3447 ambarum

553 3505 876 3550 naturarum
916 3507 1150 3562 persona
1177 3489 1474 3555 exstiterit,
1508 3503 1608 3543 nec
1637 3483 1902 3540 utramvis
1925 3482 2116 3535 harum

553 3583 916 3642 subsistentia
942 3598 1135 3636 carere
1168 3582 1321 3644 sinit,
1362 3597 1460 3635 nec
1486 3593 1685 3633 rursus
1713 3592 1807 3632 eas
1841 3575 2116 3629 diversam

453 3685 457 3688 ‘
553 3680 696 3734 inter
719 3691 779 3730 se
820 3674 1241 3730 subsistentiam
1300 3672 1503 3726 habere
1549 3668 1821 3731 concedit,
1862 3680 1963 3720 nec
2021 3665 2117 3720 de-

552 3785 701 3823 mum
735 3776 794 3821 ut
833 3781 980 3820 nunc
1024 3765 1212 3833 hujus,
1255 3779 1402 3817 nunc
1434 3763 1604 3824 illius,
1639 3775 1875 3831 persona
1905 3758 1999 3820 sit,
2023 3755 2117 3811 sed

553 3860 844 3928 utriusque
874 3873 1089 3927 semper
1127 3857 1264 3910 citra
1288 3856 1612 3910 divisionem
1643 3861 1697 3907 et
1714 3850 2115 3922 separationem

555 3948 873 4022 hypostasis
903 3949 1161 4003 exsistit:
1199 3948 1283 4002 sic
1318 3947 1575 4000 nimirum
1611 3956 1667 3999 ut
1705 3960 1815 3999 non
1851 3944 1903 3996 in
1935 3951 2118 4012 partes

553 4051 770 4097 secetur
800 4053 865 4093 ac
896 4038 1195 4100 dividatur,
1225 4038 1424 4107 suique
1455 4047 1662 4106 partem
1694 4036 1846 4099 huic,
1878 4041 2119 4104 partem-

552 4150 659 4204 que
689 4132 766 4187 illi
801 4131 1029 4192 tribuat,
1065 4129 1160 4184 sed
1197 4136 1310 4182 tota
1344 4130 1531 4197 hujus,
1562 4143 1625 4182 ac
1659 4136 1770 4181 tota
1804 4125 1952 4179 illius
1982 4121 2119 4177 indi-

2578 2353 2690 2410 Τοῦ
2739 2357 2946 2411 αὑτοῦ.
2979 2357 3326 2426 Κεφάλαιον
3361 2358 3468 2430 or'.

2296 2486 2357 2540 El
2399 2487 2512 2558 γὰρ
2597 2487 2694 2542 καὶ
2770 2489 2844 2558 μή
2887 2493 3006 2543 ἐστι
3074 2491 3237 2559 φύσις
3305 2493 3722 2559 ἀνυπόστατος,
3783 2498 3816 2561 ἢ

2211 2579 2372 2634 obvia.
2397 2578 2733 2650 άπρόσωπος
2751 2595 2766 2610 ο
2785 2580 2844 2630 ἐν
2873 2580 3206 2633 ὑποστάσεσι
3230 2579 3341 2650 γὰρ
3360 2581 3454 2634 καὶ
3477 2585 3806 2653 προσώποις

2210 2671 2249 2742 ᾗ·
2275 2688 2334 2724 τε
2356 2670 2516 2724 οὐσία
2540 2671 2634 2724 καὶ
2663 2672 2696 2741 ἡ
2729 2670 2894 2740 φύσις
2923 2670 3213 2740 θεωρεῖται
3249 2686 3263 2698 ·
3293 2669 3408 2722 ἀλλ’
3439 2672 3551 2724 οὐκ
3584 2674 3803 2741 ἀνάγκη

2209 2763 2310 2825 τὰς
2361 2762 2618 2833 ἀλλήλαις
2670 2762 2968 2824 ὲνιυθείσας
3021 2762 3219 2829 φύσεις
3283 2761 3404 2814 καθ’
3453 2763 3796 2826 ὑπόστασιν,

2207 2856 2446 2924 ἑκάστην
2471 2855 2606 2908 ἰδίαν
2628 2853 2929 2924 κεκτῆσθαι
2957 2853 3271 2910 ὑπόστασιν·
3296 2853 3558 2907 δύνανται
3583 2855 3696 2926 γὰρ
3724 2857 3798 2917 εἰς

2212 2946 2343 3015 μίαν
2392 2945 2801 3016 συνδραμοῦσαι
2851 2945 3152 2998 ὑπόστασιν
3184 2985 3198 3009 ,
3237 2947 3375 3016 μήτε
3423 2946 3794 3000 ἀνυπόστατοι

2211 3033 2372 3103 εἶναι,
2394 3040 2532 3108 μήτε
2563 3037 2876 3101 ἰδιάζουσαν
2898 3036 3106 3108 ἑκάστῃ
3133 3036 3278 3106 ἔχειν
3311 3037 3794 3100 ὑπόστασιν,άλλὰ

2215 3146 2343 3199 μιαν
2371 3129 2468 3183 καὶ
2521 3130 2622 3199 τὴν
2673 3129 2848 3200 αὐτὴν
2901 3130 3210 3200 ἀμφότεραι
3273 3129 3340 3183 Ἦ
3370 3129 3509 3201 αὐτὴ
3563 3131 3676 3202 γάρ
3703 3127 3791 3183 τοῦ

2209 3219 2386 3288 Λόγου
2420 3220 3088 3292 ὑπόστασις,ἀμφοτέρων
3107 3221 3216 3275 τῶν
3243 3221 3460 3290 φύσεων
3493 3223 3787 3284 ὑπόστασις

2210 3311 2620 3380 χρηματίσασα,
2649 3311 2774 3366 οὔτε
2818 3311 3194 3366 ἀνυπόστατον
3238 3313 3419 3367 αὐτῶν
3477 3314 3619 3383 μίαν
3659 3312 3787 3366 εἶναι

2209 3404 2502 3473 συγχωρεῖ,
2533 3402 2656 3457 οὗτε
2693 3403 2798 3474 μὴν
2841 3404 3346 3473 ἑτεροῦποστάτους
3375 3405 3631 3476 ἀλλήλων
3653 3401 3782 3460 εἶναι

2209 3493 2565 3563 παραχωρεῖ,
2601 3494 2724 3548 οὐδὲ
2758 3491 2922 3566 [εἶναί
2973 3493 2993 3566 ]
3025 3510 3156 3548 ποτε
3214 3495 3313 3566 μὲν
3353 3486 3544 3563 τῆσδε,
3585 3495 3782 3550 τωτὲδὲ

2207 3583 2444 3655 ἐκείνης,
2470 3583 2587 3638 ἀλλ’
2617 3586 2704 3638 ἀεὶ
2755 3586 3087 3660 ἀμφοτέρων
3128 3587 3476 3657 ἀδιαιρέτως,
3507 3591 3611 3642 καὶ
3647 3590 3778 3657 ἀχω-

2211 3672 2409 3741 ρίστως
2475 3675 2712 3746 ὑπάρχει
2773 3676 3108 3739 ὑπόστασιςσ
3162 3677 3224 3730 ού
3299 3678 3638 3749 μεριζομένη
3691 3676 3778 3729 καὶ

2209 3755 2586 3832 ⁸ιαιρουμένη,
2632 3763 2726 3816 καὶ
2785 3763 2953 3833 μέρος
3005 3764 3104 3834 μὲν
3150 3764 3354 3835 ἑαυτῆς
3416 3765 3542 3836 τῇδε
3575 3804 3593 3829 ,
3629 3763 3776 3835 μέρος

2208 3850 2258 3903 δὲ
2288 3851 2413 3922 τῇδε
2460 3853 2811 3922 διανέμουσα,
2844 3853 2980 3907 ἀλλὰ
3027 3856 3175 3908 πᾶσα
3228 3854 3434 3924 ταύτης
3485 3855 3586 3908 καὶ
3639 3855 3776 3907 πᾶσα

2204 3941 2436 4012 ἐκείνης.
2470 3943 2693 4013 ἀμερῶς
2737 3945 2830 3997 καὶ
2852 3943 3154 4013 ὁλοσχερῶς
3181 3945 3522 4014 ὑπάρχουσα.
3552 3946 3631 3998 Ob
3677 3943 3772 4012 γὰρ

2206 4033 2587 4097 ἰδιοσυστάτως
2638 4036 2843 4106 ὑπέστη
2869 4040 2902 4108 ἡ
2935 4037 3028 4090 τοῦ
3056 4037 3190 4090 Θεοῦ
3229 4038 3400 4104 Λόγου
3448 4037 3596 4109 σὰρξ
3619 4079 3633 4102 ,
3665 4035 3769 4089 οὑδὲ

2204 4124 2367 4195 ἑτέρα
2412 4125 2710 4191 ὑπόστασις
2755 4129 2948 4196 γέγονε
3001 4131 3147 4198 παρὰ
3203 4130 3301 4200 τὴν
3350 4129 3444 4182 τοῦ
3498 4130 3641 4185 Θεοῦ
3676 4128 3768 4182 Λό-

551 4224 690 4286 vise,
722 4229 886 4290 atque
923 4220 979 4272 in
1015 4227 1190 4273 totum
1221 4221 1314 4275 sit.
1346 4219 1534 4288 Neque
1586 4218 1732 4272 enim
1772 4225 1831 4271 ut
1885 4214 2117 4269 seorsim

2215 4231 2299 4284 γου
2348 4216 2668 4282 ὑπόστασιν,
2710 4219 2826 4271 ἀλλ’
2861 4221 2917 4272 ὲν
2971 4221 3106 4291 αὐτῇ
3157 4220 3460 4281 ὑποστάσει,
3494 4219 3769 4274 ἑνυπόσταε

554 4310 900 4369 subsisteret,
930 4306 1024 4360 Dei
1061 4305 1224 4361 Verbi
1250 4323 1377 4361 caro
1400 4307 1619 4360 condita
1658 4313 1762 4369 est,
1805 4311 1899 4356 aut
1927 4310 2120 4373 praeter

2215 4325 2294 4368 τος
2340 4308 2561 4377 μᾶλλον,
2596 4311 2690 4363 καὶ
2735 4312 2797 4364 οὑ
2854 4311 2976 4364 καθ’
3009 4312 3205 4381 ἑαυτὴν
3253 4310 3623 4376 ἱδιοσύστατος
3655 4308 3766 4362 ὑπόο

555 4399 649 4452 Dei
685 4396 849 4451 Verbi
905 4410 1195 4465 personam
1229 4397 1335 4450 alia
1379 4394 1519 4449 facta
1561 4394 1663 4449 fuit
1694 4407 1964 4464 persona:
2023 4388 2116 4445 sed

565 4493 687 4544 cum
733 4490 785 4541 in
820 4505 880 4542 ea
914 4488 1266 4550 subsisteret,
1296 4489 1441 4542 facta
1470 4499 1552 4542 est
1598 4488 1781 4559 potius
1830 4485 2122 4540 ὲνυπόστα-

544 4606 658 4659 τος,
697 4587 876 4651 idest,
921 4584 974 4638 in
1015 4585 1123 4638 alio
1143 4583 1422 4643 snbstans.
1471 4597 1634 4652 quam
1659 4581 1890 4635 seorsim
1926 4581 1979 4633 in
2010 4580 2187 4651 seipsa

543 4676 766 4739 Stentia,
810 4688 908 4727 nec
949 4672 1174 4726 alteram
1207 4669 1259 4723 iu
1295 4669 1561 4723 Trinitate
1590 4683 1877 4738 personam
1913 4667 2141 4720 inducit.

1071 4809 1342 4879 Ejusdem.
1373 4809 1503 4877 Cap.
1523 4807 1624 4861 .74.

620 4949 803 5002 Divina
823 4950 1038 5001 nomina
1059 4947 1384 5000 communia.
1409 4973 1478 4984 —
1504 4943 1638 5009 Quae
1694 4957 1822 4999 cum
1869 4944 1944 4997 ita
1983 4943 2116 5009 sint,

543 5042 896 5113 appendicem
946 5039 1118 5105 illam,
1175 5053 1337 5100 quam
1393 5037 1588 5093 Petrus
1641 5036 1952 5106 Cnapheus,
2019 5051 2115 5091 seu

541 5135 718 5199 Fullo,
751 5131 1000 5202 Trisagio
1030 5131 1233 5202 hymno
1254 5129 1476 5200 adjecit,
1511 5129 1730 5198 impiam
1758 5143 1881 5182 esse
1912 5125 2116 5182 statui-

543 5244 684 5291 mus,
720 5239 778 5279 ut
809 5243 928 5296 quae
961 5238 1210 5296 quartam
1241 5225 1466 5280 inducat
1534 5237 1850 5295 personam,
1909 5237 1972 5277 ac
2027 5221 2119 5276 Dei

543 5317 765 5383 Filium,
798 5320 904 5371 vim
931 5317 1075 5370 illam
1108 5317 1364 5370 nimirum
1402 5316 1578 5371 Patris
1629 5331 1753 5372 vere
1813 5314 2117 5370 subsisten-

542 5420 673 5474 tem,
699 5411 932 5466 seorsim
956 5409 1209 5475 eollocet,
1247 5416 1300 5463 et
1332 5409 1562 5462 seorsim
1620 5425 1811 5464 rursus
1839 5425 1985 5472 eum,
2021 5408 2116 5478 qui

542 5504 695 5557 cruci
723 5502 914 5557 aﬂixus
968 5510 1073 5566 est,
1099 5517 1162 5556 ac
1192 5500 1236 5556 si
1270 5499 1337 5555 ab
1363 5499 1456 5554 illo
1506 5499 1636 5570 [orti
1669 5499 1922 5555 diversus
1945 5508 2113 5564 esset,

541 5593 627 5646 vel
658 5592 977 5648 Trinitatem
1021 5603 1264 5649 sanctam
1307 5594 1546 5662 passioni
1577 5592 1870 5648 obnoxiam
1925 5593 2115 5662 opine-

544 5691 658 5750 tur,
691 5684 1018 5759 Patremque
1045 5704 1105 5744 ac
1165 5686 1429 5757 Spiritum
1493 5698 1742 5744 sanctum
1785 5687 1836 5740 in
1903 5701 2117 5742 crucem

2206 4413 2392 4458 στασις
2447 4400 2658 4468 γέγονε.
2697 4401 2788 4458 Διὸ
2841 4401 2964 4454 οὐδὲ
3022 4401 3395 4463 ἀνυπόστατός
3441 4403 3595 4458 ἐστιν
3623 4397 3766 4466 ,οὐδὲ

2205 4486 2399 4555 ἑτέραν
2436 4491 2493 4540 ὲν
2519 4493 2584 4560 τῇ
2615 4490 2805 4560 Τριάδι
2835 4493 3194 4561 παρεισφέρει
3227 4492 3549 4546 ὑπόστασιν.

2210 4581 2470 4636 substans
2503 4580 2831 4652 hypostasis.
2864 4583 3228 4651 Quamobrem
3265 4596 3367 4640 nec
3420 4594 3578 4641 caret
3614 4580 3771 4642 subsi-

2573 4809 2685 4866 Τοῦ
2707 4812 2916 4867 αὐτοῦ.
2948 4811 3311 4882 Κεφάλαιον.
3337 4813 3443 4871 06⁸.

2307 4945 2589 4998 Ἐντεῦθεν
2635 4945 2731 4999 καὶ
2755 4941 2950 5015 rhva
3004 4945 3084 5016 τῷ
3139 4945 3423 5019 Τρισαγίῳ
3472 4951 3767 5021 προσθήκην

2225 5039 2329 5092 ὑπὸ
2353 5039 2446 5093 τοῦ
2479 5038 2875 5109 ματαιόφρονος
2906 5041 3110 5112 Πέτρου
3137 5042 3232 5095 τοῦ
3264 5043 3534 5112 Κνιφέως
3568 5055 3765 5114 γεγενηο

2227 5135 2419 5204 μένην,
2457 5131 2782 5203 βλάσφημον
2806 5133 3128 5204 όριζόμεθα,
3159 5133 3233 5196 ὡς
3263 5135 3528 5203 τέταρτον
3569 5148 3762 5207 trapeta-

2223 5229 2466 5296 άγουσαν
2514 5224 2832 5296 πρόσωπον,
2859 5229 2953 5280 καὶ
2984 5227 3263 5297 ἀναμέρος
3291 5231 3538 5282 τιθεῖσαν
3577 5231 3660 5284 τὸν
3691 5222 3763 5277 τοῦ

2222 5316 2357 5370 Θεοῦ
2394 5315 2544 5386 Υἱὸν,
2581 5316 2682 5387 τὴν
2734 5314 2830 5368 τοῦ
2866 5316 3077 5385 [ἰατρὸς
3128 5320 3497 5373 ένυπόστατον
3544 5320 3760 5387 δύναμιν.

2221 5413 2316 5464 καὶ
2336 5411 2612 5481 ἀναμέρος
2634 5410 2726 5464 τὸν
2745 5409 3164 5480 ἐσταυρωμένον
3187 5411 3260 5472 ὡς
3287 5412 3453 5466 ἄλλον
3499 5406 3762 5478 ὅνταπσρά
3845 5470 3848 5474 ι

2221 5504 2314 5556 τὸν
2354 5503 2628 5572 ἰσχυρὸν,
2651 5503 2683 5572 ἢ
2709 5502 2962 5573 παθητὴν
2986 5504 3086 5576 τὴν
3109 5504 3273 5574 ἁγίαν
3307 5505 3516 5575 Τριάδα
3547 5504 3760 5570 δοξάζουσ

2227 5611 2350 5658 σαν,
2393 5597 2489 5647 καὶ
2527 5592 2947 5662 συσταυροῦσαν
2977 5595 3054 5662 τῷ
3089 5595 3200 5665 Υἱῴ
3233 5597 3325 5649 τὸν
3357 5600 3576 5668 Πατέρα
3598 5600 3676 5650 καὶ
3713 5585 3758 5642 τὸ

2241 5689 2467 5760 Πνεῦμα
2514 5689 2568 5741 τὸ
2605 5688 2782 5757 ἅγιον.
2827 5687 3042 5758 Ἄπαγε
3075 5690 3279 5761 ταύτην
3342 5694 3439 5762 τὴν
3474 5692 3757 5762 βλάσφημον
