  <div class='ocr_page' id='page_1' title='image "/cluster/home/n/w/nwhite01/storage/ocr_20150623/130/hvd.32044073502387/534.png"; bbox 0 0 4020 6214; ppageno 0'>
   <div class='ocr_carea' id='block_1_1' title="bbox 254 304 396 370">
    <p class='ocr_par' dir='ltr' id='par_1_1' title="bbox 254 304 396 370">
     <span class='ocr_line' id='line_1_1' title="bbox 254 304 396 370; baseline 0 0"><span class='ocrx_word' id='word_1_1' title='bbox 254 304 396 370; x_wconf 77' lang='grc'><strong>1057</strong></span> 
     </span>
    </p>
   </div>
   <div class='ocr_carea' id='block_1_2' title="bbox 1250 310 2571 380">
    <p class='ocr_par' dir='ltr' id='par_1_2' title="bbox 1250 310 2571 380">
     <span class='ocr_line' id='line_1_2' title="bbox 1250 310 2571 380; baseline 0.005 -8"><span class='ocrx_word' id='word_1_2' title='bbox 1250 311 1620 374; x_wconf 75' lang='lat' dir='ltr'><strong>PANOPLIA</strong></span> <span class='ocrx_word' id='word_1_3' title='bbox 1661 310 2121 376; x_wconf 70' lang='lat' dir='ltr'><strong>DOGMA&#39;l‘ICA.</strong></span> <span class='ocrx_word' id='word_1_4' title='bbox 2152 339 2220 349; x_wconf 89' lang='grc'><strong>·-</strong></span> <span class='ocrx_word' id='word_1_5' title='bbox 2245 315 2389 378; x_wconf 85' lang='grc' dir='ltr'><strong>ΤίΤ.</strong></span> <span class='ocrx_word' id='word_1_6' title='bbox 2425 317 2571 380; x_wconf 78' lang='lat' dir='ltr'><strong>XVI.</strong></span> 
     </span>
    </p>
   </div>
   <div class='ocr_carea' id='block_1_3' title="bbox 3367 325 3509 394">
    <p class='ocr_par' dir='ltr' id='par_1_3' title="bbox 3367 325 3509 394">
     <span class='ocr_line' id='line_1_3' title="bbox 3367 325 3509 394; baseline -0.014 0"><span class='ocrx_word' id='word_1_7' title='bbox 3367 325 3509 394; x_wconf 81' lang='lat'><strong>1058</strong></span> 
     </span>
    </p>
   </div>
   <div class='ocr_carea' id='block_1_4' title="bbox 251 439 1846 518">
    <p class='ocr_par' dir='ltr' id='par_1_4' title="bbox 251 439 1835 516">
     <span class='ocr_line' id='line_1_4' title="bbox 251 439 1835 516; baseline -0.003 -16"><span class='ocrx_word' id='word_1_8' title='bbox 251 447 340 500; x_wconf 68' lang='grc' dir='ltr'><strong>καὶ</strong></span> <span class='ocrx_word' id='word_1_9' title='bbox 360 447 787 516; x_wconf 74' lang='grc' dir='ltr'><strong>παρέγγραπτον</strong></span> <span class='ocrx_word' id='word_1_10' title='bbox 822 442 1111 512; x_wconf 79' lang='grc' dir='ltr'><strong>φλυαρίαν.</strong></span> <span class='ocrx_word' id='word_1_11' title='bbox 1159 440 1352 512; x_wconf 83' lang='grc' dir='ltr'><strong>Ἦμεῖς</strong></span> <span class='ocrx_word' id='word_1_12' title='bbox 1382 441 1489 512; x_wconf 78' lang='grc' dir='ltr'><strong>γὰρ</strong></span> <span class='ocrx_word' id='word_1_13' title='bbox 1529 439 1629 506; x_wconf 84' lang='grc' dir='ltr'><strong>τδ,</strong></span> <span class='ocrx_word' id='word_1_14' title='bbox 1668 442 1835 512; x_wconf 79' lang='grc' dir='ltr'><strong>ἅγιος</strong></span> 
     </span>
    </p>
   </div>
   <div class='ocr_carea' id='block_1_5' title="bbox 1946 439 3500 518">
    <p class='ocr_par' dir='ltr' id='par_1_5' title="bbox 1946 444 3500 518">
     <span class='ocr_line' id='line_1_5' title="bbox 1946 444 3500 518; baseline 0.005 -17"><span class='ocrx_word' id='word_1_15' title='bbox 1946 456 2077 516; x_wconf 69' lang='lat' dir='ltr'><strong>ngat.</strong></span> <span class='ocrx_word' id='word_1_16' title='bbox 2105 444 2301 502; x_wconf 83' lang='lat' dir='ltr'><strong>Procul</strong></span> <span class='ocrx_word' id='word_1_17' title='bbox 2342 447 2412 501; x_wconf 90' lang='lat' dir='ltr'><strong>sit</strong></span> <span class='ocrx_word' id='word_1_18' title='bbox 2441 447 2760 518; x_wconf 88' lang='lat' dir='ltr'><strong>hlasphema</strong></span> <span class='ocrx_word' id='word_1_19' title='bbox 2807 450 2920 506; x_wconf 59' lang='lat' dir='ltr'><strong>haec</strong></span> <span class='ocrx_word' id='word_1_20' title='bbox 2949 459 3004 507; x_wconf 89' lang='lat' dir='ltr'><strong>et</strong></span> <span class='ocrx_word' id='word_1_21' title='bbox 3040 451 3350 508; x_wconf 88' lang='lat' dir='ltr'><strong>adulterina</strong></span> <span class='ocrx_word' id='word_1_22' title='bbox 3395 471 3500 509; x_wconf 89' lang='lat' dir='ltr'><strong>nu-</strong></span> 
     </span>
    </p>
   </div>
   <div class='ocr_carea' id='block_1_6' title="bbox 251 529 1835 603">
    <p class='ocr_par' dir='ltr' id='par_1_6' title="bbox 251 529 1835 603">
     <span class='ocr_line' id='line_1_6' title="bbox 251 529 1835 603; baseline -0.001 -15"><span class='ocrx_word' id='word_1_23' title='bbox 251 538 281 588; x_wconf 84' lang='grc' dir='ltr'><strong>ό</strong></span> <span class='ocrx_word' id='word_1_24' title='bbox 317 533 483 597; x_wconf 83' lang='grc' dir='ltr'><strong>Θεὸς,</strong></span> <span class='ocrx_word' id='word_1_25' title='bbox 517 531 611 584; x_wconf 74' lang='grc' dir='ltr'><strong>ἐπὶ</strong></span> <span class='ocrx_word' id='word_1_26' title='bbox 641 529 736 584; x_wconf 80' lang='grc' dir='ltr'><strong>τοῦ</strong></span> <span class='ocrx_word' id='word_1_27' title='bbox 784 531 996 601; x_wconf 76' lang='grc' dir='ltr'><strong>[ἰατρὸς</strong></span> <span class='ocrx_word' id='word_1_28' title='bbox 1054 530 1473 601; x_wconf 77' lang='grc' dir='ltr'><strong>ὲκλαμϐἁνομεν</strong></span> <span class='ocrx_word' id='word_1_29' title='bbox 1498 573 1514 597; x_wconf 93' lang='grc'><strong>,</strong></span> <span class='ocrx_word' id='word_1_30' title='bbox 1541 531 1643 584; x_wconf 85' lang='grc' dir='ltr'><strong>οὐκ</strong></span> <span class='ocrx_word' id='word_1_31' title='bbox 1684 531 1835 603; x_wconf 83' lang='grc' dir='ltr'><strong>αὒτῷ</strong></span> 
     </span>
    </p>
   </div>
   <div class='ocr_carea' id='block_1_7' title="bbox 251 621 1835 696">
    <p class='ocr_par' dir='ltr' id='par_1_7' title="bbox 251 621 1835 696">
     <span class='ocr_line' id='line_1_7' title="bbox 251 621 1835 696; baseline 0 -19"><span class='ocrx_word' id='word_1_32' title='bbox 251 625 396 696; x_wconf 83' lang='grc' dir='ltr'>μόνῳ</span> <span class='ocrx_word' id='word_1_33' title='bbox 419 623 481 677; x_wconf 73' lang='grc' dir='ltr'><strong>τὸ</strong></span> <span class='ocrx_word' id='word_1_34' title='bbox 523 623 622 693; x_wconf 81' lang='grc' dir='ltr'><strong>τῆς</strong></span> <span class='ocrx_word' id='word_1_35' title='bbox 677 622 932 691; x_wconf 81' lang='grc' dir='ltr'><strong>θεότητος</strong></span> <span class='ocrx_word' id='word_1_36' title='bbox 966 622 1315 693; x_wconf 71' lang='grc' dir='ltr'><strong>ἀφορίζοντες</strong></span> <span class='ocrx_word' id='word_1_37' title='bbox 1347 621 1542 692; x_wconf 74' lang='grc' dir='ltr'><strong>ὄνομα,</strong></span> <span class='ocrx_word' id='word_1_38' title='bbox 1567 621 1706 676; x_wconf 85' lang='grc' dir='ltr'><strong>ἀλλὰ</strong></span> <span class='ocrx_word' id='word_1_39' title='bbox 1739 623 1835 677; x_wconf 76' lang='grc' dir='ltr'><strong>καὶ</strong></span> 
     </span>
    </p>
   </div>
   <div class='ocr_carea' id='block_1_8' title="bbox 249 713 1835 786">
    <p class='ocr_par' dir='ltr' id='par_1_8' title="bbox 249 713 1835 786">
     <span class='ocr_line' id='line_1_8' title="bbox 249 713 1835 786; baseline -0.001 -13"><span class='ocrx_word' id='word_1_40' title='bbox 249 719 337 774; x_wconf 78' lang='grc' dir='ltr'><strong>τὸν</strong></span> <span class='ocrx_word' id='word_1_41' title='bbox 375 717 507 772; x_wconf 84' lang='grc' dir='ltr'><strong>Υίδν</strong></span> <span class='ocrx_word' id='word_1_42' title='bbox 533 714 666 769; x_wconf 82' lang='grc' dir='ltr'><strong>Θεὸν</strong></span> <span class='ocrx_word' id='word_1_43' title='bbox 685 715 890 779; x_wconf 74' lang='grc' dir='ltr'><strong>εἰδότες</strong></span> <span class='ocrx_word' id='word_1_44' title='bbox 907 755 924 783; x_wconf 90' lang='grc'><strong>,</strong></span> <span class='ocrx_word' id='word_1_45' title='bbox 951 714 1049 770; x_wconf 73' lang='grc' dir='ltr'><strong>καὶ</strong></span> <span class='ocrx_word' id='word_1_46' title='bbox 1078 715 1140 768; x_wconf 71' lang='grc' dir='ltr'><strong>τὸ</strong></span> <span class='ocrx_word' id='word_1_47' title='bbox 1172 713 1402 786; x_wconf 79' lang='grc' dir='ltr'><strong>Πνεῦμα</strong></span> <span class='ocrx_word' id='word_1_48' title='bbox 1428 714 1489 770; x_wconf 80' lang='grc' dir='ltr'><strong>τὸ</strong></span> <span class='ocrx_word' id='word_1_49' title='bbox 1510 715 1666 786; x_wconf 81' lang='grc' dir='ltr'><strong>ἁγιον</strong></span> <span class='ocrx_word' id='word_1_50' title='bbox 1687 732 1704 749; x_wconf 77' lang='grc' dir='ltr'><strong>ο</strong></span> <span class='ocrx_word' id='word_1_51' title='bbox 1737 715 1835 771; x_wconf 81' lang='grc' dir='ltr'><strong>καὶ</strong></span> 
     </span>
    </p>
   </div>
   <div class='ocr_carea' id='block_1_9' title="bbox 250 805 1836 880">
    <p class='ocr_par' dir='ltr' id='par_1_9' title="bbox 250 805 1836 880">
     <span class='ocr_line' id='line_1_9' title="bbox 250 805 1836 880; baseline -0.001 -16"><span class='ocrx_word' id='word_1_52' title='bbox 250 810 332 878; x_wconf 79' lang='grc' dir='ltr'><strong>τὸ,</strong></span> <span class='ocrx_word' id='word_1_53' title='bbox 361 811 529 880; x_wconf 73' lang='grc' dir='ltr'><strong>ἅγιος</strong></span> <span class='ocrx_word' id='word_1_54' title='bbox 564 806 835 876; x_wconf 81' lang='grc' dir='ltr'><strong>ίσχυρός,</strong></span> <span class='ocrx_word' id='word_1_55' title='bbox 866 805 959 860; x_wconf 76' lang='grc' dir='ltr'><strong>ἐπὶ</strong></span> <span class='ocrx_word' id='word_1_56' title='bbox 1005 807 1099 860; x_wconf 82' lang='grc' dir='ltr'><strong>τοῦ</strong></span> <span class='ocrx_word' id='word_1_57' title='bbox 1135 806 1266 860; x_wconf 90' lang='grc' dir='ltr'><strong>Υίοῦ</strong></span> <span class='ocrx_word' id='word_1_58' title='bbox 1301 807 1526 878; x_wconf 82' lang='grc' dir='ltr'><strong>τίθεμεν</strong></span> <span class='ocrx_word' id='word_1_59' title='bbox 1551 849 1565 874; x_wconf 96' lang='grc'><strong>,</strong></span> <span class='ocrx_word' id='word_1_60' title='bbox 1589 807 1691 862; x_wconf 84' lang='grc' dir='ltr'><strong>οὐκ</strong></span> <span class='ocrx_word' id='word_1_61' title='bbox 1731 807 1836 869; x_wconf 81' lang='grc' dir='ltr'><strong>ἀπ-</strong></span> 
     </span>
    </p>
   </div>
   <div class='ocr_carea' id='block_1_10' title="bbox 249 896 1836 973">
    <p class='ocr_par' dir='ltr' id='par_1_10' title="bbox 249 896 1836 973">
     <span class='ocr_line' id='line_1_10' title="bbox 249 896 1836 973; baseline -0.001 -16"><span class='ocrx_word' id='word_1_62' title='bbox 249 900 646 973; x_wconf 79' lang='grc' dir='ltr'><strong>αμφιεννὺντες</strong></span> <span class='ocrx_word' id='word_1_63' title='bbox 671 901 773 970; x_wconf 79' lang='grc' dir='ltr'><strong>τῆς</strong></span> <span class='ocrx_word' id='word_1_64' title='bbox 807 897 992 968; x_wconf 73' lang='grc' dir='ltr'><strong>ἰσχύος</strong></span> <span class='ocrx_word' id='word_1_65' title='bbox 1019 897 1110 952; x_wconf 75' lang='grc' dir='ltr'><strong>τὸν</strong></span> <span class='ocrx_word' id='word_1_66' title='bbox 1138 896 1360 970; x_wconf 76' lang='grc' dir='ltr'><strong>Πατέρα</strong></span> <span class='ocrx_word' id='word_1_67' title='bbox 1394 898 1492 953; x_wconf 77' lang='grc' dir='ltr'><strong>καὶ</strong></span> <span class='ocrx_word' id='word_1_68' title='bbox 1516 899 1578 953; x_wconf 81' lang='grc' dir='ltr'><strong>τὸ</strong></span> <span class='ocrx_word' id='word_1_69' title='bbox 1609 897 1836 970; x_wconf 80' lang='grc' dir='ltr'><strong>Πνεῦμα</strong></span> 
     </span>
    </p>
   </div>
   <div class='ocr_carea' id='block_1_11' title="bbox 251 988 1834 1068">
    <p class='ocr_par' dir='ltr' id='par_1_11' title="bbox 251 988 1834 1068">
     <span class='ocr_line' id='line_1_11' title="bbox 251 988 1834 1068; baseline -0.003 -19"><span class='ocrx_word' id='word_1_70' title='bbox 251 995 312 1049; x_wconf 76' lang='grc' dir='ltr'><strong>τὸ</strong></span> <span class='ocrx_word' id='word_1_71' title='bbox 335 994 527 1063; x_wconf 76' lang='grc' dir='ltr'><strong>ἆγιονο</strong></span> <span class='ocrx_word' id='word_1_72' title='bbox 561 991 655 1045; x_wconf 76' lang='grc' dir='ltr'><strong>καὶ</strong></span> <span class='ocrx_word' id='word_1_73' title='bbox 703 990 784 1057; x_wconf 83' lang='grc' dir='ltr'><strong>τὸ,</strong></span> <span class='ocrx_word' id='word_1_74' title='bbox 813 989 981 1068; x_wconf 77' lang='grc' dir='ltr'><strong>ἅγιος</strong></span> <span class='ocrx_word' id='word_1_75' title='bbox 1019 988 1339 1056; x_wconf 81' lang='grc' dir='ltr'><strong>ἀθάνατος,</strong></span> <span class='ocrx_word' id='word_1_76' title='bbox 1381 990 1475 1044; x_wconf 73' lang='grc' dir='ltr'><strong>ἐπὶ</strong></span> <span class='ocrx_word' id='word_1_77' title='bbox 1533 989 1628 1044; x_wconf 86' lang='grc' dir='ltr'><strong>τοῦ</strong></span> <span class='ocrx_word' id='word_1_78' title='bbox 1676 990 1834 1060; x_wconf 91' lang='grc' dir='ltr'><strong>ἁγίου</strong></span> 
     </span>
    </p>
   </div>
   <div class='ocr_carea' id='block_1_12' title="bbox 251 1082 1837 1156">
    <p class='ocr_par' dir='ltr' id='par_1_12' title="bbox 251 1082 1837 1156">
     <span class='ocr_line' id='line_1_12' title="bbox 251 1082 1837 1156; baseline -0.003 -16"><span class='ocrx_word' id='word_1_79' title='bbox 251 1085 572 1156; x_wconf 86' lang='grc' dir='ltr'><strong>Πνεύματος</strong></span> <span class='ocrx_word' id='word_1_80' title='bbox 593 1084 884 1154; x_wconf 79' lang='grc' dir='ltr'><strong>τάττομεν,</strong></span> <span class='ocrx_word' id='word_1_81' title='bbox 909 1083 1010 1136; x_wconf 79' lang='grc' dir='ltr'><strong>οὐκ</strong></span> <span class='ocrx_word' id='word_1_82' title='bbox 1039 1082 1146 1148; x_wconf 75' lang='grc' dir='ltr'><strong>ἔξω</strong></span> <span class='ocrx_word' id='word_1_83' title='bbox 1177 1083 1277 1152; x_wconf 84' lang='grc' dir='ltr'><strong>τῆς</strong></span> <span class='ocrx_word' id='word_1_84' title='bbox 1317 1083 1622 1148; x_wconf 79' lang='grc' dir='ltr'><strong>ἀθανασίας</strong></span> <span class='ocrx_word' id='word_1_85' title='bbox 1651 1083 1837 1138; x_wconf 82' lang='grc' dir='ltr'><strong>τιθέν-</strong></span> 
     </span>
    </p>
   </div>
   <div class='ocr_carea' id='block_1_13' title="bbox 249 1174 1836 1247">
    <p class='ocr_par' dir='ltr' id='par_1_13' title="bbox 249 1174 1836 1247">
     <span class='ocr_line' id='line_1_13' title="bbox 249 1174 1836 1247; baseline -0.003 -14"><span class='ocrx_word' id='word_1_86' title='bbox 249 1198 338 1244; x_wconf 85' lang='grc' dir='ltr'><strong>τες</strong></span> <span class='ocrx_word' id='word_1_87' title='bbox 369 1179 462 1231; x_wconf 79' lang='grc' dir='ltr'><strong>τὸν</strong></span> <span class='ocrx_word' id='word_1_88' title='bbox 504 1177 725 1247; x_wconf 79' lang='grc' dir='ltr'><strong>Πατέρα</strong></span> <span class='ocrx_word' id='word_1_89' title='bbox 757 1177 852 1229; x_wconf 75' lang='grc' dir='ltr'><strong>καὶ</strong></span> <span class='ocrx_word' id='word_1_90' title='bbox 881 1174 974 1228; x_wconf 79' lang='grc' dir='ltr'><strong>τὸν</strong></span> <span class='ocrx_word' id='word_1_91' title='bbox 1020 1175 1172 1240; x_wconf 81' lang='grc' dir='ltr'><strong>Υἰὸν,</strong></span> <span class='ocrx_word' id='word_1_92' title='bbox 1206 1175 1323 1229; x_wconf 85' lang='grc' dir='ltr'><strong>ἁλλ’</strong></span> <span class='ocrx_word' id='word_1_93' title='bbox 1345 1177 1432 1245; x_wconf 76' lang='grc' dir='ltr'><strong>ἐφ’</strong></span> <span class='ocrx_word' id='word_1_94' title='bbox 1463 1177 1704 1247; x_wconf 80' lang='grc' dir='ltr'><strong>ἑκάστης</strong></span> <span class='ocrx_word' id='word_1_95' title='bbox 1725 1174 1836 1228; x_wconf 88' lang='grc' dir='ltr'><strong>τῶν</strong></span> 
     </span>
    </p>
   </div>
   <div class='ocr_carea' id='block_1_14' title="bbox 251 1264 1837 1335">
    <p class='ocr_par' dir='ltr' id='par_1_14' title="bbox 251 1264 1837 1335">
     <span class='ocr_line' id='line_1_14' title="bbox 251 1264 1837 1335; baseline -0.003 -12"><span class='ocrx_word' id='word_1_96' title='bbox 251 1268 603 1323; x_wconf 81' lang='grc' dir='ltr'><strong>ὕποστάσεων</strong></span> <span class='ocrx_word' id='word_1_97' title='bbox 631 1267 812 1328; x_wconf 78' lang='grc' dir='ltr'><strong>πάσας</strong></span> <span class='ocrx_word' id='word_1_98' title='bbox 861 1265 960 1327; x_wconf 70' lang='grc' dir='ltr'><strong>τὰς</strong></span> <span class='ocrx_word' id='word_1_99' title='bbox 1007 1264 1314 1335; x_wconf 80' lang='grc' dir='ltr'><strong>θεωνυμίας</strong></span> <span class='ocrx_word' id='word_1_100' title='bbox 1340 1265 1532 1329; x_wconf 82' lang='grc' dir='ltr'><strong>ἁπλῶς</strong></span> <span class='ocrx_word' id='word_1_101' title='bbox 1572 1267 1669 1319; x_wconf 78' lang='grc' dir='ltr'><strong>καὶ</strong></span> <span class='ocrx_word' id='word_1_102' title='bbox 1699 1266 1837 1320; x_wconf 81' lang='grc' dir='ltr'><strong>ἀπο-</strong></span> 
     </span>
    </p>
   </div>
   <div class='ocr_carea' id='block_1_15' title="bbox 251 1355 1838 1427">
    <p class='ocr_par' dir='ltr' id='par_1_15' title="bbox 251 1355 1838 1427">
     <span class='ocr_line' id='line_1_15' title="bbox 251 1355 1838 1427; baseline -0.002 -15"><span class='ocrx_word' id='word_1_103' title='bbox 251 1359 426 1422; x_wconf 83' lang='grc' dir='ltr'><strong>λύτως</strong></span> <span class='ocrx_word' id='word_1_104' title='bbox 450 1355 911 1427; x_wconf 77' lang='grc' dir='ltr'><strong>ὲκλαμὸἁνοντες,</strong></span> <span class='ocrx_word' id='word_1_105' title='bbox 948 1356 1044 1408; x_wconf 72' lang='grc' dir='ltr'><strong>καὶ</strong></span> <span class='ocrx_word' id='word_1_106' title='bbox 1091 1356 1184 1408; x_wconf 78' lang='grc' dir='ltr'><strong>τὸν</strong></span> <span class='ocrx_word' id='word_1_107' title='bbox 1213 1357 1358 1409; x_wconf 86' lang='grc' dir='ltr'><strong>οεῖον</strong></span> <span class='ocrx_word' id='word_1_108' title='bbox 1395 1355 1722 1409; x_wconf 81' lang='grc' dir='ltr'><strong>Ἀπόστολον</strong></span> <span class='ocrx_word' id='word_1_109' title='bbox 1746 1356 1838 1409; x_wconf 80' lang='grc' dir='ltr'><strong>ὲκ-</strong></span> 
     </span>
    </p>
   </div>
   <div class='ocr_carea' id='block_1_16' title="bbox 256 1443 1841 1523">
    <p class='ocr_par' dir='ltr' id='par_1_16' title="bbox 256 1443 1841 1523">
     <span class='ocr_line' id='line_1_16' title="bbox 256 1443 1841 1523; baseline -0.003 -19"><span class='ocrx_word' id='word_1_110' title='bbox 256 1450 588 1523; x_wconf 82' lang='grc' dir='ltr'><strong>μιμοὺμενοι</strong></span> <span class='ocrx_word' id='word_1_111' title='bbox 617 1491 633 1516; x_wconf 95' lang='grc'><strong>,</strong></span> <span class='ocrx_word' id='word_1_112' title='bbox 670 1447 950 1518; x_wconf 81' lang='grc' dir='ltr'><strong>φάσκοντα</strong></span> <span class='ocrx_word' id='word_1_113' title='bbox 978 1464 994 1479; x_wconf 88' lang='grc'><strong>·</strong></span> <span class='ocrx_word' id='word_1_114' title='bbox 1047 1446 1222 1517; x_wconf 79' lang='grc' dir='ltr'><strong>Ἡμῖν</strong></span> <span class='ocrx_word' id='word_1_115' title='bbox 1253 1449 1321 1503; x_wconf 81' lang='grc' dir='ltr'><strong>δὲ</strong></span> <span class='ocrx_word' id='word_1_116' title='bbox 1363 1443 1453 1516; x_wconf 75' lang='grc' dir='ltr'><strong>εἷς</strong></span> <span class='ocrx_word' id='word_1_117' title='bbox 1485 1450 1626 1513; x_wconf 80' lang='grc' dir='ltr'><strong>Θεὸς</strong></span> <span class='ocrx_word' id='word_1_118' title='bbox 1655 1451 1688 1503; x_wconf 82' lang='grc' dir='ltr'><em>ὀ</em></span> <span class='ocrx_word' id='word_1_119' title='bbox 1722 1445 1841 1501; x_wconf 79' lang='grc' dir='ltr'><strong>Πά-</strong></span> 
     </span>
    </p>
   </div>
   <div class='ocr_carea' id='block_1_17' title="bbox 253 1531 1842 1610">
    <p class='ocr_par' dir='ltr' id='par_1_17' title="bbox 253 1531 1842 1610">
     <span class='ocr_line' id='line_1_17' title="bbox 253 1531 1842 1610; baseline -0.003 -14"><span class='ocrx_word' id='word_1_120' title='bbox 253 1543 385 1610; x_wconf 75' lang='grc' dir='ltr'><strong>τὶιρ,</strong></span> <span class='ocrx_word' id='word_1_121' title='bbox 413 1541 482 1605; x_wconf 76' lang='grc' dir='ltr'><strong>ἐξ</strong></span> <span class='ocrx_word' id='word_1_122' title='bbox 515 1535 588 1596; x_wconf 83' lang='grc' dir='ltr'><strong>οὗ</strong></span> <span class='ocrx_word' id='word_1_123' title='bbox 622 1539 696 1592; x_wconf 80' lang='grc' dir='ltr'><strong>τὰ</strong></span> <span class='ocrx_word' id='word_1_124' title='bbox 715 1538 932 1603; x_wconf 80' lang='grc' dir='ltr'><strong>πάντα,</strong></span> <span class='ocrx_word' id='word_1_125' title='bbox 958 1537 1055 1591; x_wconf 77' lang='grc' dir='ltr'><strong>καὶ</strong></span> <span class='ocrx_word' id='word_1_126' title='bbox 1080 1535 1252 1607; x_wconf 73' lang='grc' dir='ltr'><strong>ἡμεῖς</strong></span> <span class='ocrx_word' id='word_1_127' title='bbox 1283 1539 1354 1604; x_wconf 78' lang='grc' dir='ltr'><em>ἐξ</em></span> <span class='ocrx_word' id='word_1_128' title='bbox 1387 1539 1605 1593; x_wconf 80' lang='grc' dir='ltr'><strong>αὐτοῦ’</strong></span> <span class='ocrx_word' id='word_1_129' title='bbox 1629 1538 1728 1592; x_wconf 82' lang='grc' dir='ltr'><strong>καί</strong></span> <span class='ocrx_word' id='word_1_130' title='bbox 1753 1531 1842 1604; x_wconf 76' lang='grc' dir='ltr'><strong>εἷς</strong></span> 
     </span>
    </p>
   </div>
   <div class='ocr_carea' id='block_1_18' title="bbox 256 1625 1838 1703">
    <p class='ocr_par' dir='ltr' id='par_1_18' title="bbox 256 1625 1838 1703">
     <span class='ocr_line' id='line_1_18' title="bbox 256 1625 1838 1703; baseline -0.003 -14"><span class='ocrx_word' id='word_1_131' title='bbox 256 1636 472 1703; x_wconf 81' lang='grc' dir='ltr'><strong>Κύριος</strong></span> <span class='ocrx_word' id='word_1_132' title='bbox 520 1629 759 1698; x_wconf 85' lang='grc' dir='ltr'><strong>Ἰησοῦς</strong></span> <span class='ocrx_word' id='word_1_133' title='bbox 806 1629 1084 1697; x_wconf 83' lang='grc' dir='ltr'><strong>Χριστὸς,</strong></span> <span class='ocrx_word' id='word_1_134' title='bbox 1133 1629 1209 1683; x_wconf 78' lang='grc' dir='ltr'><strong>δι’</strong></span> <span class='ocrx_word' id='word_1_135' title='bbox 1239 1625 1312 1686; x_wconf 83' lang='grc' dir='ltr'><strong>οὗ</strong></span> <span class='ocrx_word' id='word_1_136' title='bbox 1361 1631 1435 1684; x_wconf 83' lang='grc' dir='ltr'><strong>τὰ</strong></span> <span class='ocrx_word' id='word_1_137' title='bbox 1475 1630 1710 1692; x_wconf 78' lang='grc' dir='ltr'><strong>πάντα,</strong></span> <span class='ocrx_word' id='word_1_138' title='bbox 1740 1631 1838 1685; x_wconf 79' lang='grc' dir='ltr'><strong>καί</strong></span> 
     </span>
    </p>
   </div>
   <div class='ocr_carea' id='block_1_19' title="bbox 262 1715 1840 1795">
    <p class='ocr_par' dir='ltr' id='par_1_19' title="bbox 262 1715 1840 1795">
     <span class='ocr_line' id='line_1_19' title="bbox 262 1715 1840 1795; baseline -0.003 -17"><span class='ocrx_word' id='word_1_139' title='bbox 262 1723 432 1795; x_wconf 79' lang='grc' dir='ltr'><strong>ἡμεῖς</strong></span> <span class='ocrx_word' id='word_1_140' title='bbox 460 1721 537 1775; x_wconf 80' lang='grc' dir='ltr'><strong>δι’</strong></span> <span class='ocrx_word' id='word_1_141' title='bbox 556 1720 744 1790; x_wconf 81' lang='grc' dir='ltr'><strong>αὑτοῦ</strong></span> <span class='ocrx_word' id='word_1_142' title='bbox 782 1736 798 1752; x_wconf 82' lang='grc'>⁶</span> <span class='ocrx_word' id='word_1_143' title='bbox 830 1720 928 1773; x_wconf 80' lang='grc' dir='ltr'><strong>καί</strong></span> <span class='ocrx_word' id='word_1_144' title='bbox 977 1719 1048 1772; x_wconf 82' lang='grc' dir='ltr'><strong>ἐν</strong></span> <span class='ocrx_word' id='word_1_145' title='bbox 1079 1721 1323 1789; x_wconf 82' lang='grc' dir='ltr'><strong>Πνεῦμα</strong></span> <span class='ocrx_word' id='word_1_146' title='bbox 1366 1721 1566 1791; x_wconf 79' lang='grc' dir='ltr'><strong>ἅγιον,</strong></span> <span class='ocrx_word' id='word_1_147' title='bbox 1596 1723 1665 1774; x_wconf 82' lang='grc' dir='ltr'><strong>ἐν</strong></span> <span class='ocrx_word' id='word_1_148' title='bbox 1693 1715 1741 1788; x_wconf 81' lang='grc' dir='ltr'>ᾧ</span> <span class='ocrx_word' id='word_1_149' title='bbox 1769 1720 1840 1774; x_wconf 84' lang='grc' dir='ltr'><strong>τὰ</strong></span> 
     </span>
    </p>
   </div>
   <div class='ocr_carea' id='block_1_20' title="bbox 261 1807 1841 1883">
    <p class='ocr_par' dir='ltr' id='par_1_20' title="bbox 261 1807 1841 1883">
     <span class='ocr_line' id='line_1_20' title="bbox 261 1807 1841 1883; baseline -0.005 -11"><span class='ocrx_word' id='word_1_150' title='bbox 261 1817 457 1871; x_wconf 75' lang='grc' dir='ltr'><strong>πάντα</strong></span> <span class='ocrx_word' id='word_1_151' title='bbox 484 1813 584 1868; x_wconf 82' lang='grc' dir='ltr'><strong>καὶ</strong></span> <span class='ocrx_word' id='word_1_152' title='bbox 617 1812 786 1883; x_wconf 73' lang='grc' dir='ltr'><strong>ἡμεῖς</strong></span> <span class='ocrx_word' id='word_1_153' title='bbox 813 1812 883 1866; x_wconf 78' lang='grc' dir='ltr'><strong>ἐν</strong></span> <span class='ocrx_word' id='word_1_154' title='bbox 910 1809 1069 1876; x_wconf 84' lang='grc' dir='ltr'><strong>αὑτῷ</strong></span> <span class='ocrx_word' id='word_1_155' title='bbox 1086 1820 1148 1866; x_wconf 77' lang='grc' dir='ltr'><strong>ιιι.</strong></span> <span class='ocrx_word' id='word_1_156' title='bbox 1183 1812 1257 1866; x_wconf 81' lang='grc' dir='ltr'><strong>Οὐ</strong></span> <span class='ocrx_word' id='word_1_157' title='bbox 1308 1812 1416 1882; x_wconf 78' lang='grc' dir='ltr'><strong>μὴν</strong></span> <span class='ocrx_word' id='word_1_158' title='bbox 1457 1807 1592 1865; x_wconf 78' lang='grc' dir='ltr'><strong>ἀλλὰ</strong></span> <span class='ocrx_word' id='word_1_159' title='bbox 1619 1811 1714 1864; x_wconf 69' lang='grc' dir='ltr'><strong>καὶ</strong></span> <span class='ocrx_word' id='word_1_160' title='bbox 1749 1811 1841 1864; x_wconf 72' lang='grc' dir='ltr'><strong>τὸν</strong></span> 
     </span>
    </p>
   </div>
   <div class='ocr_carea' id='block_1_21' title="bbox 260 1896 1843 1975">
    <p class='ocr_par' dir='ltr' id='par_1_21' title="bbox 260 1896 1843 1975">
     <span class='ocr_line' id='line_1_21' title="bbox 260 1896 1843 1975; baseline -0.004 -13"><span class='ocrx_word' id='word_1_161' title='bbox 260 1907 522 1975; x_wconf 85' lang='grc' dir='ltr'><strong>Θεολόγον</strong></span> <span class='ocrx_word' id='word_1_162' title='bbox 551 1903 874 1974; x_wconf 84' lang='grc' dir='ltr'><strong>Γρηγόριον,</strong></span> <span class='ocrx_word' id='word_1_163' title='bbox 894 1899 996 1956; x_wconf 78' lang='grc' dir='ltr'><strong>ὧδέ</strong></span> <span class='ocrx_word' id='word_1_164' title='bbox 1045 1921 1121 1972; x_wconf 87' lang='grc' dir='ltr'><strong>πη</strong></span> <span class='ocrx_word' id='word_1_165' title='bbox 1153 1901 1381 1970; x_wconf 83' lang='grc' dir='ltr'><strong>λέγοντα</strong></span> <span class='ocrx_word' id='word_1_166' title='bbox 1403 1920 1415 1933; x_wconf 91' lang='grc'><strong>·</strong></span> <span class='ocrx_word' id='word_1_167' title='bbox 1456 1902 1632 1971; x_wconf 80' lang='grc' dir='ltr'><strong>Ἡμῖν</strong></span> <span class='ocrx_word' id='word_1_168' title='bbox 1659 1901 1727 1955; x_wconf 77' lang='grc' dir='ltr'><strong>δὲ</strong></span> <span class='ocrx_word' id='word_1_169' title='bbox 1755 1896 1843 1968; x_wconf 75' lang='grc' dir='ltr'><strong>εἷς</strong></span> 
     </span>
    </p>
   </div>
   <div class='ocr_carea' id='block_1_22' title="bbox 265 1986 1844 2063">
    <p class='ocr_par' dir='ltr' id='par_1_22' title="bbox 265 1986 1844 2063">
     <span class='ocr_line' id='line_1_22' title="bbox 265 1986 1844 2063; baseline -0.004 -11"><span class='ocrx_word' id='word_1_170' title='bbox 265 1998 410 2063; x_wconf 86' lang='grc' dir='ltr'><strong>Θεὸς</strong></span> <span class='ocrx_word' id='word_1_171' title='bbox 440 1998 473 2050; x_wconf 86' lang='grc' dir='ltr'><strong>ό</strong></span> <span class='ocrx_word' id='word_1_172' title='bbox 522 1993 745 2061; x_wconf 78' lang='grc' dir='ltr'><strong>Πατὴρ,</strong></span> <span class='ocrx_word' id='word_1_173' title='bbox 779 1993 848 2057; x_wconf 79' lang='grc' dir='ltr'><strong>ἐξ</strong></span> <span class='ocrx_word' id='word_1_174' title='bbox 877 1987 949 2048; x_wconf 80' lang='grc' dir='ltr'><strong>οὗ</strong></span> <span class='ocrx_word' id='word_1_175' title='bbox 1005 1992 1094 2047; x_wconf 79' lang='grc' dir='ltr'><strong>τὰ.</strong></span> <span class='ocrx_word' id='word_1_176' title='bbox 1116 1991 1314 2045; x_wconf 78' lang='grc' dir='ltr'><strong>πάντα</strong></span> <span class='ocrx_word' id='word_1_177' title='bbox 1335 2031 1351 2056; x_wconf 88' lang='grc'><strong>,</strong></span> <span class='ocrx_word' id='word_1_178' title='bbox 1381 1991 1479 2046; x_wconf 83' lang='grc' dir='ltr'><strong>καί</strong></span> <span class='ocrx_word' id='word_1_179' title='bbox 1511 1986 1600 2058; x_wconf 75' lang='grc' dir='ltr'><strong>εἷς</strong></span> <span class='ocrx_word' id='word_1_180' title='bbox 1629 1993 1844 2059; x_wconf 73' lang='grc' dir='ltr'><strong>Κύριος</strong></span> 
     </span>
    </p>
   </div>
   <div class='ocr_carea' id='block_1_23' title="bbox 275 2078 1844 2157">
    <p class='ocr_par' dir='ltr' id='par_1_23' title="bbox 275 2078 1844 2157">
     <span class='ocr_line' id='line_1_23' title="bbox 275 2078 1844 2157; baseline -0.007 -13"><span class='ocrx_word' id='word_1_181' title='bbox 275 2088 516 2157; x_wconf 84' lang='grc' dir='ltr'><strong>Ἰησοῦς</strong></span> <span class='ocrx_word' id='word_1_182' title='bbox 538 2083 900 2154; x_wconf 74' lang='grc' dir='ltr'><strong>Χριστὸς,δι’</strong></span> <span class='ocrx_word' id='word_1_183' title='bbox 931 2078 1004 2139; x_wconf 84' lang='grc' dir='ltr'><strong>οὗ</strong></span> <span class='ocrx_word' id='word_1_184' title='bbox 1035 2081 1112 2136; x_wconf 83' lang='grc' dir='ltr'><strong>τὰ</strong></span> <span class='ocrx_word' id='word_1_185' title='bbox 1144 2081 1361 2149; x_wconf 79' lang='grc' dir='ltr'><strong>πάντα,</strong></span> <span class='ocrx_word' id='word_1_186' title='bbox 1381 2081 1478 2136; x_wconf 80' lang='grc' dir='ltr'><strong>καί</strong></span> <span class='ocrx_word' id='word_1_187' title='bbox 1505 2080 1574 2135; x_wconf 79' lang='grc' dir='ltr'><strong>ἓν</strong></span> <span class='ocrx_word' id='word_1_188' title='bbox 1601 2080 1844 2149; x_wconf 76' lang='grc' dir='ltr'><strong>Πνεῦμα</strong></span> 
     </span>
    </p>
   </div>
   <div class='ocr_carea' id='block_1_24' title="bbox 263 2167 1840 2250">
    <p class='ocr_par' dir='ltr' id='par_1_24' title="bbox 263 2167 1840 2250">
     <span class='ocr_line' id='line_1_24' title="bbox 263 2167 1840 2250; baseline -0.008 -16"><span class='ocrx_word' id='word_1_189' title='bbox 263 2181 457 2250; x_wconf 69' lang='grc' dir='ltr'><strong>ἅγιον,</strong></span> <span class='ocrx_word' id='word_1_190' title='bbox 488 2171 624 2245; x_wconf 65' lang='lat' dir='ltr'><strong>sm};</strong></span> <span class='ocrx_word' id='word_1_191' title='bbox 655 2175 728 2230; x_wconf 86' lang='grc' dir='ltr'><strong>τὰ</strong></span> <span class='ocrx_word' id='word_1_192' title='bbox 750 2174 977 2238; x_wconf 78' lang='grc' dir='ltr'><strong>πάντα,</strong></span> <span class='ocrx_word' id='word_1_193' title='bbox 998 2173 1116 2240; x_wconf 77' lang='grc' dir='ltr'><strong>τοῦ,</strong></span> <span class='ocrx_word' id='word_1_194' title='bbox 1145 2173 1214 2238; x_wconf 80' lang='grc' dir='ltr'><strong>ἐξ</strong></span> <span class='ocrx_word' id='word_1_195' title='bbox 1238 2168 1334 2236; x_wconf 84' lang='grc' dir='ltr'><strong>οὗ,</strong></span> <span class='ocrx_word' id='word_1_196' title='bbox 1365 2173 1481 2239; x_wconf 70' lang='grc' dir='ltr'><strong>καὶ,</strong></span> <span class='ocrx_word' id='word_1_197' title='bbox 1504 2171 1577 2226; x_wconf 79' lang='grc' dir='ltr'><strong>δι’</strong></span> <span class='ocrx_word' id='word_1_198' title='bbox 1598 2167 1694 2233; x_wconf 81' lang='grc' dir='ltr'><strong>οὗ,</strong></span> <span class='ocrx_word' id='word_1_199' title='bbox 1725 2171 1840 2236; x_wconf 75' lang='grc' dir='ltr'><strong>καὶ,</strong></span> 
     </span>
    </p>
   </div>
   <div class='ocr_carea' id='block_1_25' title="bbox 264 2261 1846 2339">
    <p class='ocr_par' dir='ltr' id='par_1_25' title="bbox 264 2261 1846 2339">
     <span class='ocr_line' id='line_1_25' title="bbox 264 2261 1846 2339; baseline -0.007 -15"><span class='ocrx_word' id='word_1_200' title='bbox 264 2270 337 2324; x_wconf 83' lang='grc' dir='ltr'><strong>ἐν</strong></span> <span class='ocrx_word' id='word_1_201' title='bbox 357 2263 426 2337; x_wconf 83' lang='grc' dir='ltr'><strong>ᾧ,</strong></span> <span class='ocrx_word' id='word_1_202' title='bbox 469 2267 543 2339; x_wconf 84' lang='grc' dir='ltr'><strong>μὴ</strong></span> <span class='ocrx_word' id='word_1_203' title='bbox 593 2267 786 2336; x_wconf 78' lang='grc' dir='ltr'><strong>φύσεις</strong></span> <span class='ocrx_word' id='word_1_204' title='bbox 828 2264 1166 2334; x_wconf 57' lang='grc' dir='ltr'><strong>τεμνόντων</strong></span> <span class='ocrx_word' id='word_1_205' title='bbox 1201 2261 1325 2316; x_wconf 81' lang='grc' dir='ltr'><strong>οὐδὲ</strong></span> <span class='ocrx_word' id='word_1_206' title='bbox 1353 2261 1464 2332; x_wconf 80' lang='grc' dir='ltr'><strong>γὰρ</strong></span> <span class='ocrx_word' id='word_1_207' title='bbox 1510 2263 1576 2316; x_wconf 76' lang='grc' dir='ltr'><strong>ἂν</strong></span> <span class='ocrx_word' id='word_1_208' title='bbox 1621 2262 1846 2331; x_wconf 82' lang='grc' dir='ltr'><strong>μετέπι-</strong></span> 
     </span>
    </p>
   </div>
   <div class='ocr_carea' id='block_1_26' title="bbox 266 2351 1846 2429">
    <p class='ocr_par' dir='ltr' id='par_1_26' title="bbox 266 2351 1846 2429">
     <span class='ocr_line' id='line_1_26' title="bbox 266 2351 1846 2429; baseline -0.004 -15"><span class='ocrx_word' id='word_1_209' title='bbox 266 2379 403 2414; x_wconf 84' lang='grc' dir='ltr'><strong>πτον</strong></span> <span class='ocrx_word' id='word_1_210' title='bbox 432 2361 488 2412; x_wconf 87' lang='grc' dir='ltr'><strong>αί</strong></span> <span class='ocrx_word' id='word_1_211' title='bbox 515 2357 826 2429; x_wconf 75' lang='grc' dir='ltr'><strong>προθέσεις,</strong></span> <span class='ocrx_word' id='word_1_212' title='bbox 858 2355 892 2427; x_wconf 82' lang='grc' dir='ltr'>ἢ</span> <span class='ocrx_word' id='word_1_213' title='bbox 917 2355 971 2409; x_wconf 82' lang='lat' dir='ltr'><strong>al</strong></span> <span class='ocrx_word' id='word_1_214' title='bbox 1015 2353 1199 2420; x_wconf 79' lang='grc' dir='ltr'><strong>τάξεις</strong></span> <span class='ocrx_word' id='word_1_215' title='bbox 1229 2352 1338 2406; x_wconf 86' lang='grc' dir='ltr'><strong>τῶν</strong></span> <span class='ocrx_word' id='word_1_216' title='bbox 1375 2352 1685 2421; x_wconf 81' lang='grc' dir='ltr'><strong>ὀνομάτων·</strong></span> <span class='ocrx_word' id='word_1_217' title='bbox 1709 2351 1846 2407; x_wconf 74' lang='grc' dir='ltr'><strong>ἀλλὰ</strong></span> 
     </span>
    </p>
   </div>
   <div class='ocr_carea' id='block_1_27' title="bbox 265 2443 1845 2522">
    <p class='ocr_par' dir='ltr' id='par_1_27' title="bbox 265 2443 1845 2522">
     <span class='ocr_line' id='line_1_27' title="bbox 265 2443 1845 2522; baseline -0.007 -16"><span class='ocrx_word' id='word_1_218' title='bbox 265 2449 786 2522; x_wconf 77' lang='grc' dir='ltr'><strong>χαρακτηριζόντων</strong></span> <span class='ocrx_word' id='word_1_219' title='bbox 811 2447 942 2518; x_wconf 81' lang='grc' dir='ltr'><strong>μιᾶς</strong></span> <span class='ocrx_word' id='word_1_220' title='bbox 964 2445 1058 2499; x_wconf 76' lang='grc' dir='ltr'><strong>καὶ</strong></span> <span class='ocrx_word' id='word_1_221' title='bbox 1078 2443 1390 2514; x_wconf 84' lang='grc' dir='ltr'><strong>ἀσυγχύτου</strong></span> <span class='ocrx_word' id='word_1_222' title='bbox 1408 2443 1622 2512; x_wconf 79' lang='grc' dir='ltr'><strong>φύσεως</strong></span> <span class='ocrx_word' id='word_1_223' title='bbox 1653 2443 1845 2514; x_wconf 82' lang='grc' dir='ltr'><strong>ίδιότη-</strong></span> 
     </span>
    </p>
   </div>
   <div class='ocr_carea' id='block_1_28' title="bbox 263 2529 1844 2610">
    <p class='ocr_par' dir='ltr' id='par_1_28' title="bbox 263 2529 1844 2610">
     <span class='ocr_line' id='line_1_28' title="bbox 263 2529 1844 2610; baseline -0.005 -14"><span class='ocrx_word' id='word_1_224' title='bbox 263 2561 367 2606; x_wconf 84' lang='grc' dir='ltr'><strong>τας</strong></span> <span class='ocrx_word' id='word_1_225' title='bbox 387 2559 400 2572; x_wconf 87' lang='grc'><strong>·</strong></span> <span class='ocrx_word' id='word_1_226' title='bbox 433 2541 527 2595; x_wconf 76' lang='grc' dir='ltr'><strong>καὶ</strong></span> <span class='ocrx_word' id='word_1_227' title='bbox 551 2539 711 2597; x_wconf 83' lang='grc' dir='ltr'><strong>τοῦτο</strong></span> <span class='ocrx_word' id='word_1_228' title='bbox 731 2538 892 2610; x_wconf 81' lang='grc' dir='ltr'><strong>δῆλον</strong></span> <span class='ocrx_word' id='word_1_229' title='bbox 911 2536 972 2603; x_wconf 71' lang='grc' dir='ltr'><strong>ἐξ</strong></span> <span class='ocrx_word' id='word_1_230' title='bbox 1003 2529 1079 2592; x_wconf 83' lang='grc' dir='ltr'><strong>ὧν</strong></span> <span class='ocrx_word' id='word_1_231' title='bbox 1109 2538 1188 2600; x_wconf 89' lang='grc' dir='ltr'><strong>είς</strong></span> <span class='ocrx_word' id='word_1_232' title='bbox 1213 2535 1272 2588; x_wconf 77' lang='grc' dir='ltr'><strong>ἓν</strong></span> <span class='ocrx_word' id='word_1_233' title='bbox 1304 2536 1628 2604; x_wconf 81' lang='grc' dir='ltr'><strong>συνάγονται</strong></span> <span class='ocrx_word' id='word_1_234' title='bbox 1661 2534 1844 2601; x_wconf 80' lang='grc' dir='ltr'><strong>πάλιν,</strong></span> 
     </span>
    </p>
   </div>
   <div class='ocr_carea' id='block_1_29' title="bbox 264 2627 1848 2702">
    <p class='ocr_par' dir='ltr' id='par_1_29' title="bbox 264 2627 1848 2702">
     <span class='ocr_line' id='line_1_29' title="bbox 264 2627 1848 2702; baseline -0.003 -16"><span class='ocrx_word' id='word_1_235' title='bbox 264 2635 317 2700; x_wconf 75' lang='grc' dir='ltr'><strong>εἰ</strong></span> <span class='ocrx_word' id='word_1_236' title='bbox 356 2633 433 2701; x_wconf 82' lang='grc' dir='ltr'><strong>τῷ</strong></span> <span class='ocrx_word' id='word_1_237' title='bbox 465 2632 541 2702; x_wconf 78' lang='grc' dir='ltr'><strong>μὴ</strong></span> <span class='ocrx_word' id='word_1_238' title='bbox 567 2630 860 2702; x_wconf 77' lang='grc' dir='ltr'><strong>παρέργως</strong></span> <span class='ocrx_word' id='word_1_239' title='bbox 887 2631 1061 2682; x_wconf 78' lang='grc' dir='ltr'><strong>ὲκεῖνο</strong></span> <span class='ocrx_word' id='word_1_240' title='bbox 1099 2627 1535 2696; x_wconf 80' lang='grc' dir='ltr'><strong>ἀναγινώσκεται</strong></span> <span class='ocrx_word' id='word_1_241' title='bbox 1573 2627 1727 2699; x_wconf 74' lang='grc' dir='ltr'><strong>παρὰ</strong></span> <span class='ocrx_word' id='word_1_242' title='bbox 1768 2628 1848 2700; x_wconf 83' lang='grc' dir='ltr'><strong>τῷ</strong></span> 
     </span>
    </p>
   </div>
   <div class='ocr_carea' id='block_1_30' title="bbox 264 2718 1848 2794">
    <p class='ocr_par' dir='ltr' id='par_1_30' title="bbox 264 2718 1848 2794">
     <span class='ocr_line' id='line_1_30' title="bbox 264 2718 1848 2794; baseline -0.004 -15"><span class='ocrx_word' id='word_1_243' title='bbox 264 2724 422 2794; x_wconf 77' lang='grc' dir='ltr'><strong>αὐτῷ</strong></span> <span class='ocrx_word' id='word_1_244' title='bbox 458 2723 786 2793; x_wconf 78' lang='grc' dir='ltr'><strong>’Δποστόλῳ,</strong></span> <span class='ocrx_word' id='word_1_245' title='bbox 819 2721 883 2774; x_wconf 84' lang='grc' dir='ltr'><strong>τὸ</strong></span> <span class='ocrx_word' id='word_1_246' title='bbox 912 2763 927 2787; x_wconf 85' lang='grc'><strong>,</strong></span> <span class='ocrx_word' id='word_1_247' title='bbox 950 2720 1021 2786; x_wconf 77' lang='grc' dir='ltr'><strong>ἐξ</strong></span> <span class='ocrx_word' id='word_1_248' title='bbox 1067 2719 1255 2774; x_wconf 83' lang='grc' dir='ltr'><strong>αὐτοῦ</strong></span> <span class='ocrx_word' id='word_1_249' title='bbox 1275 2760 1290 2783; x_wconf 94' lang='grc'><strong>,</strong></span> <span class='ocrx_word' id='word_1_250' title='bbox 1320 2719 1414 2772; x_wconf 74' lang='grc' dir='ltr'><strong>καὶ</strong></span> <span class='ocrx_word' id='word_1_251' title='bbox 1438 2718 1514 2772; x_wconf 78' lang='grc' dir='ltr'><strong>δι’</strong></span> <span class='ocrx_word' id='word_1_252' title='bbox 1535 2719 1722 2774; x_wconf 85' lang='grc' dir='ltr'><strong>αὐτοῦ</strong></span> <span class='ocrx_word' id='word_1_253' title='bbox 1754 2718 1848 2772; x_wconf 72' lang='grc' dir='ltr'><strong>καὶ</strong></span> 
     </span>
    </p>
   </div>
   <div class='ocr_carea' id='block_1_31' title="bbox 265 2811 1850 2881">
    <p class='ocr_par' dir='ltr' id='par_1_31' title="bbox 265 2811 1850 2881">
     <span class='ocr_line' id='line_1_31' title="bbox 265 2811 1850 2881; baseline -0.004 -10"><span class='ocrx_word' id='word_1_254' title='bbox 265 2817 341 2871; x_wconf 81' lang='grc' dir='ltr'><strong>ὲν</strong></span> <span class='ocrx_word' id='word_1_255' title='bbox 375 2813 536 2881; x_wconf 82' lang='grc' dir='ltr'><strong>αὺτῷ</strong></span> <span class='ocrx_word' id='word_1_256' title='bbox 574 2812 647 2868; x_wconf 80' lang='grc' dir='ltr'><strong>τὰ</strong></span> <span class='ocrx_word' id='word_1_257' title='bbox 683 2811 911 2868; x_wconf 63' lang='grc' dir='ltr'><strong>πάγην</strong></span> <span class='ocrx_word' id='word_1_258' title='bbox 945 2811 1104 2878; x_wconf 83' lang='grc' dir='ltr'><strong>αὐτῷ</strong></span> <span class='ocrx_word' id='word_1_259' title='bbox 1149 2811 1299 2877; x_wconf 80' lang='grc' dir='ltr'><strong>δόξα</strong></span> <span class='ocrx_word' id='word_1_260' title='bbox 1331 2813 1420 2878; x_wconf 81' lang='grc' dir='ltr'><strong>εις</strong></span> <span class='ocrx_word' id='word_1_261' title='bbox 1454 2811 1596 2878; x_wconf 80' lang='grc' dir='ltr'><strong>τοὺς</strong></span> <span class='ocrx_word' id='word_1_262' title='bbox 1626 2811 1850 2878; x_wconf 81' lang='grc' dir='ltr'><strong>αίῶνας</strong></span> 
     </span>
    </p>
   </div>
   <div class='ocr_carea' id='block_1_32' title="bbox 267 2905 904 2976">
    <p class='ocr_par' dir='ltr' id='par_1_32' title="bbox 267 2905 904 2976">
     <span class='ocr_line' id='line_1_32' title="bbox 267 2905 904 2976; baseline -0.006 -14"><span class='ocrx_word' id='word_1_263' title='bbox 267 2905 394 2962; x_wconf 83' lang='grc' dir='ltr'><strong>τῶν</strong></span> <span class='ocrx_word' id='word_1_264' title='bbox 426 2906 676 2962; x_wconf 70' lang='grc' dir='ltr'><strong>αἰώνων.</strong></span> <span class='ocrx_word' id='word_1_265' title='bbox 707 2905 904 2976; x_wconf 79' lang='grc' dir='ltr'><strong>Ἀμήν.</strong></span> 
     </span>
    </p>
   </div>
   <div class='ocr_carea' id='block_1_33' title="bbox 347 3082 1845 3157">
    <p class='ocr_par' dir='ltr' id='par_1_33' title="bbox 347 3082 1845 3157">
     <span class='ocr_line' id='line_1_33' title="bbox 347 3082 1845 3157; baseline -0.005 -15"><span class='ocrx_word' id='word_1_266' title='bbox 347 3087 468 3142; x_wconf 81' lang='grc' dir='ltr'><strong>Ὀτι</strong></span> <span class='ocrx_word' id='word_1_267' title='bbox 498 3085 607 3157; x_wconf 72' lang='grc' dir='ltr'><strong>γὰρ</strong></span> <span class='ocrx_word' id='word_1_268' title='bbox 639 3087 738 3140; x_wconf 84' lang='grc' dir='ltr'><strong>οὐκ</strong></span> <span class='ocrx_word' id='word_1_269' title='bbox 771 3086 850 3150; x_wconf 86' lang='grc' dir='ltr'><strong>είς</strong></span> <span class='ocrx_word' id='word_1_270' title='bbox 879 3083 971 3137; x_wconf 81' lang='grc' dir='ltr'><strong>τὸν</strong></span> <span class='ocrx_word' id='word_1_271' title='bbox 994 3083 1122 3136; x_wconf 80' lang='grc' dir='ltr'><strong>Υἱὸν</strong></span> <span class='ocrx_word' id='word_1_272' title='bbox 1155 3084 1312 3153; x_wconf 80' lang='grc' dir='ltr'><strong>μόνον</strong></span> <span class='ocrx_word' id='word_1_273' title='bbox 1338 3083 1588 3136; x_wconf 71' lang='grc' dir='ltr'><strong>λέλεκται</strong></span> <span class='ocrx_word' id='word_1_274' title='bbox 1623 3082 1682 3134; x_wconf 75' lang='grc' dir='ltr'><strong>τό</strong></span> <span class='ocrx_word' id='word_1_275' title='bbox 1699 3098 1845 3152; x_wconf 76' lang='grc' dir='ltr'><strong>τρισο</strong></span> 
     </span>
    </p>
   </div>
   <div class='ocr_carea' id='block_1_34' title="bbox 270 3171 1852 3250">
    <p class='ocr_par' dir='ltr' id='par_1_34' title="bbox 270 3171 1852 3250">
     <span class='ocr_line' id='line_1_34' title="bbox 270 3171 1852 3250; baseline -0.006 -15"><span class='ocrx_word' id='word_1_276' title='bbox 270 3180 454 3250; x_wconf 80' lang='grc' dir='ltr'><strong>άγιον,</strong></span> <span class='ocrx_word' id='word_1_277' title='bbox 481 3178 596 3233; x_wconf 84' lang='grc' dir='ltr'><strong>ἀλλ’</strong></span> <span class='ocrx_word' id='word_1_278' title='bbox 620 3179 700 3241; x_wconf 88' lang='grc' dir='ltr'><strong>είς</strong></span> <span class='ocrx_word' id='word_1_279' title='bbox 723 3177 823 3247; x_wconf 80' lang='grc' dir='ltr'><strong>τὴν</strong></span> <span class='ocrx_word' id='word_1_280' title='bbox 850 3175 1012 3244; x_wconf 80' lang='grc' dir='ltr'><strong>ἁγίαν</strong></span> <span class='ocrx_word' id='word_1_281' title='bbox 1033 3175 1262 3246; x_wconf 77' lang='grc' dir='ltr'><strong>Τριὰδα,</strong></span> <span class='ocrx_word' id='word_1_282' title='bbox 1289 3175 1497 3245; x_wconf 81' lang='grc' dir='ltr'><strong>μάρτυς</strong></span> <span class='ocrx_word' id='word_1_283' title='bbox 1524 3177 1552 3228; x_wconf 86' lang='grc' dir='ltr'><strong>ό</strong></span> <span class='ocrx_word' id='word_1_284' title='bbox 1593 3171 1733 3235; x_wconf 85' lang='grc' dir='ltr'><strong>Θεῖος</strong></span> <span class='ocrx_word' id='word_1_285' title='bbox 1757 3172 1852 3226; x_wconf 77' lang='grc' dir='ltr'><strong>καὶ</strong></span> 
     </span>
    </p>
   </div>
   <div class='ocr_carea' id='block_1_35' title="bbox 271 3262 1852 3341">
    <p class='ocr_par' dir='ltr' id='par_1_35' title="bbox 271 3262 1852 3341">
     <span class='ocr_line' id='line_1_35' title="bbox 271 3262 1852 3341; baseline -0.006 -17"><span class='ocrx_word' id='word_1_286' title='bbox 271 3269 422 3341; x_wconf 76' lang='grc' dir='ltr'><strong>ἱερὸς</strong></span> <span class='ocrx_word' id='word_1_287' title='bbox 456 3267 796 3331; x_wconf 77' lang='grc' dir='ltr'><strong>Ἀθανάσιος,</strong></span> <span class='ocrx_word' id='word_1_288' title='bbox 829 3263 1110 3327; x_wconf 85' lang='grc' dir='ltr'><strong>Βασίλειός</strong></span> <span class='ocrx_word' id='word_1_289' title='bbox 1143 3281 1202 3317; x_wconf 92' lang='grc' dir='ltr'><strong>τε</strong></span> <span class='ocrx_word' id='word_1_290' title='bbox 1228 3302 1243 3327; x_wconf 91' lang='grc'><strong>,</strong></span> <span class='ocrx_word' id='word_1_291' title='bbox 1268 3263 1362 3317; x_wconf 71' lang='grc' dir='ltr'><strong>καὶ</strong></span> <span class='ocrx_word' id='word_1_292' title='bbox 1407 3262 1730 3334; x_wconf 83' lang='grc' dir='ltr'><strong>Γρηγόριος,</strong></span> <span class='ocrx_word' id='word_1_293' title='bbox 1755 3263 1852 3316; x_wconf 74' lang='grc' dir='ltr'><strong>καὶ</strong></span> 
     </span>
    </p>
   </div>
   <div class='ocr_carea' id='block_1_36' title="bbox 271 3353 1853 3430">
    <p class='ocr_par' dir='ltr' id='par_1_36' title="bbox 271 3353 1853 3430">
     <span class='ocr_line' id='line_1_36' title="bbox 271 3353 1853 3430; baseline -0.008 -14"><span class='ocrx_word' id='word_1_294' title='bbox 271 3361 386 3424; x_wconf 79' lang='grc' dir='ltr'><strong>πᾶς</strong></span> <span class='ocrx_word' id='word_1_295' title='bbox 411 3362 439 3413; x_wconf 82' lang='grc' dir='ltr'><strong>ὁ</strong></span> <span class='ocrx_word' id='word_1_296' title='bbox 458 3359 566 3412; x_wconf 83' lang='grc' dir='ltr'><strong>τῶν</strong></span> <span class='ocrx_word' id='word_1_297' title='bbox 599 3358 877 3430; x_wconf 82' lang='grc' dir='ltr'><strong>θεοφόρων</strong></span> <span class='ocrx_word' id='word_1_298' title='bbox 910 3357 1172 3428; x_wconf 81' lang='grc' dir='ltr'><strong>Πατὲρων</strong></span> <span class='ocrx_word' id='word_1_299' title='bbox 1201 3355 1389 3427; x_wconf 84' lang='grc' dir='ltr'><strong>χορός⁶</strong></span> <span class='ocrx_word' id='word_1_300' title='bbox 1415 3356 1608 3428; x_wconf 79' lang='grc' dir='ltr'><strong>ὅτιπερ</strong></span> <span class='ocrx_word' id='word_1_301' title='bbox 1635 3353 1724 3408; x_wconf 71' lang='grc' dir='ltr'><strong>διὰ</strong></span> <span class='ocrx_word' id='word_1_302' title='bbox 1753 3355 1853 3423; x_wconf 67' lang='grc' dir='ltr'><strong>τῆς</strong></span> 
     </span>
    </p>
   </div>
   <div class='ocr_carea' id='block_1_37' title="bbox 264 3444 1850 3524">
    <p class='ocr_par' dir='ltr' id='par_1_37' title="bbox 264 3444 1850 3524">
     <span class='ocr_line' id='line_1_37' title="bbox 264 3444 1850 3524; baseline -0.006 -18"><span class='ocrx_word' id='word_1_303' title='bbox 264 3453 502 3524; x_wconf 79' lang='grc' dir='ltr'><strong>τρισσῆς</strong></span> <span class='ocrx_word' id='word_1_304' title='bbox 525 3449 833 3520; x_wconf 78' lang='grc' dir='ltr'><strong>ἁγιότητος,</strong></span> <span class='ocrx_word' id='word_1_305' title='bbox 855 3448 957 3510; x_wconf 81' lang='grc' dir='ltr'><strong>τὰς</strong></span> <span class='ocrx_word' id='word_1_306' title='bbox 983 3449 1134 3520; x_wconf 80' lang='grc' dir='ltr'><strong>τρεῖς</strong></span> <span class='ocrx_word' id='word_1_307' title='bbox 1170 3447 1270 3517; x_wconf 81' lang='grc' dir='ltr'><strong>τῆς</strong></span> <span class='ocrx_word' id='word_1_308' title='bbox 1296 3445 1626 3517; x_wconf 82' lang='grc' dir='ltr'><strong>ὐπερουσίου</strong></span> <span class='ocrx_word' id='word_1_309' title='bbox 1661 3444 1850 3512; x_wconf 77' lang='grc' dir='ltr'><strong>Θεότηο</strong></span> 
     </span>
    </p>
   </div>
   <div class='ocr_carea' id='block_1_38' title="bbox 266 3534 1856 3608">
    <p class='ocr_par' dir='ltr' id='par_1_38' title="bbox 266 3534 1856 3608">
     <span class='ocr_line' id='line_1_38' title="bbox 266 3534 1856 3608; baseline -0.004 -15"><span class='ocrx_word' id='word_1_310' title='bbox 266 3556 365 3604; x_wconf 78' lang='grc' dir='ltr'><strong>τος</strong></span> <span class='ocrx_word' id='word_1_311' title='bbox 419 3537 770 3600; x_wconf 72' lang='grc' dir='ltr'><strong>ὑποστάσεις,</strong></span> <span class='ocrx_word' id='word_1_312' title='bbox 805 3535 876 3587; x_wconf 70' lang='grc' dir='ltr'><strong>τὰ</strong></span> <span class='ocrx_word' id='word_1_313' title='bbox 914 3535 1050 3604; x_wconf 78' lang='grc' dir='ltr'><strong>ἁγια</strong></span> <span class='ocrx_word' id='word_1_314' title='bbox 1079 3534 1330 3605; x_wconf 65' lang='grc' dir='ltr'><strong>Σεραφψ</strong></span> <span class='ocrx_word' id='word_1_315' title='bbox 1389 3536 1521 3606; x_wconf 71' lang='grc' dir='ltr'><strong>ἡμῖν</strong></span> <span class='ocrx_word' id='word_1_316' title='bbox 1575 3535 1856 3608; x_wconf 79' lang='grc' dir='ltr'><strong>ὕπεμφαί·</strong></span> 
     </span>
    </p>
   </div>
   <div class='ocr_carea' id='block_1_39' title="bbox 264 3624 1858 3698">
    <p class='ocr_par' dir='ltr' id='par_1_39' title="bbox 264 3624 1858 3698">
     <span class='ocr_line' id='line_1_39' title="bbox 264 3624 1858 3698; baseline 0.002 -19"><span class='ocrx_word' id='word_1_317' title='bbox 264 3643 445 3679; x_wconf 85' lang='grc' dir='ltr'><strong>νουσι.</strong></span> <span class='ocrx_word' id='word_1_318' title='bbox 482 3624 581 3679; x_wconf 85' lang='grc' dir='ltr'><strong>Διὰ</strong></span> <span class='ocrx_word' id='word_1_319' title='bbox 628 3624 685 3679; x_wconf 78' lang='grc' dir='ltr'><strong>δὲ</strong></span> <span class='ocrx_word' id='word_1_320' title='bbox 739 3625 840 3696; x_wconf 84' lang='grc' dir='ltr'><strong>τῆς</strong></span> <span class='ocrx_word' id='word_1_321' title='bbox 878 3627 1009 3696; x_wconf 79' lang='grc' dir='ltr'><strong>μιᾶς</strong></span> <span class='ocrx_word' id='word_1_322' title='bbox 1057 3627 1399 3698; x_wconf 80' lang='grc' dir='ltr'><strong>κυριότητος,</strong></span> <span class='ocrx_word' id='word_1_323' title='bbox 1449 3628 1549 3698; x_wconf 83' lang='grc' dir='ltr'><strong>τὴν</strong></span> <span class='ocrx_word' id='word_1_324' title='bbox 1595 3628 1724 3698; x_wconf 88' lang='grc' dir='ltr'><strong>μίαν</strong></span> <span class='ocrx_word' id='word_1_325' title='bbox 1755 3629 1858 3696; x_wconf 85' lang='grc' dir='ltr'><strong>τῆς</strong></span> 
     </span>
    </p>
   </div>
   <div class='ocr_carea' id='block_1_40' title="bbox 269 3716 1858 3789">
    <p class='ocr_par' dir='ltr' id='par_1_40' title="bbox 269 3716 1858 3789">
     <span class='ocr_line' id='line_1_40' title="bbox 269 3716 1858 3789; baseline 0.001 -21"><span class='ocrx_word' id='word_1_326' title='bbox 269 3716 574 3786; x_wconf 78' lang='grc' dir='ltr'><strong>θεαρχικῆς</strong></span> <span class='ocrx_word' id='word_1_327' title='bbox 617 3716 848 3787; x_wconf 85' lang='grc' dir='ltr'><strong>Τριάδος</strong></span> <span class='ocrx_word' id='word_1_328' title='bbox 883 3716 1074 3771; x_wconf 81' lang='grc' dir='ltr'><strong>οὐσίαν</strong></span> <span class='ocrx_word' id='word_1_329' title='bbox 1103 3733 1162 3769; x_wconf 88' lang='grc' dir='ltr'><strong>τε</strong></span> <span class='ocrx_word' id='word_1_330' title='bbox 1212 3718 1304 3771; x_wconf 76' lang='grc' dir='ltr'><strong>καὶ</strong></span> <span class='ocrx_word' id='word_1_331' title='bbox 1347 3717 1624 3788; x_wconf 85' lang='grc' dir='ltr'><strong>βασιλείαν</strong></span> <span class='ocrx_word' id='word_1_332' title='bbox 1651 3718 1858 3789; x_wconf 89' lang='grc' dir='ltr'><strong>γνωρί-</strong></span> 
     </span>
    </p>
   </div>
   <div class='ocr_carea' id='block_1_41' title="bbox 267 3808 1857 3881">
    <p class='ocr_par' dir='ltr' id='par_1_41' title="bbox 267 3808 1857 3881">
     <span class='ocr_line' id='line_1_41' title="bbox 267 3808 1857 3881; baseline 0.001 -20"><span class='ocrx_word' id='word_1_333' title='bbox 267 3809 450 3874; x_wconf 79' lang='grc' dir='ltr'><strong>ζουσι.</strong></span> <span class='ocrx_word' id='word_1_334' title='bbox 485 3809 624 3880; x_wconf 77' lang='grc' dir='ltr'><strong>Φησὶ</strong></span> <span class='ocrx_word' id='word_1_335' title='bbox 645 3808 776 3879; x_wconf 80' lang='grc' dir='ltr'><strong>γοῦν</strong></span> <span class='ocrx_word' id='word_1_336' title='bbox 808 3812 836 3864; x_wconf 84' lang='grc' dir='ltr'>ὁ</span> <span class='ocrx_word' id='word_1_337' title='bbox 865 3808 1127 3878; x_wconf 85' lang='grc' dir='ltr'><strong>Θεολόγος</strong></span> <span class='ocrx_word' id='word_1_338' title='bbox 1150 3809 1448 3881; x_wconf 81' lang='grc' dir='ltr'><strong>Γρηγόριος</strong></span> <span class='ocrx_word' id='word_1_339' title='bbox 1488 3815 1503 3833; x_wconf 87' lang='grc'><strong>⁸</strong></span> <span class='ocrx_word' id='word_1_340' title='bbox 1572 3808 1730 3863; x_wconf 92' lang='grc' dir='ltr'><strong>Οὕτω</strong></span> <span class='ocrx_word' id='word_1_341' title='bbox 1757 3809 1857 3880; x_wconf 76' lang='grc' dir='ltr'><strong>μὲν</strong></span> 
     </span>
    </p>
   </div>
   <div class='ocr_carea' id='block_1_42' title="bbox 267 3897 1880 3970">
    <p class='ocr_par' dir='ltr' id='par_1_42' title="bbox 267 3897 1880 3970">
     <span class='ocr_line' id='line_1_42' title="bbox 267 3897 1880 3970; baseline -0.003 -16"><span class='ocrx_word' id='word_1_342' title='bbox 267 3897 368 3955; x_wconf 75' lang='grc' dir='ltr'><strong>οὖν</strong></span> <span class='ocrx_word' id='word_1_343' title='bbox 395 3901 464 3952; x_wconf 84' lang='grc' dir='ltr'><strong>τὰ</strong></span> <span class='ocrx_word' id='word_1_344' title='bbox 495 3903 661 3969; x_wconf 82' lang='grc' dir='ltr'><strong>Ἀγια</strong></span> <span class='ocrx_word' id='word_1_345' title='bbox 708 3901 818 3954; x_wconf 84' lang='grc' dir='ltr'><strong>τῶν</strong></span> <span class='ocrx_word' id='word_1_346' title='bbox 865 3901 1057 3968; x_wconf 85' lang='grc' dir='ltr'><strong>ἁγίων,</strong></span> <span class='ocrx_word' id='word_1_347' title='bbox 1087 3900 1124 3956; x_wconf 79' lang='grc' dir='ltr'><strong>ἁ</strong></span> <span class='ocrx_word' id='word_1_348' title='bbox 1157 3900 1252 3955; x_wconf 77' lang='grc' dir='ltr'><strong>καὶ</strong></span> <span class='ocrx_word' id='word_1_349' title='bbox 1283 3904 1396 3964; x_wconf 86' lang='grc' dir='ltr'><strong>τοῖς</strong></span> <span class='ocrx_word' id='word_1_350' title='bbox 1437 3900 1691 3970; x_wconf 78' lang='grc' dir='ltr'><strong>Σεραφὶμ</strong></span> <span class='ocrx_word' id='word_1_351' title='bbox 1720 3916 1880 3969; x_wconf 81' lang='grc' dir='ltr'><strong>συγ-.</strong></span> 
     </span>
    </p>
   </div>
   <div class='ocr_carea' id='block_1_43' title="bbox 268 3992 1856 4064">
    <p class='ocr_par' dir='ltr' id='par_1_43' title="bbox 268 3992 1856 4064">
     <span class='ocr_line' id='line_1_43' title="bbox 268 3992 1856 4064; baseline 0.001 -18"><span class='ocrx_word' id='word_1_352' title='bbox 268 3992 647 4057; x_wconf 58' lang='lat' dir='ltr'><strong>malai-instat,</strong></span> <span class='ocrx_word' id='word_1_353' title='bbox 685 3995 780 4046; x_wconf 72' lang='lat' dir='ltr'><strong>xui.</strong></span> <span class='ocrx_word' id='word_1_354' title='bbox 831 3992 1116 4059; x_wconf 80' lang='grc' dir='ltr'><strong>δοξάζεται</strong></span> <span class='ocrx_word' id='word_1_355' title='bbox 1175 3993 1354 4064; x_wconf 78' lang='grc' dir='ltr'><strong>τρισὶν</strong></span> <span class='ocrx_word' id='word_1_356' title='bbox 1406 3993 1700 4061; x_wconf 83' lang='grc' dir='ltr'><strong>ἁγιασμοῖς</strong></span> <span class='ocrx_word' id='word_1_357' title='bbox 1729 4030 1744 4056; x_wconf 87' lang='grc'><strong>,</strong></span> <span class='ocrx_word' id='word_1_358' title='bbox 1777 3994 1856 4058; x_wconf 85' lang='grc' dir='ltr'><strong>είς</strong></span> 
     </span>
    </p>
   </div>
   <div class='ocr_carea' id='block_1_44' title="bbox 273 4083 1856 4157">
    <p class='ocr_par' dir='ltr' id='par_1_44' title="bbox 273 4083 1856 4157">
     <span class='ocr_line' id='line_1_44' title="bbox 273 4083 1856 4157; baseline 0.002 -22"><span class='ocrx_word' id='word_1_359' title='bbox 273 4085 412 4156; x_wconf 79' lang='grc' dir='ltr'><strong>μίαν</strong></span> <span class='ocrx_word' id='word_1_360' title='bbox 448 4085 688 4138; x_wconf 74' lang='grc' dir='ltr'><strong>συνιοῦσι</strong></span> <span class='ocrx_word' id='word_1_361' title='bbox 727 4085 1029 4155; x_wconf 84' lang='grc' dir='ltr'><strong>κυριότητα</strong></span> <span class='ocrx_word' id='word_1_362' title='bbox 1061 4086 1158 4139; x_wconf 76' lang='grc' dir='ltr'><strong>καὶ</strong></span> <span class='ocrx_word' id='word_1_363' title='bbox 1203 4085 1452 4156; x_wconf 85' lang='grc' dir='ltr'><strong>Θεότητα.</strong></span> <span class='ocrx_word' id='word_1_364' title='bbox 1493 4085 1560 4139; x_wconf 80' lang='lat'><strong>&#39;0</strong></span> <span class='ocrx_word' id='word_1_365' title='bbox 1591 4083 1686 4138; x_wconf 74' lang='grc' dir='ltr'><strong>καὶ</strong></span> <span class='ocrx_word' id='word_1_366' title='bbox 1708 4084 1856 4157; x_wconf 78' lang='grc' dir='ltr'><strong>ἄλλῳ</strong></span> 
     </span>
    </p>
   </div>
   <div class='ocr_carea' id='block_1_45' title="bbox 266 4174 1857 4248">
    <p class='ocr_par' dir='ltr' id='par_1_45' title="bbox 266 4174 1857 4248">
     <span class='ocr_line' id='line_1_45' title="bbox 266 4174 1857 4248; baseline 0.004 -22"><span class='ocrx_word' id='word_1_367' title='bbox 266 4176 382 4227; x_wconf 66' lang='grc' dir='ltr'><strong>τινὶ</strong></span> <span class='ocrx_word' id='word_1_368' title='bbox 411 4175 520 4227; x_wconf 85' lang='grc' dir='ltr'><strong>τῶν</strong></span> <span class='ocrx_word' id='word_1_369' title='bbox 549 4175 658 4246; x_wconf 79' lang='grc' dir='ltr'><strong>πρὸ</strong></span> <span class='ocrx_word' id='word_1_370' title='bbox 687 4177 843 4248; x_wconf 79' lang='grc' dir='ltr'><strong>ἡμῶν</strong></span> <span class='ocrx_word' id='word_1_371' title='bbox 875 4175 1314 4248; x_wconf 76' lang='grc' dir='ltr'><strong>πεφιλοσόφηται</strong></span> <span class='ocrx_word' id='word_1_372' title='bbox 1346 4174 1616 4232; x_wconf 80' lang='grc' dir='ltr'><strong>κάλλιστά</strong></span> <span class='ocrx_word' id='word_1_373' title='bbox 1655 4193 1718 4230; x_wconf 89' lang='grc' dir='ltr'><strong>τε</strong></span> <span class='ocrx_word' id='word_1_374' title='bbox 1759 4175 1857 4232; x_wconf 76' lang='grc' dir='ltr'><strong>καὶ</strong></span> 
     </span>
    </p>
   </div>
   <div class='ocr_carea' id='block_1_46' title="bbox 268 4263 613 4335">
    <p class='ocr_par' dir='ltr' id='par_1_46' title="bbox 268 4263 613 4335">
     <span class='ocr_line' id='line_1_46' title="bbox 268 4263 613 4335; baseline 0.006 -19"><span class='ocrx_word' id='word_1_375' title='bbox 268 4263 613 4335; x_wconf 72' lang='grc' dir='ltr'><strong>ὑψηλότατα.</strong></span> 
     </span>
    </p>
   </div>
   <div class='ocr_carea' id='block_1_47' title="bbox 354 4439 1853 4514">
    <p class='ocr_par' dir='ltr' id='par_1_47' title="bbox 354 4439 1853 4514">
     <span class='ocr_line' id='line_1_47' title="bbox 354 4439 1853 4514; baseline 0.005 -25"><span class='ocrx_word' id='word_1_376' title='bbox 354 4440 490 4492; x_wconf 70' lang='grc' dir='ltr'><strong>Φασὶ</strong></span> <span class='ocrx_word' id='word_1_377' title='bbox 543 4440 598 4493; x_wconf 73' lang='grc' dir='ltr'><strong>δὲ</strong></span> <span class='ocrx_word' id='word_1_378' title='bbox 656 4444 749 4495; x_wconf 72' lang='grc' dir='ltr'><strong>καὶ</strong></span> <span class='ocrx_word' id='word_1_379' title='bbox 803 4444 853 4496; x_wconf 91' lang='grc' dir='ltr'><strong>οί</strong></span> <span class='ocrx_word' id='word_1_380' title='bbox 927 4448 1027 4512; x_wconf 84' lang='grc' dir='ltr'><strong>τὴν</strong></span> <span class='ocrx_word' id='word_1_381' title='bbox 1086 4443 1546 4514; x_wconf 67' lang='grc' dir='ltr'><strong>ἐκκλησιασττκὴν</strong></span> <span class='ocrx_word' id='word_1_382' title='bbox 1609 4439 1853 4512; x_wconf 72' lang='grc' dir='ltr'><strong>ἱστορίαν</strong></span> 
     </span>
    </p>
   </div>
   <div class='ocr_carea' id='block_1_48' title="bbox 1933 533 3502 606">
    <p class='ocr_par' dir='ltr' id='par_1_48' title="bbox 1933 533 3502 606">
     <span class='ocr_line' id='line_1_48' title="bbox 1933 533 3502 606; baseline 0.006 -17"><span class='ocrx_word' id='word_1_383' title='bbox 1933 537 2162 605; x_wconf 81' lang='lat' dir='ltr'><strong>gacitas.</strong></span> <span class='ocrx_word' id='word_1_384' title='bbox 2195 533 2308 591; x_wconf 83' lang='lat' dir='ltr'><strong>Nos</strong></span> <span class='ocrx_word' id='word_1_385' title='bbox 2355 536 2558 606; x_wconf 81' lang='lat' dir='ltr'><strong>quippe</strong></span> <span class='ocrx_word' id='word_1_386' title='bbox 2591 536 2750 603; x_wconf 88' lang='lat' dir='ltr'><strong>illud,</strong></span> <span class='ocrx_word' id='word_1_387' title='bbox 2785 550 3001 594; x_wconf 81' lang='lat' dir='ltr'><strong>sanctus</strong></span> <span class='ocrx_word' id='word_1_388' title='bbox 3043 539 3184 595; x_wconf 82' lang='lat' dir='ltr'><strong>Deus</strong></span> <span class='ocrx_word' id='word_1_389' title='bbox 3231 541 3298 597; x_wconf 89' lang='lat' dir='ltr'><strong>de</strong></span> <span class='ocrx_word' id='word_1_390' title='bbox 3343 543 3502 598; x_wconf 80' lang='lat' dir='ltr'><strong>Patre</strong></span> 
     </span>
    </p>
   </div>
   <div class='ocr_carea' id='block_1_49' title="bbox 1932 627 3502 704">
    <p class='ocr_par' dir='ltr' id='par_1_49' title="bbox 1932 627 3502 704">
     <span class='ocr_line' id='line_1_49' title="bbox 1932 627 3502 704; baseline 0.007 -25"><span class='ocrx_word' id='word_1_391' title='bbox 1932 627 2272 696; x_wconf 82' lang='lat' dir='ltr'><strong>accipimus:</strong></span> <span class='ocrx_word' id='word_1_392' title='bbox 2306 643 2414 683; x_wconf 91' lang='lat' dir='ltr'><strong>non</strong></span> <span class='ocrx_word' id='word_1_393' title='bbox 2445 628 2592 698; x_wconf 91' lang='lat' dir='ltr'><strong>quod</strong></span> <span class='ocrx_word' id='word_1_394' title='bbox 2627 630 2731 700; x_wconf 91' lang='lat' dir='ltr'><strong>ipsi</strong></span> <span class='ocrx_word' id='word_1_395' title='bbox 2767 630 2869 685; x_wconf 91' lang='lat' dir='ltr'><strong>soli</strong></span> <span class='ocrx_word' id='word_1_396' title='bbox 2904 630 3216 689; x_wconf 76' lang='lat' dir='ltr'><strong>divinitatis</strong></span> <span class='ocrx_word' id='word_1_397' title='bbox 3250 635 3502 704; x_wconf 83' lang='lat' dir='ltr'><strong>assigne-</strong></span> 
     </span>
    </p>
   </div>
   <div class='ocr_carea' id='block_1_50' title="bbox 1933 717 3499 792">
    <p class='ocr_par' dir='ltr' id='par_1_50' title="bbox 1933 717 3499 792">
     <span class='ocr_line' id='line_1_50' title="bbox 1933 717 3499 792; baseline 0.006 -22"><span class='ocrx_word' id='word_1_398' title='bbox 1933 732 2056 772; x_wconf 90' lang='lat' dir='ltr'><strong>mus</strong></span> <span class='ocrx_word' id='word_1_399' title='bbox 2083 731 2305 772; x_wconf 89' lang='lat' dir='ltr'><strong>nomen.</strong></span> <span class='ocrx_word' id='word_1_400' title='bbox 2339 717 2475 773; x_wconf 87' lang='lat' dir='ltr'><strong>Nam</strong></span> <span class='ocrx_word' id='word_1_401' title='bbox 2507 728 2560 774; x_wconf 84' lang='lat' dir='ltr'><strong>et</strong></span> <span class='ocrx_word' id='word_1_402' title='bbox 2589 719 2812 786; x_wconf 89' lang='lat' dir='ltr'><strong>Filium,</strong></span> <span class='ocrx_word' id='word_1_403' title='bbox 2843 727 2898 776; x_wconf 92' lang='lat' dir='ltr'><strong>et</strong></span> <span class='ocrx_word' id='word_1_404' title='bbox 2940 719 3204 792; x_wconf 38' lang='lat' dir='ltr'><strong>chiritum</strong></span> <span class='ocrx_word' id='word_1_405' title='bbox 3246 735 3499 781; x_wconf 88' lang='lat' dir='ltr'><strong>sanctum</strong></span> 
     </span>
    </p>
   </div>
   <div class='ocr_carea' id='block_1_51' title="bbox 1938 807 3502 882">
    <p class='ocr_par' dir='ltr' id='par_1_51' title="bbox 1938 807 3502 882">
     <span class='ocr_line' id='line_1_51' title="bbox 1938 807 3502 882; baseline 0.006 -22"><span class='ocrx_word' id='word_1_406' title='bbox 1938 807 2104 864; x_wconf 91' lang='lat' dir='ltr'><strong>Deum</strong></span> <span class='ocrx_word' id='word_1_407' title='bbox 2137 811 2508 880; x_wconf 81' lang='lat' dir='ltr'><strong>agnoscimus.</strong></span> <span class='ocrx_word' id='word_1_408' title='bbox 2541 810 2728 866; x_wconf 84' lang='lat' dir='ltr'><strong>Itidem</strong></span> <span class='ocrx_word' id='word_1_409' title='bbox 2761 811 2921 879; x_wconf 87' lang='lat' dir='ltr'><strong>illud,</strong></span> <span class='ocrx_word' id='word_1_410' title='bbox 2951 824 3168 868; x_wconf 80' lang='lat' dir='ltr'><strong>sanctus</strong></span> <span class='ocrx_word' id='word_1_411' title='bbox 3198 815 3378 882; x_wconf 78' lang='lat' dir='ltr'><strong>fartis,</strong></span> <span class='ocrx_word' id='word_1_412' title='bbox 3407 815 3502 870; x_wconf 82' lang='lat' dir='ltr'><strong>Fi-</strong></span> 
     </span>
    </p>
   </div>
   <div class='ocr_carea' id='block_1_52' title="bbox 1935 899 3504 975">
    <p class='ocr_par' dir='ltr' id='par_1_52' title="bbox 1935 899 3504 975">
     <span class='ocr_line' id='line_1_52' title="bbox 1935 899 3504 975; baseline 0.006 -22"><span class='ocrx_word' id='word_1_413' title='bbox 1935 899 2010 954; x_wconf 91' lang='lat' dir='ltr'><strong>lio</strong></span> <span class='ocrx_word' id='word_1_414' title='bbox 2034 901 2330 958; x_wconf 91' lang='lat' dir='ltr'><strong>tribuimus</strong></span> <span class='ocrx_word' id='word_1_415' title='bbox 2359 920 2372 956; x_wconf 92' lang='lat'>:</span> <span class='ocrx_word' id='word_1_416' title='bbox 2403 918 2512 956; x_wconf 90' lang='lat' dir='ltr'><strong>non</strong></span> <span class='ocrx_word' id='word_1_417' title='bbox 2543 903 2688 972; x_wconf 89' lang='lat' dir='ltr'><strong>quod</strong></span> <span class='ocrx_word' id='word_1_418' title='bbox 2719 902 2934 960; x_wconf 78' lang='lat' dir='ltr'><strong>Patrem</strong></span> <span class='ocrx_word' id='word_1_419' title='bbox 2968 913 3024 959; x_wconf 90' lang='lat' dir='ltr'><strong>et</strong></span> <span class='ocrx_word' id='word_1_420' title='bbox 3065 903 3330 975; x_wconf 80' lang='lat' dir='ltr'><strong>Spiritum</strong></span> <span class='ocrx_word' id='word_1_421' title='bbox 3376 923 3504 963; x_wconf 78' lang='lat' dir='ltr'><strong>san-</strong></span> 
     </span>
    </p>
   </div>
   <div class='ocr_carea' id='block_1_53' title="bbox 1935 988 3577 1061">
    <p class='ocr_par' dir='ltr' id='par_1_53' title="bbox 1935 988 3577 1061">
     <span class='ocr_line' id='line_1_53' title="bbox 1935 988 3577 1061; baseline 0.005 -20"><span class='ocrx_word' id='word_1_422' title='bbox 1935 995 2083 1042; x_wconf 91' lang='lat' dir='ltr'><strong>ctum</strong></span> <span class='ocrx_word' id='word_1_423' title='bbox 2116 988 2320 1044; x_wconf 89' lang='lat' dir='ltr'><strong>virtute</strong></span> <span class='ocrx_word' id='word_1_424' title='bbox 2344 989 2668 1058; x_wconf 87' lang='lat' dir='ltr'><strong>spoliemus.</strong></span> <span class='ocrx_word' id='word_1_425' title='bbox 2696 989 2776 1045; x_wconf 80' lang='lat' dir='ltr'><strong>Ac</strong></span> <span class='ocrx_word' id='word_1_426' title='bbox 2812 989 3050 1061; x_wconf 87' lang='lat' dir='ltr'><strong>denique</strong></span> <span class='ocrx_word' id='word_1_427' title='bbox 3085 993 3216 1048; x_wconf 92' lang='lat' dir='ltr'><strong>illud</strong></span> <span class='ocrx_word' id='word_1_428' title='bbox 3239 1033 3254 1059; x_wconf 90' lang='lat'><strong>,</strong></span> <span class='ocrx_word' id='word_1_429' title='bbox 3284 1005 3516 1050; x_wconf 77' lang='lat' dir='ltr'><strong>sanctus&quot;</strong></span> <span class='ocrx_word' id='word_1_430' title='bbox 3569 1000 3577 1006; x_wconf 85' lang='lat'><em>‘</em></span> 
     </span>
    </p>
   </div>
   <div class='ocr_carea' id='block_1_54' title="bbox 1935 1072 3504 1153">
    <p class='ocr_par' dir='ltr' id='par_1_54' title="bbox 1935 1072 3504 1153">
     <span class='ocr_line' id='line_1_54' title="bbox 1935 1072 3504 1153; baseline 0.006 -20"><span class='ocrx_word' id='word_1_431' title='bbox 1935 1081 2254 1138; x_wconf 85' lang='lat' dir='ltr'><strong>immortalis</strong></span> <span class='ocrx_word' id='word_1_432' title='bbox 2276 1119 2293 1146; x_wconf 85' lang='lat'><strong>,</strong></span> <span class='ocrx_word' id='word_1_433' title='bbox 2348 1081 2577 1153; x_wconf 90' lang='lat' dir='ltr'><strong>Spiritui</strong></span> <span class='ocrx_word' id='word_1_434' title='bbox 2621 1091 2815 1139; x_wconf 86' lang='lat' dir='ltr'><strong>sancto</strong></span> <span class='ocrx_word' id='word_1_435' title='bbox 2861 1086 3190 1142; x_wconf 87' lang='lat' dir='ltr'><strong>ascribimus</strong></span> <span class='ocrx_word' id='word_1_436' title='bbox 3217 1105 3230 1141; x_wconf 78' lang='grc' dir='ltr'><strong>ε</strong></span> <span class='ocrx_word' id='word_1_437' title='bbox 3259 1072 3261 1074; x_wconf 32' lang='grc'><strong><em>’</em></strong></span> <span class='ocrx_word' id='word_1_438' title='bbox 3292 1089 3400 1142; x_wconf 74' lang='lat' dir='ltr'><strong>nun</strong></span> <span class='ocrx_word' id='word_1_439' title='bbox 3445 1098 3504 1143; x_wconf 90' lang='lat' dir='ltr'><strong>ut</strong></span> 
     </span>
    </p>
   </div>
   <div class='ocr_carea' id='block_1_55' title="bbox 1937 1169 3501 1245">
    <p class='ocr_par' dir='ltr' id='par_1_55' title="bbox 1937 1169 3501 1245">
     <span class='ocr_line' id='line_1_55' title="bbox 1937 1169 3501 1245; baseline 0.007 -22"><span class='ocrx_word' id='word_1_440' title='bbox 1937 1169 2152 1226; x_wconf 82' lang='lat' dir='ltr'><strong>Patrem</strong></span> <span class='ocrx_word' id='word_1_441' title='bbox 2189 1179 2244 1228; x_wconf 90' lang='lat' dir='ltr'><strong>et</strong></span> <span class='ocrx_word' id='word_1_442' title='bbox 2283 1169 2480 1227; x_wconf 85' lang='lat' dir='ltr'><strong>Filium</strong></span> <span class='ocrx_word' id='word_1_443' title='bbox 2530 1173 2600 1230; x_wconf 89' lang='lat' dir='ltr'><strong>ab</strong></span> <span class='ocrx_word' id='word_1_444' title='bbox 2657 1175 3074 1231; x_wconf 83' lang='lat' dir='ltr'><strong>immortalitate</strong></span> <span class='ocrx_word' id='word_1_445' title='bbox 3123 1178 3501 1245; x_wconf 78' lang='lat' dir='ltr'><strong>exeludamtts,</strong></span> 
     </span>
    </p>
   </div>
   <div class='ocr_carea' id='block_1_56' title="bbox 1937 1264 3502 1335">
    <p class='ocr_par' dir='ltr' id='par_1_56' title="bbox 1937 1264 3502 1335">
     <span class='ocr_line' id='line_1_56' title="bbox 1937 1264 3502 1335; baseline 0.004 -17"><span class='ocrx_word' id='word_1_446' title='bbox 1937 1264 2032 1318; x_wconf 83' lang='lat' dir='ltr'><strong>sed</strong></span> <span class='ocrx_word' id='word_1_447' title='bbox 2061 1271 2120 1317; x_wconf 90' lang='lat' dir='ltr'><strong>nt</strong></span> <span class='ocrx_word' id='word_1_448' title='bbox 2142 1265 2198 1318; x_wconf 93' lang='lat' dir='ltr'><strong>in</strong></span> <span class='ocrx_word' id='word_1_449' title='bbox 2227 1269 2558 1335; x_wconf 84' lang='lat' dir='ltr'><strong>unaquaque</strong></span> <span class='ocrx_word' id='word_1_450' title='bbox 2588 1281 2821 1335; x_wconf 87' lang='lat' dir='ltr'><strong>persona</strong></span> <span class='ocrx_word' id='word_1_451' title='bbox 2850 1267 3033 1321; x_wconf 87' lang='lat' dir='ltr'><strong>omnia</strong></span> <span class='ocrx_word' id='word_1_452' title='bbox 3062 1267 3242 1322; x_wconf 91' lang='lat' dir='ltr'><strong>divina</strong></span> <span class='ocrx_word' id='word_1_453' title='bbox 3281 1271 3502 1324; x_wconf 85' lang='lat' dir='ltr'><strong>nomina</strong></span> 
     </span>
    </p>
   </div>
   <div class='ocr_carea' id='block_1_57' title="bbox 1939 1354 3506 1426">
    <p class='ocr_par' dir='ltr' id='par_1_57' title="bbox 1939 1354 3506 1426">
     <span class='ocr_line' id='line_1_57' title="bbox 1939 1354 3506 1426; baseline 0.004 -17"><span class='ocrx_word' id='word_1_454' title='bbox 1939 1354 2266 1424; x_wconf 87' lang='lat' dir='ltr'><strong>simpliciter</strong></span> <span class='ocrx_word' id='word_1_455' title='bbox 2302 1365 2354 1411; x_wconf 91' lang='lat' dir='ltr'><strong>et</strong></span> <span class='ocrx_word' id='word_1_456' title='bbox 2389 1357 2640 1411; x_wconf 81' lang='lat' dir='ltr'><strong>absolute</strong></span> <span class='ocrx_word' id='word_1_457' title='bbox 2667 1374 2976 1426; x_wconf 84' lang='lat' dir='ltr'><strong>sumamus,</strong></span> <span class='ocrx_word' id='word_1_458' title='bbox 3001 1359 3248 1414; x_wconf 88' lang='lat' dir='ltr'><strong>divinum</strong></span> <span class='ocrx_word' id='word_1_459' title='bbox 3291 1362 3506 1415; x_wconf 87' lang='lat' dir='ltr'><strong>scilicet</strong></span> 
     </span>
    </p>
   </div>
   <div class='ocr_carea' id='block_1_58' title="bbox 1939 1443 3505 1514">
    <p class='ocr_par' dir='ltr' id='par_1_58' title="bbox 1939 1443 3505 1514">
     <span class='ocr_line' id='line_1_58' title="bbox 1939 1443 3505 1514; baseline 0.006 -20"><span class='ocrx_word' id='word_1_460' title='bbox 1939 1443 2260 1511; x_wconf 83' lang='lat' dir='ltr'><strong>Apostolum</strong></span> <span class='ocrx_word' id='word_1_461' title='bbox 2297 1444 2599 1510; x_wconf 75' lang='lat' dir='ltr'><strong>imitantes,</strong></span> <span class='ocrx_word' id='word_1_462' title='bbox 2620 1446 2782 1514; x_wconf 88' lang='lat' dir='ltr'><strong>cujus</strong></span> <span class='ocrx_word' id='word_1_463' title='bbox 2813 1446 2926 1500; x_wconf 67' lang='lat' dir='ltr'><strong>bare</strong></span> <span class='ocrx_word' id='word_1_464' title='bbox 2952 1447 3115 1500; x_wconf 90' lang='lat' dir='ltr'><strong>verba</strong></span> <span class='ocrx_word' id='word_1_465' title='bbox 3139 1457 3304 1503; x_wconf 88' lang='lat' dir='ltr'><strong>sunt:</strong></span> <span class='ocrx_word' id='word_1_466' title='bbox 3337 1447 3505 1503; x_wconf 87' lang='lat' dir='ltr'><strong>Nobis</strong></span> 
     </span>
    </p>
   </div>
   <div class='ocr_carea' id='block_1_59' title="bbox 1940 1533 3507 1605">
    <p class='ocr_par' dir='ltr' id='par_1_59' title="bbox 1940 1533 3507 1605">
     <span class='ocr_line' id='line_1_59' title="bbox 1940 1533 3507 1605; baseline 0.003 -19"><span class='ocrx_word' id='word_1_467' title='bbox 1940 1543 2114 1587; x_wconf 80' lang='lat' dir='ltr'><strong>autem</strong></span> <span class='ocrx_word' id='word_1_468' title='bbox 2163 1551 2297 1587; x_wconf 86' lang='lat' dir='ltr'><strong>unus</strong></span> <span class='ocrx_word' id='word_1_469' title='bbox 2330 1533 2466 1587; x_wconf 86' lang='lat' dir='ltr'><strong>Deus</strong></span> <span class='ocrx_word' id='word_1_470' title='bbox 2514 1533 2694 1601; x_wconf 81' lang='lat' dir='ltr'><strong>Pater,</strong></span> <span class='ocrx_word' id='word_1_471' title='bbox 2722 1549 2787 1588; x_wconf 75' lang='lat' dir='ltr'><strong>ex</strong></span> <span class='ocrx_word' id='word_1_472' title='bbox 2833 1552 2934 1605; x_wconf 78' lang='lat' dir='ltr'><strong>quo</strong></span> <span class='ocrx_word' id='word_1_473' title='bbox 2968 1541 3168 1600; x_wconf 82' lang='lat' dir='ltr'><strong>omnia,</strong></span> <span class='ocrx_word' id='word_1_474' title='bbox 3226 1547 3275 1591; x_wconf 85' lang='lat' dir='ltr'><strong>et</strong></span> <span class='ocrx_word' id='word_1_475' title='bbox 3314 1555 3407 1592; x_wconf 83' lang='lat' dir='ltr'><strong>nos</strong></span> <span class='ocrx_word' id='word_1_476' title='bbox 3443 1553 3507 1591; x_wconf 75' lang='lat' dir='ltr'><strong>ea:</strong></span> 
     </span>
    </p>
   </div>
   <div class='ocr_carea' id='block_1_60' title="bbox 1940 1626 3506 1699">
    <p class='ocr_par' dir='ltr' id='par_1_60' title="bbox 1940 1626 3506 1699">
     <span class='ocr_line' id='line_1_60' title="bbox 1940 1626 3506 1699; baseline 0.002 -20"><span class='ocrx_word' id='word_1_477' title='bbox 1940 1627 2096 1695; x_wconf 80' lang='lat' dir='ltr'><strong>ipso;</strong></span> <span class='ocrx_word' id='word_1_478' title='bbox 2127 1637 2175 1680; x_wconf 81' lang='lat' dir='ltr'><strong>et</strong></span> <span class='ocrx_word' id='word_1_479' title='bbox 2208 1643 2343 1680; x_wconf 84' lang='lat' dir='ltr'><strong>unus</strong></span> <span class='ocrx_word' id='word_1_480' title='bbox 2406 1626 2666 1681; x_wconf 80' lang='lat' dir='ltr'><strong>Dominus</strong></span> <span class='ocrx_word' id='word_1_481' title='bbox 2701 1627 2860 1682; x_wconf 85' lang='lat' dir='ltr'><strong>Jesus</strong></span> <span class='ocrx_word' id='word_1_482' title='bbox 2911 1627 3176 1694; x_wconf 73' lang='lat' dir='ltr'><strong>Christus,</strong></span> <span class='ocrx_word' id='word_1_483' title='bbox 3219 1646 3309 1698; x_wconf 79' lang='lat' dir='ltr'><strong>per</strong></span> <span class='ocrx_word' id='word_1_484' title='bbox 3357 1647 3506 1699; x_wconf 82' lang='lat' dir='ltr'><strong>quem</strong></span> 
     </span>
    </p>
   </div>
   <div class='ocr_carea' id='block_1_61' title="bbox 1941 1718 3586 1792">
    <p class='ocr_par' dir='ltr' id='par_1_61' title="bbox 1941 1718 3586 1792">
     <span class='ocr_line' id='line_1_61' title="bbox 1941 1718 3586 1792; baseline 0.003 -21"><span class='ocrx_word' id='word_1_485' title='bbox 1941 1718 2139 1781; x_wconf 84' lang='lat' dir='ltr'><strong>omnia,</strong></span> <span class='ocrx_word' id='word_1_486' title='bbox 2180 1729 2227 1772; x_wconf 86' lang='lat' dir='ltr'><strong>et</strong></span> <span class='ocrx_word' id='word_1_487' title='bbox 2269 1736 2363 1772; x_wconf 88' lang='lat' dir='ltr'><strong>nos</strong></span> <span class='ocrx_word' id='word_1_488' title='bbox 2403 1735 2496 1788; x_wconf 82' lang='lat' dir='ltr'><strong>per</strong></span> <span class='ocrx_word' id='word_1_489' title='bbox 2541 1719 2758 1786; x_wconf 85' lang='lat' dir='ltr'><strong>ipsum:</strong></span> <span class='ocrx_word' id='word_1_490' title='bbox 2879 1729 2928 1772; x_wconf 87' lang='lat' dir='ltr'><strong>et</strong></span> <span class='ocrx_word' id='word_1_491' title='bbox 3102 1738 3236 1776; x_wconf 87' lang='lat' dir='ltr'><strong>unus</strong></span> <span class='ocrx_word' id='word_1_492' title='bbox 3276 1721 3508 1788; x_wconf 86' lang='lat' dir='ltr'><strong>Spiritus</strong></span> <span class='ocrx_word' id='word_1_493' title='bbox 3583 1787 3586 1792; x_wconf 96' lang='lat'><em>_</em></span> 
     </span>
    </p>
   </div>
   <div class='ocr_carea' id='block_1_62' title="bbox 1942 1808 3510 1880">
    <p class='ocr_par' dir='ltr' id='par_1_62' title="bbox 1942 1808 3510 1880">
     <span class='ocr_line' id='line_1_62' title="bbox 1942 1808 3510 1880; baseline 0.006 -21"><span class='ocrx_word' id='word_1_494' title='bbox 1942 1818 2179 1870; x_wconf 84' lang='lat' dir='ltr'><strong>sanctus,</strong></span> <span class='ocrx_word' id='word_1_495' title='bbox 2213 1808 2262 1860; x_wconf 85' lang='lat' dir='ltr'><strong>in</strong></span> <span class='ocrx_word' id='word_1_496' title='bbox 2288 1824 2390 1876; x_wconf 88' lang='lat' dir='ltr'><strong>quo</strong></span> <span class='ocrx_word' id='word_1_497' title='bbox 2428 1810 2626 1872; x_wconf 87' lang='lat' dir='ltr'><strong>omnia,</strong></span> <span class='ocrx_word' id='word_1_498' title='bbox 2671 1819 2721 1864; x_wconf 84' lang='lat' dir='ltr'><strong>et</strong></span> <span class='ocrx_word' id='word_1_499' title='bbox 2774 1826 2870 1864; x_wconf 84' lang='lat' dir='ltr'><strong>nos</strong></span> <span class='ocrx_word' id='word_1_500' title='bbox 2917 1811 2969 1864; x_wconf 84' lang='lat' dir='ltr'><strong>in</strong></span> <span class='ocrx_word' id='word_1_501' title='bbox 3032 1812 3145 1874; x_wconf 88' lang='lat' dir='ltr'><strong>ipso</strong></span> <span class='ocrx_word' id='word_1_502' title='bbox 3199 1816 3232 1866; x_wconf 80' lang='grc'><strong>⁸.</strong></span> <span class='ocrx_word' id='word_1_503' title='bbox 3268 1811 3510 1880; x_wconf 81' lang='lat' dir='ltr'><strong>Itemque</strong></span> 
     </span>
    </p>
   </div>
   <div class='ocr_carea' id='block_1_63' title="bbox 1941 1888 3519 1972">
    <p class='ocr_par' dir='ltr' id='par_1_63' title="bbox 1941 1888 3519 1972">
     <span class='ocr_line' id='line_1_63' title="bbox 1941 1888 3519 1972; baseline 0.004 -21"><span class='ocrx_word' id='word_1_504' title='bbox 1941 1897 2266 1967; x_wconf 80' lang='lat' dir='ltr'><strong>Gregorium</strong></span> <span class='ocrx_word' id='word_1_505' title='bbox 2313 1903 2334 1931; x_wconf 78' lang='lat'>&#39;</span> <span class='ocrx_word' id='word_1_506' title='bbox 2389 1888 2936 1972; x_wconf 30' lang='lat' dir='ltr'><strong>illum‘Tbeologum</strong></span> <span class='ocrx_word' id='word_1_507' title='bbox 2971 1902 3037 1956; x_wconf 90' lang='lat' dir='ltr'><strong>ad</strong></span> <span class='ocrx_word' id='word_1_508' title='bbox 3081 1903 3229 1958; x_wconf 90' lang='lat' dir='ltr'><strong>hunc</strong></span> <span class='ocrx_word' id='word_1_509' title='bbox 3288 1905 3519 1958; x_wconf 77' lang='lat' dir='ltr'><strong>modum-</strong></span> 
     </span>
    </p>
   </div>
   <div class='ocr_carea' id='block_1_64' title="bbox 1941 1989 3514 2068">
    <p class='ocr_par' dir='ltr' id='par_1_64' title="bbox 1941 1989 3514 2068">
     <span class='ocr_line' id='line_1_64' title="bbox 1941 1989 3514 2068; baseline 0.006 -26"><span class='ocrx_word' id='word_1_510' title='bbox 1941 1989 2292 2059; x_wconf 88' lang='lat' dir='ltr'><strong>loquentem:</strong></span> <span class='ocrx_word' id='word_1_511' title='bbox 2320 1989 2488 2047; x_wconf 82' lang='lat' dir='ltr'><strong>Nobis</strong></span> <span class='ocrx_word' id='word_1_512' title='bbox 2524 2004 2699 2047; x_wconf 87' lang='lat' dir='ltr'><strong>autem</strong></span> <span class='ocrx_word' id='word_1_513' title='bbox 2730 2010 2864 2049; x_wconf 85' lang='lat' dir='ltr'><strong>unus</strong></span> <span class='ocrx_word' id='word_1_514' title='bbox 2905 1995 3044 2050; x_wconf 79' lang='lat' dir='ltr'><strong>Deus</strong></span> <span class='ocrx_word' id='word_1_515' title='bbox 3083 1996 3269 2059; x_wconf 83' lang='lat' dir='ltr'><strong>Pater,</strong></span> <span class='ocrx_word' id='word_1_516' title='bbox 3316 2013 3380 2051; x_wconf 74' lang='lat' dir='ltr'><strong>ex</strong></span> <span class='ocrx_word' id='word_1_517' title='bbox 3413 2016 3514 2068; x_wconf 89' lang='lat' dir='ltr'><strong>quo</strong></span> 
     </span>
    </p>
   </div>
   <div class='ocr_carea' id='block_1_65' title="bbox 1943 2083 3514 2160">
    <p class='ocr_par' dir='ltr' id='par_1_65' title="bbox 1943 2083 3514 2160">
     <span class='ocr_line' id='line_1_65' title="bbox 1943 2083 3514 2160; baseline 0.005 -24"><span class='ocrx_word' id='word_1_518' title='bbox 1943 2083 2156 2150; x_wconf 82' lang='lat' dir='ltr'><strong>omnia;</strong></span> <span class='ocrx_word' id='word_1_519' title='bbox 2192 2092 2241 2138; x_wconf 85' lang='lat' dir='ltr'><strong>et</strong></span> <span class='ocrx_word' id='word_1_520' title='bbox 2269 2099 2406 2138; x_wconf 88' lang='lat' dir='ltr'><strong>unus</strong></span> <span class='ocrx_word' id='word_1_521' title='bbox 2437 2084 2691 2139; x_wconf 81' lang='lat' dir='ltr'><strong>Dominus</strong></span> <span class='ocrx_word' id='word_1_522' title='bbox 2724 2084 2886 2140; x_wconf 82' lang='lat' dir='ltr'><strong>Jesus</strong></span> <span class='ocrx_word' id='word_1_523' title='bbox 2921 2085 3186 2150; x_wconf 85' lang='lat' dir='ltr'><strong>Christus.</strong></span> <span class='ocrx_word' id='word_1_524' title='bbox 3233 2106 3324 2158; x_wconf 86' lang='lat' dir='ltr'><strong>per</strong></span> <span class='ocrx_word' id='word_1_525' title='bbox 3363 2107 3514 2160; x_wconf 79' lang='lat' dir='ltr'><strong>quem</strong></span> 
     </span>
    </p>
   </div>
   <div class='ocr_carea' id='block_1_66' title="bbox 1944 2175 3514 2250">
    <p class='ocr_par' dir='ltr' id='par_1_66' title="bbox 1944 2175 3514 2250">
     <span class='ocr_line' id='line_1_66' title="bbox 1944 2175 3514 2250; baseline 0.006 -24"><span class='ocrx_word' id='word_1_526' title='bbox 1944 2175 2120 2227; x_wconf 87' lang='lat' dir='ltr'><strong>omnia</strong></span> <span class='ocrx_word' id='word_1_527' title='bbox 2144 2185 2232 2240; x_wconf 84' lang='lat' dir='ltr'><strong>;et</strong></span> <span class='ocrx_word' id='word_1_528' title='bbox 2261 2191 2399 2230; x_wconf 85' lang='lat' dir='ltr'><strong>unus</strong></span> <span class='ocrx_word' id='word_1_529' title='bbox 2441 2175 2677 2244; x_wconf 79' lang='lat' dir='ltr'><strong>Spiritus</strong></span> <span class='ocrx_word' id='word_1_530' title='bbox 2720 2187 2979 2245; x_wconf 85' lang='lat' dir='ltr'><strong>sanctus,</strong></span> <span class='ocrx_word' id='word_1_531' title='bbox 3025 2179 3082 2232; x_wconf 88' lang='lat' dir='ltr'><strong>in</strong></span> <span class='ocrx_word' id='word_1_532' title='bbox 3124 2197 3228 2250; x_wconf 89' lang='lat' dir='ltr'><strong>quo</strong></span> <span class='ocrx_word' id='word_1_533' title='bbox 3295 2182 3514 2236; x_wconf 89' lang='lat' dir='ltr'><strong>omnia:</strong></span> 
     </span>
    </p>
   </div>
   <div class='ocr_carea' id='block_1_67' title="bbox 1945 2264 3515 2339">
    <p class='ocr_par' dir='ltr' id='par_1_67' title="bbox 1945 2264 3515 2339">
     <span class='ocr_line' id='line_1_67' title="bbox 1945 2264 3515 2339; baseline 0.005 -21"><span class='ocrx_word' id='word_1_534' title='bbox 1945 2264 2032 2320; x_wconf 88' lang='lat' dir='ltr'><strong>bis</strong></span> <span class='ocrx_word' id='word_1_535' title='bbox 2064 2267 2299 2330; x_wconf 90' lang='lat' dir='ltr'><strong>voculis,</strong></span> <span class='ocrx_word' id='word_1_536' title='bbox 2330 2282 2396 2320; x_wconf 77' lang='lat' dir='ltr'><strong>ex</strong></span> <span class='ocrx_word' id='word_1_537' title='bbox 2416 2283 2539 2337; x_wconf 87' lang='lat' dir='ltr'><strong>quo,</strong></span> <span class='ocrx_word' id='word_1_538' title='bbox 2558 2283 2650 2334; x_wconf 83' lang='lat' dir='ltr'><strong>per</strong></span> <span class='ocrx_word' id='word_1_539' title='bbox 2682 2285 2858 2337; x_wconf 75' lang='lat' dir='ltr'><strong>quem,</strong></span> <span class='ocrx_word' id='word_1_540' title='bbox 2889 2277 2944 2324; x_wconf 92' lang='lat' dir='ltr'><strong>et</strong></span> <span class='ocrx_word' id='word_1_541' title='bbox 2971 2271 3025 2323; x_wconf 89' lang='lat' dir='ltr'><strong>in</strong></span> <span class='ocrx_word' id='word_1_542' title='bbox 3063 2287 3186 2339; x_wconf 87' lang='lat' dir='ltr'><strong>quo,</strong></span> <span class='ocrx_word' id='word_1_543' title='bbox 3222 2286 3329 2325; x_wconf 94' lang='lat' dir='ltr'><strong>non</strong></span> <span class='ocrx_word' id='word_1_544' title='bbox 3363 2272 3515 2326; x_wconf 86' lang='lat' dir='ltr'><strong>sein-</strong></span> 
     </span>
    </p>
   </div>
   <div class='ocr_carea' id='block_1_68' title="bbox 1944 2355 3516 2429">
    <p class='ocr_par' dir='ltr' id='par_1_68' title="bbox 1944 2355 3516 2429">
     <span class='ocr_line' id='line_1_68' title="bbox 1944 2355 3516 2429; baseline 0.005 -20"><span class='ocrx_word' id='word_1_545' title='bbox 1944 2355 2204 2412; x_wconf 87' lang='lat' dir='ltr'><strong>dentibus</strong></span> <span class='ocrx_word' id='word_1_546' title='bbox 2230 2366 2454 2413; x_wconf 87' lang='lat' dir='ltr'><strong>naturas</strong></span> <span class='ocrx_word' id='word_1_547' title='bbox 2477 2357 2678 2428; x_wconf 90' lang='lat' dir='ltr'><strong>(neque</strong></span> <span class='ocrx_word' id='word_1_548' title='bbox 2701 2360 2849 2413; x_wconf 90' lang='lat' dir='ltr'><strong>enim</strong></span> <span class='ocrx_word' id='word_1_549' title='bbox 2870 2359 3074 2429; x_wconf 82' lang='lat' dir='ltr'><strong>alioqui</strong></span> <span class='ocrx_word' id='word_1_550' title='bbox 3098 2361 3516 2429; x_wconf 53' lang='lat' dir='ltr'><strong>praepositiones</strong></span> 
     </span>
    </p>
   </div>
   <div class='ocr_carea' id='block_1_69' title="bbox 1946 2445 3514 2520">
    <p class='ocr_par' dir='ltr' id='par_1_69' title="bbox 1946 2445 3514 2520">
     <span class='ocr_line' id='line_1_69' title="bbox 1946 2445 3514 2520; baseline 0.003 -20"><span class='ocrx_word' id='word_1_551' title='bbox 1946 2445 2074 2513; x_wconf 71' lang='lat' dir='ltr'><strong>illae,</strong></span> <span class='ocrx_word' id='word_1_552' title='bbox 2110 2454 2205 2501; x_wconf 86' lang='lat' dir='ltr'><strong>aut</strong></span> <span class='ocrx_word' id='word_1_553' title='bbox 2231 2448 2514 2503; x_wconf 88' lang='lat' dir='ltr'><strong>nominum</strong></span> <span class='ocrx_word' id='word_1_554' title='bbox 2553 2448 2782 2506; x_wconf 87' lang='lat' dir='ltr'><strong>ordines</strong></span> <span class='ocrx_word' id='word_1_555' title='bbox 2837 2465 3081 2520; x_wconf 81' lang='lat' dir='ltr'><strong>unquam</strong></span> <span class='ocrx_word' id='word_1_556' title='bbox 3126 2452 3514 2520; x_wconf 83' lang='lat' dir='ltr'><strong>mutarentur),</strong></span> 
     </span>
    </p>
   </div>
   <div class='ocr_carea' id='block_1_70' title="bbox 1944 2539 3516 2612">
    <p class='ocr_par' dir='ltr' id='par_1_70' title="bbox 1944 2539 3516 2612">
     <span class='ocr_line' id='line_1_70' title="bbox 1944 2539 3516 2612; baseline 0.002 -18"><span class='ocrx_word' id='word_1_557' title='bbox 1944 2555 2135 2594; x_wconf 82' lang='lat' dir='ltr'><strong>verum</strong></span> <span class='ocrx_word' id='word_1_558' title='bbox 2191 2539 2358 2595; x_wconf 87' lang='lat' dir='ltr'><strong>unius</strong></span> <span class='ocrx_word' id='word_1_559' title='bbox 2403 2555 2469 2595; x_wconf 88' lang='lat' dir='ltr'><strong>ac</strong></span> <span class='ocrx_word' id='word_1_560' title='bbox 2517 2540 2822 2596; x_wconf 69' lang='lat' dir='ltr'><strong>inconfusa:</strong></span> <span class='ocrx_word' id='word_1_561' title='bbox 2879 2549 3088 2596; x_wconf 67' lang='lat' dir='ltr'><strong>natura:</strong></span> <span class='ocrx_word' id='word_1_562' title='bbox 3149 2543 3516 2612; x_wconf 87' lang='lat' dir='ltr'><strong>proprietates</strong></span> 
     </span>
    </p>
   </div>
   <div class='ocr_carea' id='block_1_71' title="bbox 1944 2629 3516 2704">
    <p class='ocr_par' dir='ltr' id='par_1_71' title="bbox 1944 2629 3516 2704">
     <span class='ocr_line' id='line_1_71' title="bbox 1944 2629 3516 2704; baseline 0.001 -19"><span class='ocrx_word' id='word_1_563' title='bbox 1944 2631 2403 2700; x_wconf 80' lang='lat' dir='ltr'><strong>exprimenlibus.</strong></span> <span class='ocrx_word' id='word_1_564' title='bbox 2425 2629 2596 2702; x_wconf 84' lang='lat' dir='ltr'><strong>quue</strong></span> <span class='ocrx_word' id='word_1_565' title='bbox 2630 2632 2805 2704; x_wconf 90' lang='lat' dir='ltr'><strong>liquet</strong></span> <span class='ocrx_word' id='word_1_566' title='bbox 2830 2649 2894 2686; x_wconf 78' lang='lat' dir='ltr'><strong>ex</strong></span> <span class='ocrx_word' id='word_1_567' title='bbox 2924 2648 2990 2688; x_wconf 90' lang='lat' dir='ltr'><strong>eo</strong></span> <span class='ocrx_word' id='word_1_568' title='bbox 3045 2636 3193 2702; x_wconf 92' lang='lat' dir='ltr'><strong>quod</strong></span> <span class='ocrx_word' id='word_1_569' title='bbox 3226 2649 3421 2689; x_wconf 87' lang='lat' dir='ltr'><strong>rursus</strong></span> <span class='ocrx_word' id='word_1_570' title='bbox 3461 2633 3516 2686; x_wconf 88' lang='lat' dir='ltr'><strong>iu</strong></span> 
     </span>
    </p>
   </div>
   <div class='ocr_carea' id='block_1_72' title="bbox 1947 2722 3517 2794">
    <p class='ocr_par' dir='ltr' id='par_1_72' title="bbox 1947 2722 3517 2794">
     <span class='ocr_line' id='line_1_72' title="bbox 1947 2722 3517 2794; baseline 0 -18"><span class='ocrx_word' id='word_1_571' title='bbox 1947 2737 2116 2776; x_wconf 89' lang='lat' dir='ltr'><strong>unum</strong></span> <span class='ocrx_word' id='word_1_572' title='bbox 2167 2723 2531 2794; x_wconf 87' lang='lat' dir='ltr'><strong>colliguntur,</strong></span> <span class='ocrx_word' id='word_1_573' title='bbox 2580 2724 2626 2778; x_wconf 91' lang='lat' dir='ltr'><strong>si</strong></span> <span class='ocrx_word' id='word_1_574' title='bbox 2673 2723 2834 2778; x_wconf 90' lang='lat' dir='ltr'><strong>modo</strong></span> <span class='ocrx_word' id='word_1_575' title='bbox 2875 2723 3148 2793; x_wconf 89' lang='lat' dir='ltr'><strong>quispiam</strong></span> <span class='ocrx_word' id='word_1_576' title='bbox 3193 2722 3327 2777; x_wconf 88' lang='lat' dir='ltr'><strong>illud</strong></span> <span class='ocrx_word' id='word_1_577' title='bbox 3373 2725 3517 2792; x_wconf 74' lang='lat' dir='ltr'><strong>apud</strong></span> 
     </span>
    </p>
   </div>
   <div class='ocr_carea' id='block_1_73' title="bbox 1945 2811 3519 2885">
    <p class='ocr_par' dir='ltr' id='par_1_73' title="bbox 1945 2811 3519 2885">
     <span class='ocr_line' id='line_1_73' title="bbox 1945 2811 3519 2885; baseline 0.001 -19"><span class='ocrx_word' id='word_1_578' title='bbox 1945 2812 2268 2882; x_wconf 81' lang='lat' dir='ltr'><strong>Apostolum</strong></span> <span class='ocrx_word' id='word_1_579' title='bbox 2327 2813 2473 2868; x_wconf 87' lang='lat' dir='ltr'><strong>haud</strong></span> <span class='ocrx_word' id='word_1_580' title='bbox 2528 2814 2868 2885; x_wconf 77' lang='lat' dir='ltr'><strong>negligenter</strong></span> <span class='ocrx_word' id='word_1_581' title='bbox 2927 2814 3108 2883; x_wconf 85' lang='lat' dir='ltr'><strong>legat:</strong></span> <span class='ocrx_word' id='word_1_582' title='bbox 3146 2811 3226 2864; x_wconf 76' lang='lat' dir='ltr'><strong>Ex</strong></span> <span class='ocrx_word' id='word_1_583' title='bbox 3279 2814 3415 2878; x_wconf 83' lang='lat' dir='ltr'><strong>ipso,</strong></span> <span class='ocrx_word' id='word_1_584' title='bbox 3467 2823 3519 2868; x_wconf 80' lang='lat' dir='ltr'><strong>et</strong></span> 
     </span>
    </p>
   </div>
   <div class='ocr_carea' id='block_1_74' title="bbox 1946 2902 3518 2973">
    <p class='ocr_par' dir='ltr' id='par_1_74' title="bbox 1946 2902 3518 2973">
     <span class='ocr_line' id='line_1_74' title="bbox 1946 2902 3518 2973; baseline 0.001 -17"><span class='ocrx_word' id='word_1_585' title='bbox 1946 2920 2038 2972; x_wconf 83' lang='lat' dir='ltr'><strong>per</strong></span> <span class='ocrx_word' id='word_1_586' title='bbox 2063 2905 2258 2973; x_wconf 84' lang='lat' dir='ltr'><strong>ipsum,</strong></span> <span class='ocrx_word' id='word_1_587' title='bbox 2299 2914 2347 2958; x_wconf 85' lang='lat' dir='ltr'><strong>et</strong></span> <span class='ocrx_word' id='word_1_588' title='bbox 2381 2905 2433 2958; x_wconf 87' lang='lat' dir='ltr'><strong>in</strong></span> <span class='ocrx_word' id='word_1_589' title='bbox 2460 2905 2572 2973; x_wconf 85' lang='lat' dir='ltr'><strong>ipso</strong></span> <span class='ocrx_word' id='word_1_590' title='bbox 2605 2914 2724 2959; x_wconf 87' lang='lat' dir='ltr'><strong>sunt</strong></span> <span class='ocrx_word' id='word_1_591' title='bbox 2756 2903 3083 2971; x_wconf 81' lang='lat' dir='ltr'><strong>omnia,ipsi</strong></span> <span class='ocrx_word' id='word_1_592' title='bbox 3110 2902 3285 2972; x_wconf 82' lang='lat' dir='ltr'><strong>gloria</strong></span> <span class='ocrx_word' id='word_1_593' title='bbox 3331 2904 3385 2957; x_wconf 82' lang='lat' dir='ltr'><strong>in</strong></span> <span class='ocrx_word' id='word_1_594' title='bbox 3414 2921 3518 2958; x_wconf 78' lang='lat' dir='ltr'><strong>sw-</strong></span> 
     </span>
    </p>
   </div>
   <div class='ocr_carea' id='block_1_75' title="bbox 1948 2991 2702 3048">
    <p class='ocr_par' dir='ltr' id='par_1_75' title="bbox 1948 2991 2702 3048">
     <span class='ocr_line' id='line_1_75' title="bbox 1948 2991 2702 3048; baseline 0 -3"><span class='ocrx_word' id='word_1_595' title='bbox 1948 2993 2070 3046; x_wconf 88' lang='lat' dir='ltr'><strong>cula</strong></span> <span class='ocrx_word' id='word_1_596' title='bbox 2093 2994 2430 3047; x_wconf 65' lang='lat' dir='ltr'><strong>saeculorum.</strong></span> <span class='ocrx_word' id='word_1_597' title='bbox 2451 2997 2616 3048; x_wconf 83' lang='lat' dir='ltr'><strong>Amen</strong></span> <span class='ocrx_word' id='word_1_598' title='bbox 2654 2991 2702 3045; x_wconf 83' lang='grc'><strong>⁸.</strong></span> 
     </span>
    </p>
   </div>
   <div class='ocr_carea' id='block_1_76' title="bbox 2019 3078 3524 3152">
    <p class='ocr_par' dir='ltr' id='par_1_76' title="bbox 2019 3078 3524 3152">
     <span class='ocr_line' id='line_1_76' title="bbox 2019 3078 3524 3152; baseline -0.001 -17"><span class='ocrx_word' id='word_1_599' title='bbox 2019 3080 2153 3136; x_wconf 87' lang='lat' dir='ltr'><strong>Nam</strong></span> <span class='ocrx_word' id='word_1_600' title='bbox 2182 3084 2325 3152; x_wconf 90' lang='lat' dir='ltr'><strong>quod</strong></span> <span class='ocrx_word' id='word_1_601' title='bbox 2360 3083 2564 3138; x_wconf 90' lang='lat' dir='ltr'><strong>nonde</strong></span> <span class='ocrx_word' id='word_1_602' title='bbox 2601 3081 2744 3137; x_wconf 81' lang='lat' dir='ltr'><strong>Filio</strong></span> <span class='ocrx_word' id='word_1_603' title='bbox 2769 3081 3076 3142; x_wconf 75' lang='lat' dir='ltr'><strong>duntaxat,</strong></span> <span class='ocrx_word' id='word_1_604' title='bbox 3166 3078 3260 3134; x_wconf 80' lang='lat' dir='ltr'><strong>sed</strong></span> <span class='ocrx_word' id='word_1_605' title='bbox 3291 3079 3356 3134; x_wconf 92' lang='lat' dir='ltr'><strong>de</strong></span> <span class='ocrx_word' id='word_1_606' title='bbox 3398 3093 3524 3134; x_wconf 83' lang='lat' dir='ltr'><strong>san-</strong></span> 
     </span>
    </p>
   </div>
   <div class='ocr_carea' id='block_1_77' title="bbox 1951 3172 3525 3244">
    <p class='ocr_par' dir='ltr' id='par_1_77' title="bbox 1951 3172 3525 3244">
     <span class='ocr_line' id='line_1_77' title="bbox 1951 3172 3525 3244; baseline -0.002 -15"><span class='ocrx_word' id='word_1_607' title='bbox 1951 3181 2040 3229; x_wconf 88' lang='lat' dir='ltr'><strong>cta</strong></span> <span class='ocrx_word' id='word_1_608' title='bbox 2085 3172 2360 3229; x_wconf 88' lang='lat' dir='ltr'><strong>Trinitate</strong></span> <span class='ocrx_word' id='word_1_609' title='bbox 2397 3173 2580 3228; x_wconf 85' lang='lat' dir='ltr'><strong>dictus</strong></span> <span class='ocrx_word' id='word_1_610' title='bbox 2611 3173 2684 3229; x_wconf 90' lang='lat' dir='ltr'><strong>sit</strong></span> <span class='ocrx_word' id='word_1_611' title='bbox 2729 3181 2814 3229; x_wconf 89' lang='lat' dir='ltr'><strong>ter</strong></span> <span class='ocrx_word' id='word_1_612' title='bbox 2857 3180 3084 3228; x_wconf 88' lang='lat' dir='ltr'><strong>sanctus</strong></span> <span class='ocrx_word' id='word_1_613' title='bbox 3129 3172 3391 3244; x_wconf 82' lang='lat' dir='ltr'><strong>hymnus,</strong></span> <span class='ocrx_word' id='word_1_614' title='bbox 3444 3178 3525 3226; x_wconf 89' lang='lat' dir='ltr'><strong>te-</strong></span> 
     </span>
    </p>
   </div>
   <div class='ocr_carea' id='block_1_78' title="bbox 1951 3262 3527 3335">
    <p class='ocr_par' dir='ltr' id='par_1_78' title="bbox 1951 3262 3527 3335">
     <span class='ocr_line' id='line_1_78' title="bbox 1951 3262 3527 3335; baseline -0.004 -14"><span class='ocrx_word' id='word_1_615' title='bbox 1951 3273 2168 3321; x_wconf 84' lang='lat' dir='ltr'><strong>stantur</strong></span> <span class='ocrx_word' id='word_1_616' title='bbox 2193 3264 2417 3319; x_wconf 91' lang='lat' dir='ltr'><strong>divinus</strong></span> <span class='ocrx_word' id='word_1_617' title='bbox 2455 3279 2726 3335; x_wconf 88' lang='lat' dir='ltr'><strong>sacerque</strong></span> <span class='ocrx_word' id='word_1_618' title='bbox 2759 3263 3102 3320; x_wconf 82' lang='lat' dir='ltr'><strong>Athanasius</strong></span> <span class='ocrx_word' id='word_1_619' title='bbox 3126 3304 3140 3329; x_wconf 89' lang='lat'><strong>,</strong></span> <span class='ocrx_word' id='word_1_620' title='bbox 3174 3262 3438 3326; x_wconf 85' lang='lat' dir='ltr'><strong>Basilius,</strong></span> <span class='ocrx_word' id='word_1_621' title='bbox 3470 3268 3527 3316; x_wconf 88' lang='lat' dir='ltr'><strong>et</strong></span> 
     </span>
    </p>
   </div>
   <div class='ocr_carea' id='block_1_79' title="bbox 1952 3356 3525 3427">
    <p class='ocr_par' dir='ltr' id='par_1_79' title="bbox 1952 3356 3525 3427">
     <span class='ocr_line' id='line_1_79' title="bbox 1952 3356 3525 3427; baseline -0.001 -15"><span class='ocrx_word' id='word_1_622' title='bbox 1952 3356 2270 3427; x_wconf 80' lang='lat' dir='ltr'><strong>Gregorius,</strong></span> <span class='ocrx_word' id='word_1_623' title='bbox 2310 3369 2373 3412; x_wconf 87' lang='lat' dir='ltr'><strong>ac</strong></span> <span class='ocrx_word' id='word_1_624' title='bbox 2401 3365 2551 3412; x_wconf 90' lang='lat' dir='ltr'><strong>totus</strong></span> <span class='ocrx_word' id='word_1_625' title='bbox 2591 3356 2814 3412; x_wconf 83' lang='lat' dir='ltr'><strong>Patrum</strong></span> <span class='ocrx_word' id='word_1_626' title='bbox 2845 3371 2874 3411; x_wconf 88' lang='lat' dir='ltr'><strong>a</strong></span> <span class='ocrx_word' id='word_1_627' title='bbox 2901 3356 3014 3413; x_wconf 81' lang='lat' dir='ltr'><strong>Deo</strong></span> <span class='ocrx_word' id='word_1_628' title='bbox 3052 3356 3357 3411; x_wconf 80' lang='lat' dir='ltr'><strong>alllatorum</strong></span> <span class='ocrx_word' id='word_1_629' title='bbox 3388 3356 3525 3411; x_wconf 86' lang='lat' dir='ltr'><strong>cho-</strong></span> 
     </span>
    </p>
   </div>
   <div class='ocr_carea' id='block_1_80' title="bbox 1954 3445 3522 3521">
    <p class='ocr_par' dir='ltr' id='par_1_80' title="bbox 1954 3445 3522 3521">
     <span class='ocr_line' id='line_1_80' title="bbox 1954 3445 3522 3521; baseline -0.001 -17"><span class='ocrx_word' id='word_1_630' title='bbox 1954 3465 2049 3505; x_wconf 90' lang='lat' dir='ltr'><strong>rus</strong></span> <span class='ocrx_word' id='word_1_631' title='bbox 2079 3467 2094 3514; x_wconf 91' lang='lat'><strong>;</strong></span> <span class='ocrx_word' id='word_1_632' title='bbox 2131 3465 2327 3519; x_wconf 87' lang='lat' dir='ltr'><strong>nempe</strong></span> <span class='ocrx_word' id='word_1_633' title='bbox 2352 3448 2498 3521; x_wconf 88' lang='lat' dir='ltr'><strong>quod</strong></span> <span class='ocrx_word' id='word_1_634' title='bbox 2525 3458 2717 3505; x_wconf 85' lang='lat' dir='ltr'><strong>sancta</strong></span> <span class='ocrx_word' id='word_1_635' title='bbox 2739 3450 2831 3502; x_wconf 90' lang='lat' dir='ltr'><strong>illa</strong></span> <span class='ocrx_word' id='word_1_636' title='bbox 2866 3445 3159 3520; x_wconf 88' lang='lat' dir='ltr'><strong>Seraphim</strong></span> <span class='ocrx_word' id='word_1_637' title='bbox 3188 3465 3288 3519; x_wconf 75' lang='lat' dir='ltr'><strong>per</strong></span> <span class='ocrx_word' id='word_1_638' title='bbox 3323 3447 3522 3502; x_wconf 85' lang='lat' dir='ltr'><strong>trinam</strong></span> 
     </span>
    </p>
   </div>
   <div class='ocr_carea' id='block_1_81' title="bbox 1959 3535 3526 3607">
    <p class='ocr_par' dir='ltr' id='par_1_81' title="bbox 1959 3535 3526 3607">
     <span class='ocr_line' id='line_1_81' title="bbox 1959 3535 3526 3607; baseline -0.003 -16"><span class='ocrx_word' id='word_1_639' title='bbox 1959 3541 2333 3602; x_wconf 76' lang='lat' dir='ltr'><strong>sanctitatem,</strong></span> <span class='ocrx_word' id='word_1_640' title='bbox 2368 3548 2478 3593; x_wconf 85' lang='lat' dir='ltr'><strong>tres</strong></span> <span class='ocrx_word' id='word_1_641' title='bbox 2521 3539 3008 3607; x_wconf 85' lang='lat' dir='ltr'><strong>superessentialis</strong></span> <span class='ocrx_word' id='word_1_642' title='bbox 3061 3535 3367 3591; x_wconf 81' lang='lat' dir='ltr'><strong>divinitatis</strong></span> <span class='ocrx_word' id='word_1_643' title='bbox 3399 3550 3526 3604; x_wconf 82' lang='lat' dir='ltr'><strong>per-</strong></span> 
     </span>
    </p>
   </div>
   <div class='ocr_carea' id='block_1_82' title="bbox 1958 3625 3526 3694">
    <p class='ocr_par' dir='ltr' id='par_1_82' title="bbox 1958 3625 3526 3694">
     <span class='ocr_line' id='line_1_82' title="bbox 1958 3625 3526 3694; baseline -0.005 -12"><span class='ocrx_word' id='word_1_644' title='bbox 1958 3643 2126 3682; x_wconf 85' lang='lat' dir='ltr'><strong>sonas</strong></span> <span class='ocrx_word' id='word_1_645' title='bbox 2155 3628 2317 3682; x_wconf 87' lang='lat' dir='ltr'><strong>nobis</strong></span> <span class='ocrx_word' id='word_1_646' title='bbox 2357 3626 2641 3691; x_wconf 85' lang='lat' dir='ltr'><strong>indicent;</strong></span> <span class='ocrx_word' id='word_1_647' title='bbox 2693 3639 2791 3694; x_wconf 91' lang='lat' dir='ltr'><strong>per</strong></span> <span class='ocrx_word' id='word_1_648' title='bbox 2838 3641 3000 3678; x_wconf 89' lang='lat' dir='ltr'><strong>unam</strong></span> <span class='ocrx_word' id='word_1_649' title='bbox 3048 3635 3231 3679; x_wconf 90' lang='lat' dir='ltr'><strong>autem</strong></span> <span class='ocrx_word' id='word_1_650' title='bbox 3270 3625 3526 3678; x_wconf 88' lang='lat' dir='ltr'><strong>domina-</strong></span> 
     </span>
    </p>
   </div>
   <div class='ocr_carea' id='block_1_83' title="bbox 1958 3711 3527 3793">
    <p class='ocr_par' dir='ltr' id='par_1_83' title="bbox 1958 3711 3527 3793">
     <span class='ocr_line' id='line_1_83' title="bbox 1958 3711 3527 3793; baseline -0.004 -23"><span class='ocrx_word' id='word_1_651' title='bbox 1958 3719 2186 3778; x_wconf 89' lang='lat' dir='ltr'><strong>tionem.</strong></span> <span class='ocrx_word' id='word_1_652' title='bbox 2225 3731 2387 3793; x_wconf 77' lang='lat' dir='ltr'><strong>unam</strong></span> <span class='ocrx_word' id='word_1_653' title='bbox 2417 3715 2617 3770; x_wconf 60' lang='lat' dir='ltr'><strong>divinae</strong></span> <span class='ocrx_word' id='word_1_654' title='bbox 2646 3713 2938 3769; x_wconf 87' lang='lat' dir='ltr'><strong>Trinitatis</strong></span> <span class='ocrx_word' id='word_1_655' title='bbox 2993 3713 3397 3774; x_wconf 80' lang='lat' dir='ltr'><strong>substantiam,</strong></span> <span class='ocrx_word' id='word_1_656' title='bbox 3431 3711 3527 3764; x_wconf 91' lang='lat' dir='ltr'><strong>im-</strong></span> 
     </span>
    </p>
   </div>
   <div class='ocr_carea' id='block_1_84' title="bbox 1957 3801 3526 3879">
    <p class='ocr_par' dir='ltr' id='par_1_84' title="bbox 1957 3801 3526 3879">
     <span class='ocr_line' id='line_1_84' title="bbox 1957 3801 3526 3879; baseline -0.005 -17"><span class='ocrx_word' id='word_1_657' title='bbox 1957 3809 2275 3879; x_wconf 86' lang='lat' dir='ltr'><strong>periumque</strong></span> <span class='ocrx_word' id='word_1_658' title='bbox 2301 3808 2602 3864; x_wconf 85' lang='lat' dir='ltr'><strong>declarent.</strong></span> <span class='ocrx_word' id='word_1_659' title='bbox 2651 3807 2741 3860; x_wconf 82' lang='lat' dir='ltr'><strong>Ait</strong></span> <span class='ocrx_word' id='word_1_660' title='bbox 2771 3806 2973 3877; x_wconf 88' lang='lat' dir='ltr'><strong>quippe</strong></span> <span class='ocrx_word' id='word_1_661' title='bbox 3017 3803 3315 3876; x_wconf 89' lang='lat' dir='ltr'><strong>Gregorius</strong></span> <span class='ocrx_word' id='word_1_662' title='bbox 3347 3801 3526 3854; x_wconf 82' lang='lat' dir='ltr'><strong>Theo-</strong></span> 
     </span>
    </p>
   </div>
   <div class='ocr_carea' id='block_1_85' title="bbox 1957 3889 3523 3967">
    <p class='ocr_par' dir='ltr' id='par_1_85' title="bbox 1957 3889 3523 3967">
     <span class='ocr_line' id='line_1_85' title="bbox 1957 3889 3523 3967; baseline -0.006 -16"><span class='ocrx_word' id='word_1_663' title='bbox 1957 3897 2114 3967; x_wconf 74' lang='lat' dir='ltr'><strong>logus</strong></span> <span class='ocrx_word' id='word_1_664' title='bbox 2211 3913 2226 3951; x_wconf 90' lang='lat'><strong>:</strong></span> <span class='ocrx_word' id='word_1_665' title='bbox 2265 3895 2357 3951; x_wconf 87' lang='lat' dir='ltr'><strong>Sic</strong></span> <span class='ocrx_word' id='word_1_666' title='bbox 2384 3909 2551 3965; x_wconf 90' lang='lat' dir='ltr'><strong>porro</strong></span> <span class='ocrx_word' id='word_1_667' title='bbox 2580 3894 2780 3949; x_wconf 89' lang='lat' dir='ltr'><strong>Sancta</strong></span> <span class='ocrx_word' id='word_1_668' title='bbox 2812 3899 3150 3956; x_wconf 88' lang='lat' dir='ltr'><strong>sanctorum,</strong></span> <span class='ocrx_word' id='word_1_669' title='bbox 3205 3905 3325 3960; x_wconf 59' lang='lat' dir='ltr'><strong>quae</strong></span> <span class='ocrx_word' id='word_1_670' title='bbox 3358 3889 3523 3944; x_wconf 88' lang='lat' dir='ltr'><strong>etiam</strong></span> 
     </span>
    </p>
   </div>
   <div class='ocr_carea' id='block_1_86' title="bbox 1955 3979 3526 4058">
    <p class='ocr_par' dir='ltr' id='par_1_86' title="bbox 1955 3979 3526 4058">
     <span class='ocr_line' id='line_1_86' title="bbox 1955 3979 3526 4058; baseline -0.004 -17"><span class='ocrx_word' id='word_1_671' title='bbox 1955 4001 1985 4041; x_wconf 95' lang='lat' dir='ltr'><strong>a</strong></span> <span class='ocrx_word' id='word_1_672' title='bbox 2007 3986 2294 4058; x_wconf 89' lang='lat' dir='ltr'><strong>Seraphim</strong></span> <span class='ocrx_word' id='word_1_673' title='bbox 2316 3986 2676 4057; x_wconf 85' lang='lat' dir='ltr'><strong>obteguntnr,</strong></span> <span class='ocrx_word' id='word_1_674' title='bbox 2701 4001 2765 4040; x_wconf 89' lang='lat' dir='ltr'><strong>ac</strong></span> <span class='ocrx_word' id='word_1_675' title='bbox 2790 3984 2968 4038; x_wconf 86' lang='lat' dir='ltr'><strong>tribus</strong></span> <span class='ocrx_word' id='word_1_676' title='bbox 2990 3979 3526 4037; x_wconf 82' lang='lat' dir='ltr'><strong>sanetilicationibus</strong></span> 
     </span>
    </p>
   </div>
   <div class='ocr_carea' id='block_1_87' title="bbox 1955 4071 3522 4143">
    <p class='ocr_par' dir='ltr' id='par_1_87' title="bbox 1955 4071 3522 4143">
     <span class='ocr_line' id='line_1_87' title="bbox 1955 4071 3522 4143; baseline -0.006 -10"><span class='ocrx_word' id='word_1_677' title='bbox 1955 4077 2325 4143; x_wconf 86' lang='lat' dir='ltr'><strong>celebrantur,</strong></span> <span class='ocrx_word' id='word_1_678' title='bbox 2364 4075 2613 4135; x_wconf 59' lang='lat' dir='ltr'><strong>infunam</strong></span> <span class='ocrx_word' id='word_1_679' title='bbox 2646 4074 3076 4129; x_wconf 88' lang='lat' dir='ltr'><strong>dominationem</strong></span> <span class='ocrx_word' id='word_1_680' title='bbox 3113 4071 3522 4126; x_wconf 87' lang='lat' dir='ltr'><strong>etdivinilatcm</strong></span> 
     </span>
    </p>
   </div>
   <div class='ocr_carea' id='block_1_88' title="bbox 1954 4159 3521 4234">
    <p class='ocr_par' dir='ltr' id='par_1_88' title="bbox 1954 4159 3521 4234">
     <span class='ocr_line' id='line_1_88' title="bbox 1954 4159 3521 4234; baseline -0.008 -11"><span class='ocrx_word' id='word_1_681' title='bbox 1954 4167 2326 4231; x_wconf 86' lang='lat' dir='ltr'><strong>conveniunt;</strong></span> <span class='ocrx_word' id='word_1_682' title='bbox 2370 4164 2423 4220; x_wconf 89' lang='lat' dir='ltr'><strong>id</strong></span> <span class='ocrx_word' id='word_1_683' title='bbox 2463 4165 2609 4234; x_wconf 89' lang='lat' dir='ltr'><strong>quod</strong></span> <span class='ocrx_word' id='word_1_684' title='bbox 2653 4172 2706 4218; x_wconf 89' lang='lat' dir='ltr'><strong>et</strong></span> <span class='ocrx_word' id='word_1_685' title='bbox 2735 4164 2879 4220; x_wconf 89' lang='lat' dir='ltr'><strong>alius</strong></span> <span class='ocrx_word' id='word_1_686' title='bbox 2917 4161 3190 4232; x_wconf 89' lang='lat' dir='ltr'><strong>quispiam</strong></span> <span class='ocrx_word' id='word_1_687' title='bbox 3254 4159 3521 4228; x_wconf 87' lang='lat' dir='ltr'><strong>majorum</strong></span> 
     </span>
    </p>
   </div>
   <div class='ocr_carea' id='block_1_89' title="bbox 1955 4248 3523 4328">
    <p class='ocr_par' dir='ltr' id='par_1_89' title="bbox 1955 4248 3523 4328">
     <span class='ocr_line' id='line_1_89' title="bbox 1955 4248 3523 4328; baseline -0.008 -13"><span class='ocrx_word' id='word_1_688' title='bbox 1955 4272 2272 4316; x_wconf 88' lang='lat' dir='ltr'><strong>nostrorum</strong></span> <span class='ocrx_word' id='word_1_689' title='bbox 2321 4257 2696 4328; x_wconf 87' lang='lat' dir='ltr'><strong>pulcherrime</strong></span> <span class='ocrx_word' id='word_1_690' title='bbox 2750 4269 2814 4309; x_wconf 89' lang='lat' dir='ltr'><strong>ac</strong></span> <span class='ocrx_word' id='word_1_691' title='bbox 2860 4251 3257 4309; x_wconf 85' lang='lat' dir='ltr'><strong>sublimissime</strong></span> <span class='ocrx_word' id='word_1_692' title='bbox 3306 4248 3523 4304; x_wconf 83' lang='lat' dir='ltr'><strong>edisse-</strong></span> 
     </span>
    </p>
   </div>
   <div class='ocr_carea' id='block_1_90' title="bbox 1955 4331 3404 4407">
    <p class='ocr_par' dir='ltr' id='par_1_90' title="bbox 1955 4331 3404 4407">
     <span class='ocr_line' id='line_1_90' title="bbox 1955 4331 3404 4407; baseline -0.001 0"><span class='ocrx_word' id='word_1_693' title='bbox 1955 4352 2088 4407; x_wconf 91' lang='lat' dir='ltr'><strong>ruit.</strong></span> <span class='ocrx_word' id='word_1_694' title='bbox 3381 4331 3404 4348; x_wconf 67' lang='grc'><em>’</em></span> 
     </span>
    </p>
   </div>
   <div class='ocr_carea' id='block_1_91' title="bbox 2027 4430 3525 4512">
    <p class='ocr_par' dir='ltr' id='par_1_91' title="bbox 2027 4430 3525 4512">
     <span class='ocr_line' id='line_1_91' title="bbox 2027 4430 3525 4512; baseline -0.008 -16"><span class='ocrx_word' id='word_1_695' title='bbox 2027 4440 2260 4512; x_wconf 86' lang='lat' dir='ltr'><strong>Trisagii</strong></span> <span class='ocrx_word' id='word_1_696' title='bbox 2279 4442 2522 4506; x_wconf 82' lang='lat' dir='ltr'><strong>traditio,</strong></span> <span class='ocrx_word' id='word_1_697' title='bbox 2541 4439 2636 4493; x_wconf 87' lang='lat' dir='ltr'><strong>sub</strong></span> <span class='ocrx_word' id='word_1_698' title='bbox 2663 4436 2854 4492; x_wconf 87' lang='lat' dir='ltr'><strong>Proclo</strong></span> <span class='ocrx_word' id='word_1_699' title='bbox 2883 4434 3146 4504; x_wconf 71' lang='lat' dir='ltr'><strong>pontifice.</strong></span> <span class='ocrx_word' id='word_1_700' title='bbox 3172 4461 3224 4475; x_wconf 83' lang='lat'><strong>-—</strong></span> <span class='ocrx_word' id='word_1_701' title='bbox 3244 4430 3363 4487; x_wconf 75' lang='lat' dir='ltr'><strong>lam</strong></span> <span class='ocrx_word' id='word_1_702' title='bbox 3393 4444 3525 4486; x_wconf 86' lang='lat' dir='ltr'><strong>vero</strong></span> 
     </span>
    </p>
   </div>
   <div class='ocr_carea' id='block_1_92' title="bbox 272 4523 1846 4601">
    <p class='ocr_par' dir='ltr' id='par_1_92' title="bbox 272 4533 1842 4601">
     <span class='ocr_line' id='line_1_92' title="bbox 272 4533 1842 4601; baseline 0.003 -19"><span class='ocrx_word' id='word_1_703' title='bbox 272 4533 669 4601; x_wconf 79' lang='grc' dir='ltr'><strong>συντάξαντες,</strong></span> <span class='ocrx_word' id='word_1_704' title='bbox 716 4536 798 4589; x_wconf 85' lang='grc' dir='ltr'><strong>ὄτι</strong></span> <span class='ocrx_word' id='word_1_705' title='bbox 855 4536 1234 4600; x_wconf 77' lang='grc' dir='ltr'><strong>λιτανεύοντος</strong></span> <span class='ocrx_word' id='word_1_706' title='bbox 1294 4537 1391 4590; x_wconf 85' lang='grc' dir='ltr'><strong>τόῦ</strong></span> <span class='ocrx_word' id='word_1_707' title='bbox 1439 4537 1496 4588; x_wconf 81' lang='grc' dir='ltr'><strong>ὲν</strong></span> <span class='ocrx_word' id='word_1_708' title='bbox 1545 4537 1842 4589; x_wconf 84' lang='grc' dir='ltr'><strong>Κωνσταν-</strong></span> 
     </span>
    </p>
   </div>
   <div class='ocr_carea' id='block_1_93' title="bbox 1946 4523 3523 4601">
    <p class='ocr_par' dir='ltr' id='par_1_93' title="bbox 1955 4525 3523 4594">
     <span class='ocr_line' id='line_1_93' title="bbox 1955 4525 3523 4594; baseline -0.009 -8"><span class='ocrx_word' id='word_1_709' title='bbox 1955 4539 2182 4586; x_wconf 79' lang='lat' dir='ltr'><strong>narrant</strong></span> <span class='ocrx_word' id='word_1_710' title='bbox 2243 4529 2634 4585; x_wconf 72' lang='lat' dir='ltr'><strong>ecclesiastica:</strong></span> <span class='ocrx_word' id='word_1_711' title='bbox 2686 4526 2930 4581; x_wconf 63' lang='lat' dir='ltr'><strong>historiae</strong></span> <span class='ocrx_word' id='word_1_712' title='bbox 2980 4525 3276 4594; x_wconf 87' lang='lat' dir='ltr'><strong>scriptores</strong></span> <span class='ocrx_word' id='word_1_713' title='bbox 3313 4560 3328 4582; x_wconf 88' lang='lat'><strong>,</strong></span> <span class='ocrx_word' id='word_1_714' title='bbox 3398 4535 3523 4573; x_wconf 83' lang='lat' dir='ltr'><strong>eum</strong></span> 
     </span>
    </p>
   </div>
   <div class='ocr_carea' id='block_1_94' title="bbox 261 4625 1843 4698">
    <p class='ocr_par' dir='ltr' id='par_1_94' title="bbox 261 4625 1843 4698">
     <span class='ocr_line' id='line_1_94' title="bbox 261 4625 1843 4698; baseline 0.003 -25"><span class='ocrx_word' id='word_1_715' title='bbox 261 4625 586 4678; x_wconf 82' lang='grc' dir='ltr'><strong>τινουπόλει</strong></span> <span class='ocrx_word' id='word_1_716' title='bbox 626 4627 783 4692; x_wconf 81' lang='grc' dir='ltr'><strong>λαοῦ,</strong></span> <span class='ocrx_word' id='word_1_717' title='bbox 831 4628 920 4682; x_wconf 74' lang='grc' dir='ltr'><strong>διά</strong></span> <span class='ocrx_word' id='word_1_718' title='bbox 953 4647 1074 4682; x_wconf 85' lang='grc' dir='ltr'><strong>τινα</strong></span> <span class='ocrx_word' id='word_1_719' title='bbox 1115 4627 1386 4698; x_wconf 82' lang='grc' dir='ltr'><strong>θεήλατον</strong></span> <span class='ocrx_word' id='word_1_720' title='bbox 1437 4627 1694 4698; x_wconf 81' lang='grc' dir='ltr'><strong>ἀπειλὴν,</strong></span> <span class='ocrx_word' id='word_1_721' title='bbox 1753 4625 1843 4679; x_wconf 70' lang='grc' dir='ltr'><strong>ἐπὶ</strong></span> 
     </span>
    </p>
   </div>
   <div class='ocr_carea' id='block_1_95' title="bbox 263 4712 1850 4791">
    <p class='ocr_par' dir='ltr' id='par_1_95' title="bbox 263 4712 1850 4791">
     <span class='ocr_line' id='line_1_95' title="bbox 263 4712 1850 4791; baseline 0.006 -27"><span class='ocrx_word' id='word_1_722' title='bbox 263 4712 519 4779; x_wconf 79' lang='grc' dir='ltr'><strong>Πρόκλου</strong></span> <span class='ocrx_word' id='word_1_723' title='bbox 557 4713 652 4766; x_wconf 82' lang='grc' dir='ltr'><strong>τοῦ</strong></span> <span class='ocrx_word' id='word_1_724' title='bbox 705 4714 1142 4784; x_wconf 85' lang='grc' dir='ltr'><strong>ἀρχιεπισκόπου</strong></span> <span class='ocrx_word' id='word_1_725' title='bbox 1199 4718 1574 4788; x_wconf 81' lang='grc' dir='ltr'><strong>γεγενημένην</strong></span> <span class='ocrx_word' id='word_1_726' title='bbox 1602 4759 1617 4784; x_wconf 98' lang='grc'><strong>,</strong></span> <span class='ocrx_word' id='word_1_727' title='bbox 1652 4720 1850 4791; x_wconf 74' lang='grc' dir='ltr'><strong>συνέϐη</strong></span> 
     </span>
    </p>
   </div>
   <div class='ocr_carea' id='block_1_96' title="bbox 264 4799 1850 4878">
    <p class='ocr_par' dir='ltr' id='par_1_96' title="bbox 264 4799 1850 4878">
     <span class='ocr_line' id='line_1_96' title="bbox 264 4799 1850 4878; baseline 0.008 -28"><span class='ocrx_word' id='word_1_728' title='bbox 264 4799 584 4868; x_wconf 76' lang='grc' dir='ltr'><strong>ἁρπαγῆναι</strong></span> <span class='ocrx_word' id='word_1_729' title='bbox 627 4799 840 4854; x_wconf 76' lang='grc' dir='ltr'><strong>παιδίον</strong></span> <span class='ocrx_word' id='word_1_730' title='bbox 870 4803 934 4855; x_wconf 82' lang='grc' dir='ltr'><strong>ὲκ</strong></span> <span class='ocrx_word' id='word_1_731' title='bbox 963 4804 1058 4855; x_wconf 85' lang='grc' dir='ltr'><strong>τοῦ</strong></span> <span class='ocrx_word' id='word_1_732' title='bbox 1089 4801 1241 4865; x_wconf 79' lang='grc' dir='ltr'><strong>λαοῦ,</strong></span> <span class='ocrx_word' id='word_1_733' title='bbox 1277 4805 1370 4857; x_wconf 74' lang='grc' dir='ltr'><strong>καὶ</strong></span> <span class='ocrx_word' id='word_1_734' title='bbox 1405 4804 1548 4859; x_wconf 87' lang='grc' dir='ltr'><strong>οὕτω</strong></span> <span class='ocrx_word' id='word_1_735' title='bbox 1576 4808 1850 4878; x_wconf 80' lang='grc' dir='ltr'><strong>μυηθῆναι</strong></span> 
     </span>
    </p>
   </div>
   <div class='ocr_carea' id='block_1_97' title="bbox 257 4889 1845 4969">
    <p class='ocr_par' dir='ltr' id='par_1_97' title="bbox 257 4889 1845 4969">
     <span class='ocr_line' id='line_1_97' title="bbox 257 4889 1845 4969; baseline 0.006 -26"><span class='ocrx_word' id='word_1_736' title='bbox 257 4889 671 4961; x_wconf 75' lang='grc' dir='ltr'><strong>ὕπ’ἀγγελικῆς</strong></span> <span class='ocrx_word' id='word_1_737' title='bbox 692 4908 836 4956; x_wconf 89' lang='grc' dir='ltr'><strong>τινος</strong></span> <span class='ocrx_word' id='word_1_738' title='bbox 861 4893 1212 4958; x_wconf 76' lang='grc' dir='ltr'><strong>διδασκαλίας</strong></span> <span class='ocrx_word' id='word_1_739' title='bbox 1231 4896 1322 4949; x_wconf 83' lang='grc' dir='ltr'><strong>τὸν</strong></span> <span class='ocrx_word' id='word_1_740' title='bbox 1339 4897 1633 4968; x_wconf 87' lang='grc' dir='ltr'><strong>Τρισὰγιον</strong></span> <span class='ocrx_word' id='word_1_741' title='bbox 1659 4898 1845 4969; x_wconf 83' lang='grc' dir='ltr'><strong>ὕμνον,</strong></span> 
     </span>
    </p>
   </div>
   <div class='ocr_carea' id='block_1_98' title="bbox 257 4981 1850 5056">
    <p class='ocr_par' dir='ltr' id='par_1_98' title="bbox 257 4981 1850 5056">
     <span class='ocr_line' id='line_1_98' title="bbox 257 4981 1850 5056; baseline 0.007 -22"><span class='ocrx_word' id='word_1_742' title='bbox 257 4983 528 5048; x_wconf 65' lang='grc' dir='ltr'><strong>ΓἈγιοςό</strong></span> <span class='ocrx_word' id='word_1_743' title='bbox 568 4981 734 5048; x_wconf 86' lang='grc' dir='ltr'><strong>Θεὸς,</strong></span> <span class='ocrx_word' id='word_1_744' title='bbox 771 4982 976 5052; x_wconf 74' lang='grc' dir='ltr'><strong>’Ἄγιος</strong></span> <span class='ocrx_word' id='word_1_745' title='bbox 1023 4987 1296 5055; x_wconf 82' lang='grc' dir='ltr'><strong>ισχυρὸς,</strong></span> <span class='ocrx_word' id='word_1_746' title='bbox 1337 4991 1535 5056; x_wconf 59' lang='lat' dir='ltr'><strong>“Ag-loc</strong></span> <span class='ocrx_word' id='word_1_747' title='bbox 1553 4987 1850 5056; x_wconf 79' lang='grc' dir='ltr'><strong>ἀθάνατος</strong></span> 
     </span>
    </p>
   </div>
   <div class='ocr_carea' id='block_1_99' title="bbox 259 5071 1843 5148">
    <p class='ocr_par' dir='ltr' id='par_1_99' title="bbox 259 5071 1843 5148">
     <span class='ocr_line' id='line_1_99' title="bbox 259 5071 1843 5148; baseline 0.006 -22"><span class='ocrx_word' id='word_1_748' title='bbox 259 5072 534 5140; x_wconf 72' lang='grc' dir='ltr'><strong>ἐλέησον</strong></span> <span class='ocrx_word' id='word_1_749' title='bbox 557 5074 736 5144; x_wconf 74' lang='grc' dir='ltr'><strong>ἡμᾶς’</strong></span> <span class='ocrx_word' id='word_1_750' title='bbox 757 5076 850 5130; x_wconf 79' lang='grc' dir='ltr'><strong>καὶ</strong></span> <span class='ocrx_word' id='word_1_751' title='bbox 869 5071 1021 5140; x_wconf 80' lang='grc' dir='ltr'><strong>αὖθις</strong></span> <span class='ocrx_word' id='word_1_752' title='bbox 1045 5079 1470 5148; x_wconf 78' lang='grc' dir='ltr'><strong>ἐπιστραφέντος</strong></span> <span class='ocrx_word' id='word_1_753' title='bbox 1494 5079 1588 5134; x_wconf 83' lang='grc' dir='ltr'><strong>τοῦ</strong></span> <span class='ocrx_word' id='word_1_754' title='bbox 1609 5082 1843 5145; x_wconf 81' lang='grc' dir='ltr'><strong>παιδίου,</strong></span> 
     </span>
    </p>
   </div>
   <div class='ocr_carea' id='block_1_100' title="bbox 263 5164 1850 5241">
    <p class='ocr_par' dir='ltr' id='par_1_100' title="bbox 263 5164 1850 5241">
     <span class='ocr_line' id='line_1_100' title="bbox 263 5164 1850 5241; baseline 0.008 -26"><span class='ocrx_word' id='word_1_755' title='bbox 263 5167 362 5222; x_wconf 71' lang='grc' dir='ltr'><strong>καὶ</strong></span> <span class='ocrx_word' id='word_1_756' title='bbox 385 5164 445 5216; x_wconf 72' lang='grc' dir='ltr'><strong>τὸ</strong></span> <span class='ocrx_word' id='word_1_757' title='bbox 465 5164 671 5235; x_wconf 82' lang='grc' dir='ltr'><strong>μυηθὲν</strong></span> <span class='ocrx_word' id='word_1_758' title='bbox 688 5167 1142 5235; x_wconf 83' lang='grc' dir='ltr'><strong>ἀπαγγείλαντος,</strong></span> <span class='ocrx_word' id='word_1_759' title='bbox 1165 5164 1293 5238; x_wconf 83' lang='grc' dir='ltr'><strong>ᾆσαι</strong></span> <span class='ocrx_word' id='word_1_760' title='bbox 1318 5170 1408 5222; x_wconf 80' lang='grc' dir='ltr'><strong>τὸν</strong></span> <span class='ocrx_word' id='word_1_761' title='bbox 1431 5170 1598 5241; x_wconf 81' lang='grc' dir='ltr'><strong>ὕμνον</strong></span> <span class='ocrx_word' id='word_1_762' title='bbox 1615 5172 1760 5227; x_wconf 78' lang='grc' dir='ltr'><strong>ἅπαν</strong></span> <span class='ocrx_word' id='word_1_763' title='bbox 1787 5175 1850 5229; x_wconf 80' lang='grc' dir='ltr'><strong>τὸ</strong></span> 
     </span>
    </p>
   </div>
   <div class='ocr_carea' id='block_1_101' title="bbox 261 5253 1846 5334">
    <p class='ocr_par' dir='ltr' id='par_1_101' title="bbox 261 5253 1846 5334">
     <span class='ocr_line' id='line_1_101' title="bbox 261 5253 1846 5334; baseline 0.009 -30"><span class='ocrx_word' id='word_1_764' title='bbox 261 5253 492 5323; x_wconf 79' lang='grc' dir='ltr'><strong>πλῆθος,</strong></span> <span class='ocrx_word' id='word_1_765' title='bbox 540 5257 638 5309; x_wconf 69' lang='grc' dir='ltr'><strong>καὶ</strong></span> <span class='ocrx_word' id='word_1_766' title='bbox 669 5256 816 5310; x_wconf 88' lang='grc' dir='ltr'><strong>οὕτω</strong></span> <span class='ocrx_word' id='word_1_767' title='bbox 852 5259 1091 5312; x_wconf 84' lang='grc' dir='ltr'><strong>κοπάσαι</strong></span> <span class='ocrx_word' id='word_1_768' title='bbox 1121 5257 1220 5330; x_wconf 78' lang='grc' dir='ltr'><strong>τὴν</strong></span> <span class='ocrx_word' id='word_1_769' title='bbox 1263 5259 1515 5331; x_wconf 77' lang='grc' dir='ltr'><strong>ἀπειλήν.</strong></span> <span class='ocrx_word' id='word_1_770' title='bbox 1547 5262 1658 5316; x_wconf 77' lang='grc' dir='ltr'><strong>Καὶ</strong></span> <span class='ocrx_word' id='word_1_771' title='bbox 1683 5263 1742 5317; x_wconf 76' lang='grc' dir='ltr'><strong>ὲν</strong></span> <span class='ocrx_word' id='word_1_772' title='bbox 1781 5265 1846 5334; x_wconf 78' lang='grc' dir='ltr'><strong>τῇ</strong></span> 
     </span>
    </p>
   </div>
   <div class='ocr_carea' id='block_1_102' title="bbox 260 5342 1845 5426">
    <p class='ocr_par' dir='ltr' id='par_1_102' title="bbox 260 5342 1845 5426">
     <span class='ocr_line' id='line_1_102' title="bbox 260 5342 1845 5426; baseline 0.006 -29"><span class='ocrx_word' id='word_1_773' title='bbox 260 5342 399 5412; x_wconf 77' lang='grc' dir='ltr'><strong>ἁγίᾳ</strong></span> <span class='ocrx_word' id='word_1_774' title='bbox 421 5343 501 5406; x_wconf 80' lang='grc' dir='ltr'><strong>δὲ,</strong></span> <span class='ocrx_word' id='word_1_775' title='bbox 532 5348 627 5400; x_wconf 73' lang='grc' dir='ltr'><strong>καὶ</strong></span> <span class='ocrx_word' id='word_1_776' title='bbox 660 5348 894 5420; x_wconf 80' lang='grc' dir='ltr'><strong>μεγάλῃ,</strong></span> <span class='ocrx_word' id='word_1_777' title='bbox 921 5349 1017 5402; x_wconf 75' lang='grc' dir='ltr'><strong>καὶ</strong></span> <span class='ocrx_word' id='word_1_778' title='bbox 1067 5351 1420 5421; x_wconf 81' lang='grc' dir='ltr'><strong>οίκουμενικῇ</strong></span> <span class='ocrx_word' id='word_1_779' title='bbox 1449 5353 1686 5426; x_wconf 81' lang='grc' dir='ltr'><strong>τετάρτῃ</strong></span> <span class='ocrx_word' id='word_1_780' title='bbox 1719 5371 1845 5406; x_wconf 81' lang='grc' dir='ltr'><strong>συν-</strong></span> 
     </span>
    </p>
   </div>
   <div class='ocr_carea' id='block_1_103' title="bbox 261 5434 1849 5516">
    <p class='ocr_par' dir='ltr' id='par_1_103' title="bbox 261 5434 1849 5516">
     <span class='ocr_line' id='line_1_103' title="bbox 261 5434 1849 5516; baseline 0.009 -30"><span class='ocrx_word' id='word_1_781' title='bbox 261 5434 390 5503; x_wconf 83' lang='grc' dir='ltr'><strong>όδῳ,</strong></span> <span class='ocrx_word' id='word_1_782' title='bbox 415 5436 482 5504; x_wconf 80' lang='grc' dir='ltr'><strong>τῇ</strong></span> <span class='ocrx_word' id='word_1_783' title='bbox 516 5435 574 5490; x_wconf 74' lang='grc' dir='ltr'><strong>ἑν</strong></span> <span class='ocrx_word' id='word_1_784' title='bbox 598 5435 900 5509; x_wconf 82' lang='grc' dir='ltr'><strong>Χαλκηδόνι</strong></span> <span class='ocrx_word' id='word_1_785' title='bbox 931 5439 1094 5508; x_wconf 72' lang='grc' dir='ltr'><strong>φημὶ,</strong></span> <span class='ocrx_word' id='word_1_786' title='bbox 1123 5439 1295 5502; x_wconf 89' lang='grc' dir='ltr'><strong>οὕτως</strong></span> <span class='ocrx_word' id='word_1_787' title='bbox 1319 5440 1627 5514; x_wconf 82' lang='grc' dir='ltr'><strong>ὑμνηθῆναι</strong></span> <span class='ocrx_word' id='word_1_788' title='bbox 1648 5448 1676 5498; x_wconf 87' lang='grc' dir='ltr'><strong>ό</strong></span> <span class='ocrx_word' id='word_1_789' title='bbox 1695 5463 1849 5516; x_wconf 90' lang='grc' dir='ltr'><strong>τρισ-</strong></span> 
     </span>
    </p>
   </div>
   <div class='ocr_carea' id='block_1_104' title="bbox 266 5517 1849 5606">
    <p class='ocr_par' dir='ltr' id='par_1_104' title="bbox 266 5517 1849 5606">
     <span class='ocr_line' id='line_1_104' title="bbox 266 5517 1849 5606; baseline 0.009 -30"><span class='ocrx_word' id='word_1_790' title='bbox 266 5523 422 5590; x_wconf 82' lang='grc' dir='ltr'><strong>ἁγιος</strong></span> <span class='ocrx_word' id='word_1_791' title='bbox 456 5517 612 5589; x_wconf 82' lang='grc' dir='ltr'><strong>οὕτος</strong></span> <span class='ocrx_word' id='word_1_792' title='bbox 643 5527 812 5597; x_wconf 84' lang='grc' dir='ltr'><strong>ὕμνος</strong></span> <span class='ocrx_word' id='word_1_793' title='bbox 849 5530 1244 5600; x_wconf 64' lang='grc' dir='ltr'><strong>’παραδέδοται⁹</strong></span> <span class='ocrx_word' id='word_1_794' title='bbox 1277 5533 1419 5587; x_wconf 90' lang='grc' dir='ltr'><strong>οὕτω</strong></span> <span class='ocrx_word' id='word_1_795' title='bbox 1453 5535 1562 5606; x_wconf 75' lang='grc' dir='ltr'><strong>γὰρ</strong></span> <span class='ocrx_word' id='word_1_796' title='bbox 1606 5539 1722 5600; x_wconf 81' lang='grc' dir='ltr'><strong>τοῖς</strong></span> <span class='ocrx_word' id='word_1_797' title='bbox 1752 5555 1849 5592; x_wconf 70' lang='grc' dir='ltr'><strong>πει</strong></span> 
     </span>
    </p>
   </div>
   <div class='ocr_carea' id='block_1_105' title="bbox 245 5612 1846 5696">
    <p class='ocr_par' dir='ltr' id='par_1_105' title="bbox 245 5612 1846 5696">
     <span class='ocr_line' id='line_1_105' title="bbox 245 5612 1846 5696; baseline 0.012 -34"><span class='ocrx_word' id='word_1_798' title='bbox 245 5612 604 5682; x_wconf 65' lang='grc' dir='ltr'><strong>πραγμένοις</strong></span> <span class='ocrx_word' id='word_1_799' title='bbox 636 5623 665 5652; x_wconf 78' lang='grc' dir='ltr'><strong><em>ιι</em></strong></span> <span class='ocrx_word' id='word_1_800' title='bbox 703 5616 802 5686; x_wconf 82' lang='grc' dir='ltr'><strong>τῆς</strong></span> <span class='ocrx_word' id='word_1_801' title='bbox 839 5617 1009 5689; x_wconf 80' lang='grc' dir='ltr'><strong>αὐτῆς</strong></span> <span class='ocrx_word' id='word_1_802' title='bbox 1036 5619 1200 5687; x_wconf 80' lang='grc' dir='ltr'><strong>ἁγίας</strong></span> <span class='ocrx_word' id='word_1_803' title='bbox 1242 5621 1461 5676; x_wconf 87' lang='grc' dir='ltr'><strong>συνόδου</strong></span> <span class='ocrx_word' id='word_1_804' title='bbox 1491 5624 1796 5696; x_wconf 75' lang='grc' dir='ltr'><strong>ἐμφέρεται</strong></span> <span class='ocrx_word' id='word_1_805' title='bbox 1829 5643 1846 5660; x_wconf 90' lang='grc'><strong>·</strong></span> 
     </span>
    </p>
   </div>
   <div class='ocr_carea' id='block_1_106' title="bbox 352 5751 1722 5828">
    <p class='ocr_par' dir='ltr' id='par_1_106' title="bbox 352 5751 1722 5828">
     <span class='ocr_line' id='line_1_106' title="bbox 352 5751 1722 5828; baseline 0.006 -21"><span class='ocrx_word' id='word_1_806' title='bbox 352 5756 365 5787; x_wconf 78' lang='grc'><strong><em>⁸</em></strong></span> <span class='ocrx_word' id='word_1_807' title='bbox 413 5751 432 5807; x_wconf 90' lang='lat' dir='ltr'><strong>l</strong></span> <span class='ocrx_word' id='word_1_808' title='bbox 464 5754 587 5810; x_wconf 87' lang='lat' dir='ltr'><strong>Cor.</strong></span> <span class='ocrx_word' id='word_1_809' title='bbox 621 5771 734 5822; x_wconf 75' lang='lat' dir='ltr'><strong>vui,</strong></span> <span class='ocrx_word' id='word_1_810' title='bbox 767 5756 819 5811; x_wconf 87' lang='lat'><strong>5.</strong></span> <span class='ocrx_word' id='word_1_811' title='bbox 900 5758 919 5788; x_wconf 81' lang='grc'>³</span> <span class='ocrx_word' id='word_1_812' title='bbox 963 5755 1112 5814; x_wconf 88' lang='lat' dir='ltr'><strong>Orat.</strong></span> <span class='ocrx_word' id='word_1_813' title='bbox 1145 5755 1234 5814; x_wconf 76' lang='lat'><strong>39.</strong></span> <span class='ocrx_word' id='word_1_814' title='bbox 1283 5758 1303 5790; x_wconf 85' lang='grc'>⁸</span> <span class='ocrx_word' id='word_1_815' title='bbox 1339 5757 1495 5814; x_wconf 76' lang='lat' dir='ltr'><strong>Rom.</strong></span> <span class='ocrx_word' id='word_1_816' title='bbox 1525 5774 1600 5828; x_wconf 76' lang='lat' dir='ltr'><strong>ll,</strong></span> <span class='ocrx_word' id='word_1_817' title='bbox 1632 5757 1722 5815; x_wconf 77' lang='lat'><strong>56.</strong></span> 
     </span>
    </p>
   </div>
   <div class='ocr_carea' id='block_1_107' title="bbox 1955 4609 3522 4689">
    <p class='ocr_par' dir='ltr' id='par_1_107' title="bbox 1955 4609 3522 4689">
     <span class='ocr_line' id='line_1_107' title="bbox 1955 4609 3522 4689; baseline -0.009 -18"><span class='ocrx_word' id='word_1_818' title='bbox 1955 4617 2112 4689; x_wconf 86' lang='lat' dir='ltr'><strong>plebs</strong></span> <span class='ocrx_word' id='word_1_819' title='bbox 2143 4616 2781 4684; x_wconf 80' lang='lat' dir='ltr'><strong>Constantinopolitana,</strong></span> <span class='ocrx_word' id='word_1_820' title='bbox 2809 4613 3005 4666; x_wconf 79' lang='lat' dir='ltr'><strong>l’roclo</strong></span> <span class='ocrx_word' id='word_1_821' title='bbox 3039 4609 3522 4678; x_wconf 85' lang='lat' dir='ltr'><strong>archiepiscopum</strong></span> 
     </span>
    </p>
   </div>
   <div class='ocr_carea' id='block_1_108' title="bbox 1954 4699 3525 4776">
    <p class='ocr_par' dir='ltr' id='par_1_108' title="bbox 1954 4699 3525 4776">
     <span class='ocr_line' id='line_1_108' title="bbox 1954 4699 3525 4776; baseline -0.007 -17"><span class='ocrx_word' id='word_1_822' title='bbox 1954 4717 2166 4776; x_wconf 83' lang='lat' dir='ltr'><strong>agente,</strong></span> <span class='ocrx_word' id='word_1_823' title='bbox 2193 4705 2395 4758; x_wconf 88' lang='lat' dir='ltr'><strong>minaci</strong></span> <span class='ocrx_word' id='word_1_824' title='bbox 2431 4703 2668 4774; x_wconf 85' lang='lat' dir='ltr'><strong>quadam</strong></span> <span class='ocrx_word' id='word_1_825' title='bbox 2700 4704 2948 4756; x_wconf 78' lang='lat' dir='ltr'><strong>itnntissa</strong></span> <span class='ocrx_word' id='word_1_826' title='bbox 2983 4699 3251 4752; x_wconf 85' lang='lat' dir='ltr'><strong>divinitus</strong></span> <span class='ocrx_word' id='word_1_827' title='bbox 3300 4703 3525 4763; x_wconf 84' lang='lat' dir='ltr'><strong>tempe-</strong></span> 
     </span>
    </p>
   </div>
   <div class='ocr_carea' id='block_1_109' title="bbox 1953 4787 3517 4864">
    <p class='ocr_par' dir='ltr' id='par_1_109' title="bbox 1953 4787 3517 4864">
     <span class='ocr_line' id='line_1_109' title="bbox 1953 4787 3517 4864; baseline -0.01 -13"><span class='ocrx_word' id='word_1_828' title='bbox 1953 4805 2096 4851; x_wconf 89' lang='lat' dir='ltr'><strong>state</strong></span> <span class='ocrx_word' id='word_1_829' title='bbox 2133 4799 2460 4859; x_wconf 84' lang='lat' dir='ltr'><strong>conterrita,</strong></span> <span class='ocrx_word' id='word_1_830' title='bbox 2508 4795 2738 4864; x_wconf 75' lang='lat' dir='ltr'><strong>supplex</strong></span> <span class='ocrx_word' id='word_1_831' title='bbox 2801 4793 2911 4846; x_wconf 83' lang='lat' dir='ltr'><strong>Deo</strong></span> <span class='ocrx_word' id='word_1_832' title='bbox 2961 4806 3151 4862; x_wconf 87' lang='lat' dir='ltr'><strong>preces</strong></span> <span class='ocrx_word' id='word_1_833' title='bbox 3199 4787 3517 4849; x_wconf 85' lang='lat' dir='ltr'><strong>adhiberet,</strong></span> 
     </span>
    </p>
   </div>
   <div class='ocr_carea' id='block_1_110' title="bbox 1953 4883 3521 4957">
    <p class='ocr_par' dir='ltr' id='par_1_110' title="bbox 1953 4883 3521 4957">
     <span class='ocr_line' id='line_1_110' title="bbox 1953 4883 3521 4957; baseline -0.008 -17"><span class='ocrx_word' id='word_1_834' title='bbox 1953 4902 2180 4957; x_wconf 89' lang='lat' dir='ltr'><strong>puerum</strong></span> <span class='ocrx_word' id='word_1_835' title='bbox 2211 4887 2504 4957; x_wconf 90' lang='lat' dir='ltr'><strong>quemdam</strong></span> <span class='ocrx_word' id='word_1_836' title='bbox 2536 4902 2566 4940; x_wconf 90' lang='lat' dir='ltr'><strong>e</strong></span> <span class='ocrx_word' id='word_1_837' title='bbox 2599 4886 2758 4956; x_wconf 87' lang='lat' dir='ltr'><strong>plebe</strong></span> <span class='ocrx_word' id='word_1_838' title='bbox 2785 4887 2838 4936; x_wconf 91' lang='lat' dir='ltr'><strong>in</strong></span> <span class='ocrx_word' id='word_1_839' title='bbox 2873 4883 3110 4937; x_wconf 90' lang='lat' dir='ltr'><strong>sublime</strong></span> <span class='ocrx_word' id='word_1_840' title='bbox 3144 4886 3385 4948; x_wconf 86' lang='lat' dir='ltr'><strong>raptum,</strong></span> <span class='ocrx_word' id='word_1_841' title='bbox 3419 4891 3521 4929; x_wconf 84' lang='lat' dir='ltr'><strong>an-</strong></span> 
     </span>
    </p>
   </div>
   <div class='ocr_carea' id='block_1_111' title="bbox 1949 4979 3520 5057">
    <p class='ocr_par' dir='ltr' id='par_1_111' title="bbox 1949 4979 3520 5057">
     <span class='ocr_line' id='line_1_111' title="bbox 1949 4979 3520 5057; baseline -0.008 -15"><span class='ocrx_word' id='word_1_842' title='bbox 1949 4987 2086 5057; x_wconf 84' lang='lat' dir='ltr'><strong>gelis</strong></span> <span class='ocrx_word' id='word_1_843' title='bbox 2103 4987 2434 5057; x_wconf 86' lang='lat' dir='ltr'><strong>quibusdam</strong></span> <span class='ocrx_word' id='word_1_844' title='bbox 2456 4984 2737 5056; x_wconf 88' lang='lat' dir='ltr'><strong>magistris</strong></span> <span class='ocrx_word' id='word_1_845' title='bbox 2755 4982 3067 5051; x_wconf 82' lang='lat' dir='ltr'><strong>Trisagium</strong></span> <span class='ocrx_word' id='word_1_846' title='bbox 3090 4979 3240 5034; x_wconf 87' lang='lat' dir='ltr'><strong>hunc</strong></span> <span class='ocrx_word' id='word_1_847' title='bbox 3261 4981 3520 5050; x_wconf 78' lang='lat' dir='ltr'><strong>hymnum</strong></span> 
     </span>
    </p>
   </div>
   <div class='ocr_carea' id='block_1_112' title="bbox 1949 5073 3520 5145">
    <p class='ocr_par' dir='ltr' id='par_1_112' title="bbox 1949 5073 3520 5145">
     <span class='ocr_line' id='line_1_112' title="bbox 1949 5073 3520 5145; baseline -0.006 -9"><span class='ocrx_word' id='word_1_848' title='bbox 1949 5081 2253 5136; x_wconf 83' lang='lat' dir='ltr'><strong>didicisse:</strong></span> <span class='ocrx_word' id='word_1_849' title='bbox 2303 5079 2536 5135; x_wconf 83' lang='lat' dir='ltr'><strong>Sanctus</strong></span> <span class='ocrx_word' id='word_1_850' title='bbox 2573 5078 2736 5142; x_wconf 86' lang='lat' dir='ltr'><strong>Dens,</strong></span> <span class='ocrx_word' id='word_1_851' title='bbox 2783 5077 3014 5131; x_wconf 87' lang='lat' dir='ltr'><strong>Sanctus</strong></span> <span class='ocrx_word' id='word_1_852' title='bbox 3057 5076 3212 5145; x_wconf 76' lang='lat' dir='ltr'><strong>fortis</strong></span> <span class='ocrx_word' id='word_1_853' title='bbox 3240 5115 3254 5139; x_wconf 94' lang='lat'><strong>,</strong></span> <span class='ocrx_word' id='word_1_854' title='bbox 3289 5073 3520 5129; x_wconf 75' lang='lat' dir='ltr'><strong>Sanctus</strong></span> 
     </span>
    </p>
   </div>
   <div class='ocr_carea' id='block_1_113' title="bbox 1947 5165 3522 5238">
    <p class='ocr_par' dir='ltr' id='par_1_113' title="bbox 1947 5165 3522 5238">
     <span class='ocr_line' id='line_1_113' title="bbox 1947 5165 3522 5238; baseline -0.007 -11"><span class='ocrx_word' id='word_1_855' title='bbox 1947 5171 2293 5236; x_wconf 85' lang='lat' dir='ltr'><strong>immortalis,</strong></span> <span class='ocrx_word' id='word_1_856' title='bbox 2325 5171 2574 5224; x_wconf 72' lang='lat' dir='ltr'><strong>miserere</strong></span> <span class='ocrx_word' id='word_1_857' title='bbox 2593 5168 2767 5223; x_wconf 80' lang='lat' dir='ltr'><strong>nobis.</strong></span> <span class='ocrx_word' id='word_1_858' title='bbox 2805 5165 3055 5238; x_wconf 86' lang='lat' dir='ltr'><strong>Cumque</strong></span> <span class='ocrx_word' id='word_1_859' title='bbox 3089 5167 3214 5220; x_wconf 76' lang='lat' dir='ltr'><strong>loco</strong></span> <span class='ocrx_word' id='word_1_860' title='bbox 3254 5177 3356 5219; x_wconf 88' lang='lat' dir='ltr'><strong>suo</strong></span> <span class='ocrx_word' id='word_1_861' title='bbox 3385 5178 3522 5232; x_wconf 89' lang='lat' dir='ltr'><strong>puer</strong></span> 
     </span>
    </p>
   </div>
   <div class='ocr_carea' id='block_1_114' title="bbox 1947 5255 3520 5333">
    <p class='ocr_par' dir='ltr' id='par_1_114' title="bbox 1947 5255 3520 5333">
     <span class='ocr_line' id='line_1_114' title="bbox 1947 5255 3520 5333; baseline -0.009 -12"><span class='ocrx_word' id='word_1_862' title='bbox 1947 5265 2197 5321; x_wconf 86' lang='lat' dir='ltr'><strong>redditus</strong></span> <span class='ocrx_word' id='word_1_863' title='bbox 2230 5264 2282 5319; x_wconf 90' lang='lat' dir='ltr'><strong>id</strong></span> <span class='ocrx_word' id='word_1_864' title='bbox 2312 5263 2458 5333; x_wconf 86' lang='lat' dir='ltr'><strong>quod</strong></span> <span class='ocrx_word' id='word_1_865' title='bbox 2485 5261 2792 5326; x_wconf 85' lang='lat' dir='ltr'><strong>didicerat,</strong></span> <span class='ocrx_word' id='word_1_866' title='bbox 2851 5260 3157 5319; x_wconf 88' lang='lat' dir='ltr'><strong>retulisset,</strong></span> <span class='ocrx_word' id='word_1_867' title='bbox 3218 5255 3520 5311; x_wconf 87' lang='lat' dir='ltr'><strong>multitudi-</strong></span> 
     </span>
    </p>
   </div>
   <div class='ocr_carea' id='block_1_115' title="bbox 1949 5345 3520 5427">
    <p class='ocr_par' dir='ltr' id='par_1_115' title="bbox 1949 5345 3520 5427">
     <span class='ocr_line' id='line_1_115' title="bbox 1949 5345 3520 5427; baseline -0.008 -15"><span class='ocrx_word' id='word_1_868' title='bbox 1949 5373 2071 5413; x_wconf 90' lang='lat' dir='ltr'><strong>nem</strong></span> <span class='ocrx_word' id='word_1_869' title='bbox 2103 5358 2420 5412; x_wconf 81' lang='lat' dir='ltr'><strong>universam</strong></span> <span class='ocrx_word' id='word_1_870' title='bbox 2447 5345 2708 5427; x_wconf 80' lang='lat' dir='ltr'><strong>hymnum</strong></span> <span class='ocrx_word' id='word_1_871' title='bbox 2731 5355 2878 5408; x_wconf 90' lang='lat' dir='ltr'><strong>hunc</strong></span> <span class='ocrx_word' id='word_1_872' title='bbox 2906 5352 3196 5414; x_wconf 84' lang='lat' dir='ltr'><strong>cecinisse,</strong></span> <span class='ocrx_word' id='word_1_873' title='bbox 3218 5360 3382 5419; x_wconf 81' lang='lat' dir='ltr'><strong>atque.</strong></span> <span class='ocrx_word' id='word_1_874' title='bbox 3415 5348 3520 5402; x_wconf 89' lang='lat' dir='ltr'><strong>hoc</strong></span> 
     </span>
    </p>
   </div>
   <div class='ocr_carea' id='block_1_116' title="bbox 1950 5445 3518 5522">
    <p class='ocr_par' dir='ltr' id='par_1_116' title="bbox 1950 5445 3518 5522">
     <span class='ocr_line' id='line_1_116' title="bbox 1950 5445 3518 5522; baseline -0.004 -15"><span class='ocrx_word' id='word_1_875' title='bbox 1950 5463 2108 5522; x_wconf 90' lang='lat' dir='ltr'><strong>pacto</strong></span> <span class='ocrx_word' id='word_1_876' title='bbox 2139 5450 2515 5507; x_wconf 81' lang='lat' dir='ltr'><strong>imminentem</strong></span> <span class='ocrx_word' id='word_1_877' title='bbox 2547 5449 2915 5506; x_wconf 80' lang='lat' dir='ltr'><strong>calamitatem</strong></span> <span class='ocrx_word' id='word_1_878' title='bbox 2948 5449 3246 5520; x_wconf 82' lang='lat' dir='ltr'><strong>quievisse.</strong></span> <span class='ocrx_word' id='word_1_879' title='bbox 3281 5445 3424 5513; x_wconf 81' lang='lat' dir='ltr'><strong>Quin</strong></span> <span class='ocrx_word' id='word_1_880' title='bbox 3463 5445 3518 5500; x_wconf 91' lang='lat' dir='ltr'><strong>in</strong></span> 
     </span>
    </p>
   </div>
   <div class='ocr_carea' id='block_1_117' title="bbox 1950 5537 3520 5613">
    <p class='ocr_par' dir='ltr' id='par_1_117' title="bbox 1950 5537 3520 5613">
     <span class='ocr_line' id='line_1_117' title="bbox 1950 5537 3520 5613; baseline -0.006 -14"><span class='ocrx_word' id='word_1_881' title='bbox 1950 5553 2145 5599; x_wconf 88' lang='lat' dir='ltr'><strong>sancto</strong></span> <span class='ocrx_word' id='word_1_882' title='bbox 2175 5557 2512 5613; x_wconf 88' lang='lat' dir='ltr'><strong>magnoque,</strong></span> <span class='ocrx_word' id='word_1_883' title='bbox 2539 5549 2596 5598; x_wconf 90' lang='lat' dir='ltr'><strong>et</strong></span> <span class='ocrx_word' id='word_1_884' title='bbox 2622 5539 2922 5596; x_wconf 81' lang='lat' dir='ltr'><strong>universali</strong></span> <span class='ocrx_word' id='word_1_885' title='bbox 2958 5547 3158 5611; x_wconf 87' lang='lat' dir='ltr'><strong>quarto</strong></span> <span class='ocrx_word' id='word_1_886' title='bbox 3188 5539 3283 5592; x_wconf 91' lang='lat' dir='ltr'><strong>illo</strong></span> <span class='ocrx_word' id='word_1_887' title='bbox 3330 5537 3520 5592; x_wconf 82' lang='lat' dir='ltr'><strong>conci-</strong></span> 
     </span>
    </p>
   </div>
   <div class='ocr_carea' id='block_1_118' title="bbox 1949 5631 3520 5707">
    <p class='ocr_par' dir='ltr' id='par_1_118' title="bbox 1949 5631 3520 5707">
     <span class='ocr_line' id='line_1_118' title="bbox 1949 5631 3520 5707; baseline -0.004 -15"><span class='ocrx_word' id='word_1_888' title='bbox 1949 5637 2041 5703; x_wconf 86' lang='lat' dir='ltr'><strong>lio,</strong></span> <span class='ocrx_word' id='word_1_889' title='bbox 2093 5636 2238 5707; x_wconf 89' lang='lat' dir='ltr'><strong>quod</strong></span> <span class='ocrx_word' id='word_1_890' title='bbox 2285 5633 2634 5692; x_wconf 87' lang='lat' dir='ltr'><strong>Chalcedone</strong></span> <span class='ocrx_word' id='word_1_891' title='bbox 2681 5643 2933 5690; x_wconf 86' lang='lat' dir='ltr'><strong>coactum</strong></span> <span class='ocrx_word' id='word_1_892' title='bbox 2981 5639 3088 5699; x_wconf 86' lang='lat' dir='ltr'><strong>est,</strong></span> <span class='ocrx_word' id='word_1_893' title='bbox 3133 5631 3210 5688; x_wconf 90' lang='lat' dir='ltr'><strong>ita</strong></span> <span class='ocrx_word' id='word_1_894' title='bbox 3261 5639 3520 5687; x_wconf 74' lang='lat' dir='ltr'><strong>cantatus</strong></span> 
     </span>
    </p>
   </div>
  </div>
