4032 6210
491 318 626 381 1063

1704 309 2090 370 EUTHYMII
2129 309 2496 373 ZIGADENI

3588 316 3743 380 1064

479 458 548 513 Ει
567 450 861 511 cruciﬁxus
886 461 970 507 est
987 462 1174 513 carne,
1202 455 1257 503 et
1286 453 1536 501 mortuus
1572 452 1657 501 est
1686 459 1873 512 carne.
1900 442 2041 499 divi-

2150 425 2239 480 καὶ
2267 425 2590 498 ἐσταυρώθη
2637 428 2823 495 σαρκὶ,
2849 427 2947 481 καὶ
2973 428 3213 483 ἀπέθανε
3244 416 3431 500 σαρκὶ,
3479 432 3742 500 ἀπαθοῦς

479 551 652 604 nitate
682 544 852 615 ipsius
882 540 1171 610 impetibili
1207 545 1581 609 permanente.

962 632 1213 702 Ejusdem
1246 645 1311 684 ea:
1346 645 1463 700 cap.
1500 628 1589 684 75.

552 727 915 794 Quamobrem
945 725 1041 778 Dei
1078 722 1234 777 Verbi
1286 731 1534 777 naturam
1578 735 1799 777 carnem
1837 735 2049 776 assum-

480 818 969 895 psissetautcarni
1020 818 1366 887 conjunctam
1416 831 1537 871 esse
1585 816 1841 873 dicimus.
1875 816 2041 873 Verbi

481 925 662 969 autem
696 920 941 967 naturam
977 923 1142 963 carne
1182 923 1392 978 passam
1429 907 1671 962 nondum
1706 907 2043 962 audivimus.

481 1006 584 1061 Sed
652 1004 932 1061 Christum
978 1017 1140 1058 carne
1202 1016 1422 1070 passum
1476 1000 1791 1055 didicimus.
1860 1000 2048 1055 Restat

481 1098 665 1169 igitur,
698 1107 757 1151 ut
779 1097 1045 1156 dicamus.
1075 1108 1294 1148 carnem
1324 1092 1704 1160 assumpsisse,
1743 1091 1873 1147 nihil
1897 1092 2044 1148 aliud

480 1206 623 1255 esse,
651 1190 756 1243 nisi
799 1188 945 1242 carni
974 1203 1095 1240 esse
1139 1186 1515 1255 coniunctum.
1542 1182 1772 1237 Carnem
1804 1200 1937 1240 vero
1971 1186 2049 1240 fa-

481 1294 625 1337 ctum
692 1280 949 1345 Verbum,
982 1280 1151 1349 ipsam
1202 1276 1363 1331 Verbi
1398 1292 1681 1346 personam
1719 1278 1840 1332 sine
1874 1286 2048 1331 muta-

483 1378 629 1429 tione
668 1373 859 1426 factam
892 1386 1011 1425 esse
1037 1369 1217 1424 carnis
1252 1381 1559 1438 personam.
1600 1367 1663 1420 Et
1691 1367 1834 1421 Deus
1875 1366 2041 1421 homo

480 1467 678 1529 factus,
718 1474 775 1518 et
801 1465 965 1518 homo
1000 1463 1145 1516 Deus
1180 1460 1404 1515 dicitur.
1426 1459 1692 1513 Divinitas
1730 1473 1859 1513 vero
1884 1459 2048 1512 homo

480 1559 644 1619 facta.
673 1566 765 1611 aut
807 1555 1080 1609 hominem
1122 1553 1309 1607 induta
1341 1552 1489 1605 nullo
1529 1550 1690 1604 modo
1720 1550 1941 1606 dicitur.
1974 1554 2047 1604 At

480 1650 824 1703 divinitatem
881 1644 1199 1699 humanitati
1234 1643 1577 1711 conjunctam
1622 1641 1675 1694 in
1709 1656 1816 1695 una
1870 1642 2049 1711 ipsius

481 1756 835 1813 personarum
889 1736 1205 1794 didicimus.
1258 1734 1424 1787 Deum
1483 1734 1611 1787 item
1661 1733 1914 1797 formam,
1954 1745 2049 1785 aut

481 1834 774 1901 essentiam
822 1830 1066 1897 accipere
1104 1827 1365 1893 alienum,
1413 1836 1509 1881 aut
1554 1835 1799 1878 nostrum
1830 1833 1936 1878 est.
1972 1827 2049 1878 Ac

483 1927 712 1996 singulis
772 1923 992 1993 quidem
1052 1919 1300 1989 personis
1366 1917 1626 1971 convenit
1692 1930 1890 1968 nomen
1948 1915 2050 1970 hoc

485 2021 649 2072 Deus.
683 2016 1026 2069 Divinitatem
1061 2025 1193 2066 vero
1228 2023 1516 2078 personam
1545 2008 1730 2062 dicere
1774 2021 1881 2060 non
1924 2021 2051 2076 pos-

481 2126 691 2175 sumus.
730 2108 1071 2162 Divinitatem
1101 2103 1250 2159 enim
1279 2103 1492 2156 Patrem
1528 2101 1727 2161 solum,
1746 2107 1841 2153 aut
1866 2099 2044 2153 solum

482 2205 704 2266 Filium,
736 2211 830 2256 aut
860 2199 1120 2269 Spiritum
1154 2202 1403 2250 sanctum
1438 2193 1545 2246 dici
1580 2207 1684 2245 non
1712 2194 2044 2260 accepimus.

484 2293 793 2348 Divinitatis
842 2290 989 2344 enim
1042 2294 1296 2341 naturam
1356 2281 1666 2352 signiﬁcat.
1722 2281 1868 2335 Deus
1917 2294 2048 2334 vero

479 2388 645 2443 etiam
675 2374 1124 2439 communitatem
1170 2385 1378 2431 natura:
1407 2374 1669 2437 declarat,
1707 2382 1763 2427 et
1817 2371 2049 2441 singulis

480 2477 730 2548 personis
758 2472 1165 2529 denominative
1192 2468 1470 2531 tribuitur,
1498 2462 1959 2535 quemadmodum
1992 2472 2048 2516 et

483 2568 666 2620 homo.
704 2565 845 2619 Deus
883 2561 1028 2616 enim
1053 2567 1137 2614 est
1171 2557 1266 2627 qui
1303 2555 1539 2608 divinam
1575 2551 1740 2605 habet
1772 2558 2045 2609 naturam,

479 2668 536 2713 et
567 2658 748 2721 homo,
785 2655 877 2725 qui
911 2654 1223 2707 humanam.
1279 2646 1413 2702 Illud
1451 2654 1713 2715 praeterea
1763 2638 2047 2694 sciendum

478 2756 581 2812 est,
637 2748 851 2802 Patrem
900 2754 955 2799 et
1014 2740 1277 2811 Spiritum
1337 2742 1586 2791 sanctum
1632 2731 1778 2785 nulla
1837 2732 2048 2783 ratione

478 2842 661 2896 carnis
685 2847 976 2907 assumpta.
1013 2850 1043 2889 a
1074 2834 1255 2889 Verbo
1286 2831 1453 2886 fuisse
1481 2826 1799 2897 participes,
1831 2821 1937 2876 nisi
1966 2820 2049 2876 di-

479 2935 607 2988 vino
646 2931 926 2993 vaticinia,
959 2936 1016 2983 et
1047 2923 1474 2997 approbatione,
1507 2928 1565 2974 et
1602 2918 1903 2972 voluntate.

2150 517 2414 588 μεινάσης
2449 519 2617 574 αὑτοῦ
2648 521 2748 585 τῆς
2783 519 3059 592 θεότητος.

2434 611 2547 666 Τοῦ
2577 614 2765 669 αὐτοῦ
2811 614 2928 669 ἀπὸ
2960 617 3295 685 κεφαλαίου
3324 624 3416 673 os'.

2219 701 2342 755 Ὀτι
2378 703 2478 772 μὲν
2511 703 2603 758 οὖν
2649 706 2682 775 ἡ
2715 707 2878 774 φύσις
2929 707 3024 761 τοῦ
3061 709 3238 779 Λόγου
3281 712 3573 783 ὲσαρκῶθη
3604 714 3741 785 ἦτοι

2147 789 2331 861 ἡνώθη
2362 793 2548 863 σαρκὶ,
2578 795 2793 866 εἴρηται
2819 811 2834 826 ·
2869 796 3034 865 φύσιν
3063 798 3119 851 δὲ
3153 799 3245 853 τοῦ
3292 800 3471 868 Λόγου
3514 802 3741 856 παθοῦ-

2149 900 2249 937 σαν
2284 886 2446 955 σαρκὶ
2489 886 2699 940 οὐδέπω
2726 888 2821 941 καὶ
2873 888 2970 943 νῦν
3010 892 3328 963 ἀκηκόαμεν
3354 909 3370 924 ο
3402 894 3642 965 Χριστὸν
3673 896 3740 949 δὲ

2149 975 2389 1029 παθόντα
2432 979 2600 1049 σαρκὶ
2645 979 3031 1052 ἐδιδάχθημεν.
3088 986 3355 1039 Λείπεται
3405 988 3589 1041 τοίνυν
3651 992 3741 1043 el-

2148 1069 2290 1131 πεῖν,
2324 1070 2403 1121 δτι
2436 1071 2495 1124 τὸ
2521 1075 2906 1139 σεσαρκῶσθαι
2955 1077 3058 1147 μὲν
3102 1081 3347 1149 ἡνῶσθαι
3382 1085 3499 1136 ἐστι
3532 1087 3737 1154 σαρκὶ,

2148 1162 2209 1231 τὸ
2235 1161 2291 1215 δὲ
2323 1163 2501 1234 σάρκα
2533 1167 2787 1235 γενέσθαι
2822 1169 2915 1224 τδν
2942 1172 3114 1240 Λόγον
3143 1173 3315 1245 αὑτὴν
3341 1177 3442 1245 τὴν
3482 1175 3581 1232 τοῦ
3624 1179 3746 1234 Δό-

2150 1269 2247 1320 γου
2287 1254 2586 1311 ὑπόστασιν
2638 1260 2930 1329 ἀτρέπτως
2980 1265 3238 1333 γενέσθαι
3272 1270 3339 1338 τῇ
3378 1270 3539 1339 σαρκὶ
3590 1269 3738 1324 ὑπό.

2153 1364 2362 1402 στασιν.
2398 1350 2508 1403 Καὶ
2538 1351 2620 1405 ὅτι
2662 1358 2761 1423 μὲν
2787 1355 2816 1407 ό
2839 1355 2968 1419 Θεδς
3009 1358 3295 1429 ἄνθρωπος
3326 1362 3539 1431 γέγονε,
3572 1369 3675 1419 καὶ
3716 1369 3749 1421 6

2149 1439 2435 1511 ἄνθρωπος
2462 1442 2614 1511 Θεὸς,
2647 1447 2893 1517 εἴρηται·
2929 1449 3098 1504 δτι’δὲ
3138 1453 3168 1521 ἡ
3205 1451 3395 1523 θεότης
3439 1456 3745 1527 ἄνθρωπος

2150 1532 2413 1601 γέγονεν,
2464 1534 2497 1605 ἢ
2549 1535 2918 1610 ὲσαρκὼθη,ῆ
2973 1541 3418 1614 ἐνηνθρὼπησεν,
3469 1548 3742 1616 οὐδαμῶς

2150 1621 2489 1691 ἀκηκόαμεν.
2522 1622 2645 1679 Ὀτι
2672 1625 2729 1679 δὲ
2773 1628 2825 1698 η-
2853 1628 3057 1700 Θεότης
3103 1633 3283 1704 ἠνώθη
3332 1637 3395 1707 τῇ
3443 1638 3743 1706 ἀνθ’ρωπόο

2152 1730 2273 1783 τητι
2306 1716 2363 1766 ἐν
2392 1716 2490 1787 μιᾷ
2522 1717 2629 1771 τῶν
2656 1720 2858 1790 ὲιυτῆς
2886 1722 3262 1788 ὑποστάσεων,
3296 1729 3751 1805 μεμαθήκαμεν,

2156 1806 2247 1858 καὶ
2282 1808 2362 1859 ὅτι
2395 1809 2424 1860 ὁ
2468 1809 2600 1872 Θεὸς
2646 1814 2974 1884 μορφοῦται,
3009 1818 3127 1887 ἦτοι
3160 1819 3441 1876 οὑσιοῦται
3486 1824 3546 1876 τὸ
3571 1825 3742 1878 ἀλλά-

2151 1916 2324 1969 τριον,
2352 1901 2521 1971 ἤγουν
2568 1903 2629 1955 τὸ
2672 1904 2796 1957 καθ’
2847 1908 3013 1976 ἡμᾶς,
3046 1911 3286 1979 εἴρηται.
3332 1912 3449 1983 Ἐφ’
3484 1915 3744 1987 ἑκάστης

2155 1992 2256 2059 μὲν
2283 1992 2392 2062 γὰρ
2422 1992 2529 2046 τῶν
2558 1994 2910 2051 ὕποστάσεων
2956 2001 3015 2054 τὸ
3047 2001 3180 2065 Θεὸς
3222 2003 3393 2073 θνομα
3428 2007 3699 2062 τάττεται
3725 2027 3740 2041 ο

2152 2084 2394 2153 Θεότητα
2422 2084 2480 2137 δὲ
2506 2086 2606 2154 τὴν
2637 2089 2933 2147 ὑπόστασιν
2961 2096 3134 2148 εἰπεῖν
3166 2096 3227 2149 οὐ
3263 2097 3561 2168 δυνάμεθα.
3596 2101 3743 2157 Θεό-

2153 2192 2291 2271 τητα
2342 2178 2451 2271 γὰρ
2497 2180 2588 2271 τὸν
2624 2183 2843 2254 Πατέρα
2884 2185 3065 2255 μόνον,
3103 2190 3135 2260 ἢ
3187 2188 3275 2243 τὺν
3309 2191 3435 2245 Υιδν
3467 2195 3661 2263 μόνον,
3699 2198 3734 2271 ἦ

2159 2268 2318 2335 μόνον
2357 2270 2415 2322 τὸ
2443 2270 2665 2341 Πνεῦμα
2695 2276 2756 2327 τὸ
2802 2275 2957 2344 ἅγιον
3013 2279 3113 2333 οὑκ
3144 2282 3485 2355 ἀκηκόαμεν.
3520 2268 3741 2359 Θεότης

2159 2359 2258 2427 μὲν
2289 2361 2397 2432 γὰρ
2423 2362 2519 2433 τὴν
2547 2364 2710 2433 φύσιν
2740 2367 2908 2435 δηλοῖ,
2944 2369 3005 2422 τὸ
3030 2371 3085 2423 δὲ
3133 2374 3323 2445 Πατὴρ
3349 2379 3448 2445 τὴν
3480 2379 3738 2436 ὑπόστα-

2158 2468 2263 2518 σιν,
2296 2455 2484 2525 ὥσπερ
2513 2458 2607 2509 καὶ
2657 2458 3020 2531 ἀνθρωπότης
3066 2464 3167 2534 τὴν
3198 2466 3383 2536 φύσιν,
3423 2472 3639 2543 Πέτρος
3680 2477 3741 2530 δὲ

2154 2544 2253 2613 τὴν
2279 2546 2594 2603 ὑπόστασιν.
2632 2549 2762 2613 Θεὸς
2791 2552 2849 2606 δι
2902 2557 2998 2608 καὶ
3045 2557 3107 2609 τὸ
3150 2560 3327 2613 κοινὸν
3377 2562 3475 2630 τῆς
3506 2565 3742 2632 φύσεως

2158 2637 2435 2704 σημαίνει,
2469 2641 2564 2693 καὶ
2598 2643 2685 2711 ἐφ’
2716 2645 2959 2717 ἑκάστης
3006 2648 3115 2701 τῶν
3149 2651 3504 2708 ὑποστάσεων
3532 2658 3735 2711 τάττει

2153 2742 2245 2780 ται
2307 2732 2674 2802 παρωνύμως,
2717 2735 2909 2806 ὥσπερ
2966 2740 3060 2793 καὶ
3112 2742 3174 2795 τὸ
3224 2745 3529 2817 ἄνθρωπος.
3590 2749 3738 2814 Θεὸς

2154 2818 2262 2889 γάρ
2320 2821 2467 2873 ἐστιν
2519 2824 2548 2875 ὁ
2608 2823 2757 2880 θείαν
2806 2827 2944 2899 ἔχων
2999 2831 3182 2899 φύσιν,
3231 2836 3326 2888 καὶ
3377 2837 3735 2909 ἄνθρωποςό

2155 2912 2524 2984 ἀνθρωπίνην.
2567 2917 2691 2971 Ἐπὶ
2724 2922 2858 2975 πᾶσι
2886 2924 2943 2976 δὲ
2974 2928 3185 2991 τούτοις
3215 2930 3411 2994 ἰστέον,
3445 2932 3519 2995 ὡς
3552 2934 3581 2985 ὁ
3615 2936 3734 2987 Πα-

479 3030 620 3097 τὴρ,
673 3024 768 3076 καὶ
811 3024 870 3076 τὸ
932 3020 1155 3086 Πνεῦμα
1184 3018 1245 3071 τὸ
1292 3016 1448 3083 ἅγιον
1502 3010 1623 3066 κατ’
1677 3003 2115 3103 οὑδέναᾳτ-ρόπον
2160 3006 2228 3075 τῇ
2275 3006 2547 3077 σαρκώσει
2601 3013 2696 3067 τοῦ
2749 3013 2924 3083 Λόγου
2981 3022 3479 3091 κεκοινωνήκασιν,
3535 3028 3586 3080 εἰ
3656 3030 3736 3103 μὴ

484 3122 624 3175 κατὰ
668 3121 767 3181 τὰς
808 3112 1171 3183 θεοσημείας,
1228 3110 1323 3162 καὶ
1362 3105 1482 3159 κατ’
1530 3105 1779 3157 εὐδοκίαν
1808 3099 1902 3153 καὶ
1933 3097 2204 3169 βούλησιν.

958 3226 1231 3300 Ejusdem.
1281 3221 1415 3291 Cap.
1445 3220 1539 3277 90.

548 3344 729 3411 Ipsum
764 3338 856 3393 Dei
882 3337 1121 3393 Verbum
1147 3332 1329 3388 omnia
1363 3342 1527 3385 carne
1554 3324 1833 3385 sustinuit.
1863 3319 2047 3411 divina

479 3442 535 3488 et
569 3432 679 3487 sola
717 3430 887 3499 ipsius
917 3435 1108 3479 natura
1157 3421 1445 3491 impatibili
1498 3425 1871 3488 permanente.
1911 3410 2045 3465 Nam

481 3525 662 3578 anima
692 3522 934 3592 quidem,
978 3526 1177 3586 utpote'
1204 3514 1461 3584 patibilis,
1506 3526 1629 3564 cum
1670 3522 1868 3577 corpus
1905 3507 2049 3561 lace-

482 3624 717 3678 raretur,
751 3613 863 3681 ipsa
915 3623 1133 3679 quoque
1173 3605 1338 3660 simul
1376 3617 1497 3659 cum
1531 3603 1771 3655 lacerato
1815 3612 2048 3665 corpore

480 3704 781 3774 angebatur
811 3710 867 3754 et
916 3699 1243 3769 patiebatur.
1284 3695 1551 3750 Divinitas
1602 3700 1809 3750 autem.
1856 3696 2048 3757 utpote

481 3795 823 3865 impatibilis,
849 3809 953 3847 una
978 3809 1100 3847 cum
1137 3792 1227 3845 illo
1269 3805 1374 3844 non
1395 3787 1727 3859 patiebatur.
1745 3784 1878 3838 Illud
1914 3784 2043 3837 item

480 3888 762 3942 sciendum
795 3895 898 3951 est,
925 3900 1023 3939 nos
1056 3884 1241 3938 dicere
1293 3882 1460 3936 Deum
1486 3892 1651 3933 carne
1683 3889 1923 3946 passum,
1960 3873 2048 3927 di-

480 3981 760 4035 vinitatem
802 3994 931 4033 vero
959 3991 1122 4033 carne
1153 3989 1393 4046 passam,
1437 3983 1531 4028 aut
1590 3972 1757 4025 Deum
1802 3985 1901 4039 per
1932 3984 2049 4024 car-

478 4089 601 4129 nem
648 4088 866 4143 passum
903 4071 1054 4125 nullo
1106 4068 1287 4123 modo.
1328 4068 1461 4122 Nam
1516 4067 1583 4131 si,
1622 4078 1744 4119 cum
1793 4064 2042 4116 arborem

478 4169 686 4223 securis
720 4174 888 4230 secet,
922 4164 1050 4218 dum
1094 4162 1397 4216 illustratur
1437 4174 1467 4212 a
1499 4158 1644 4222 sole,
1685 4170 1795 4208 non
1825 4163 2045 4209 secatur

480 4262 593 4330 ipse
643 4262 744 4321 sul,
796 4272 973 4327 neque
1008 4257 1243 4326 patitur,
1266 4262 1471 4324 quanto
1510 4251 1681 4320 magis
1721 4247 2043 4318 impatibilis

482 4352 643 4406 Vt‘l'bi
667 4350 921 4404 divinitas
946 4363 1041 4418 per
1066 4362 1352 4417 personam
1383 4346 1533 4399 carni
1554 4343 2045 4413 conjuncta,carne

478 4447 740 4516 patiente,
792 4443 988 4495 mansit
1038 4439 1392 4509 impatibilis?
1438 4436 1555 4490 Non
1582 4446 1666 4491 est
1704 4446 1885 4489 autem
1944 4448 2043 4488 ne-

2512 3219 2619 3273 Τοῦ
2663 3222 2872 3280 αὑτοῦ.
2903 3227 3245 3297 Κεφάλαιον
3279 3240 3347 3302 [ι’.

2217 3330 2385 3425 Mite;
2414 3333 2559 3425 eme
2607 3334 2744 3388 Θεοῦ
2775 3338 2945 3404 Λόγος
2992 3344 3169 3395 πάντα
3217 3346 3480 3416 ὑπέμεινε
3533 3359 3728 3425 σαρκι,

2149 3417 2251 3516 τῆς
2280 3418 2430 3483 θείας
2620 3428 2790 3495 μόνης
2843 3429 3010 3483 αὑτοῦ
3066 3434 3282 3499 φύσεως
3325 3440 3571 3506 ἀπαθοῦς
3610 3417 3731 3516 ’μεέ

2151 3510 2244 3563 vati
2303 3528 2425 3579 ρης.
2483 3512 2544 3565 Ίν1
2593 3516 2693 3584 μὲν
2747 3518 2857 3588 γὰρ
2908 3521 3053 3591 ψυχὴ
3114 3525 3329 3599 παθητὴ
3381 3525 3551 3599 οὖσι,
3629 3510 3729 3591 τοῦ

2152 3599 2401 3700 σώματος
2446 3609 2803 3700 τεμνομένου.
2857 3613 2954 3665 καὶ
3001 3617 3136 3686 αὑτὴ
3184 3623 3503 3694 τεμνομένφ
3561 3633 3728 3700 συνή-

2149 3690 2314 3791 ξ.γει-,
2375 3697 2469 3791 κα]⁵
2524 3700 2826 3771 συνέπασχε
2884 3704 2962 3775 τῷ
3013 3708 3271 3775 σώματι·
3325 3714 3358 3783 ἡ
3403 3690 3483 3768 δὲ⁷
3515 3690 3725 3791 Θεότης

2149 3786 2363 3856 ἀπαθὴς
2403 3788 2538 3843 οὖσα
2580 3792 2641 3843 οὑ
2687 3795 3029 3868 συνέπασχεν
3062 3803 3234 3872 αὐτῷ.
3290 3807 3487 3861 Ἰστέον
3519 3811 3600 3876 δὲ,
3638 3786 3724 3868 ait

2147 3878 2281 3940 Θεὸς
2340 3883 2506 3949 σαρκὶ
2570 3884 2670 3953 μὲν
2731 3888 2975 3943 παθόντα
3056 3894 3279 3963 φαμὲν,
3352 3899 3595 3971 Θεότητα
3669 3910 3723 3963 δὲ

2150 3971 2314 4039 σαρκὶ
2361 3976 2662 4040 παθοῦσαν,
2710 3979 2743 4049 ἢ
2787 3980 2919 4034 Θεὸν
2954 3983 3042 4037 διὰ
3083 3987 3179 4056 τῆς
3227 3992 3433 4060 σαρκὸς
3473 3997 3721 4054 παθόντα

2146 4061 2416 4153 ούῗδαμῶς.
2471 4066 2532 4118 ΕΞ
2584 4067 2692 4135 γὰρ
2738 4070 2894 4136 ἡλίου
2944 4073 3148 4146 δένδρῳ
3180 4081 3625 4153 ἑπιλάμποντος,
3675 4095 3719 4144 εἶ

2146 4149 2303 4255 αξξ-ιη
2350 4154 2553 4255 τέμνωΔ
2587 4160 2650 4212 τδ
2695 4160 2911 4232 δένδρον
2938 4201 2957 4228 ,
3028 4166 3271 4236 ἄτμητος
3338 4176 3431 4227 καὶ
3500 4149 3722 4255 ἀπαθὴς

2146 4240 2462 4342 stateem}
2502 4249 2689 4319 ἥλιος,
2761 4256 2944 4325 πολλῴ
3002 4260 3206 4328 μᾶλλον
3257 4266 3289 4335 ἠ
3350 4268 3574 4342 ἀπαθὴς
3626 4240 3719 4329 ιτέὲ

2146 4334 2323 4438 Λόγου
2377 4339 2580 4438 Θεότης
2646 4346 2771 4418 καθ’
2823 4349 3125 4405 ὑπόστασιν
3200 4358 3452 4433 ἡνωμένη
3522 4334 3715 4438 σαρκὶ,

2145 4430 2245 4498 τῆς
2299 4431 2504 4500 σαρκὸς
2553 4439 2895 4511 πασχούσης,
2972 4444 3195 4517 ἀπαθὴς·
3245 4430 3539 4521 διέμεινεν.

476 4515 647 4594 cesse.
685 4543 743 4587 ut
777 4526 1021 4600 exempla
1052 4532 1131 4585 sic
1159 4529 1381 4583 omnino
1412 4528 1609 4582 similia
1642 4528 1769 4589 sint,
1808 4535 1867 4580 ut
1900 4526 2034 4580 nihil

2150 4521 2356 4592 ἀνάγκη
2411 4526 2466 4579 δὲ
2518 4531 2819 4597 παντελῶς,
2850 4537 2942 4587 καὶ
2990 4515 3297 4605 ἀνελλιπῶς
3332 4515 3593 4602 ⁷ἐοικέναι
3653 4554 3717 4607 τὰ

476 4628 635 4682 desit.
669 4625 774 4679 Sed
811 4624 864 4677 in
913 4621 1176 4690 exemplis
1203 4629 1257 4675 et
1288 4618 1591 4673 similitudo
1649 4627 1705 4673 et
1752 4620 2038 4674 diversitas

475 4719 873 4776 consideratur.
926 4714 1080 4781 Quod
1129 4715 1272 4767 enim
1310 4712 1366 4766 in
1419 4713 1678 4768 omnibus
1714 4713 1894 4767 simile
1932 4722 2035 4779 est,

474 4831 579 4868 non
605 4810 931 4880 exetnplum.
966 4808 1059 4864 sed
1103 4807 1245 4861 idem
1271 4813 1373 4860 est.

553 5016 680 5074 Item
711 5017 958 5069 adversus
977 5033 1085 5077 eos,
1114 5018 1202 5085 qui
1243 5034 1397 5071 unum
1456 5018 1508 5069 in
1540 5016 1744 5068 Christo
1795 5025 2037 5069 naturam

676 5097 940 5139 asserunt.
973 5085 1305 5140 Diversarum
1335 5088 1561 5140 aliorum
1596 5086 1835 5141 Patrum.

541 5201 597 5256 ln
623 5199 1010 5271 quaestionibus
1035 5200 1148 5254 suis
1187 5198 1608 5271 Eutychianista:
1657 5201 1931 5271 disputant
1968 5205 2034 5256 ad

475 5293 621 5347 hunc
655 5294 868 5348 modum
900 5309 914 5344 :
951 5288 1006 5345 Si
1037 5291 1153 5345 duae
1181 5301 1303 5344 sunt
1338 5292 1387 5344 in
1420 5292 1636 5347 Christo
1662 5302 1889 5359 naturae,
1920 5297 2036 5349 dum

474 5394 633 5437 erunt
656 5391 710 5438 et
742 5383 1078 5454 hypostases.
1116 5380 1301 5451 Neque
1333 5381 1479 5436 enim
1524 5395 1718 5441 natura
1771 5386 1875 5441 ulla
1918 5387 2034 5442 sine

475 5485 721 5537 persona.
752 5469 930 5540 Atque
956 5471 1027 5523 ita
1056 5468 1159 5523 duo
1180 5484 1405 5538 prorsus
1433 5482 1590 5524 erunt
1616 5470 1761 5527 Filii.
1794 5471 2033 5543 Respon-

475 5565 684 5631 demus,
747 5566 1078 5638 hypostasim
1119 5574 1214 5620 aut
1274 5580 1560 5636 personam
1629 5568 1711 5638 (ut
1764 5570 1816 5623 in
1847 5581 2031 5624 sancta

476 5650 762 5723 Trinitate,
795 5657 1073 5729 etangelis
1107 5668 1161 5713 et
1212 5658 1540 5730 hominibus)
1572 5661 1893 5732 signiﬁcare,
1946 5676 2037 5718 aut

473 5744 864 5819 exsistcntiam,
884 5751 1014 5807 utin
1038 5750 1217 5817 rebus,
1239 5767 1353 5823 quae
1378 5768 1594 5825 quoquo
1626 5757 1781 5811 modo
1801 5768 1946 5824 sunt,
1969 5759 2033 5813 ad

2142 4617 2583 4686 παραδείγματα,
2634 4622 2751 4676 ἀλλ’
2793 4628 2853 4679 ὲν
2898 4632 3011 4693 τοῖς
3063 4636 3480 4706 παραδείγμασι
3527 4643 3625 4695 καὶ
3660 4645 3717 4696 τὸ

2141 4705 2326 4807 δμοιον
2369 4708 2712 4783 θεωρεῖσθαι,
2738 4719 2831 4771 καὶ
2882 4721 2941 4772 τὸ
2991 4705 3469 4797 παρηλλαγμένον.
3502 4734 3579 4785 Τὸ
3610 4740 3714 4807 γὰρ

2140 4799 2199 4950 :v
2254 4800 2458 4857 ἅπασιν
2516 4808 2701 4876 ὅμοιον
2744 4815 2939 4868 ταυτὸν
3003 4818 3069 4870 ἂν
3122 4820 3235 4891 εἴη,
3267 4823 3362 4876 καὶ
3408 4829 3472 4879 οὐ
3537 4799 3714 4900 stade

2175 4918 2362 4950 thua.

2175 4918 2362 4971 ειγμα.

2147 5016 2273 5070 Ἔτι
2306 5025 2453 5074 κατὰ
2477 5024 2933 5093 Μονοφυσιτῶνο
2966 5032 3181 5101 ἑτέρων
3208 5030 3483 5107 Πατέρων
3504 5041 3710 5112 διαφό-

2862 5116 3006 5165 ρων.

2222 5205 2547 5278 ’Λπορουσιν
2567 5208 2983 5281 Εὑτυχιανισταὶ
3006 5217 3277 5286 λέγοντεςο
3319 5221 3383 5277 Ei
3403 5223 3496 5277 δύο
3521 5226 3707 5294 φύσεις

2142 5295 2198 5347 ὲν
2218 5296 2462 5367 Χριστῷ,
2491 5299 2585 5352 δύο
2618 5301 2710 5354 καὶ
2735 5304 3059 5370 ὑποστάσεις
3080 5308 3290 5365 ἔσονται
3313 5329 3328 5345 ο
3368 5314 3428 5366 οὑ
3458 5317 3569 5385 γάρ
3594 5320 3704 5369 ἔστι

2143 5388 2303 5456 φύσις
2325 5389 2694 5455 ἀνυπόστατος
2716 5407 2730 5422 ⁸
2761 5394 2853 5446 καὶ
2876 5394 3019 5450 οὕτω
3047 5397 3139 5451 δύο
3164 5405 3379 5467 πάντως
3406 5405 3547 5463 Υῐοί.
3568 5408 3703 5477 Πρὸς

2141 5481 2235 5546 οὓς
2265 5483 2637 5555 ἀντιλέγομεν,
2689 5487 2769 5540 ὅτι
2820 5486 2929 5542 τῶν
2976 5491 3326 5550 ὑποστάσεων
3352 5498 3407 5551 αἱ
3452 5499 3553 5569 μιν
3603 5504 3703 5556 εἰσὶ

2144 5576 2514 5642 προσωπικαὶ,
2568 5579 2813 5633 τουτέστι
2854 5584 3166 5651 προσώπων
3219 5596 3591 5659 σημαντικαὶ,
3631 5595 3700 5656 ὡς

2142 5665 2234 5718 ἐπὶ
2266 5665 2361 5732 τῆς
2403 5667 2560 5734 ἁγίας
2612 5670 2836 5739 Τριάδος
2867 5673 2963 5726 καὶ
3020 5677 3126 5729 τῶν
3164 5679 3435 5747 ἀγγέλων,
3468 5687 3563 5738 καὶ
3599 5687 3697 5738 τῶν

2141 5758 2465 5831 ἀνθρώπων*
2494 5763 2548 5814 αξ
2580 5760 2635 5815 δὲ
2665 5764 3020 5834 ὑπαρκτικαὶ,
3066 5771 3137 5835 ὡς
3179 5774 3273 5827 ἐπὶ
3300 5775 3405 5829 τῶν
3459 5778 3698 5845 ότεωσδήο
