4032 6210
306 258 448 322 Ῑϐὒδ

1233 256 1616 317 PANOPLM
1657 254 2121 317 DOGMATICA.
2160 280 2223 289 -·
2266 255 2414 313 ΤῘΤ.
2465 252 2621 311 ΧΠ.

3418 251 3549 313 1065

294 394 424 429 ποτε
478 376 647 427 ὄντων
684 370 1021 441 πραγμάτων
1047 372 1177 442 πρὸς
1223 371 1628 441 ἀντιδιαστολὴν
1660 370 1766 422 τῶν
1788 369 1867 420 ἁν-

1980 383 2166 421 rarnm
2218 383 2335 435 quae
2388 382 2493 421 non
2549 375 2698 427 sunt,
2746 364 3124 419 differentiam.
3189 364 3549 429 Quamobrem

288 471 612 538 υπάρκτων.
643 467 807 519 Ὅθεν
839 466 932 517 ἐπὶ
961 465 1054 519 τοῦ
1100 467 1337 534 Χριστοῦ
1383 462 1738 531 προσωπικὴν
1769 462 1866 528 μὲν

293 563 427 633 μίαν
454 559 755 613 ὑπόστασίν
795 574 997 628 φαμεν,
1062 555 1407 627 ὑπαρκτικὰς
1434 555 1490 607 δὲ
1521 556 1613 608 καὶ
1642 554 1736 606 δύο
1777 552 1867 605 λέ·

289 671 409 720 γειν
441 653 544 705 οὐκ
575 651 876 713 ἀκίνδυνον,
932 649 1017 701 ἵνα
1073 649 1147 720 μὴ
1209 648 1445 716 θατέραν
1492 646 1602 699 τῶν
1629 648 1684 699 ὲν
1718 642 1865 713 αὐτῷ

289 747 507 817 φύσεων
532 746 881 815 ἀνύπαρκτον
907 745 1173 814 εἴπωμεν.
1221 744 1599 815 Ὑπαρκτικῆν
1628 743 1727 814 μὲν
1758 742 1866 817 γὰρ

288 843 587 895 ῦπιῦστασιν
634 839 723 891 ἐπὶ
751 840 931 906 πάσης
963 838 1177 907 φύσεως
1212 838 1344 908 εύρή
1359 854 1538 904 σομεν,
1582 854 1866 906 προσωπι-

289 939 395 1007 ’τὴν
447 937 501 987 δὲ
534 937 633 988 οὐκ
688 937 776 987 ἐπὶ
813 938 1011 1003 πάσης.
1066 932 1275 994 ’Ἄλλως
1328 950 1387 983 τε
1427 936 1459 1002 ἠ
1499 932 1591 984 τοῦ
1629 930 1865 1001 Χριστοῦ

288 1028 615 1097 προσωπικὴ
652 1028 947 1087 ὑπόστασις
980 1024 1302 1093 ἀμφοτέρων
1333 1023 1495 1076 αὐτοῦ
1517 1024 1626 1075 τῶν
1653 1022 1866 1089 φύσεων

287 1122 438 1173 ἐστιν
475 1120 797 1177 ὑπόστασις.
837 1117 1010 1184 ’Λπλῆ
1046 1114 1153 1181 γὰρ
1183 1114 1316 1166 οὖσα
1353 1115 1543 1181 γέγονε
1592 1113 1862 1167 σύνθετος.

288 1213 397 1263 Καὶ
430 1213 461 1280 ἡ
496 1210 594 1278 μὲν
624 1210 745 1261 Θεά
768 1207 933 1260 αὐτοῦ
962 1207 1122 1276 φύσις
1156 1204 1578 1267 ἰδιοῦπόστατος,
1607 1205 1639 1274 ἡ
1679 1203 1734 1254 δὲ
1776 1204 1867 1255 ἁν-

288 1304 535 1373 ορωπίνη
570 1301 694 1354 οῦτε
726 1300 1116 1363 ἀνυπόστατος,
1148 1303 1270 1352 οὔτε
1303 1297 1722 1359 ίδιοῦπὸστατος,
1749 1293 1865 1348 ἀλλ’

288 1395 669 1459 ἑνυπόστατος,
698 1393 770 1453 ὡς
803 1395 861 1445 ὲν
896 1395 961 1463 τῇ
989 1391 1109 1462 Θεία
1143 1388 1460 1443 ὑποστάσει.

360 1657 720 1712 Διαὸἀλλουσι
749 1655 846 1726 τὴν
882 1652 1062 1717 δυάδα,
1117 1654 1191 1717 ὡς
1218 1654 1441 1724 πρώτην
1469 1649 1634 1707 οὖσαν
1664 1654 1867 1724 διαίρε-

287 1770 395 1819 σιν,
424 1751 583 1812 εὐθὺς
617 1749 756 1817 μετὰ
794 1747 891 1818 τὴν
923 1746 1123 1816 μονάδα
1156 1746 1649 1815 προσαπαντῶσαν,
1688 1746 1866 1797 καίτοι

287 1845 586 1913 συνάφειαι)
610 1839 778 1894 οὖσαν
813 1838 1013 1908 μᾶλλον
1056 1837 1148 1891 δύο
1182 1836 1446 1906 μονάδων,
1480 1839 1573 1890 καὶ
1610 1836 1708 1907 τὴν
1740 1835 1868 1888 συλ-

284 1939 560 2008 ληπτιιιὴν
593 1934 793 2003 ἑαυτῆς
811 1931 1039 2000 δύναμιν
1064 1931 1228 1994 εὐθὺς
1256 1932 1632 2000 παριστῶοαν.
1661 1931 1733 1984 Οὐ
1759 1930 1867 1998 γὰρ

283 2029 550 2100 διαίρεσιν
578 2026 822 2096 μονάδων
854 2026 945 2077 τὸν
965 2023 1220 2094 ἀριθμὸν,
1251 2024 1386 2077 ἀλλὰ
1418 2023 1728 2076 τούναντίον
1764 2041 1868 2076 σω-

288 2124 443 2192 ρείαν
489 2120 731 2189 μονάδων
775 2119 823 2171 οἱ
854 2120 983 2187 περὶ
1012 2118 1081 2170 τὰ
1113 2115 1341 2169 τοιαῦτα
1369 2118 1534 2169 δεινοὶ
1569 2116 1863 2185 ὡρίσαντο.

285 2216 350 2267 Εἰ
378 2214 475 2284 μὲν
498 2214 604 2282 γᾶρ
634 2213 880 2275 εῖπιιισιν,
910 2210 991 2262 ὅτι
1022 2210 1053 2279 ἡ
1081 2209 1188 2260 τῶν
1215 2208 1309 2261 δύο
1339 2208 1414 2270 ei;
1435 2208 1504 2260 τὰ
1526 2209 1581 2274 ἐξ
1614 2202 1687 2262 ὧν
1712 2224 1867 2262 συνι-

283 2305 417 2373 τέθη
443 2303 699 2363 ἀνάλυσις
726 2301 927 2373 διαιρεῖ
952 2302 1049 2368 τὴν
1079 2300 1293 2363 ἕνωσιν,
1342 2298 1451 2351 εἴτε
1480 2300 1601 2351 κατ’
1623 2299 1866 2352 ἐπίνοιαν

284 2401 396 2451 εἴτε
431 2395 553 2449 κατ’
590 2396 871 2464 ἐνέργειαν
914 2395 1162 2462 γένηται,
1225 2391 1413 2446 εἰκότα
1466 2392 1596 2455 toto;
1648 2392 1862 2462 ἐροῦσι·

284 2490 527 2558 μένουσα
554 2487 610 2540 δὲ
644 2486 731 2556 ἐφ’
761 2487 965 2550 ἑαυτῆς
998 2486 1029 2555 ἠ
1082 2470 1214 2547 δυὰς
1244 2486 1344 2537 οὐκ
1378 2487 1491 2539 ἐστι
1539 2487 1702 2556 τομὴ,
1744 2487 1865 2540 οῦδὶ

288 2580 536 2649 μονάδων
559 2580 846 2649 διαίρεσις,
882 2580 930 2629 εί
960 2578 1035 2647 μὴ
1086 2577 1179 2629 καὶ
1212 2578 1413 2646 μᾶλλον
1462 2577 1654 2640 ἓνωσις
1686 2578 1865 2630 αὐτῶν

285 2676 381 2729 καὶ
413 2674 696 2741 συνάφεια.
746 2672 811 2724 Ἠ
850 2675 960 2741 γάρ
992 2687 1068 2722 τοι
1126 2670 1288 2739 φύσις
1332 2669 1426 2722 τοῦ
1457 2670 1690 2741 ἀριθμοῦ
1741 2670 1865 2724 καθ’

284 2767 485 2836 ἑαυτὴν
503 2765 627 2818 οὔτε
656 2765 884 2831 διαιρεῖν
918 2764 1181 2830 πέφυκεν,
1228 2761 1351 2814 οὔτε
1405 2764 1715 2823 συνάπτειν.
1747 2763 1862 2816 ἀλλ’

281 2859 609 2929 ἀμφοτέρων
646 2858 763 2911 ἐστὶ
791 2855 1010 2923 δεκτικὴ
1046 2856 1185 2906 κιτὰ
1225 2855 1313 2906 τὸν
1364 2854 1523 2922 λόγον
1580 2853 1674 2906 τοῦ
1717 2873 1862 2925 χρω-

285 2954 472 3022 μένου.
508 2948 646 3004 Οὔτε
682 2951 790 3019 γὰρ
827 2949 888 2999 τὸ
919 2948 1119 3016 δίπηχυ
1162 2947 1317 3013 ξύλον
1357 2947 1550 3000 διεῖλεν
1576 2951 1603 3001 ὁ
1630 2949 1862 3018 ἀριθμὸς

280 3047 392 3100 τῶν
422 3045 514 3098 δύο
543 3045 785 3116 πήχεων,
824 3041 941 3095 ἀλλ’
969 3043 1118 3096 οὐδὲν
1142 3036 1303 3113 ἧττον
1331 3042 1422 3095 καὶ
1456 3041 1725 3112 μετρηοὲν
1749 3041 1861 3112 ἔχει
1889 3056 1933 3113 c

281 3141 346 3192 τὸ
386 3138 641 3207 συνεχές’
678 3136 802 3187 οὔτε
843 3136 890 3187 oi
918 3136 1049 3187 δέκα
1083 3134 1255 3202 μόδιοι
1288 3133 1380 3186 τοῦ
1428 3135 1574 3186 σίτου
1604 3133 1861 3204 διῃρέθη·

286 3249 414 3295 σαν,
444 3233 529 3285 ὅτι
577 3228 989 3299 ἐμετρήοησιν.
1035 3227 1195 3280 Ἀλλὰ
1231 3229 1324 3281 καὶ
1350 3229 1378 3280 ὀ
1410 3228 1613 3299 Κύριος
1653 3229 1861 3283 δώδεκα

285 3325 439 3394 ὧρας
482 3322 579 3391 τῆς
625 3321 841 3391 ἡμέρας
891 3311 1062 3373 εἰπὼν
1111 3321 1170 3372 οὐ
1205 3320 1479 3389 διεμέρισε
1512 3321 1611 3392 τὴν
1657 3320 1860 3393 ταύτης

289 3418 595 3487 συνέχειαν.
649 3416 759 3467 Καὶ
802 3416 830 3467 δ
870 3412 1190 3474 ’Λπόστολος
1241 3413 1297 3465 δὲ
1358 3413 1620 3485 εἰρηκὼς,
1653 3415 1862 3468 Πολλὰ

280 3509 461 3579 μέλη,
485 3508 557 3561 ἐν
580 3506 648 3559 δὲ
684 3506 878 3575 σῶμα,
916 3507 976 3557 ού
1012 3506 1222 3572 διέτεμε
1261 3506 1331 3559 τὰ
1354 3508 1512 3577 μέλη.
1550 3508 1657 3561 Καὶ
1696 3509 1725 3561 ὁ
1755 3510 1862 3577 φή-

285 3620 409 3671 σας,
440 3601 642 3656 Πάντα
660 3599 730 3653 τὰ
762 3599 915 3655 ὀστᾶ
933 3616 1054 3667 μου
1083 3598 1311 3666 ἐροῦσι.
1338 3600 1533 3669 Κύριε,
1564 3602 1760 3669 Κύριε,
1777 3604 1866 3670 τίς

286 3694 492 3763 ὅμοιός
545 3709 645 3746 σοι
666 3710 686 3758 ;
711 3692 770 3745 οὐ
803 3691 964 3744 διεῖλε
998 3690 1065 3743 τὰ
1105 3691 1239 3743 ὀστᾶ
1267 3691 1452 3745 αὐτοῦ.
1494 3692 1557 3745 Et
1585 3691 1640 3746 δὲ
1669 3693 1726 3746 τὸ
1759 3694 1864 3747 δώ-

284 3789 442 3850 δεκα,
475 3785 645 3839 καὶτὸ
677 3784 869 3847 πολλὰ,
903 3784 999 3837 καὶ
1036 3782 1098 3835 τὸ
1128 3783 1320 3848 πάντα,
1357 3784 1444 3836 ἴνα
1468 3783 1635 3838 τᾶλλα
1677 3785 1865 3855 παρῶ-

287 3895 413 3947 μεν,
455 3876 694 3946 ἀριθμοῦ
739 3875 1018 3945 προδήλως
1049 3874 1179 3927 ὄντα
1231 3876 1561 3944 σημαντικὰ,
1607 3876 1862 3947 οὐδεμίαν

285 3970 618 4037 πεποίηνται
648 3969 951 4034 διαίρεσιν,
991 3968 1074 4029 τίς
1104 3968 1137 4036 ἡ
1163 3966 1545 4036 ἀποκλήρωσις
1577 3968 1671 4020 τοῦ
1704 3970 1864 4037 μόνον

286 4063 381 4115 τὸν
399 4062 492 4115 δύο
518 4062 746 4131 ἀριθμὸν
783 4061 858 4123 ὡς
900 4061 1230 4130 διαιρετικὸν
1271 4059 1674 4123 διαόἀλλεσθαι,
1709 4062 1865 4132 ἡμῶν

290 4156 529 4225 μάλιστα
571 4155 642 4216 tit,-
685 4153 785 4206 οὐκ
834 4156 925 4205 ἐπὶ
969 4153 1232 4222 διαιρέσει
1271 4152 1380 4205 τῶν
1422 4155 1480 4206 έν
1509 4153 1729 4223 Χριστῷ
1762 4152 1863 4221 φύ-

291 4264 433 4299 σεων
479 4244 668 4298 τοῦτον
699 4244 1105 4313 λαμϐανόντων,
1148 4243 1283 4295 ἀλλὰ
1318 4246 1455 4313 πρὸς
1484 4245 1652 4315 μόνην
1692 4248 1865 4314 δήλω-

292 4356 378 4391 σιν
398 4338 496 4408 τῆς
528 4340 732 4390 τούτων
758 4338 1038 4405 διαφορᾶς,
1075 4337 1170 4389 καὶ
1204 4337 1425 4401 ἔνδειξιν
1470 4342 1616 4409 σαφῆ
1643 4339 1737 4391 τοῦ
1774 4340 1865 4409 μέ-
1898 4372 1938 4427 D
1969 4368 2034 4422 cl.

289 4448 408 4485 νειν
460 4432 630 4495 αὐτὰς
682 4433 989 4499 ἀτρέπτους
1035 4432 1129 4484 καὶ
1188 4430 1529 4500 ἀσυγχύτους
1582 4431 1721 4500 μετά
1765 4432 1865 4502 τὴν

289 4525 573 4596 ἀκραιφνῆ
628 4526 721 4578 καὶ
763 4525 1067 4596 ἀδιαίρετον
1121 4526 1355 4590 ἓνωσινς
1400 4526 1533 4578 ὅπου
1564 4542 1625 4594 γε
1658 4529 1750 4579 καὶ
1774 4526 1867 4579 ἐπὶ

288 4619 388 4673 τοῦ
426 4618 680 4686 σώματος
722 4619 873 4688 τρεῖς
920 4617 1167 4684 λέγοντες
1194 4617 1505 4682 διαστάσεις
1537 4619 1597 4671 οὐ
1628 4619 1868 4672 διασπῶ-

293 4727 396 4780 μεν
424 4710 484 4762 τὸ
512 4710 671 4779 σῶμα
703 4710 784 4771 είς
817 4709 941 4778 τρία
980 4711 1263 4779 τμήματα.
1294 4711 1505 4781 Ὥσπερ
1526 4708 1620 4765 οῦν
1648 4713 1743 4766 ἐπὶ
1768 4715 1865 4784 τῆς

295 4803 430 4871 μιᾶς
453 4803 717 4871 Θεότητος
752 4802 785 4871 ἡ
823 4801 982 4871 τριὰς
1008 4801 1117 4853 τῶν
1145 4801 1498 4855 ὑποστάσεων
1523 4803 1583 4855 οὐ
1600 4804 1869 4873 διαίρεσιν

289 4893 686 4962 ἁλλοτριοῦσαν
731 4894 827 4945 ἀπ’
871 4893 1119 4961 ἀλλήλων
1178 4894 1444 4963 εἰσήγαγε
1472 4912 1483 4925 ⁸
1533 4896 1869 4964 διαιροῦνται

296 4990 395 5057 μὲν
443 4989 576 5058 γὰρ,
619 4987 735 5041 ἀλλ’
791 4981 1151 5050 ἅδιαστάτως,
1186 4988 1281 5041 καὶ
1313 4990 1548 5057 ἦνωνται
1599 4991 1721 5059 μὲν,
1752 4991 1868 5043 ἀλλ’

291 5077 615 5146 ἅσυγχύτως
638 5092 653 5109 ο
687 5078 744 5129 ιν
770 5075 1029 5145 ἀλλήλαις
1064 5077 1172 5145 γὰρ
1194 5078 1447 5144 ἀφύρτως
1472 5078 1865 5148 περιχωροῦσι,

293 5170 619 5239 σωζομένων
649 5169 757 5221 τῶν
789 5169 1063 5237 ιδιοτήτων
1092 5168 1329 5237 ἑκάστης
1356 5184 1369 5197 ·
1409 5167 1582 5229 οὕτως
1630 5168 1739 5238 ἄρα
1774 5171 1867 5223 καὶ

291 5264 386 5315 ἐπὶ
410 5262 503 5316 τοῦ
529 5262 641 5325 ἑνὸς
674 5261 911 5331 Χριστοῦ
936 5262 967 5331 ἡ
990 5261 1118 5324 δυὰς
1134 5261 1243 5312 τῶν
1266 5261 1479 5328 φύσεων
1505 5263 1567 5315 οὐ
1585 5263 1867 5316 διάστασιν

295 5354 476 5407 αὐτῶν
504 5357 610 5407 ἀπε
622 5356 852 5409 τέλεσεν.

366 5448 432 5498 Δί
461 5447 555 5499 δύο
585 5448 775 5516 φύσεις
805 5442 884 5510 εἷς
909 5449 1014 5501 είσι
1046 5448 1300 5516 Χριστὸς,
1332 5448 1426 5499 καὶ
1466 5451 1493 5502 ὀ
1528 5446 1606 5511 εἷς
1637 5450 1867 5519 Χριστὸς

369 5662 384 5690 ⁸
417 5658 572 5714 Joan.
607 5672 684 5721 st,
711 5657 762 5710 9.
842 5658 861 5687 '
901 5657 1073 5712 lCor.
1105 5671 1204 5721 xu,
1231 5658 1319 5711 20.
1398 5660 1418 5691 ³
1452 5659 1584 5715 Psal.
1610 5676 1792 5725 xxxiv,
1821 5663 1904 5719 10.

535 5752 807 5813 ΡΑτιιοι..
853 5754 967 5815 Gtt.
1007 5753 1247 5814 CXXX.

1973 461 2306 529 bypostasim
2368 475 2487 528 quze
2538 472 2825 527 personam
2881 457 3172 522 signiticet,
3226 473 3384 511 unam
3428 474 3552 513 esse

1967 550 2385 603 dirimuszduas
2412 564 2560 612 vero,
2618 563 2737 616 quae
2779 547 3088 614 signiﬁcent
3147 547 3548 609 exsistentians,

1967 638 2127 689 etiam
2160 640 2477 699 concedere,
2511 653 2616 691 non
2678 651 2864 691 carere
2905 636 3144 703 periculo
3200 636 3551 709 aﬂirmatnns,

1964 744 2072 795 quo
2108 738 2350 782 neutram
2385 730 2437 782 in
2468 731 2583 797 ipso
2612 739 2859 784 naturam
2918 742 3038 781 esse
3084 730 3203 781 sine
3232 730 3550 783 exsistetttia

1968 822 2423 876 demonstremus.
2460 821 2803 875 Exsistentirc
2828 821 2970 873 enim
2996 822 3351 890 hypostasim,
3378 828 3551 875 omni.

1970 912 2068 965 lms
2094 912 2142 963 in
2182 912 2341 965 rebus
2375 913 2732 980 reperiemus,
2805 926 3049 979 personae
3093 926 3221 966 vero
3292 914 3550 982 ltyposta-

1968 1001 2065 1053 sim
2110 1002 2286 1056 nonin
2318 1003 2591 1055 omnibus.
2616 1002 2980 1066 Quamobrem
3009 1002 3315 1069 hypostasis
3343 1003 3549 1056 Christi

1968 1108 2251 1159 personam
2280 1094 2615 1162 signiﬁcans,
2646 1095 2930 1162 utriusque
2967 1104 3182 1146 naturae
3251 1096 3420 1163 ipsius
3459 1106 3551 1147 est

1969 1184 2271 1253 bypostasis
2303 1200 2316 1247 ;
2354 1199 2474 1236 nam
2515 1199 2636 1237 cum
2676 1182 2902 1251 simplex
2935 1196 3099 1248 esset,
3125 1196 3207 1239 est
3240 1186 3378 1239 facta
3404 1202 3552 1241 coui-

1968 1278 2163 1344 posita.
2197 1275 2274 1330 Ac
2302 1276 2482 1330 divitia
2510 1278 2727 1343 quidem
2757 1277 2875 1344 ejus
2909 1288 3099 1331 natura
3153 1282 3426 1348 propriam
3450 1280 3548 1331 ha-

1969 1369 2057 1422 bet
2085 1368 2435 1438 hypostasim,
2459 1370 2690 1422 humana
2725 1386 2854 1423 vero
2890 1386 3059 1439 neque
3092 1372 3209 1425 sine
3271 1373 3550 1441 byposlasi

1968 1470 2069 1525 est,
2097 1475 2268 1529 neque
2294 1462 2563 1528 propriam
2601 1460 3134 1531 babetbypostasim,
3199 1466 3288 1516 sed
3335 1463 3387 1516 in
3455 1465 3553 1532 hy-

1968 1554 2173 1620 postasi
2208 1552 2391 1607 divina
2428 1554 2684 1607 nitnirum
2718 1554 2983 1608 subsistit.

2038 1643 2194 1698 Falso
2216 1645 2525 1698 dualitatem
2552 1653 2831 1708 accusant,
2863 1648 3115 1713 tanq‘uam
3145 1648 3317 1714 prima
3358 1646 3550 1700 divisi-i

1971 1737 2061 1794 sit,
2098 1752 2217 1804 qua:
2248 1737 2428 1790 statim
2455 1748 2576 1806 post
2607 1738 2867 1790 unitatem
2909 1748 3181 1802 occurrat,
3213 1753 3333 1792 cum
3373 1739 3573 1807 potius'

1972 1827 2196 1881 duarum
2224 1828 2295 1881 sit
2328 1829 2591 1881 unitatnm
2629 1828 2960 1897 conjunctio,
2988 1838 3041 1881 et
3085 1844 3239 1882 suam
3300 1843 3549 1897 compre-

1972 1918 2241 1971 bendendi
2275 1919 2380 1971 vim
2411 1920 2593 1973 statim
2622 1920 2941 1976 constituat.
2973 1918 3243 1973 Numerus
3272 1920 3415 1973 enim
3443 1934 3547 1974 non

1970 2019 2051 2060 est
2079 2007 2342 2061 unitatem
2378 2007 2596 2073 divisio,
2633 2010 2725 2062 sed
2764 2010 2941 2078 potius
2982 2010 3249 2069 cumulus.
3284 2021 3339 2065 ut
3369 2011 3456 2078 qui
3498 2013 3545 2062 in

1969 2112 2030 2149 ea
2064 2096 2317 2151 facultate
2347 2108 2627 2166 prmslaut,
2665 2100 3046 2156 deﬂuiverttut.
3076 2100 3229 2165 Quod
3275 2102 3318 2154 si
3374 2103 3549 2153 duali-

1969 2189 2095 2242 ta'is
2123 2190 2174 2246 in
2207 2206 2288 2253 ea,
2320 2206 2385 2244 ex
2411 2192 2604 2260 quibus
2626 2202 2859 2253 constat,
2894 2194 3276 2247 resolutionem
3310 2188 3549 2246 dividere

1967 2282 2401 2349 co~junctiouem
2429 2283 2689 2346 dixerint,
2722 2285 2836 2337 sive
2866 2284 3214 2351 cogitatione,
3234 2285 3345 2337 sive
3370 2286 3544 2353 Γιιίρδὲί

1970 2371 2018 2424 id
2057 2372 2169 2435 ﬂat,
2204 2386 2328 2425 vere
2358 2370 2587 2427 fortasse
2614 2373 2920 2441 loquentur.
2958 2372 3356 2427 Dualitassvcro
3390 2375 3440 2425 in
3487 2392 3547 2427 se

1970 2463 2080 2532 ipsa
2117 2478 2338 2517 mancus
2367 2478 2477 2517 non
2513 2468 2595 2517 est
2622 2463 2809 2522 sectio.
2836 2478 3011 2533 neque
3036 2464 3299 2517 unitaunn
3328 2462 3547 2528 divisio,

1967 2554 2059 2606 sed
2090 2553 2267 2620 potius
2297 2551 2539 2620 ipsarqu
2570 2552 2883 2620 conjunctio
2905 2562 2960 2606 et
3022 2552 3312 2620 copulatio.
3367 2555 3550 2617 Quan-

1967 2660 2129 2712 quam
2160 2653 2352 2697 natura
2380 2643 2586 2696 muneri
2626 2660 2719 2711 per
2751 2658 2808 2697 se
2877 2658 3051 2713 neque
3113 2645 3321 2707 dividit,
3371 2661 3547 2709 neque

1965 2734 2261 2803 coniungit,
2293 2735 2383 2788 scil
2413 2743 2699 2802 utrumque
2731 2749 2839 2786 snsi
2860 2733 2957 2801 ipit
2982 2748 3081 2802 pro
3113 2736 3325 2788 ratione
3381 2734 3544 2798 illus,

1966 2827 2136 2894 quieo
2171 2828 2357 2878 utitur.
2386 2823 2568 2894 Neque
2598 2826 2741 2879 enim
2781 2825 3068 2880 hicnhitale
3126 2826 3327 2895 lignum
3398 2836 3549 2880 secat

1967 2928 2227 2967 nolueras
2258 2915 2483 2967 duorum
2528 2914 2852 2977 cubitorum,
2904 2915 2999 2970 sed
3045 2916 3291 2984 quamvis
3341 2916 3549 2969 dimen-

1968 3017 2086 3055 sum
2113 3002 2206 3065 sit,
2231 3002 2542 3056 cominnam
2579 3011 2756 3057 tamen
2802 3018 2956 3059 suam
3021 3004 3220 3058 retinet
3272 3011 3443 3075 quant
3468 3013 3551 3055 ta-

1969 3102 2097 3149 tetn.
2126 3091 2235 3146 Nec
2262 3092 2446 3146 decem
2482 3093 2643 3147 modii
2675 3094 2839 3147 tritici
2871 3094 3027 3149 divisi
3067 3106 3211 3157 sunt.
3265 3106 3547 3165 protitcrea

1966 3186 2109 3252 quod
2142 3184 2368 3239 dimensi
2396 3185 2521 3239 sint.
2555 3182 2659 3239 Sed
2686 3195 2737 3239 et
2770 3186 3028 3240 Dominus
3084 3201 3205 3241 cum
3260 3187 3545 3241 duodecim

1966 3291 2089 3330 esse
2122 3278 2326 3331 diceret
2357 3278 2519 3331 horas
2547 3278 2651 3330 diei
2687 3280 2702 3308 ι
2733 3319 2748 3341 ,
2795 3294 2902 3331 non
2954 3278 3074 3347 ejus
3142 3279 3322 3333 divisit
3375 3283 3548 3333 conti-

1968 3384 2131 3423 nuam
2156 3369 2538 3437 quantitatem.
2571 3368 2638 3423 Et
2663 3387 2781 3424 cum
2814 3374 3100 3441 Apostolus
3139 3372 3364 3437 diceret,
3417 3373 3548 3426 Mui-

1967 3470 2020 3514 ta
2048 3461 2279 3513 membra
2302 3501 2317 3527 ,
2349 3477 2511 3513 unum
2544 3471 2717 3515 autent
2741 3480 2928 3530 corpus
2950 3465 2992 3528 ',
3024 3464 3263 3516 membra
3301 3480 3403 3516 non
3437 3465 3547 3516 (iis-

1968 3551 2159 3602 secuit.
2224 3548 2330 3601 Nec
2381 3549 2470 3615 qui
2523 3549 2659 3602 dixit
2703 3549 2946 3603 :Omnia
2995 3568 3118 3621 ossa
3164 3568 3276 3604 mea
3340 3555 3546 3618 dicem,

1970 3638 2213 3700 Domine,
2254 3636 2496 3703 Domine,
2540 3640 2656 3706 quis
2681 3640 2874 3693 similis
2906 3641 2999 3693 tibi
3027 3642 3046 3672 ⁸
3079 3642 3101 3693 Ἰ
3152 3643 3337 3698 divisit
3376 3659 3547 3698 tlteltl-

1972 3732 2065 3784 bra
2099 3744 2217 3783 sua.
2261 3729 2415 3795 Quod
2464 3734 2507 3784 si
2562 3730 2708 3794 illud,
2749 3733 3047 3793 duodecim.
3104 3742 3159 3786 et
3196 3734 3366 3797 ‘illznl,
3412 3736 3550 3787 mul-

1973 3827 2048 3881 ta,
2093 3830 2148 3874 et
2180 3820 2330 3882 illud,
2386 3821 2585 3883 omnia,
2620 3832 2678 3873 ut
2717 3822 2918 3890 reliqua
2970 3834 3372 3891 praetereamus,
3422 3840 3545 3879 cum

1969 3911 2272 3981 significent
2348 3927 2655 3977 munerum,
2720 3914 2918 3967 lttllialtt
2980 3926 3158 3968 tamen
3227 3916 3545 3971 divisionem

1969 4003 2226 4066 ciiirinut,
2251 4003 2373 4073 quis
2407 4004 2637 4058 duorum
2663 4020 2886 4059 numero
2921 4007 3019 4061 soi
3046 4007 3318 4077 singulare
3349 4024 3546 4063 muous

1971 4099 2071 4151 ltoi:
2104 4096 2323 4161 tribuat,
2359 4105 2417 4149 ttt
2447 4096 2721 4151 dividendi
2756 4097 2859 4149 vim
2894 4098 3108 4161 habeat,
3141 4114 3260 4152 cum
3320 4114 3548 4166 praeser-

1970 4188 2067 4241 tim
2101 4203 2220 4241 eum
2252 4203 2350 4243 nos
2401 4203 2507 4243 non
2540 4190 2590 4243 in
2652 4189 2918 4246 divisione
2964 4190 3168 4246 Christi
3228 4202 3545 4246 naturarum

1969 4279 2347 4342 adhibeamus.
2417 4281 2511 4335 sed
2568 4291 2628 4335 ut
2682 4283 2850 4337 solam
2901 4285 3137 4354 ipsarum
3183 4283 3545 4340 diﬂ‘erentiam

2038 4384 2169 4423 uram
2199 4369 2582 4437 signiﬁcemus,
2614 4380 2668 4426 et
2694 4374 3161 4439 ostendamus,eas
3186 4374 3307 4431 sine
3364 4386 3483 4431 mut
3502 4398 3548 4424 ι-

1971 4462 2113 4515 tione
2142 4460 2523 4516 etcont‘usione
2553 4472 2672 4531 post
2694 4478 2876 4518 veram
2904 4474 2958 4519 et
2980 4465 3362 4523 indivisihilem
3412 4484 3545 4523 con-

1963 4552 2299 4621 junctiouetn
2332 4556 2682 4623 permanere?
2707 4555 2837 4609 Nam
2860 4565 2914 4611 et
2949 4556 3003 4612 in
3031 4572 3258 4627 corpore
3289 4560 3411 4614 licet
3436 4569 3546 4612 tres

1973 4642 2337 4699 dimensiones
2367 4644 2631 4711 dicamus,
2660 4662 2767 4701 non
2806 4655 2985 4704 tamen
3019 4649 3194 4719 ipsum
3244 4665 3440 4719 corpus
3490 4653 3544 4705 in

1976 4743 2087 4787 tres
2155 4736 2426 4790 sectiones
2497 4736 2811 4793 dividimus.
2865 4740 3323 4805 Quemadmodum
3382 4742 3545 4811 igitur

1970 4838 2320 4891 personarum
2382 4825 2598 4881 trinitas
2637 4843 2743 4882 non
2774 4830 3012 4898 ipsarum
3081 4830 3403 4885 divisionem
3450 4849 3544 4885 eas

1970 4916 2362 4972 distrahentem
2431 4919 2483 4973 in
2536 4918 2828 4975 Divinitate
2895 4922 3073 4990 parit;
3139 4923 3544 4992 distinguuntur

1970 5007 2134 5068 enim,
2167 5009 2261 5061 sed
2294 5008 2411 5061 sine
2456 5009 2811 5066 distractione
2838 5051 2851 5075 ,
2889 5022 2943 5066 et
2994 5012 3392 5083 coniunguntur
3423 5015 3541 5068 sine

1969 5099 2307 5161 confusione,
2348 5100 2485 5153 inter
2512 5114 2570 5154 se
2626 5103 2769 5155 enim
2793 5116 3097 5158 commeant
3139 5105 3257 5159 sine
3315 5108 3543 5158 commi-

1966 5188 2163 5251 tttione,
2188 5191 2420 5243 servatis
2439 5192 2775 5259 singularum
2814 5195 3239 5263 proprietatibus
3258 5214 3271 5249 :
3291 5198 3371 5250 sic
3394 5206 3447 5249 et
3486 5197 3538 5248 in

1965 5279 2185 5333 Christo
2210 5290 2521 5335 naturarum
2553 5283 2786 5340 dualitas
2820 5301 2923 5340 non
2949 5287 3109 5341 eﬂieit
3139 5288 3376 5355 ipsarum
3427 5286 3542 5339 dis-

1968 5373 2304 5427 tractionem.

2042 5462 2167 5517 Dua:
2194 5473 2401 5519 natura:
2418 5476 2541 5520 sunt
2563 5482 2709 5523 unus
2731 5467 3001 5531 Christus,
3038 5480 3091 5524 et
3121 5486 3260 5523 unus
3290 5470 3539 5525 Christus

3150 5763 3230 5831 34
