4020 6214
290 264 435 337 1069
1242 265 1617 326 PANOPLIA
1663 265 1899 325 noon;

2014 267 2124 326 CA.
2158 292 2226 301 —
2264 269 2416 330 TlT.
2454 268 2607 329 XVI.
3412 265 3549 328 1070

288 394 402 447 ται,
428 382 491 436 τὸ
536 380 647 451 ἄρα
676 378 859 450 λέγειν
892 378 1122 449 θεότητα
1150 379 1388 449 Χριστοῦ
1427 380 1523 431 καὶ
1580 378 1869 432 ἀνθρωπό-

2011 380 2311 439 irinitatem
2326 391 2379 436 et
2397 382 2788 436 humanitatem
2810 382 3009 437 Christi
3031 389 3228 449 negant
3264 396 3383 450 post
3415 402 3514 437 t'u:I
3532 413 3551 426 -

288 493 431 547 τητα
460 474 601 543 μετὰ
628 471 729 543 τὴν
761 473 957 527 ἕνωσιν
988 471 1304 543 ἀρνοῦνται.

2008 472 2334 528 unctionem.

950 565 1106 618 ΚΕΦ.
1149 564 1226 618 Ε’.

362 660 427 715 EI
452 658 740 729 ἀσύγχυτα
775 658 831 710 ὲν
879 659 946 727 τῇ
995 657 1188 708 ὲνώσει
1219 655 1286 708 τὰ
1329 654 1657 707 συνελθόντα
1703 653 1872 721 γινώ-

293 769 506 815 σκουσι,
537 751 632 804 δύο
658 749 715 802 δὲ
747 748 814 800 τὰ
847 746 1175 800 συνελθόντα
1208 747 1303 798 καὶ
1333 745 1457 799 κατ’
1489 744 1688 807 αὐτούς
1722 745 1831 796 είσι
1856 758 1871 774 ⁸

295 845 408 905 πῶς
435 843 505 895 τὰ
535 843 593 894 ὲν
621 844 687 912 τῇ
735 839 927 894 ἑνώσει
963 838 1037 908 μὴ
1069 838 1405 908 συγχυθέντα
1444 837 1536 890 δύο
1585 837 1679 889 καὶ
1734 836 1873 906 μετὰ

292 937 392 1007 τὴν
412 936 608 989 ἕνωσιν
634 935 692 987 ού
719 933 812 986 δύο
846 930 1235 1000 γνωρίζονταις
1272 930 1335 982 El
1372 930 1428 981 δὲ
1458 929 1551 981 δύο
1580 928 1877 998 γνωρίζου-

295 1046 371 1094 σι,
424 1028 542 1089 πιῖς
567 1025 825 1095 ἀριθμεῖν
869 1028 1044 1077 ταῦτα
1088 1018 1507 1093 παραιτοῦνται,
1539 1017 1613 1073 ὧν
1641 1020 1737 1088 τὴν
1774 1023 1878 1090 τῆς

297 1120 512 1189 φύσεως
538 1118 775 1186 ίδιότητα
806 1115 1114 1185 ἀσύγχυτον
1145 1116 1234 1167 καὶ
1258 1116 1398 1184 μετὰ
1420 1114 1517 1185 τὴν
1539 1114 1733 1165 ἕνωσιν
1759 1113 1878 1165 ἐπί-

298 1225 561 1275 στανται;
627 1210 694 1261 '0
743 1210 851 1277 γὰρ
880 1206 1224 1276 ὁμολογοῦσι,
1274 1208 1438 1276 φησὶν
1469 1206 1496 1257 ό
1529 1204 1670 1267 θεῖος
1717 1204 1880 1256 Βασί-

294 1306 465 1370 λειος,
496 1304 593 1356 καὶ
616 1300 745 1373 ἁριθ
750 1319 821 1372 με
833 1302 1058 1355 ίτωσαν.

1242 265 1617 326 PANOPLIA
1663 265 2124 326 DOGMA'I‘ICA.
2158 292 2226 301 -
2264 269 2416 330 ΤΙΤ.
2454 268 2607 329 XVI.

2646 564 2799 618 CAP.
2832 565 2893 617 ν.

2046 657 2102 711 Si
2130 671 2192 713 ea
2224 673 2344 727 quae
2370 669 2697 711 concurrunt
2723 659 2773 710 in
2814 660 3217 728 conjunctione.
3250 662 3554 713 con-rodunt

1978 765 2079 802 non
2113 763 2235 803 esse
2268 751 2507 811 confusa,
2549 750 2657 803 duo
2705 760 2881 803 autem
2918 751 3013 819 ipsi
3065 766 3281 821 quoque
3335 752 3422 805 illa
3479 754 3557 802 di-

1977 850 2106 895 cunt
2140 855 2278 907 esse,
2314 856 2435 909 qua:
2480 854 2840 905 concurrunt,
2898 858 2992 894 cur
3017 858 3077 896 ea
3139 844 3265 908 duo,
3320 858 3437 912 qua:
3502 844 3554 896 in

1977 933 2360 1000 conjunctione
2386 932 2605 986 confusa
2640 948 2742 986 non
2768 944 2916 999 sunt,
2949 938 3109 988 etiam
3156 946 3277 1004 post
3304 938 3560 1005 conjunc-

1979 1026 2179 1079 tionem
2212 1034 2634 1093 nonagnoscunt
2659 1026 2682 1076 ’ί
2712 1027 2865 1093 Quod
2898 1030 2941 1081 si
2968 1038 3288 1095 agnoscunt.
3326 1044 3422 1080 cur
3454 1044 3557 1079 non

1980 1115 2351 1170 conﬁtentur?
2377 1118 2470 1170 Sin
2512 1119 2860 1182 confitentur,
2893 1133 2990 1173 cur
3032 1133 3117 1170 ea-
3150 1129 3393 1171 recusant
3433 1133 3563 1169 ern-

1980 1223 2214 1271 merare,
2247 1223 2476 1277 quorum
2542 1209 2769 1262 minime
2834 1208 3114 1261 confusam
3175 1208 3559 1275 proprietatmu

1979 1301 2143 1352 etiam
2181 1311 2296 1367 post
2325 1300 2756 1367 conjunctionem
2792 1315 2912 1355 esse
2949 1300 3176 1354 Sciunt?
3222 1300 3371 1364 Quod
3415 1299 3563 1351 cnim

1962 1393 2695 1460 confitentur,inquitdivus
2738 1393 2992 1459 Basilius,
3030 1394 3080 1446 id
3127 1392 3289 1446 etiam
3345 1406 3565 1444 cnumc-

1987 1494 2127 1537 I'CIII.

946 1568 1104 1620 ΚΕΦ.
1164 1564 1245 1620 H'.
1746 1562 1752 1567 ’

2421 1592 2439 1625 ι
2620 1576 2772 1631 CAP.
2799 1576 2929 1630 \‘III.

368 1670 435 1722 Ei
464 1666 644 1732 πάντη
678 1680 739 1716 τε
787 1662 884 1713 καὶ
916 1661 1134 1721 πάντως
1160 1661 1188 1712 6
1221 1657 1456 1729 ἀριθμὸς
1484 1654 1581 1726 τὴν
1612 1654 1885 1724 διαίρεσιν

2058 1666 2113 1722 Si
2145 1682 2402 1721 numerus
2429 1667 2573 1720 omni
2617 1668 2824 1719 ratione
2861 1665 3179 1719 divisionem
3235 1663 3408 1726 affert,
3463 1678 3563 1732 ιιιιτ

298 1759 664 1829 συνεισφέρει,
690 1758 717 1809 6
747 1754 980 1824 ἀριθμὸς
1004 1752 1110 1822 ἄρα
1145 1750 1299 1804 ἔσται
1330 1752 1428 1819 τῆς
1457 1748 1777 1818 διαιρέσεως
1799 1745 1883 1800 αί-

2008 1774 2167 1813 nerus
2194 1758 2481 1813 divisionis
2505 1769 2587 1811 est
2624 1772 2810 1820 causa,
2836 1772 2937 1811 non
2972 1767 3153 1808 autem
3215 1756 3404 1807 divisio
3464 1758 3562 1805 nu-

295 1871 434 1919 τιος,
464 1851 634 1922 οὐχὶὴ
667 1848 935 1915 διαίρεσις
962 1842 1055 1897 τοῦ
1087 1840 1346 1912 ἀριθμοῦ,
1370 1841 1462 1894 καὶ
1482 1842 1628 1893 δυοῖν
1661 1839 1878 1907 ἀνάγκη

2008 1852 2142 1906 neri.
2178 1852 2241 1904 Et
2279 1853 2509 1905 alterum
2534 1866 2564 1904 e
2591 1851 2800 1903 duobus
2836 1850 2940 1903 erit
2967 1850 3358 1912 necessarium,
3392 1857 3447 1900 ut
3483 1848 3565 1899 VrI

296 1947 548 2015 θάτερον,
583 1940 617 2011 ἢ
659 1939 826 2008 μηδὲν
857 1933 1207 2005 ἀριθμεῖσθαι
1231 1934 1339 1985 τῶν
1372 1932 1693 2001 ἡνωμένων,
1726 1930 1885 1999 ἢμη-

2008 1941 2117 1994 Iihil
2149 1957 2335 1996 eorum
2361 1958 2479 2012 quae
2506 1943 2790 2010 conjuncta
2820 1950 2969 2003 sunt,
3001 1952 3337 2000 numeretur,
3376 1940 3455 1992 vel
3489 1941 3570 1990 ni-

299 2036 389 2089 δὲν
408 2032 652 2105 ἡνῶσθαι
683 2030 793 2082 τῶν
821 2025 1265 2098 ἀριθμουμένων.
1298 2025 1409 2077 Καὶ
1463 2022 1580 2084 πῶς
1612 2021 1674 2073 οὐ
1716 2037 1887 2074 κατα-

2008 2032 2066 2085 ιίΙ
2097 2046 2287 2087 eorum
2341 2050 2459 2103 qua:
2520 2045 2803 2087 numerata
2862 2043 2991 2086 sunt
3030 2034 3405 2101 coniungatur.
3464 2035 3568 2085 Sed

298 2126 567 2195 γέλαστον
600 2119 853 2187 τοιαύτην
883 2116 1130 2181 ἐξουσίαν
1157 2116 1234 2185 τῷ
1257 2113 1474 2184 ἀριθμῷ
1505 2111 1729 2175 διδόναι,
1750 2127 1886 2163 παν-

2010 2140 2172 2179 nonne
2203 2126 2489 2179 ridiculum
2527 2136 2609 2177 est
2652 2139 2771 2177 eam
2799 2124 3038 2177 tribuere
3074 2132 3298 2177 numero
3332 2132 3568 2191 potesta-

297 2216 394 2279 τὸς
424 2210 662 2283 ἀριθμοῦ
688 2210 749 2263 τὸ
789 2208 955 2262 ποσὸν
996 2207 1106 2261 τῶν
1143 2206 1510 2276 πραγμάτων,
1554 2203 1614 2254 ού
1639 2202 1739 2271 τὴν
1780 2200 1888 2269 φύ-

2012 2230 2121 2280 em,
2167 2231 2286 2269 cum
2364 2217 2539 2269 omnis
2589 2230 2847 2268 numerus
2898 2229 3004 2266 non
3073 2230 3252 2269 rerum
3301 2226 3569 2278 naturam,

305 2323 414 2368 σιν,
444 2305 478 2374 ἦ
504 2304 604 2373 τὴν
654 2300 815 2355 ποιὰν
867 2299 1074 2352 τούτων
1112 2297 1296 2369 σχέσιν
1342 2296 1619 2365 παριστᾷν
1649 2292 1893 2362 πεφυκό·

2008 2320 2091 2361 ιιιι
2132 2308 2470 2377 qualitatem.
2504 2307 2595 2362 sed
2627 2308 2977 2376 quantitatem
3032 2307 3359 2361 coxistituat'l

301 2413 399 2461 τος
419 2412 436 2461 ἱ

958 2482 1118 2535 ΚΕΦ.
1161 2478 1239 2534 8'.

382 2579 443 2633 Εί
470 2575 733 2647 ἔμπαλιν,
762 2574 907 2627 κατὰ
927 2574 1019 2625 τὸν
1056 2572 1195 2625 θεῖον
1227 2572 1553 2641 Γρηγόριον,
1581 2571 1678 2639 τῆς
1718 2570 1891 2640 Τριά-

301 2670 397 2731 δος
425 2669 537 2737 ἔχει
568 2670 601 2737 ὴ
631 2671 769 2721 κατὰ
796 2667 882 2719 τὸν
924 2667 1154 2733 Σωτῆρα
1189 2664 1494 2731 οίκονομία,
1526 2667 1675 2731 τρεῖς
1719 2662 1775 2715 δὲ
1804 2662 1893 2714 dei.

306 2765 409 2823 τὰς
444 2761 789 2820 ὑποστάσεις.
850 2759 981 2826 μίαν
1027 2757 1085 2809 δὲ
1144 2756 1308 2824 φύσιν
1358 2756 1449 2808 ἐπὶ
1479 2756 1576 2825 τῆς
1607 2755 1890 2819 θεολογίας

308 2852 685 2922 ὁμολογοῦμεν
705 2869 717 2881 ’
747 2850 865 2912 πῶς
910 2852 969 2902 ού
1014 2850 1110 2902 δύο
1137 2849 1235 2919 μὲν
1263 2850 1475 2916 φύσεις,
1509 2850 1639 2918 μίαν
1668 2849 1726 2901 δὲ
1761 2848 1896 2900 ὑπό·

313 2959 505 2994 στασιν
536 2943 624 2992 ἐπὶ
648 2941 745 3007 τῆς
768 2940 908 2993 κατὰ
930 2940 1020 2992 τὸν
1040 2940 1266 3009 Σωτῆρα
1295 2941 1605 3007 οἰκονομίας
1626 2939 1889 3007 δώσομεν,

2620 2484 2750 2537 CAP
2802 2484 2893 2539 IX.

2074 2582 2156 2648 Si,
2187 2582 2338 2650 juxta
2368 2579 2712 2649 Gregorium.
2758 2579 2957 2633 Christi
2994 2580 3328 2648 dispensatio
3355 2591 3572 2633 contra-

1998 2676 2077 2727 riu
2121 2677 2277 2728 mmlo
2318 2689 2375 2726 se
2436 2675 2614 2732 habet.
2657 2683 2815 2739 atque
2855 2672 3129 2736 divinitas,
3186 2673 3235 2724 in
3293 2674 3575 2727 divinitate

1995 2779 2174 2822 autent
2233 2778 2339 2819 tres
2403 2780 2616 2831 semper
2676 2780 2932 2831 personas
2989 2772 3044 2816 et
3108 2774 3355 2817 naturam
3413 2782 3571 2818 unam

1999 2861 2341 2921 conﬁtemur,
2379 2857 2651 2925 quomodo
2694 2856 2746 2908 in
2787 2855 2984 2908 Christi
3026 2855 3425 2923 dispensatione
3480 2872 3577 2909 ua-

2001 2966 2155 3005 turas
2205 2951 2362 3013 duas,
2418 2958 2473 3001 ct
2538 2962 2824 3015 personant
2887 2962 3048 3001 unam
3131 2964 3234 2999 non
3285 2948 3577 3002 dabimus?

309 3033 473 3100 εῐπερ
516 3031 575 3082 τὸ
598 3028 837 3094 ἔμπαλιν
870 3027 967 3082 τοῦ
999 3028 1201 3091 παντός
1248 3031 1363 3081 ἐστι
1404 3029 1543 3081 κατὰ
1576 3029 1636 3081 τὸ
1656 3030 1778 3081 ὅλον
1803 3032 1894 3081 ἁνο

2008 3039 2271 3093 ειιιιιιίιτὶο
2317 3051 2362 3088 ο.
2388 3036 2459 3088 im
2512 3038 2671 3089 modo
2744 3050 2803 3089 se
2864 3050 2947 3089 res
3004 3034 3222 3111 habent.
3292 3052 3411 3089 rum
3465 3046 3577 3091 toto

311 3124 582 3193 τιστροφή
608 3139 624 3186 ς

952 3211 1113 3266 ΚΕΦ.
1158 3210 1261 3269 ΙΒ’.

389 3307 452 3360 Εί
489 3307 550 3359 τὸ
590 3306 747 3370 ἄλλος
796 3308 891 3359 καὶ
950 3306 1107 3368 ἄλλος
1146 3307 1484 3374 ἁντωνυμὶαι
1514 3306 1893 3370 ὑποστάσεως),

314 3397 462 3451 κατά
494 3398 587 3451 τὸν
616 3399 899 3465 Θεολόγον,
930 3397 989 3450 τὸ
1016 3398 1072 3450 δὲ
1096 3398 1225 3452 ἄλλο
1257 3400 1350 3451 καὶ
1399 3397 1530 3451 ἄλλο
1556 3399 1895 3468 ἀντωνυμίαι

318 3490 559 3557 φύσεων,
596 3489 683 3541 ἀεὶ
723 3490 777 3542 δὲ
814 3490 874 3540 τὸ
904 3490 1169 3561 πρότερον
1210 3492 1304 3541 ἐπὶ
1340 3491 1437 3558 τῆς
1469 3490 1773 3557 θεολογίας,
1811 3492 1898 3541 ἀεὶ

318 3584 428 3651 ἄρα
451 3584 512 3634 τὸ
538 3582 791 3650 δεύτερον
830 3583 919 3632 ἐπὶ
949 3582 1049 3650 τῆς
1073 3583 1387 3650 οίκονομίας
1414 3596 1429 3609 ⁸
1464 3582 1549 3633 ἀεὶ
1575 3581 1681 3650 ἄρα
1707 3583 1761 3632 αί
1794 3579 1891 3647 φύ-

322 3691 461 3739 σεις,
486 3676 609 3726 ἐπεὶ
642 3675 727 3726 ἀεὶ
756 3673 852 3726 καὶ
890 3675 946 3725 at
975 3674 1100 3725 κατ’
1121 3672 1300 3725 αὐτῶν
1326 3673 1684 3724 ἁντωνυιιίαι.

933 3844 1091 3898 ΚΕΦ.
1151 3844 1252 3899 1Δ’.

400 3938 460 3989 Εί
487 3936 546 3988 ού
599 3936 795 3991 ταυτὸν
819 3936 852 4005 ή
894 3935 1039 4006 ἁπλῆ
1080 3935 1241 4004 φύσις
1270 3937 1336 4005 τῇ
1390 3933 1633 4004 συνθέτῳ
1660 3933 1840 4002 φύσει,
1865 3938 1899 4004 ἡ

325 4030 385 4083 δὲ
407 4029 550 4099 ἁπλῆ
578 4028 672 4081 τοῦ
703 4030 877 4095 Λόγου
912 4028 1072 4097 φύσις
1124 4026 1252 4097 μίαν
1272 4027 1444 4095 μόνην
1475 4027 1636 4094 φύσιν
1664 4027 1831 4096 δηλοῖ,
1867 4029 1902 4097 ἡ

329 4120 587 4181 σύνθετος
618 4119 740 4172 κατ’
774 4120 971 4177 αὐτοῦς
1024 4118 1187 4187 φύσις
1232 4117 1326 4171 τοῦ
1374 4118 1614 4187 Χριστοῦ
1660 4118 1722 4171 οὐ
1773 4118 1903 4187 μίαν

326 4210 492 4279 φύσιν
521 4210 691 4281 δηλοῖ.
723 4212 783 4262 El
810 4211 868 4262 δὲ
902 4211 934 4278 ὴ
963 4209 1110 4278 ἁπλῆ
1168 4210 1263 4261 καὶ
1318 4209 1574 4270 σύνθετος
1619 4210 1749 4279 μίαν
1784 4210 1906 4262 κατ’

326 4306 529 4364 αὐτοὺς
569 4304 729 4373 φύσιν
758 4304 928 4372 δηλοῖ,
982 4302 1289 4369 λεγέτωσαν
1344 4300 1442 4372 τὴν
1498 4301 1761 4369 διαφορὰν
1807 4301 1905 4363 τῆς

2002 3134 2140 3183 inter
2198 3144 2257 3182 se
2294 3126 2485 3179 ordine
2524 3132 2941 3177 commutantur.

2634 3214 2785 3266 CAP.
2820 3212 2932 3268 XII.

2070 3308 2125 3362 Si
2160 3308 2297 3360 alius
2339 3316 2392 3361 et
2429 3309 2569 3362 alius
2604 3316 2727 3360 sunt
2754 3311 3072 3374 pronomtna
3110 3320 3487 3375 personarum,
3526 3318 3584 3361 ut

1998 3403 2304 3470 Theologns
2326 3403 2419 3466 ait,
2456 3401 2600 3455 aliud
2622 3409 2803 3454 autem
2832 3408 2885 3452 et
2914 3400 3059 3452 aliud
3084 3410 3210 3453 sunt
3265 3410 3579 3454 naturarum

2002 3497 2345 3565 pronomina.
2383 3496 2534 3561 prius
2574 3502 2753 3546 autem
2785 3507 3001 3559 semper
3036 3503 3124 3544 est
3155 3492 3208 3544 in
3278 3494 3581 3556 divinitate,

2002 3586 2271 3652 posterius
2300 3584 2481 3636 itidem
2516 3590 2838 3649 semperest
2872 3581 2923 3633 in
2958 3581 3359 3648 dispensatione
3387 3604 3399 3636 :
3438 3600 3580 3636 sem-

2001 3692 2096 3744 per
2142 3676 2305 3743 igitur
2341 3683 2570 3736 naturaa,
2625 3674 2889 3740 siquidem
2936 3683 2991 3727 et
3037 3690 3220 3727 earum
3264 3678 3581 3744 pronomina

2001 3784 2215 3836 semper
2245 3778 2385 3820 sunt.

2630 3854 2781 3910 CAP.
2812 3853 2950 3909 XIV.

2076 3953 2132 4007 Si
2160 3968 2262 4006 non
2294 3959 2378 4005 est
2400 3950 2537 4003 idem
2568 3959 2759 4002 natura
2782 3951 3031 4015 simplex,
3060 3961 3113 4003 et
3142 3959 3331 4004 natura
3360 3966 3586 4019 compo-

2006 4048 2132 4109 sita,
2168 4045 2394 4112 simplex
2434 4055 2613 4095 autem
2646 4040 2807 4094 Verbi
2842 4052 3029 4095 natura
3090 4057 3251 4095 unam
3288 4044 3455 4095 solam
3485 4059 3584 4096 na-

2008 4148 2180 4191 turam
2210 4136 2471 4197 declarat,
2498 4135 2798 4201 composita
2828 4134 3029 4189 Christi
3080 4143 3291 4195 natura,
3342 4150 3404 4187 ex
3456 4137 3588 4187 isto-

2012 4246 2127 4282 rum
2160 4226 2447 4290 sententia,
2472 4240 2633 4278 nnam
2662 4235 2911 4277 naturam
2936 4240 3037 4277 non
3076 4226 3292 4278 indicat.
3328 4226 3484 4291 Quod
3540 4227 3586 4280 si

2010 4316 2235 4385 simplex
2269 4327 2321 4369 et
2363 4316 2679 4383 composita.
2716 4324 2773 4368 ut
2804 4315 2902 4383 ipsi
2940 4314 3143 4378 volunt,
3168 4316 3371 4371 Christi
3424 4330 3587 4371 uatu-

330 4398 592 4451 συνθέτου
648 4396 769 4448 κατ’
822 4394 1020 4457 αὐτοὺς
1081 4394 1318 4466 Χριστοῦ
1342 4397 1616 4463 ⁵φύσεως,
1657 4395 1750 4446 καὶ
1805 4393 1899 4463 τῆς

2015 4421 2125 4456 ram
2160 4419 2320 4457 unam
2372 4402 3078 4471 signiBCant,dill‘erentiam
3121 4407 3407 4460 ostendant
3434 4424 3585 4463 com-

328 4492 509 4560 ἁπλῆς
532 4490 625 4544 τοῦ
654 4488 829 4559 Λόγου
864 4489 1098 4557 φύσεως.

972 4667 1131 4720 ΚΕΦ.
1183 4662 1287 4719 III'.

406 4762 488 4816 Τὰ
534 4761 742 4831 κυρίως
792 4759 1043 4828 ἀλλήλοις
1095 4758 1447 4825 ἀντικείμενα
1480 4757 1609 4827 ὅλην
1650 4757 1747 4827 τὴν
1774 4756 1911 4810 ἀπό-

337 4871 506 4923 φασιν
551 4852 673 4904 καθ’
728 4852 856 4920 ὅλης
882 4852 980 4919 τῆς
1036 4852 1397 4917 καταφάσεως
1442 4849 1911 4919 ἁντιστρέφουσιν,

334 4945 451 5002 οἷον
509 4950 573 5017 τῇ
626 4945 858 5015 λεγούσῃ
936 4943 1276 5011 καταφάσει,
1341 4941 1549 5002 Παῦλος
1620 4942 1916 5004 ἁπόστολός

338 5042 571 5109 smmi]
622 5038 860 5105 λέγουσα
894 5037 1191 5102 ἀπόφασις,
1223 5034 1431 5096 Παῦλος
1475 5034 1776 5097 ἀπόστολος
1817 5035 1917 5086 οὐκ

338 5132 688 5186 ἐστιν.οῦτω
716 5130 771 5182 δὲ
811 5132 932 5190 ταῖς
955 5128 1051 5182 δύο
1106 5130 1335 5196 φύσεσιν
1370 5129 1402 5197 ὴ
1435 5126 1531 5195 μία
1569 5126 1730 5196 φύσις
1765 5125 1914 5178 ἀντί-

337 5245 541 5282 κειται,
581 5228 639 5278 Ei
682 5228 790 5294 γὰρ
829 5224 926 5295 μία
959 5224 1122 5291 φύσις
1166 5224 1315 5275 ἐστὶν
1342 5226 1368 5274 ό
1398 5223 1651 5292 Χριστὸς,
1686 5224 1747 5274 ού
1784 5222 1877 5274 δύο
1902 5238 1917 5253 ο

339 5318 439 5372 καὶ¹
463 5319 510 5369 εί
536 5316 652 5379 δύο,
681 5318 740 5368 ού
780 5319 899 5385 μία.
927 5316 988 5367 El
1018 5315 1072 5366 δὲ
1092 5315 1221 5383 μίαν
1244 5314 1494 5380 λέγοιτες
1522 5314 1651 5363 ἄλλο
1676 5331 1726 5363 τι
1752 5330 1919 5382 προσ-

339 5409 612 5471 τιθέασιν,
654 5409 753 5460 οῦκ
796 5408 875 5460 ἔτι
908 5408 1092 5467 αὐτοῖς
1123 5406 1491 5473 ἁντιφατικώς
1524 5404 1766 5471 λέγεται,
1802 5406 1917 5456 ἀλλ’

343 5502 600 5568 ὲτεροίως
636 5501 727 5551 καὶ
757 5498 897 5552 κατὰ
930 5500 1288 5569 περίφρασιν.
1330 5498 1437 5549 Καὶ
1471 5498 1804 5566 συνέστηκεν
1830 5498 1928 5549 αύ-

344 5596 457 5654 τοῖι,
487 5593 543 5657 ἐξ
591 5592 853 5659 ὀνόματος
884 5592 977 5644 καὶ
1003 5592 1132 5660 ὅρου
1163 5591 1195 5657 ἡ
1235 5590 1343 5642 τῶν
1369 5587 1461 5640 δύο
1492 5588 1709 5656 φύσεων
1733 5588 1926 5657 ὁμολο-

347 5686 444 5755 γία
471 5702 484 5715 °
520 5687 584 5737 ἐκ
608 5687 708 5756 μὲν
735 5686 996 5755 ὀνόματος
1029 5685 1126 5755 τῆς
1160 5682 1375 5753 φύσεως
1406 5682 1498 5734 τοῦ
1530 5683 1728 5749 Λόγου,
1769 5685 1831 5734 ἐκ
1869 5683 1931 5745 δὲ,

2016 4495 2414 4565 posilze,tttipsi
2439 4494 2922 4559 sentinnt,Christi
2972 4504 3202 4560 natura,
3241 4507 3296 4551 et
3329 4499 3587 4567 simplicis

2017 4600 2221 4643 natura:
2260 4589 2427 4656 ipsius
2457 4586 2640 4643 Verbi,

2602 4678 2751 4734 CAP.
2777 4678 2966 4735 XVIII.

2090 4772 2219 4838 Quae
2261 4774 2478 4842 proprie
2510 4773 2650 4827 inter
2678 4786 2737 4826 se
2766 4775 3039 4826 contraria
3095 4782 3240 4830 sunt.
3284 4782 3449 4825 totam
3501 4789 3595 4828 no-

2018 4867 2285 4937 gationem
2319 4866 2415 4919 toti
2445 4874 2723 4933 opponunt
2748 4863 3108 4917 alﬁrmationi.
3151 4862 3220 4917 Ut
3248 4864 3291 4915 si
3351 4864 3593 4917 alﬁru-a-

2019 4957 2096 5010 tio
2137 4957 2327 5010 dicat:
2385 4954 2588 5008 Paulus
2648 4953 2917 5021 apostolus
2983 4962 3082 5017 est,
3132 4954 3343 5023 negatio
3386 4954 3525 5007 dicet
3576 4973 3590 5008 :

2022 5048 2229 5101 Paulus
2254 5048 2521 5114 apostolus
2558 5064 2658 5098 non
2693 5055 2791 5098 est.
2826 5044 2935 5097 ΙΙου
2960 5048 3118 5097 modo
3167 5044 3376 5097 duahus
3438 5056 3593 5098 natu-

2023 5141 2095 5191 ris
2128 5155 2231 5191 una
2254 5148 2338 5191 est
2369 5147 2557 5191 natura
2586 5138 2882 5191 Contraria.
2920 5137 2974 5189 Si
3036 5136 3176 5190 enim
3241 5150 3344 5187 una
3402 5146 3594 5189 natura

2022 5239 2104 5284 e-t
2131 5230 2400 5291 Christus,
2437 5247 2537 5283 non
2568 5232 2683 5283 duae
2708 5246 2721 5288 ;
2749 5230 3017 5293 ctsidum,
3052 5244 3156 5282 non
3208 5244 3337 5282 tina.
3374 5229 3472 5294 Qui
3511 5246 3598 5281 au-

2028 5330 2133 5372 tem
2167 5334 2326 5370 unam
2370 5319 2613 5371 dicentes
2642 5318 2844 5386 aliquid
2900 5316 3043 5369 aliud
3094 5316 3411 5386 adiungunt.
3490 5334 3595 5372 non

2026 5411 2257 5478 amplius
2280 5412 2553 5462 contrario
2579 5412 2739 5462 modo
2768 5410 2832 5460 ah
2880 5409 3009 5475 ipsis
3047 5408 3263 5473 dicitur,
3299 5409 3390 5459 St‘tl
3416 5408 3597 5461 diver—

2029 5516 2112 5561 so,
2146 5513 2196 5552 et
2236 5516 2331 5568 per
2361 5499 2949 5568 circuinscriptionem.
2987 5497 3049 5549 Et
3081 5508 3293 5551 constat
3331 5498 3465 5568 ipsis
3532 5513 3599 5552 cx

2031 5594 2247 5663 nomine
2277 5600 2325 5643 et
2364 5590 2679 5643 dclinitione
2706 5590 2935 5644 duarum
2973 5603 3283 5644 naturarum
3308 5590 3598 5644 confessio.

2033 5666 2104 5736 Ex
2144 5683 2358 5738 n0mine
2392 5683 2604 5752 quidem
2662 5693 2849 5736 natura
2883 5684 3063 5747 Verbi,
3093 5699 3155 5737 ex
3179 5683 3487 5738 detinitiunc
3522 5699 3605 5737 vc-
