4032 6210
250 284 395 349 1077

1174 290 1547 351 PANO‘i‘LlA
1601 291 2058 355 DOGMATlCA.
2097 324 2156 331 —
2207 302 2356 361 TIT.
2402 261 2554 363 xt'r.

3414 168 3421 175 ο

3363 304 3513 369 1οῗ8·

250 415 354 468 σης
384 397 482 467 τῆς
514 394 863 465 ἀνθρωπίνης
903 398 1119 464 φύσεως
1151 401 1255 454 ὑπὸ
1288 403 1384 470 τῆς
1413 402 1583 465 θείας,
1626 402 1742 467 πῶς
1768 405 1823 456 tv

1957 424 2051 461 ura
2078 428 2101 463 a
2130 413 2306 468 divina
2338 416 2498 471 fuerit
2526 419 2804 490 absorpta,
2839 440 2935 478 cur
2962 424 3014 477 in
3042 437 3202 478 cruce
3260 425 3502 492 pendens

245 492 353 559 μὲν
388 490 464 559 τῷ
496 487 720 557 σταυρῷ
750 490 1099 559 κρεμάμενος
1148 493 1248 545 οὐκ
1294 489 1442 564 εἶχεν
1494 490 1652 557 εἶδος.
1706 495 1826 548 οὐδὲ

245 584 472 644 κάλλος,
520 583 578 632 tv
600 581 653 632 δὲ
690 579 767 650 τῷ
806 583 962 654 τάφῳ
1011 586 1269 653 κείμενος
1314 589 1416 640 οὐκ
1467 584 1581 658 εἶχε
1624 588 1824 658 ψυχὴν,

247 677 331 736 είς
360 674 450 727 τὸν
484 673 619 745 ᾅδην
674 674 729 725 δὲ
764 677 1036 729 κατελθὼν
1103 680 1204 732 οὐκ
1259 677 1373 749 εἶχε
1420 683 1618 749 eam;
1656 683 1747 735 καὶ
1799 683 1827 735 6

252 769 356 836 μὲν
379 770 547 835 τάφος
582 766 747 819 αὑτοῦ
796 769 953 837 σῶμα
987 770 1147 838 μύνον
1208 772 1525 836 ὑπεδέξατο,
1561 773 1741 843 ψυχὴν
1771 774 1828 826 δὲ

254 858 427 927 μόνην
454 861 480 910 6
523 858 679 929 ᾅδης,
721 858 843 911 οὔτε
902 862 994 912 τοῦ
1058 862 1310 932 σώματος
1353 866 1413 915 τὸ
1444 865 1654 928 ὑλικὸν,
1723 864 1821 917 καὶ

248 949 469 1017 ὁρατὸν,
524 954 614 1002 καὶ
664 953 835 1005 ἁπτὸν
879 953 1300 1018 ἀποϐάλλον-τος,
1353 954 1476 1008 οὕτε
1504 956 1605 1025 τῆς
1647 956 1827 1026 ψυχῆς

249 1038 323 1089 τὰ
378 1038 666 1109 ίδιώματα,
724 1043 771 1094 εί
810 1043 923 1096 καὶ
975 1044 1309 1116 ἀμροτέροις
1369 1048 1402 1099 ᾖ
1466 1047 1660 1119 θεότης
1705 1064 1831 1101 συν-

254 1142 353 1196 ην.

852 1222 965 1290 Τῆς
1023 1223 1235 1293 αὐτῆς.

334 1308 508 1381 Εἴπερ
537 1313 570 1382 ἡ
602 1312 763 1379 φύσις
810 1314 902 1367 τοῦ
958 1317 1197 1386 Χριστοῦ
1251 1318 1387 1388 μόνη
1424 1318 1617 1389 θεότης
1658 1321 1829 1386 ἐστὶν,

258 1400 335 1462 ὡς
368 1402 525 1471 ὑμεῖς
555 1420 713 1470 φατε,
739 1405 858 1468 πῶς
881 1408 908 1458 6
930 1405 1186 1475 Χριστὸς,
1218 1410 1247 1460 6
1282 1412 1561 1480 πανταχοῦ
1586 1410 1665 1464 ὢν
1687 1412 1831 1464 κατὰ

256 1491 359 1561 τὴν
390 1494 487 1562 τῆς
529 1493 782 1564 Θεότητος
816 1498 982 1551 αὑτοῦ
1024 1498 1208 1567 φύσιν,
1232 1496 1356 1553 εἶπε
1394 1504 1530 1570 πρὸς
1579 1502 1703 1565 τοὺς
1731 1520 1835 1572 μα-

258 1582 448 1653 Θητὰς,
468 1583 728 1653 Λάᾷιρος
750 1589 1029 1652 ἀπέθανε,
1054 1591 1152 1644 καὶ
1184 1592 1392 1660 χαῲω.
1423 1593 1514 1645 ὅτι
1538 1594 1650 1647 οὐκ
1668 1594 1837 1661 ἥμην

255 1673 390 1728 ἐκεῖ
409 1691 428 1739 ;
476 1678 598 1740 ιιῶς
630 1678 687 1730 δὲ
731 1682 823 1733 καὶ
846 1682 872 1734 6
903 1681 1134 1749 ἄγγελος
1176 1682 1330 1750 ἔλεγε
1357 1685 1488 1751 περὶ
1510 1685 1611 1737 τοῦ
1644 1684 1832 1754 σῶμα⁶

256 1781 351 1827 τος
382 1765 571 1829 αὑτοῦ,
606 1769 689 1821 ὅτι
729 1768 972 1837 Ἠγέρθη
1011 1785 1024 1799 ⁸
1055 1771 1168 1824 οὐκ
1205 1770 1379 1824 ἐστιν
1402 1765 1519 1824 ὧδε
1569 1787 1587 1834 ;

864 1860 976 1928 Τῆς
1031 1861 1241 1927 αὐτῆς.

344 1953 446 2005 Διά
504 1953 682 2014 τοῦτο.
737 1953 942 2021 φασιν,
990 1954 1050 2005 οὐ
1104 1953 1337 2023 λέγομεν
1389 1953 1483 2007 δύο
1540 1952 1735 2021 φύσεις
1781 1954 1841 2005 tv

260 2048 512 2118 Χριστῷ,
543 2045 677 2100 διότι
740 2046 942 2123 πάντα,
977 2046 1076 2098 ὅσα
1118 2046 1185 2099 ἂν
1216 2048 1273 2098 tv
1324 2046 1544 2117 Χριστῷ
1570 2046 1840 2116 ὁμολογή-

263 2157 471 2209 σωμεν,
504 2139 684 2193 ταῦτα
706 2140 801 2193 ἐπὶ
835 2141 1021 2208 πάσης
1051 2142 1149 2210 τῆς
1201 2139 1363 2208 ἁγίας
1398 2140 1631 2208 Τριάδος
1668 2142 1839 2208 ἀναγι-

264 2235 423 2285 καίον
449 2233 582 2301 ἡμῖν
611 2231 912 2302 ὁμολογεῖν.
944 2232 1008 2284 Τί
1046 2231 1124 2297 δέ;
1156 2232 1254 2303 οὐχ
1276 2233 1589 2301 ὁμολογεῖτε
1619 2233 1677 2286 tv
1702 2233 1842 2303 Χρι-

266 2324 385 2393 στῷ
437 2324 734 2394 σάρκωσιν,
764 2325 859 2379 καὶ
888 2325 1167 2395 γέννησιν,
1203 2326 1297 2378 καὶ
1318 2326 1419 2378 ὅσα
1441 2326 1539 2394 τῆς
1577 2325 1728 2388 θείας
1752 2327 1842 2379 ὲν-

265 2415 676 2484 ανθρωπὴσεως
706 2431 722 2479 ;
758 2416 961 2469 Λοιπὸν
1000 2416 1094 2471 ἐπὶ
1126 2415 1306 2488 πάσης
1349 2417 1448 2486 τῆς
1479 2416 1643 2485 ἁγίας
1672 2417 1845 2488 Τρια-

268 2506 362 2570 Co;
388 2505 675 2559 καὶταῦτα
700 2506 1030 2575 ὁμολογεῖτε.

883 2710 998 2777 Τῆς
1042 2711 1253 2779 αὐτῆς.

359 2801 886 2874 Ἑὰνῐρωτήσωμεν
933 2802 1154 2867 αὐτοὺς,
1210 2802 1353 2855 κατὰ
1412 2801 1575 2857 ποίαν
1628 2803 1791 2873 φύσιν
1821 2806 1850 2857 6

276 2895 517 2965 Χριστὸς
591 2895 659 2946 τὰ
720 2894 1165 2963 ἀνθρωποπρεπῆ
1244 2895 1467 2965 ῥήματα
1527 2897 1849 2965 ἐφθέγγετο,

279 2987 576 3055 φεύγοντες
621 2987 796 3039 εἰπεῖν
849 2985 1010 3055 φύσιν
1063 2986 1123 3038 τὸ
1170 2986 1510 3055 ἀνθρώπινον
1552 2988 1648 3041 τοῦ
1708 2990 1850 3059 Χρι-

1931 518 2032 554 non
2054 504 2236 559 habuit
2274 509 2527 575 Speciem,
2566 526 2666 566 ncc
2695 512 2990 569 decorem?
3024 514 3199 567 Curin
3251 514 3501 579 sepulcro

1925 593 2112 663 iacens
2145 614 2245 652 non
2266 601 2451 654 habait
2481 603 2765 658 animam?
2793 605 2900 659 Cur
2922 607 2988 660 ad
3020 606 3222 661 inferos
3262 607 3499 659 descen-

1929 688 2060 742 dens
2093 707 2194 743 non
2249 693 2434 745 habuit
2500 698 2745 763 corpus?
2804 698 2881 751 Ac
2926 698 3233 765 sepulcrum
3289 698 3505 767 quidem

1930 780 2096 849 ipsius
2127 782 2297 834 solum
2324 799 2519 852 corpus
2539 788 2769 855 suscepit
2796 830 2809 851 ,
2880 786 3035 841 inferi
3101 798 3278 840 autem
3334 787 3502 840 solum

1931 873 2162 925 animam
2186 912 2201 938 ,
2242 888 2367 927 cum
2396 889 2492 928 nec
2520 889 2714 944 corpus
2750 876 3028 930 materiam
3064 877 3342 944 abjecerit,
3408 890 3508 928 nec

1932 964 2266 1030 qualitatem.
2291 981 2411 1035 quae
2440 967 2586 1020 cerni
2627 968 2878 1036 tangique
2906 977 3106 1036 posset,
3171 982 3268 1020 nec
3328 966 3529 1019 anima'
3571 1021 3574 1024 ,

1932 1055 2287 1123 proprietates
2310 1057 2501 1112 anima:
2520 1057 2990 1127 deposuerit,licet
3018 1061 3403 1129 cumgutrisquc
3430 1062 3519 1133 dic

1931 1146 2129 1201 vinitas
2159 1158 2325 1202 esset.

2582 1233 2854 1301 Eiusdem.

2003 1326 2059 1382 Si
2091 1327 2291 1383 Christi
2322 1339 2507 1383 natura
2540 1332 2674 1393 sola,
2736 1341 2793 1384 ut
2852 1331 3048 1394 dicitis,
3108 1332 3363 1387 divinitas
3407 1345 3512 1393 csr,

1934 1422 2200 1487 quomodo
2229 1420 2498 1485 Christus,
2524 1422 2611 1486 qui
2648 1423 2949 1477 divinitatis
2986 1439 3095 1477 suae
3153 1434 3359 1479 natura
3392 1426 3515 1476 ubi-

1936 1522 2041 1575 que
2064 1518 2165 1570 est,
2199 1509 2337 1562 dixit
2387 1510 2452 1563 ad
2498 1511 2787 1579 discipulos
2835 1527 3008 1565 suos:
3074 1511 3314 1566 Lazarus
3372 1530 3515 1567 mor-

1938 1609 2058 1652 tuus
2085 1608 2184 1660 est,
2214 1610 2261 1653 et
2281 1601 2504 1670 gaudeo,
2529 1604 2666 1671 quod
2707 1619 2810 1655 non
2844 1618 2989 1655 eram
3031 1604 3102 1655 ibi
3126 1604 3141 1633 ί
3174 1602 3196 1655 ?
3241 1603 3518 1669 Quomodo

1937 1691 2235 1759 etaugelus
2262 1692 2327 1744 de
2356 1706 2579 1760 corpore
2636 1694 2822 1761 ipsius,
2879 1691 3148 1756 Surrexit,
3182 1693 3377 1757 inquit,
3415 1711 3518 1749 non

1938 1791 2012 1835 est
2036 1781 2119 1834 hic
2144 1784 2163 1812 ¹
2192 1782 2216 1835 ?

2590 1871 2866 1939 Ejusdem.

2013 1970 2300 2038 Propterea
2325 1967 2461 2020 duas
2490 1981 2595 2019 non
2619 1966 2865 2029 dicimus,
2896 1966 3163 2034 inquiunt,
3198 1966 3248 2019 in
3307 1966 3523 2020 Christo

1941 2072 2186 2122 naturas,
2215 2058 2467 2127 quoniam
2528 2072 2650 2126 quae
2680 2058 3003 2113 conﬁtemur
3062 2058 3113 2111 in
3166 2057 3401 2119 Christo,
3459 2071 3523 2110 ea

1944 2154 2097 2209 nobis
2146 2154 2325 2206 omnia
2384 2150 2759 2205 necessarium
2827 2159 2908 2203 est
2982 2149 3036 2203 in
3090 2158 3193 2203 tota
3262 2148 3526 2202 Trinitate

1940 2241 2746 2307 sanctacontiteri.Qnid?non
2799 2239 3129 2295 conﬁtemini
3190 2239 3246 2292 in
3308 2236 3525 2293 Christo

1944 2335 2123 2389 carnis
2151 2333 2546 2403 susceptionem
2575 2338 2630 2384 et
2644 2339 2818 2385 ortum
2845 2369 2861 2394 ,
2895 2338 2945 2386 et
2967 2328 3225 2401 quidquid
3252 2329 3318 2384 de
3346 2328 3525 2382 divina

1946 2426 2118 2494 ipsius
2166 2423 2517 2480 humanitatis
2565 2424 2911 2491 susceptione
2956 2419 3191 2477 dicitur?
3236 2419 3525 2488 Reliquum

1948 2517 2114 2588 igitur
2142 2527 2247 2582 εει,
2280 2524 2339 2570 ιιι
2369 2515 2483 2569 lucc
2528 2513 2585 2569 in
2636 2519 2745 2567 tota
2797 2524 2982 2567 sancta
3029 2509 3297 2571 Trinitate
3354 2506 3527 2563 conti-

1950 2608 2195 2665 teamini.

2586 2694 2865 2765 Ejusdem.

2024 2795 2079 2850 Si
2113 2808 2418 2863 qmeramus
2473 2805 2538 2845 ex
2579 2790 2732 2858 ipsis.
2774 2801 2879 2856 qua
2909 2793 3100 2841 natura
3129 2783 3383 2839 Christus
3408 2796 3530 2835 ver-

1952 2894 2017 2943 ba
2058 2884 2259 2940 homini
2293 2882 2644 2952 congruentia
2681 2878 2899 2943 dixerit,
2957 2892 3023 2930 ne
3070 2884 3319 2929 naturam
3353 2875 3529 2926 nomi-

1953 2987 2081 3034 nent
2116 2978 2191 3040 id,
2222 2975 2363 3046 quod
2399 2982 2479 3030 est
2518 2973 2806 3025 humanum
2849 2970 2902 3023 in
2958 2968 3198 3030 Christo,
3228 2981 3293 3021 eo
3345 2965 3531 3019 confu-

285 3078 435 3143 στοῦ,
476 3080 746 3147 λέγουσιν,
783 3079 865 3131 ὅτι
904 3078 1047 3132 κατὰ
1100 3080 1198 3147 τὴν
1223 3078 1637 3151 ἅνθρωπότητα,
1712 3056 1851 3134 κατὰ

1957 3072 2132 3140 giunt,
2165 3079 2222 3120 ut
2250 3069 2454 3131 dicant,
2490 3064 2848 3123 humanitate,
2883 3059 3274 3128 assumptione,
3294 3072 3357 3112 eo
3389 3056 3529 3124 quol

282 3173 345 3223 τὸ
370 3171 724 3241 πρόσλημμα,
768 3171 906 3223 κατὰ
953 3170 1013 3223 τὸ
1040 3170 1342 3239 ὁρώμενον,
1391 3174 1535 3225 κατά
1572 3171 1632 3224 τὸ
1664 3172 1847 3243 σῶμα,

283 3265 431 3316 κατὰ
447 3264 546 3333 τὴν
575 3263 779 3334 σάρκα,
811 3264 904 3316 καὶ
945 3263 997 3315 εί
1024 3280 1075 3314 τι
1105 3262 1366 3317 τοιοῦτον.
1406 3264 1470 3316 Εί
1496 3264 1552 3316 δὲ
1571 3281 1856 3335 προσερω-

280 3359 523 3427 τήσομεν
540 3372 557 3387 ·
572 3356 724 3410 Διατί
750 3356 975 3425 φεύγετε
993 3357 1051 3410 τὸ
1068 3356 1248 3425 λέγειν
1272 3356 1435 3425 φύσιν
1463 3360 1556 3411 ἐπὶ
1573 3356 1666 3410 τοῦ
1686 3374 1859 3428 προσ-

284 3449 593 3517 λήμματος,
643 3448 1051 3517 ἀποκρίνονται,
1098 3449 1183 3499 ὅτι
1219 3449 1336 3501 Ἵνα
1369 3450 1443 3518 μὴ
1498 3447 1592 3502 δύο
1661 3447 1855 3517 φύσεις

286 3541 384 3592 ἐπὶ
431 3538 528 3592 τοῦ
571 3538 807 3610 Χριστοῦ
871 3538 1379 3607 συνομολογοῦντες,
1447 3539 1541 3593 δύο
1584 3540 1857 3609 πρόσωπα

286 3629 541 3697 λέγοντες
590 3631 924 3699 εὐρεϐὦμεν.
958 3632 1032 3684 Οὐ
1094 3632 1199 3702 γάρ
1237 3634 1350 3684 ἐστι
1392 3632 1552 3699 φύσις
1600 3634 1859 3699 ἀπρόσω-

290 3737 418 3783 πος,
468 3722 665 3784 πάντες
698 3722 755 3775 δὲ
786 3723 833 3774 οί
868 3723 1121 3790 λέγοντες
1163 3723 1258 3775 δύο
1303 3722 1494 3789 φύσεις
1545 3725 1604 3775 tv
1636 3723 1861 3795 Χριστῷ

289 3811 650 3882 Νεστοριανοί
710 3817 868 3878 εἰσιν,
932 3815 1006 3876 ὡς
1054 3817 1133 3877 εἰς
1183 3815 1277 3867 δύο
1318 3814 1585 3883 πρόσωπα
1628 3815 1720 3868 τὸν
1762 3815 1861 3867 ἕνα

293 3905 534 3971 Χριστὸν
564 3904 924 3974 διαιροῦντες.
964 3900 1099 3959 Εἶτα
1145 3905 1515 3976 προφέρωμεν
1550 3905 1738 3966 αὐτοῖς
1764 3905 1860 3968 τὰς

290 3998 525 4065 χρήσεις
556 3996 665 4048 τῶν
713 3997 883 4064 ἁγίων
938 3998 1220 4069 [luteum
1264 3998 1389 4049 ὅσαι
1438 3995 1742 4068 διαρρήδην
1770 3996 1866 4049 δύο

292 4089 491 4157 φύσεις
519 4090 579 4141 tv
611 4088 833 4159 Χριστῷ
874 4089 1317 4160 συνομολογοῦσι.

402 4206 657 4276 Χρήσεις
673 4207 802 4275 περὶ
827 4204 933 4259 τῶν
951 4206 1060 4259 δύο
1089 4206 1194 4259 τοῦ
1220 4205 1476 4275 Χριστοῦ
1496 4206 1761 4275 φύσεων.

374 4366 481 4419 Τοῦ
503 4366 746 4436 μεγάλου
764 4364 1072 4434 Γρηγορίου
1102 4363 1195 4417 τοῦ
1219 4363 1650 4433 Θαυματουργοῦ
1680 4366 1745 4418 ἐκ
1766 4364 1863 4435 τῆς
1900 4398 1946 4455 D

302 4460 447 4511 κατὰ
506 4460 670 4530 μέρος
698 4457 937 4517 πίστεως
969 4472 983 4487 ·
1027 4456 1170 4509 «Καὶ
1218 4455 1331 4508 ἐστι
1372 4456 1500 4517 Θεὸς
1533 4455 1787 4524 ἀληθινὸς
1840 4458 1868 4509 6

297 4550 541 4619 ἄσαρκος
589 4550 645 4599 tv
690 4547 853 4619 σαρκὶ
896 4545 1253 4615 φανερωθεὶς,
1311 4546 1372 4597 ού
1418 4544 1513 4598 δύο
1573 4544 1869 4616 πρόσωπα,

302 4640 442 4691 ἀλλὰ
475 4639 567 4691 δύο
591 4638 799 4706 φύσεις.
830 4656 847 4688 ι

372 4730 484 4797 Τῆς
535 4728 756 4799 πρώτης
828 4726 1211 4796 οίκουμενικῆς
1285 4726 1502 4779 συνόδου
1582 4726 1691 4780 ἀπὸ
1773 4727 1873 4797 τῆς

302 4823 574 4883 ἐκθέσεως
601 4822 699 4891 τῆς
730 4819 870 4872 κατὰ
905 4819 1117 4871 Παύλου
1139 4817 1231 4871 τοῦ
1248 4818 1613 4888 Σαμοσατέως
1634 4819 1877 4873 ἰΤαῦτα

302 4911 639 4982 διὼρϐωται,
675 4911 771 4962 καὶ
802 4911 1196 4979 σεσαφήνισται
1249 4909 1349 4960 οὐκ
1379 4910 1457 4972 εἰς
1487 4909 1750 4979 διαίρεσιν
1781 4910 1874 4962 τοῦ

304 5006 424 5066 ἑνὸς
458 5003 753 5074 προσώπου
782 5002 877 5056 τοῦ
906 5001 1233 5071 ἀδιαιρέτου,
1267 4999 1385 5052 ἀλλ’
1408 5002 1485 5062 είς
1525 5002 1759 5071 δήλωσιν
1782 5001 1877 5055 τοῦ

305 5096 616 5165 ἀσυγχύτου
642 5094 752 5147 τῶν
782 5092 1155 5167 διορισθεισῶν
1185 5090 1402 5160 φύσεων
1424 5091 1525 5162 τῆς
1554 5089 1757 5162 σαρκὸς
1782 5092 1879 5143 καὶ

304 5188 404 5241 τοῦ
438 5187 637 5254 Λόγου.
679 5205 698 5238 ι
1740 5182 1761 5196 ‘

392 5280 714 5335 Ἀθανασίου
783 5278 1194 5350 Ἀλεξανδρείας
1229 5278 1295 5331 ἐκ
1336 5282 1433 5331 τοῦ
1480 5278 1605 5349 περὶ
1646 5277 1885 5340 πίστεως

306 5375 492 5444 λόγου.
522 5392 541 5425 α
562 5374 693 5428 ΤῶνΔ
714 5374 825 5443 γὰρ
857 5372 1054 5426 οὐσιῶν
1084 5370 1245 5425 αὑτοῦ
1269 5371 1301 5441 ἡ
1340 5371 1440 5439 μέν
1459 5372 1604 5423 ἐστιν
1628 5372 1883 5441 ἄναρχος,

1948 3162 2291 3217 cernebatur.
2332 3172 2580 3225 corpore,
2644 3169 2826 3219 carne,
2871 3164 2924 3207 et
2949 3152 2993 3206 si
3056 3150 3215 3229 quid,
3256 3158 3338 3204 est
3374 3147 3531 3202 aliud

1954 3253 2241 3325 ejusmodi.
2266 3251 2399 3306 Tum
2465 3250 2510 3303 si
2543 3263 2755 3302 rursum
2799 3257 3111 3314 qumramus
3140 3260 3153 3299 :
3185 3240 3296 3298 Cur
3329 3242 3402 3296 ita
3436 3255 3532 3297 ca—

1954 3349 2092 3403 vetis
2123 3347 2301 3402 dicere
2352 3352 2597 3397 naturam
2630 3338 2696 3392 de
2751 3352 2817 3393 eo
2862 3332 3006 3407 quod
3035 3344 3369 3403 assumptum
3399 3331 3535 3386 est?

1957 3440 2288 3510 respondent
2320 3455 2333 3492 :
2360 3435 2436 3489 Ne
2470 3437 2605 3489 duas
2636 3432 2691 3485 in
2719 3430 2939 3485 Christo
2964 3436 3186 3483 naturas
3215 3426 3536 3482 conﬁtentes

1959 3537 2092 3588 duas
2122 3545 2380 3601 personas
2413 3530 2596 3583 dicere
2667 3524 3157 3590 deprchendemur;
3195 3517 3339 3571 nulla
3391 3518 3534 3571 enim

1958 3633 2063 3688 est,
2102 3623 2369 3690 inquiunt,
2404 3629 2595 3672 natura
2624 3616 2740 3668 sine
2780 3624 3033 3680 persona.
3076 3610 3140 3661 At
3179 3608 3256 3660 illi
3289 3609 3379 3675 qui
3404 3609 3538 3660 duas

1960 3720 2015 3774 in
2075 3715 2291 3773 Cbrism
2332 3722 2551 3767 naturas
2608 3708 2813 3769 dicunt,
2861 3700 3166 3758 Nestoriani
3225 3706 3373 3763 sunt,
3414 3714 3535 3752 cum

1962 3812 2236 3870 Christum
2288 3819 2455 3861 unum
2506 3804 2561 3858 in
2616 3803 2751 3857 duas
2803 3809 3065 3866 personas
3100 3792 3360 3847 dividant.
3416 3789 3537 3845 Jam

1962 3906 2130 3977 igitur
2175 3902 2282 3958 illis
2320 3905 2626 3955 sanctorum
2681 3892 2901 3948 Patrum
2960 3900 3267 3957 promamus
3320 3895 3542 3938 senten-

1968 3975 2096 4062 tias,
2144 4008 2264 4065 qua:
2316 3990 2456 4043 duas
2506 3988 2558 4041 in
2605 3983 2820 4041 Christo
2855 3988 3081 4035 naturas
3136 3987 3320 4046 aperte
3371 3975 3543 4029 conti-

1971 4100 2168 4147 tentur.

2040 4205 2353 4262 Sanctorum
2382 4198 2605 4253 Patrum
2632 4195 2696 4248 de
2718 4191 2922 4245 duabus
2947 4189 3002 4243 in
3027 4186 3238 4243 Clu-isto
3268 4183 3472 4237 naturis

2575 4279 2897 4320 ιεδιιηιωιια.

2046 4366 2218 4438 Magni
2270 4360 2513 4429 Gregorii
2563 4374 2738 4412 rerum
2792 4352 3114 4407 mirabiliunt
3168 4346 3438 4404 effectoris
3493 4346 3544 4399 in

1971 4436 2220 4517 oratione
2248 4459 2311 4510 de
2343 4450 2598 4522 singulari
2625 4449 2728 4502 ﬁde
2758 4464 2772 4501 :
2815 4464 2833 4498 ι
2874 4444 2934 4497 Et
2963 4455 3047 4498 εει
3087 4442 3226 4496 Deus
3250 4452 3429 4503 verus,
3456 4436 3544 4505 ιιιιί

1969 4572 2091 4610 cum
2124 4558 2265 4606 esset
2294 4546 2477 4603 carnis
2537 4557 2749 4612 cXpers,
2798 4542 2849 4592 in
2877 4551 3042 4592 carne
3104 4532 3372 4603 apparuit.
3440 4543 3545 4582 non

1971 4657 2153 4701 tamen
2183 4644 2315 4697 duas
2347 4638 2503 4693 habet
2539 4647 2818 4705 personas,
2842 4629 2937 4685 sed
2967 4637 3192 4682 naturas
3219 4626 3374 4674 duas.
3412 4639 3430 4671 ι

2040 4736 2206 4789 Primi
2288 4727 2608 4786 tecumenici
2666 4721 2906 4783 concilii,
2932 4735 2992 4774 ex
3053 4715 3403 4785 Expositione
3450 4709 3547 4761 adn

1975 4842 2165 4881 versus
2198 4823 2421 4878 Paulum
2450 4820 2885 4872 Samosateusem
2910 4828 2925 4864 :
2952 4828 2968 4860 ς
2993 4807 3113 4861 llaec
3136 4803 3397 4871 explicata
3422 4808 3548 4851 sunt

1974 4925 2027 4973 et
2061 4917 2356 4977 declarata,
2388 4925 2498 4964 non
2525 4916 2581 4959 ut
2614 4922 2739 4968 una,
2774 4916 2890 4970 quae
2920 4893 3259 4952 indivisibilis
3290 4901 3392 4951 est,
3428 4905 3549 4957 pcr-

1975 5024 2106 5064 sona
2162 5006 2455 5065 dividatur,
2491 5000 2583 5054 sed
2615 5007 2671 5048 ut
2724 4992 2959 5048 delinitrc
2997 4998 3205 5043 natura:
3262 4985 3445 5039 carnis
3495 4989 3549 5036 et

1973 5100 2135 5155 Verbi
2161 5098 2274 5153 sine
2317 5091 2631 5148 confusione
2687 5088 3143 5141 demonstrentur.
3175 5097 3194 5130 ι

2050 5272 2328 5329 Athanasii
2369 5266 2760 5337 archiepiscopi
2814 5257 3157 5318 Alexandrini
3188 5270 3253 5310 ex
3308 5254 3551 5309 oratione

1981 5371 2047 5425 de
2072 5367 2174 5425 (ide
2207 5383 2222 5421 :
2262 5384 2283 5418 ι
2319 5363 2397 5417 Ex
2450 5363 2616 5433 ipsius
2672 5357 2922 5413 essentiis
2959 5369 3062 5407 uua
3093 5362 3175 5407 est
3228 5349 3346 5405 sine
3402 5349 3553 5417 prin-

310 5441 405 5520 καί.
426 5466 621 5531 ἀΐδιος,
653 5466 749 5519 καὶ
782 5441 1181 5535 απερίδρακτος
1215 5461 1293 5531 τῷ
1324 5460 1416 5531 νῷ⁶
1469 5463 1503 5532 ἡ
1536 5462 1591 5515 δὲ
1620 5462 1676 5513 ὲν
1713 5460 1852 5532 χρόνι

1980 5461 2121 5531 cipio
2150 5469 2204 5514 ct
2230 5457 2581 5526 sempiterna,
2638 5467 2758 5521 qua:
2790 5459 2968 5502 mente
3021 5441 3402 5513 comprehendi
3446 5454 3559 5492 non

311 5562 526 5631 γέγονε,
566 5580 587 5615 ι
612 5563 709 5616 καὶ
745 5560 814 5615 τὰ
845 5560 994 5629 ἑξῆς.

392 5765 415 5797 ⁸
442 5763 603 5821 Joan.
626 5776 675 5816 ιι
728 5762 816 5817 lii.
894 5766 912 5795 ’
938 5764 1068 5818 Luc.
1101 5776 1226 5817 xxiv
1280 5762 1333 5815 0.

1986 5563 2186 5630 potest,
2215 5550 2382 5606 altera
2415 5548 2469 5603 in
2502 5558 2741 5617 tempore
2770 5542 2907 5597 facta
2942 5550 3041 5594 est.
3068 5555 3088 5590 ι
