4020 6214
353 238 489 305 1081

1287 242 1660 303 PANOPLIA
1705 246 2173 310 DOGMATICA.
2219 273 2282 286 ’-
2320 252 2473 316 ΤΙΤ.
2530 250 2685 313 XVI.

3474 255 3611 322 1082

330 352 578 410 ε’πόντες
599 346 692 400 τοῦ
716 348 889 414 Λόγου
917 351 1013 419 τὴν
1048 348 1209 416 φύσιν
1240 353 1631 421 σεσιγήκαμεν,
1662 354 1764 407 ούκ
1795 356 1892 407 ἐπε

2029 373 2048 406 r
2086 358 2141 410 Si
2174 359 2355 420 cnim,
2396 359 2606 426 inquit,
2643 359 2889 413 dicentes
2943 375 3104 414 unam
3165 359 3324 417 Verbi
3359 372 3606 422 naturam

331 440 621 508 νεγκόντες
654 438 715 490 τὸ
747 439 1196 509 σεσαρκωμένην,
1243 441 1358 491 ἀλλ’
1390 436 1502 495 οἷον
1534 442 1637 508 ἔξω
1675 444 1921 508 τιθέντες

330 549 431 597 την
499 529 845 598 οἰκονομίαν,
897 525 965 599 ἦν
989 530 1170 593 αὐτοῖς
1193 530 1333 600 τάχα
1372 550 1476 586 που
1513 535 1605 587 καὶ
1634 534 1735 589 ούκ
1786 535 1921 589 ἀπίω

335 622 497 683 tuo;
533 623 560 672 ὀ
586 620 764 687 λόγος,
796 621 1006 691 ἐρωτᾷν
1036 620 1139 673 ποῦ
1172 621 1233 674 τὸ
1276 623 1488 677 τέλειον
1539 625 1596 677 ἐν
1634 626 1922 696 ἀνθρωπό-

330 727 481 775 τττι,
513 709 546 778 ἦ
598 708 717 770 πῶς
752 708 1061 777 ὑφέστηκεν
1090 711 1120 779 ἡ
1153 710 1278 763 καθ’
1330 713 1478 781 ἡμᾶς
1511 713 1693 765 οὐσίαο
1730 714 1920 785 ἐπειδὴ

332 801 387 849 δὲ
433 799 527 852 καὶ
557 801 588 867 ἠ
623 802 682 851 ἐν
713 799 1093 869 ἁνθρωπότητι
1145 800 1440 871 τελειότης,
1478 805 1575 856 καὶ
1603 805 1705 873 τῆς
1735 805 1921 874 καθ’ὴ-

335 893 442 959 μΞς
483 888 672 951 οὐσίας
718 890 750 958 ἡ
793 888 1023 958 δήλωσις
1057 891 1476 960 είσκεκόμισται
1542 893 1630 947 διὰ
1686 893 1781 947 τοῦ
1833 894 1921 947 λέ-

330 996 453 1042 γειν
504 979 955 1050 σεσαρκωμένην,
1017 980 1423 1035 παυσάσθωσαν
1468 981 1777 1053 καλαμίνην
1824 984 1922 1054 ῥά·

333 1069 455 1122 ὗὶον
480 1071 692 1134 ἑαυτοῖς
722 1070 1152 1141 ὑποστήσαντες.
1184 1090 1205 1125 ι

425 1249 519 1302 Ἐκ
549 1250 649 1320 τῆς
683 1250 855 1319 αὐτῆς
905 1250 1200 1320 ἐπιστολῆς
1248 1266 1263 1283 ο
1320 1269 1338 1303 ι
1382 1251 1682 1321 Ὀρθότατα
1719 1252 1774 1307 δέ
1826 1252 1919 1305 καὶ

331 1340 476 1393 πάνυ
510 1340 856 1395 συνετώτατα
900 1344 925 1407 ἡ
962 1342 1028 1412 σὴ
1079 1343 1350 1411 τελειότης
1398 1343 1490 1394 τὸν
1532 1345 1657 1412 περὶ
1690 1342 1785 1395 τοῦ
1814 1360 1919 1395 σω-

328 1430 524 1500 τηρίου
561 1431 772 1495 πάθους
814 1433 1096 1485 ἐκτίθεται
1126 1432 1305 1493 λόγον,
1341 1432 1440 1485 οὐκ
1471 1433 1633 1486 αὑτὸν
1694 1432 1787 1484 τὸν
1819 1448 1916 1501 μο-

327 1524 525 1592 νογενῆ
567 1522 696 1576 Υίὺν
728 1523 821 1575 τοῦ
855 1522 1015 1590 Θεοῦ,
1054 1524 1190 1577 καθὸ
1221 1526 1426 1577 νοεῖται
1488 1526 1582 1577 καὶ⁵
1613 1524 1729 1577 ἐστι
1784 1523 1916 1585 Θεὸς

328 1614 525 1667 παθεῖν
554 1613 635 1677 είς
664 1614 764 1685 τὴν
804 1615 940 1668 ἰδίαν
984 1616 1147 1684 φύσιν
1198 1616 1291 1668 τοῦ
1329 1616 1582 1685 σώματος
1635 1616 1912 1686 ίσχυριζο-

330 1709 490 1778 μένη,
524 1707 720 1762 παθεῖν
761 1706 818 1760 δὲ
859 1707 1062 1777 μᾶλλον
1088 1710 1153 1779 τῇ
1184 1711 1342 1778 χοῖκῇ
1378 1708 1562 1777 φύσει.
1605 1724 1624 1759 ι

396 1886 503 1941 Τοῦ
541 1887 710 1941 αὑτοῦ
756 1890 818 1942 ἐκ
853 1885 948 1942 τοῦ
982 1887 1121 1958 πρὸς
1172 1889 1547 1959 Ἀλεξανδρεῖς
1593 1904 1916 1957 προσφωνη-

321 1977 481 2032 τικοῦ
512 1979 717 2047 λόγουο
749 1996 768 2031 ι
825 1979 889 2034 Ἦ
944 1980 1042 2050 μέν
1091 1981 1395 2049 σύγκρασις
1449 1980 1756 2049 ἀφανισμὸν
1801 1980 1913 2031 τῶν

320 2073 540 2139 φύσεων
566 2073 880 2144 ἐργάζεται,
926 2076 956 2143 ἠ
1002 2074 1058 2127 δὲ
1088 2074 1330 2145 άρῤητος
1364 2074 1561 2136 ἐνωσις
1601 2073 1756 2142 παρὰ
1800 2072 1911 2125 τῶν

320 2164 500 2234 ὀρθῶς
531 2164 877 2234 φρονούντων
920 2164 1336 2234 ὁμολογουμένη
1370 2164 1693 2236 ἀμφοτέρας
1745 2163 1912 2231 ἀσυγ-

319 2255 517 2326 χύτους
563 2256 726 2320 σώζει
765 2259 865 2320 τὰς
904 2258 1123 2325 φύσεις.
1168 2276 1187 2309 ο
1640 2288 1651 2293 -

404 2349 500 2401 Ἐκ
565 2350 659 2401 τοῦ
731 2347 900 2400 αὑτοῦ
934 2347 1096 2415 λόγου
1142 2364 1158 2380 ο
1197 2365 1215 2399 ι
1254 2348 1377 2401 Τῶν
1424 2347 1517 2402 δύο
1549 2347 1766 2417 φύσεων
1798 2350 1908 2403 τῶν

317 2440 677 2508 ἐτεροουσίων
749 2438 950 2491 ἐν’ἑνὶ
996 2440 1220 2510 Χριστῷ
1282 2441 1396 2511 Υίῷ
1452 2442 1567 2494 ὄντι
1618 2441 1714 2515 τοῦ
1771 2442 1905 2495 Θεοῦ

314 2530 660 2599 σωζομένων.
695 2534 788 2582 καὶ
837 2534 974 2599 μήτε
1014 2533 1462 2603 συγκεχυμένων,
1487 2534 1626 2604 μήτε
1671 2532 1904 2587 ἀπολλυ-

316 2625 515 2695 μένων,
549 2624 993 2696 ἢδιαιρεθεισῶν.
1026 2642 1046 2676 ι

385 2803 495 2858 Τοῦ
561 2805 730 2859 αὑτοῦ
808 2808 871 2860 ἐκ
916 2806 1015 2877 τῆς
1054 2807 1356 2879 ἑρμηνείας
1408 2809 1547 2880 πρὸς
1611 2807 1900 2882 Ἐϐραίους

323 2896 647 2967 Ἐπιστολῆς
689 2912 705 2929 ο
752 2914 771 2949 ι
806 2897 917 2950 Καὶ⁵
946 2897 1009 2951 ού
1047 2898 1221 2969 δήπου
1253 2900 1437 2969 φαμὲν
1471 2899 1736 2970 ἀνάχυσιν
1789 2901 1899 2954 ὥσ-

2025 457 2348 511 tacerentus,
2380 464 2481 504 nec
2508 448 2901 517 subjicerentus
2949 450 3078 505 illud
3141 468 3359 508 carnem
3401 472 3608 510 assum~

2024 540 2216 609 psisse,
2260 543 2353 597 sed
2415 541 2870 611 dispensationem
2927 544 3324 613 quodammodo
3353 549 3610 603 exclude-

2022 648 2227 698 rcmns,
2259 634 2451 687 merito
2479 634 2708 688 fortasse
2744 645 3072 703 qua'rerent,
3100 638 3319 691 ubinam
3378 651 3521 694 esset
3556 642 3609 697 in

2023 723 2356 777 humanitate
2388 723 2664 791 perfectio,
2696 736 2787 779 aut
2815 727 3086 793 quomodo
3115 729 3345 783 humana
3374 734 3608 785 essentia

2023 816 2366 872 subsisteret.
2409 816 2478 869 At
2533 817 2788 886 quoniam
2825 826 2879 871 et
2933 818 3288 873 humanitatis
3321 818 3617 891 perfectio,-

2022 917 2074 961 et
2100 907 2352 961 essentia:
2375 917 2575 961 nostrae
2608 906 2902 961 declaratio
2925 922 2990 961 ex
3012 907 3188 961 verbis
3226 907 3352 971 illis,
3386 890 3624 979 carnem"

2020 995 2400 1065 assumpsisse,
2454 996 2818 1063 demonstrata
2850 1003 2956 1061 est,
2984 1005 3198 1051 cessent
3230 997 3451 1069 sibiqua,
3476 997 3610 1073 ipsis
3646 1064 3649 1069 η

2022 1088 2377 1142 arundineam
2404 1087 2609 1157 virgam
2642 1086 2961 1158 objiciant.»
3426 1084 3429 1085 ⁷
3525 1089 3529 1093 ’

2088 1264 2167 1319 Ex
2202 1263 2391 1317 eadem
2445 1264 2671 1333 epistola
2701 1281 2715 1315 :
2748 1282 2768 1315 ι
2800 1262 3131 1319 Rectissime
3180 1268 3234 1317 et
3284 1263 3606 1331 prudentis-

2018 1361 2156 1410 sime
2190 1356 2449 1423 perfectio
2483 1366 2572 1409 tua
2613 1356 2680 1410 de
2740 1356 2967 1410 salutari
3020 1355 3266 1409 cruciatu
3324 1365 3378 1408 et
3433 1366 3608 1410 morte

2020 1450 2279 1502 rationem
2309 1448 2682 1517 espouit,dum
2708 1447 2881 1516 ipsum
2905 1445 3244 1515 unigenitum
3272 1444 3466 1497 Filium
3489 1444 3604 1506 Dei,

2017 1551 2279 1607 quatenus
2312 1538 2631 1607 intelligitur
2662 1547 2716 1592 et
2745 1549 2826 1591 est
2862 1536 3019 1602 Deus,
3080 1536 3131 1590 in
3162 1522 3353 1590 natura
3389 1538 3605 1607 propria

2016 1647 2231 1701 passum
2253 1646 2373 1685 esse
2404 1632 2516 1695 illa,
2547 1645 2665 1699 qua:
2685 1630 2929 1698 corporis
2972 1639 3125 1693 sunt,
3189 1638 3369 1697 negat,
3402 1616 3514 1693 sed,
3539 1640 3606 1681 ea

1947 1703 1987 1758 Β
2017 1725 2196 1790 potius
2248 1724 2488 1776 terrestri
2526 1732 2715 1775 natura
2747 1721 3033 1789 pertulisse
3064 1718 3383 1774 confirmat.
3407 1736 3426 1769 ι
3541 1747 3565 1773 η

2084 1896 2160 1950 Ex
2224 1898 2492 1959 oratione,
2552 1912 2711 1966 quam
2770 1896 2837 1951 ad
2886 1874 3302 1954 .Alexandrinos
3355 1899 3601 1956 habuit:

2021 2005 2039 2038 ι
2076 1987 2401 2044 Commistio
2430 1991 2652 2044 adducit
2687 1989 2963 2043 interitum
3030 1990 3370 2057 naturarum,
3403 2008 3599 2045 arcana

2010 2092 2140 2132 vero
2182 2079 2516 2148 coniunctio,
2550 2093 2709 2146 quam
2745 2090 2889 2133 reete
2919 2079 3166 2133 sentient»
3190 2094 3217 2134 ε
3251 2082 3600 2145 confitentur,

2011 2183 2271 2239 utrasque
2293 2172 2411 2224 sine
2444 2170 2761 2225 confusione
2816 2181 3041 2227 naturas
3083 2179 3287 2228 tuetur.
3329 2191 3347 2224 ι

2076 2355 2152 2408 Ex
2191 2356 2379 2411 eadem
2416 2355 2661 2409 oratione
2694 2372 2707 2408 :
2738 2374 2755 2405 r
2807 2354 2932 2409 Duae
2958 2365 3164 2410 natura:
3210 2355 3465 2408 diversas
3502 2354 3597 2406 ha-

2006 2447 2197 2502 bentes
2227 2447 2494 2501 essentias
2528 2447 2579 2499 itt
2622 2462 2726 2499 uno
2756 2445 2973 2499 Christo
3003 2446 3140 2498 Filio
3204 2444 3297 2498 Dei
3366 2460 3596 2497 servan-

2008 2542 2119 2599 tur,
2139 2546 2320 2588 etnon
2350 2535 2777 2600 confunduntur,
2805 2550 2903 2591 nec
2939 2537 3368 2605 perduntur,ant
3395 2534 3599 2587 distra-

2008 2624 2235 2680 ltuntur.
2263 2644 2282 2677 ι

2073 2810 2328 2878 Ejusdem
2370 2824 2435 2865 ex
2477 2808 2901 2863 Commentariis
2952 2808 3004 2861 iu
3064 2805 3363 2871 Epistolam
3388 2806 3452 2859 ad
3484 2805 3594 2859 He-

2001 2900 2177 2955 bra’os
2207 2919 2221 2954 :
2257 2919 2275 2953 ι
2316 2902 2378 2955 Et
2408 2918 2512 2956 non
2554 2901 2788 2955 dicimus
2818 2900 3108 2969 quamdam
3129 2898 3294 2952 voluti
3317 2899 3594 2952 confusio-

308 3002 419 3057 περ
472 2986 596 3040 τινὰ
628 2986 905 3058 συμϐῆναι
942 2988 1071 3058 περὶ
1104 2988 1203 3051 τὰς
1248 2988 1463 3057 φύσεις,
1504 2990 1579 3050 ὠς
1618 2991 1897 3059 μεταστῆ-

2010 3008 2127 3045 nem
2155 2994 2207 3046 in
2233 2994 2441 3048 naturis
2459 2992 2744 3057 accidisse,
2777 3004 2831 3045 ut
2859 2991 3017 3044 Verbi
3046 3000 3242 3042 natura
3273 2989 3324 3041 in
3354 2988 3592 3042 hominis

307 3096 401 3132 ναι
439 3078 539 3148 μὲν
581 3077 680 3148 τὴν
698 3078 793 3133 τοῦ
849 3079 1023 3148 Λόγου
1058 3080 1222 3148 φύσιν
1256 3080 1337 3143 είς
1365 3081 1463 3152 τὴν
1488 3080 1580 3134 τοῦ
1603 3081 1896 3150 ἀνθρώπου

305 3187 339 3223 τ
356 3172 494 3240 ,χὸεη
532 3170 963 3241 μεταποιηθῆναι
989 3171 1045 3223 δὲ
1085 3172 1181 3243 τὴν
1204 3172 1559 3244 ἀνθρωπίνην
1582 3174 1662 3236 είς
1681 3170 1782 3243 τὴν
1801 3172 1895 3225 τοῦ

305 3266 507 3330 Λόγου.
547 3282 565 3314 ι

390 3358 487 3411 Ἐκ
513 3360 609 3426 τῆς
642 3358 806 3430 αὐτῆς
833 3357 1127 3427 ἐπιστολῆς
1168 3373 1185 3390 ·
1229 3375 1249 3409 ι
1282 3359 1589 3422 Φάσκοντες
1634 3354 1774 3411 εἶναι
1806 3377 1895 3413 σο-

307 3447 402 3513 φοὶ
435 3446 857 3517 ἐμωράνθησαν,
901 3446 1325 3510 ἁποδιιστῶντες
1357 3447 1603 3516 ἀλλήλων
1631 3448 1729 3510 τὰς
1789 3447 1891 3516 φύε

303 3558 445 3604 σεις.
481 3563 499 3594 ι

377 3632 663 3686 Τοσούτων
700 3631 802 3702 μὲν
828 3625 922 3684 οὖν
945 3630 1118 3698 ἁγίων
1163 3633 1388 3702 χρήσεις
1427 3625 1588 3686 αὗται
1621 3632 1751 3705 περὶ
1782 3632 1891 3689 τῶν

302 3727 401 3779 διο
437 3727 529 3778 τοῦ
558 3724 798 3797 Χριστοῦ
827 3724 1062 3793 φύσεων,
1098 3723 1184 3778 ἵνα
1208 3726 1306 3786 τὰς
1339 3723 1448 3778 τῶν
1499 3722 1675 3778 ἄλλων
1704 3725 1889 3795 παρῶ-

308 3837 411 3889 μεν
450 3818 649 3882 πολλάς
681 3818 845 3878 οὔσας
880 3830 895 3846 ⁸
930 3818 957 3867 ὁ
990 3817 1047 3869 δὲ
1105 3814 1371 3885 θεήλατος
1432 3814 1672 3885 Σευῆρος
1725 3816 1783 3867 ἐν
1818 3818 1884 3886 τῇ

305 3911 519 3964 ἐκθέσει
578 3912 679 3980 τῆς
734 3910 973 3970 πίστεως
1012 3907 1178 3961 αὑτοῦ
1238 3907 1412 3960 τοιάδε
1470 3908 1604 3977 φησί
1636 3917 1654 3936 ⁸
1694 3907 1798 3960 «Τὸ
1826 3908 1885 3962 δὲ

304 4004 486 4071 λέγειν
522 4003 614 4055 δύο
642 4004 834 4069 φύσεις
868 4000 964 4052 ἐπὶ
1014 3999 1253 4069 Χριστοῦ
1307 4000 1490 4067 πάσης
1546 3999 1885 4068 κατηγορίας

302 4096 424 4147 ἐστὶ
465 4094 685 4162 μεστὸν,
736 4094 784 4144 εί
820 4092 913 4143 καὶ
941 4090 1046 4143 ὑπὸ
1095 4090 1361 4143 πλειόνων
1405 4088 1578 4157 ἁγίων
1621 4089 1885 4158 Πατέρων

302 4186 610 4257 ἀμέμπτως
633 4186 871 4256 εἴρηται.
904 4203 923 4235 ι
950 4183 1059 4236 Καὶ
1085 4182 1203 4253 μοτ’
1229 4181 1388 4251 ὀλίγα
1415 4198 1428 4212 ⁸
1455 4181 1596 4235 «Καὶ
1621 4182 1696 4252 μὴ
1719 4183 1883 4237 πάλιν

302 4297 495 4351 εεπῃς,
522 4280 597 4342 ὼς
627 4283 692 4348 τῇ
718 4277 864 4341 λέξει
894 4277 1001 4328 τῶν
1027 4276 1121 4328 δύο
1160 4274 1375 4344 φύσεων
1407 4291 1551 4338 τινες
1573 4276 1682 4329 τῶν
1712 4277 1885 4331 Πατέ-

2004 3095 2250 3138 uatnram
2272 3093 2602 3139 commutata
2626 3087 2776 3148 sit,et
2797 3083 3033 3138 hominis
3051 3093 3243 3135 natura
3266 3080 3589 3135 inataturant

2000 3176 2181 3231 Verbi.
2227 3194 2245 3227 ι

2068 3354 2143 3407 Ex
2171 3352 2358 3406 cariem
2399 3350 2634 3419 Epistula
2668 3369 2683 3407 :
2731 3371 2749 3404 r
2793 3351 3036 3407 Dicente:
3067 3368 3124 3407 se
3169 3368 3289 3408 esse
3318 3353 3587 3423 sapientes

1992 3439 2144 3493 stulti
2181 3439 2309 3493 facti
2334 3448 2483 3501 sunt,
2525 3449 2749 3493 naturas
2771 3440 3159 3496 distrahentes.
3207 3460 3226 3494 ι

2064 3616 2188 3670 llzec
2220 3625 2347 3669 sunt
2376 3615 2440 3670 de
2474 3616 2682 3671 duabus
2735 3616 2937 3672 Christi
3003 3618 3215 3673 naturis
3273 3630 3584 3674 sanctorum

1989 3707 2211 3761 Patrum
2255 3706 2583 3773 testimonia,
2618 3720 2677 3761 ut.
2709 3707 2834 3772 alia,
2873 3724 2992 3776 qua:
3035 3709 3201 3764 multa
3232 3719 3380 3776 sunt,
3419 3712 3586 3764 omit-

1992 3808 2191 3853 tamus.
2254 3800 2322 3852 At
2363 3812 2392 3851 a
2456 3798 2567 3853 Deo
2636 3798 2868 3867 reiectus
2944 3800 3202 3865 Severus,
3266 3800 3353 3854 ubi
3420 3801 3581 3855 tidem

1987 3905 2142 3945 suam
2169 3888 2422 3957 explicat,
2445 3887 2678 3959 loquitur
2704 3890 2770 3943 ad
2802 3888 2944 3943 hunc
2970 3892 3187 3944 modum
3218 3910 3231 3945 ζ
3258 3909 3274 3942 t
3305 3888 3411 3944 Sed
3445 3890 3581 3943 duas

1987 3979 2039 4034 in
2071 3980 2286 4035 Christo
2318 3986 2540 4034 naturas
2589 3979 2770 4035 dicere
2811 3980 2956 4034 omni
3016 3980 3225 4034 ratione
3282 3980 3580 4033 cavendum

1986 4079 2089 4133 est,
2126 4070 2251 4124 licet
2306 4085 2333 4122 a
2381 4070 2751 4136 compluribus
2806 4069 3011 4124 sanctis
3052 4068 3304 4123 Patr:bns
3338 4069 3453 4123 sine
3486 4083 3572 4121 rc-

1986 4164 2350 4234 prebensione
2380 4165 2581 4217 dictum
2635 4162 2724 4217 sit.
2767 4181 2786 4214 ι
2828 4161 2892 4215 Et
2938 4163 3097 4231 paulo
3152 4170 3275 4232 post
3308 4178 3323 4216 ε
3358 4180 3377 4213 ι
3423 4161 3489 4213 Et
3511 4175 3583 4213 ne

1987 4256 2207 4322 dixeris,
2233 4254 2493 4324 quosdam
2527 4272 2556 4310 ε
2608 4255 2814 4311 sanctis
2876 4253 3128 4310 Patribus
3160 4258 3383 4309 duarntn
3416 4262 3578 4307 natu-

305 4348 436 4441 ρων
476 4374 802 4442 ἐχρήσαντο.
851 4369 1184 4437 Ἐχρήσαντο
1214 4367 1323 4437 γὰρ
1375 4367 1740 4438 ἅδιαὸλήτως,
1804 4369 1880 4432 ὡς

2010 4364 2172 4401 ἰιΓυιιι
2204 4349 2438 4402 dictione
2487 4349 2656 4404 fuisse
2722 4363 2869 4404 usos.
2922 4348 2977 4403 ιιι
3028 4350 3173 4405 enim
3236 4350 3356 4404 sine
3401 4364 3583 4420 repre-

303 4465 665 4533 προείπομεν,
696 4464 835 4514 κατὰ
864 4463 919 4513 δὲ
951 4462 1042 4511 τὸν
1073 4461 1261 4529 χρόνον
1304 4459 1397 4511 τοῦ
1429 4460 1585 4528 ἁγίου
1616 4461 1881 4530 Κυρίλλου

300 4559 402 4625 τῆς
434 4558 591 4608 νόσου
617 4555 724 4606 τῶν
760 4552 1050 4619 Neo-topica
1087 4550 1431 4616 κενοφωνιῶν
1453 4551 1550 4613 τὰς
1580 4551 1883 4621 ἐκκλησίας

301 4648 726 4717 ἐπινεμομένης,
750 4648 781 4714 ἡ
810 4645 953 4708 λέξις
977 4642 1411 4713 ἁπεδοκ·μάσθη.
1444 4643 1634 4710 ιΕῦγε,
1652 4637 1697 4697 ὦ
1718 4645 1883 4697 κατά-

302 4757 459 4812 pars,
490 4741 572 4793 ὃτι
604 4739 741 4800 τέως
775 4739 1083 4807 χρήσασθαι
1114 4740 1177 4806 τῇ
1215 4737 1353 4800 λέξει
1381 4738 1491 4790 τῶν
1542 4736 1637 4791 δύο
1666 4737 1884 4807 φύσεων

302 4832 616 4901 ὁμέμπτως
666 4830 888 4887 πολλοὺς
920 4829 1028 4881 τῶν
1084 4828 1252 4896 ἁγίων
1291 4828 1566 4897 ’Πατέρων
1600 4831 1693 4881 καὶ
1734 4831 1884 4884 ἄκων

300 4925 690 4995 ὡμολόγησας,
725 4922 1150 4990 εύλαὸούμενος,
1181 4921 1253 4981 ὡς
1288 4922 1454 4985 ἔοικε,
1490 4922 1590 4989 τὴν
1615 4922 1883 4993 πρόδηλον

299 5019 562 5088 ἀλήθειαν
587 5057 601 5075 ,
635 5017 807 5079 δεῖξον
840 5016 896 5068 δὲ
928 5014 1136 5077 λοιπὸν,
1173 5014 1302 5066 πότε
1352 5013 1446 5065 καὶ
1500 5014 1657 5083 παρὰ
1708 5016 1882 5068 ποίων

301 5112 474 5176 ἁγίων
493 5110 749 5178 Πατέρων
777 5110 809 5178 ἡ
842 5107 985 5171 λέξις
1029 5106 1463 5175 ἀπεδοκιμάσθη,
1500 5107 1619 5170 πῶς
1674 5109 1729 5161 δὲ
1775 5109 1882 5180 πρὸ

301 5206 403 5270 μὲν
430 5201 523 5253 τοῦ
558 5199 851 5270 Νεστορίου
878 5198 970 5251 δύο
997 5197 1187 5267 φύσεις
1215 5193 1362 5267 εἶχεν
1393 5201 1421 5251 ό
1444 5199 1706 5269 Χριστὸς,
1739 5202 1878 5270 μετὰ

298 5296 356 5347 δὲ
391 5295 481 5347 τὸν
505 5294 802 5362 Νεστόριον
831 5295 886 5346 αί
920 5292 1013 5345 δύο
1044 5290 1143 5361 μία
1189 5292 1499 5359 γεγόνασιν,
1563 5294 1878 5346 erratibus:

298 5389 395 5438 καὶ
422 5386 704 5438 ἁλλόκοτε.

1987 4440 2247 4496 heusione
2279 4452 2332 4493 et
2368 4438 2521 4509 culpa
2569 4440 2837 4505 fecerunt,
2897 4452 2954 4495 ιιι
3013 4457 3138 4495 ante
3197 4442 3455 4495 diximus.
3514 4429 3578 4492 A'

1985 4532 2160 4583 sancti
2214 4528 2404 4599 Cyrilli
2450 4541 2689 4600 tempore
2742 4547 2863 4586 cunt
2920 4531 3160 4585 inanium
3196 4531 3429 4584 Nestorii
3461 4545 3580 4582 ver-

1983 4622 2174 4677 borum
2244 4625 2410 4693 pestis
2454 4623 2729 4679 Ecclesias
2794 4625 3200 4693 depasceretur,
3249 4624 3362 4677 haec
3411 4621 3579 4677 dictio

1984 4715 2086 4769 fuit
2138 4717 2496 4785 improbata.)
2529 4717 2710 4787 Euge,
2749 4719 2911 4774 homo
2956 4715 3310 4780 exsecrande,
3365 4715 3577 4783 quando

1984 4806 2181 4860 nmltos
2215 4818 2525 4862 sanctorum
2579 4807 2798 4863 Patrum
2865 4810 3092 4863 duarum
3132 4819 3444 4861 naturarunt
3498 4806 3576 4858 rli-

1985 4892 2166 4953 ctiOne
2202 4915 2326 4954 usos
2348 4901 2426 4954 vel
2458 4901 2656 4956 invitus
2690 4901 2973 4956 c0ufessns
3006 4917 3086 4967 es,
3119 4903 3480 4971 perspicuam,
3518 4905 3575 4952 ut

1984 5001 2229 5060 apparet,
2254 4992 2455 5046 veritus
2490 4994 2798 5057 veritatem,
2835 4994 3319 5064 ostendejamqno
3337 5004 3575 5060 tempore

1984 5090 2037 5134 et
2064 5096 2092 5133 ει
2125 5082 2322 5151 quibus
2364 5084 2567 5138 sanctis
2601 5084 2856 5142 Patribus
2890 5089 3014 5141 haec'
3073 5086 3235 5140 dictio
3280 5085 3440 5140 fuerit
3472 5085 3571 5138 im-

1983 5172 2229 5243 probata,
2257 5180 2311 5225 ct
2343 5178 2614 5242 quomodo
2645 5178 2776 5232 duas
2809 5188 2934 5232 ante
2990 5176 3301 5231 Nestorium
3348 5187 3571 5231 naturas

1984 5266 2234 5320 Christus
2322 5266 2591 5334 habuerit,
2658 5281 2779 5339 post
2838 5269 3144 5323 Nestorium
3206 5277 3385 5322 autem
3450 5268 3569 5321 dua)

1984 5374 2087 5411 una
2122 5359 2273 5412 facta:
2324 5360 2431 5413 sint
2457 5400 2470 5425 ,
2507 5362 2667 5415 iiOtllO
2708 5364 3039 5429 ineptissime
3091 5371 3142 5413 et
3180 5361 3541 5417 inconstantil

1985 5467 2140 5509 διιιισ.
