4032 6210
230 287 392 350 1885

242 498 472 565 ’Ἰησοῦν
491 498 734 567 Χριστὸν
760 503 1072 568 συμφὼνιιις
1089 503 1330 567 ἅπαντες
1359 505 1778 578 ὲκδιδάσκομεν.
1805 527 1826 563 ι

247 588 353 642 Ἐν
384 588 598 651 τούτοις
639 590 731 641 τὸν
791 593 1114 661 Σαμοσατέα
1149 595 1362 649 Παῦλον
1395 599 1491 652 καὶ
1540 599 1833 672 Νεπόριον

231 685 381 746 τοὺς
403 683 878 754 ἀνθρωπολάτρας
922 687 1268 754 ἐπιστομίζει
1304 690 1433 752 τοὺς
1474 694 1556 755 είς
1582 693 1712 746 υίῶν
1737 695 1832 747 δυ-

232 775 351 828 άδα
379 774 690 844 τολμῶντας
713 775 876 828 αὐτὸν
913 777 1170 848 διαιρεῖν,
1204 781 1307 833 καὶ
1338 783 1496 836 ἄλλον
1529 786 1626 853 μὲν
1651 785 1834 854 λέγον-

237 885 346 930 τας
375 869 502 922 Υἱὸν
525 869 688 938 φύσει
715 870 806 924 τὸν
830 873 1026 940 Λόγον,
1046 875 1206 928 ἄλλον
1223 877 1278 928 δὲ
1311 879 1476 930 πάλιν
1503 879 1632 932 Υίδν
1647 884 1833 950 χάριτι

237 965 348 1016 τὸν
383 963 622 1033 Χριστὸν
689 964 900 1033 Ἰησοῦν
925 965 1116 1020 ἑνώσει
1143 969 1237 1020 καὶ
1274 973 1546 1040 συναφείςι
1593 973 1658 1042 τῇ
1697 973 1833 1042 πρὸς

239 1057 348 1106 τὸν
380 1054 526 1105 κατὰ
566 1053 730 1122 φύσιν
755 1055 884 1108 Υίδν
921 1056 1022 1128 τὴν
1042 1057 1266 1128 υίότητα
1319 1063 1682 1130 κεκτημένον,
1741 1065 1837 1118 καὶ

242 1145 362 1213 οὐχ
418 1145 819 1214 ὁμολογοῦντας
877 1148 1100 1203 ’ἐ-ακαὶ
1157 1151 1249 1202 τὸν
1283 1152 1446 1206 αὑτὸν
1482 1155 1610 1207 Υίὺν
1665 1157 1838 1226 ἀσαρο

241 1252 352 1288 κον
391 1235 487 1304 μὲν
515 1238 623 1306 πρὸ
650 1239 748 1306 τῆς
785 1242 1147 1304 καταϐάσεως
1199 1247 1292 1297 καὶ
1345 1247 1833 1318 ἰνανθρωπήσεως,

244 1335 682 1398 σεσαρκωμένον
713 1332 768 1384 δὲ
796 1335 886 1385 τὸν
912 1335 1074 1387 αὑτὸν
1108 1339 1247 1406 μετὰ
1279 1338 1378 1409 τὴν
1405 1340 1473 1393 δι’
1497 1343 1646 1411 ἡμᾶς
1669 1345 1838 1398 κατάι

243 1426 418 1476 bach:
443 1441 502 1476 τε
535 1427 629 1478 καὶ
660 1428 1100 1501 ἑνανοθρῶπησιν.

333 1558 584 1613 (Τέλειον
618 1562 676 1612 ὲν
706 1561 946 1632 θεότητι,
984 1567 1077 1618 καί
1101 1567 1310 1627 τέλειον
1340 1570 1430 1622 τὸν
1450 1571 1616 1625 αὐτὸν
1646 1574 1701 1625 ὲν
1744 1575 1839 1628 ἀν-

248 1645 857 1715 ορωπότητι.›Τέλειον
889 1655 947 1705 ὲν
974 1657 1184 1724 θεότητι
1217 1659 1471 1726 είποῦσα,
1494 1662 1592 1732 τὴν
1624 1664 1839 1734 Ἀρεια-

1196 298 1571 360 PANOPLIA
1612 301 2072 370 DOGS’IATICM
2116 335 2187 346 --
2227 310 2383 375 ΤῖΤ.
2427 311 2582 373 ΧΠ.

305 425 326 456 ο
339 406 480 458 Ἕνα
499 404 596 459 καί
611 405 702 458 τδν
724 406 886 460 αὑτὸν
909 409 965 478 6,.
982 409 1192 479 ολογεῖν
1209 412 1337 465 Υίὸν
1351 413 1440 466 τὸν
1459 415 1662 484 Κύριον
1676 418 1708 487 ἡ
1718 417 1834 486 μῶν
1865 419 1909 479 Α

3351 281 3354 284 ’
3386 320 3528 387 1086

2016 441 2032 473 ι
2079 424 2250 478 Unum
2281 441 2331 479 et
2381 430 2630 481 currulem
2674 427 2917 482 conﬁteri
2964 429 3248 486 Dominum
3276 446 3521 492 nostrum

1934 513 2116 568 Jcsum
2161 519 2435 573 Christum
2473 537 2578 575 uno
2627 537 2816 576 Omnes
2862 538 3131 579 consensu
3188 526 3463 586 docemus.
3499 551 3516 582 ι

1935 608 2142 674 Quibus
2173 613 2350 665 Vt'l‘iiis
2387 612 2550 666 Paulo
2577 613 2942 668 Samusateusi
2981 625 3034 670 et
3089 617 3338 673 Nestorio
3363 619 3524 674 Chri-

1935 711 2078 754 stum
2107 713 2162 753 ut
2191 702 2458 756 hominem
2479 721 2667 773 purmu
2688 708 2992 762 colentibus
3021 723 3254 778 eumque
3277 713 3525 780 geminos

1937 795 1989 848 in
2027 796 2191 849 Filios
2227 796 2609 852 dividentihus.
2649 800 2920 865 aliumque
2949 800 3364 871 naturaFilium
3391 800 3526 856 Ver-

1937 889 2082 951 bum,
2104 897 2158 941 et
2192 890 2356 942 alium
2387 904 2575 942 rursus
2601 894 2767 959 gratia
2792 890 2984 964 Filium
3009 892 3288 947 Christum
3313 890 3523 962 Jesum,

1937 982 2027 1049 qui
2074 989 2293 1050 propter
2318 979 2436 1034 Filii
2475 982 2737 1035 naturalis
2771 983 3210 1050 e0njunctionem
3247 993 3302 1038 et
3349 971 3524 1054 'copu4
3616 991 3624 997 ⁷

1940 1074 2192 1126 lationem
2245 1073 2532 1140 adoptatus
2578 1073 2648 1126 sit
2706 1072 2895 1137 Filius,
2959 1076 3357 1141 asset-cutibus,
3429 1090 3540 1129 nec

1941 1182 2103 1220 unum
2152 1175 2206 1220 et
2243 1167 2492 1219 eiimdem
2555 1164 2750 1218 Filium
2803 1167 3204 1230 conﬁtentibus,
3251 1169 3341 1235 qui
3379 1155 3524 1222 cum

1939 1273 2226 1322 anzequam
2261 1260 2614 1312 descruderet
2638 1269 2688 1310 et
2714 1259 2874 1311 bolno
2901 1259 3072 1321 tieret,
3122 1257 3302 1311 carnis
3331 1273 3526 1327 expers

1940 1357 2110 1408 cs~et,
2170 1346 2310 1399 idem
2347 1355 2712 1414 posteaquam
2749 1345 3034 1398 descendit
3071 1357 3124 1399 et
3159 1349 3320 1400 homo
3349 1345 3528 1400 factus

1938 1447 2043 1498 est,
2087 1452 2304 1491 carnem
2357 1438 2560 1502 habuit,
2592 1453 2652 1491 os
2685 1437 3009 1490 obstruitur.

2018 1593 2036 1624 ι
2081 1573 2384 1628 Perfectum
2420 1575 2665 1628 eumdem
2710 1575 2760 1628 in
2816 1574 3122 1636 divinitate,
3174 1583 3227 1627 et
3279 1573 3524 1627 eumdem

1944 1666 1996 1719 in
2068 1667 2402 1719 humanitate
2455 1667 2776 1734 perfectura.
2818 1685 2835 1716 ι
2877 1665 3072 1718 Diceus
3134 1668 3185 1717 iu
3234 1664 3524 1737 divinitate

249 1741 367 1827 νῶν
416 1742 724 1796 ἀπωθεῖται
765 1745 1144 1816 βλασφημίαν.
1208 1746 1369 1804 Οὗτοι
1421 1752 1525 1824 γὰρ
1552 1755 1684 1808 Θεὸν
1741 1759 1839 1826 μὲν

1953 1757 2270 1827 perl‘eCtum,
2302 1758 2544 1812 excludit
2606 1757 2939 1810 exsecrabile
2978 1755 3325 1809 maledictum
3377 1753 3528 1805 Aria-

245 1825 398 1884 εἶναι
421 1832 636 1901 λέγουσι
663 1838 752 1890 τὸν
779 1840 1038 1910 Χριστὸν,
1065 1842 1229 1912 ἀτελῆ
1258 1845 1312 1897 δὲ
1330 1846 1424 1898 καὶ
1454 1847 1715 1900 ἐλάττονα
1744 1825 1839 1902 τοῦ

249 1924 480 1993 Ὴατρός
509 1926 643 1979 Θεὸν
673 1929 831 1981 αὐτὸν
855 1931 1296 1999 δογματίζουσιν.
1339 1937 1428 1988 Ἐν
1457 1938 1512 1990 δὲ
1531 1939 1607 2008 τῷ
1640 1942 1837 2006 εἰπεῖν,

251 2017 363 2070 ’καὶ
389 2018 600 2072 τέλειον
642 2023 733 2073 τὸν
790 2023 954 2076 αὑτὸν
989 2027 1047 2078 ὲν
1101 2027 1505 2100 ἀνθρωπότητι,
1561 2031 1622 2083 οῦ
1668 2033 1837 2102 μόνον

250 2107 360 2178 τὴν
402 2111 725 2181 Ἀρειανῶν,
786 2114 926 2166 ἀλλὰ
984 2117 1080 2169 καὶ
1149 2119 1685 2191 Ἀπολλιναριαστῶν
1734 2123 1841 2177 διε-

253 2199 446 2272 λέγχει
479 2203 686 2260 ἄνοιαν.
725 2207 781 2260 ’0
815 2209 914 2276 μὲν
939 2210 1046 2281 γὰρ
1077 2211 1295 2278 ’Ἄρειος
1332 2213 1539 2284 ἄψυχον
1559 2217 1840 2281 παντελῶς

255 2293 443 2362 σάρκα
472 2293 822 2363 ἀνειληφέναι
861 2298 951 2349 τὸν
979 2299 1152 2367 Λόγον
1188 2300 1439 2372 ληρωὸεἶε
1477 2288 1606 2358 est
1648 2304 1838 2358 Ἀπολο

254 2382 506 2452 λινάριος
561 2383 808 2454 ἔμψυχον
870 2386 992 2456 μὲν,
1031 2389 1194 2443 ἄνουν
1259 2391 1338 2453 δὲ.
1388 2393 1462 2456 ὡς
1495 2395 1838 2464 ἀμφοτέρους

257 2473 431 2543 ἀτελῆ
477 2475 577 2544 τὴν
618 2477 1020 2549 ἀνθρωπότητα
1067 2481 1165 2535 τοῦ
1230 2485 1442 2555 Κυρίου
1479 2486 1837 2556 δογματίζειν

256 2565 518 2636 ἀμαθῶς.

342 2783 508 2837 «Θεὸν
538 2785 778 2856 ἀληθῶς,
805 2789 898 2842 καὶ⁸
925 2789 1214 2862 ἄνθρωπον
1238 2793 1456 2863 ἀληθῶς
1487 2794 1579 2848 τὸν
1608 2796 1795 2850 αὐτόν·
1812 2817 1832 2850 ι

259 2875 454 2929 Ταῦτα
485 2877 574 2931 διά
609 2880 887 2945 Μάνεντα,
928 2882 986 2944 ὃς
1010 2884 1144 2935 Θεὸν
1170 2884 1326 2952 ψιλὸν
1365 2886 1530 2938 αὑτὸν
1557 2887 1834 2957 ὁμολογεῖ,

259 2973 360 3023 καὶ
392 2970 492 3023 οὐκ
523 2972 811 3041 ἄνθρωπον
839 2989 855 3006 ·
883 2975 976 3027 καὶ
1009 2975 1098 3028 διὰ
1129 2976 1342 3029 Παῦλον
1365 2977 1456 3029 τὸν
1484 2978 1834 3048 Σαμοσατέα,

264 3062 362 3114 καὶ
397 3062 688 3134 ⁹Δρτεμᾶν,
713 3065 913 3128 οἵτινες
959 3067 1251 3138 ἀρνοῦνται
1280 3068 1450 3121 αὐτοῦ

255 3153 417 3221 ψιλὸν
435 3155 720 3225 ἄνθρωπον
735 3158 900 3211 αὑτὸν
922 3159 1314 3228 ὁμολογοῦντες
1336 3162 1399 3212 ὲκ
1417 3159 1596 3231 ψυχῆς
1617 3160 1845 3231 λογικῆς

260 3245 360 3298 καὶ
399 3245 673 3316 σώματος.
720 3249 816 3302 Ἕκ
843 3250 1034 3303 τούτου
1061 3250 1160 3303 καὶ
1194 3250 1591 3323 ’Δπολλιναρίῳ
1621 3252 1852 3322 πολεμεῖ

258 3336 342 3406 τῷ
374 3338 584 3406 λέγοντι
641 3342 718 3410 μὴ
749 3340 1046 3412 ἐσχηκέναι
1077 3341 1272 3412 νοερὰν
1293 3342 1470 3414 ψυχὴν
1494 3345 1587 3398 τὸν
1638 3343 1846 3415 Κύριον

260 3431 425 3501 ἡμῶν
471 3429 678 3501 Ἰησοῦν
725 3433 988 3503 Χριστὸν,
1025 3433 1166 3489 ἀλλὰ
1219 3434 1462 3506 ζωτικὴν
1515 3435 1717 3505 μόνον’
1748 3437 1844 3490 καὶ

259 3521 353 3574 atat
375 3523 635 3579 Μάνεντα
685 3525 779 3579 κα)⁸
803 3527 1154 3580 Οὑαλεντίνον
1183 3527 1308 3591 τοὺς
1343 3529 1718 3598 ἀρνουμένους
1741 3529 1842 3600 τὴν

265 3614 569 3684 σάρκωσιν.

339 3937 363 3974 ι
420 3921 720 3990 ῡμοούσιον
734 3922 814 3993 τῷ
832 3924 1009 3994 Πατρὶ
1028 3922 1172 3978 κατά
1187 3922 1286 3992 τὴν
1310 3922 1569 3993 θεότητα,
1602 3941 1623 3975 ι
1647 3925 1714 3978 δι’
1737 3925 1844 3978 Εὐ-

261 4014 453 4081 νόμιον
480 4015 576 4067 καὶ
603 4015 821 4084 Ἀρειον
847 4016 970 4078 τοὺς
997 4017 1090 4068 τὸν
1125 4019 1390 4088 μονογενῆ
1413 4018 1513 4086 Λόγ
1525 4035 1585 4070 ον
1607 4019 1703 4071 τοῦ
1730 4020 1844 4072 Πα-

261 4108 391 4175 τρὸς
425 4109 629 4178 κτίσμα
683 4109 779 4162 καὶ
806 4109 990 4162 δοῦλον
1029 4109 1242 4173 ἀσεϐῶς
1273 4111 1770 4179 καταγγέλλοντας.

342 4309 361 4342 ι
383 4289 708 4357 Ὀμοούσιον
733 4291 827 4344 τὸν
858 4292 1021 4344 αὐτὸν
1045 4294 1176 4362 ἡμῖν
1199 4294 1344 4347 κατὰ
1364 4295 1464 4360 τὴν
1488 4295 1846 4366 ἀνθρωπότη-

1944 1867 2162 1914 norum,
2192 1850 2284 1918 qui
2311 1849 2588 1903 Christum
2645 1847 2810 1901 Deum
2843 1863 2984 1912 esse,
3020 1848 3110 1900 sed
3149 1843 3525 1914 imperfectum

1942 1953 1997 1998 et
2065 1943 2174 1995 Deo
2224 1941 2384 1994 Patre
2443 1940 2706 1993 minorem
2778 1938 3020 1992 tradunt.
3079 1937 3274 1994 Diccns
3343 1945 3524 1989 autem

1942 2036 2192 2090 euuidem
2249 2035 2302 2088 in
2367 2033 2710 2087 humanitate
2765 2032 3092 2100 perfectum,
3180 2045 3286 2082 non
3349 2029 3526 2084 solum

1944 2129 2297 2190 Arianorum,
2345 2128 2438 2182 sed
2488 2128 2648 2180 etiam
2700 2125 3208 2193 Apollinaristarum
3243 2120 3526 2176 stultitiam

1943 2224 2212 2290 coarguit.
2266 2221 2398 2273 Nam
2442 2219 2601 2272 Arius
2640 2217 2855 2286 quidem
2905 2215 3136 2270 Verbum
3165 2214 3528 2281 assumpsisse

1941 2330 2156 2370 carnem
2190 2327 2413 2384 prorsus
2445 2310 2638 2363 aninue
2659 2317 2931 2377 expertem
2967 2306 3122 2371 dicit,
3164 2305 3530 2374 Apollinaries
3604 2355 3610 2359 ,

1942 2421 2072 2461 vero
2105 2407 2402 2460 animatam
2454 2403 2693 2471 quidem,
2758 2401 2851 2455 sed
2886 2409 3067 2453 mente
3124 2407 3400 2453 carentem
3442 2398 3531 2449 in-

1942 2496 2127 2551 duisse
2158 2494 2456 2548 contendit.
2491 2491 2666 2545 Ambo
2699 2491 2864 2558 igitur
2911 2490 3259 2552 damnantur,
3319 2497 3376 2540 ut
3431 2488 3522 2555 Qui

1941 2591 2105 2645 stulte
2158 2588 2370 2642 Domini
2417 2586 2813 2641 humanitatem
2874 2583 3248 2653 imperfectam
3293 2581 3533 2635 tradide-

1943 2685 2075 2738 rint.

2016 2839 2033 2872 ι
2076 2819 2331 2873 Eumdem
2384 2832 2511 2873 vere
2549 2817 2741 2882 Detnn,
2775 2825 2830 2870 et
2870 2830 2994 2870 vere
3027 2814 3326 2869 lmruinem.
3360 2831 3380 2865 ι
3411 2811 3534 2865 Ιιπιο

1941 2923 2160 2983 propter
2186 2913 2450 2966 Manetem
2479 2912 2619 2965 dicta
2668 2919 2816 2975 sunt,
2856 2910 2948 2978 qui
3002 2908 3166 2962 Deum
3201 2922 3414 2978 purum,
3478 2916 3534 2961 et

1943 3022 2050 3061 non
2105 3007 2377 3060 hominem
2419 3020 2541 3059 esse
2595 3005 2872 3058 Christum
2933 3003 3241 3056 conﬁtetur.
3290 2999 3353 3053 Et
3409 3011 3534 3068 pro-

1478 3069 1578 3140 τὴν
1607 3070 1840 3141 θεότητα

1953 3110 2064 3171 pter
2104 3098 2328 3152 Paulum
2380 3098 2845 3160 Sartmsateusem,
2893 3105 2944 3148 et
3002 3095 3276 3148 Artemaut
3310 3092 3400 3162 qui
3447 3107 3539 3145 ue-

1951 3205 2080 3264 gant
2122 3192 2291 3262 ipsius
2329 3190 2690 3252 divinitatem,
2747 3201 2801 3243 et
2847 3205 3040 3258 purum
3078 3189 3226 3241 aiunt
3279 3201 3399 3240 esse
3443 3185 3539 3237 ho~

1952 3289 2177 3351 minem,
2207 3301 2273 3339 ex
2302 3285 2483 3338 anima
2524 3283 2731 3336 ratione
2773 3283 2992 3350 praedita
3036 3291 3088 3332 et
3133 3293 3364 3346 corpore
3409 3292 3539 3330 cou-

1949 3390 2208 3435 stanteiu.
2264 3377 2663 3444 Apollinarium
2727 3375 2854 3426 item
2895 3373 3234 3439 iiupugnaul,
3275 3370 3363 3438 qui
3417 3368 3538 3420 ani-

1951 3488 2092 3528 mam
2143 3479 2324 3524 mente
2371 3469 2652 3538 praedita-nt
2715 3468 2972 3521 habuisse
3034 3475 3192 3530 negat
3254 3462 3536 3515 Dominum

1953 3574 2200 3620 nostrum
2291 3563 2474 3616 Jcsum
2527 3563 2828 3623 Clu-istum,
2916 3559 3006 3610 sed
3070 3571 3288 3610 carucm
3347 3555 3544 3607 anima:

1945 3664 2157 3710 tantum
2197 3655 2506 3722 participem
2566 3649 2822 3704 habuisse
2885 3650 3156 3702 concedit.
3219 3647 3286 3698 Et
3351 3656 3540 3698 coatra

1949 3747 2216 3802 Manetem
2245 3755 2297 3798 et
2334 3744 2693 3808 Valentinum,
2716 3741 2807 3811 qui
2846 3742 3026 3794 carnis
3071 3747 3270 3805 negant
3325 3751 3541 3790 assum-

1945 3841 2206 3910 ptionem.

2024 3952 2042 3984 ι
2110 3929 2631 3987 Consuhstantialem
2730 3926 2874 3980 Patri
2962 3925 3258 3978 secundum
3340 3920 3542 3974 divini—

1945 4037 2184 4082 tatem.)
2250 4023 2478 4090 Propter
2552 4022 2876 4075 Eunomium
2939 4027 2990 4073 et
3045 4018 3257 4080 Arium,
3320 4015 3408 4084 qui
3476 4031 3542 4067 u-

1945 4119 2241 4188 ttigenitum
2290 4116 2466 4171 Patris
2525 4113 2759 4168 Verbum
2809 4120 3052 4166 creatum
3085 4120 3140 4162 et
3173 4121 3387 4161 servum
3420 4118 3551 4158 esse

1944 4211 2318 4280 pronuntiant.

2024 4321 2044 4352 ‹
2117 4301 2373 4354 Eumdem
2441 4300 2592 4354 nobis
2667 4292 3181 4352 consubstantialem
3241 4289 3546 4346 secundum

262 4401 348 4443 τα.
366 4403 384 4434 ι
401 4385 491 4436 διά
508 4385 834 4454 Μαρκίωνα,
849 4387 943 4437 καὶ
964 4387 1341 4451 Μὰνεντα,καὶ
1358 4389 1736 4454 Οὑαλεντῑνον,
1757 4394 1842 4445 καὶ

1957 4395 2373 4449 immanitatem.
2403 4392 2661 4460 »Ριονιειι
2695 4390 3054 4450 Marcionem,
3088 4397 3141 4440 et
3163 4384 3454 4445 Manetem.
3489 4393 3553 4438 et

267 4479 508 4548 Εὐτυχῆ,
573 4480 698 4539 τοὺς
731 4478 951 4547 δοκήσει
982 4480 1075 4531 καὶ
1104 4481 1380 4550 φαντασῖᾳ
1434 4481 1562 4551 ψιλῇ
1584 4481 1847 4550 λέγοντας

263 4572 430 4625 αὑτὸν
460 4572 746 4640 ἄνθρωπον
779 4571 1035 4640 ὀφθῆναι,
1065 4573 1126 4624 οὐ
1175 4573 1282 4642 μὴν
1307 4574 1558 4645 ἀληθείᾳ,
1583 4577 1679 4629 καὶ
1711 4581 1850 4631 κατὰ

267 4663 438 4731 φύσιν
483 4663 842 4734 ἀνθρωπίνην
868 4662 1290 4734 ήὸμολογοῦντας
1335 4665 1626 4737 ἄνθρωπον
1686 4671 1849 4724 αὐτὸν

265 4757 575 4824 γεγονέναι.

344 4867 362 4898 ι
379 4850 494 4918 Πρὸ
524 4850 738 4902 αἰώνων
759 4848 860 4918 μὲν
888 4852 952 4901 ὲκ
979 4849 1191 4920 Πατρὸς
1216 4851 1552 4922 γεννηθέντα
1578 4854 1722 4908 κατὰ
1747 4853 1848 4926 τὴν

264 4944 522 5010 θεότητα.
564 4962 584 4994 ›
605 4943 704 4994 Διὰ
728 4944 974 5013 Σίμωνα,
1009 4946 1105 4996 καὶ
1136 4945 1423 5014 Εὐνόμιον,
1461 4949 1557 5000 καὶ
1597 4948 1845 5018 Ἀρειον,

263 5038 393 5098 τοὺς
433 5037 803 5107 ἀρνουμένους
835 5035 1002 5090 αὑτοῦ
1029 5040 1129 5108 την
1153 5039 1217 5090 ἐκ
1248 5038 1463 5110 Πατρδς
1490 5040 1605 5112 πρὸ
1635 5041 1848 5097 αίῶνων

263 5131 539 5196 γέννησιν.

342 5240 362 5272 ι
407 5223 508 5274 Eri"
539 5225 790 5294 ἐσχάτων
812 5221 869 5276 δὲ
891 5223 1002 5278 τῶν
1035 5225 1262 5297 ἡμερῶν
1295 5227 1388 5278 τὸν
1419 5227 1582 5280 αὑτδν
1602 5227 1669 5281 δι’
1696 5229 1848 5299 ἡμᾶς

266 5316 361 5366 καὶ
384 5315 475 5366 διὰ
497 5316 602 5383 τὴν
623 5316 904 5386 ἡμετέραν
935 5319 1219 5388 σωτηρίαν
1246 5319 1310 5371 ἐκ
1338 5320 1561 5390 Μαρίας
1584 5325 1688 5390 τῆς
1703 5323 1849 5392 Παρ-

265 5407 422 5458 θένου
443 5410 535 5460 καὶ
553 5409 820 5461 Θεοτόκου
854 5411 994 5462 κατὰ
1014 5410 1112 5480 τὴν
1138 5413 1233 5463 ἀνθ
1243 5412 1562 5482 ρωπότητα.
1577 5414 1704 5465 »Διά
1724 5415 1846 5466 Φω-

268 5505 466 5563 τεινδν,
497 5503 595 5554 καὶ
621 5502 922 5573 Θεόδωρον,
952 5506 1043 5557 καὶ
1077 5505 1363 5574 Διιῖδωρον,
1393 5505 1490 5557 καὶ
1523 5507 1844 5576 Νεστόριον,

271 5591 399 5652 τεὺς
457 5591 721 5659 λέγοντας
769 5591 936 5644 αὑτὸν
998 5592 1292 5661 ἄνθρωπον
1343 5591 1404 5656 ἐξ
1451 5592 1655 5664 ἀρετῆς
1704 5593 1848 5646 κατὰ

275 5683 562 5755 προκοπὴν
613 5682 1025 5756 θεοποιηθέντα,
1083 5686 1176 5738 καὶ
1225 5685 1350 5754 οὐχὶ
1395 5684 1531 5738 Θεὸν
1590 5687 1655 5738 ἐκ
1710 5686 1847 5738 Θεοῦ

276 5772 424 5837 ὂντα,
478 5775 573 5826 καὶ
613 5774 700 5827 διὰ
742 5774 1164 5846 φιλανθρωπίαν
1210 5773 1504 5846 ἀτρέπτως
1554 5773 1847 5846 ἄνθρωπον

274 5869 656 5937 γεγενημένον.

1960 4484 2337 4548 Valentinum,
2372 4492 2425 4537 et
2476 4483 2796 4552 Eutychcm,
2853 4481 2942 4549 qui
3007 4483 3180 4547 ipsum
3262 4477 3447 4546 specie
3491 4485 3545 4529 et

1953 4580 2211 4650 opinione
2250 4588 2456 4634 t:mtum
2485 4577 2625 4630 nuda
2651 4591 2821 4628 visum
2855 4589 2975 4629 esse
3005 4573 3277 4628 hominem
3309 4571 3540 4632 diciunt.

1953 4689 2056 4728 non
2083 4681 2260 4726 autem
2294 4673 2521 4726 veritate
2555 4679 2609 4722 et
2641 4671 2873 4722 humana
2904 4677 3096 4721 natura
3133 4666 3306 4735 ipsum
3343 4663 3542 4716 factum

1951 4779 2076 4820 esse
2101 4765 2374 4818 hominem
2409 4762 2758 4815 conﬁtentur.

2029 4873 2050 4908 ι
2076 4857 2216 4910 Ante
2239 4855 2436 4910 saacula
2463 4854 2681 4924 quidem
2703 4869 2764 4907 ex
2792 4853 2954 4907 Patre
2978 4851 3218 4921 genitum
3249 4847 3546 4903 secundum

1953 4953 2314 5009 divinitatem.
2361 4969 2380 5002 ι
2433 4949 2664 5018 Propter
2723 4947 3023 5007 Simonem,
3076 4953 3130 4998 et
3184 4941 3537 5004 Eunomium,

1951 5053 2008 5101 et
2068 5043 2282 5106 Arium,
2344 5042 2434 5112 qui
2475 5049 2654 5096 ortum
2684 5039 2855 5108 ipsius
2878 5052 2942 5092 ex
2978 5036 3142 5091 Patre
3172 5039 3380 5103 negant
3410 5039 3543 5084 ante

1949 5135 2167 5190 szecula.

2028 5245 2047 5279 ι
2094 5226 2152 5280 1η
2212 5225 2476 5280 extremis
2527 5234 2708 5278 autem
2776 5223 2967 5278 diebus
3023 5219 3269 5274 eumdem
3324 5224 3550 5286 prapter

1952 5333 2050 5373 nos
2079 5329 2128 5372 et
2169 5325 2388 5396 prepter
2429 5324 2669 5370 nostram
2723 5316 2954 5370 salutem
3009 5321 3193 5366 natum
3241 5324 3305 5363 ex
3369 5307 3542 5361 Maria

1951 5404 2172 5473 Virgine
2201 5412 2254 5458 et
2280 5401 2374 5458 Dei
2409 5400 2687 5458 Genitrice
2721 5403 3020 5458 secundum
3075 5397 3491 5454 humanitatem.
3517 5415 3541 5450 ι

1949 5495 2180 5564 Propter
2230 5494 2542 5559 Photinum.
2569 5505 2624 5551 et
2674 5493 3039 5559 Theodorum,
3092 5501 3142 5546 et
3218 5489 3542 5556 Diooorum,

1951 5598 2009 5641 et
2033 5585 2367 5650 Nestorium,
2389 5585 2482 5656 qui
2513 5586 2699 5641 dicunt
2728 5584 2901 5654 ipsum
2924 5579 3317 5648 hominem,sed
3346 5579 3548 5635 virtute

1949 5690 2001 5735 et
2025 5693 2316 5749 progressu
2329 5694 2448 5734 esse
2468 5677 2632 5732 Deum
2655 5677 2883 5740 factum,
2905 5689 3016 5729 non
3033 5683 3217 5730 autem
3237 5684 3358 5726 esse
3375 5668 3547 5726 Deum

1949 5788 2014 5828 ex
2049 5774 2177 5838 Deo,
2207 5781 2260 5826 et
2295 5783 2513 5841 propter
2545 5787 2698 5829 suam
2729 5785 2861 5843 erga
2895 5769 3146 5826 homines
3209 5764 3541 5823 charitatem

1954 5868 2149 5922 factum
2175 5881 2295 5923 esse
2320 5865 2616 5921 hominem.
