4032 6210
343 281 482 346 1097
1261 284 1650 348 PANOPLIA.
1680 284 1824 345 DOG
1836 287 1888 345 M

2006 286 2137 347 lCA.
2184 312 2237 321 -
2291 288 2436 349 ΤΙΤ.
2487 289 2701 351 XVIII.
3469 291 3604 359 1098

401 393 513 447 Τοῦ
543 394 716 463 ἁγίου
761 397 1056 466 Ἰγνατιου
1085 398 1425 453 ἐπισκόπου
1474 399 1869 467 Ἀντιοχείας.

2300 396 2486 452 Sancti
2529 396 2726 468 Ignatii
2769 400 3057 454 Antiorhim
3088 402 3336 468 episcopi.

423 486 654 539 Ἑάσατέ
703 504 772 557 με
828 489 1075 560 μιμητὴν
1118 491 1377 555 γενέσθαι
1421 493 1516 545 τοῦ
1568 491 1776 553 πάθους
1827 491 1893 542 το

2101 485 2278 542 Sinite
2343 489 2436 542 me
2485 491 2690 544 Domini
2749 492 2848 545 mei
2906 496 3208 546 cruciatum
3266 504 3322 549 ει
3378 505 3604 550 mortem

336 574 477 629 Θεοῦ
514 592 640 645 μου.

537 664 654 690 ’πλε
688 667 854 690 ,ιμιλμ
908 670 1225 690 ιτ---η-ᾼι-μ
1266 669 1362 690 a_~
1405 673 1501 690 45-,
1531 672 1590 690 ιιρ
1642 688 1675 690 _,

2029 577 2248 632 imitari.

2417 672 2449 690 ο
2563 674 2594 690 .-
2632 672 2671 690 μ
2840 675 2874 686 ..
2926 673 2989 690 η..
3074 677 3086 690 .
3164 677 3177 689 .
3433 657 3466 690 .I

537 664 654 718 Τοῦ
682 667 855 735 ἁγίου
897 670 1227 738 Γρηγορίω
1258 669 1365 725 τοῦ
1402 672 1723 742 Θεολόγου.

418 752 628 821 Ὀλίγαι
708 757 922 826 ῥανίδες
996 757 1230 829 αἵματος
1298 759 1435 813 Θεοῦ
1520 760 1725 830 κόσμον
1799 759 1920 812 ὅλον

2412 672 2594 726 Sancti
2630 672 2874 742 Gregorii
2926 673 3196 746 Theologi.

331 843 583 912 ύγίασαν.

837 939 1103 994 Ἰουλίου
1167 939 1417 1010 Ῥώμης.

415 1022 656 1080 Ἰουδαῖοι
716 1029 779 1082 τὸ
837 1030 1001 1101 σῶμα
1061 1033 1525 1106 σταυρώσαντες,
1589 1033 1684 1088 τὸν
1739 1033 1913 1102 Λόγον

325 1116 684 1173 ἀπέκτειναν.

509 1211 622 1265 Τοῦ
653 1212 827 1282 ἁγίου
857 1215 1162 1283 Κυρίλλου
1192 1218 1341 1272 κατὰ
1373 1219 1727 1288 Νεστορίου.

404 1303 540 1356 Θεοῦ
582 1305 644 1356 τὸ
675 1305 846 1368 πάθος
867 1347 882 1372 ,
914 1307 1050 1361 Θεοῦ
1085 1311 1111 1361 6
1138 1311 1391 1381 σταυρὸς,
1431 1311 1568 1366 Θεοῦ
1605 1314 1632 1366 6
1658 1312 1902 1375 θάνατος.

324 1395 463 1449 Θεοῦ
495 1397 528 1464 ἡ
555 1396 876 1460 ἀνάστασις.

776 1490 1121 1556 Μελίτωνος
1153 1493 1450 1560 Σάρδεων.

408 1579 470 1631 '0
509 1579 637 1640 Θεὸς
669 1581 940 1634 πέπονθεν
969 1582 1071 1634 ὑπὸ
1104 1583 1285 1648 δεξιᾶς
1328 1584 1733 1656 Ἰσραηλίτιδος.

397 1671 804 1742 Προσάλλονται
817 1671 870 1725 δὲ
893 1673 984 1726 καὶ
1001 1673 1138 1728 ἄλλα
1154 1676 1325 1729 πολλά
1341 1678 1590 1732 τοιαῦτα·
1612 1681 1748 1751 πρὸς
1768 1682 1900 1734 πάν-

322 1786 393 1820 τα
411 1767 467 1820 δὲ
487 1769 625 1838 ἡμῖν
659 1769 758 1838 μία
778 1769 934 1833 λύσις
964 1770 1211 1840 ἀρκέσει,
1237 1774 1405 1843 φησὶν
1429 1777 1455 1828 6
1472 1775 1736 1844 Θεολόγος
1755 1777 1899 1846 Γρη-

322 1862 530 1931 γόριος.
580 1864 780 1934 Μήπου
837 1863 930 1916 τὸν
985 1863 1246 1933 λογισμὸν
1288 1867 1528 1938 όκλάσῃς
1580 1862 1725 1937 αἷμα
1764 1867 1900 1922 Θεοῦ

323 1954 419 2005 καὶ
453 1953 625 2017 πάθος
654 1955 890 2018 ἀκούων,
921 1957 1015 2008 καὶ
1038 1956 1289 2012 θάνατον.
1313 1959 1510 2028 Μήπου
1541 1959 1902 2029 περιενεχθῇς

322 2044 504 2106 ἀθέως
545 2045 620 2106 ὼς
645 2047 708 2098 ού
751 2034 1071 2117 συνήγορος.
1114 2047 1269 2100 Ἐπεὶ
1303 2049 1413 2117 γὰρ
1443 2050 1476 2120 ἠ
1507 2049 1607 2102 τοῦ
1638 2049 1770 2102 Υἱοῦ
1807 2052 1904 2104 καὶ

323 2137 460 2190 Θεοῦ
496 2139 828 2202 ὑπόστασις,
862 2139 1003 2210 αύτὴ
1037 2141 1129 2192 καὶ
1165 2139 1261 2194 τοῦ
1297 2141 1737 2211 προσλήμματος
1770 2143 1904 2195 ὑπό-

325 2245 516 2292 στασις
556 2230 800 2298 γέγονεν,
845 2229 1006 2293 αὐτὸς
1051 2229 1271 2297 λέγεται
1317 2232 1499 2286 πάντα
1541 2235 1634 2288 καὶ⁵
1674 2236 1898 2301 δρᾶσαι,

322 2322 419 2374 καὶ
448 2319 644 2374 παθεῖν
661 2337 676 2351 ο
708 2321 804 2374 καὶ
826 2321 893 2373 τὰ
921 2320 1020 2390 μὲν
1046 2321 1165 2374 θεῖα
1187 2324 1435 2392 ἐνεργεῖν
1458 2326 1600 2378 κατὰ
1625 2329 1724 2398 τὴν
1747 2327 1901 2382 Θείαν

323 2413 508 2482 φύσιν,
531 2414 600 2467 τά
617 2412 672 2466 δὲ
702 2413 1021 2482 ἀνθρώπινα
1050 2415 1143 2466 καὶ
1167 2416 1362 2480 ποιεῖν,
1387 2417 1483 2468 καὶ
1501 2417 1734 2488 πάσχειν
1757 2420 1902 2474 κατὰ

321 2507 421 2576 τὴν
463 2505 814 2576 ἀνθρωπίνην
855 2505 1041 2573 φύσιν.
1086 2506 1196 2559 Καὶ
1246 2505 1449 2575 ἑτέρως
1487 2511 1543 2562 δέ
1569 2525 1585 2541 ο
1633 2511 1757 2565 ἐπεὶ
1801 2512 1900 2582 μία

320 2601 430 2653 τῶν
459 2600 550 2654 δύο
573 2600 667 2653 τοῦ
689 2597 926 2672 Χριστοῦ
952 2597 1170 2667 φύσεων
1199 2598 1519 2672 ὑπόστασις,
1542 2601 1900 2657 ἀντιδιδόασιν

319 2693 577 2762 ἀλλήλαις
615 2667 779 2746 αὗται
812 2689 1061 2762 πολλαχῆ
1099 2689 1210 2744 τῶν
1248 2690 1467 2744 οἰκείων
1481 2667 1897 2764 οπροσηγοριῶν

317 2785 405 2838 διὰ
451 2785 549 2856 τὴν
586 2783 709 2838 καθ’
753 2785 1056 2837 ὑπόστασιν
1094 2781 1311 2847 ἕνωσιν,
1359 2783 1457 2837 καὶ
1500 2785 1599 2854 τὴν
1645 2785 1899 2841 ἐντεῦθεν

317 2878 493 2948 ἀκραν
528 2875 824 2931 οἱκείωσιν.
861 2875 1018 2928 Οῦτω
1051 2875 1152 2945 μὲν
1188 2870 1279 2929 οὖν
1315 2875 1758 2947 ἐρμηνευομένου
1801 2879 1898 2932 καὶ

315 2971 578 3042 λυομένου
623 2969 716 3022 τοῦ
755 2969 1164 3040 προϐλήματος,
1208 2968 1364 3021 οὐδὲν
1407 2969 1607 3024 ἄτοπον
1655 2972 1893 3044 ἀπαντᾷ.

315 3064 475 3116 Κατά
503 3062 560 3114 δὲ
593 3061 692 3133 τὴν
722 3060 831 3113 τῶν
861 3059 1249 3130 Θεοπασχιτῶν
1281 3061 1576 3132 ὑπόληψιν,
1615 3065 1665 3116 εἰ
1702 3065 1731 3117 6
1765 3063 1890 3128 Υἱὸς
1915 3069 1966 3130 3

315 3155 518 3219 ἔπαθε,
559 3155 654 3207 καὶ
687 3153 927 3207 ἀπέθανε
963 3154 1106 3206 κατά
1144 3155 1243 3223 τὴν
1282 3153 1432 3207 θείαν
1459 3155 1656 3209 ἑαυτοῦ
1691 3157 1895 3227 φύσιν,

317 3249 447 3307 δυὰς
473 3248 690 3315 γέγονεν
711 3247 744 3316 ἡ
769 3247 901 3313 ἀγία
916 3246 1110 3315 Τριάς,
1128 3245 1218 3298 τοῦ
1241 3246 1371 3298 Υίοῦ
1386 3248 1769 3315 ἀποθανόντος,
1801 3253 1896 3306 καὶ

313 3337 380 3412 ἦν
417 3341 526 3408 ἄρα
552 3339 685 3402 δυὰς
722 3339 884 3408 μέχρι
919 3338 1019 3406 τῆς
1052 3339 1117 3390 ὲκ
1151 3337 1363 3406 νεκρῶν
1395 3340 1750 3405 ἀναστάσεως
1781 3345 1894 3397 αὐ·-

313 3436 430 3488 τοῦ.
458 3433 565 3486 Καὶ
587 3431 669 3494 τίς
690 3433 888 3493 αὐτοὺς
917 3432 1017 3483 οὐκ
1039 3429 1252 3499 ἐλεήσει
1279 3430 1376 3499 τῆς
1397 3433 1658 3501 ἀμαθίας,
1692 3437 1784 3488 καὶ
1809 3453 1894 3488 το-

319 3525 520 3596 σαύτης
538 3526 828 3594 ἀγροικίας
847 3524 940 3575 καὶ
956 3521 1177 3589 ἀλογίας
1192 3537 1206 3587 ;
1223 3517 1353 3574 Εἶτα
1371 3523 1468 3591 τὴν
1489 3523 1588 3591 μὲν
1603 3524 1780 3594 ψυχὴν
1798 3525 1892 3578 τοῦ

314 3619 746 3690 προσλήμματος
762 3615 1029 3669 ἀθάνατον
1053 3615 1292 3681 λέγουσι,
1314 3614 1405 3665 τὸν
1430 3613 1485 3665 δὲ
1514 3615 1894 3682 προσλαϐόντα

313 3711 469 3764 τοῦτο
484 3713 618 3764 Θεὸν
637 3711 853 3780 θνητὸν,
878 3709 1118 3770 καὶτοὺς
1154 3707 1251 3775 μὲν
1271 3705 1538 3774 ἀγγέλους
1564 3707 1889 3776 ἀθανάτους,

312 3809 402 3859 τὸν
437 3805 782 3876 Δημιουργὸν
816 3803 874 3856 δὲ
907 3803 1002 3856 καὶ
1037 3801 1316 3870 Δεσπότην
1347 3798 1748 3870 αύτῶνθνητόν.

310 3923 433 3989 Χρὴ
465 3919 815 3989 παραθεῖναι
846 3918 1079 3989 τούτοις
1101 3915 1252 3968 κατὰ
1282 3914 1399 3989 τοῦ
1415 3913 1685 3989 μεγάλου
1725 3917 1889 3989 Ἀθα-

383 3984 601 4046 νιισίὸυ
640 3991 792 4056 πρὸς
829 3988 970 4053 τοὺς
998 3986 1295 4056 λέγοντας
1315 4025 1330 4050 ,
1367 3984 1456 4038 ὅτι
1485 3987 1711 4039 ἔπαθεν
1739 3988 1892 4041 ἀπα-

381 4063 490 4129 θῶς
518 4067 550 4117 ὀ
579 4065 792 4128 Λόγος.

380 4161 516 4229 Πρὶν
574 4156 794 4210 ἀκούσω
852 4154 913 4206 τὸ
971 4152 1185 4217 ἔπαθε,
1245 4154 1437 4220 φεύγει
1492 4151 1593 4222 τῆς
1650 4151 1889 4217 διανοίας

309 4254 369 4304 τδ
409 4252 654 4305 ἔπαθεν.
718 4245 1092 4315 Ἐπαγόμενον
1134 4243 1244 4314 γὰρ
1296 4245 1356 4297 τὸ
1394 4242 1637 4309 ἀπαθῶς
1675 4243 1776 4296 οὐκ
1826 4243 1889 4311 ἐᾷ

313 4347 494 4414 μένειν
549 4344 606 4396 τὸ
642 4339 833 4394 ἔπαθε.
877 4338 1075 4392 Στάσιν
1119 4339 1148 4390 6
1187 4337 1344 4404 λόγος
1380 4335 1616 4389 ἄστατον
1640 4335 1777 4404 ἔχει.
1823 4335 1886 4388 Εἰ

2093 765 2284 820 Pauca:
2325 775 2488 837 gutta:
2533 766 2816 832 sanguinis
2870 765 2962 821 Dei
2999 771 3259 824 mundum
3290 775 3606 829 sanctiﬁca-

2022 865 2146 910 rnnt
2181 856 2518 912 universum.
3551 858 3556 887 ζ

2475 947 2610 1001 Julii
2631 1022 2633 1024 η
2655 947 2835 1003 Roma'
2864 950 3154 1018 pontiﬁcis.

2083 1037 2258 1094 Judmi
2289 1055 2484 1108 corpus
2521 1036 2922 1112 cruciﬁgentes,
2963 1041 3198 1098 Verbum
3233 1029 3570 1118 occiderunt.
3644 1079 3650 1082 —

2262 1221 2446 1276 Sancti
2493 1221 2682 1294 (ἵεν-ἱΗὶ
2705 1223 2954 1276 adversus
2988 1221 3315 1280 Nestorium.

2081 1320 2174 1375 Dei
2215 1323 2507 1388 cruciatus,
2555 1322 2644 1374 Dei
2700 1336 2854 1386 crux,
2912 1321 3000 1375 Dei
3059 1337 3226 1385 mors,
3283 1319 3372 1375 Dei
3421 1334 3601 1376 resur-

2007 1413 2196 1467 rectio.
2745 1405 2750 1411 ’
2797 1487 2799 1490 γ
2835 1467 2837 1469 ,

2326 1506 2595 1562 Μειίιοηὶδ
2629 1499 2924 1579 sardorum
2972 1510 3228 1578 episcopi.

2078 1594 2222 1652 Deus
2254 1613 2448 1667 passus
2481 1609 2567 1654 est
2601 1615 2630 1653 a
2663 1599 2884 1656 dextera
2922 1599 3236 1655 Israelitica.

2074 1685 2353 1760 Objiciunt
2377 1699 2430 1744 et
2453 1692 2557 1744 alia
2589 1691 2754 1745 multa
2782 1692 2865 1746 his
2893 1692 3112 1754 similia,
3141 1694 3207 1747 ad
3233 1708 3352 1762 qua:
3378 1697 3594 1772 quidem

2005 1782 2186 1834 omnia
2229 1781 2553 1838 confutanda
2591 1785 2750 1839 unica
2785 1786 2920 1840 satis
2947 1785 3054 1840 erit
3082 1788 3359 1853 reSponsio
3389 1783 3594 1851 :N'ide,

2008 1874 2500 1946 inquitGregorius
2541 1875 2985 1948 ille‘Theologus,
3026 1893 3093 1932 ne
3125 1879 3450 1948 sanguinem
3501 1882 3593 1936 Dei

2004 1976 2058 2020 et
2090 1967 2366 2020 cruciatus
2394 1969 2641 2030 audiens,
2671 1969 2780 2024 ullo
2817 1969 2975 2022 modo
3027 1971 3290 2025 rationem
3331 1962 3594 2037 inﬂectas,

2005 2072 2139 2112 neve
2199 2067 2256 2112 ut
2286 2059 2380 2112 Dei
2433 2067 2693 2127 patronus
2742 2059 2903 2128 impie
2961 2064 3254 2129 supereris.
3294 2062 3425 2117 Nam
3469 2068 3626 2135 quia-

2001 2148 2124 2204 Filii
2180 2160 2236 2205 et
2293 2150 2386 2203 Dei
2441 2165 2673 2220 persona
2733 2151 2873 2206 facta
2927 2161 3014 2207 est
3071 2155 3235 2208 etiam
3303 2169 3597 2228 assumpta}

2003 2237 2186 2291 carnis
2215 2251 2468 2306 persona,
2503 2238 2619 2307 ipse
2675 2237 2872 2293 dicitur
2905 2242 3084 2294 omnia
3143 2241 3320 2298 facere
3364 2255 3420 2298 et
3451 2246 3594 2314 pati,

2002 2334 2165 2395 atque
2221 2327 2308 2379 illa
2373 2326 2612 2396 quidem,
2664 2342 2783 2396 qua:
2831 2328 3014 2384 divina
3071 2341 3222 2399 sunt,
3282 2345 3472 2390 natura
3509 2336 3595 2390 di-

1993 2418 2124 2472 vina
2192 2419 2493 2488 perlicere,
2557 2434 2618 2472 ea
2679 2435 2808 2475 vero
2863 2436 2984 2490 qua:
3037 2432 3166 2476 sunt
3218 2423 3488 2490 humana,
3541 2441 3596 2482 et
3657 2437 3659 2440 ‘

2002 2522 2161 2576 agere
2195 2518 2249 2562 et
2281 2509 2386 2578 pati
2442 2517 2634 2562 natura
2671 2509 2926 2564 humana.
2982 2509 3049 2565 Et
3105 2511 3308 2569 aliter:
3337 2516 3589 2584 quoniam

2003 2611 2108 2650 una
2139 2605 2220 2650 est
2257 2596 2481 2650 duarum
2522 2597 2724 2653 Christi
2773 2607 3094 2655 naturarum
3145 2617 3396 2672 persona,
3462 2606 3592 2676 ipsae

2000 2690 2100 2744 sibi
2135 2690 2372 2746 vicissim
2411 2706 2539 2746 suas
2575 2707 2717 2762 saepe
2759 2695 3164 2751 comu'iunicant
3195 2700 3587 2767 appellationes

1999 2788 2222 2848 propter
2271 2796 2520 2850 persona:
2574 2784 3012 2853 coniunctionem
3072 2799 3127 2844 et
3199 2805 3470 2846 summam
3522 2810 3588 2849 ex

2000 2871 2089 2924 illa
2154 2873 2638 2931 necessitudinem.
2693 2875 3057 2942 Quamobrem
3109 2881 3155 2936 si
3205 2885 3436 2952 quaestio
3508 2888 3591 2942 sic

1998 2976 2321 3034 exponetur,
2379 2966 2581 3021 nullum
2645 2968 3049 3026 incommodum
3103 2986 3486 3045 consequetur.
3521 2983 3590 3034 At

1999 3059 2067 3122 si,
2120 3067 2178 3112 ut
2231 3057 2648 3128 Theopascbitze
2698 3063 3010 3132 opinantur,
3063 3065 3230 3121 Filius
3273 3084 3368 3122 sua
3421 3071 3589 3140 ipsius

2000 3162 2197 3208 natura
2229 3152 2409 3208 divina
2461 3169 2655 3222 passus
2711 3166 2767 3210 et
2804 3167 3049 3212 mortuus
3095 3171 3197 3223 est,
3259 3159 3392 3216 Filio
3442 3179 3586 3220 mor-

2001 3257 2092 3302 tuo
2119 3243 2361 3300 Trinitas
2391 3246 2456 3299 ad
2486 3246 2804 3301 dualitatem
2841 3251 3058 3304 redacta
3092 3261 3194 3305 est.
3232 3251 3299 3307 Et
3348 3255 3583 3313 dualitas

1998 3337 2101 3393 fuit
2129 3353 2411 3408 quousque
2443 3341 2747 3395 resurrexit
2771 3355 2798 3393 a
2841 3343 3087 3398 mortuis.
3119 3343 3250 3411 Quis
3289 3347 3580 3404 absurdam

1996 3440 2052 3485 et
2114 3444 2386 3501 agrestem
2453 3432 2679 3488 istorum
2740 3434 3023 3488 stultitiam
3085 3453 3189 3491 non
3234 3438 3579 3506 misereatur,

1997 3523 2090 3589 qui
2139 3525 2376 3575 animam
2407 3522 2626 3590 quidem
2663 3536 2996 3590 assumptum
3039 3525 3423 3594 immortalem,
3461 3546 3582 3584 eum

1998 3627 2124 3667 vero
2169 3614 2259 3682 qui
2295 3612 2438 3666 illam
2478 3614 2794 3681 assumpsit,
2855 3616 3180 3680 mortalem;
3214 3621 3434 3689 angelos
3471 3625 3578 3676 im-

1998 3703 2274 3768 mortales,
2304 3703 2618 3773 angelorum
2650 3718 2829 3759 autem
2895 3719 3295 3774 procreaturum
3359 3724 3413 3766 et
3476 3713 3584 3770 Do-

1997 3797 2200 3850 minum
2228 3797 2509 3851 mortalem
2535 3800 2823 3853 asseram?

1998 3909 2098 3966 llis
2143 3911 2449 3983 adjicienda
2500 3925 2620 3966 sunt
2691 3929 2752 3965 ea
2809 3931 2925 3983 (μίαν
2979 3915 3208 3982 Magnus
3259 3920 3580 3978 Athanasius

2064 3984 2116 4034 in
2148 3999 2233 4034 eos
2273 3982 2418 4042 dicit.
2451 3985 2539 4053 qui
2587 3982 3035 4040 l"crbumrutioue
3061 3990 3344 4056 impatibili
3398 3995 3583 4048 dicunt

2063 4068 2173 4106 esse
2216 4069 2451 4120 passum.

2063 4142 2366 4214 Antequam
2398 4144 2611 4196 audiam
2639 4144 2786 4210 i.lud,
2827 4145 3025 4200 Passus
3060 4157 3156 4213 est,
3189 4149 3576 4220 cogitationem

1991 4235 2199 4307 cll'ugit.
2263 4237 2394 4290 Cum
2453 4237 2595 4290 enim
2644 4236 2949 4306 adjiciunt,
3014 4241 3217 4294 ratione
3273 4242 3576 4312 impatibili,

1994 4345 2096 4383 non
2128 4331 2262 4386 sinit
2285 4330 2608 4397 consistere,
2634 4345 2824 4398 passus
2859 4341 2960 4389 est.
2990 4331 3176 4388 Oratio
3198 4344 3396 4390 statum
3419 4339 3579 4395 habet

309 4431 502 4498 ἔπαθε,
549 4431 666 4493 πῶς
697 4426 960 4492 ἀπαθῶς;
989 4425 1050 4479 Et
1080 4424 1341 4488 ἀπαθῶς,
1381 4425 1497 4486 πῶς
1531 4423 1736 4489 ἔπαθες
1767 4425 1879 4477 Λα-

2006 4423 2320 4476 :nslubilem.
2357 4419 2411 4476 Si
2454 4437 2648 4491 passus
2677 4436 2780 4486 est,
2841 4425 3112 4492 quomodo
3145 4427 3355 4483 ratione
3406 4429 3575 4500 impa-

309 4526 560 4596 λήσωμεν
593 4523 901 4593 ἀλαλήτως,
956 4520 1044 4574 ἵνα
1102 4517 1268 4588 νοηθῇ
1327 4517 1589 4586 ἀνοήτωςς
1635 4515 1733 4580 Τίς
1777 4513 1884 4570 εῐδε

310 4621 578 4673 πίπτοντα
625 4618 932 4680 ἀπτῶτως;
982 4612 1338 4681 ἐγειρόμενον
1389 4611 1738 4679 ἀνεγέρτως;
1788 4626 1887 4662 πο-

308 4712 506 4766 νοῦντα
535 4711 751 4773 ἀπόνως
778 4727 793 4777 ;
825 4706 1130 4779 φρονοῦντα
1164 4704 1414 4777 ἀφρόνως
1442 4722 1458 4771 ;
1500 4703 1886 4776 ὠφελούμενον

308 4804 637 4874 ἀνωφελῶς;
667 4803 932 4870 λυόμενον
960 4796 1194 4859 ἀλύτως’
1219 4796 1307 4848 ἵνα
1331 4793 1574 4864 δέξωμαι
1597 4794 1657 4848 τὸ
1681 4793 1886 4848 ἔπαθεν

307 4896 565 4959 ἀπαθῶς;
608 4894 703 4955 Τίς
740 4893 774 4963 ἡ
817 4893 918 4961 τῆς
979 4887 1294 4960 ἀφροσύνης
1342 4887 1666 4953 ἐπίστασις,
1717 4888 1803 4948 τίς
1850 4887 1887 4951 ἡ

307 4989 404 5057 τῆς
437 4987 623 5049 ἀνοίας
662 4983 1054 5055 παραπληξία,
1096 4982 1225 5051 περὶ
1271 4979 1574 5050 μυστηρίου
1610 4978 1885 5047 φρικωδε-

308 5086 501 5136 στάτου
560 5081 746 5150 φέρειν
779 5079 999 5149 ῥήματα
1023 5075 1239 5144 γέλωτα
1265 5074 1472 5126 πλατὺν
1501 5073 1882 5141 ἐργαζόμενα;

305 5177 462 5244 λόγον
499 5171 978 5242 ἐπαγγέλλεσθαι,
1020 5171 1118 5222 καὶ
1166 5166 1391 5236 ἀλογίαν
1418 5165 1882 5236 ’προϐάλλεσθαη

307 5268 598 5336 ἀπόκρισιν
625 5265 826 5318 διδόναι
849 5261 944 5315 τοῦ
972 5259 1049 5331 μὴ
1069 5259 1276 5323 δοῦναι;
1304 5257 1688 5326 ἀσαφεστέραν
1710 5256 1887 5325 ἑρμη-

305 5358 456 5411 νείαν
487 5357 752 5428 παρέχειν
785 5355 1031 5426 μείζονος
1066 5354 1302 5425 ἀπορίας
1337 5352 1553 5424 μητέρα
1581 5368 1597 5419 ;
1640 5348 1764 5414 Πῶς
1795 5350 1885 5404 ού-

305 5452 410 5512 δεὶς
447 5449 556 5503 τῶν
593 5450 768 5517 ἀγίων
797 5448 874 5512 είς
917 5444 1174 5500 τοσοῦτον
1205 5444 1342 5513 ῦψος
1383 5444 1617 5515 θεωρίας
1644 5442 1884 5513 ἀναδρα-

309 5545 448 5612 μεῖν,
467 5543 500 5613 ἢ
521 5543 696 5594 εἰπεῖν
715 5540 948 5609 ἐδυνήθη
966 5538 1029 5592 τὸ
1050 5535 1492 5609 πολυθρύλλητον
1512 5537 1690 5589 ἐκεῖνο
1707 5535 1774 5606 ρῆ
1781 5552 1879 5605 μα,

310 5634 549 5688 Ἐπαθεν
582 5631 840 5698 ἀπαθῶς;
877 5630 1091 5689 Παῦλος
1111 5633 1139 5684 6
1162 5631 1242 5692 et;
1272 5629 1458 5700 τρίτον
1478 5626 1706 5697 ούρανδν
1728 5629 1883 5683 ἀνελ-

307 5724 431 5794 θὼν,
456 5724 548 5778 καὶ
580 5723 688 5777 τῶν
713 5723 970 5793 ἀρρήτων
994 5723 1054 5775 ἑν
1081 5717 1400 5790 παραδείσῳ
1426 5717 1688 5792 ῥημάτων
1711 5718 1881 5774 ἀκού·

593 5817 856 5878 ΡΛτιιοι..
889 5816 1002 5877 Gn.
1050 5813 1312 5877 CXXX.

1992 4515 2174 4570 tibili?
2201 4515 2256 4569 Si
2302 4515 2509 4570 ratione
2541 4513 2841 4584 impatibili,
2870 4519 3142 4585 quomodo
3195 4534 3388 4589 passus
3445 4523 3580 4576 est?

1988 4607 2178 4678 Magno
2206 4609 2485 4677 loquemur
2502 4609 2760 4670 clamore,
2788 4619 2845 4662 ut
2879 4609 3578 4681 insipienterintelligatur?

1986 4700 2119 4767 Quis
2165 4701 2292 4754 vidit
2320 4700 2552 4770 aliquem
2586 4716 2692 4755 non
2722 4702 2988 4756 labentem
3023 4701 3151 4768 labi,
3182 4718 3289 4757 non
3343 4717 3571 4774 surgen-

1989 4801 2094 4846 tem
2120 4806 2364 4862 surgere,
2399 4805 2503 4846 non
2531 4791 2872 4846 laborantem
2905 4790 3179 4856 laborare,
3219 4791 3569 4862 insipientem

1987 4899 2198 4955 sapere,
2234 4901 2336 4939 non
2377 4883 2718 4952 adjuvautem
2743 4885 2953 4953 juvare,
2990 4901 3097 4939 non
3133 4885 3432 4941 solventem
3460 4886 3576 4941 sol-

1987 4991 2133 5043 vere,
2164 4987 2221 5030 ut
2251 4977 2375 5029 illud
2406 4977 2566 5030 etiam
2591 4977 2938 5032 admittanms
2970 4992 2986 5031 :
3041 4975 3326 5046 lmpatibili
3363 4979 3574 5034 ratione

1987 5083 2180 5140 passus
2231 5068 2368 5123 est?
2429 5067 2558 5133 Qua:
2611 5069 2853 5123 stultitia)
2911 5071 3220 5141 magnitudo
3279 5079 3408 5135 est,
3480 5075 3575 5140 qui

1988 5163 2181 5217 mentis
2260 5169 2492 5228 stupor,
2551 5161 2618 5215 de
2680 5163 2938 5233 mysterio
2982 5163 3216 5216 maxime
3271 5167 3577 5219 venerando

1985 5254 2374 5316 disserentem,
2411 5252 2569 5306 verba
2597 5268 2715 5321 qua:
2776 5269 3023 5322 maguum
3084 5265 3336 5306 moveant
3382 5261 3575 5319 risum,

1985 5346 2386 5413 pronuntiare?
2459 5346 2723 5400 rationem
2787 5345 3004 5407 altene,
3057 5359 3177 5413 quae
3235 5354 3287 5397 te
3344 5345 3574 5400 rationis

1984 5445 2258 5508 expertem
2294 5436 2536 5491 indicet?
2595 5438 2667 5491 ita
2709 5434 3059 5504 respondere,
3114 5443 3174 5489 ut
3222 5434 3575 5505 insipientius

1983 5547 2135 5604 agas,
2176 5547 2337 5601 quam
2395 5531 2438 5586 si
2475 5529 2608 5585 nihil
2638 5530 2864 5584 omnino
2901 5527 3278 5598 respondeas?
3309 5529 3578 5599 interpre-

1983 5623 2246 5678 tationem
2265 5618 2484 5686 aﬂ'erre,
2508 5634 2628 5689 quae
2655 5619 2912 5689 majorem
2947 5619 3120 5687 pariat
3140 5617 3564 5675 dubitationem?

1983 5716 2094 5773 Cur
2136 5729 2294 5773 nemo
2338 5726 2649 5770 sanctorum
2708 5712 2773 5768 ad
2825 5721 3030 5768 tantam
3099 5711 3575 5783 contemplationis

3182 5804 3256 5869 35
