4032 6210
404 226 541 288 1099
1658 216 2037 275 liUTllYMll
2077 215 2444 275 ZIGABENI
3543 216 3726 279 1100

399 338 786 396 sublimitatem
876 332 1166 389 ascendit?
1236 331 1343 386 Cur
1400 330 1583 383 dicere
1648 343 1752 381 non
1813 325 1987 394 potuit

2106 345 2191 390 nc
2244 328 2343 380 οὐκ
2377 322 2554 390 εἶπεν,
2617 326 2858 379 Ἔπαθεν
2913 326 3165 390 ἀπαθῶς,
3230 326 3371 395 ἀλλ’,
3430 329 3721 398 Ἔμαθε.
3782 336 3819 394 ;

2090 419 2279 489 φησὶν,
2336 417 2438 488 ἀφ’
2480 414 2568 473 ὧν
2620 417 2828 484 ἔπαθε,
2886 420 2991 472 καὶ
3043 406 3481 487 πεπειραμένος
3533 421 3728 474 κατὰ

2091 510 2292 565 πάντα
2318 510 2448 565 καθ’
2474 513 2797 580 ὁμοιότητα
2827 511 3009 579 χωρὶς
3038 513 3349 580 ἁμαρτιας.
3384 510 3571 564 Εἰπὼν
3592 507 3727 565 οὖν

2092 604 2245 657 κατὰ
2268 602 2465 656 πάντα
2492 604 2623 659 καθ’
2646 603 2967 673 ὁμοιότητα
2988 604 3450 673 πεπειραμένος,
3472 605 3723 675 ﬁdem

2096 695 2187 747 θεν
2218 695 2396 749 ἀνεῖλε
2422 696 2531 747 τῶν
2556 695 2814 749 τοιούτων
2839 695 3011 762 λόγων
3038 696 3137 765 τὴν
3159 695 3459 766 ληρωδίαν.
3496 695 3557 748 '0
3580 696 3723 762 γὰρ

2098 787 2241 841 κατὰ
2278 789 2455 841 πάντα
2489 789 2896 859 πεπειραμένος
2929 788 3051 842 καθ’
3078 792 3373 860 ὁμοιότητα
3411 790 3446 858 ἦ
3481 791 3721 842 πέπον-

2101 883 2191 936 θεν
2228 883 2327 935 οὐκ
2370 882 2620 944 ἀπαθῶς,
2669 882 2755 935 ἵνα
2794 882 3011 957 φυλάξῃ
3051 883 3112 935 τὸ
3152 883 3299 938 κατά
3336 884 3516 936 πάντα
3562 882 3721 933 καθ’

2097 976 2415 1045 ὁμοιότητα,
2467 976 2500 1043 ἢ
2550 974 2647 1028 κα)⁵
2694 975 2821 1038 τοὺς
2867 974 3061 1039 ἄλλους
3106 975 3354 1028 δείκνυσι
3408 974 3719 1035 παθόντας

2100 1070 2343 1133 ἀπαθῶς,
2368 1069 2456 1122 ἵνα
2490 1068 2641 1139 σώσῃ
2665 1067 2764 1137 τὴν
2789 1067 2925 1137 πρὸς
2948 1068 3145 1129 αὐτοὺς
3171 1066 3491 1136 ὁμοιότητα.
3518 1067 3717 1118 Ὥστε

2099 1163 2131 1233 ἦ
2174 1162 2267 1215 xal.
2298 1162 2390 1215 τὸν
2419 1161 2647 1230 Σωτῆρα
2679 1158 3012 1213 πεπονθέναι
3038 1157 3258 1231 ἀληθῶς
3284 1158 3669 1227 ὁμολογητέον
3694 1195 3717 1219 ,

2101 1254 2133 1323 ἦ
2188 1255 2283 1307 καὶ
2327 1254 2456 1316 τοὺς
2500 1251 2696 1314 ἀλλους
2753 1251 2983 1313 ἀπαθῶς
3024 1249 3380 1313 πεπονθέναι,
3430 1245 3510 1303 ὧν
3563 1248 3719 1303 καθ’

400 434 622 487 verbum
678 429 804 482 illud
834 424 1368 481 celebratissimum:
1427 420 1715 491 lmpatihili
1770 419 1981 472 ratione

401 538 594 592 passus
625 520 741 574 est?
772 517 992 579 Paulus,
1016 516 1103 585 qui
1140 515 1354 568 tertium
1390 513 1443 565 in
1478 511 1673 566 cmlum
1707 510 1979 574 sublatus,

402 617 456 668 in
490 613 743 683 paradiso
772 610 977 664 audivit
1004 621 1196 661 arcana
1232 604 1418 667 verba,
1450 619 1554 657 non
1588 604 1721 655 dixit
1759 622 1771 655 :
1805 602 1982 668 Impa-

378 707 538 771 rtibili
575 705 781 759 ratione
808 716 995 768 passus
1044 707 1169 753 est:
1234 698 1351 763 sed,
1390 696 1608 760 Didicit,
1672 697 1865 763 inquit,
1918 706 1983 746 ex

402 794 619 865 quibus
654 810 840 863 passus
895 802 968 846 est
994 792 1035 845 ί.
1104 788 1169 843 Et
1228 797 1460 843 tentatus
1515 804 1605 855 per
1663 788 1864 850 omnia,
1915 787 1981 838 ad

356 878 361 885 ’
406 885 834 957 similitudinem,
887 885 1000 937 sine
1026 884 1301 947 peccato’.
1357 882 1585 941 Dicens,
1634 896 1726 946 per
1783 879 1983 945 omnia,

407 982 475 1037 ad
506 977 921 1051 similitudinem,
990 976 1103 1028 sine
1140 984 1351 1042 peccato
1386 982 1637 1033 tentatus,
1682 972 1985 1025 istiusmodi

318 1058 321 1061 ἱ
408 1076 699 1126 verborum
763 1084 933 1138 nugas
988 1067 1169 1135 procul
1224 1068 1471 1119 removit.
1526 1064 1628 1129 Qui
1684 1065 1824 1115 cuitu
1889 1076 1990 1130 per

360 1158 585 1219 ‘otnuia
668 1172 903 1216 tentatus
967 1170 1049 1211 est
1105 1159 1167 1210 uti
1231 1155 1661 1220 similitudinem,
1718 1167 1809 1208 aut
1880 1169 1989 1207 non

411 1254 691 1324 impatihili
729 1253 933 1305 ratione
973 1264 1167 1317 passus
1224 1258 1329 1309 cst,
1391 1256 1448 1299 ut
1506 1254 1750 1301 servaret
1813 1243 1988 1298 illud:

407 1364 501 1413 per
556 1345 750 1405 omnia,
815 1344 882 1395 ad
942 1341 1366 1404 similitudinem,
1456 1348 1546 1391 aut
1625 1338 1759 1391 alios
1828 1337 1991 1391 etiam

411 1438 692 1507 impatibili
746 1435 951 1488 ratione
982 1448 1175 1502 passos
1202 1429 1459 1493 ostendit,
1486 1437 1544 1482 ut
1586 1427 1993 1483 similitudinem

413 1548 533 1585 cum
590 1528 695 1582 illis
753 1534 1119 1581 conservaret.
1194 1522 1533 1592 Quapropter
1584 1530 1678 1573 aut
1749 1517 1993 1573 c0uliteri

411 1630 622 1693 oportet
684 1613 1025 1673 Servatorcm
1087 1630 1213 1669 vere
1266 1629 1482 1682 passum
1543 1627 1684 1675 esse,
1736 1620 1827 1664 aut
1860 1609 1996 1665 alios

2101 1346 2395 1417 ὁμοιότητα
2421 1343 2830 1413 πεπειραμένος
2848 1343 3170 1415 όΔεσπότης
3195 1342 3557 1414 κηρύσσεται.
3594 1341 3721 1404 Τις

2101 1440 2157 1493 δὲ
2196 1440 2291 1491 καὶ
2329 1438 2610 1505 ὑπομονῆς
2641 1435 2918 1499 ἀπόδειξις
2952 1437 3017 1488 ὲκ
3046 1434 3142 1487 τοῦ
3172 1436 3366 1488 παθεῖν
3401 1434 3643 1498 ἀπαθῶς
3680 1450 3705 1498 ;

2103 1532 2229 1593 Πῶς
2277 1530 2494 1599 λέγεται
2538 1528 2784 1598 ὑπομονὴ
2833 1527 2926 1580 τοῦ
2966 1526 3230 1599 Χριστοῦ,
3281 1529 3331 1580 εἰ
3376 1527 3452 1596 μὴ
3505 1527 3716 1579 πόνων

2105 1622 2360 1692 αἴσθησιν
2405 1619 2603 1683 ἐλα6ε;
2638 1619 2763 1681 Πῶς
2798 1618 2855 1672 δὲ
2884 1618 3159 1672 δείκνυται
3194 1620 3227 1688 ἡ
3262 1617 3547 1686 ᾅφραστος
3593 1619 3713 1671 καὶ

413 1718 544 1769 item
578 1712 787 1771 ratione
820 1722 1016 1777 passos
1068 1705 1370 1773 impalibili,
1417 1718 1647 1773 quorum
1692 1703 1755 1754 ad
1807 1699 1998 1755 simili-

2106 1710 2497 1779 ἀπαράκλητος
2532 1708 2663 1777 περὶ
2693 1707 2822 1767 τοὺς
2854 1703 3176 1775 ἀνθρώπους
3208 1704 3603 1773 φιλοστοργία,
3645 1707 3711 1758 εἰ

414 1802 650 1862 tudinem
720 1809 952 1854 tentatus
1032 1797 1263 1850 dicitur.
1334 1794 1451 1849 .latn
1533 1810 1651 1864 quae
1727 1793 2001 1862 patientia!

414 1890 821 1953 tlemoustratio,
888 1888 931 1942 si
1000 1885 1280 1953 impatihili
1345 1884 1553 1938 ratione
1622 1898 1817 1952 passus
1875 1894 2002 1951 est?

416 1986 693 2051 Quomodo
745 1990 970 2033 vocatur
1035 1977 1290 2045 patientia
1344 1974 1581 2036 Christi,
1653 1974 1695 2025 si
1758 1972 1998 2027 dolorum

388 2084 633 2131 ‘scnsum
696 2089 799 2127 non
856 2069 1090 2124 habuit?
1151 2068 1427 2133 Quomodo
1478 2066 1768 2119 ineﬂ'aliilis
1838 2075 1999 2133 atque

418 2166 865 2237 incomparabilis
890 2161 1006 2232 ejus
1040 2176 1167 2229 erga
1197 2175 1293 2213 nos
1337 2158 1644 2212 ostenditur
1681 2158 2003 2211 benevolen-

420 2264 518 2323 tia,
574 2261 617 2313 si
656 2258 773 2312 sine
827 2255 1013 2308 dolore
1069 2251 1341 2305 cruciatus
1380 2257 1714 2319 mortemque
1743 2246 2005 2316 pertulit?

420 2352 554 2419 Quis
587 2364 689 2403 non
715 2348 877 2417 eligat
909 2342 1016 2412 pati
1069 2357 1171 2396 non
1205 2340 1377 2395 solum
1415 2352 1510 2408 pro
1546 2340 1755 2404 amicis,
1813 2353 1999 2393 verum

421 2453 583 2504 etiam
616 2461 716 2516 pro
753 2442 1009 2506 inimicis,
1055 2441 1097 2495 si
1137 2440 1345 2493 ratione
1369 2437 1475 2507 pati
1517 2435 1643 2490 licet
1676 2434 2006 2504 impatibili?

418 2542 526 2595 Cur
550 2538 688 2593 dixit
714 2534 1021 2589 Dominus:
1061 2529 1286 2598 Spiritus
1334 2527 1541 2594 quidem
1584 2536 1858 2596 promptus
1902 2535 2001 2592 est,

422 2649 546 2687 caro
606 2638 783 2683 autem
822 2626 1032 2693 inﬁrma
1056 2623 1098 2685 ³,
1158 2623 1204 2676 si
1256 2621 1375 2676 sine
1420 2621 1603 2676 dolore
1642 2621 1917 2676 cruciatus
1952 2630 2007 2674 et

422 2733 650 2778 mortem
681 2729 797 2775 erat
819 2715 1133 2774 subiturus?
1186 2714 1295 2770 Cur
1332 2713 1398 2767 ad
1457 2712 1668 2768 Patrem
1701 2713 1957 2768 clamavit
1988 2729 2003 2768 :

430 2818 612 2881 Pater,
653 2816 923 2885 inquiens,
966 2812 1012 2866 si
1042 2808 1162 2877 ﬁeri
1198 2817 1388 2877 potest,
1424 2814 1662 2860 transeat
1701 2824 1732 2859 α
1759 2823 1837 2857 me
1862 2807 2004 2859 calix

422 2912 516 2963 iste
543 2909 608 2961 δῖ
638 2906 746 2962 Cur
785 2914 906 2959 vota
942 2916 1240 2972 precesque
1273 2915 1395 2953 cum
1435 2900 1672 2954 clamore
1729 2913 1923 2967 magno
1950 2906 2005 2950 et

425 3002 680 3071 laerymis
713 2998 850 3051 ludit
881 2996 946 3049 ad
978 3011 1122 3059 eum,
1156 2994 1248 3063 qui
1284 3007 1505 3049 servare
1553 2993 1727 3062 ipsum
1795 2999 2003 3059 poterat

424 3110 453 3148 ο
487 3091 701 3147 morte?
734 3088 925 3143 Omnia
955 3087 1116 3155 igitur
1146 3099 1274 3139 vera
1304 3083 1572 3138 credenda
1604 3093 1749 3146 sunt,
1779 3093 1831 3135 et
1876 3098 2001 3135 vera

429 3199 570 3237 mors
590 3182 967 3237 existimanda.
1000 3179 1103 3231 Aut
1131 3178 1175 3232 si
1200 3178 1316 3232 sine
1345 3175 1531 3230 dolore
1562 3189 1754 3243 passus
1784 3173 2003 3239 dicitur,

428 3291 650 3330 necesse
683 3284 765 3327 est
792 3283 848 3326 ut
884 3274 1137 3341 ﬁguram,
1173 3280 1224 3324 et
1250 3270 1581 3338 opinionem,
1631 3274 1683 3319 et
1734 3265 2002 3318 ﬁctionem

425 3366 603 3418 omnia
638 3363 803 3417 fuisse
831 3363 1227 3416 existimemus.
1258 3358 1409 3424 Quod
1442 3358 1485 3411 si
1520 3371 1647 3410 vere
1683 3370 1873 3419 passus
1899 3370 2003 3408 non

425 3467 528 3521 νει,
594 3466 659 3508 ne
704 3453 919 3523 quidem
958 3449 1291 3512 resurrexit;
1339 3448 1384 3502 si
1437 3456 1664 3502 mortem
1720 3462 1823 3499 non
1882 3460 2005 3499 vere

426 3548 681 3620 gustavit,
716 3558 817 3598 nec
841 3557 967 3597 vere
995 3542 1207 3610 quidem
1236 3539 1426 3593 mortis
1457 3537 1673 3592 aculeos
1715 3537 2001 3590 exstinxit.

426 3644 615 3696 Adhuc
643 3653 830 3694 sumus
856 3636 907 3689 in
940 3633 1172 3704 peccatis
1203 3634 1425 3687 nostris.
1454 3632 1637 3685 Adhuc
1693 3644 1838 3684 mors
1890 3646 2005 3683 om-

425 3736 582 3788 nibus
607 3732 932 3786 dominatur.
958 3726 1147 3780 Adhuc
1174 3724 1502 3779 luereditatis
1520 3734 1769 3791 expertes
1794 3739 2002 3780 sumus.

425 3824 556 3878 ham
586 3824 630 3878 si
695 3836 840 3877 mors
889 3820 1097 3883 tictitia,
1159 3828 1211 3872 et
1241 3826 1644 3873 testamentum
1688 3815 1906 3881 falsum,
1953 3828 2005 3871 et

427 3919 713 3971 lucreditas
762 3930 868 3969 non
932 3928 1081 3966 vera.
1152 3910 1275 3965 ilice
1345 3912 1501 3965 nobis
1562 3911 1802 3965 declarat
1858 3911 2000 3966 iex:

428 4007 839 4069 Testamentum,
916 4005 1109 4073 inquit,
1176 4004 1229 4056 in
1294 4004 1513 4055 mortuis
1584 4003 1930 4068 conﬁrmatur
1960 4004 2002 4055 ⁵.

424 4101 604 4163 Quare
632 4099 676 4152 si
720 4112 825 4152 non
857 4106 942 4151 est
976 4104 1219 4149 mortuus
1252 4111 1396 4159 rere,
1461 4095 1552 4164 qui
1626 4105 2005 4150 testamentum

427 4193 579 4244 nobis
635 4204 831 4243 novum
913 4188 1167 4257 instituit,
1224 4186 1374 4240 irrita
1440 4199 1588 4254 sunt,
1641 4203 1760 4256 quae
1842 4198 2007 4244 testa-

2106 1804 2229 1872 δίχα
2262 1802 2423 1854 πόνου
2461 1800 2522 1851 τὸ
2556 1798 2728 1862 πάθος
2764 1798 3020 1866 ὲγένετο;
3054 1793 3148 1860 Τίς
3175 1797 3273 1868 οὐχ
3300 1798 3542 1866 αἱρεῖται
3577 1815 3707 1851 πα-

2107 1895 2221 1949 θεῖν
2250 1894 2310 1946 ού
2343 1896 2505 1962 μόνον
2536 1890 2675 1959 ὑπὲρ
2708 1891 2899 1956 φίλων,
2923 1888 3040 1942 ἀλλ’
3071 1888 3170 1958 ἤδη
3201 1890 3297 1942 καὶ
3322 1888 3468 1959 ὑπὲρ
3488 1889 3706 1943 ἀντιδί-

2106 2005 2239 2049 κων,
2282 1986 2440 2054 εἴπερ
2488 1982 2665 2047 ἔξεστι
2709 1981 2902 2034 παθεῖν
2953 1980 3211 2046 ἀπαθῶςς
3265 1980 3370 2033 Τοῦ
3419 1980 3477 2035 δὲ
3523 1982 3705 2052 χάριν

2105 2077 2290 2140 ἔλεγεν
2311 2079 2337 2127 ὁ
2358 2075 2656 2144 Δεσπότης,
2687 2075 2755 2126 Τὸ
2778 2073 3014 2141 πνεῦμα
3037 2074 3364 2142 πρόθυμον.
3383 2072 3421 2141 ἡ
3440 2072 3513 2127 δὲ
3531 2073 3705 2141 σὰρξ

2105 2169 2392 2236 ἀσθενὴς,
2436 2170 2592 2237 εἰπερ
2622 2166 2850 2236 ἔμελλεν
2884 2165 3201 2233 ἀναλγήτως
3222 2165 3283 2218 τὸ
3304 2164 3479 2228 πάθος
3518 2182 3703 2237 προσ-

2108 2264 2316 2328 ίεσθαι;
2355 2260 2515 2313 Ἰνατί
2540 2260 2671 2326 πρὸς
2712 2258 2802 2310 τὸν
2834 2257 3058 2325 Πατέρα
3082 2256 3233 2320 ὲὸόα,
3263 2257 3479 2325 Πάτερ⁴
3505 2262 3558 2329 ςξ
3590 2257 3707 2312 δυ.

2104 2358 2323 2422 κατόν,
2360 2352 2702 2421 παρελθέτω
2732 2352 2833 2405 ἀπ’
2874 2350 3023 2418 ἐμοῦ
3053 2350 3120 2404 τὸ
3154 2349 3446 2418 ποτήριον
3474 2351 3702 2417 τοῦτο;

2105 2452 2260 2512 Τίνος
2296 2449 2351 2502 δὲ
2385 2447 2573 2499 ἕνεκεν
2609 2443 2774 2515 εὐχὰς
2807 2445 2902 2496 καὶ
2936 2442 3218 2513 ἱκετηρίας
3260 2438 3400 2512 μετά
3436 2445 3703 2513 κραυγῆς

2109 2545 2337 2614 ἰσχυρᾶς
2383 2542 2477 2595 καὶ
2523 2538 2778 2606 δακρύων
2825 2537 2961 2608 πρὸς
3002 2536 3097 2590 τὸν
3142 2536 3445 2608 δυνάμενον
3493 2538 3705 2603 σώζειν

2106 2638 2267 2693 αὐτὸν
2289 2638 2351 2689 ἐκ
2373 2633 2608 2688 θανάτου
2640 2630 2878 2702 προσέφε
2890 2646 3013 2698 ρεν;
3040 2629 3109 2681 Ἦ
3135 2627 3268 2697 γοῦν
3299 2628 3481 2683 πάντα
3510 2629 3702 2701 ἀληθῆ

2106 2723 2448 2787 πιστευτέον,
2508 2723 2601 2774 καὶ
2650 2720 2711 2772 τὸ
2771 2719 2940 2781 πάθος
2986 2718 3239 2787 ἀληθινὸν
3295 2718 3599 2788 λογιστέον,
3660 2720 3698 2790 ἣ

2106 2817 2201 2871 τοῦ
2248 2816 2455 2877 πάθους
2499 2812 2723 2873 ἀπαθῶς
2763 2810 3096 2880 γεγενῆσθαι
3137 2810 3458 2880 λεγομένου,
3503 2812 3704 2882 σχῆμα

2107 2912 2341 2977 ἀνάγκη,
2391 2907 2487 2959 κού⁸
2533 2905 2776 2975 δόκησιν,
2823 2903 2919 2956 καὶ
2962 2902 3273 2971 φαντασίαν
3318 2900 3500 2958 πάντα
3546 2902 3705 2973 λογί-

2113 3003 2321 3068 ζεσθαι.
2358 2999 2441 3052 Εἰ
2492 2994 2584 3050 οὖν
2633 2997 2695 3048 ού
2743 2996 3013 3049 πέπονθεν
3051 2994 3289 3063 ἀληθῶς,
3330 2995 3451 3049 οὐδὲ
3489 2996 3700 3067 ἀνέστη

2108 3094 2347 3163 ἀληθῶς.
2409 3092 2471 3144 El
2534 3090 2608 3160 μὴ
2672 3088 2842 3152 ὅντως
2910 3088 3176 3155 ἐγεύσατο
3240 3086 3510 3155 θανάτου,
3570 3090 3699 3145 οὐδὲ

2108 3180 2418 3254 τᾶίκὲντρα
2454 3175 2643 3234 ἔσϐεσε
2683 3180 2777 3233 τοῦ
2814 3181 3069 3235 θανάτου.
3118 3182 3242 3237 Ἔτι
3281 3182 3447 3253 ἐσμὲν
3485 3185 3542 3237 ἐν
3571 3185 3699 3248 ταῖς

2106 3274 2406 3345 ἁμαρτίαις
2434 3276 2612 3343 ἡμῶν,
2634 3273 2715 3326 ἔτι
2740 3273 3014 3343 βασιλεύει
3033 3274 3250 3330 πάντων
3278 3278 3305 3329 ὁ
3327 3276 3581 3338 θάνατος,
3611 3276 3697 3331 ἔτι

2106 3371 2206 3437 τῆς
2240 3367 2605 3435 κληρονομίας
2638 3366 2914 3437 ἀλλότριοι
2946 3366 3397 3437 καθεστήκαμεν.
3432 3365 3497 3420 Εἰ
3522 3371 3637 3439 γὰρ
3665 3366 3697 3419 ὀ

2109 3462 2338 3522 θάνατος
2394 3460 2708 3529 ἀπατηλὸς,
2766 3462 2861 3514 καὶ
2920 3462 2953 3530 ἡ
3013 3461 3249 3532 διαθήκη
3306 3462 3545 3533 ψευδὴς,
3599 3466 3699 3519 καὶ

2109 3555 2141 3622 ἡ
2170 3554 2507 3624 κληρονομία
2534 3554 2633 3606 οὐκ
2663 3554 2892 3623 ἀληθής.
2921 3554 3105 3625 Νόμος
3140 3556 3273 3626 ἡμῖν
3303 3552 3479 3609 ταῦτα
3509 3554 3698 3621 διαγο-

2113 3646 2281 3717 ρεύει·
2306 3646 2593 3713 Διαθήκη,
2614 3646 2798 3715 φησὶν,
2814 3645 2911 3699 ἐπὶ
2936 3646 3425 3714 νεκροῒςβεΰαια.
3440 3642 3689 3701 Εἶοῦνοῦ

2109 3739 2375 3807 τέθνηκεν
2427 3738 2598 3800 ὅντως
2630 3739 2658 3790 ό
2694 3740 2791 3803 τὴν
2835 3738 3032 3806 καινὴν
3063 3737 3343 3807 Διαθήκην
3375 3739 3514 3809 πρὸς
3544 3740 3693 3808 ἡμᾶς

2108 3830 2452 3899 διαθέμενος,
2510 3830 2689 3899 ἄκυρα
2754 3829 2820 3880 τὰ
2873 3830 2975 3895 τῆς
3030 3828 3327 3898 Διαθήκης,
3388 3829 3695 3899 ἀπόϐλητοι

2111 3923 2161 3974 οἱ
2194 3922 2481 3990 λεγόμενοι
2515 3920 2865 3990 κληρονόμοι.
2912 3918 3056 3971 Ἀλλ’
3086 3918 3270 3986 άπαγε
3301 3919 3401 3990 τῆς
3432 3922 3697 3990 τοιαύτης

2113 4013 2403 4081 φλυαρίας,
2452 4004 2496 4063 ὧ
2536 4011 2814 4078 ἄνθρωπε.
2859 4012 2970 4064 Kal
3009 4013 3035 4063 ό
3062 4011 3385 4080 διαθέμενος
3434 4014 3693 4082 τέθνηκε,

2113 4106 2206 4158 καὶ
2244 4107 2278 4175 ἡ
2318 4104 2563 4174 Διαθὴκη
2601 4104 2937 4173 κεκύρωται,
2987 4104 3079 4156 καὶ
3122 4105 3156 4174 ἡ
3196 4103 3537 4174 κληρονομία
3580 4108 3696 4169 τοῖς

2116 4197 2432 4249 πιστεύουσι
2467 4196 2778 4265 πρόκειται,
2811 4197 2904 4249 καὶ
2934 4197 2966 4266 ὴ
2999 4196 3241 4264 τιμωρία
3269 4198 3383 4256 τοῖς
3414 4198 3695 4266 συκοφάν-

425 4294 606 4335 mento
692 4279 1055 4333 continentur.
1124 4279 1225 4343 Qui
1293 4278 1478 4348 scripti
1554 4290 1679 4334 sunt
1745 4275 2231 4348 lueretles,Deat;
2256 4287 2607 4357 ἡτοίμασται.

427 4374 763 4442 ιςῄίοἰιιιιῑιιικ
798 4373 996 4427 Verum
1021 4374 1220 4426 abeant
1252 4374 1367 4426 istae
1392 4390 1569 4445 nugae,
1594 4376 1677 4429 vir
1708 4376 1864 4430 bone.
1894 4374 2027 4431 Nam
2056 4390 2110 4435 et
2140 4390 2367 4436 testator
2397 4397 2524 4436 vere
2550 4394 2791 4437 mortuus
2818 4393 2920 4446 est,
2953 4390 3007 4435 et
3032 4391 3414 4445 testamentum
3442 4391 3528 4438 est
3554 4399 3695 4441 eoo-

428 4477 720 4536 Iirmatum,
748 4477 802 4523 et
833 4465 1121 4520 hwreditas
1153 4466 1495 4521 credentibus
1530 4466 1711 4529 datur,
1743 4479 1797 4522 et
1819 4471 2277 4529 calumniantibus
2315 4485 2561 4545 paratum
2592 4484 2676 4529 est
2710 4476 3055 4544 supplicium.

425 4586 678 4658 Ejusdem
715 4584 964 4638 adversus
1019 4582 1138 4663 illos
1181 4584 1269 4706 quli
1306 4585 1512 4706 dicunt,
1557 4584 1755 4639 Passus
1790 4595 1891 4650 est,
1946 4597 2001 4640 ut

1042 4669 1152 4706 ipse
1178 4669 1235 4706 vo
1262 4670 1315 4706 ut
1348 4693 1361 4706 .

1042 4669 1152 4723 ipse
1178 4669 1361 4709 vomu.

498 4748 629 4805 Cum
662 4745 933 4816 patibilem
961 4759 1067 4801 non
1123 4755 1346 4814 possent
1379 4754 1626 4807 naturam
1691 4748 2003 4811 ostendere,

424 4844 754 4895 voluntatem
783 4854 887 4894 non
916 4847 1043 4894 sunt
1093 4836 1249 4893 veriti
1312 4837 1653 4893 calumniari.
1710 4839 1888 4906 Atque
1928 4838 1999 4893 ita

424 4952 547 4987 cum
581 4935 645 4985 dc
686 4944 877 4986 natura
912 4930 978 4985 ab
1042 4930 1145 4986 illis
1200 4932 1483 5000 quaeritur,
1540 4932 1868 4998 respondent
1934 4931 2001 4984 de

426 5027 726 5081 voluntate.
755 5020 811 5079 Si
846 5031 1036 5076 natura
1079 5037 1235 5090 passa
1284 5032 1392 5087 est,
1424 5022 1599 5077 locum
1624 5021 1874 5077 voluntas
1908 5020 2004 5077 ba-

428 5122 571 5172 beat.
599 5116 751 5170 Licet
775 5115 941 5170 'enim
975 5114 1171 5169 millies
1216 5115 1469 5171 voluntas
1522 5114 1873 5181 concedatur,
1906 5131 2004 5168 tta-

2105 4588 2219 4644 Τοῦ
2253 4592 2442 4645 αὐτοῦ
2490 4592 2644 4659 πρὸς
2683 4591 2825 4655 τοὺς
2869 4593 3197 4660 λέγοντας,
3246 4588 3337 4644 ὅτι
3386 4591 3617 4647 ἔπαθεν
3661 4596 3700 4645 ὁ

2582 4663 2750 4727 Θεὸς,
2777 4664 2858 4728 ὡς
2890 4663 3211 4729 ἠθέλησεν.

2174 4749 2266 4817 Μὴ
2318 4748 2615 4818 δυνάμενοι
2663 4748 2839 4812 δεῖξαι
2880 4749 2982 4819 τὴν
3022 4748 3183 4817 φύσιν
3233 4751 3531 4821 παθητὴν,
3589 4751 3695 4821 τὴν

2106 4837 2360 4909 βούλησιν
2423 4842 2830 4908 συκοφαντῆσαι
2872 4843 2973 4891 οὐκ
3034 4838 3312 4909 ὤκνησαν.
3390 4842 3501 4893 Καὶ
3561 4841 3695 4909 περὶ

2105 4931 2319 4999 φύσεως
2364 4929 2746 5000 ἐρωτώμενοι,
2782 4933 2913 5000 περὶ
2956 4929 3264 5000 βουλήσεως
3296 4929 3691 4999 ἀπεκρίναντο.

2103 5022 2164 5074 El
2202 5020 2426 5093 δεκτικὴ
2454 5021 2658 5084 πάθους
2685 5024 2719 5093 ἡ
2741 5022 2925 5092 φύσις,
2950 5022 3123 5091 ἐχέτω
3149 5022 3332 5092 χώραν
3355 5023 3388 5088 ή
3411 5020 3692 5090 βούλησις.

2099 5113 2159 5165 ΕΞ
2191 5114 2282 5177 δὲ,
2319 5114 2421 5165 κᾶν
2478 5115 2742 5183 μυριάκις
2782 5113 2961 5183 δοθείη
3019 5114 3079 5165 τὸ
3134 5113 3343 5177 θέλειν,
3402 5112 3694 5181 ἀμήχανον

423 5214 557 5259 torte
596 5205 679 5259 lex
708 5203 899 5258 inverti
934 5219 1040 5258 non
1067 5213 1265 5275 potest.
1293 5200 1483 5257 Nonne
1510 5202 1687 5257 insani
1761 5202 1998 5257 heminis

2106 5204 2481 5271 ἀνατραπῆναι
2514 5202 2731 5271 φύσεως
2762 5204 2945 5273 νόμον
2972 5202 3088 5265 πῶς
3109 5202 3170 5256 ού
3208 5202 3373 5276 μανία
3403 5201 3463 5254 τὸ
3485 5202 3692 5269 λέγειν,

425 5310 508 5352 cst
538 5298 715 5353 dicere
747 5313 762 5354 :
796 5297 997 5352 Passus
1030 5306 1134 5360 est,
1168 5306 1227 5351 ut
1276 5295 1390 5361 ipse
1427 5293 1636 5348 voluit?
1677 5292 1817 5360 Quis
1852 5294 1994 5348 enim

423 5403 587 5444 sanus
651 5389 863 5459 ignoret
883 5402 1001 5443 esse
1028 5388 1416 5453 necessarium,
1452 5395 1512 5440 ut
1543 5398 1791 5440 naturam
1813 5386 2005 5439 volun-

426 5489 503 5533 tas
533 5481 829 5551 sequatur?
864 5496 971 5536 non
1002 5491 1179 5535 autem
1208 5489 1266 5535 ut
1320 5479 1411 5534 illa
1466 5494 1624 5532 uuam
1676 5479 1727 5532 in
1793 5488 2001 5549 partem

494 5617 511 5646 ¹
548 5616 712 5673 Hebr.
743 5637 795 5687 v,
831 5622 886 5678 8.
964 5619 985 5651 '
1009 5617 1175 5675 Hebr.
1216 5634 1290 5685 tv,
1320 5617 1408 5674 15.
1485 5616 1508 5650 ⁸
1541 5615 1732 5675 Matth.
1773 5630 1920 5683 ικνι,
1948 5618 2036 5672 Η.

2100 5292 2365 5356 Ἐπαθεν,
2417 5291 2491 5354 ὡς
2536 5291 2839 5362 ἡθέλησεν;
2892 5293 2965 5346 ἸΙ
2997 5293 3078 5357 τίς
3114 5292 3223 5346 τῶν
3251 5293 3311 5345 εὖ
3342 5290 3689 5362 φρονούντων

2108 5387 2209 5435 οὐκ
2239 5379 2377 5435 οἶδεν
2397 5422 2410 5447 ,
2454 5385 2533 5436 ὅτι
2568 5384 2858 5453 σύμφωνον
2905 5384 2986 5437 δεῖ
3023 5387 3089 5457 τῇ
3121 5384 3278 5453 φύσει
3309 5385 3406 5457 τὴν
3433 5382 3691 5456 βούλησιν

2112 5470 2274 5539 εἶναι,
2305 5474 2398 5529 καὶ
2424 5475 2483 5528 οὺ
2509 5477 2606 5543 τὴν
2631 5476 2730 5544 μὲν
2758 5476 2894 5546 πρὸς
2921 5475 3049 5532 ἄλλο
3082 5477 3299 5550 ῥέπειν,
3338 5482 3431 5550 τὴν
3461 5476 3520 5530 δὲ
3552 5471 3689 5547 πρὸς

2114 5615 2295 5671 ‘lbid.
2369 5614 2581 5672 'Hebr.
2623 5633 2701 5684 lx,
2747 5617 2832 5672 17.
