4020 6214
375 248 545 324 ιιογ,

1620 247 1934 307 EUTllYM
1948 246 1999 303 ll
2042 247 2213 307 ZlGA
2229 247 2405 309 BENI

3498 249 3645 315 1108

372 369 651 438 S‘rttptura
706 368 961 440 indigum.
1025 367 1160 421 Tota
1220 367 1362 421 enim
1427 366 1704 435 Scriptura
1766 364 1943 419 divina

2070 365 2153 417 ιὲν
2183 365 2290 434 γάρ
2324 365 2444 419 Θεία
2476 363 2669 437 Γραφὴ
2706 364 3018 436 συμφώνως
3052 366 3200 418 πᾶσα
3234 364 3501 430 διδάσκει,
3531 369 3642 420 σὼ-

373 469 687 516 constanter
748 461 907 516 docet
956 461 1191 515 animam
1259 458 1553 528 quamlibet
1600 456 1759 511 unius
1826 470 1946 510 esse

373 552 647 619 corporis.
671 551 710 605 Ε
741 552 1037 620 gentilibus
1068 562 1245 605 autem
1279 548 1522 604 nonnulli
1558 547 1767 603 animas
1784 546 1946 602 ratio-

374 644 523 697 nales
540 644 605 695 ad
620 643 1069 699 irrationabilium
1091 652 1288 697 statum
1308 642 1653 705 reduxerunt,
1669 649 1725 695 ut
1747 639 1948 711 Pytha-

379 742 541 804 goras
574 735 801 804 ejusque
822 735 1063 798 asseclae,
1095 743 1145 788 et
1182 734 1233 787 in
1269 732 1501 788 diversis
1548 730 1946 786 irrationabili-

380 832 515 891 ttus,:
537 828 893 895 velut‘poreis
919 836 972 880 et
1003 828 1230 881 canibus
1256 836 1313 879 et
1346 826 1596 879 muribus
1643 824 1950 878 collocave-

380 932 531 983 ruut;
569 917 661 976 alii
717 930 926 985 autem,
963 932 1021 972 ιιι
1077 918 1435 988 Porphyrius,
1487 914 1947 970 irrationabilium

378 1010 587 1063 animas
632 996 849 1064 ratione
905 1010 1164 1078 praeditas
1216 1011 1631 1073 contenderunt,
1704 1005 1951 1060 dicentes

378 1098 615 1166 aquilam
647 1110 699 1153 et
729 1116 953 1155 corvum
980 1111 1031 1153 et
1059 1102 1333 1155 cornicem
1361 1111 1415 1155 et
1439 1101 1607 1153 multa
1638 1099 1755 1168 ejus
1787 1112 1951 1169 gene—

378 1192 455 1245 ris
488 1192 717 1247 rationis
756 1209 819 1247 ac
860 1194 1103 1246 vaticinii
1131 1192 1428 1261 participes
1460 1207 1598 1245 esse.

455 1284 511 1336 Si
535 1286 635 1337 Ιὶιιιτ
659 1284 855 1355 ἀιδίως
879 1294 964 1338 est
982 1286 1233 1339 Christus
1258 1284 1350 1352 qui
1373 1293 1426 1338 et
1459 1285 1574 1353 ipsa
1598 1292 1680 1337 est
1699 1284 1904 1339 veritas
1932 1301 1946 1337 :

382 1372 495 1444 Lgo
523 1375 686 1439 enim,
731 1376 923 1443 inquit,
982 1393 1098 1429 sum
1130 1376 1390 1431 επιτομε
1425 1388 1599 1443 ptume
1654 1376 1810 1428 linem
1845 1390 1950 1427 non

2049 474 2221 526 ματος
2252 457 2367 519 ἐνὸς
2400 457 2639 527 ἑκάστην
2670 453 2810 513 εἶναι
2839 457 3042 527 ψυχήν.
3062 457 3183 509 Τῶν
3210 457 3481 527 Ἐλλήνων
3499 458 3556 511 δὲ
3583 459 3649 513 οἱ

2051 553 2152 620 μὲν
2180 552 2279 614 τὰς
2308 551 2537 619 λογικὰς
2564 550 2744 621 ψυχὰς
2795 552 2875 614 είς
2906 552 3135 618 ἀλογίαν
3170 553 3491 620 κατήγαγον
3511 593 3525 615 ,
3560 553 3642 616 ὡς

2049 646 2098 697 οἱ
2134 644 2263 714 περὶ
2293 644 2383 696 τὸν
2418 644 2782 712 Πυθαγόραν,
2815 642 2998 705 ἀλλοις
3031 660 3093 695 τε
3124 643 3233 696 τῶν
3264 643 3509 714 ἀλόγων,
3543 647 3642 699 καὶ

2051 737 2256 807 χοίροις
2292 735 2385 790 καὶ
2414 737 2540 789 κυσὶ
2574 737 2669 788 καὶ
2708 736 2894 806 μυσὶν,
2929 735 3403 803 ὲγκατοικίζοντες
3430 753 3443 766 ·
3501 740 3553 790 οῖ
3578 738 3643 792 δὲ

2048 828 2147 891 τάς
2199 828 2307 879 τῶν
2355 827 2569 892 ἀλόγων
2618 827 2799 897 ψυχὰς
2844 826 3071 896 λογικάς
3118 827 3513 893 ἀντέπλαττον,
3564 824 3644 893 ὡς

2050 923 2079 976 6
2117 919 2429 991 Πορφύριος
2449 961 2463 984 ,
2495 920 2587 973 τὸν
2614 921 2770 973 ἀετὸν
2800 923 2895 975 καὶ
2922 920 3013 975 τὸν
3049 920 3263 990 κόρακα
3292 921 3388 973 καὶ
3418 922 3515 991 τὴν
3545 939 3643 974 κου

2055 1014 2231 1087 ρώνην
2265 1014 2360 1068 καὶ
2394 1013 2567 1067 πολλά
2592 1013 2820 1067 τοιαῦτα
2852 1012 3016 1082 λόγου
3053 1013 3147 1067 καὶ
3185 1012 3449 1085 μαντείας
3479 1013 3643 1082 μετέ-

2052 1121 2168 1175 χειν
2196 1104 2474 1173 λέγοντες.

2125 1284 2186 1336 Εί
2228 1284 2435 1353 ἀληθὴς
2466 1283 2493 1336 6
2526 1284 2783 1353 Χριστὸς,
2824 1285 2859 1355 ἦ
2894 1284 3281 1354 αύτοαλήϐεια’
3327 1283 3479 1353 Ἐγὼ
3506 1284 3642 1355 γὰρ,

2055 1374 2241 1445 φησὶν,
2264 1374 2381 1445 εἶμί
2398 1375 2433 1443 ή
2454 1376 2728 1441 ἁλιὶθειω
2756 1376 2854 1427 οὐκ
2873 1375 3059 1444 έχουσι
3092 1376 3247 1439 τέλος
3278 1376 3334 1428 αἱ
3359 1377 3641 1439 κολάσεις.

384 1466 671 1541 habebunt.
711 1466 811 1521 Ubi
839 1466 987 1521 enim
1017 1466 1083 1520 de
1135 1466 1317 1521 futuro
1350 1466 1560 1536 judicio
1594 1466 1871 1528 disseruit,
1901 1475 1954 1521 et

2070 1467 2248 1519 Εἰπὼν
2292 1467 2402 1537 γὰρ
2433 1468 2500 1519 τά
2546 1468 2676 1536 περὶ
2717 1467 2816 1534 τῆς
2851 1466 3153 1537 μελλούσης
3199 1468 3458 1539 κρίσεως,
3486 1467 3540 1520 τί
3579 1485 3648 1520 τε

382 1559 513 1627 quid
544 1559 630 1613 eis
662 1560 753 1627 qui
786 1575 819 1613 at
848 1558 1069 1615 dextera
1103 1560 1220 1627 ejus
1271 1569 1324 1614 et
1349 1561 1435 1629 qui
1471 1574 1503 1612 a
1537 1559 1758 1615 sinistra
1807 1569 1951 1625 sunt,

2070 1559 2175 1628 ipsi
2203 1560 2318 1618 τοῖς
2348 1559 2412 1611 ὲκ
2442 1556 2638 1623 δεξιῶν
2665 1557 2854 1618 αὑτοῦ,
2885 1559 2981 1612 καὶ
3012 1559 3066 1610 τί
3090 1561 3205 1622 τοῖς
3232 1559 3292 1624 ἐξ
3316 1559 3646 1629 εὐωνύμων,

382 1650 628 1707 dicturus
655 1651 747 1713 sit,
777 1653 1041 1721 subjecit:
1080 1651 1148 1705 Et
1201 1653 1417 1705 abibunt
1470 1654 1523 1706 hi
1556 1653 1608 1704 in
1634 1652 1952 1721 supplicium

2070 1652 2342 1721 ἐπήγαγε*
2374 1651 2487 1705 Καὶ
2536 1650 2981 1704 ἀπελεύσονται
3032 1647 3199 1706 οὗτοι
3250 1654 3336 1717 εὶς
3379 1654 3652 1707 κόλασιν

379 1753 652 1807 αἰετιηιηι,
669 1744 807 1811 justi
836 1761 953 1797 vero
984 1745 1038 1797 in
1080 1745 1240 1798 vitam
1281 1756 1528 1798 meritam
1558 1745 1600 1798 ³.
1630 1744 1711 1798 Ac
1740 1759 1952 1797 rursum

2070 1742 2334 1796 ulcbrtor'
2367 1743 2421 1795 οἱ
2448 1741 2517 1795 δὲ
2546 1741 2759 1795 δίκαιοι
2786 1744 2872 1807 εις
2893 1741 3048 1809 ζωὴν
3078 1743 3343 1798 αἰώνιον.
3382 1743 3492 1796 Καὶ
3534 1743 3651 1794 πά-

379 1830 556 1887 ὰίιίιε
598 1832 803 1889 Vermis
826 1850 1009 1887 eorum
1038 1851 1140 1888 non
1176 1835 1451 1899 morietur,
1513 1845 1563 1887 et
1600 1835 1736 1904 ignis
1773 1850 1954 1888 eorum

2070 1836 2142 1885 iw
2169 1835 2409 1903 εἴρηκεν,
2456 1832 2538 1884 ὅτι
2574 1833 2638 1885 '0
2656 1832 2904 1899 σκώληξ
2930 1831 3132 1887 αὐτῶν
3166 1835 3240 1887 οὺ
3265 1834 3648 1902 τελευτήσει,

385 1941 492 1979 non
528 1926 897 1995 exstinguetur
929 1927 970 1979 ³.

452 2015 510 2071 Si
537 2015 747 2070 inﬁnita
782 2027 905 2073 sunt
938 2018 1037 2074 aevi
1068 2018 1214 2073 illius
1251 2016 1542 2088 supplicia,
1599 2019 1955 2085 quemadmo-

379 2109 511 2161 dum
543 2110 972 2163 demonstratum
1000 2120 1104 2175 est,
1134 2124 1307 2179 neque
1348 2110 1651 2163 daemonum
1683 2110 1789 2163 erit
1842 2123 1955 2165 res-

382 2200 579 2264 titutio,
616 2216 789 2270 tneque
826 2213 1166 2269 peccatorum
1195 2203 1489 2257 revocatio.

451 2294 799 2349 Resurreetio
846 2294 952 2361 erit
1015 2310 1303 2364 corporum
1357 2295 1413 2349 in
1471 2304 1616 2350 terra
1660 2294 1958 2363 iacentium

382 2386 735 2450 resurrectio,
800 2401 1141 2456 nequaquam
1199 2387 1511 2441 animarum
1571 2400 1693 2455 qua
1747 2385 1960 2440 consis-

383 2483 522 2540 tunt,
559 2475 615 2531 id
644 2485 747 2540 est,
774 2475 1051 2545 prepriam
1086 2486 1339 2530 naturam
1388 2476 1590 2529 habent
1614 2483 1955 2529 constantem

382 2576 435 2620 et
497 2564 928 2621 indissolubiiem
982 2567 1279 2622 secundum
1333 2566 1573 2636 ipsarqu
1633 2565 1953 2620 essentiam.

380 2655 650 2710 Caeterum
682 2670 902 2709 summae
929 2654 1069 2710 foret
1089 2654 1391 2724 injustitite,
1427 2667 1654 2721 corpora
1679 2667 1799 2720 qua:
1831 2665 1953 2705 cum

383 2747 581 2801 animis
610 2748 663 2801 in
698 2748 913 2802 virtutis
942 2747 1217 2805 laboribus
1261 2754 1600 2810 concertant,
1655 2742 1960 2798 communi-

385 2840 485 2893 bus
518 2840 735 2909 privare
774 2840 1034 2909 praemiis,
1084 2856 1148 2895 ea
1177 2847 1370 2895 contra
1426 2855 1545 2908 qute
1573 2837 1733 2893 simul
1764 2852 1959 2905 pecca-

384 2940 536 2997 ruat,
562 2932 703 2988 haud
737 2933 951 3001 punire,
984 2932 1125 2989 solas
1170 2948 1296 2988 vero
1349 2932 1589 2995 animas,
1645 2930 1767 2985 sine
1820 2942 1957 2982 con-

2056 1928 2154 1979 καί
2194 1924 2258 1977 τὸ
2284 1923 2405 1990 πῦρ
2431 1921 2631 1977 αὐτῶν
2654 1926 2727 1977 οὐ
2758 1924 3191 1990 σϐεσθιὶσεται.

2130 2016 2193 2068 Ei
2230 2015 2580 2085 ἀτελεύτητοί
2610 2017 2749 2069 εἰσιν
2783 2018 2837 2069 αἱ
2869 2016 2961 2069 τοῦ
2997 2018 3194 2079 αἰῶνος
3229 2016 3440 2070 ἐκείνου
3473 2018 3650 2077 κολα-

2059 2121 2197 2169 σεις,
2222 2105 2297 2169 ὡς
2324 2105 2723 2171 ἀποδέδεικται,
2748 2106 2873 2159 οὔτε
2896 2108 3301 2176 τῶνῖδαιμόνων
3327 2109 3478 2161 ἔσται
3508 2110 3653 2161 ἀπο·

2059 2199 2416 2262 κατάστασις,
2446 2198 2571 2251 οὔτε
2600 2200 2709 2252 τῶν
2738 2199 3083 2268 ἁμαρτωλῶν
3106 2200 3428 2269 ἀνάκλησις.

2147 2289 2212 2342 Ἢ
2250 2291 2571 2351 ἀνάστασις,
2620 2291 2727 2343 τῶν
2771 2291 3044 2360 κειμένων
3090 2293 3171 2353 εὶς
3217 2291 3321 2361 γῆν
3372 2292 3652 2361 σωμάτων

2058 2382 2212 2435 ἔσται
2241 2384 2540 2445 ἀνάστασις
2559 2422 2575 2447 ,
2605 2383 2665 2435 o6
2703 2382 2813 2435 τῶν
2845 2383 3035 2453 ψυχῶν
3056 2425 3070 2449 ,
3113 2384 3319 2446 αἵτινες
3359 2385 3649 2448 ἵστανται,

2058 2474 2343 2537 τουτέστι,
2370 2474 2467 2543 τὴν
2496 2475 2706 2527 οἰκείαν
2745 2475 2908 2542 φύσιν
2934 2475 3118 2543 ἔχουσι
3160 2475 3507 2528 συνεστῶσαν
3550 2477 3651 2528 καὶ

2058 2566 2344 2619 ἀδιάλυτον
2376 2566 2451 2635 τῷ
2486 2565 2631 2636 λόγῳ
2658 2567 2759 2636 τῆς
2796 2567 2987 2628 οὐσίας
3034 2568 3235 2620 αὐτῶν.
3284 2568 3555 2637 Ἐσχάτης
3591 2569 3650 2620 δὲ

2060 2658 2159 2711 καὶ
2178 2658 2353 2721 ἄλλως
2369 2658 2604 2723 ἀδικίας,
2625 2659 2692 2710 τὰ
2723 2657 2821 2727 μὲν
2845 2658 3258 2729 συναθλήσαντα
3274 2662 3499 2723 σώματα
3521 2663 3650 2723 ταῖς

2059 2746 2261 2815 ψυχαῖς
2282 2748 2339 2799 ὲν
2361 2749 2469 2809 τοῖς
2493 2746 2613 2798 κατ’
2640 2746 2842 2817 ἀρετὴν
2869 2747 3080 2812 πόνοις,
3114 2748 3224 2802 τῶν
3254 2749 3449 2801 κοινῶν
3474 2748 3650 2802 ἐπάθ-

2060 2837 2167 2890 λων
2198 2840 2524 2907 ἀποστερεῖν
2544 2853 2558 2867 ·
2585 2838 2653 2890 τὰ
2680 2837 2728 2891 δ’
2755 2834 2822 2891 αὖ
2856 2840 3020 2894 ⁴πάλιν
3040 2840 3519 2910 συνεξαμαρτόντα
3548 2841 3649 2912 ut-

2063 2947 2176 2982 νειν
2214 2931 2608 2999 ἀνεπιτίμητα,
2659 2930 2827 2999 μόνας
2856 2930 2912 2984 δὲ
2957 2932 3057 2995 τὰς
3084 2931 3287 3002 ψυχὰς,
3330 2934 3504 3002 χωρὶς
3534 2933 3651 2985 τῶν

385 3025 731 3082 currentibus
787 3025 1124 3093 corporibus,
1183 3034 1278 3077 aut
1304 3024 1501 3093 duplici
1528 3036 1687 3093 poena
1724 3022 1956 3083 allicere,

2070 3022 2620 3093 συνδιαπραξαμὲνων
2640 3024 2930 3093 σωμάτων,
2955 3023 2991 3097 ἥ
3012 3023 3648 3097 διπλῆνείσπράττεσθαι

390 3135 486 3179 aut
522 3120 728 3191 duplici
754 3118 976 3190 prazmio
1003 3118 1235 3188 dignari.
1272 3116 1425 3184 Quod
1460 3126 1640 3171 autem
1670 3128 1958 3183 corporum

386 3218 493 3273 erit
522 3214 1007 3282 resurrectio,ipsa
1039 3212 1330 3281 Evangelia
1360 3221 1548 3282 aperte
1579 3207 1955 3280 pronuntiant,

387 3312 533 3365 sicut
563 3319 618 3364 et
651 3323 880 3379 magnus
901 3306 1101 3361 Paulus
1128 3306 1289 3359 latius
1313 3306 1367 3359 in
1399 3304 1656 3373 Epistolis
1682 3303 1817 3357 suis.

461 3488 676 3553 Daniel,
711 3488 999 3544 manifesto
1056 3488 1123 3543 de
1153 3486 1356 3542 Christi
1406 3500 1575 3555 regno
1632 3486 1959 3553 vaticinans,

385 3583 560 3639 dixit:
596 3582 834 3636 Potestas
867 3580 1004 3649 ejus,
1034 3588 1262 3647 potestas
1284 3588 1480 3633 atoma
1508 3594 1623 3647 qua:
1654 3593 1757 3631 non
1782 3587 1960 3633 trans-

389 3675 504 3741 ibit,
553 3683 603 3728 et
660 3689 877 3743 regnum
938 3672 1055 3741 ejus
1108 3688 1210 3725 non
1258 3668 1681 3737 corrumpetur“.
1742 3666 1962 3723 Gabriel

386 3778 592 3829 autem,
625 3775 909 3835 postquam
938 3774 1138 3818 sanctae
1176 3761 1385 3831 Virgini
1436 3760 1616 3815 laitutn
1650 3759 1716 3814 de
1748 3759 1952 3815 Christi

391 3860 745 3930 generatione
812 3855 1053 3909 nuntium
1127 3854 1330 3921 attulit,
1394 3850 1768 3907 subdiditzEt
1812 3852 1961 3919 regni

383 3953 497 4022 ejus
532 3968 632 4005 non
665 3950 764 4004 erit
793 3950 916 4017 ﬁnis
946 3951 989 4002 ³.
1022 3947 1085 4001 Ει
1112 3957 1313 4001 nostra:
1366 3946 1807 3999 incontaminata:
1840 3944 1961 3996 ildei

385 4055 633 4099 sanctum
664 4042 989 4114 symbolum,
1044 4056 1073 4093 a
1112 4050 1317 4109 septem
1359 4038 1714 4093 tectumenicis
1739 4037 1963 4107 synodis

388 4144 659 4204 receptum
692 4142 746 4187 et
772 4138 1174 4195 conservatum,
1210 4129 1342 4184 dicit
1371 4147 1386 4185 :
1422 4146 1441 4179 ι
1471 4126 1636 4197 Cujus
1671 4127 1820 4193 regni
1851 4142 1953 4179 non

385 4228 491 4283 erit
525 4226 671 4286 linis,
703 4243 723 4276 ι
760 4224 967 4279 scilicet
1023 4222 1175 4292 regni
1228 4221 1456 4285 Christi,
1522 4222 1587 4275 de
1634 4234 1744 4289 quo
1780 4234 1962 4274 sermo

385 4329 488 4375 est.
524 4321 698 4385 Quam
747 4317 922 4372 multo
978 4316 1142 4387 igitur
1198 4315 1287 4371 isti
1348 4314 1452 4369 [ide
1504 4314 1781 4381 digniores
1836 4320 1961 4365 sunt

2065 3116 2367 3185 τιμωρίαν,
2425 3114 2459 3183 ἢ
2519 3113 2714 3183 διπλῆς
2765 3113 2957 3180 ἀξιοῦν
3009 3114 3461 3185 μισθαποδοσίας.
3520 3113 3648 3165 Ὀτι

2060 3208 2119 3261 δὲ
2140 3208 2249 3259 τῶν
2270 3207 2540 3276 σωμάτων
2562 3205 2716 3259 ἔσται
2737 3206 3056 3272 ἀνάστασις,
3078 3206 3223 3263 αύτά
3246 3206 3313 3258 τὰ
3334 3204 3649 3273 Εὐαγγέλια

2061 3300 2271 3371 τρανῶς
2301 3297 2736 3367 ἀπαγγέλλουσι,
2770 3298 2863 3350 καὶ
2894 3298 2920 3350 6
2948 3298 3119 3367 μέγας
3146 3298 3358 3361 Παύλος
3380 3298 3650 3351 πλατύτε-

2067 3406 2158 3459 ρον
2186 3391 2244 3442 έν
2268 3391 2385 3452 ταῖς
2409 3389 2567 3454 ἰδίαις
2610 3389 2975 3452 Ἐπιστολαῖς.

2135 3482 2428 3552 Προδήλως
2455 3480 2583 3553 περὶ
2609 3484 2709 3545 τῆς
2736 3481 2836 3533 τοῦ
2862 3478 3101 3550 Χριστοῦ
3125 3478 3405 3550 βασιλείας
3433 3497 3651 3550 προφηο

2062 3573 2236 3627 τεύων
2260 3574 2522 3643 όΔανιὴλ,
2543 3573 2786 3645 εἴρηκενο
2806 3573 2968 3627 ὃτιἮ
2982 3570 3458 3637 ἐξουσίααὺτοῦ.
3476 3573 3653 3637 ἐξου-

2064 3665 2169 3719 σία
2190 3662 2446 3729 αἰώνιος,
2474 3663 2606 3730 ἣτις
2624 3663 2695 3715 οὐ
2715 3662 3280 3730 παρελεύσεται,καί
3310 3664 3345 3731 ἡ
3360 3663 3651 3728 βασιλεία

2063 3755 2272 3821 αὑτοῦ,
2300 3757 2369 3808 οὐ
2386 3756 2875 3823 διαφθαρήσεται.
2903 3756 3053 3811 Καὶό
3071 3756 3310 3826 Γαὸριὴλ
3336 3756 3394 3809 δὲ
3423 3760 3489 3827 τῇ
3517 3759 3652 3825 ἀγῖᾳ

2067 3846 2327 3917 Παρθένῳ
2344 3848 2444 3917 τὴν
2464 3845 2558 3900 τοῦ
2583 3845 2821 3918 Χριστοῦ
2851 3846 3104 3918 γέννησιν
3128 3847 3649 3917 εὐαγγελιζόμενος,

2068 3941 2431 4011 προσέθηκεν,
2480 3942 2562 3993 ὅτι
2606 3940 2714 3994 Καὶ
2762 3940 2873 4009 τῆς
2910 3941 3244 4007 βασιλείας
3294 3941 3484 3995 αὐτοῦ
3537 3943 3650 3994 οὐκ

2064 4031 2235 4085 ἐσται
2266 4032 2460 4098 τέλος.
2493 4032 2601 4091 Καὶ
2631 4032 2690 4085 τὸ
2727 4032 2873 4103 ἱερὸν
2900 4032 2956 4085 δὲ
2982 4032 3253 4104 σύμϐολον
3280 4033 3381 4102 τῆς
3414 4034 3652 4103 ἀμωμή-

2064 4142 2159 4178 του
2210 4126 2451 4189 πίστεως
2500 4126 2684 4198 ἡμῶν,
2731 4126 2836 4180 ὑπὸ
2892 4127 3002 4180 τῶν
3055 4128 3194 4181 έπτά
3251 4126 3650 4196 οἱκουμενικῶν

2067 4218 2305 4271 συνόδων
2348 4219 2534 4289 δεχϐέν
2580 4236 2637 4271 τε
2679 4220 2773 4271 καὶ
2822 4218 3123 4290 φυλαχθὲν,
3166 4220 3333 4290 φησίν
3360 4236 3375 4250 ο
3412 4214 3495 4274 οὗ
3542 4216 3651 4284 τῆς

2059 4310 2385 4376 βασιλείας
2442 4312 2554 4364 οὐκ
2610 4310 2784 4364 ἔσται
2839 4309 3053 4378 τέλος,
3108 4310 3354 4380 δηλονότι
3411 4310 3510 4380 τῆς
3556 4307 3650 4362 τοῦ

386 4413 621 4483 Origene
655 4410 746 4481 qui
781 4408 939 4465 linem
974 4408 1290 4465 habiturum
1339 4422 1459 4462 esse
1482 4404 1683 4461 Christi
1737 4420 1956 4474 regnum

2070 4401 2329 4469 Χριστοῦ,
2374 4404 2503 4473 περὶ
2538 4398 2596 4458 οὗ
2637 4405 2665 4456 ὁ
2699 4404 2876 4473 λόγος.
2910 4404 3085 4458 Πόσον
3130 4398 3223 4457 οὖν
3261 4396 3411 4459 οὗτοι
3452 4403 3651 4465 πάντες

385 4505 658 4561 fabulatus
684 4503 806 4559 est‘l

457 4691 721 4762 Origenes
743 4688 878 4744 dixit
904 4689 1068 4742 Deum
1098 4686 1187 4755 qui
1216 4699 1247 4738 a
1276 4699 1382 4738 non
1411 4682 1647 4738 creando
1702 4679 1964 4752 processit

386 4786 452 4840 ad
478 4783 773 4839 creandum
804 4776 1147 4835 rationabilis
1179 4787 1340 4847 atque
1390 4773 1689 4839 sensibilia,
1744 4773 1966 4828 omnino

387 4883 455 4936 ah
480 4879 585 4933 alio
616 4879 682 4930 ad
714 4876 1211 4929 aliud'conversum
1253 4885 1395 4925 esse.
1447 4869 1555 4924 Nos
1611 4878 1788 4922 autem
1824 4866 1959 4921 dicio

390 4987 511 5026 unus
548 4985 672 5023 eum
712 4983 818 5020 non
842 4965 1019 5034 quoad
1054 4972 1326 5027 naturam,
1355 4964 1448 5015 sed
1481 4960 1658 5029 quoad
1688 4958 1963 5023 operatio-

2070 4495 2505 4566 ἀξιοπιστότεροί
2526 4498 2662 4549 είσιν
2703 4496 3038 4567 Ὠριγένους,
3073 4495 3228 4560 τέλος
3257 4496 3401 4567 ἔχειν
3431 4494 3529 4566 τὴν
3556 4492 3651 4547 τού

2071 4585 2307 4658 Χριστοῦ
2336 4588 2617 4658 βασιλείαν
2642 4587 3152 4660 μυθολογήσαντοςς

2143 4679 2374 4748 Ἔλεγεν
2416 4682 2729 4752 Ὠριγένης,
2764 4682 2847 4735 ὅτι
2869 4683 2898 4734 6
2925 4682 3059 4745 Θεὸς
3081 4683 3191 4737 ἀπὸ
3219 4681 3315 4735 τοῦ
3344 4680 3418 4754 μὴ
3449 4681 3653 4745 κτίζειν

2069 4771 2239 4825 ὲλθὼν
2282 4774 2362 4835 είς
2405 4774 2464 4827 τὸ
2498 4773 2707 4838 κτίζειν
2737 4774 2806 4829 τά
2838 4791 2898 4827 τε
2928 4776 3094 4846 νοερά
3146 4777 3244 4830 καὶ
3282 4776 3352 4829 τά
3395 4773 3651 4846 αἰσθητά,

2074 4866 2292 4928 πάντως
2341 4865 2554 4935 ἐτράπη
2612 4867 2705 4935 ἀφ’
2761 4866 2953 4936 ἑτέρου
3011 4869 3091 4931 είς
3144 4867 3352 4939 ἓτερον.
3408 4866 3655 4937 Δέγομεν

2071 4955 2126 5008 δὲ
2156 4957 2340 5025 ἡμεῖς,
2375 4957 2458 5008 ὅτι
2489 4956 2549 5009 οὐ
2581 4955 2725 5008 κατά
2753 4957 2852 5027 τὴν
2880 4957 3050 5025 φύσιν
3083 4959 3320 5029 ἐτράπη,
3349 4958 3483 5012 ἀλλά
3513 4957 3657 5011 κατά

388 5080 509 5118 nem
543 5076 665 5115 esse
717 5072 1065 5118 conversum,
1122 5053 1203 5107 vel
1234 5053 1432 5122 potius,
1491 5065 1559 5105 ne
1615 5050 1789 5120 quoad
1829 5048 1956 5102 banc

2070 5051 2167 5119 τὴν
2202 5050 2487 5120 ἐνέργειαν
2517 5066 2531 5080 ·
2572 5050 2774 5119 μᾶλλον
2817 5050 2906 5114 δὲ,
2939 5051 3059 5104 οὐδὲ
3092 5052 3232 5105 κατὰ
3269 5051 3496 5121 ταύτην.
3526 5048 3654 5120 Εἶχε

387 5155 630 5225 quidem,
686 5151 876 5207 habuit
900 5152 1046 5205 enim
1079 5163 1294 5219 semper
1324 5151 1644 5216 potestatem
1668 5141 1886 5196 creandi
1916 5150 1956 5194 el

2073 5141 2172 5209 μὲν
2217 5142 2326 5211 γὰρ
2357 5142 2446 5194 ἀεὶ
2478 5142 2579 5210 τὴν
2620 5141 2850 5212 δύναμιν
2879 5141 2982 5194 τοῦ
3019 5143 3228 5207 κτίζειν
3262 5144 3357 5195 καὶ
3389 5143 3655 5213 δημιουρο

388 5241 718 5306 prmlurendi
752 5256 764 5291 :
786 5246 1007 5307 operata
1026 5247 1208 5293 autem
1224 5246 1305 5291 est
1328 5236 1441 5289 huc
1466 5241 1731 5305 potestas.
1750 5230 1965 5301 quando

385 5332 490 5399 ipsi
525 5331 902 5387 conveniebat.

455 5424 725 5493 Antiquus
768 5425 985 5493 quidem
1032 5421 1315 5491 Origenes,
1371 5417 1718 5471 anathemate
1774 5424 1963 5469 autem

384 5515 632 5570 conlisus
656 5528 739 5571 est
766 5535 793 5569 a
825 5518 1013 5587 quinta
1046 5515 1272 5585 synodo.
1307 5513 1484 5578 Quare
1515 5510 1678 5564 etiam
1710 5519 1969 5576 Opportu-

387 5621 452 5657 ne
481 5607 570 5658 hic
600 5624 717 5673 qua:
738 5611 801 5662 ad
835 5625 956 5661 eum
1004 5606 1299 5676 pertinent,
1357 5610 1781 5656 commemorata
1808 5609 1956 5653 sunt.

458 5699 474 5726 ⁸
512 5696 671 5749 Juun.
711 5714 817 5761 xw,
844 5702 897 5751 6.

2069 5236 2185 5301 γεῖν
2204 5249 2217 5262 ·
2251 5233 2529 5304 ὲνηργήθη
2561 5233 2616 5285 δὲ
2648 5235 2680 5303 ή
2712 5232 2939 5304 τοιαύτη
2972 5233 3203 5304 δύναμις
3225 5275 3249 5299 ,
3271 5234 3360 5287 ὅτε
3388 5230 3457 5304 ἦν
3484 5235 3652 5303 εἰκός.

2141 5413 2382 5477 Παλαιὸς
2422 5414 2519 5484 μὲν
2554 5416 2581 5468 ό
2622 5411 2907 5483 Ὦριγένης
2932 5455 2945 5478 ,
2976 5411 3381 5482 ἀνεθεματίίσθη
3413 5412 3470 5465 δὲ
3501 5413 3653 5479 παρᾶ

2070 5505 2169 5574 τῆς
2203 5504 2461 5573 πέμπτης
2495 5504 2739 5557 συνόδου.
2787 5503 2879 5555 Διὸ
2913 5504 3008 5557 καὶ
3048 5500 3287 5569 εὐλόγως
3321 5500 3555 5561 ἐνταῦθα
3585 5500 3654 5555 τὰ

2076 5612 2142 5647 πε
2154 5595 2206 5662 p‘t
2238 5595 2407 5646 αὑτοῦ
2440 5593 2695 5646 τέθειται.

974 5704 993 5729 ²
1038 5698 1224 5750 Matth.
1262 5712 1388 5757 xxv,
1425 5696 1511 5749 .ib'.
1592 5697 1611 5725 ³
1641 5693 1809 5748 Marc.
1855 5709 1934 5756 ιι,

2130 5691 2149 5719 ⁸
2193 5690 2329 5744 Dan.
2366 5704 2462 5754 vn,
2496 5688 2577 5743 li.
2656 5689 2677 5721 ⁸
2721 5686 2854 5743 Luc.
2895 5706 2928 5757 ι,
2961 5689 3049 5745 53.
