4032 6210
401 199 533 263 1111

1636 196 2022 257 EUTHYMII
2059 197 2419 258 ZIGABENI

3526 197 3707 265 1132

396 316 522 380 fuit,
552 326 609 369 ιιι
640 330 739 385 per
768 314 1034 370 delectum
1071 315 1362 385 quemdam
1415 316 1717 370 naturalem
1777 330 1974 369 arcana

2100 319 2224 371 ιατὰ
2269 319 2362 371 τὸν
2412 317 2642 383 Λέοντος
2672 316 2839 388 τόμον
2881 315 3165 388 ἐνεργείας
3209 319 3271 372 οὐ
3298 318 3529 391 λέγομεν
3574 324 3708 376 ἐπὶ

395 408 788 477 conjunctione
844 414 1151 475 susceptam
1204 414 1452 459 naturam
1505 408 1875 472 excluderent,
1909 409 1973 460 ὒν

393 511 647 569 ctamque
676 498 907 552 Manetis
940 499 1199 567 speciem,
1234 507 1289 552 et
1339 499 1659 568 Apollinarii
1695 499 1974 554 confusio-

396 607 543 653 nem,
595 600 650 645 et
690 590 1009 660 Eutychetis
1059 591 1413 644 mutationcm
1438 591 1661 644 duarum
1702 592 1752 645 in
1814 606 1973 645 unam

306 748 313 751 Η
344 724 365 755 3
390 680 690 737 essentiam
719 680 1123 734 confirmarent.
1160 678 1378 735 Memini
1430 682 1599 743 enim,
1624 696 1745 735 cum
1800 697 1974 736 essem

294 758 349 801 ί
395 772 820 841 inCretensium
893 773 1090 835 insula,
1146 774 1313 828 falsos
1366 775 1628 843 quosdam
1690 775 1975 845 episcopos

292 866 355 929 έν]
397 864 581 920 Severi
607 866 914 932 opinionem
934 865 1285 919 defendentes
1307 866 1378 918 ita
1412 882 1620 921 mecum
1650 868 1975 938 disputasse,

370 968 454 1035 rint
484 958 745 1029 dicerent,
780 972 878 1009 nos
901 957 1023 1011 ideo
1051 958 1187 1011 duas
1220 959 1273 1011 in
1309 958 1527 1014 Christo
1563 958 1977 1030 actionesjuxta

364 1047 593 1113 .Leorris
652 1058 859 1102 tomum
911 1064 1145 1117 negare,
1206 1048 1457 1117 quoniam
1494 1049 1801 1103 voluntates
1856 1051 1981 1105 inde

388 1124 825 1207 consequuntur,
860 1156 923 1193 ex
952 1140 1148 1207 quibus
1179 1140 1395 1208 gemina
1425 1155 1652 1208 persona
1677 1139 1972 1210 colligitur.

399 1232 454 1285 Si
498 1232 679 1301 igitur,
714 1242 767 1282 ut
802 1231 1039 1284 SBVt‘l‘llS
1066 1232 1341 1300 opinatur,
1364 1247 1428 1285 ex
1460 1230 1766 1285 actionibus
1791 1232 1982 1284 volun-

400 1335 559 1390 tates,
592 1334 646 1379 et
674 1339 738 1378 ex
774 1324 1149 1378 voluntatibus
1188 1339 1432 1393 persona:
1464 1333 1719 1393 tanquam
1757 1340 1842 1378 res
1868 1325 1982 1378 suis

399 1430 462 1468 ex
488 1413 670 1469 causis
700 1416 1083 1483 provenientes
1124 1414 1477 1483 colliguntur,
1523 1424 1577 1469 et
1631 1429 1696 1468 ex
1751 1430 1979 1483 persona

400 1505 660 1559 nimirum
688 1505 963 1570 voluntas,
1000 1514 1162 1576 atque
1185 1522 1247 1560 ex
1286 1508 1592 1574 voluntate,
1620 1506 1981 1577 quemadmo-

2077 407 2350 476 Χριστοῦ,
2410 407 2498 461 διὰ
2531 408 2600 461 τὰ
2644 408 2888 466 ἑπόμενα
2928 408 3155 472 ταύταις
3222 410 3503 481 θελήματα
3530 454 3546 475 ,
3587 408 3705 477 οἷς

2077 498 2136 565 ἐξ
2174 498 2422 570 ἀνάγκης
2479 498 2790 569 προσώπων
2821 500 3204 568 συνεισάγεται
3254 501 3407 563 δυάς.
3464 504 3527 556 El
3578 504 3709 557 οὖν

2079 590 2220 642 κατὰ
2249 589 2341 643 τὸν
2377 588 2621 659 Σεϐἧρον
2656 591 2778 651 ταῖς
2810 591 3119 657 ἐνεργείαις
3143 587 3377 642 ἔπεσθαι
3407 592 3475 643 τά
3509 592 3707 661 θελῆ..

2080 696 2227 749 ματα
2257 680 2491 748 πέφυκε,
2518 682 2632 742 τοῖς
2657 679 2713 732 δὲ
2742 679 3015 750 θελήμασι
3046 682 3475 749 συνεισάγεσθαι
3499 686 3705 753 πρίσ-

2078 788 2204 824 ωπα
2223 809 2240 834 ,
2278 770 2533 840 καθάπερ
2561 770 2759 833 αἱτίοὶς
2783 771 3026 836 αἰτιατὰ,
3071 771 3168 824 καὶ
3191 775 3358 825 παντὶ
3390 775 3705 843 πρεσώπορ

2078 864 2321 933 δηλονότι
2370 863 2494 917 κατ’
2546 864 2706 916 αὑτὸν
2763 864 3009 937 θέλημα,
3071 866 3167 919 καὶ
3223 865 3400 936 τούτῳ
3454 866 3708 931 πάντως

2080 957 2329 1026 ἐνέργεια
2381 954 2878 1025 συνεισαχθήσεται
2928 955 3260 1027 πρόσφορος.
3314 957 3372 1011 '0
3411 959 3519 1027 γὰρ
3570 959 3708 1011 τῶν

2081 1050 2220 1119 πρός
2261 1067 2314 1101 τι
2345 1047 2498 1116 λόγος
2532 1047 2729 1100 ἄλυτον
2763 1047 2907 1117 ἔχων
2933 1049 3033 1118 τὴν
3065 1048 3251 1119 σχέσιν
3282 1049 3406 1118 ῐσην
3437 1052 3708 1103 ποιεῖται

2080 1142 2179 1211 τὴν
2212 1141 2320 1193 τῶν
2354 1126 2557 1209 σχετῶν
2589 1139 2903 1203 ἀκολούθως
2953 1141 3347 1210 ἀντιστροφὴν.
3382 1141 3602 1194 Οὐκοῦν
3637 1143 3710 1193 εἰ

2086 1232 2185 1302 μὲν
2236 1232 2447 1301 φυσικὰ
2494 1233 2562 1282 τὰ
2614 1229 2757 1283 κατὰ
2812 1232 3183 1303 ἀντιστροφὴν
3237 1234 3709 1303 συνεισαγόμενα

2080 1326 2194 1387 τοῖς
2236 1323 2553 1391 προσώποις
2594 1316 2704 1375 εἷεν
2758 1321 3079 1394 θελήματα,
3123 1324 3157 1393 ἠ
3204 1325 3453 1395 μακαρία
3495 1326 3712 1389 Μονὰς

2084 1417 2224 1468 κατὰ
2266 1416 2505 1485 Σευῆρον
2544 1416 2641 1467 κα)⁸
2684 1413 2901 1479 φύσεων
2940 1412 3096 1466 ἔσται
3126 1415 3300 1484 Τριάς
3329 1431 3345 1446 ·
3378 1416 3509 1469 εἰδὲ
3543 1434 3699 1484 γνω-

2087 1508 2244 1578 μικὰ,
2270 1508 2553 1561 στασιάσει
2578 1507 2797 1569 πάντως
2824 1507 2960 1575 πρὸς
2983 1507 3184 1575 ἑαυτὴν
3214 1508 3289 1577 μὴ
3306 1509 3709 1577 συμϐαίνουσα

313 1588 317 1592 ’
400 1599 527 1651 dum
565 1597 676 1667 ipse
707 1606 1148 1666 argumentatur,
1171 1600 1315 1657 actio
1345 1599 1422 1653 illi
1461 1614 1774 1669 congruens
1829 1598 1982 1651 colli-

2100 1598 2196 1658 τοῖς
2242 1596 2581 1665 θελήμασιν,
2633 1594 2707 1659 ὡς
2758 1595 3070 1665 προσώπων
3112 1596 3309 1666 Τριάς.
3348 1600 3422 1651 Ἦ
3467 1602 3708 1662 πάντως

399 1699 574 1757 gctur.
617 1690 817 1745 Eorum
844 1692 989 1745 enim
1019 1706 1139 1758 quae
1166 1692 1309 1745 inter
1334 1706 1393 1745 se
1430 1691 1669 1745 vicissim
1730 1687 1977 1743 referun-

399 1789 512 1848 tur,
559 1793 742 1835 mutua
794 1790 881 1838 est
947 1783 1253 1838 conversio.
1286 1784 1650 1849 Quamobrem
1696 1782 1739 1835 si
1786 1790 1979 1834 natura

2088 1687 2246 1756 εἴπερ
2307 1685 2366 1738 ἓν
2422 1684 2640 1755 θέλημα
2696 1686 2799 1754 τῆς
2866 1686 3197 1757 ὑπερουσίου
3248 1689 3481 1761 Τριάδος
3526 1691 3707 1755 ἐστὶ,

2095 1776 2522 1847 μονοπρόσωπος
2565 1774 2720 1828 ἔσται
2764 1775 2969 1845 Θεότης
3012 1777 3342 1849 τριώνυμος.

399 1876 616 1930 mutuus
665 1885 810 1930 esset
864 1876 1008 1930 inter
1070 1890 1329 1945 personas
1371 1877 1791 1941 voluntatesque
1856 1875 2145 1939 respectus
2216 1880 2380 1937 atque
2418 1868 2724 1933 conversio,
2767 1868 2922 1924 beata
2966 1870 3052 1924 illa
3103 1871 3413 1927 Divinitatis
3474 1876 3700 1938 unitas,

398 1980 459 2023 ut
510 1970 749 2024 Severus
805 1970 983 2033 docet,
1020 1979 1130 2021 tres
1192 1968 1318 2022 item
1373 1967 1679 2023 voluntates
1742 1967 1987 2022 haberet.
2029 1964 2123 2019 Sin
2160 1972 2339 2017 autem
2368 1962 2635 2018 sententia
2697 1972 2993 2027 constaret,
3059 1979 3245 2019 secum
3301 1964 3412 2034 ipsa
3465 1967 3703 2022 dissen-

402 2064 549 2122 tiret.
617 2060 995 2116 voluntatibus
1058 2075 1163 2114 non
1232 2062 1592 2128 conveniens,
1660 2071 1719 2115 ut
1774 2060 2015 2115 Trinitas
2058 2070 2440 2128 personarum.
2481 2055 2590 2110 Aut
2650 2056 2898 2121 omnino,
2963 2055 3237 2124 siquidem
3298 2074 3403 2113 una
3431 2058 3702 2122 Tsumnz

398 2153 683 2209 Trinitatis
705 2153 954 2208 voluntas
984 2161 1089 2209 est.
1123 2152 1389 2209 Divinitas
1413 2170 1577 2209 unam
1610 2164 1821 2210 tantum
1884 2154 2049 2210 habet
2073 2165 2382 2222 personam,
2414 2158 2469 2205 et
2511 2148 2712 2219 triplici
2744 2150 2961 2206 nomine
2986 2151 3311 2219 appellatur.

880 2244 965 2300 Ea:
1013 2246 1194 2301 eadem
1239 2248 1497 2302 oratione.

472 2339 552 2393 Tu
579 2339 671 2408 qui
714 2352 879 2401 unam
910 2337 1115 2394 Christi
1141 2337 1475 2394 voluntatem
1508 2337 1729 2403 asseris,
1763 2337 1846 2391 vir
1892 2350 1992 2406 0p-

404 2433 558 2501 time,
590 2431 885 2505 quomodo,
909 2438 963 2484 et
997 2430 1213 2500 qualem
1263 2444 1385 2484 eam
1439 2428 1578 2485 dicis
1628 2428 1783 2483 esse?
1836 2426 1893 2482 Si
1937 2436 1996 2481 ut

402 2524 607 2581 Christi
667 2522 1003 2587 naturalem,
1036 2536 1158 2576 eum
1194 2538 1221 2574 ιι
1251 2521 1415 2577 Patre
1447 2532 1550 2577 eta
1579 2520 1752 2576 Matre
1798 2530 1991 2575 natura

402 2617 665 2686 sejungis,
697 2615 898 2685 quippe
930 2614 1021 2684 qui
1052 2613 1233 2668 neutri
1263 2612 1506 2684 ipsorum
1543 2626 1641 2681 per
1694 2610 1994 2666 essentiam

2535 2241 2637 2296 Ἐκ
2666 2241 2776 2296 τοῦ
2811 2242 3005 2297 αὐτοῦ
3039 2245 3253 2312 λόγου.

2173 2335 2269 2387 Ἐν
2301 2333 2356 2386 δὲ
2391 2334 2636 2404 Χριστοῦ
2668 2333 2887 2404 Θέλημα
2912 2334 3111 2404 λέγων,
3138 2328 3184 2390 ὦ
3224 2335 3498 2407 βέλτιστε,
3530 2338 3690 2407 πῶς,

2097 2426 2193 2480 καὶ
2230 2428 2384 2478 ποῖον
2418 2425 2580 2478 τοῦτο
2622 2424 2761 2496 φῄςς
2788 2426 2848 2478 Ei
2883 2428 2984 2495 μὲν
3018 2428 3097 2490 ώς
3148 2428 3390 2498 Χριστοῦ
3421 2432 3693 2498 φυσικὸν,

2097 2522 2310 2594 [ἰατρὸς
2339 2520 2501 2591 φύσει
2551 2524 2647 2575 καὶ
2698 2524 2907 2594 μητρὸς
2928 2524 3095 2578 αὑτὸν
3124 2524 3521 2596 ἠλλοτριωσας,
3566 2528 3693 2581 οὐδ’

2097 2614 2278 2685 ἑτέρῳ
2312 2614 2436 2667 κατ’
2465 2612 2657 2667 οὐσίαν
2694 2614 3011 2684 ἑνούμενονο
3041 2616 3154 2669 οὐδ’
3203 2617 3394 2688 ἕτερον
3418 2620 3531 2689 γὰρ
3576 2622 3692 2672 αὑ-

402 2710 728 2779 conjunctus
760 2709 852 2762 sit.
881 2706 1083 2762 Neuter
1111 2705 1257 2760 enim
1329 2704 1571 2774 ipsorum
1606 2713 1799 2757 natura
1832 2703 1992 2757 Chri-

2100 2707 2208 2758 τοῖν
2241 2702 2408 2773 φύσει
2437 2703 2675 2773 Χριστός
2702 2723 2713 2735 ·
2743 2706 2839 2758 καὶ
2873 2706 2991 2768 πῶς
3020 2707 3264 2780 ἐκφεύξῃ
3312 2708 3474 2763 τοῦτο
3503 2710 3692 2779 λέγων

403 2815 539 2859 stus.
566 2804 619 2858 ld
651 2813 831 2857 autem
861 2802 906 2856 si
956 2801 1187 2867 dixeris,
1222 2814 1406 2854 nonne
1436 2798 1741 2869 periculum
1775 2795 1898 2859 erit,
1931 2809 1992 2849 ne

2100 2798 2197 2868 τῆς
2224 2797 2532 2861 πολυθεῖας
2560 2797 2653 2850 τὸν
2698 2798 2987 2864 κίνδυνονς
3040 2801 3092 2853 εἰ
3133 2801 3191 2855 δὲ
3231 2803 3539 2872 γνωμικὸν,
3577 2806 3691 2873 μό-

401 2897 587 2967 plures
617 2895 750 2949 deos
796 2892 1143 2948 constituas?
1180 2892 1335 2958 Quod
1380 2891 1426 2945 si
1485 2890 1758 2944 sententia
1819 2886 1992 2943 solius

2100 2908 2195 2961 νης
2228 2889 2383 2943 ἔσται
2412 2892 2511 2961 τῆς
2556 2886 2723 2942 αὑτοῦ
2753 2892 3261 2963 χαρακτηριστικὸν
3302 2894 3687 2958 ὑποστάσεως.

407 2990 515 3044 erit
548 2986 807 3041 indicium
843 3000 1090 3053 personae
1125 3001 1141 3038 :
1172 2983 1471 3037 voluntatis
1516 2984 1661 3035 enim
1723 2978 1992 3035 sententia

2103 2981 2411 3050 Προσώπου
2452 2982 2561 3052 γὰρ
2594 2982 2952 3050 άφοριστικὸν
3002 2984 3243 3055 ὑπάρχει
3279 2986 3343 3039 τὸ
3370 2987 3685 3056 γνωμικὸν,

410 3095 639 3153 persona
672 3077 1003 3133 describitur
1023 3085 1077 3130 et
1107 3075 1367 3129 delinitur
1392 3091 1406 3127 :
1434 3073 1841 3129 demonstrahis
1869 3088 1990 3125 eum

409 3191 443 3227 τι
474 3173 634 3228 Patre
666 3179 721 3225 et
749 3168 953 3239 Spiritu
976 3167 1254 3222 voluntate
1291 3166 1559 3221 dissidere
1580 3175 1635 3219 ct
1658 3165 1992 3233 discrepare.

414 3267 513 3322 Sin
551 3265 721 3320 solius
751 3262 1056 3317 divinitatis
1093 3260 1285 3331 ipsius,
1320 3258 1558 3330 patibilis
1589 3256 1993 3320 eritdivinitas,

411 3368 465 3412 et
500 3365 700 3426 prmter
725 3363 977 3410 naturam
1008 3363 1198 3421 potum
1230 3358 1285 3404 et
1311 3351 1491 3404 cibum
1549 3357 1792 3419 appetet.
1819 3347 1889 3401 At
1949 3346 1995 3400 si

417 3445 775 3504 humanitatis
795 3445 912 3511 eius
938 3443 1257 3512 solius,[non
1281 3442 1387 3497 erit
1408 3439 1594 3495 elﬁcax
1620 3447 1840 3504 natura,
1874 3451 1995 3492 eum

414 3538 488 3591 sit
515 3538 747 3588 lnnnana
777 3548 791 3596 ;
834 3540 892 3585 et
919 3539 1160 3585 monstra
1186 3528 1344 3599 plane
1368 3525 1698 3581 videbuntur
1730 3538 1852 3578 esse
1882 3523 1998 3576 mi—

418 3625 624 3682 racula.
652 3621 807 3688 Quod
839 3619 883 3675 si
916 3628 1123 3673 naturae
1158 3616 1445 3685 utriusque
1472 3627 1817 3669 communem
1847 3608 1999 3665 dixe-

414 3717 521 3783 ris,
541 3711 815 3785 quomodo
844 3710 1097 3763 voluntas
1119 3721 1308 3762 eorum
1338 3714 1526 3759 natura
1557 3700 1865 3759 communis
1893 3698 2000 3755 erit

415 3821 645 3876 quorum
672 3813 760 3858 est
784 3811 979 3855 natura
1011 3796 1265 3854 diversa?
1292 3795 1386 3850 Sin
1415 3803 1475 3849 ut
1508 3794 1673 3849 totius
1724 3804 2000 3862 composv-

417 3907 618 3964 tnm,nt
649 3895 947 3950 novitatem
976 3902 1031 3947 et
1052 3889 1450 3946 absurditatem
1469 3885 1667 3941 fabulre
1688 3885 2001 3940 omittamus

417 3990 556 4055 (qua:
572 3987 715 4041 enim
734 3994 911 4056 potest
930 3998 1049 4038 esse
1085 3980 1408 4048 compositio
1440 3976 1789 4047 voluntatis?)
1815 3988 2002 4028 rursus

418 4081 592 4151 ipsum
609 4094 639 4134 a
654 4078 814 4133 Patre
833 4078 1069 4132 alienum
1088 4074 1527 4136 constituis,cum
1551 4070 1828 4125 voluntate
1849 4082 2001 4124 com-

417 4175 594 4244 posita
639 4172 813 4228 solam
852 4184 1144 4244 personam
1172 4167 1529 4238 compositam
1557 4165 1853 4232 exprimas.
1883 4162 1998 4229 Qua

419 4266 642 4337 quidem
673 4265 886 4319 ratione
909 4262 1091 4317 omnis
1126 4260 1412 4330 plantatio,
1445 4273 1604 4330 quam
1629 4273 1735 4312 non
1784 4257 1998 4326 planta-

2105 3076 2202 3127 καὶ
2260 3074 2609 3144 δειχθήσεται
2651 3074 2843 3143 σαφῶς
2889 3075 3244 3146 ἑτερόσουλος
3275 3077 3454 3147 Πατρι
3487 3095 3545 3130 τε
3588 3082 3690 3131 καὶ

2106 3164 2387 3234 Πνεύματι
2414 3165 2556 3217 κατὰ
2592 3165 2673 3226 οὲ,
2700 3167 2795 3218 καὶ
2831 3165 3166 3237 μαχόμενος.
3196 3166 3260 3221 Et
3289 3166 3348 3221 δὲ
3382 3168 3485 3236 τῆς
3511 3168 3684 3222 αὑτοῦ

2106 3254 2275 3324 μόνης
2303 3254 2584 3324 θεότητος,
2616 3257 2874 3327 ἐμπαθὴς
2918 3258 3077 3311 ἔσται
3110 3258 3305 3329 θεότης
3336 3263 3493 3328 παρὰ
3524 3265 3688 3326 φύσιν

2105 3345 2365 3416 βρώσεως
2396 3348 2492 3400 καὶ
2539 3348 2757 3412 πόσεως
2813 3350 3106 3420 ὲφιεμένη.
3170 3349 3234 3405 El
3285 3350 3342 3404 δὲ
3385 3353 3488 3421 τῆς
3518 3353 3689 3406 αὑτοῦ

2107 3438 2278 3508 μόνης
2309 3437 2756 3510 ἀνθρωπότητος,
2788 3441 2889 3493 οὐκ
2930 3441 3083 3494 ἔσται
3118 3442 3281 3511 φύσει
3328 3442 3689 3514 δραστήριον.

2106 3530 2231 3593 Πῶς
2258 3530 2392 3601 γὰρ,
2445 3531 2605 3602 εἴπερ
2649 3530 2997 3602 ἀνθρώπινον
3023 3549 3038 3599 ;
3066 3535 3183 3588 Καὶ
3232 3535 3551 3606 τερατώδης
3580 3536 3692 3589 δει-

2105 3623 2373 3694 χθήσεται
2415 3625 2607 3693 σαφῶς
2646 3627 2678 3692 ὴ
2730 3626 2840 3679 τῶν
2875 3626 3178 3695 θαυμάτων
3205 3627 3491 3693 ἐπίδειξις.
3526 3630 3590 3681 Εἰ
3629 3630 3691 3683 δὲ

2106 3714 2439 3786 ἀμφοτέρων
2482 3716 2643 3785 φύσει
2670 3717 2871 3785 κοινὸν,
2905 3719 3023 3780 πῶς
3073 3716 3228 3770 ἔσται
3279 3718 3498 3790 θέλημα
3524 3721 3691 3789 φύσει

2106 3806 2305 3872 κοινὸν,
2336 3799 2411 3861 ὧν
2442 3809 2473 3877 ἡ
2504 3808 2665 3876 φύσις
2695 3809 2956 3880 διάφορος
2984 3827 2999 3876 ;
3031 3810 3093 3861 El
3143 3809 3202 3862 δὲ
3226 3809 3303 3872 ὡς
3335 3810 3462 3863 ὅλου
3495 3812 3688 3864 σύνθε-

2105 3918 2223 3968 τον,
2285 3900 2423 3970 πρὸς
2462 3900 2540 3968 τῷ
2604 3902 2779 3971 καινῷ
2825 3902 2983 3972 μύθῳ
3018 3903 3109 3956 καὶ
3140 3902 3420 3975 πλάσματ(
3457 3904 3543 3967 τίς
3579 3905 3694 3975 γὰρ

2107 3986 2411 4057 θελήματος
2442 3988 2719 4059 σύνθεσις)
2754 4008 2767 4056 ;
2801 3991 2967 4045 πάλιν
2998 3991 3162 4045 αὑτὸν
3190 3992 3286 4045 τοῦ
3332 3993 3552 4065 Πατρὸς
3587 3996 3694 4065 ήλ-

2107 4078 2427 4150 λοτρίωσας,
2461 4082 2705 4152 συνθέτῳ
2746 4083 3018 4154 θελήματι
3049 4086 3220 4155 μόνην
3265 4088 3693 4156 χαρακτηρίσας

2109 4172 2408 4225 ὑπόστασιν
2434 4172 2711 4226 σύνθετον.
2741 4174 2898 4228 Οὕτω
2938 4176 3036 4244 μὲν
3068 4172 3167 4229 οὖν
3216 4179 3400 4232 πᾶσαν
3453 4179 3696 4247 φυτείαν

2110 4265 2318 4331 ὲκριζοῑ
2348 4266 2633 4336 προελθὼν
2665 4270 2691 4320 ὁ
2734 4268 2914 4337 λόγος,
2950 4271 3016 4341 ἢν
3038 4272 3071 4324 ὁ
3090 4272 3278 4340 Πατὴρ
3301 4273 3401 4325 οὐκ
3449 4274 3693 4342 ἐφύτευ-

421 4361 495 4413 vit
542 4358 704 4411 Pater
731 4355 1063 4411 eradicatur.
1117 4353 1264 4408 Nova
1302 4353 1447 4407 enim
1501 4350 1627 4421 tingi
1666 4366 1770 4405 non
1824 4357 1992 4419 potest

2112 4376 2228 4423 σεν,
2264 4361 2385 4412 ἐπεὶ
2415 4360 2492 4426 μὴ
2516 4361 2733 4426 πέφυκε
2780 4361 2840 4413 τὸ
2873 4362 3026 4426 ξένον
3069 4364 3477 4433 περιποιεῖσθαι
3506 4364 3699 4435 γεώρο

423 4450 781 4521 agricultura,
820 4448 912 4503 sed
943 4446 1252 4501 naturalem
1289 4445 1343 4498 in
1372 4444 1594 4500 Christo
1645 4442 2001 4496 humanitatis

418 4542 755 4597 voluntatem
786 4540 1019 4594 Severus
1049 4535 1291 4602 sustulit,
1325 4544 1383 4588 ut
1413 4534 1642 4597 videtur,
1673 4547 1794 4587 cum
1826 4534 2003 4585 onmis

420 4647 629 4691 natura:
652 4632 957 4705 praesertim
979 4630 1191 4687 ratione
1212 4628 1450 4699 praeditze
1468 4628 1701 4680 maxime
1718 4626 1998 4696 proprium

421 4737 475 4783 et
507 4729 741 4798 primum
775 4740 897 4782 esse
931 4724 1209 4794 ignoraret
1238 4721 1525 4791 appetendi
1592 4729 1820 4773 motum.
1848 4718 2000 4784 Quod

420 4823 614 4878 Patres
647 4818 1147 4874 animadvertentes
1174 4813 1482 4867 voluntates
1520 4812 1570 4864 in
1627 4810 1850 4865 Christo
1904 4825 2002 4863 na-

421 4925 571 4978 tura,
592 4926 702 4967 non
734 4918 912 4964 autem
944 4907 1215 4963 sententia
1257 4903 1567 4959 diﬂ'erentes
1590 4900 1824 4956 confessi
1848 4912 1995 4956 sunt.

421 5005 708 5074 Nunquam
736 5002 881 5057 enim
910 5001 964 5054 in
990 4999 1212 5054 Christo
1238 4996 1546 5051 voluntates
1581 4995 1847 5049 sententia
1900 4994 2003 5048 dil-

420 5099 658 5153 ferentes
721 5094 1000 5157 dixerunt,
1055 5104 1126 5145 ne
1173 5090 1348 5161 ipsum
1399 5088 1611 5144 diversa
1661 5089 1889 5155 sentire,
1948 5098 2003 5142 et

326 5192 345 5234 'r’
421 5189 579 5253 velle,
609 5197 666 5243 et
697 5188 976 5241 rationum
999 5183 1268 5239 seditione
1300 5196 1486 5237 secum
1548 5197 1810 5253 pugnare,
1838 5194 2001 5252 atque

358 5270 363 5275 ”
423 5283 493 5335 ita
527 5280 792 5350 duplicem
826 5279 1029 5332 habere
1053 5289 1345 5346 personant
1379 5274 1766 5342 prmdicarent.
1801 5274 2002 5329 Intelli-

421 5371 771 5441 gebantenim
801 5372 903 5426 hac
936 5369 1047 5426 sola
1079 5369 1413 5424 voluntatum
1435 5369 1703 5424 sententia
1738 5368 2003 5424 dissiden-

427 5463 558 5516 tium
600 5461 933 5525 dilIercntia,
986 5471 1097 5513 tum
1136 5469 1360 5529 peccato
1385 5460 1439 5512 in
1463 5460 1601 5513 hanc
1654 5458 1819 5513 vitam
1888 5462 2004 5513 adi-

423 5559 534 5601 tum
560 5564 681 5605 esse
708 5549 1061 5618 patefactum,
1101 5558 1211 5603 tum
1240 5547 1556 5605 inimicitias
1598 5548 1755 5604 nobis
1782 5560 2000 5605 exortas

425 5654 547 5696 esse
576 5655 698 5696 cum
729 5643 856 5700 Deo.
893 5642 1049 5697 Nulla
1084 5645 1229 5697 enim
1255 5644 1364 5697 alia
1394 5642 1447 5696 in
1485 5658 1542 5699 re
1596 5643 1796 5699 malum
1872 5658 2003 5700 con-

2110 4471 2252 4521 γιον.
2301 4451 2443 4505 Ἀλλ’
2466 4452 2540 4517 ὠς
2568 4455 2738 4519 ἔοικε,
2775 4453 2836 4507 τὸ
2872 4455 3107 4524 φυσικὸν
3147 4454 3362 4527 θέλημα
3402 4460 3502 4527 τῆς
3545 4457 3695 4510 κατὰ

2109 4544 2345 4613 Χριστὸν
2372 4545 2801 4614 ἁνθρωπότητος
2831 4547 3075 4616 Σευῆρος
3103 4548 3335 4608 ἀνεῖλεν.
3364 4548 3466 4601 οὐκ
3507 4547 3693 4611 εἰδὼς,

2108 4636 2192 4688 ὅτι
2229 4635 2567 4707 κυριώτερόν
2606 4652 2665 4689 τε
2706 4637 2801 4689 καὶ
2846 4638 3064 4708 πρῶτον
3105 4638 3307 4710 ἰδίωμα
3343 4640 3527 4708 πάσης
3586 4642 3696 4707 μά·

2108 4729 2271 4782 λιστα
2302 4727 2519 4799 φύσεως
2572 4727 2803 4797 λογικῆς
2863 4732 2895 4800 ἡ
2965 4729 3087 4784 κατ’
3121 4732 3312 4799 ἔφεσιν
3350 4731 3527 4801 αὐτῆς
3558 4732 3697 4785 καθ-

2111 4820 2310 4891 έστηκε
2341 4822 2578 4894 κίνησις,
2604 4823 2671 4892 ἡν
2702 4825 2750 4876 οἰ
2781 4823 3030 4894 Πατέρες
3084 4826 3489 4894 σκοπήσαντες,
3528 4841 3699 4894 φυσιε-

2110 4910 2247 4974 κῶν,
2297 4911 2414 4964 ἀλλ’
2464 4912 2526 4964 οὐ
2580 4914 2881 4982 γνωμικὼν
2908 4915 3001 4967 ἐπὶ
3053 4912 3294 4984 Χριστοῦ
3362 4912 3696 4982 θελημάτων

2108 5002 2374 5072 διαφορὰν
2407 5003 2677 5072 λαμπρῶς
2699 5004 3085 5073 ὡμολόγησαν.
3113 5005 3190 5059 Οὐ
3230 5005 3338 5075 γὰρ
3386 5006 3455 5058 ἂν
3503 5005 3698 5073 ἔλεγόν

2111 5111 2243 5148 ποτε
2277 5095 2574 5166 γνωμικῶν
2605 5096 2700 5148 ἐπὶ
2735 5098 2981 5167 Χριστοῦ
3031 5098 3360 5167 θελημάτων
3398 5096 3693 5167 διαφορὰν,

2112 5186 2198 5238 ἵνα
2228 5183 2307 5256 μὴ
2329 5184 2627 5253 δίγνωμον,
2660 5186 2756 5239 καὶ
2782 5186 3049 5250 δίϐουλον,
3078 5190 3173 5240 καὶ
3200 5181 3312 5240 οἷον
3363 5188 3548 5241 εἰπεῖν
3593 5206 3698 5259 μασ-

2113 5280 2347 5349 χόμενον
2386 5277 2568 5346 ἑαυτῷ
2601 5281 2668 5351 τῇ
2723 5279 2913 5333 στάσει
2964 5278 3074 5332 τῶν
3103 5278 3409 5348 λογισμῶν,
3460 5279 3561 5335 καὶ
3606 5279 3699 5333 διὰ

2114 5372 2279 5424 τοῦτο
2333 5370 2686 5439 διπρόσωπον
2734 5371 2898 5426 αὐτὸν
2936 5372 3286 5442 κηρύττωσιν
3335 5372 3388 5425 οῐ
3444 5388 3511 5440 γε
3551 5372 3700 5427 κατὰ

2115 5463 2287 5533 μόνην
2313 5465 2517 5534 ταύτην
2545 5464 2909 5534 γινώσκοντες
2962 5464 3063 5534 τὴν
3110 5466 3219 5519 τῶν
3259 5465 3561 5536 γνωμικῶν
3610 5467 3701 5520 θεο

2115 5540 2380 5625 λημάτων
2440 5556 2710 5628 διαφορὰν
2760 5558 2820 5609 ἐν
2857 5556 2936 5628 τῷ
2981 5556 3081 5629 βξῳ
3132 5558 3465 5629 γεγενῆσθαι
3493 5558 3596 5627 τήν
3638 5574 3700 5610 τε

2110 5648 2209 5718 τῆς
2256 5647 2533 5720 ἁμαρτίας
2566 5649 2795 5720 εἴσοδον,
2835 5650 2933 5706 καὶ
2963 5650 3062 5720 τὴν
3098 5652 3227 5720 πρὸς
3268 5651 3361 5705 τὸν
3395 5649 3532 5704 Θεὸν
3560 5650 3700 5721 ἡμε-
